  <div class='ocr_page' id='page_1' title='image "/cluster/home/n/w/nwhite01/storage/ocr_20150623/145/hvd.32044054086921/545.png"; bbox 0 0 4000 6220; ppageno 0'>
   <div class='ocr_carea' id='block_1_1' title="bbox 573 284 710 344">
    <p class='ocr_par' dir='ltr' id='par_1_1' title="bbox 573 284 710 344">
     <span class='ocr_line' id='line_1_1' title="bbox 573 284 710 344; baseline 0.015 -3"><span class='ocrx_word' id='word_1_1' title='bbox 573 284 710 344; x_wconf 75' lang='grc'><strong>1079</strong></span> 
     </span>
    </p>
   </div>
   <div class='ocr_carea' id='block_1_2' title="bbox 1913 277 2654 338">
    <p class='ocr_par' dir='ltr' id='par_1_2' title="bbox 1913 277 2654 338">
     <span class='ocr_line' id='line_1_2' title="bbox 1913 277 2654 338; baseline -0.003 -2"><span class='ocrx_word' id='word_1_2' title='bbox 1913 278 2300 338; x_wconf 81' lang='lat' dir='ltr'><strong>NICEPHORI</strong></span> <span class='ocrx_word' id='word_1_3' title='bbox 2339 277 2654 337; x_wconf 84' lang='lat' dir='ltr'><strong>CALLISTI</strong></span> 
     </span>
    </p>
   </div>
   <div class='ocr_carea' id='block_1_3' title="bbox 3749 277 3860 338">
    <p class='ocr_par' dir='ltr' id='par_1_3' title="bbox 3749 277 3860 338">
     <span class='ocr_line' id='line_1_3' title="bbox 3749 277 3860 338; baseline 0.036 -4"><span class='ocrx_word' id='word_1_4' title='bbox 3749 277 3860 338; x_wconf 81' lang='grc'>1080</span> 
     </span>
    </p>
   </div>
   <div class='ocr_carea' id='block_1_4' title="bbox 557 399 2208 482">
    <p class='ocr_par' dir='ltr' id='par_1_4' title="bbox 557 407 2208 482">
     <span class='ocr_line' id='line_1_4' title="bbox 557 407 2208 482; baseline -0.002 -15"><span class='ocrx_word' id='word_1_5' title='bbox 557 409 772 468; x_wconf 87' lang='lat' dir='ltr'><strong>~vanda</strong></span> <span class='ocrx_word' id='word_1_6' title='bbox 787 425 917 468; x_wconf 88' lang='lat' dir='ltr'><strong>esse</strong></span> <span class='ocrx_word' id='word_1_7' title='bbox 929 409 946 480; x_wconf 87' lang='lat' dir='ltr'><strong>i</strong></span> <span class='ocrx_word' id='word_1_8' title='bbox 958 409 1258 475; x_wconf 83' lang='lat' dir='ltr'><strong>udicabat,</strong></span> <span class='ocrx_word' id='word_1_9' title='bbox 1271 425 1408 482; x_wconf 69' lang='lat' dir='ltr'><strong>quae</strong></span> <span class='ocrx_word' id='word_1_10' title='bbox 1425 409 1809 482; x_wconf 81' lang='lat' dir='ltr'><strong>prohiberent</strong></span> <span class='ocrx_word' id='word_1_11' title='bbox 1821 407 1975 464; x_wconf 83' lang='lat' dir='ltr'><strong>duas</strong></span> <span class='ocrx_word' id='word_1_12' title='bbox 1995 407 2208 464; x_wconf 83' lang='lat' dir='ltr'><strong>habere</strong></span> 
     </span>
    </p>
   </div>
   <div class='ocr_carea' id='block_1_5' title="bbox 2319 399 3858 482">
    <p class='ocr_par' dir='ltr' id='par_1_5' title="bbox 2328 399 3858 478">
     <span class='ocr_line' id='line_1_5' title="bbox 2328 399 3858 478; baseline -0.002 -18"><span class='ocrx_word' id='word_1_13' title='bbox 2328 426 2438 464; x_wconf 88' lang='grc' dir='ltr'><strong>ται.</strong></span> <span class='ocrx_word' id='word_1_14' title='bbox 2487 410 2590 460; x_wconf 78' lang='grc' dir='ltr'><strong>Καί</strong></span> <span class='ocrx_word' id='word_1_15' title='bbox 2634 404 2686 476; x_wconf 73' lang='grc' dir='ltr'><strong>γ’</strong></span> <span class='ocrx_word' id='word_1_16' title='bbox 2739 401 2984 476; x_wconf 73' lang='grc' dir='ltr'><strong>ὶφύλαττε</strong></span> <span class='ocrx_word' id='word_1_17' title='bbox 3037 399 3388 475; x_wconf 69' lang='grc' dir='ltr'><strong>διαφερόντως</strong></span> <span class='ocrx_word' id='word_1_18' title='bbox 3441 401 3586 470; x_wconf 72' lang='grc' dir='ltr'><strong>αὐτὰ,</strong></span> <span class='ocrx_word' id='word_1_19' title='bbox 3637 405 3682 456; x_wconf 76' lang='grc' dir='ltr'><strong>ἰν</strong></span> <span class='ocrx_word' id='word_1_20' title='bbox 3727 405 3858 478; x_wconf 71' lang='grc' dir='ltr'><strong>ψύχει</strong></span> 
     </span>
    </p>
   </div>
   <div class='ocr_carea' id='block_1_6' title="bbox 565 497 2218 570">
    <p class='ocr_par' dir='ltr' id='par_1_6' title="bbox 565 497 2218 570">
     <span class='ocr_line' id='line_1_6' title="bbox 565 497 2218 570; baseline -0.002 -15"><span class='ocrx_word' id='word_1_21' title='bbox 565 500 820 570; x_wconf 87' lang='lat' dir='ltr'><strong>tunicas,</strong></span> <span class='ocrx_word' id='word_1_22' title='bbox 853 505 953 556; x_wconf 89' lang='lat' dir='ltr'><strong>aut</strong></span> <span class='ocrx_word' id='word_1_23' title='bbox 983 499 1402 557; x_wconf 81' lang='lat' dir='ltr'><strong>calceamentis</strong></span> <span class='ocrx_word' id='word_1_24' title='bbox 1435 500 1537 565; x_wconf 86' lang='lat' dir='ltr'><strong>uti,</strong></span> <span class='ocrx_word' id='word_1_25' title='bbox 1566 503 1671 554; x_wconf 90' lang='lat' dir='ltr'><strong>aut</strong></span> <span class='ocrx_word' id='word_1_26' title='bbox 1692 499 1961 554; x_wconf 90' lang='lat' dir='ltr'><strong>animum</strong></span> <span class='ocrx_word' id='word_1_27' title='bbox 1995 497 2218 552; x_wconf 81' lang='lat' dir='ltr'><strong>futura-</strong></span> 
     </span>
    </p>
   </div>
   <div class='ocr_carea' id='block_1_7' title="bbox 563 588 2218 646">
    <p class='ocr_par' dir='ltr' id='par_1_7' title="bbox 563 588 2218 646">
     <span class='ocr_line' id='line_1_7' title="bbox 563 588 2218 646; baseline -0.002 0"><span class='ocrx_word' id='word_1_28' title='bbox 563 605 700 646; x_wconf 86' lang='lat' dir='ltr'><strong>rum</strong></span> <span class='ocrx_word' id='word_1_29' title='bbox 735 605 934 646; x_wconf 90' lang='lat' dir='ltr'><strong>rerum</strong></span> <span class='ocrx_word' id='word_1_30' title='bbox 983 605 1130 645; x_wconf 89' lang='lat' dir='ltr'><strong>cura</strong></span> <span class='ocrx_word' id='word_1_31' title='bbox 1159 593 1217 646; x_wconf 90' lang='lat' dir='ltr'><strong>et</strong></span> <span class='ocrx_word' id='word_1_32' title='bbox 1260 588 1658 645; x_wconf 85' lang='lat' dir='ltr'><strong>sollicitudine</strong></span> <span class='ocrx_word' id='word_1_33' title='bbox 1707 601 2012 642; x_wconf 79' lang='lat' dir='ltr'><strong>macerare</strong></span> <span class='ocrx_word' id='word_1_34' title='bbox 2059 593 2218 642; x_wconf 88' lang='lat' dir='ltr'><strong>veta-</strong></span> 
     </span>
    </p>
   </div>
   <div class='ocr_carea' id='block_1_8' title="bbox 565 677 2216 752">
    <p class='ocr_par' dir='ltr' id='par_1_8' title="bbox 565 677 2216 752">
     <span class='ocr_line' id='line_1_8' title="bbox 565 677 2216 752; baseline -0.002 -16"><span class='ocrx_word' id='word_1_35' title='bbox 565 684 719 736; x_wconf 85' lang='lat' dir='ltr'><strong>rent.</strong></span> <span class='ocrx_word' id='word_1_36' title='bbox 751 681 952 752; x_wconf 88' lang='lat' dir='ltr'><strong>anue</strong></span> <span class='ocrx_word' id='word_1_37' title='bbox 1004 679 1136 750; x_wconf 88' lang='lat' dir='ltr'><strong>ipsa</strong></span> <span class='ocrx_word' id='word_1_38' title='bbox 1170 678 1429 734; x_wconf 80' lang='lat' dir='ltr'><strong>servavit</strong></span> <span class='ocrx_word' id='word_1_39' title='bbox 1462 683 1758 742; x_wconf 85' lang='lat' dir='ltr'><strong>accurate,</strong></span> <span class='ocrx_word' id='word_1_40' title='bbox 1799 677 1860 732; x_wconf 89' lang='lat' dir='ltr'><strong>in</strong></span> <span class='ocrx_word' id='word_1_41' title='bbox 1891 677 2106 748; x_wconf 80' lang='lat' dir='ltr'><strong>frigore</strong></span> <span class='ocrx_word' id='word_1_42' title='bbox 2161 679 2216 732; x_wconf 88' lang='lat' dir='ltr'><strong>et</strong></span> 
     </span>
    </p>
   </div>
   <div class='ocr_carea' id='block_1_9' title="bbox 563 767 2210 840">
    <p class='ocr_par' dir='ltr' id='par_1_9' title="bbox 563 767 2210 840">
     <span class='ocr_line' id='line_1_9' title="bbox 563 767 2210 840; baseline -0.003 -16"><span class='ocrx_word' id='word_1_43' title='bbox 563 767 858 834; x_wconf 81' lang='lat' dir='ltr'><strong>nuditate,</strong></span> <span class='ocrx_word' id='word_1_44' title='bbox 895 769 1076 824; x_wconf 86' lang='lat' dir='ltr'><strong>etiam</strong></span> <span class='ocrx_word' id='word_1_45' title='bbox 1127 773 1338 840; x_wconf 60' lang='lat' dir='ltr'><strong>praeter</strong></span> <span class='ocrx_word' id='word_1_46' title='bbox 1392 773 1651 832; x_wconf 56' lang='lat' dir='ltr'><strong>atatem,</strong></span> <span class='ocrx_word' id='word_1_47' title='bbox 1707 767 1892 822; x_wconf 89' lang='lat' dir='ltr'><strong>vitam</strong></span> <span class='ocrx_word' id='word_1_48' title='bbox 1949 767 2210 836; x_wconf 80' lang='lat' dir='ltr'><strong>exigens.</strong></span> 
     </span>
    </p>
   </div>
   <div class='ocr_carea' id='block_1_10' title="bbox 563 855 2216 930">
    <p class='ocr_par' dir='ltr' id='par_1_10' title="bbox 563 855 2216 930">
     <span class='ocr_line' id='line_1_10' title="bbox 563 855 2216 930; baseline -0.001 -18"><span class='ocrx_word' id='word_1_49' title='bbox 563 855 682 912; x_wconf 87' lang='lat' dir='ltr'><strong>Illis</strong></span> <span class='ocrx_word' id='word_1_50' title='bbox 718 873 961 930; x_wconf 88' lang='lat' dir='ltr'><strong>quoque</strong></span> <span class='ocrx_word' id='word_1_51' title='bbox 1001 857 1182 913; x_wconf 86' lang='lat' dir='ltr'><strong>rebus</strong></span> <span class='ocrx_word' id='word_1_52' title='bbox 1237 857 1422 912; x_wconf 89' lang='lat' dir='ltr'><strong>animi</strong></span> <span class='ocrx_word' id='word_1_53' title='bbox 1453 855 1546 912; x_wconf 87' lang='lat' dir='ltr'><strong>sui</strong></span> <span class='ocrx_word' id='word_1_54' title='bbox 1573 855 2108 926; x_wconf 88' lang='lat' dir='ltr'><strong>promptitudinem</strong></span> <span class='ocrx_word' id='word_1_55' title='bbox 2159 857 2216 910; x_wconf 89' lang='lat' dir='ltr'><strong>et</strong></span> 
     </span>
    </p>
   </div>
   <div class='ocr_carea' id='block_1_11' title="bbox 565 942 2214 1018">
    <p class='ocr_par' dir='ltr' id='par_1_11' title="bbox 565 942 2214 1018">
     <span class='ocr_line' id='line_1_11' title="bbox 565 942 2214 1018; baseline -0.002 -16"><span class='ocrx_word' id='word_1_56' title='bbox 565 946 844 1002; x_wconf 86' lang='lat' dir='ltr'><strong>ardorem</strong></span> <span class='ocrx_word' id='word_1_57' title='bbox 870 946 1014 1002; x_wconf 86' lang='lat' dir='ltr'><strong>satis</strong></span> <span class='ocrx_word' id='word_1_58' title='bbox 1055 946 1400 1012; x_wconf 84' lang='lat' dir='ltr'><strong>declaravit,</strong></span> <span class='ocrx_word' id='word_1_59' title='bbox 1446 945 1610 1018; x_wconf 90' lang='lat' dir='ltr'><strong>quod</strong></span> <span class='ocrx_word' id='word_1_60' title='bbox 1667 945 1942 1014; x_wconf 86' lang='lat' dir='ltr'><strong>regiones</strong></span> <span class='ocrx_word' id='word_1_61' title='bbox 1995 942 2214 1000; x_wconf 87' lang='lat' dir='ltr'><strong>multas</strong></span> 
     </span>
    </p>
   </div>
   <div class='ocr_carea' id='block_1_12' title="bbox 565 1033 2212 1106">
    <p class='ocr_par' dir='ltr' id='par_1_12' title="bbox 565 1033 2212 1106">
     <span class='ocr_line' id='line_1_12' title="bbox 565 1033 2212 1106; baseline -0.002 -15"><span class='ocrx_word' id='word_1_62' title='bbox 565 1036 938 1106; x_wconf 84' lang='lat' dir='ltr'><strong>temporibus</strong></span> <span class='ocrx_word' id='word_1_63' title='bbox 983 1035 1182 1090; x_wconf 83' lang='lat' dir='ltr'><strong>multis</strong></span> <span class='ocrx_word' id='word_1_64' title='bbox 1207 1050 1553 1106; x_wconf 75' lang='lat' dir='ltr'><strong>peragrans,</strong></span> <span class='ocrx_word' id='word_1_65' title='bbox 1587 1033 1768 1090; x_wconf 89' lang='lat' dir='ltr'><strong>nullis</strong></span> <span class='ocrx_word' id='word_1_66' title='bbox 1795 1050 1941 1088; x_wconf 89' lang='lat' dir='ltr'><strong>usus</strong></span> <span class='ocrx_word' id='word_1_67' title='bbox 1983 1033 2056 1088; x_wconf 87' lang='lat' dir='ltr'><strong>sit</strong></span> <span class='ocrx_word' id='word_1_68' title='bbox 2098 1033 2212 1088; x_wconf 89' lang='lat' dir='ltr'><strong>cal-</strong></span> 
     </span>
    </p>
   </div>
   <div class='ocr_carea' id='block_1_13' title="bbox 562 1123 2213 1196">
    <p class='ocr_par' dir='ltr' id='par_1_13' title="bbox 562 1123 2213 1196">
     <span class='ocr_line' id='line_1_13' title="bbox 562 1123 2213 1196; baseline -0.002 -16"><span class='ocrx_word' id='word_1_69' title='bbox 562 1123 684 1180; x_wconf 90' lang='lat' dir='ltr'><strong>ceis</strong></span> <span class='ocrx_word' id='word_1_70' title='bbox 713 1141 724 1180; x_wconf 91' lang='lat'><strong>:</strong></span> <span class='ocrx_word' id='word_1_71' title='bbox 749 1125 1006 1196; x_wconf 91' lang='lat' dir='ltr'><strong>vinoque</strong></span> <span class='ocrx_word' id='word_1_72' title='bbox 1031 1139 1300 1196; x_wconf 85' lang='lat' dir='ltr'><strong>prorsus,</strong></span> <span class='ocrx_word' id='word_1_73' title='bbox 1325 1123 1576 1194; x_wconf 88' lang='lat' dir='ltr'><strong>aliisque</strong></span> <span class='ocrx_word' id='word_1_74' title='bbox 1605 1123 1802 1184; x_wconf 90' lang='lat' dir='ltr'><strong>rebus.</strong></span> <span class='ocrx_word' id='word_1_75' title='bbox 1829 1127 1994 1178; x_wconf 76' lang='lat' dir='ltr'><strong>extra</strong></span> <span class='ocrx_word' id='word_1_76' title='bbox 2013 1137 2213 1178; x_wconf 58' lang='lat' dir='ltr'><strong>neces.</strong></span> 
     </span>
    </p>
   </div>
   <div class='ocr_carea' id='block_1_14' title="bbox 564 1211 2214 1283">
    <p class='ocr_par' dir='ltr' id='par_1_14' title="bbox 564 1211 2214 1283">
     <span class='ocr_line' id='line_1_14' title="bbox 564 1211 2214 1283; baseline -0.002 -14"><span class='ocrx_word' id='word_1_77' title='bbox 564 1214 792 1272; x_wconf 90' lang='lat' dir='ltr'><strong>sarium</strong></span> <span class='ocrx_word' id='word_1_78' title='bbox 844 1213 1220 1278; x_wconf 89' lang='lat' dir='ltr'><strong>alimentum,</strong></span> <span class='ocrx_word' id='word_1_79' title='bbox 1271 1212 1666 1268; x_wconf 89' lang='lat' dir='ltr'><strong>abstinuerit:</strong></span> <span class='ocrx_word' id='word_1_80' title='bbox 1705 1227 1892 1283; x_wconf 91' lang='lat' dir='ltr'><strong>usque</strong></span> <span class='ocrx_word' id='word_1_81' title='bbox 1941 1211 2116 1274; x_wconf 89' lang='lat' dir='ltr'><strong>adeo,</strong></span> <span class='ocrx_word' id='word_1_82' title='bbox 2151 1215 2214 1266; x_wconf 93' lang='lat' dir='ltr'><strong>ut</strong></span> 
     </span>
    </p>
   </div>
   <div class='ocr_carea' id='block_1_15' title="bbox 561 1299 2208 1375">
    <p class='ocr_par' dir='ltr' id='par_1_15' title="bbox 561 1299 2208 1375">
     <span class='ocr_line' id='line_1_15' title="bbox 561 1299 2208 1375; baseline -0.003 -16"><span class='ocrx_word' id='word_1_83' title='bbox 561 1303 897 1375; x_wconf 89' lang='lat' dir='ltr'><strong>periculum</strong></span> <span class='ocrx_word' id='word_1_84' title='bbox 942 1309 999 1359; x_wconf 89' lang='lat' dir='ltr'><strong>et</strong></span> <span class='ocrx_word' id='word_1_85' title='bbox 1055 1303 1378 1374; x_wconf 87' lang='lat' dir='ltr'><strong>perniciem</strong></span> <span class='ocrx_word' id='word_1_86' title='bbox 1433 1303 1666 1374; x_wconf 88' lang='lat' dir='ltr'><strong>corpori</strong></span> <span class='ocrx_word' id='word_1_87' title='bbox 1721 1317 1831 1356; x_wconf 88' lang='lat' dir='ltr'><strong>suo</strong></span> <span class='ocrx_word' id='word_1_88' title='bbox 1861 1299 2208 1356; x_wconf 87' lang='lat' dir='ltr'><strong>conciliarit.</strong></span> 
     </span>
    </p>
   </div>
   <div class='ocr_carea' id='block_1_16' title="bbox 2325 490 3856 566">
    <p class='ocr_par' dir='ltr' id='par_1_16' title="bbox 2325 490 3856 566">
     <span class='ocr_line' id='line_1_16' title="bbox 2325 490 3856 566; baseline -0.001 -18"><span class='ocrx_word' id='word_1_89' title='bbox 2325 501 2416 549; x_wconf 85' lang='grc' dir='ltr'><strong>καὶ</strong></span> <span class='ocrx_word' id='word_1_90' title='bbox 2463 499 2751 566; x_wconf 77' lang='grc' dir='ltr'><strong>γυμνότητι</strong></span> <span class='ocrx_word' id='word_1_91' title='bbox 2803 490 3160 566; x_wconf 84' lang='grc' dir='ltr'><strong>διακαρτερῶν</strong></span> <span class='ocrx_word' id='word_1_92' title='bbox 3213 495 3304 544; x_wconf 88' lang='grc' dir='ltr'><strong>καὶ</strong></span> <span class='ocrx_word' id='word_1_93' title='bbox 3349 491 3473 565; x_wconf 88' lang='grc' dir='ltr'><strong>παρ’</strong></span> <span class='ocrx_word' id='word_1_94' title='bbox 3523 491 3744 550; x_wconf 76' lang='grc' dir='ltr'><strong>ἠλικίαν·</strong></span> <span class='ocrx_word' id='word_1_95' title='bbox 3795 502 3856 548; x_wconf 72' lang='grc' dir='ltr'><strong>καὶ</strong></span> 
     </span>
    </p>
   </div>
   <div class='ocr_carea' id='block_1_17' title="bbox 2325 579 3854 655">
    <p class='ocr_par' dir='ltr' id='par_1_17' title="bbox 2325 579 3854 655">
     <span class='ocr_line' id='line_1_17' title="bbox 2325 579 3854 655; baseline -0.003 -17"><span class='ocrx_word' id='word_1_96' title='bbox 2325 586 2376 638; x_wconf 75' lang='grc' dir='ltr'><strong>ἐν</strong></span> <span class='ocrx_word' id='word_1_97' title='bbox 2419 587 2634 646; x_wconf 85' lang='grc' dir='ltr'>ταύταις</span> <span class='ocrx_word' id='word_1_98' title='bbox 2673 579 3094 654; x_wconf 70' lang='grc' dir='ltr'><strong>ἐπιδεδειγμένος</strong></span> <span class='ocrx_word' id='word_1_99' title='bbox 3149 584 3207 634; x_wconf 89' lang='grc' dir='ltr'><strong>τὸ</strong></span> <span class='ocrx_word' id='word_1_100' title='bbox 3270 583 3534 655; x_wconf 79' lang='grc' dir='ltr'><strong>πρόθυμον</strong></span> <span class='ocrx_word' id='word_1_101' title='bbox 3581 584 3640 642; x_wconf 83' lang='grc' dir='ltr'><strong>ὡς</strong></span> <span class='ocrx_word' id='word_1_102' title='bbox 3673 587 3752 634; x_wconf 86' lang='grc' dir='ltr'><strong>καὶ</strong></span> <span class='ocrx_word' id='word_1_103' title='bbox 3789 594 3854 654; x_wconf 72' lang='grc' dir='ltr'><strong>γει.</strong></span> 
     </span>
    </p>
   </div>
   <div class='ocr_carea' id='block_1_18' title="bbox 2327 667 3855 747">
    <p class='ocr_par' dir='ltr' id='par_1_18' title="bbox 2327 667 3855 747">
     <span class='ocr_line' id='line_1_18' title="bbox 2327 667 3855 747; baseline -0.005 -19"><span class='ocrx_word' id='word_1_104' title='bbox 2327 674 2514 732; x_wconf 80' lang='grc' dir='ltr'><strong>πολλὴν</strong></span> <span class='ocrx_word' id='word_1_105' title='bbox 2544 678 2752 747; x_wconf 84' lang='grc' dir='ltr'><strong>χρόνοις</strong></span> <span class='ocrx_word' id='word_1_106' title='bbox 2804 679 3026 745; x_wconf 79' lang='grc' dir='ltr'><strong>μακροῖς</strong></span> <span class='ocrx_word' id='word_1_107' title='bbox 3075 667 3440 746; x_wconf 80' lang='grc' dir='ltr'><strong>διερχόμενον,</strong></span> <span class='ocrx_word' id='word_1_108' title='bbox 3495 667 3740 742; x_wconf 77' lang='grc' dir='ltr'><strong>μηδαμῶς</strong></span> <span class='ocrx_word' id='word_1_109' title='bbox 3769 674 3855 726; x_wconf 55' lang='grc' dir='ltr'><strong>ὑπο.</strong></span> 
     </span>
    </p>
   </div>
   <div class='ocr_carea' id='block_1_19' title="bbox 2325 759 3854 838">
    <p class='ocr_par' dir='ltr' id='par_1_19' title="bbox 2325 759 3854 838">
     <span class='ocr_line' id='line_1_19' title="bbox 2325 759 3854 838; baseline 0 -22"><span class='ocrx_word' id='word_1_110' title='bbox 2325 761 2532 836; x_wconf 80' lang='grc' dir='ltr'><strong>δήμασι</strong></span> <span class='ocrx_word' id='word_1_111' title='bbox 2584 765 2900 838; x_wconf 81' lang='grc' dir='ltr'><strong>χρήσασθαι</strong></span> <span class='ocrx_word' id='word_1_112' title='bbox 2929 782 2942 794; x_wconf 83' lang='grc'><strong>-</strong></span> <span class='ocrx_word' id='word_1_113' title='bbox 3027 765 3166 814; x_wconf 83' lang='grc' dir='ltr'><strong>οἴνου</strong></span> <span class='ocrx_word' id='word_1_114' title='bbox 3213 779 3265 814; x_wconf 87' lang='grc' dir='ltr'><strong>τε</strong></span> <span class='ocrx_word' id='word_1_115' title='bbox 3307 763 3524 832; x_wconf 73' lang='grc' dir='ltr'><strong>πάμπαν</strong></span> <span class='ocrx_word' id='word_1_116' title='bbox 3581 759 3854 833; x_wconf 65' lang='grc' dir='ltr'><strong>ἀποσχέσθαι</strong></span> 
     </span>
    </p>
   </div>
   <div class='ocr_carea' id='block_1_20' title="bbox 2324 848 3854 924">
    <p class='ocr_par' dir='ltr' id='par_1_20' title="bbox 2324 848 3854 924">
     <span class='ocr_line' id='line_1_20' title="bbox 2324 848 3854 924; baseline -0.001 -18"><span class='ocrx_word' id='word_1_117' title='bbox 2324 858 2412 906; x_wconf 83' lang='grc' dir='ltr'><strong>καὶ</strong></span> <span class='ocrx_word' id='word_1_118' title='bbox 2441 862 2539 906; x_wconf 82' lang='grc' dir='ltr'><strong>τῶν</strong></span> <span class='ocrx_word' id='word_1_119' title='bbox 2577 852 2741 906; x_wconf 78' lang='grc' dir='ltr'><strong>ἄλλων</strong></span> <span class='ocrx_word' id='word_1_120' title='bbox 2795 851 2928 910; x_wconf 84' lang='grc' dir='ltr'><strong>πλὴν</strong></span> <span class='ocrx_word' id='word_1_121' title='bbox 2967 860 3062 912; x_wconf 80' lang='grc' dir='ltr'><strong>τῆς</strong></span> <span class='ocrx_word' id='word_1_122' title='bbox 3117 848 3406 922; x_wconf 73' lang='grc' dir='ltr'><strong>ἀναγκαίας</strong></span> <span class='ocrx_word' id='word_1_123' title='bbox 3447 857 3667 924; x_wconf 70' lang='grc' dir='ltr'><strong>τροφῆς·</strong></span> <span class='ocrx_word' id='word_1_124' title='bbox 3701 854 3760 912; x_wconf 78' lang='grc' dir='ltr'><strong>ὡς</strong></span> <span class='ocrx_word' id='word_1_125' title='bbox 3799 859 3854 904; x_wconf 73' lang='grc' dir='ltr'><strong>καὶ</strong></span> 
     </span>
    </p>
   </div>
   <div class='ocr_carea' id='block_1_21' title="bbox 2321 937 3852 1014">
    <p class='ocr_par' dir='ltr' id='par_1_21' title="bbox 2321 937 3852 1014">
     <span class='ocr_line' id='line_1_21' title="bbox 2321 937 3852 1014; baseline -0.001 -20"><span class='ocrx_word' id='word_1_126' title='bbox 2321 940 2561 996; x_wconf 85' lang='grc' dir='ltr'><strong>κίνδυνον</strong></span> <span class='ocrx_word' id='word_1_127' title='bbox 2633 947 2722 994; x_wconf 86' lang='grc' dir='ltr'><strong>καὶ</strong></span> <span class='ocrx_word' id='word_1_128' title='bbox 2799 937 3090 1014; x_wconf 74' lang='grc' dir='ltr'><strong>διαφθορὰν</strong></span> <span class='ocrx_word' id='word_1_129' title='bbox 3165 947 3236 1010; x_wconf 81' lang='grc' dir='ltr'><strong>τῷ</strong></span> <span class='ocrx_word' id='word_1_130' title='bbox 3299 944 3504 1011; x_wconf 83' lang='grc' dir='ltr'><strong>σώματι</strong></span> <span class='ocrx_word' id='word_1_131' title='bbox 3579 939 3852 1014; x_wconf 77' lang='grc' dir='ltr'><strong>προξενῆσει.</strong></span> 
     </span>
    </p>
   </div>
   <div class='ocr_carea' id='block_1_22' title="bbox 2321 1024 3853 1104">
    <p class='ocr_par' dir='ltr' id='par_1_22' title="bbox 2321 1024 3853 1104">
     <span class='ocr_line' id='line_1_22' title="bbox 2321 1024 3853 1104; baseline -0.001 -20"><span class='ocrx_word' id='word_1_132' title='bbox 2321 1034 2472 1084; x_wconf 86' lang='grc' dir='ltr'><strong>Οὖτω</strong></span> <span class='ocrx_word' id='word_1_133' title='bbox 2505 1028 2566 1084; x_wconf 66' lang='grc' dir='ltr'><strong>δι</strong></span> <span class='ocrx_word' id='word_1_134' title='bbox 2597 1030 2748 1104; x_wconf 85' lang='grc' dir='ltr'><strong>βιῶν,</strong></span> <span class='ocrx_word' id='word_1_135' title='bbox 2797 1036 2888 1084; x_wconf 82' lang='grc' dir='ltr'><strong>καὶ</strong></span> <span class='ocrx_word' id='word_1_136' title='bbox 2915 1039 2987 1100; x_wconf 87' lang='grc' dir='ltr'><strong>τῷ</strong></span> <span class='ocrx_word' id='word_1_137' title='bbox 3027 1031 3144 1082; x_wconf 85' lang='grc' dir='ltr'><strong>καθ’</strong></span> <span class='ocrx_word' id='word_1_138' title='bbox 3205 1029 3385 1082; x_wconf 74' lang='grc' dir='ltr'><strong>ἑαυτὸν</strong></span> <span class='ocrx_word' id='word_1_139' title='bbox 3439 1024 3770 1100; x_wconf 67' lang='grc' dir='ltr'><strong>ὑποδείγματι</strong></span> <span class='ocrx_word' id='word_1_140' title='bbox 3801 1035 3853 1082; x_wconf 64' lang='grc' dir='ltr'><strong>τοι</strong></span> 
     </span>
    </p>
   </div>
   <div class='ocr_carea' id='block_1_23' title="bbox 2319 1117 3852 1197">
    <p class='ocr_par' dir='ltr' id='par_1_23' title="bbox 2319 1117 3852 1197">
     <span class='ocr_line' id='line_1_23' title="bbox 2319 1117 3852 1197; baseline -0.002 -23"><span class='ocrx_word' id='word_1_141' title='bbox 2319 1124 2534 1197; x_wconf 81' lang='grc' dir='ltr'><strong>ἄριστον</strong></span> <span class='ocrx_word' id='word_1_142' title='bbox 2587 1120 2850 1181; x_wconf 81' lang='grc' dir='ltr'><strong>εἰκονίζων</strong></span> <span class='ocrx_word' id='word_1_143' title='bbox 2909 1118 3048 1192; x_wconf 87' lang='grc' dir='ltr'><strong>βίον,</strong></span> <span class='ocrx_word' id='word_1_144' title='bbox 3116 1117 3434 1176; x_wconf 80' lang='grc' dir='ltr'><strong>κατέπληττε</strong></span> <span class='ocrx_word' id='word_1_145' title='bbox 3489 1121 3580 1189; x_wconf 73' lang='grc' dir='ltr'><strong>μὶν</strong></span> <span class='ocrx_word' id='word_1_146' title='bbox 3637 1119 3852 1180; x_wconf 76' lang='grc' dir='ltr'><strong>ἅπαντας·</strong></span> 
     </span>
    </p>
   </div>
   <div class='ocr_carea' id='block_1_24' title="bbox 2319 1204 3856 1282">
    <p class='ocr_par' dir='ltr' id='par_1_24' title="bbox 2319 1204 3856 1282">
     <span class='ocr_line' id='line_1_24' title="bbox 2319 1204 3856 1282; baseline -0.002 -21"><span class='ocrx_word' id='word_1_147' title='bbox 2319 1210 2566 1282; x_wconf 75' lang='grc' dir='ltr'><strong>εἰσφέρειν</strong></span> <span class='ocrx_word' id='word_1_148' title='bbox 2627 1205 2686 1261; x_wconf 71' lang='grc' dir='ltr'><strong>δὲ</strong></span> <span class='ocrx_word' id='word_1_149' title='bbox 2733 1212 2822 1260; x_wconf 85' lang='grc' dir='ltr'><strong>καὶ</strong></span> <span class='ocrx_word' id='word_1_150' title='bbox 2875 1214 3134 1260; x_wconf 74' lang='grc' dir='ltr'><strong>κοινωνεῖν</strong></span> <span class='ocrx_word' id='word_1_151' title='bbox 3191 1206 3332 1277; x_wconf 85' lang='grc' dir='ltr'><strong>αύτῷ</strong></span> <span class='ocrx_word' id='word_1_152' title='bbox 3377 1209 3500 1268; x_wconf 77' lang='grc' dir='ltr'><strong>τοὺς</strong></span> <span class='ocrx_word' id='word_1_153' title='bbox 3549 1209 3676 1258; x_wconf 81' lang='grc' dir='ltr'><strong>οἶκοι</strong></span> <span class='ocrx_word' id='word_1_154' title='bbox 3726 1204 3856 1278; x_wconf 64' lang='grc' dir='ltr'><strong>βουλο-</strong></span> 
     </span>
    </p>
   </div>
   <div class='ocr_carea' id='block_1_25' title="bbox 2322 1297 2817 1372">
    <p class='ocr_par' dir='ltr' id='par_1_25' title="bbox 2322 1297 2817 1372">
     <span class='ocr_line' id='line_1_25' title="bbox 2322 1297 2817 1372; baseline -0.004 -20"><span class='ocrx_word' id='word_1_155' title='bbox 2322 1304 2474 1372; x_wconf 82' lang='grc' dir='ltr'><strong>μένου</strong></span> <span class='ocrx_word' id='word_1_156' title='bbox 2486 1319 2506 1360; x_wconf 90' lang='grc' dir='ltr'><strong>ς</strong></span> <span class='ocrx_word' id='word_1_157' title='bbox 2547 1297 2706 1370; x_wconf 76' lang='grc' dir='ltr'><strong>ἆπέτρ</strong></span> <span class='ocrx_word' id='word_1_158' title='bbox 2713 1317 2817 1350; x_wconf 85' lang='grc' dir='ltr'><strong>επε.</strong></span> 
     </span>
    </p>
   </div>
   <div class='ocr_carea' id='block_1_26' title="bbox 559 1383 3856 1465">
    <p class='ocr_par' dir='ltr' id='par_1_26' title="bbox 559 1383 3856 1465">
     <span class='ocr_line' id='line_1_26' title="bbox 559 1383 3856 1465; baseline -0.002 -17"><span class='ocrx_word' id='word_1_159' title='bbox 559 1398 747 1465; x_wconf 83' lang='lat' dir='ltr'><strong>Atque</strong></span> <span class='ocrx_word' id='word_1_160' title='bbox 771 1391 883 1448; x_wconf 87' lang='lat' dir='ltr'><strong>hoc</strong></span> <span class='ocrx_word' id='word_1_161' title='bbox 913 1393 1095 1448; x_wconf 89' lang='lat' dir='ltr'><strong>modo</strong></span> <span class='ocrx_word' id='word_1_162' title='bbox 1137 1392 1358 1459; x_wconf 87' lang='lat' dir='ltr'><strong>vivens,</strong></span> <span class='ocrx_word' id='word_1_163' title='bbox 1391 1390 1788 1462; x_wconf 85' lang='lat' dir='ltr'><strong>exemploque</strong></span> <span class='ocrx_word' id='word_1_164' title='bbox 1829 1405 1938 1445; x_wconf 91' lang='lat' dir='ltr'><strong>suo</strong></span> <span class='ocrx_word' id='word_1_165' title='bbox 1976 1389 2274 1461; x_wconf 88' lang='lat' dir='ltr'><strong>optimum</strong></span> <span class='ocrx_word' id='word_1_166' title='bbox 2313 1387 2548 1444; x_wconf 86' lang='lat' dir='ltr'><strong>vivendi</strong></span> <span class='ocrx_word' id='word_1_167' title='bbox 2589 1388 2922 1442; x_wconf 87' lang='lat' dir='ltr'><strong>institutum</strong></span> <span class='ocrx_word' id='word_1_168' title='bbox 2961 1385 3308 1452; x_wconf 86' lang='lat' dir='ltr'><strong>ostendens,</strong></span> <span class='ocrx_word' id='word_1_169' title='bbox 3349 1385 3410 1440; x_wconf 91' lang='lat' dir='ltr'><strong>in</strong></span> <span class='ocrx_word' id='word_1_170' title='bbox 3461 1383 3856 1442; x_wconf 84' lang='lat' dir='ltr'><strong>admirationem</strong></span> 
     </span>
    </p>
   </div>
   <div class='ocr_carea' id='block_1_27' title="bbox 559 1473 3856 1553">
    <p class='ocr_par' dir='ltr' id='par_1_27' title="bbox 559 1473 3856 1553">
     <span class='ocr_line' id='line_1_27' title="bbox 559 1473 3856 1553; baseline -0.002 -17"><span class='ocrx_word' id='word_1_171' title='bbox 559 1481 806 1553; x_wconf 88' lang='lat' dir='ltr'><strong>quidem</strong></span> <span class='ocrx_word' id='word_1_172' title='bbox 837 1481 930 1536; x_wconf 90' lang='lat' dir='ltr'><strong>sui</strong></span> <span class='ocrx_word' id='word_1_173' title='bbox 955 1480 1152 1536; x_wconf 80' lang='lat' dir='ltr'><strong>extulit</strong></span> <span class='ocrx_word' id='word_1_174' title='bbox 1180 1497 1413 1536; x_wconf 89' lang='lat' dir='ltr'><strong>omnes.</strong></span> <span class='ocrx_word' id='word_1_175' title='bbox 1457 1483 1568 1536; x_wconf 88' lang='lat' dir='ltr'><strong>Eos</strong></span> <span class='ocrx_word' id='word_1_176' title='bbox 1608 1485 1808 1536; x_wconf 89' lang='lat' dir='ltr'><strong>autem</strong></span> <span class='ocrx_word' id='word_1_177' title='bbox 1834 1480 1938 1551; x_wconf 89' lang='lat' dir='ltr'><strong>qui</strong></span> <span class='ocrx_word' id='word_1_178' title='bbox 1969 1478 2112 1534; x_wconf 88' lang='lat' dir='ltr'><strong>dare</strong></span> <span class='ocrx_word' id='word_1_179' title='bbox 2151 1483 2254 1535; x_wconf 90' lang='lat' dir='ltr'><strong>aut</strong></span> <span class='ocrx_word' id='word_1_180' title='bbox 2278 1476 2729 1534; x_wconf 88' lang='lat' dir='ltr'><strong>communicare</strong></span> <span class='ocrx_word' id='word_1_181' title='bbox 2759 1475 3096 1548; x_wconf 85' lang='lat' dir='ltr'><strong>quidquam</strong></span> <span class='ocrx_word' id='word_1_182' title='bbox 3123 1489 3262 1530; x_wconf 90' lang='lat' dir='ltr'><strong>cum</strong></span> <span class='ocrx_word' id='word_1_183' title='bbox 3294 1489 3366 1530; x_wconf 93' lang='lat' dir='ltr'><strong>eo</strong></span> <span class='ocrx_word' id='word_1_184' title='bbox 3403 1473 3700 1538; x_wconf 87' lang='lat' dir='ltr'><strong>volebant,</strong></span> <span class='ocrx_word' id='word_1_185' title='bbox 3729 1473 3856 1530; x_wconf 82' lang='lat' dir='ltr'><strong>fami-</strong></span> 
     </span>
    </p>
   </div>
   <div class='ocr_carea' id='block_1_28' title="bbox 557 1569 1410 1636">
    <p class='ocr_par' dir='ltr' id='par_1_28' title="bbox 557 1569 1410 1636">
     <span class='ocr_line' id='line_1_28' title="bbox 557 1569 1410 1636; baseline -0.001 -10"><span class='ocrx_word' id='word_1_186' title='bbox 557 1569 735 1627; x_wconf 88' lang='lat' dir='ltr'><strong>liares</strong></span> <span class='ocrx_word' id='word_1_187' title='bbox 767 1585 928 1636; x_wconf 89' lang='lat' dir='ltr'><strong>suos,</strong></span> <span class='ocrx_word' id='word_1_188' title='bbox 962 1574 1272 1626; x_wconf 88' lang='lat' dir='ltr'><strong>aversatus</strong></span> <span class='ocrx_word' id='word_1_189' title='bbox 1303 1575 1410 1625; x_wconf 89' lang='lat' dir='ltr'><strong>est.</strong></span> 
     </span>
    </p>
   </div>
   <div class='ocr_carea' id='block_1_29' title="bbox 1199 1659 1532 1715">
    <p class='ocr_par' dir='ltr' id='par_1_29' title="bbox 1199 1659 1532 1715">
     <span class='ocr_line' id='line_1_29' title="bbox 1199 1659 1532 1715; baseline -0.003 0"><span class='ocrx_word' id='word_1_190' title='bbox 1199 1659 1420 1715; x_wconf 85' lang='lat' dir='ltr'><strong>CAPUT</strong></span> <span class='ocrx_word' id='word_1_191' title='bbox 1439 1659 1532 1714; x_wconf 90' lang='lat' dir='ltr'><strong>Vl.</strong></span> 
     </span>
    </p>
   </div>
   <div class='ocr_carea' id='block_1_30' title="bbox 634 1765 2140 1838">
    <p class='ocr_par' dir='ltr' id='par_1_30' title="bbox 634 1765 2140 1838">
     <span class='ocr_line' id='line_1_30' title="bbox 634 1765 2140 1838; baseline -0.003 -15"><span class='ocrx_word' id='word_1_192' title='bbox 634 1766 747 1836; x_wconf 82' lang='lat' dir='ltr'><strong>Qui</strong></span> <span class='ocrx_word' id='word_1_193' title='bbox 775 1768 850 1824; x_wconf 86' lang='lat' dir='ltr'><strong>ab</strong></span> <span class='ocrx_word' id='word_1_194' title='bbox 875 1781 939 1824; x_wconf 88' lang='lat' dir='ltr'><strong>eo</strong></span> <span class='ocrx_word' id='word_1_195' title='bbox 968 1767 1131 1823; x_wconf 82' lang='lat' dir='ltr'><strong>ducti</strong></span> <span class='ocrx_word' id='word_1_196' title='bbox 1151 1771 1206 1824; x_wconf 84' lang='lat' dir='ltr'><strong>et</strong></span> <span class='ocrx_word' id='word_1_197' title='bbox 1234 1767 1453 1837; x_wconf 87' lang='lat' dir='ltr'><strong>edocqi,</strong></span> <span class='ocrx_word' id='word_1_198' title='bbox 1481 1766 1755 1838; x_wconf 83' lang='lat' dir='ltr'><strong>martyrii</strong></span> <span class='ocrx_word' id='word_1_199' title='bbox 1776 1765 2006 1823; x_wconf 83' lang='lat' dir='ltr'><strong>coronis</strong></span> <span class='ocrx_word' id='word_1_200' title='bbox 2028 1765 2140 1820; x_wconf 80' lang='lat' dir='ltr'><strong>sint</strong></span> 
     </span>
    </p>
   </div>
   <div class='ocr_carea' id='block_1_31' title="bbox 1241 1839 1540 1896">
    <p class='ocr_par' dir='ltr' id='par_1_31' title="bbox 1241 1839 1540 1896">
     <span class='ocr_line' id='line_1_31' title="bbox 1241 1839 1540 1896; baseline -0.007 0"><span class='ocrx_word' id='word_1_201' title='bbox 1241 1839 1540 1896; x_wconf 71' lang='lat' dir='ltr'><strong>exornati.</strong></span> 
     </span>
    </p>
   </div>
   <div class='ocr_carea' id='block_1_32' title="bbox 635 1944 2212 2018">
    <p class='ocr_par' dir='ltr' id='par_1_32' title="bbox 635 1944 2212 2018">
     <span class='ocr_line' id='line_1_32' title="bbox 635 1944 2212 2018; baseline -0.002 -16"><span class='ocrx_word' id='word_1_202' title='bbox 635 1945 984 2018; x_wconf 88' lang='lat' dir='ltr'><strong>Complures</strong></span> <span class='ocrx_word' id='word_1_203' title='bbox 1060 1961 1204 2001; x_wconf 88' lang='lat' dir='ltr'><strong>sane</strong></span> <span class='ocrx_word' id='word_1_204' title='bbox 1243 1961 1316 2000; x_wconf 88' lang='lat' dir='ltr'><strong>ex</strong></span> <span class='ocrx_word' id='word_1_205' title='bbox 1382 1944 1778 2002; x_wconf 87' lang='lat' dir='ltr'><strong>sectatoribus</strong></span> <span class='ocrx_word' id='word_1_206' title='bbox 1821 1945 1963 2008; x_wconf 89' lang='lat' dir='ltr'><strong>suis,</strong></span> <span class='ocrx_word' id='word_1_207' title='bbox 2032 1949 2212 2016; x_wconf 88' lang='lat' dir='ltr'><strong>atque</strong></span> 
     </span>
    </p>
   </div>
   <div class='ocr_carea' id='block_1_33' title="bbox 561 2033 2212 2106">
    <p class='ocr_par' dir='ltr' id='par_1_33' title="bbox 561 2033 2212 2106">
     <span class='ocr_line' id='line_1_33' title="bbox 561 2033 2212 2106; baseline -0.002 -14"><span class='ocrx_word' id='word_1_208' title='bbox 561 2035 738 2092; x_wconf 88' lang='lat' dir='ltr'><strong>etiam</strong></span> <span class='ocrx_word' id='word_1_209' title='bbox 771 2051 844 2090; x_wconf 80' lang='lat' dir='ltr'><strong>ex</strong></span> <span class='ocrx_word' id='word_1_210' title='bbox 874 2035 960 2091; x_wconf 91' lang='lat' dir='ltr'><strong>eis</strong></span> <span class='ocrx_word' id='word_1_211' title='bbox 1006 2035 1110 2106; x_wconf 91' lang='lat' dir='ltr'><strong>qui</strong></span> <span class='ocrx_word' id='word_1_212' title='bbox 1154 2035 1502 2091; x_wconf 71' lang='lat' dir='ltr'><strong>adulterinae</strong></span> <span class='ocrx_word' id='word_1_213' title='bbox 1559 2039 1724 2090; x_wconf 90' lang='lat' dir='ltr'><strong>erant</strong></span> <span class='ocrx_word' id='word_1_214' title='bbox 1775 2034 2082 2101; x_wconf 70' lang='lat' dir='ltr'><strong>doctrinae,</strong></span> <span class='ocrx_word' id='word_1_215' title='bbox 2135 2033 2212 2089; x_wconf 89' lang='lat' dir='ltr'><strong>ad</strong></span> 
     </span>
    </p>
   </div>
   <div class='ocr_carea' id='block_1_34' title="bbox 556 2123 2210 2196">
    <p class='ocr_par' dir='ltr' id='par_1_34' title="bbox 556 2123 2210 2196">
     <span class='ocr_line' id='line_1_34' title="bbox 556 2123 2210 2196; baseline -0.001 -16"><span class='ocrx_word' id='word_1_216' title='bbox 556 2125 836 2180; x_wconf 90' lang='lat' dir='ltr'><strong>eumdem</strong></span> <span class='ocrx_word' id='word_1_217' title='bbox 864 2123 1332 2196; x_wconf 88' lang='lat' dir='ltr'><strong>philosophandi</strong></span> <span class='ocrx_word' id='word_1_218' title='bbox 1365 2140 1631 2180; x_wconf 90' lang='lat' dir='ltr'><strong>amorem</strong></span> <span class='ocrx_word' id='word_1_219' title='bbox 1655 2123 1943 2179; x_wconf 80' lang='lat' dir='ltr'><strong>excitavit.</strong></span> <span class='ocrx_word' id='word_1_220' title='bbox 1973 2124 2035 2177; x_wconf 90' lang='lat' dir='ltr'><strong>In</strong></span> <span class='ocrx_word' id='word_1_221' title='bbox 2061 2138 2210 2194; x_wconf 91' lang='lat' dir='ltr'><strong>quo-</strong></span> 
     </span>
    </p>
   </div>
   <div class='ocr_carea' id='block_1_35' title="bbox 553 2211 2212 2270">
    <p class='ocr_par' dir='ltr' id='par_1_35' title="bbox 553 2211 2212 2270">
     <span class='ocr_line' id='line_1_35' title="bbox 553 2211 2212 2270; baseline -0.001 -1"><span class='ocrx_word' id='word_1_222' title='bbox 553 2229 688 2270; x_wconf 89' lang='lat' dir='ltr'><strong>rum</strong></span> <span class='ocrx_word' id='word_1_223' title='bbox 713 2213 934 2268; x_wconf 90' lang='lat' dir='ltr'><strong>intimis</strong></span> <span class='ocrx_word' id='word_1_224' title='bbox 955 2213 1168 2268; x_wconf 89' lang='lat' dir='ltr'><strong>animis</strong></span> <span class='ocrx_word' id='word_1_225' title='bbox 1193 2213 1286 2268; x_wconf 90' lang='lat' dir='ltr'><strong>ita</strong></span> <span class='ocrx_word' id='word_1_226' title='bbox 1310 2212 1580 2268; x_wconf 89' lang='lat' dir='ltr'><strong>divinum</strong></span> <span class='ocrx_word' id='word_1_227' title='bbox 1605 2211 1738 2267; x_wconf 87' lang='lat' dir='ltr'><strong>ﬁdei</strong></span> <span class='ocrx_word' id='word_1_228' title='bbox 1769 2211 2020 2267; x_wconf 91' lang='lat' dir='ltr'><strong>verbum</strong></span> <span class='ocrx_word' id='word_1_229' title='bbox 2051 2211 2212 2267; x_wconf 88' lang='lat' dir='ltr'><strong>inse-</strong></span> 
     </span>
    </p>
   </div>
   <div class='ocr_carea' id='block_1_36' title="bbox 553 2299 2216 2373">
    <p class='ocr_par' dir='ltr' id='par_1_36' title="bbox 553 2299 2216 2373">
     <span class='ocr_line' id='line_1_36' title="bbox 553 2299 2216 2373; baseline 0 -15"><span class='ocrx_word' id='word_1_230' title='bbox 553 2303 655 2368; x_wconf 90' lang='lat' dir='ltr'><strong>vit,</strong></span> <span class='ocrx_word' id='word_1_231' title='bbox 715 2307 778 2357; x_wconf 90' lang='lat' dir='ltr'><strong>ut</strong></span> <span class='ocrx_word' id='word_1_232' title='bbox 835 2306 1136 2358; x_wconf 86' lang='lat' dir='ltr'><strong>maturum</strong></span> <span class='ocrx_word' id='word_1_233' title='bbox 1206 2301 1568 2373; x_wconf 90' lang='lat' dir='ltr'><strong>uberemque</strong></span> <span class='ocrx_word' id='word_1_234' title='bbox 1633 2299 1913 2372; x_wconf 90' lang='lat' dir='ltr'><strong>deinceps</strong></span> <span class='ocrx_word' id='word_1_235' title='bbox 1977 2306 2216 2372; x_wconf 89' lang='lat' dir='ltr'><strong>caperet</strong></span> 
     </span>
    </p>
   </div>
   <div class='ocr_carea' id='block_1_37' title="bbox 553 2389 2214 2462">
    <p class='ocr_par' dir='ltr' id='par_1_37' title="bbox 553 2389 2214 2462">
     <span class='ocr_line' id='line_1_37' title="bbox 553 2389 2214 2462; baseline -0.001 -16"><span class='ocrx_word' id='word_1_236' title='bbox 553 2390 938 2446; x_wconf 86' lang='lat' dir='ltr'><strong>fructum:in</strong></span> <span class='ocrx_word' id='word_1_237' title='bbox 961 2395 1213 2456; x_wconf 88' lang='lat' dir='ltr'><strong>tantum,</strong></span> <span class='ocrx_word' id='word_1_238' title='bbox 1258 2396 1322 2444; x_wconf 90' lang='lat' dir='ltr'><strong>ut</strong></span> <span class='ocrx_word' id='word_1_239' title='bbox 1371 2406 1444 2445; x_wconf 86' lang='lat' dir='ltr'><strong>ex</strong></span> <span class='ocrx_word' id='word_1_240' title='bbox 1473 2391 1558 2446; x_wconf 91' lang='lat' dir='ltr'><strong>eis</strong></span> <span class='ocrx_word' id='word_1_241' title='bbox 1614 2389 1885 2462; x_wconf 88' lang='lat' dir='ltr'><strong>quidam,</strong></span> <span class='ocrx_word' id='word_1_242' title='bbox 1939 2404 2214 2461; x_wconf 87' lang='lat' dir='ltr'><strong>persecu-</strong></span> 
     </span>
    </p>
   </div>
   <div class='ocr_carea' id='block_1_38' title="bbox 553 2477 2215 2551">
    <p class='ocr_par' dir='ltr' id='par_1_38' title="bbox 553 2477 2215 2551">
     <span class='ocr_line' id='line_1_38' title="bbox 553 2477 2215 2551; baseline -0.001 -16"><span class='ocrx_word' id='word_1_243' title='bbox 553 2480 788 2535; x_wconf 90' lang='lat' dir='ltr'><strong>tionum</strong></span> <span class='ocrx_word' id='word_1_244' title='bbox 849 2479 1244 2550; x_wconf 89' lang='lat' dir='ltr'><strong>temporibus,</strong></span> <span class='ocrx_word' id='word_1_245' title='bbox 1303 2479 1540 2551; x_wconf 81' lang='lat' dir='ltr'><strong>maryrii</strong></span> <span class='ocrx_word' id='word_1_246' title='bbox 1601 2479 1838 2534; x_wconf 91' lang='lat' dir='ltr'><strong>coronis</strong></span> <span class='ocrx_word' id='word_1_247' title='bbox 1907 2479 2022 2534; x_wconf 73' lang='lat' dir='ltr'><strong>sint</strong></span> <span class='ocrx_word' id='word_1_248' title='bbox 2087 2477 2215 2534; x_wconf 90' lang='lat' dir='ltr'><strong>illu-</strong></span> 
     </span>
    </p>
   </div>
   <div class='ocr_carea' id='block_1_39' title="bbox 550 2567 2214 2640">
    <p class='ocr_par' dir='ltr' id='par_1_39' title="bbox 550 2567 2214 2640">
     <span class='ocr_line' id='line_1_39' title="bbox 550 2567 2214 2640; baseline -0.001 -16"><span class='ocrx_word' id='word_1_249' title='bbox 550 2569 759 2624; x_wconf 91' lang='lat' dir='ltr'><strong>stratit.</strong></span> <span class='ocrx_word' id='word_1_250' title='bbox 807 2569 1038 2624; x_wconf 89' lang='lat' dir='ltr'><strong>Primus</strong></span> <span class='ocrx_word' id='word_1_251' title='bbox 1057 2568 1323 2640; x_wconf 89' lang='lat' dir='ltr'><strong>quidem,</strong></span> <span class='ocrx_word' id='word_1_252' title='bbox 1349 2584 1532 2640; x_wconf 87' lang='lat' dir='ltr'><strong>quem</strong></span> <span class='ocrx_word' id='word_1_253' title='bbox 1560 2567 1845 2636; x_wconf 81' lang='lat' dir='ltr'><strong>diximus,</strong></span> <span class='ocrx_word' id='word_1_254' title='bbox 1863 2567 2214 2624; x_wconf 89' lang='lat' dir='ltr'><strong>Plutarchus</strong></span> 
     </span>
    </p>
   </div>
   <div class='ocr_carea' id='block_1_40' title="bbox 557 2657 2209 2730">
    <p class='ocr_par' dir='ltr' id='par_1_40' title="bbox 557 2657 2209 2730">
     <span class='ocr_line' id='line_1_40' title="bbox 557 2657 2209 2730; baseline -0.001 -16"><span class='ocrx_word' id='word_1_255' title='bbox 557 2657 663 2714; x_wconf 88' lang='lat' dir='ltr'><strong>fuit</strong></span> <span class='ocrx_word' id='word_1_256' title='bbox 699 2674 716 2714; x_wconf 93' lang='lat'><strong>:</strong></span> <span class='ocrx_word' id='word_1_257' title='bbox 747 2658 852 2730; x_wconf 88' lang='lat' dir='ltr'><strong>qui</strong></span> <span class='ocrx_word' id='word_1_258' title='bbox 882 2674 1016 2712; x_wconf 88' lang='lat' dir='ltr'><strong>cum</strong></span> <span class='ocrx_word' id='word_1_259' title='bbox 1045 2657 1125 2712; x_wconf 89' lang='lat' dir='ltr'><strong>ad</strong></span> <span class='ocrx_word' id='word_1_260' title='bbox 1186 2657 1548 2729; x_wconf 87' lang='lat' dir='ltr'><strong>supplicium</strong></span> <span class='ocrx_word' id='word_1_261' title='bbox 1606 2658 1940 2722; x_wconf 80' lang='lat' dir='ltr'><strong>duceretur,</strong></span> <span class='ocrx_word' id='word_1_262' title='bbox 1993 2671 2209 2728; x_wconf 89' lang='lat' dir='ltr'><strong>parum</strong></span> 
     </span>
    </p>
   </div>
   <div class='ocr_carea' id='block_1_41' title="bbox 548 2746 2211 2819">
    <p class='ocr_par' dir='ltr' id='par_1_41' title="bbox 548 2746 2211 2819">
     <span class='ocr_line' id='line_1_41' title="bbox 548 2746 2211 2819; baseline -0.002 -16"><span class='ocrx_word' id='word_1_263' title='bbox 548 2747 742 2803; x_wconf 78' lang='lat' dir='ltr'><strong>abfuit</strong></span> <span class='ocrx_word' id='word_1_264' title='bbox 767 2747 912 2819; x_wconf 89' lang='lat' dir='ltr'><strong>quin</strong></span> <span class='ocrx_word' id='word_1_265' title='bbox 958 2747 1241 2818; x_wconf 83' lang='lat' dir='ltr'><strong>Origenes</strong></span> <span class='ocrx_word' id='word_1_266' title='bbox 1275 2761 1518 2819; x_wconf 91' lang='lat' dir='ltr'><strong>quoque</strong></span> <span class='ocrx_word' id='word_1_267' title='bbox 1546 2747 1622 2804; x_wconf 91' lang='lat' dir='ltr'><strong>ab</strong></span> <span class='ocrx_word' id='word_1_268' title='bbox 1653 2746 1810 2802; x_wconf 87' lang='lat' dir='ltr'><strong>illius</strong></span> <span class='ocrx_word' id='word_1_269' title='bbox 1841 2746 2211 2802; x_wconf 88' lang='lat' dir='ltr'><strong>occideretur</strong></span> 
     </span>
    </p>
   </div>
   <div class='ocr_carea' id='block_1_42' title="bbox 549 2835 2204 2907">
    <p class='ocr_par' dir='ltr' id='par_1_42' title="bbox 549 2835 2204 2907">
     <span class='ocr_line' id='line_1_42' title="bbox 549 2835 2204 2907; baseline -0.001 -16"><span class='ocrx_word' id='word_1_270' title='bbox 549 2835 799 2900; x_wconf 91' lang='lat' dir='ltr'><strong>civibus,</strong></span> <span class='ocrx_word' id='word_1_271' title='bbox 855 2835 1046 2907; x_wconf 90' lang='lat' dir='ltr'><strong>utqui</strong></span> <span class='ocrx_word' id='word_1_272' title='bbox 1099 2841 1308 2890; x_wconf 91' lang='lat' dir='ltr'><strong>auctor</strong></span> <span class='ocrx_word' id='word_1_273' title='bbox 1365 2836 1529 2891; x_wconf 89' lang='lat' dir='ltr'><strong>necis</strong></span> <span class='ocrx_word' id='word_1_274' title='bbox 1583 2835 1738 2891; x_wconf 90' lang='lat' dir='ltr'><strong>illius</strong></span> <span class='ocrx_word' id='word_1_275' title='bbox 1793 2835 1987 2891; x_wconf 85' lang='lat' dir='ltr'><strong>dictus</strong></span> <span class='ocrx_word' id='word_1_276' title='bbox 2029 2839 2204 2891; x_wconf 90' lang='lat' dir='ltr'><strong>esset.</strong></span> 
     </span>
    </p>
   </div>
   <div class='ocr_carea' id='block_1_43' title="bbox 547 2925 2206 2997">
    <p class='ocr_par' dir='ltr' id='par_1_43' title="bbox 547 2925 2206 2997">
     <span class='ocr_line' id='line_1_43' title="bbox 547 2925 2206 2997; baseline -0.001 -17"><span class='ocrx_word' id='word_1_277' title='bbox 547 2925 730 2997; x_wconf 90' lang='lat' dir='ltr'><strong>quue</strong></span> <span class='ocrx_word' id='word_1_278' title='bbox 773 2925 996 2980; x_wconf 85' lang='lat' dir='ltr'><strong>factum</strong></span> <span class='ocrx_word' id='word_1_279' title='bbox 1063 2925 1329 2996; x_wconf 83' lang='lat' dir='ltr'><strong>profecto</strong></span> <span class='ocrx_word' id='word_1_280' title='bbox 1377 2929 1552 2990; x_wconf 86' lang='lat' dir='ltr'><strong>esset,</strong></span> <span class='ocrx_word' id='word_1_281' title='bbox 1603 2925 1720 2980; x_wconf 88' lang='lat' dir='ltr'><strong>nisi</strong></span> <span class='ocrx_word' id='word_1_282' title='bbox 1777 2941 1912 2980; x_wconf 91' lang='lat' dir='ltr'><strong>eum</strong></span> <span class='ocrx_word' id='word_1_283' title='bbox 1974 2941 2206 2980; x_wconf 90' lang='lat' dir='ltr'><strong>rursum</strong></span> 
     </span>
    </p>
   </div>
   <div class='ocr_carea' id='block_1_44' title="bbox 547 3002 2208 3087">
    <p class='ocr_par' dir='ltr' id='par_1_44' title="bbox 547 3012 2208 3087">
     <span class='ocr_line' id='line_1_44' title="bbox 547 3012 2208 3087; baseline 0 -17"><span class='ocrx_word' id='word_1_284' title='bbox 547 3016 708 3087; x_wconf 65' lang='lat' dir='ltr'><strong>(quae</strong></span> <span class='ocrx_word' id='word_1_285' title='bbox 737 3029 832 3068; x_wconf 88' lang='lat' dir='ltr'><strong>res</strong></span> <span class='ocrx_word' id='word_1_286' title='bbox 860 3012 985 3084; x_wconf 90' lang='lat' dir='ltr'><strong>ejus</strong></span> <span class='ocrx_word' id='word_1_287' title='bbox 1010 3028 1222 3068; x_wconf 89' lang='lat' dir='ltr'><strong>omnes</strong></span> <span class='ocrx_word' id='word_1_288' title='bbox 1248 3013 1570 3084; x_wconf 82' lang='lat' dir='ltr'><strong>dirigebat)</strong></span> <span class='ocrx_word' id='word_1_289' title='bbox 1595 3013 1798 3068; x_wconf 88' lang='lat' dir='ltr'><strong>divina</strong></span> <span class='ocrx_word' id='word_1_290' title='bbox 1831 3013 2208 3070; x_wconf 86' lang='lat' dir='ltr'><strong>Providentia</strong></span> 
     </span>
    </p>
   </div>
   <div class='ocr_carea' id='block_1_45' title="bbox 2319 3002 3570 3087">
    <p class='ocr_par' dir='ltr' id='par_1_45' title="bbox 2319 3010 3570 3086">
     <span class='ocr_line' id='line_1_45' title="bbox 2319 3010 3570 3086; baseline -0.002 -20"><span class='ocrx_word' id='word_1_291' title='bbox 2319 3011 2378 3068; x_wconf 72' lang='grc' dir='ltr'><strong>δὲ</strong></span> <span class='ocrx_word' id='word_1_292' title='bbox 2429 3017 2560 3086; x_wconf 86' lang='grc' dir='ltr'><strong>μετὰ</strong></span> <span class='ocrx_word' id='word_1_293' title='bbox 2615 3021 2792 3066; x_wconf 82' lang='grc' dir='ltr'><strong>τοῦτον</strong></span> <span class='ocrx_word' id='word_1_294' title='bbox 2853 3016 3052 3086; x_wconf 82' lang='grc' dir='ltr'><strong>μάρτυς</strong></span> <span class='ocrx_word' id='word_1_295' title='bbox 3109 3010 3393 3080; x_wconf 80' lang='grc' dir='ltr'><strong>ἐδείκνυτο,</strong></span> <span class='ocrx_word' id='word_1_296' title='bbox 3473 3021 3570 3074; x_wconf 80' lang='grc' dir='ltr'><strong>τῆς</strong></span> 
     </span>
    </p>
   </div>
   <div class='ocr_carea' id='block_1_46' title="bbox 551 3101 2206 3174">
    <p class='ocr_par' dir='ltr' id='par_1_46' title="bbox 551 3101 2206 3174">
     <span class='ocr_line' id='line_1_46' title="bbox 551 3101 2206 3174; baseline -0.001 -15"><span class='ocrx_word' id='word_1_297' title='bbox 551 3102 987 3159; x_wconf 86' lang='lat' dir='ltr'><strong>custodivisset.</strong></span> <span class='ocrx_word' id='word_1_298' title='bbox 1038 3102 1346 3158; x_wconf 88' lang='lat' dir='ltr'><strong>Secundus</strong></span> <span class='ocrx_word' id='word_1_299' title='bbox 1375 3101 1449 3158; x_wconf 85' lang='lat' dir='ltr'><strong>ab</strong></span> <span class='ocrx_word' id='word_1_300' title='bbox 1474 3102 1587 3158; x_wconf 93' lang='lat' dir='ltr'><strong>hoc</strong></span> <span class='ocrx_word' id='word_1_301' title='bbox 1617 3107 1843 3174; x_wconf 85' lang='lat' dir='ltr'><strong>martyr</strong></span> <span class='ocrx_word' id='word_1_302' title='bbox 1888 3102 1995 3158; x_wconf 83' lang='lat' dir='ltr'><strong>fuit</strong></span> <span class='ocrx_word' id='word_1_303' title='bbox 2047 3105 2206 3159; x_wconf 87' lang='lat' dir='ltr'><strong>Sere-</strong></span> 
     </span>
    </p>
   </div>
   <div class='ocr_carea' id='block_1_47' title="bbox 543 3189 2208 3262">
    <p class='ocr_par' dir='ltr' id='par_1_47' title="bbox 543 3189 2208 3262">
     <span class='ocr_line' id='line_1_47' title="bbox 543 3189 2208 3262; baseline 0 -14"><span class='ocrx_word' id='word_1_304' title='bbox 543 3208 681 3258; x_wconf 85' lang='lat' dir='ltr'><strong>nus,</strong></span> <span class='ocrx_word' id='word_1_305' title='bbox 710 3191 814 3262; x_wconf 88' lang='lat' dir='ltr'><strong>qui</strong></span> <span class='ocrx_word' id='word_1_306' title='bbox 845 3207 916 3246; x_wconf 83' lang='lat' dir='ltr'><strong>ex</strong></span> <span class='ocrx_word' id='word_1_307' title='bbox 949 3189 1152 3246; x_wconf 89' lang='lat' dir='ltr'><strong>schola</strong></span> <span class='ocrx_word' id='word_1_308' title='bbox 1187 3191 1343 3246; x_wconf 90' lang='lat' dir='ltr'><strong>illius</strong></span> <span class='ocrx_word' id='word_1_309' title='bbox 1365 3191 1688 3262; x_wconf 85' lang='lat' dir='ltr'><strong>profectus,</strong></span> <span class='ocrx_word' id='word_1_310' title='bbox 1722 3196 2050 3262; x_wconf 86' lang='lat' dir='ltr'><strong>spectatam</strong></span> <span class='ocrx_word' id='word_1_311' title='bbox 2071 3192 2208 3248; x_wconf 87' lang='lat' dir='ltr'><strong>fidei</strong></span> 
     </span>
    </p>
   </div>
   <div class='ocr_carea' id='block_1_48' title="bbox 544 3279 2206 3352">
    <p class='ocr_par' dir='ltr' id='par_1_48' title="bbox 544 3279 2206 3352">
     <span class='ocr_line' id='line_1_48' title="bbox 544 3279 2206 3352; baseline -0.001 -15"><span class='ocrx_word' id='word_1_312' title='bbox 544 3279 942 3337; x_wconf 86' lang='lat' dir='ltr'><strong>constantiam</strong></span> <span class='ocrx_word' id='word_1_313' title='bbox 990 3279 1051 3334; x_wconf 92' lang='lat' dir='ltr'><strong>in</strong></span> <span class='ocrx_word' id='word_1_314' title='bbox 1103 3279 1240 3348; x_wconf 82' lang='lat' dir='ltr'><strong>igne</strong></span> <span class='ocrx_word' id='word_1_315' title='bbox 1295 3285 1498 3352; x_wconf 90' lang='lat' dir='ltr'><strong>aperte</strong></span> <span class='ocrx_word' id='word_1_316' title='bbox 1558 3280 1842 3336; x_wconf 84' lang='lat' dir='ltr'><strong>exhibuit.</strong></span> <span class='ocrx_word' id='word_1_317' title='bbox 1875 3281 2206 3336; x_wconf 83' lang='lat' dir='ltr'><strong>Heraclides</strong></span> 
     </span>
    </p>
   </div>
   <div class='ocr_carea' id='block_1_49' title="bbox 540 3367 2206 3442">
    <p class='ocr_par' dir='ltr' id='par_1_49' title="bbox 540 3367 2206 3442">
     <span class='ocr_line' id='line_1_49' title="bbox 540 3367 2206 3442; baseline -0.001 -17"><span class='ocrx_word' id='word_1_318' title='bbox 540 3384 724 3442; x_wconf 87' lang='lat' dir='ltr'><strong>porro</strong></span> <span class='ocrx_word' id='word_1_319' title='bbox 765 3367 1000 3423; x_wconf 89' lang='lat' dir='ltr'><strong>tertium</strong></span> <span class='ocrx_word' id='word_1_320' title='bbox 1029 3367 1289 3424; x_wconf 88' lang='lat' dir='ltr'><strong>obtinuit</strong></span> <span class='ocrx_word' id='word_1_321' title='bbox 1325 3368 1548 3436; x_wconf 86' lang='lat' dir='ltr'><strong>locum,</strong></span> <span class='ocrx_word' id='word_1_322' title='bbox 1582 3369 1753 3441; x_wconf 83' lang='lat'><strong>351</strong></span> <span class='ocrx_word' id='word_1_323' title='bbox 1817 3385 1956 3424; x_wconf 90' lang='lat' dir='ltr'><strong>cum</strong></span> <span class='ocrx_word' id='word_1_324' title='bbox 2007 3369 2206 3424; x_wconf 90' lang='lat' dir='ltr'><strong>adhuc</strong></span> 
     </span>
    </p>
   </div>
   <div class='ocr_carea' id='block_1_50' title="bbox 543 3456 2208 3529">
    <p class='ocr_par' dir='ltr' id='par_1_50' title="bbox 543 3456 2208 3529">
     <span class='ocr_line' id='line_1_50' title="bbox 543 3456 2208 3529; baseline -0.001 -14"><span class='ocrx_word' id='word_1_325' title='bbox 543 3459 606 3515; x_wconf 89' lang='lat' dir='ltr'><strong>in</strong></span> <span class='ocrx_word' id='word_1_326' title='bbox 636 3473 808 3514; x_wconf 87' lang='lat' dir='ltr'><strong>sacra</strong></span> <span class='ocrx_word' id='word_1_327' title='bbox 833 3457 1237 3513; x_wconf 89' lang='lat' dir='ltr'><strong>institueretur</strong></span> <span class='ocrx_word' id='word_1_328' title='bbox 1266 3456 1558 3522; x_wconf 86' lang='lat' dir='ltr'><strong>doctrina,</strong></span> <span class='ocrx_word' id='word_1_329' title='bbox 1595 3465 1796 3529; x_wconf 88' lang='lat' dir='ltr'><strong>utpote</strong></span> <span class='ocrx_word' id='word_1_330' title='bbox 1834 3457 2208 3514; x_wconf 88' lang='lat' dir='ltr'><strong>catechume-</strong></span> 
     </span>
    </p>
   </div>
   <div class='ocr_carea' id='block_1_51' title="bbox 543 3545 2209 3618">
    <p class='ocr_par' dir='ltr' id='par_1_51' title="bbox 543 3545 2209 3618">
     <span class='ocr_line' id='line_1_51' title="bbox 543 3545 2209 3618; baseline -0.001 -13"><span class='ocrx_word' id='word_1_331' title='bbox 543 3562 679 3605; x_wconf 82' lang='lat' dir='ltr'><strong>nus.</strong></span> <span class='ocrx_word' id='word_1_332' title='bbox 713 3548 970 3613; x_wconf 85' lang='lat' dir='ltr'><strong>Quartus</strong></span> <span class='ocrx_word' id='word_1_333' title='bbox 1011 3549 1202 3602; x_wconf 85' lang='lat' dir='ltr'><strong>Heron</strong></span> <span class='ocrx_word' id='word_1_334' title='bbox 1257 3545 1537 3618; x_wconf 84' lang='lat' dir='ltr'><strong>symbola</strong></span> <span class='ocrx_word' id='word_1_335' title='bbox 1575 3547 1650 3618; x_wconf 83' lang='grc' dir='ltr'><strong>(ι)</strong></span> <span class='ocrx_word' id='word_1_336' title='bbox 1680 3547 1878 3603; x_wconf 88' lang='lat' dir='ltr'><strong>adhuc</strong></span> <span class='ocrx_word' id='word_1_337' title='bbox 1935 3551 1989 3603; x_wconf 91' lang='lat' dir='ltr'><strong>et</strong></span> <span class='ocrx_word' id='word_1_338' title='bbox 2037 3547 2209 3618; x_wconf 86' lang='lat' dir='ltr'><strong>signa</strong></span> 
     </span>
    </p>
   </div>
   <div class='ocr_carea' id='block_1_52' title="bbox 543 3635 2206 3709">
    <p class='ocr_par' dir='ltr' id='par_1_52' title="bbox 543 3635 2206 3709">
     <span class='ocr_line' id='line_1_52' title="bbox 543 3635 2206 3709; baseline 0 -17"><span class='ocrx_word' id='word_1_339' title='bbox 543 3637 762 3692; x_wconf 67' lang='lat' dir='ltr'><strong>divinae</strong></span> <span class='ocrx_word' id='word_1_340' title='bbox 828 3636 979 3692; x_wconf 88' lang='lat' dir='ltr'><strong>lucis</strong></span> <span class='ocrx_word' id='word_1_341' title='bbox 1011 3635 1437 3694; x_wconf 86' lang='lat' dir='ltr'><strong>circumferens</strong></span> <span class='ocrx_word' id='word_1_342' title='bbox 1475 3637 1602 3708; x_wconf 82' lang='lat'><strong>(2):</strong></span> <span class='ocrx_word' id='word_1_343' title='bbox 1647 3637 1883 3708; x_wconf 87' lang='lat' dir='ltr'><strong>utrique</strong></span> <span class='ocrx_word' id='word_1_344' title='bbox 1931 3637 1967 3691; x_wconf 90' lang='lat' dir='ltr'><strong>ii</strong></span> <span class='ocrx_word' id='word_1_345' title='bbox 2006 3637 2206 3709; x_wconf 87' lang='lat' dir='ltr'><strong>gladio</strong></span> 
     </span>
    </p>
   </div>
   <div class='ocr_carea' id='block_1_53' title="bbox 543 3723 2209 3796">
    <p class='ocr_par' dir='ltr' id='par_1_53' title="bbox 543 3723 2209 3796">
     <span class='ocr_line' id='line_1_53' title="bbox 543 3723 2209 3796; baseline 0.001 -16"><span class='ocrx_word' id='word_1_346' title='bbox 543 3729 684 3782; x_wconf 81' lang='lat' dir='ltr'><strong>sunt</strong></span> <span class='ocrx_word' id='word_1_347' title='bbox 707 3723 998 3796; x_wconf 88' lang='lat' dir='ltr'><strong>percussi.</strong></span> <span class='ocrx_word' id='word_1_348' title='bbox 1033 3724 1284 3790; x_wconf 88' lang='lat' dir='ltr'><strong>Quintus</strong></span> <span class='ocrx_word' id='word_1_349' title='bbox 1315 3725 1542 3790; x_wconf 87' lang='lat' dir='ltr'><strong>ordine,</strong></span> <span class='ocrx_word' id='word_1_350' title='bbox 1577 3725 1796 3782; x_wconf 67' lang='lat' dir='ltr'><strong>scholae</strong></span> <span class='ocrx_word' id='word_1_351' title='bbox 1825 3725 1980 3781; x_wconf 89' lang='lat' dir='ltr'><strong>illius</strong></span> <span class='ocrx_word' id='word_1_352' title='bbox 2021 3725 2209 3782; x_wconf 90' lang='lat' dir='ltr'><strong>alum-</strong></span> 
     </span>
    </p>
   </div>
   <div class='ocr_carea' id='block_1_54' title="bbox 544 3813 2210 3887">
    <p class='ocr_par' dir='ltr' id='par_1_54' title="bbox 544 3813 2210 3887">
     <span class='ocr_line' id='line_1_54' title="bbox 544 3813 2210 3887; baseline 0.001 -17"><span class='ocrx_word' id='word_1_353' title='bbox 544 3829 684 3880; x_wconf 89' lang='lat' dir='ltr'><strong>nus,</strong></span> <span class='ocrx_word' id='word_1_354' title='bbox 725 3813 908 3884; x_wconf 89' lang='lat' dir='ltr'><strong>priori</strong></span> <span class='ocrx_word' id='word_1_355' title='bbox 957 3813 1036 3868; x_wconf 90' lang='lat' dir='ltr'><strong>illi</strong></span> <span class='ocrx_word' id='word_1_356' title='bbox 1085 3815 1484 3882; x_wconf 87' lang='lat' dir='ltr'><strong>cognominis,</strong></span> <span class='ocrx_word' id='word_1_357' title='bbox 1541 3817 1796 3872; x_wconf 90' lang='lat' dir='ltr'><strong>Serenus</strong></span> <span class='ocrx_word' id='word_1_358' title='bbox 1844 3815 2009 3880; x_wconf 90' lang='lat' dir='ltr'><strong>alter,</strong></span> <span class='ocrx_word' id='word_1_359' title='bbox 2073 3821 2210 3887; x_wconf 89' lang='lat' dir='ltr'><strong>post</strong></span> 
     </span>
    </p>
   </div>
   <div class='ocr_carea' id='block_1_55' title="bbox 546 3901 2208 3976">
    <p class='ocr_par' dir='ltr' id='par_1_55' title="bbox 546 3901 2208 3976">
     <span class='ocr_line' id='line_1_55' title="bbox 546 3901 2208 3976; baseline 0 -18"><span class='ocrx_word' id='word_1_360' title='bbox 546 3901 990 3976; x_wconf 88' lang='lat' dir='ltr'><strong>quamplurima</strong></span> <span class='ocrx_word' id='word_1_361' title='bbox 1014 3908 1430 3959; x_wconf 86' lang='lat' dir='ltr'><strong>tormentorum</strong></span> <span class='ocrx_word' id='word_1_362' title='bbox 1460 3903 1831 3971; x_wconf 87' lang='lat' dir='ltr'><strong>discrimina,</strong></span> <span class='ocrx_word' id='word_1_363' title='bbox 1864 3921 1970 3976; x_wconf 90' lang='lat' dir='ltr'><strong>per</strong></span> <span class='ocrx_word' id='word_1_364' title='bbox 1996 3906 2208 3976; x_wconf 87' lang='lat' dir='ltr'><strong>capitis</strong></span> 
     </span>
    </p>
   </div>
   <div class='ocr_carea' id='block_1_56' title="bbox 547 3993 2208 4064">
    <p class='ocr_par' dir='ltr' id='par_1_56' title="bbox 547 3993 2208 4064">
     <span class='ocr_line' id='line_1_56' title="bbox 547 3993 2208 4064; baseline -0.001 -14"><span class='ocrx_word' id='word_1_365' title='bbox 547 3993 963 4061; x_wconf 87' lang='lat' dir='ltr'><strong>resectionem,</strong></span> <span class='ocrx_word' id='word_1_366' title='bbox 994 4009 1104 4064; x_wconf 89' lang='lat' dir='ltr'><strong>pro</strong></span> <span class='ocrx_word' id='word_1_367' title='bbox 1135 4009 1288 4048; x_wconf 71' lang='lat' dir='ltr'><strong>verte</strong></span> <span class='ocrx_word' id='word_1_368' title='bbox 1335 3993 1568 4064; x_wconf 88' lang='lat' dir='ltr'><strong>pietatis</strong></span> <span class='ocrx_word' id='word_1_369' title='bbox 1617 3994 1884 4064; x_wconf 66' lang='lat' dir='ltr'><strong>praemio,</strong></span> <span class='ocrx_word' id='word_1_370' title='bbox 1939 3993 2208 4049; x_wconf 89' lang='lat' dir='ltr'><strong>divinam</strong></span> 
     </span>
    </p>
   </div>
   <div class='ocr_carea' id='block_1_57' title="bbox 550 4081 2207 4154">
    <p class='ocr_par' dir='ltr' id='par_1_57' title="bbox 550 4081 2207 4154">
     <span class='ocr_line' id='line_1_57' title="bbox 550 4081 2207 4154; baseline -0.001 -16"><span class='ocrx_word' id='word_1_371' title='bbox 550 4081 752 4153; x_wconf 64' lang='lat' dir='ltr'><strong>gloria</strong></span> <span class='ocrx_word' id='word_1_372' title='bbox 783 4082 1039 4154; x_wconf 88' lang='lat' dir='ltr'><strong>suscepit</strong></span> <span class='ocrx_word' id='word_1_373' title='bbox 1068 4097 1377 4138; x_wconf 87' lang='lat' dir='ltr'><strong>coronam.</strong></span> <span class='ocrx_word' id='word_1_374' title='bbox 1411 4084 1621 4138; x_wconf 84' lang='lat' dir='ltr'><strong>Sextus</strong></span> <span class='ocrx_word' id='word_1_375' title='bbox 1643 4082 1858 4138; x_wconf 90' lang='lat' dir='ltr'><strong>deinde</strong></span> <span class='ocrx_word' id='word_1_376' title='bbox 1895 4083 2207 4150; x_wconf 83' lang='lat' dir='ltr'><strong>Basilides,</strong></span> 
     </span>
    </p>
   </div>
   <div class='ocr_carea' id='block_1_58' title="bbox 551 4170 2211 4243">
    <p class='ocr_par' dir='ltr' id='par_1_58' title="bbox 551 4170 2211 4243">
     <span class='ocr_line' id='line_1_58' title="bbox 551 4170 2211 4243; baseline 0.001 -17"><span class='ocrx_word' id='word_1_377' title='bbox 551 4170 654 4243; x_wconf 91' lang='lat' dir='ltr'><strong>qui</strong></span> <span class='ocrx_word' id='word_1_378' title='bbox 672 4170 1052 4226; x_wconf 89' lang='lat' dir='ltr'><strong>decantatam</strong></span> <span class='ocrx_word' id='word_1_379' title='bbox 1073 4171 1235 4227; x_wconf 90' lang='lat' dir='ltr'><strong>illam</strong></span> <span class='ocrx_word' id='word_1_380' title='bbox 1257 4173 1706 4236; x_wconf 71' lang='lat' dir='ltr'><strong>Potamiienam,</strong></span> <span class='ocrx_word' id='word_1_381' title='bbox 1739 4189 1806 4228; x_wconf 80' lang='lat' dir='ltr'><strong>ex</strong></span> <span class='ocrx_word' id='word_1_382' title='bbox 1827 4173 2211 4230; x_wconf 90' lang='lat' dir='ltr'><strong>commisera-</strong></span> 
     </span>
    </p>
   </div>
   <div class='ocr_carea' id='block_1_59' title="bbox 551 4259 2211 4334">
    <p class='ocr_par' dir='ltr' id='par_1_59' title="bbox 551 4259 2211 4334">
     <span class='ocr_line' id='line_1_59' title="bbox 551 4259 2211 4334; baseline 0.001 -18"><span class='ocrx_word' id='word_1_383' title='bbox 551 4259 712 4316; x_wconf 82' lang='lat' dir='ltr'><strong>tione</strong></span> <span class='ocrx_word' id='word_1_384' title='bbox 741 4259 820 4315; x_wconf 91' lang='lat' dir='ltr'><strong>ab</strong></span> <span class='ocrx_word' id='word_1_385' title='bbox 851 4259 1296 4332; x_wconf 87' lang='lat' dir='ltr'><strong>impudicorum</strong></span> <span class='ocrx_word' id='word_1_386' title='bbox 1317 4261 1644 4318; x_wconf 90' lang='lat' dir='ltr'><strong>multorum</strong></span> <span class='ocrx_word' id='word_1_387' title='bbox 1673 4260 1962 4334; x_wconf 89' lang='lat' dir='ltr'><strong>petulanti</strong></span> <span class='ocrx_word' id='word_1_388' title='bbox 1987 4260 2211 4333; x_wconf 87' lang='lat' dir='ltr'><strong>injuria</strong></span> 
     </span>
    </p>
   </div>
   <div class='ocr_carea' id='block_1_60' title="bbox 551 4347 902 4405">
    <p class='ocr_par' dir='ltr' id='par_1_60' title="bbox 551 4347 902 4405">
     <span class='ocr_line' id='line_1_60' title="bbox 551 4347 902 4405; baseline 0.003 -1"><span class='ocrx_word' id='word_1_389' title='bbox 551 4347 902 4405; x_wconf 88' lang='lat' dir='ltr'><strong>vindicavit.</strong></span> 
     </span>
    </p>
   </div>
   <div class='ocr_carea' id='block_1_61' title="bbox 1195 4455 1566 4513">
    <p class='ocr_par' dir='ltr' id='par_1_61' title="bbox 1195 4455 1566 4513">
     <span class='ocr_line' id='line_1_61' title="bbox 1195 4455 1566 4513; baseline 0 -1"><span class='ocrx_word' id='word_1_390' title='bbox 1195 4455 1420 4513; x_wconf 81' lang='lat' dir='ltr'><strong>CAPUT</strong></span> <span class='ocrx_word' id='word_1_391' title='bbox 1451 4455 1566 4512; x_wconf 83' lang='lat' dir='ltr'><strong>VII.</strong></span> 
     </span>
    </p>
   </div>
   <div class='ocr_carea' id='block_1_62' title="bbox 733 4562 2028 4636">
    <p class='ocr_par' dir='ltr' id='par_1_62' title="bbox 733 4562 2028 4636">
     <span class='ocr_line' id='line_1_62' title="bbox 733 4562 2028 4636; baseline 0.001 -18"><span class='ocrx_word' id='word_1_392' title='bbox 733 4564 816 4620; x_wconf 84' lang='lat' dir='ltr'><strong>De</strong></span> <span class='ocrx_word' id='word_1_393' title='bbox 852 4562 1150 4632; x_wconf 79' lang='lat' dir='ltr'><strong>discipula</strong></span> <span class='ocrx_word' id='word_1_394' title='bbox 1179 4565 1305 4634; x_wconf 86' lang='lat' dir='ltr'><strong>ejus</strong></span> <span class='ocrx_word' id='word_1_395' title='bbox 1346 4565 1712 4622; x_wconf 77' lang='lat' dir='ltr'><strong>Potamiama</strong></span> <span class='ocrx_word' id='word_1_396' title='bbox 1741 4571 2028 4636; x_wconf 78' lang='lat' dir='ltr'><strong>martyre.</strong></span> 
     </span>
    </p>
   </div>
   <div class='ocr_carea' id='block_1_63' title="bbox 631 4741 2208 4816">
    <p class='ocr_par' dir='ltr' id='par_1_63' title="bbox 631 4741 2208 4816">
     <span class='ocr_line' id='line_1_63' title="bbox 631 4741 2208 4816; baseline 0.001 -18"><span class='ocrx_word' id='word_1_397' title='bbox 631 4745 710 4799; x_wconf 87' lang='lat' dir='ltr'><strong>Ex</strong></span> <span class='ocrx_word' id='word_1_398' title='bbox 745 4741 983 4799; x_wconf 84' lang='lat' dir='ltr'><strong>feminis</strong></span> <span class='ocrx_word' id='word_1_399' title='bbox 1005 4745 1206 4799; x_wconf 87' lang='lat' dir='ltr'><strong>autem</strong></span> <span class='ocrx_word' id='word_1_400' title='bbox 1232 4742 1490 4814; x_wconf 88' lang='lat' dir='ltr'><strong>septima</strong></span> <span class='ocrx_word' id='word_1_401' title='bbox 1537 4748 1624 4798; x_wconf 87' lang='lat' dir='ltr'><strong>est</strong></span> <span class='ocrx_word' id='word_1_402' title='bbox 1653 4743 1808 4810; x_wconf 80' lang='lat' dir='ltr'><strong>Bais,</strong></span> <span class='ocrx_word' id='word_1_403' title='bbox 1844 4759 1980 4816; x_wconf 69' lang='lat' dir='ltr'><strong>quae</strong></span> <span class='ocrx_word' id='word_1_404' title='bbox 2010 4743 2208 4800; x_wconf 85' lang='lat' dir='ltr'><strong>adhuc</strong></span> 
     </span>
    </p>
   </div>
   <div class='ocr_carea' id='block_1_64' title="bbox 553 4831 2209 4905">
    <p class='ocr_par' dir='ltr' id='par_1_64' title="bbox 553 4831 2209 4905">
     <span class='ocr_line' id='line_1_64' title="bbox 553 4831 2209 4905; baseline 0.001 -17"><span class='ocrx_word' id='word_1_405' title='bbox 553 4832 630 4888; x_wconf 88' lang='lat' dir='ltr'><strong>de</strong></span> <span class='ocrx_word' id='word_1_406' title='bbox 657 4831 776 4888; x_wconf 88' lang='lat' dir='ltr'><strong>ﬁde</strong></span> <span class='ocrx_word' id='word_1_407' title='bbox 807 4836 864 4887; x_wconf 90' lang='lat' dir='ltr'><strong>et</strong></span> <span class='ocrx_word' id='word_1_408' title='bbox 895 4833 1080 4888; x_wconf 87' lang='lat' dir='ltr'><strong>sacris</strong></span> <span class='ocrx_word' id='word_1_409' title='bbox 1109 4833 1330 4888; x_wconf 90' lang='lat' dir='ltr'><strong>nostris</strong></span> <span class='ocrx_word' id='word_1_410' title='bbox 1357 4831 1799 4900; x_wconf 88' lang='lat' dir='ltr'><strong>instituebatur,</strong></span> <span class='ocrx_word' id='word_1_411' title='bbox 1828 4838 1884 4888; x_wconf 93' lang='lat' dir='ltr'><strong>et</strong></span> <span class='ocrx_word' id='word_1_412' title='bbox 1905 4833 2209 4905; x_wconf 88' lang='lat' dir='ltr'><strong>baptismo</strong></span> 
     </span>
    </p>
   </div>
   <div class='ocr_carea' id='block_1_65' title="bbox 553 4920 2207 4994">
    <p class='ocr_par' dir='ltr' id='par_1_65' title="bbox 553 4920 2207 4994">
     <span class='ocr_line' id='line_1_65' title="bbox 553 4920 2207 4994; baseline 0.001 -18"><span class='ocrx_word' id='word_1_413' title='bbox 553 4921 748 4990; x_wconf 88' lang='lat' dir='ltr'><strong>(sicuti</strong></span> <span class='ocrx_word' id='word_1_414' title='bbox 797 4920 1016 4976; x_wconf 90' lang='lat' dir='ltr'><strong>alicubi</strong></span> <span class='ocrx_word' id='word_1_415' title='bbox 1074 4921 1201 4992; x_wconf 90' lang='lat' dir='ltr'><strong>ipse</strong></span> <span class='ocrx_word' id='word_1_416' title='bbox 1262 4921 1423 4992; x_wconf 90' lang='lat' dir='ltr'><strong>dicit)</strong></span> <span class='ocrx_word' id='word_1_417' title='bbox 1491 4937 1596 4992; x_wconf 88' lang='lat' dir='ltr'><strong>per</strong></span> <span class='ocrx_word' id='word_1_418' title='bbox 1651 4923 1850 4993; x_wconf 89' lang='lat' dir='ltr'><strong>ignem</strong></span> <span class='ocrx_word' id='word_1_419' title='bbox 1909 4929 2207 4994; x_wconf 82' lang='lat' dir='ltr'><strong>suscepto,</strong></span> 
     </span>
    </p>
   </div>
   <div class='ocr_carea' id='block_1_66' title="bbox 552 5007 2207 5082">
    <p class='ocr_par' dir='ltr' id='par_1_66' title="bbox 552 5007 2207 5082">
     <span class='ocr_line' id='line_1_66' title="bbox 552 5007 2207 5082; baseline 0.001 -18"><span class='ocrx_word' id='word_1_420' title='bbox 552 5009 908 5082; x_wconf 87' lang='lat' dir='ltr'><strong>martyrium</strong></span> <span class='ocrx_word' id='word_1_421' title='bbox 957 5007 1296 5080; x_wconf 89' lang='lat' dir='ltr'><strong>complevit.</strong></span> <span class='ocrx_word' id='word_1_422' title='bbox 1331 5010 1551 5065; x_wconf 90' lang='lat' dir='ltr'><strong>Octava</strong></span> <span class='ocrx_word' id='word_1_423' title='bbox 1589 5025 1768 5081; x_wconf 90' lang='lat' dir='ltr'><strong>porro</strong></span> <span class='ocrx_word' id='word_1_424' title='bbox 1826 5011 2207 5074; x_wconf 70' lang='lat' dir='ltr'><strong>Potamiaena,</strong></span> 
     </span>
    </p>
   </div>
   <div class='ocr_carea' id='block_1_67' title="bbox 553 5098 2210 5172">
    <p class='ocr_par' dir='ltr' id='par_1_67' title="bbox 553 5098 2210 5172">
     <span class='ocr_line' id='line_1_67' title="bbox 553 5098 2210 5172; baseline 0.001 -16"><span class='ocrx_word' id='word_1_425' title='bbox 553 5099 730 5172; x_wconf 84' lang='lat' dir='ltr'><strong>cujus</strong></span> <span class='ocrx_word' id='word_1_426' title='bbox 777 5098 978 5154; x_wconf 89' lang='lat' dir='ltr'><strong>adhuc</strong></span> <span class='ocrx_word' id='word_1_427' title='bbox 1029 5099 1274 5154; x_wconf 90' lang='lat' dir='ltr'><strong>celebris</strong></span> <span class='ocrx_word' id='word_1_428' title='bbox 1331 5103 1420 5154; x_wconf 88' lang='lat' dir='ltr'><strong>est</strong></span> <span class='ocrx_word' id='word_1_429' title='bbox 1477 5099 1638 5170; x_wconf 89' lang='lat' dir='ltr'><strong>apud</strong></span> <span class='ocrx_word' id='word_1_430' title='bbox 1695 5099 2016 5171; x_wconf 84' lang='lat' dir='ltr'><strong>populares</strong></span> <span class='ocrx_word' id='word_1_431' title='bbox 2069 5117 2210 5156; x_wconf 89' lang='lat' dir='ltr'><strong>suos</strong></span> 
     </span>
    </p>
   </div>
   <div class='ocr_carea' id='block_1_68' title="bbox 553 5185 2210 5260">
    <p class='ocr_par' dir='ltr' id='par_1_68' title="bbox 553 5185 2210 5260">
     <span class='ocr_line' id='line_1_68' title="bbox 553 5185 2210 5260; baseline 0.002 -18"><span class='ocrx_word' id='word_1_432' title='bbox 553 5186 720 5242; x_wconf 78' lang='lat' dir='ltr'><strong>fama</strong></span> <span class='ocrx_word' id='word_1_433' title='bbox 749 5203 762 5241; x_wconf 94' lang='lat'>:</span> <span class='ocrx_word' id='word_1_434' title='bbox 795 5192 858 5241; x_wconf 90' lang='lat' dir='ltr'><strong>ut</strong></span> <span class='ocrx_word' id='word_1_435' title='bbox 887 5186 1105 5242; x_wconf 88' lang='lat' dir='ltr'><strong>scilicet</strong></span> <span class='ocrx_word' id='word_1_436' title='bbox 1155 5185 1433 5258; x_wconf 88' lang='lat' dir='ltr'><strong>plurima,</strong></span> <span class='ocrx_word' id='word_1_437' title='bbox 1463 5193 1668 5242; x_wconf 89' lang='lat' dir='ltr'><strong>contra</strong></span> <span class='ocrx_word' id='word_1_438' title='bbox 1726 5195 2046 5256; x_wconf 87' lang='lat' dir='ltr'><strong>amatores,</strong></span> <span class='ocrx_word' id='word_1_439' title='bbox 2101 5205 2210 5260; x_wconf 88' lang='lat' dir='ltr'><strong>pro</strong></span> 
     </span>
    </p>
   </div>
   <div class='ocr_carea' id='block_1_69' title="bbox 555 5275 2211 5348">
    <p class='ocr_par' dir='ltr' id='par_1_69' title="bbox 555 5275 2211 5348">
     <span class='ocr_line' id='line_1_69' title="bbox 555 5275 2211 5348; baseline 0.002 -17"><span class='ocrx_word' id='word_1_440' title='bbox 555 5275 843 5348; x_wconf 88' lang='lat' dir='ltr'><strong>pudicitia</strong></span> <span class='ocrx_word' id='word_1_441' title='bbox 872 5280 929 5330; x_wconf 91' lang='lat' dir='ltr'><strong>et</strong></span> <span class='ocrx_word' id='word_1_442' title='bbox 959 5275 1292 5344; x_wconf 84' lang='lat' dir='ltr'><strong>virginitate</strong></span> <span class='ocrx_word' id='word_1_443' title='bbox 1334 5292 1448 5331; x_wconf 87' lang='lat' dir='ltr'><strong>sua</strong></span> <span class='ocrx_word' id='word_1_444' title='bbox 1478 5277 1720 5344; x_wconf 86' lang='lat' dir='ltr'><strong>tuenda,</strong></span> <span class='ocrx_word' id='word_1_445' title='bbox 1749 5277 1994 5334; x_wconf 87' lang='lat' dir='ltr'><strong>subierit</strong></span> <span class='ocrx_word' id='word_1_446' title='bbox 2021 5284 2211 5335; x_wconf 87' lang='lat' dir='ltr'><strong>certa-</strong></span> 
     </span>
    </p>
   </div>
   <div class='ocr_carea' id='block_1_70' title="bbox 557 5363 2211 5434">
    <p class='ocr_par' dir='ltr' id='par_1_70' title="bbox 557 5363 2211 5434">
     <span class='ocr_line' id='line_1_70' title="bbox 557 5363 2211 5434; baseline 0.002 -12"><span class='ocrx_word' id='word_1_447' title='bbox 557 5365 724 5422; x_wconf 88' lang='lat' dir='ltr'><strong>mina</strong></span> <span class='ocrx_word' id='word_1_448' title='bbox 780 5363 1126 5434; x_wconf 89' lang='lat' dir='ltr'><strong>(accedebat</strong></span> <span class='ocrx_word' id='word_1_449' title='bbox 1189 5365 1350 5422; x_wconf 90' lang='lat' dir='ltr'><strong>enim</strong></span> <span class='ocrx_word' id='word_1_450' title='bbox 1413 5367 1474 5422; x_wconf 88' lang='lat' dir='ltr'><strong>in</strong></span> <span class='ocrx_word' id='word_1_451' title='bbox 1539 5383 1612 5422; x_wconf 89' lang='lat' dir='ltr'><strong>ea</strong></span> <span class='ocrx_word' id='word_1_452' title='bbox 1667 5367 1932 5423; x_wconf 88' lang='lat' dir='ltr'><strong>ﬂorentis</strong></span> <span class='ocrx_word' id='word_1_453' title='bbox 1991 5368 2211 5425; x_wconf 72' lang='lat' dir='ltr'><strong>animae</strong></span> 
     </span>
    </p>
   </div>
   <div class='ocr_carea' id='block_1_71' title="bbox 557 5454 2212 5526">
    <p class='ocr_par' dir='ltr' id='par_1_71' title="bbox 557 5454 2212 5526">
     <span class='ocr_line' id='line_1_71' title="bbox 557 5454 2212 5526; baseline 0.001 -15"><span class='ocrx_word' id='word_1_454' title='bbox 557 5454 1046 5522; x_wconf 89' lang='lat' dir='ltr'><strong>ulchritudinem,</strong></span> <span class='ocrx_word' id='word_1_455' title='bbox 1105 5455 1284 5510; x_wconf 89' lang='lat' dir='ltr'><strong>etiam</strong></span> <span class='ocrx_word' id='word_1_456' title='bbox 1335 5455 1548 5524; x_wconf 89' lang='lat' dir='ltr'><strong>forma,</strong></span> <span class='ocrx_word' id='word_1_457' title='bbox 1573 5461 1630 5512; x_wconf 90' lang='lat' dir='ltr'><strong>et</strong></span> <span class='ocrx_word' id='word_1_458' title='bbox 1663 5457 1830 5526; x_wconf 83' lang='lat' dir='ltr'><strong>vigor</strong></span> <span class='ocrx_word' id='word_1_459' title='bbox 1879 5457 2080 5513; x_wconf 91' lang='lat' dir='ltr'><strong>vultus</strong></span> <span class='ocrx_word' id='word_1_460' title='bbox 2121 5459 2212 5514; x_wconf 89' lang='lat' dir='ltr'><strong>in-</strong></span> 
     </span>
    </p>
   </div>
   <div class='ocr_carea' id='block_1_72' title="bbox 633 5597 1674 5678">
    <p class='ocr_par' dir='ltr' id='par_1_72' title="bbox 633 5597 1674 5678">
     <span class='ocr_line' id='line_1_72' title="bbox 633 5597 1674 5678; baseline 0.004 -28"><span class='ocrx_word' id='word_1_461' title='bbox 633 5597 713 5671; x_wconf 89' lang='lat' dir='ltr'><strong>(t)</strong></span> <span class='ocrx_word' id='word_1_462' title='bbox 753 5599 816 5654; x_wconf 89' lang='lat' dir='ltr'><strong>In</strong></span> <span class='ocrx_word' id='word_1_463' title='bbox 859 5613 1027 5658; x_wconf 87' lang='lat' dir='ltr'><strong>sacro</strong></span> <span class='ocrx_word' id='word_1_464' title='bbox 1049 5598 1354 5676; x_wconf 88' lang='lat' dir='ltr'><strong>baptismo</strong></span> <span class='ocrx_word' id='word_1_465' title='bbox 1379 5605 1674 5678; x_wconf 88' lang='lat' dir='ltr'><strong>suscepta.</strong></span> 
     </span>
    </p>
   </div>
   <div class='ocr_carea' id='block_1_73' title="bbox 2241 4311 2288 4366">
    <p class='ocr_par' dir='ltr' id='par_1_73' title="bbox 2241 4311 2288 4366">
     <span class='ocr_line' id='line_1_73' title="bbox 2241 4311 2288 4366; baseline 0 0"><span class='ocrx_word' id='word_1_466' title='bbox 2241 4311 2288 4366; x_wconf 93' lang='lat' dir='ltr'><strong>D</strong></span> 
     </span>
    </p>
   </div>
   <div class='ocr_carea' id='block_1_74' title="bbox 2933 1655 3315 1736">
    <p class='ocr_par' dir='ltr' id='par_1_74' title="bbox 2933 1655 3315 1736">
     <span class='ocr_line' id='line_1_74' title="bbox 2933 1655 3315 1736; baseline 0.008 -30"><span class='ocrx_word' id='word_1_467' title='bbox 2933 1655 3176 1708; x_wconf 74' lang='grc' dir='ltr'><strong>ΚΕΦΑΛ.</strong></span> <span class='ocrx_word' id='word_1_468' title='bbox 3217 1655 3315 1736; x_wconf 76' lang='grc' dir='ltr'><strong>ς’.</strong></span> 
     </span>
    </p>
   </div>
   <div class='ocr_carea' id='block_1_75' title="bbox 2321 1757 3858 1836">
    <p class='ocr_par' dir='ltr' id='par_1_75' title="bbox 2321 1757 3858 1836">
     <span class='ocr_line' id='line_1_75' title="bbox 2321 1757 3858 1836; baseline -0.005 -20"><span class='ocrx_word' id='word_1_469' title='bbox 2321 1767 2497 1825; x_wconf 84' lang='grc' dir='ltr'><strong>Τίνες</strong></span> <span class='ocrx_word' id='word_1_470' title='bbox 2571 1764 2666 1814; x_wconf 78' lang='grc' dir='ltr'><strong>ὑπ’</strong></span> <span class='ocrx_word' id='word_1_471' title='bbox 2725 1761 2911 1836; x_wconf 52' lang='lat'><strong>0261-9</strong></span> <span class='ocrx_word' id='word_1_472' title='bbox 2946 1757 3534 1836; x_wconf 78' lang='grc' dir='ltr'><strong>καθοδηγηθίντες,</strong></span> <span class='ocrx_word' id='word_1_473' title='bbox 3611 1779 3858 1836; x_wconf 74' lang='grc' dir='ltr'><strong>μαρτυρμ</strong></span> 
     </span>
    </p>
   </div>
   <div class='ocr_carea' id='block_1_76' title="bbox 2515 1833 3708 1906">
    <p class='ocr_par' dir='ltr' id='par_1_76' title="bbox 2515 1833 3708 1906">
     <span class='ocr_line' id='line_1_76' title="bbox 2515 1833 3708 1906; baseline -0.003 -20"><span class='ocrx_word' id='word_1_474' title='bbox 2515 1841 2659 1896; x_wconf 87' lang='grc' dir='ltr'><strong>κοῖς</strong></span> <span class='ocrx_word' id='word_1_475' title='bbox 2713 1835 3056 1906; x_wconf 73' lang='grc' dir='ltr'><strong>στεφάνοις</strong></span> <span class='ocrx_word' id='word_1_476' title='bbox 3095 1837 3472 1904; x_wconf 84' lang='grc' dir='ltr'><strong>κατεκοσμὴ</strong></span> <span class='ocrx_word' id='word_1_477' title='bbox 3493 1833 3708 1889; x_wconf 63' lang='grc' dir='ltr'><strong>θησανζ</strong></span> 
     </span>
    </p>
   </div>
   <div class='ocr_carea' id='block_1_77' title="bbox 2395 1939 3856 2012">
    <p class='ocr_par' dir='ltr' id='par_1_77' title="bbox 2395 1939 3856 2012">
     <span class='ocr_line' id='line_1_77' title="bbox 2395 1939 3856 2012; baseline -0.003 -19"><span class='ocrx_word' id='word_1_478' title='bbox 2395 1940 2619 2002; x_wconf 85' lang='grc' dir='ltr'><strong>Πολλούς</strong></span> <span class='ocrx_word' id='word_1_479' title='bbox 2653 1959 2714 2012; x_wconf 74' lang='grc' dir='ltr'><strong>γε</strong></span> <span class='ocrx_word' id='word_1_480' title='bbox 2763 1944 2866 2012; x_wconf 80' lang='grc' dir='ltr'><strong>μὴν</strong></span> <span class='ocrx_word' id='word_1_481' title='bbox 2907 1944 2998 1991; x_wconf 85' lang='grc' dir='ltr'><strong>καὶ</strong></span> <span class='ocrx_word' id='word_1_482' title='bbox 3029 1947 3130 1991; x_wconf 81' lang='grc' dir='ltr'><strong>τῶν</strong></span> <span class='ocrx_word' id='word_1_483' title='bbox 3173 1947 3430 2012; x_wconf 80' lang='grc' dir='ltr'><strong>φοιτητῶν</strong></span> <span class='ocrx_word' id='word_1_484' title='bbox 3477 1941 3560 1990; x_wconf 72' lang='grc' dir='ltr'><strong>ἐπὶ</strong></span> <span class='ocrx_word' id='word_1_485' title='bbox 3615 1941 3696 1989; x_wconf 83' lang='grc' dir='ltr'><strong>τὸν</strong></span> <span class='ocrx_word' id='word_1_486' title='bbox 3733 1939 3856 2008; x_wconf 62' lang='grc' dir='ltr'><strong>ὅμοιον</strong></span> 
     </span>
    </p>
   </div>
   <div class='ocr_carea' id='block_1_78' title="bbox 2321 2028 3858 2102">
    <p class='ocr_par' dir='ltr' id='par_1_78' title="bbox 2321 2028 3858 2102">
     <span class='ocr_line' id='line_1_78' title="bbox 2321 2028 3858 2102; baseline -0.003 -20"><span class='ocrx_word' id='word_1_487' title='bbox 2321 2037 2408 2091; x_wconf 79' lang='grc' dir='ltr'><strong>τῆς</strong></span> <span class='ocrx_word' id='word_1_488' title='bbox 2479 2031 2782 2102; x_wconf 72' lang='grc' dir='ltr'><strong>φιλοσοφίας</strong></span> <span class='ocrx_word' id='word_1_489' title='bbox 2837 2028 2978 2099; x_wconf 77' lang='grc' dir='ltr'><strong>αὐτῷ</strong></span> <span class='ocrx_word' id='word_1_490' title='bbox 3035 2028 3338 2102; x_wconf 77' lang='grc' dir='ltr'><strong>ἀνηρέθισεν</strong></span> <span class='ocrx_word' id='word_1_491' title='bbox 3413 2031 3599 2100; x_wconf 81' lang='grc' dir='ltr'><strong>ἔρωτα,</strong></span> <span class='ocrx_word' id='word_1_492' title='bbox 3655 2033 3734 2079; x_wconf 83' lang='grc' dir='ltr'><strong>καὶ</strong></span> <span class='ocrx_word' id='word_1_493' title='bbox 3791 2035 3858 2078; x_wconf 73' lang='grc' dir='ltr'><strong>τῶν</strong></span> 
     </span>
    </p>
   </div>
   <div class='ocr_carea' id='block_1_79' title="bbox 2321 2113 3860 2186">
    <p class='ocr_par' dir='ltr' id='par_1_79' title="bbox 2321 2113 3860 2186">
     <span class='ocr_line' id='line_1_79' title="bbox 2321 2113 3860 2186; baseline -0.003 -16"><span class='ocrx_word' id='word_1_494' title='bbox 2321 2117 2422 2170; x_wconf 83' lang='grc' dir='ltr'><strong>ἀπὸ</strong></span> <span class='ocrx_word' id='word_1_495' title='bbox 2451 2128 2542 2180; x_wconf 87' lang='grc' dir='ltr'><strong>τῆς</strong></span> <span class='ocrx_word' id='word_1_496' title='bbox 2584 2121 2736 2171; x_wconf 84' lang='grc' dir='ltr'><strong>νόθον</strong></span> <span class='ocrx_word' id='word_1_497' title='bbox 2767 2113 3120 2178; x_wconf 76' lang='grc' dir='ltr'><strong>διδασκαλίας</strong></span> <span class='ocrx_word' id='word_1_498' title='bbox 3161 2137 3174 2149; x_wconf 88' lang='grc'><strong>·</strong></span> <span class='ocrx_word' id='word_1_499' title='bbox 3225 2117 3298 2177; x_wconf 78' lang='grc' dir='ltr'><strong>οἷς</strong></span> <span class='ocrx_word' id='word_1_500' title='bbox 3337 2113 3478 2176; x_wconf 83' lang='grc' dir='ltr'><strong>δῆτα</strong></span> <span class='ocrx_word' id='word_1_501' title='bbox 3516 2121 3604 2168; x_wconf 84' lang='grc' dir='ltr'><strong>καὶ</strong></span> <span class='ocrx_word' id='word_1_502' title='bbox 3637 2119 3755 2168; x_wconf 79' lang='grc' dir='ltr'><strong>κατὰ</strong></span> <span class='ocrx_word' id='word_1_503' title='bbox 3795 2114 3860 2186; x_wconf 61' lang='grc' dir='ltr'><strong>βά.</strong></span> 
     </span>
    </p>
   </div>
   <div class='ocr_carea' id='block_1_80' title="bbox 2325 2205 3858 2281">
    <p class='ocr_par' dir='ltr' id='par_1_80' title="bbox 2325 2205 3858 2281">
     <span class='ocr_line' id='line_1_80' title="bbox 2325 2205 3858 2281; baseline -0.004 -20"><span class='ocrx_word' id='word_1_504' title='bbox 2325 2211 2445 2270; x_wconf 88' lang='grc' dir='ltr'><strong>θους</strong></span> <span class='ocrx_word' id='word_1_505' title='bbox 2485 2209 2673 2281; x_wconf 74' lang='grc' dir='ltr'><strong>ψυχῆς</strong></span> <span class='ocrx_word' id='word_1_506' title='bbox 2721 2211 2806 2260; x_wconf 87' lang='grc' dir='ltr'><strong>τὸν</strong></span> <span class='ocrx_word' id='word_1_507' title='bbox 2869 2210 3000 2260; x_wconf 84' lang='grc' dir='ltr'><strong>θεῖον</strong></span> <span class='ocrx_word' id='word_1_508' title='bbox 3057 2217 3152 2270; x_wconf 85' lang='grc' dir='ltr'><strong>τῆς</strong></span> <span class='ocrx_word' id='word_1_509' title='bbox 3209 2213 3437 2268; x_wconf 84' lang='grc' dir='ltr'><strong>πίστεως</strong></span> <span class='ocrx_word' id='word_1_510' title='bbox 3493 2207 3642 2278; x_wconf 75' lang='grc' dir='ltr'><strong>λόγον</strong></span> <span class='ocrx_word' id='word_1_511' title='bbox 3697 2205 3858 2276; x_wconf 70' lang='grc' dir='ltr'><strong>ἔγκατα-</strong></span> 
     </span>
    </p>
   </div>
   <div class='ocr_carea' id='block_1_81' title="bbox 2324 2293 3860 2372">
    <p class='ocr_par' dir='ltr' id='par_1_81' title="bbox 2324 2293 3860 2372">
     <span class='ocr_line' id='line_1_81' title="bbox 2324 2293 3860 2372; baseline -0.004 -21"><span class='ocrx_word' id='word_1_512' title='bbox 2324 2303 2568 2372; x_wconf 83' lang='grc' dir='ltr'><strong>σπείρων,</strong></span> <span class='ocrx_word' id='word_1_513' title='bbox 2629 2298 2790 2359; x_wconf 78' lang='grc' dir='ltr'><strong>οὕτως</strong></span> <span class='ocrx_word' id='word_1_514' title='bbox 2847 2300 3043 2370; x_wconf 85' lang='grc' dir='ltr'><strong>ὦριμον</strong></span> <span class='ocrx_word' id='word_1_515' title='bbox 3103 2293 3362 2370; x_wconf 72' lang='grc' dir='ltr'><strong>ἒδρίψατο</strong></span> <span class='ocrx_word' id='word_1_516' title='bbox 3415 2299 3508 2349; x_wconf 86' lang='grc' dir='ltr'><strong>τὸν</strong></span> <span class='ocrx_word' id='word_1_517' title='bbox 3577 2299 3772 2370; x_wconf 83' lang='grc' dir='ltr'><strong>καρπὸν,</strong></span> <span class='ocrx_word' id='word_1_518' title='bbox 3815 2299 3860 2356; x_wconf 63' lang='grc' dir='ltr'><strong>ὡς</strong></span> 
     </span>
    </p>
   </div>
   <div class='ocr_carea' id='block_1_82' title="bbox 2321 2382 3858 2458">
    <p class='ocr_par' dir='ltr' id='par_1_82' title="bbox 2321 2382 3858 2458">
     <span class='ocr_line' id='line_1_82' title="bbox 2321 2382 3858 2458; baseline -0.004 -18"><span class='ocrx_word' id='word_1_519' title='bbox 2321 2393 2408 2442; x_wconf 86' lang='grc' dir='ltr'><strong>καὶ</strong></span> <span class='ocrx_word' id='word_1_520' title='bbox 2438 2409 2579 2451; x_wconf 87' lang='grc' dir='ltr'><strong>τινας</strong></span> <span class='ocrx_word' id='word_1_521' title='bbox 2607 2388 2772 2440; x_wconf 76' lang='grc' dir='ltr'><strong>αὐτῶν</strong></span> <span class='ocrx_word' id='word_1_522' title='bbox 2825 2395 2894 2457; x_wconf 76' lang='grc' dir='ltr'><strong>τῷ</strong></span> <span class='ocrx_word' id='word_1_523' title='bbox 2947 2395 3048 2438; x_wconf 87' lang='grc' dir='ltr'><strong>τῶν</strong></span> <span class='ocrx_word' id='word_1_524' title='bbox 3133 2382 3382 2458; x_wconf 72' lang='grc' dir='ltr'><strong>διωγμῶν</strong></span> <span class='ocrx_word' id='word_1_525' title='bbox 3412 2393 3584 2458; x_wconf 81' lang='grc' dir='ltr'><strong>καιρῷ</strong></span> <span class='ocrx_word' id='word_1_526' title='bbox 3627 2389 3858 2458; x_wconf 65' lang='grc' dir='ltr'><strong>μαρτυρίου</strong></span> 
     </span>
    </p>
   </div>
   <div class='ocr_carea' id='block_1_83' title="bbox 2323 2473 3858 2552">
    <p class='ocr_par' dir='ltr' id='par_1_83' title="bbox 2323 2473 3858 2552">
     <span class='ocr_line' id='line_1_83' title="bbox 2323 2473 3858 2552; baseline -0.005 -22"><span class='ocrx_word' id='word_1_527' title='bbox 2323 2481 2590 2550; x_wconf 76' lang='grc' dir='ltr'><strong>στεφάνοις</strong></span> <span class='ocrx_word' id='word_1_528' title='bbox 2623 2473 2988 2552; x_wconf 71' lang='grc' dir='ltr'><strong>ἓνδιαπρίψαι.</strong></span> <span class='ocrx_word' id='word_1_529' title='bbox 3031 2482 3236 2550; x_wconf 87' lang='grc' dir='ltr'><strong>Πρῶτος</strong></span> <span class='ocrx_word' id='word_1_530' title='bbox 3286 2480 3483 2542; x_wconf 84' lang='grc' dir='ltr'><strong>τοίνυν,</strong></span> <span class='ocrx_word' id='word_1_531' title='bbox 3535 2477 3590 2527; x_wconf 80' lang='grc' dir='ltr'><strong>ὃν</strong></span> <span class='ocrx_word' id='word_1_532' title='bbox 3621 2475 3858 2546; x_wconf 75' lang='grc' dir='ltr'><strong>εἰρήκαμεν,</strong></span> 
     </span>
    </p>
   </div>
   <div class='ocr_carea' id='block_1_84' title="bbox 2321 2561 3856 2638">
    <p class='ocr_par' dir='ltr' id='par_1_84' title="bbox 2321 2561 3856 2638">
     <span class='ocr_line' id='line_1_84' title="bbox 2321 2561 3856 2638; baseline -0.003 -20"><span class='ocrx_word' id='word_1_533' title='bbox 2321 2565 2664 2638; x_wconf 84' lang='grc' dir='ltr'><strong>Πλούταρχος</strong></span> <span class='ocrx_word' id='word_1_534' title='bbox 2721 2562 2782 2624; x_wconf 78' lang='grc' dir='ltr'><strong>ἦν</strong></span> <span class='ocrx_word' id='word_1_535' title='bbox 2811 2585 2824 2598; x_wconf 81' lang='grc'><em>’</em></span> <span class='ocrx_word' id='word_1_536' title='bbox 2885 2561 2944 2616; x_wconf 80' lang='grc' dir='ltr'><strong>οὗ</strong></span> <span class='ocrx_word' id='word_1_537' title='bbox 2998 2563 3326 2636; x_wconf 74' lang='grc' dir='ltr'><strong>ἀπαγομένου</strong></span> <span class='ocrx_word' id='word_1_538' title='bbox 3383 2569 3480 2622; x_wconf 80' lang='grc' dir='ltr'><strong>τὴν</strong></span> <span class='ocrx_word' id='word_1_539' title='bbox 3535 2563 3618 2616; x_wconf 85' lang='grc' dir='ltr'><strong>ἐπὶ</strong></span> <span class='ocrx_word' id='word_1_540' title='bbox 3677 2565 3856 2622; x_wconf 72' lang='grc' dir='ltr'><strong>θάνατον,</strong></span> 
     </span>
    </p>
   </div>
   <div class='ocr_carea' id='block_1_85' title="bbox 2318 2651 3856 2730">
    <p class='ocr_par' dir='ltr' id='par_1_85' title="bbox 2318 2651 3856 2730">
     <span class='ocr_line' id='line_1_85' title="bbox 2318 2651 3856 2730; baseline -0.003 -23"><span class='ocrx_word' id='word_1_541' title='bbox 2318 2664 2508 2730; x_wconf 83' lang='grc' dir='ltr'><strong>μικροῦ</strong></span> <span class='ocrx_word' id='word_1_542' title='bbox 2557 2660 2646 2708; x_wconf 80' lang='grc' dir='ltr'><strong>καὶ</strong></span> <span class='ocrx_word' id='word_1_543' title='bbox 2725 2659 2993 2730; x_wconf 76' lang='grc' dir='ltr'><strong>Ὠριγίνης</strong></span> <span class='ocrx_word' id='word_1_544' title='bbox 3071 2657 3197 2728; x_wconf 83' lang='grc' dir='ltr'><strong>πρὸς</strong></span> <span class='ocrx_word' id='word_1_545' title='bbox 3265 2663 3364 2706; x_wconf 84' lang='grc' dir='ltr'><strong>τῶν</strong></span> <span class='ocrx_word' id='word_1_546' title='bbox 3440 2657 3633 2706; x_wconf 75' lang='grc' dir='ltr'><strong>ἑκείνου</strong></span> <span class='ocrx_word' id='word_1_547' title='bbox 3685 2651 3856 2726; x_wconf 62' lang='grc' dir='ltr'><strong>ἀνῄρητο</strong></span> 
     </span>
    </p>
   </div>
   <div class='ocr_carea' id='block_1_86' title="bbox 2318 2741 3858 2816">
    <p class='ocr_par' dir='ltr' id='par_1_86' title="bbox 2318 2741 3858 2816">
     <span class='ocr_line' id='line_1_86' title="bbox 2318 2741 3858 2816; baseline -0.003 -18"><span class='ocrx_word' id='word_1_548' title='bbox 2318 2745 2560 2811; x_wconf 81' lang='grc' dir='ltr'><strong>πολιτῶν,</strong></span> <span class='ocrx_word' id='word_1_549' title='bbox 2597 2749 2667 2807; x_wconf 84' lang='grc' dir='ltr'><strong>ὡς</strong></span> <span class='ocrx_word' id='word_1_550' title='bbox 2709 2749 2871 2807; x_wconf 84' lang='grc' dir='ltr'><strong>αἴτιος</strong></span> <span class='ocrx_word' id='word_1_551' title='bbox 2902 2749 3044 2814; x_wconf 85' lang='grc' dir='ltr'><strong>αύτῷ</strong></span> <span class='ocrx_word' id='word_1_552' title='bbox 3099 2753 3190 2805; x_wconf 87' lang='grc' dir='ltr'><strong>τῆς</strong></span> <span class='ocrx_word' id='word_1_553' title='bbox 3247 2751 3341 2796; x_wconf 81' lang='grc' dir='ltr'><strong>τοῦ</strong></span> <span class='ocrx_word' id='word_1_554' title='bbox 3399 2741 3528 2816; x_wconf 80' lang='grc' dir='ltr'><strong>βίου</strong></span> <span class='ocrx_word' id='word_1_555' title='bbox 3572 2747 3858 2815; x_wconf 65' lang='grc' dir='ltr'><strong>χρηματίσας</strong></span> 
     </span>
    </p>
   </div>
   <div class='ocr_carea' id='block_1_87' title="bbox 2317 2828 3858 2908">
    <p class='ocr_par' dir='ltr' id='par_1_87' title="bbox 2317 2828 3858 2908">
     <span class='ocr_line' id='line_1_87' title="bbox 2317 2828 3858 2908; baseline -0.003 -22"><span class='ocrx_word' id='word_1_556' title='bbox 2317 2835 2640 2908; x_wconf 70' lang='grc' dir='ltr'><strong>ἀπαλλαγῆς,</strong></span> <span class='ocrx_word' id='word_1_557' title='bbox 2681 2835 2726 2887; x_wconf 86' lang='grc' dir='ltr'><strong>εἰ</strong></span> <span class='ocrx_word' id='word_1_558' title='bbox 2755 2839 2826 2907; x_wconf 76' lang='grc' dir='ltr'><strong>μὴ</strong></span> <span class='ocrx_word' id='word_1_559' title='bbox 2875 2843 3055 2887; x_wconf 84' lang='grc' dir='ltr'><strong>τοῦτον</strong></span> <span class='ocrx_word' id='word_1_560' title='bbox 3087 2831 3240 2895; x_wconf 80' lang='grc' dir='ltr'><strong>αὖθις</strong></span> <span class='ocrx_word' id='word_1_561' title='bbox 3269 2837 3298 2892; x_wconf 75' lang='grc' dir='ltr'><em>ἡ</em></span> <span class='ocrx_word' id='word_1_562' title='bbox 3332 2837 3398 2886; x_wconf 82' lang='grc' dir='ltr'><strong>τὰ</strong></span> <span class='ocrx_word' id='word_1_563' title='bbox 3445 2834 3560 2886; x_wconf 84' lang='grc' dir='ltr'><strong>κατ’</strong></span> <span class='ocrx_word' id='word_1_564' title='bbox 3587 2833 3726 2885; x_wconf 69' lang='grc' dir='ltr'><strong>αὐτὸν</strong></span> <span class='ocrx_word' id='word_1_565' title='bbox 3753 2828 3858 2892; x_wconf 80' lang='grc' dir='ltr'><strong>διεξ-</strong></span> 
     </span>
    </p>
   </div>
   <div class='ocr_carea' id='block_1_88' title="bbox 2317 2919 3857 2998">
    <p class='ocr_par' dir='ltr' id='par_1_88' title="bbox 2317 2919 3857 2998">
     <span class='ocr_line' id='line_1_88' title="bbox 2317 2919 3857 2998; baseline -0.003 -22"><span class='ocrx_word' id='word_1_566' title='bbox 2317 2928 2524 2995; x_wconf 72' lang='grc' dir='ltr'><strong>άγουσα</strong></span> <span class='ocrx_word' id='word_1_567' title='bbox 2593 2929 2706 2978; x_wconf 84' lang='grc' dir='ltr'><strong>θεία</strong></span> <span class='ocrx_word' id='word_1_568' title='bbox 2761 2929 2978 2998; x_wconf 66' lang='grc' dir='ltr'><strong>προνοια</strong></span> <span class='ocrx_word' id='word_1_569' title='bbox 3051 2925 3326 2996; x_wconf 82' lang='grc' dir='ltr'><strong>ὑπέρτερον</strong></span> <span class='ocrx_word' id='word_1_570' title='bbox 3383 2919 3638 2996; x_wconf 79' lang='grc' dir='ltr'><strong>διετήρει.</strong></span> <span class='ocrx_word' id='word_1_571' title='bbox 3699 2929 3857 2992; x_wconf 67' lang='grc' dir='ltr'><strong>Σιρῆνις</strong></span> 
     </span>
    </p>
   </div>
   <div class='ocr_carea' id='block_1_89' title="bbox 3643 3009 3858 3084">
    <p class='ocr_par' dir='ltr' id='par_1_89' title="bbox 3643 3009 3858 3084">
     <span class='ocr_line' id='line_1_89' title="bbox 3643 3009 3858 3084; baseline 0.009 -20"><span class='ocrx_word' id='word_1_572' title='bbox 3643 3009 3674 3064; x_wconf 83' lang='grc' dir='ltr'><strong>δ</strong></span> <span class='ocrx_word' id='word_1_573' title='bbox 3681 3009 3858 3084; x_wconf 65' lang='grc' dir='ltr'><strong>ιατριϐὲς</strong></span> 
     </span>
    </p>
   </div>
   <div class='ocr_carea' id='block_1_90' title="bbox 2317 3099 3856 3176">
    <p class='ocr_par' dir='ltr' id='par_1_90' title="bbox 2317 3099 3856 3176">
     <span class='ocr_line' id='line_1_90' title="bbox 2317 3099 3856 3176; baseline -0.005 -21"><span class='ocrx_word' id='word_1_574' title='bbox 2317 3103 2508 3156; x_wconf 85' lang='grc' dir='ltr'><strong>ἐκείνου</strong></span> <span class='ocrx_word' id='word_1_575' title='bbox 2545 3107 2825 3176; x_wconf 77' lang='grc' dir='ltr'><strong>τυγχάνων</strong></span> <span class='ocrx_word' id='word_1_576' title='bbox 2859 3119 2872 3133; x_wconf 91' lang='grc'><strong>·</strong></span> <span class='ocrx_word' id='word_1_577' title='bbox 2919 3107 2977 3154; x_wconf 87' lang='grc' dir='ltr'><strong>τὸ</strong></span> <span class='ocrx_word' id='word_1_578' title='bbox 3033 3099 3250 3174; x_wconf 80' lang='grc' dir='ltr'><strong>δόκιμον</strong></span> <span class='ocrx_word' id='word_1_579' title='bbox 3291 3110 3386 3164; x_wconf 83' lang='grc' dir='ltr'><strong>τῆς</strong></span> <span class='ocrx_word' id='word_1_580' title='bbox 3438 3107 3660 3164; x_wconf 86' lang='grc' dir='ltr'><strong>πίστεως</strong></span> <span class='ocrx_word' id='word_1_581' title='bbox 3695 3103 3738 3153; x_wconf 75' lang='grc' dir='ltr'><strong>ἓν</strong></span> <span class='ocrx_word' id='word_1_582' title='bbox 3767 3105 3856 3172; x_wconf 69' lang='grc' dir='ltr'><strong>πνρὶ</strong></span> 
     </span>
    </p>
   </div>
   <div class='ocr_carea' id='block_1_91' title="bbox 2315 3185 3854 3266">
    <p class='ocr_par' dir='ltr' id='par_1_91' title="bbox 2315 3185 3854 3266">
     <span class='ocr_line' id='line_1_91' title="bbox 2315 3185 3854 3266; baseline -0.001 -22"><span class='ocrx_word' id='word_1_583' title='bbox 2315 3197 2600 3266; x_wconf 66' lang='grc' dir='ltr'><strong>καταφανὲς</strong></span> <span class='ocrx_word' id='word_1_584' title='bbox 2679 3190 2976 3255; x_wconf 76' lang='grc' dir='ltr'><strong>ὑποδείξας.</strong></span> <span class='ocrx_word' id='word_1_585' title='bbox 3044 3192 3158 3246; x_wconf 82' lang='grc' dir='ltr'><strong>Ἐπὶ</strong></span> <span class='ocrx_word' id='word_1_586' title='bbox 3233 3189 3302 3250; x_wconf 81' lang='grc' dir='ltr'><strong>δὴ</strong></span> <span class='ocrx_word' id='word_1_587' title='bbox 3369 3195 3538 3262; x_wconf 50' lang='grc' dir='ltr'><strong>τούτῳ</strong></span> <span class='ocrx_word' id='word_1_588' title='bbox 3615 3197 3762 3266; x_wconf 85' lang='grc' dir='ltr'><strong>τρίτος</strong></span> <span class='ocrx_word' id='word_1_589' title='bbox 3817 3185 3854 3242; x_wconf 70' lang='grc' dir='ltr'><strong>ἓν</strong></span> 
     </span>
    </p>
   </div>
   <div class='ocr_carea' id='block_1_92' title="bbox 2313 3280 3856 3354">
    <p class='ocr_par' dir='ltr' id='par_1_92' title="bbox 2313 3280 3856 3354">
     <span class='ocr_line' id='line_1_92' title="bbox 2313 3280 3856 3354; baseline -0.003 -18"><span class='ocrx_word' id='word_1_590' title='bbox 2313 3280 2673 3354; x_wconf 76' lang='grc' dir='ltr'><strong>Ἡρακλείδης,</strong></span> <span class='ocrx_word' id='word_1_591' title='bbox 2719 3285 2794 3334; x_wconf 81' lang='grc' dir='ltr'><strong>ἔτι</strong></span> <span class='ocrx_word' id='word_1_592' title='bbox 2849 3287 2934 3335; x_wconf 83' lang='grc' dir='ltr'><strong>τὸν</strong></span> <span class='ocrx_word' id='word_1_593' title='bbox 2991 3285 3122 3354; x_wconf 79' lang='grc' dir='ltr'><strong>ἱερὸν</strong></span> <span class='ocrx_word' id='word_1_594' title='bbox 3169 3285 3570 3354; x_wconf 80' lang='grc' dir='ltr'><strong>κατηχούμενος</strong></span> <span class='ocrx_word' id='word_1_595' title='bbox 3614 3281 3856 3352; x_wconf 72' lang='grc' dir='ltr'><strong>λόγον.ΚΞὶ</strong></span> 
     </span>
    </p>
   </div>
   <div class='ocr_carea' id='block_1_93' title="bbox 2316 3371 3943 3446">
    <p class='ocr_par' dir='ltr' id='par_1_93' title="bbox 2316 3371 3943 3446">
     <span class='ocr_line' id='line_1_93' title="bbox 2316 3371 3943 3446; baseline -0.004 -22"><span class='ocrx_word' id='word_1_596' title='bbox 2316 3372 2465 3434; x_wconf 75' lang='grc' dir='ltr'><strong>ἄλλος</strong></span> <span class='ocrx_word' id='word_1_597' title='bbox 2495 3375 2739 3446; x_wconf 78' lang='grc' dir='ltr'><strong>τέταρτος</strong></span> <span class='ocrx_word' id='word_1_598' title='bbox 2766 3389 2778 3401; x_wconf 92' lang='grc'><strong>·</strong></span> <span class='ocrx_word' id='word_1_599' title='bbox 2833 3371 3006 3446; x_wconf 72' lang='grc' dir='ltr'><strong>’Πρων</strong></span> <span class='ocrx_word' id='word_1_600' title='bbox 3048 3373 3106 3429; x_wconf 75' lang='grc' dir='ltr'><strong>ἦν</strong></span> <span class='ocrx_word' id='word_1_601' title='bbox 3161 3376 3301 3442; x_wconf 77' lang='grc' dir='ltr'><strong>αὐτῷ</strong></span> <span class='ocrx_word' id='word_1_602' title='bbox 3333 3376 3496 3444; x_wconf 82' lang='grc' dir='ltr'><strong>ὄνομα</strong></span> <span class='ocrx_word' id='word_1_603' title='bbox 3523 3389 3536 3402; x_wconf 72' lang='grc' dir='ltr'><strong>ο</strong></span> <span class='ocrx_word' id='word_1_604' title='bbox 3589 3375 3662 3424; x_wconf 80' lang='grc' dir='ltr'><strong>ἔτι</strong></span> <span class='ocrx_word' id='word_1_605' title='bbox 3687 3373 3744 3422; x_wconf 73' lang='grc' dir='ltr'><strong>τὰ</strong></span> <span class='ocrx_word' id='word_1_606' title='bbox 3766 3372 3856 3438; x_wconf 69' lang='grc' dir='ltr'><strong>σύμ·</strong></span> <span class='ocrx_word' id='word_1_607' title='bbox 3941 3397 3943 3403; x_wconf 73' lang='grc' dir='ltr'><strong>ι</strong></span> 
     </span>
    </p>
   </div>
   <div class='ocr_carea' id='block_1_94' title="bbox 2317 3455 3856 3536">
    <p class='ocr_par' dir='ltr' id='par_1_94' title="bbox 2317 3455 3856 3536">
     <span class='ocr_line' id='line_1_94' title="bbox 2317 3455 3856 3536; baseline -0.003 -23"><span class='ocrx_word' id='word_1_608' title='bbox 2317 3460 2443 3514; x_wconf 81' lang='grc' dir='ltr'><strong>ϐολα</strong></span> <span class='ocrx_word' id='word_1_609' title='bbox 2485 3468 2578 3513; x_wconf 85' lang='grc' dir='ltr'><strong>τοῦ</strong></span> <span class='ocrx_word' id='word_1_610' title='bbox 2635 3463 2772 3513; x_wconf 86' lang='grc' dir='ltr'><strong>θείου</strong></span> <span class='ocrx_word' id='word_1_611' title='bbox 2822 3465 2987 3533; x_wconf 76' lang='grc' dir='ltr'><strong>φωτὸς</strong></span> <span class='ocrx_word' id='word_1_612' title='bbox 3049 3466 3420 3536; x_wconf 87' lang='grc' dir='ltr'><strong>περικείμενος,</strong></span> <span class='ocrx_word' id='word_1_613' title='bbox 3481 3467 3583 3515; x_wconf 77' lang='grc' dir='ltr'><strong>Καὶ</strong></span> <span class='ocrx_word' id='word_1_614' title='bbox 3639 3459 3770 3532; x_wconf 72' lang='grc' dir='ltr'><strong>ἄμφω</strong></span> <span class='ocrx_word' id='word_1_615' title='bbox 3819 3455 3856 3508; x_wconf 69' lang='grc' dir='ltr'><strong>δε</strong></span> 
     </span>
    </p>
   </div>
   <div class='ocr_carea' id='block_1_95' title="bbox 2317 3547 3855 3623">
    <p class='ocr_par' dir='ltr' id='par_1_95' title="bbox 2317 3547 3855 3623">
     <span class='ocr_line' id='line_1_95' title="bbox 2317 3547 3855 3623; baseline -0.004 -21"><span class='ocrx_word' id='word_1_616' title='bbox 2317 3551 2448 3623; x_wconf 78' lang='grc' dir='ltr'><strong>ξίφει</strong></span> <span class='ocrx_word' id='word_1_617' title='bbox 2491 3553 2577 3602; x_wconf 87' lang='grc' dir='ltr'><strong>τὸν</strong></span> <span class='ocrx_word' id='word_1_618' title='bbox 2625 3549 2740 3622; x_wconf 82' lang='grc' dir='ltr'><strong>βίον</strong></span> <span class='ocrx_word' id='word_1_619' title='bbox 2787 3550 3134 3622; x_wconf 77' lang='grc' dir='ltr'><strong>μετήλλαξαν.</strong></span> <span class='ocrx_word' id='word_1_620' title='bbox 3199 3549 3406 3622; x_wconf 83' lang='grc' dir='ltr'><strong>Ἕτερος</strong></span> <span class='ocrx_word' id='word_1_621' title='bbox 3457 3547 3516 3604; x_wconf 74' lang='grc' dir='ltr'><strong>δε</strong></span> <span class='ocrx_word' id='word_1_622' title='bbox 3565 3558 3772 3622; x_wconf 74' lang='grc' dir='ltr'><strong>Σερῆνος,</strong></span> <span class='ocrx_word' id='word_1_623' title='bbox 3811 3557 3855 3612; x_wconf 67' lang='grc' dir='ltr'><strong>τῷ</strong></span> 
     </span>
    </p>
   </div>
   <div class='ocr_carea' id='block_1_96' title="bbox 2317 3637 3855 3712">
    <p class='ocr_par' dir='ltr' id='par_1_96' title="bbox 2317 3637 3855 3712">
     <span class='ocr_line' id='line_1_96' title="bbox 2317 3637 3855 3712; baseline -0.003 -20"><span class='ocrx_word' id='word_1_624' title='bbox 2317 3645 2503 3712; x_wconf 83' lang='grc' dir='ltr'><strong>πρώτῳ</strong></span> <span class='ocrx_word' id='word_1_625' title='bbox 2556 3641 2844 3712; x_wconf 79' lang='grc' dir='ltr'><strong>ὁμώνυμος,</strong></span> <span class='ocrx_word' id='word_1_626' title='bbox 2903 3644 3136 3712; x_wconf 82' lang='grc' dir='ltr'><strong>πέμπτος</strong></span> <span class='ocrx_word' id='word_1_627' title='bbox 3188 3637 3340 3701; x_wconf 84' lang='grc' dir='ltr'><strong>οὗτος</strong></span> <span class='ocrx_word' id='word_1_628' title='bbox 3390 3649 3485 3702; x_wconf 82' lang='grc' dir='ltr'><strong>τῆς</strong></span> <span class='ocrx_word' id='word_1_629' title='bbox 3543 3639 3719 3692; x_wconf 76' lang='grc' dir='ltr'><strong>ἐκείνου</strong></span> <span class='ocrx_word' id='word_1_630' title='bbox 3761 3655 3855 3707; x_wconf 64' lang='grc' dir='ltr'><strong>σκῦ-</strong></span> 
     </span>
    </p>
   </div>
   <div class='ocr_carea' id='block_1_97' title="bbox 2315 3723 3856 3800">
    <p class='ocr_par' dir='ltr' id='par_1_97' title="bbox 2315 3723 3856 3800">
     <span class='ocr_line' id='line_1_97' title="bbox 2315 3723 3856 3800; baseline -0.004 -20"><span class='ocrx_word' id='word_1_631' title='bbox 2315 3727 2424 3790; x_wconf 84' lang='grc' dir='ltr'><strong>λῆς,</strong></span> <span class='ocrx_word' id='word_1_632' title='bbox 2486 3723 2637 3782; x_wconf 78' lang='grc' dir='ltr'><strong>ἆθλον</strong></span> <span class='ocrx_word' id='word_1_633' title='bbox 2686 3729 2947 3791; x_wconf 69' lang='grc' dir='ltr'><strong>εὐσεϐείας</strong></span> <span class='ocrx_word' id='word_1_634' title='bbox 3024 3731 3156 3800; x_wconf 81' lang='grc' dir='ltr'><strong>μετὰ</strong></span> <span class='ocrx_word' id='word_1_635' title='bbox 3229 3729 3479 3788; x_wconf 72' lang='grc' dir='ltr'><strong>πλείστην</strong></span> <span class='ocrx_word' id='word_1_636' title='bbox 3555 3729 3676 3786; x_wconf 80' lang='grc' dir='ltr'><strong>ὅσην</strong></span> <span class='ocrx_word' id='word_1_637' title='bbox 3725 3733 3856 3798; x_wconf 63' lang='grc' dir='ltr'><strong>πεῖραι</strong></span> 
     </span>
    </p>
   </div>
   <div class='ocr_carea' id='block_1_98' title="bbox 2319 3813 3939 3891">
    <p class='ocr_par' dir='ltr' id='par_1_98' title="bbox 2319 3813 3939 3891">
     <span class='ocr_line' id='line_1_98' title="bbox 2319 3813 3939 3891; baseline 0.001 -21"><span class='ocrx_word' id='word_1_638' title='bbox 2319 3815 2520 3884; x_wconf 83' lang='grc' dir='ltr'><strong>δεινῶν,</strong></span> <span class='ocrx_word' id='word_1_639' title='bbox 2579 3823 2668 3870; x_wconf 84' lang='grc' dir='ltr'><strong>καὶ</strong></span> <span class='ocrx_word' id='word_1_640' title='bbox 2715 3817 2938 3891; x_wconf 76' lang='grc' dir='ltr'><strong>κεφαλῆς</strong></span> <span class='ocrx_word' id='word_1_641' title='bbox 2989 3817 3232 3890; x_wconf 77' lang='grc' dir='ltr'><strong>ἐκτομὴν,</strong></span> <span class='ocrx_word' id='word_1_642' title='bbox 3289 3822 3374 3870; x_wconf 86' lang='grc' dir='ltr'><strong>τὸν</strong></span> <span class='ocrx_word' id='word_1_643' title='bbox 3437 3821 3570 3871; x_wconf 86' lang='grc' dir='ltr'><strong>θεῖον</strong></span> <span class='ocrx_word' id='word_1_644' title='bbox 3623 3827 3707 3878; x_wconf 79' lang='grc' dir='ltr'><strong>τῆς</strong></span> <span class='ocrx_word' id='word_1_645' title='bbox 3743 3813 3854 3876; x_wconf 67' lang='grc' dir='ltr'><strong>δόξης</strong></span> <span class='ocrx_word' id='word_1_646' title='bbox 3937 3845 3939 3884; x_wconf 68' lang='grc' dir='ltr'><strong>ς</strong></span> 
     </span>
    </p>
   </div>
   <div class='ocr_carea' id='block_1_99' title="bbox 2317 3901 3848 3980">
    <p class='ocr_par' dir='ltr' id='par_1_99' title="bbox 2317 3901 3848 3980">
     <span class='ocr_line' id='line_1_99' title="bbox 2317 3901 3848 3980; baseline -0.004 -22"><span class='ocrx_word' id='word_1_647' title='bbox 2317 3909 2578 3980; x_wconf 79' lang='grc' dir='ltr'><strong>περιέθετο</strong></span> <span class='ocrx_word' id='word_1_648' title='bbox 2651 3911 2918 3980; x_wconf 71' lang='grc' dir='ltr'><strong>στέφανον.</strong></span> <span class='ocrx_word' id='word_1_649' title='bbox 2967 3907 3144 3968; x_wconf 81' lang='grc' dir='ltr'><strong>Ἕκτος</strong></span> <span class='ocrx_word' id='word_1_650' title='bbox 3213 3907 3291 3960; x_wconf 82' lang='grc' dir='ltr'><strong>ἐπ’</strong></span> <span class='ocrx_word' id='word_1_651' title='bbox 3349 3907 3526 3980; x_wconf 83' lang='grc' dir='ltr'><strong>ἐκείνῳ</strong></span> <span class='ocrx_word' id='word_1_652' title='bbox 3585 3901 3848 3961; x_wconf 67' lang='grc' dir='ltr'><strong>Βασιλείδης.</strong></span> 
     </span>
    </p>
   </div>
   <div class='ocr_carea' id='block_1_100' title="bbox 2319 3993 3851 4070">
    <p class='ocr_par' dir='ltr' id='par_1_100' title="bbox 2319 3993 3851 4070">
     <span class='ocr_line' id='line_1_100' title="bbox 2319 3993 3851 4070; baseline -0.003 -23"><span class='ocrx_word' id='word_1_653' title='bbox 2319 3997 2344 4047; x_wconf 86' lang='grc' dir='ltr'><strong><em>ὁ</em></strong></span> <span class='ocrx_word' id='word_1_654' title='bbox 2375 4001 2467 4053; x_wconf 79' lang='grc' dir='ltr'><strong>τὴν</strong></span> <span class='ocrx_word' id='word_1_655' title='bbox 2515 3996 2820 4070; x_wconf 78' lang='grc' dir='ltr'><strong>περιϐόητον</strong></span> <span class='ocrx_word' id='word_1_656' title='bbox 2873 4002 3226 4070; x_wconf 86' lang='grc' dir='ltr'><strong>Ποταμίαιναν</strong></span> <span class='ocrx_word' id='word_1_657' title='bbox 3281 4005 3374 4060; x_wconf 78' lang='grc' dir='ltr'><strong>τῆς</strong></span> <span class='ocrx_word' id='word_1_658' title='bbox 3419 4007 3520 4050; x_wconf 82' lang='grc' dir='ltr'><strong>τῶν</strong></span> <span class='ocrx_word' id='word_1_659' title='bbox 3559 3997 3742 4050; x_wconf 77' lang='grc' dir='ltr'><strong>πολλῶν</strong></span> <span class='ocrx_word' id='word_1_660' title='bbox 3767 3993 3851 4044; x_wconf 66' lang='lat' dir='ltr'><strong>iero-</strong></span> 
     </span>
    </p>
   </div>
   <div class='ocr_carea' id='block_1_101' title="bbox 2317 4083 3852 4162">
    <p class='ocr_par' dir='ltr' id='par_1_101' title="bbox 2317 4083 3852 4162">
     <span class='ocr_line' id='line_1_101' title="bbox 2317 4083 3852 4162; baseline 0.001 -27"><span class='ocrx_word' id='word_1_661' title='bbox 2317 4083 2512 4136; x_wconf 81' lang='grc' dir='ltr'><strong>λάστου</strong></span> <span class='ocrx_word' id='word_1_662' title='bbox 2557 4085 2751 4160; x_wconf 79' lang='grc' dir='ltr'><strong>ὕϐρεως</strong></span> <span class='ocrx_word' id='word_1_663' title='bbox 2795 4085 3055 4162; x_wconf 76' lang='grc' dir='ltr'><strong>ἀπείρξας,</strong></span> <span class='ocrx_word' id='word_1_664' title='bbox 3095 4087 3213 4158; x_wconf 73' lang='grc' dir='ltr'><strong>ἐλέῳ</strong></span> <span class='ocrx_word' id='word_1_665' title='bbox 3275 4095 3346 4157; x_wconf 83' lang='grc' dir='ltr'><strong>τῷ</strong></span> <span class='ocrx_word' id='word_1_666' title='bbox 3400 4093 3520 4160; x_wconf 87' lang='grc' dir='ltr'><strong>περὶ</strong></span> <span class='ocrx_word' id='word_1_667' title='bbox 3570 4087 3718 4144; x_wconf 70' lang='grc' dir='ltr'><strong>αὐτὴν</strong></span> <span class='ocrx_word' id='word_1_668' title='bbox 3755 4101 3852 4155; x_wconf 67' lang='grc' dir='ltr'><strong>χρε-</strong></span> 
     </span>
    </p>
   </div>
   <div class='ocr_carea' id='block_1_102' title="bbox 2323 4174 2558 4246">
    <p class='ocr_par' dir='ltr' id='par_1_102' title="bbox 2323 4174 2558 4246">
     <span class='ocr_line' id='line_1_102' title="bbox 2323 4174 2558 4246; baseline 0.017 -22"><span class='ocrx_word' id='word_1_669' title='bbox 2323 4174 2558 4246; x_wconf 76' lang='grc' dir='ltr'><strong>σάμενος.</strong></span> 
     </span>
    </p>
   </div>
   <div class='ocr_carea' id='block_1_103' title="bbox 2943 4459 3302 4514">
    <p class='ocr_par' dir='ltr' id='par_1_103' title="bbox 2943 4459 3302 4514">
     <span class='ocr_line' id='line_1_103' title="bbox 2943 4459 3302 4514; baseline 0 0"><span class='ocrx_word' id='word_1_670' title='bbox 2943 4465 3184 4514; x_wconf 71' lang='grc' dir='ltr'><strong>ΚΕΦΔΛ.</strong></span> <span class='ocrx_word' id='word_1_671' title='bbox 3225 4459 3302 4514; x_wconf 88' lang='grc' dir='ltr'><strong>Ζ’.</strong></span> 
     </span>
    </p>
   </div>
   <div class='ocr_carea' id='block_1_104' title="bbox 2321 4567 3848 4642">
    <p class='ocr_par' dir='ltr' id='par_1_104' title="bbox 2321 4567 3848 4642">
     <span class='ocr_line' id='line_1_104' title="bbox 2321 4567 3848 4642; baseline 0.002 -22"><span class='ocrx_word' id='word_1_672' title='bbox 2321 4571 2474 4642; x_wconf 85' lang='grc' dir='ltr'><strong>Περὶ</strong></span> <span class='ocrx_word' id='word_1_673' title='bbox 2515 4574 2626 4628; x_wconf 81' lang='grc' dir='ltr'><strong>τῆς</strong></span> <span class='ocrx_word' id='word_1_674' title='bbox 2663 4569 3026 4642; x_wconf 82' lang='grc' dir='ltr'><strong>μαθητρίας</strong></span> <span class='ocrx_word' id='word_1_675' title='bbox 3065 4567 3262 4620; x_wconf 78' lang='grc' dir='ltr'><strong>αὐτοῦ</strong></span> <span class='ocrx_word' id='word_1_676' title='bbox 3315 4569 3848 4642; x_wconf 67' lang='grc' dir='ltr'><strong>Ποταμιᾶίνηςτὲἔ</strong></span> 
     </span>
    </p>
   </div>
   <div class='ocr_carea' id='block_1_105' title="bbox 2945 4641 3289 4714">
    <p class='ocr_par' dir='ltr' id='par_1_105' title="bbox 2945 4641 3289 4714">
     <span class='ocr_line' id='line_1_105' title="bbox 2945 4641 3289 4714; baseline 0.006 -22"><span class='ocrx_word' id='word_1_677' title='bbox 2945 4641 3289 4714; x_wconf 83' lang='grc' dir='ltr'><strong>μάρτυρος.</strong></span> 
     </span>
    </p>
   </div>
   <div class='ocr_carea' id='block_1_106' title="bbox 2391 4737 3842 4820">
    <p class='ocr_par' dir='ltr' id='par_1_106' title="bbox 2391 4737 3842 4820">
     <span class='ocr_line' id='line_1_106' title="bbox 2391 4737 3842 4820; baseline -0.001 -20"><span class='ocrx_word' id='word_1_678' title='bbox 2391 4745 2524 4800; x_wconf 83' lang='grc' dir='ltr'><strong>Ἀπὸ</strong></span> <span class='ocrx_word' id='word_1_679' title='bbox 2571 4743 2632 4798; x_wconf 86' lang='grc' dir='ltr'><strong>δέ</strong></span> <span class='ocrx_word' id='word_1_680' title='bbox 2685 4754 2784 4798; x_wconf 86' lang='grc' dir='ltr'><strong>τῶν</strong></span> <span class='ocrx_word' id='word_1_681' title='bbox 2819 4754 3080 4818; x_wconf 73' lang='grc' dir='ltr'><strong>γυναικῶν</strong></span> <span class='ocrx_word' id='word_1_682' title='bbox 3119 4743 3318 4820; x_wconf 73' lang='grc' dir='ltr'><strong>ἑϐδόμη</strong></span> <span class='ocrx_word' id='word_1_683' title='bbox 3365 4751 3456 4818; x_wconf 76' lang='grc' dir='ltr'><strong>μέν</strong></span> <span class='ocrx_word' id='word_1_684' title='bbox 3501 4745 3640 4800; x_wconf 73' lang='grc' dir='ltr'><strong>ἐστιν</strong></span> <span class='ocrx_word' id='word_1_685' title='bbox 3676 4747 3702 4803; x_wconf 77' lang='grc' dir='ltr'>ἡ</span> <span class='ocrx_word' id='word_1_686' title='bbox 3735 4737 3842 4802; x_wconf 75' lang='grc' dir='ltr'><strong>Ῥαῖς,</strong></span> 
     </span>
    </p>
   </div>
   <div class='ocr_carea' id='block_1_107' title="bbox 2317 4835 3840 4909">
    <p class='ocr_par' dir='ltr' id='par_1_107' title="bbox 2317 4835 3840 4909">
     <span class='ocr_line' id='line_1_107' title="bbox 2317 4835 3840 4909; baseline 0 -23"><span class='ocrx_word' id='word_1_687' title='bbox 2317 4837 2393 4887; x_wconf 81' lang='grc' dir='ltr'><strong>ἔτι</strong></span> <span class='ocrx_word' id='word_1_688' title='bbox 2421 4841 2791 4908; x_wconf 80' lang='grc' dir='ltr'><strong>κατηχουμένη</strong></span> <span class='ocrx_word' id='word_1_689' title='bbox 2843 4840 2900 4888; x_wconf 90' lang='grc' dir='ltr'><strong>τὸ</strong></span> <span class='ocrx_word' id='word_1_690' title='bbox 2928 4835 3230 4909; x_wconf 73' lang='grc' dir='ltr'><strong>βάπτισμα,</strong></span> <span class='ocrx_word' id='word_1_691' title='bbox 3282 4839 3346 4898; x_wconf 86' lang='grc' dir='ltr'><strong>ὦς</strong></span> <span class='ocrx_word' id='word_1_692' title='bbox 3389 4840 3488 4888; x_wconf 84' lang='grc' dir='ltr'><strong>πού</strong></span> <span class='ocrx_word' id='word_1_693' title='bbox 3537 4855 3687 4909; x_wconf 77' lang='grc' dir='ltr'><strong>φησιν</strong></span> <span class='ocrx_word' id='word_1_694' title='bbox 3721 4835 3840 4889; x_wconf 59' lang='grc' dir='ltr'><strong>αὐτάς.</strong></span> 
     </span>
    </p>
   </div>
   <div class='ocr_carea' id='block_1_108' title="bbox 2317 4919 3840 5000">
    <p class='ocr_par' dir='ltr' id='par_1_108' title="bbox 2317 4919 3840 5000">
     <span class='ocr_line' id='line_1_108' title="bbox 2317 4919 3840 5000; baseline 0.001 -24"><span class='ocrx_word' id='word_1_695' title='bbox 2317 4928 2375 4976; x_wconf 88' lang='grc' dir='ltr'><strong>τὸ</strong></span> <span class='ocrx_word' id='word_1_696' title='bbox 2433 4921 2527 4976; x_wconf 77' lang='grc' dir='ltr'><strong>διὰ</strong></span> <span class='ocrx_word' id='word_1_697' title='bbox 2579 4929 2740 5000; x_wconf 78' lang='grc' dir='ltr'><strong>πυρὸς</strong></span> <span class='ocrx_word' id='word_1_698' title='bbox 2789 4925 3042 4980; x_wconf 76' lang='grc' dir='ltr'><strong>λαϐοῦσα.</strong></span> <span class='ocrx_word' id='word_1_699' title='bbox 3103 4933 3204 4980; x_wconf 77' lang='grc' dir='ltr'><strong>Καὶ</strong></span> <span class='ocrx_word' id='word_1_700' title='bbox 3256 4925 3340 4980; x_wconf 72' lang='grc' dir='ltr'><strong>ἐπὶ</strong></span> <span class='ocrx_word' id='word_1_701' title='bbox 3401 4931 3608 4987; x_wconf 82' lang='grc' dir='ltr'><strong>τούτοις</strong></span> <span class='ocrx_word' id='word_1_702' title='bbox 3655 4919 3840 4996; x_wconf 63' lang='grc' dir='ltr'><strong>ὅγδόπέ</strong></span> 
     </span>
    </p>
   </div>
   <div class='ocr_carea' id='block_1_109' title="bbox 2321 5013 3840 5090">
    <p class='ocr_par' dir='ltr' id='par_1_109' title="bbox 2321 5013 3840 5090">
     <span class='ocr_line' id='line_1_109' title="bbox 2321 5013 3840 5090; baseline -0.003 -24"><span class='ocrx_word' id='word_1_703' title='bbox 2321 5019 2664 5086; x_wconf 88' lang='grc' dir='ltr'><strong>Ποταμίαινα,</strong></span> <span class='ocrx_word' id='word_1_704' title='bbox 2715 5016 2776 5088; x_wconf 76' lang='grc' dir='ltr'><strong>ᾖς</strong></span> <span class='ocrx_word' id='word_1_705' title='bbox 2829 5013 2896 5074; x_wconf 78' lang='grc' dir='ltr'><strong>δὴ</strong></span> <span class='ocrx_word' id='word_1_706' title='bbox 2948 5015 3108 5078; x_wconf 88' lang='grc' dir='ltr'><strong>πολύς</strong></span> <span class='ocrx_word' id='word_1_707' title='bbox 3163 5035 3244 5078; x_wconf 83' lang='grc' dir='ltr'><strong>τις</strong></span> <span class='ocrx_word' id='word_1_708' title='bbox 3298 5017 3450 5088; x_wconf 77' lang='grc' dir='ltr'><strong>λόγος</strong></span> <span class='ocrx_word' id='word_1_709' title='bbox 3491 5019 3632 5090; x_wconf 80' lang='grc' dir='ltr'><strong>παρὰ</strong></span> <span class='ocrx_word' id='word_1_710' title='bbox 3661 5021 3748 5076; x_wconf 81' lang='grc' dir='ltr'><strong>τοῖς</strong></span> <span class='ocrx_word' id='word_1_711' title='bbox 3769 5015 3840 5062; x_wconf 70' lang='grc' dir='ltr'><strong>ἔτι·</strong></span> 
     </span>
    </p>
   </div>
   <div class='ocr_carea' id='block_1_110' title="bbox 2319 5103 3838 5178">
    <p class='ocr_par' dir='ltr' id='par_1_110' title="bbox 2319 5103 3838 5178">
     <span class='ocr_line' id='line_1_110' title="bbox 2319 5103 3838 5178; baseline -0.001 -22"><span class='ocrx_word' id='word_1_712' title='bbox 2319 5109 2541 5175; x_wconf 89' lang='grc' dir='ltr'><strong>χωρίοις</strong></span> <span class='ocrx_word' id='word_1_713' title='bbox 2583 5107 2658 5156; x_wconf 82' lang='grc' dir='ltr'><strong>ἔτι</strong></span> <span class='ocrx_word' id='word_1_714' title='bbox 2696 5113 2876 5176; x_wconf 82' lang='grc' dir='ltr'><strong>κρατεῖ</strong></span> <span class='ocrx_word' id='word_1_715' title='bbox 2903 5123 2915 5136; x_wconf 89' lang='grc'><strong>·</strong></span> <span class='ocrx_word' id='word_1_716' title='bbox 2957 5109 3026 5166; x_wconf 81' lang='grc' dir='ltr'><strong>ὡς</strong></span> <span class='ocrx_word' id='word_1_717' title='bbox 3077 5105 3300 5158; x_wconf 82' lang='grc' dir='ltr'><strong>πλεῖστα</strong></span> <span class='ocrx_word' id='word_1_718' title='bbox 3353 5103 3470 5164; x_wconf 81' lang='grc' dir='ltr'><strong>δῆτ’</strong></span> <span class='ocrx_word' id='word_1_719' title='bbox 3521 5105 3838 5178; x_wconf 44' lang='lat' dir='ltr'><strong>aptium;</strong></span> 
     </span>
    </p>
   </div>
   <div class='ocr_carea' id='block_1_111' title="bbox 2319 5192 3834 5268">
    <p class='ocr_par' dir='ltr' id='par_1_111' title="bbox 2319 5192 3834 5268">
     <span class='ocr_line' id='line_1_111' title="bbox 2319 5192 3834 5268; baseline 0.001 -24"><span class='ocrx_word' id='word_1_720' title='bbox 2319 5195 2445 5268; x_wconf 75' lang='grc' dir='ltr'><strong>ὑπερ</strong></span> <span class='ocrx_word' id='word_1_721' title='bbox 2500 5201 2594 5254; x_wconf 79' lang='grc' dir='ltr'><strong>τῆς</strong></span> <span class='ocrx_word' id='word_1_722' title='bbox 2643 5192 2856 5254; x_wconf 79' lang='grc' dir='ltr'><strong>ἐνούσης</strong></span> <span class='ocrx_word' id='word_1_723' title='bbox 2923 5194 3051 5267; x_wconf 74' lang='grc' dir='ltr'><strong>αύτῇ</strong></span> <span class='ocrx_word' id='word_1_724' title='bbox 3111 5197 3384 5266; x_wconf 83' lang='grc' dir='ltr'><strong>παρθενίας</strong></span> <span class='ocrx_word' id='word_1_725' title='bbox 3457 5199 3584 5268; x_wconf 77' lang='grc' dir='ltr'><strong>πρὸς</strong></span> <span class='ocrx_word' id='word_1_726' title='bbox 3660 5193 3834 5266; x_wconf 61' lang='lat' dir='ltr'><strong>iactari;-</strong></span> 
     </span>
    </p>
   </div>
   <div class='ocr_carea' id='block_1_112' title="bbox 2321 5283 3834 5358">
    <p class='ocr_par' dir='ltr' id='par_1_112' title="bbox 2321 5283 3834 5358">
     <span class='ocr_line' id='line_1_112' title="bbox 2321 5283 3834 5358; baseline 0.001 -22"><span class='ocrx_word' id='word_1_727' title='bbox 2321 5283 2556 5342; x_wconf 81' lang='grc' dir='ltr'><strong>Ἐπήνθει</strong></span> <span class='ocrx_word' id='word_1_728' title='bbox 2597 5289 2685 5336; x_wconf 85' lang='grc' dir='ltr'><strong>καὶ</strong></span> <span class='ocrx_word' id='word_1_729' title='bbox 2731 5287 2832 5356; x_wconf 69' lang='grc' dir='ltr'><strong>γὰρ</strong></span> <span class='ocrx_word' id='word_1_730' title='bbox 2885 5284 3016 5357; x_wconf 76' lang='grc' dir='ltr'><strong>αὐτῇ</strong></span> <span class='ocrx_word' id='word_1_731' title='bbox 3073 5289 3198 5358; x_wconf 87' lang='grc' dir='ltr'><strong>πρὸς</strong></span> <span class='ocrx_word' id='word_1_732' title='bbox 3249 5293 3319 5356; x_wconf 83' lang='grc' dir='ltr'><strong>τῷ</strong></span> <span class='ocrx_word' id='word_1_733' title='bbox 3371 5285 3668 5356; x_wconf 63' lang='grc' dir='ltr'><strong>τῆς-ψυχῆς</strong></span> <span class='ocrx_word' id='word_1_734' title='bbox 3713 5285 3834 5352; x_wconf 65' lang='lat' dir='ltr'><strong>dapr</strong></span> 
     </span>
    </p>
   </div>
   <div class='ocr_carea' id='block_1_113' title="bbox 2319 5371 3827 5447">
    <p class='ocr_par' dir='ltr' id='par_1_113' title="bbox 2319 5371 3827 5447">
     <span class='ocr_line' id='line_1_113' title="bbox 2319 5371 3827 5447; baseline -0.003 -23"><span class='ocrx_word' id='word_1_735' title='bbox 2319 5377 2408 5424; x_wconf 84' lang='grc' dir='ltr'><strong>καὶ</strong></span> <span class='ocrx_word' id='word_1_736' title='bbox 2457 5377 2514 5424; x_wconf 83' lang='grc' dir='ltr'><strong>τὸ</strong></span> <span class='ocrx_word' id='word_1_737' title='bbox 2568 5380 2660 5434; x_wconf 81' lang='grc' dir='ltr'><strong>τῆς</strong></span> <span class='ocrx_word' id='word_1_738' title='bbox 2715 5371 2874 5443; x_wconf 69' lang='grc' dir='ltr'><strong>ὄψεως</strong></span> <span class='ocrx_word' id='word_1_739' title='bbox 2930 5373 3124 5446; x_wconf 67' lang='grc' dir='ltr'><strong>εὐφυὲς,</strong></span> <span class='ocrx_word' id='word_1_740' title='bbox 3174 5380 3264 5427; x_wconf 82' lang='grc' dir='ltr'><strong>καὶ</strong></span> <span class='ocrx_word' id='word_1_741' title='bbox 3323 5374 3545 5447; x_wconf 78' lang='grc' dir='ltr'><strong>ἀκμαῖον</strong></span> <span class='ocrx_word' id='word_1_742' title='bbox 3575 5371 3827 5446; x_wconf 74' lang='grc' dir='ltr'><strong>ταμαλίστι.</strong></span> 
     </span>
    </p>
   </div>
   <div class='ocr_carea' id='block_1_114' title="bbox 2320 5459 3830 5538">
    <p class='ocr_par' dir='ltr' id='par_1_114' title="bbox 2320 5459 3830 5538">
     <span class='ocr_line' id='line_1_114' title="bbox 2320 5459 3830 5538; baseline 0.001 -24"><span class='ocrx_word' id='word_1_743' title='bbox 2320 5461 2456 5514; x_wconf 87' lang='grc' dir='ltr'><strong>Πολύ</strong></span> <span class='ocrx_word' id='word_1_744' title='bbox 2507 5469 2634 5534; x_wconf 69' lang='grc' dir='ltr'><strong>γοῦν</strong></span> <span class='ocrx_word' id='word_1_745' title='bbox 2681 5465 2738 5514; x_wconf 92' lang='grc' dir='ltr'><strong>τό</strong></span> <span class='ocrx_word' id='word_1_746' title='bbox 2787 5471 3016 5534; x_wconf 68' lang='grc' dir='ltr'><strong>γενναῖον</strong></span> <span class='ocrx_word' id='word_1_747' title='bbox 3071 5459 3430 5538; x_wconf 80' lang='grc' dir='ltr'><strong>ἐνδειξαμένης</strong></span> <span class='ocrx_word' id='word_1_748' title='bbox 3483 5463 3592 5537; x_wconf 85' lang='grc' dir='ltr'><strong>μετ’</strong></span> <span class='ocrx_word' id='word_1_749' title='bbox 3621 5462 3830 5536; x_wconf 62' lang='grc' dir='ltr'><strong>ἅφορήτσνὲ</strong></span> 
     </span>
    </p>
   </div>
   <div class='ocr_carea' id='block_1_115' title="bbox 2389 5601 3178 5678">
    <p class='ocr_par' dir='ltr' id='par_1_115' title="bbox 2389 5601 3178 5678">
     <span class='ocr_line' id='line_1_115' title="bbox 2389 5601 3178 5678; baseline 0.008 -22"><span class='ocrx_word' id='word_1_750' title='bbox 2389 5603 2468 5675; x_wconf 75' lang='lat'><strong>(2)</strong></span> <span class='ocrx_word' id='word_1_751' title='bbox 2507 5601 2853 5678; x_wconf 81' lang='lat' dir='ltr'><strong>Neaphytus</strong></span> <span class='ocrx_word' id='word_1_752' title='bbox 2881 5602 3178 5662; x_wconf 87' lang='lat' dir='ltr'><strong>videlicet.</strong></span> 
     </span>
    </p>
   </div>
  </div>
