4000 6220
219 295 358 352 1081

1274 291 1846 352 ECCLESIASTICJE
1890 292 2251 351 HISTO‘RIIE
2291 294 2432 353 LIB.
2474 297 2541 352 V.

3433 292 3572 350 1082

215 421 506 495 βασάνους,
559 421 702 486 τέλος
769 425 976 496 σύναμα
1020 429 1082 494 τῇ
1143 423 1305 494 μητρὶ
1376 419 1646 492 Μαρκελλῃ
1721 421 1803 472 τὸν

1920 420 2098 489 genui
2130 423 2187 477 et
2216 420 2476 483 liberalis
2507 419 2828 494 summus).
2861 424 2918 476 et
2946 419 3243 478 constanti
3275 419 3578 490 generosi-

212 508 308 564 διά
365 513 528 584 πυρὸς
575 509 919 576 εἰσδέξασθαι
967 513 1204 564 θάνατον.
1250 514 1469 582 Λέγεται
1498 511 1672 581 μέντοι
1722 512 1809 561 τὸν

211 598 474 659 δικαστὴν
504 602 730 656 Ἀκύλαν
787 601 1030 674 χαλεπῶς
1082 601 1213 673 αὐτῇ
1273 603 1328 652 τό
1379 607 1532 671 σῶμα
1564 602 1809 671 πρότερον

209 690 593 756 καταξάναντα,
678 687 769 742 εἶτ’
841 689 1146 749 ἀκολάστοις
1222 692 1444 750 νεανίαις
1519 686 1592 758 ἐφ’
1664 687 1810 760 ῦϐρει

212 776 400 831 δοῦναι
456 779 900 852 προσαπειλῆσαι.
969 778 1034 832 *Ο
1094 775 1146 830 δ’
1203 781 1446 852 αἱρεῖται,
1513 775 1698 849 βραχύ
1758 795 1809 828 τι

211 865 565 921 διαλιποῦσαν
643 867 1092 922 ἀναπυνθάνεσθαι
1123 884 1137 897 ⁶
1194 873 1284 920 καὶ
1366 871 1460 926 τὴν
1529 865 1809 938 ἀπόκρισιν

208 961 446 1028 γεννικὴν
518 953 571 1010 εὖ
625 957 765 1029 μάλα
821 960 1121 1028 ἓπαγαγεὶν,
1174 958 1243 1019 ὡς
1301 961 1391 1008 καὶ
1450 960 1808 1027 νενομισμένον

209 1042 369 1108 δόξαι
418 1054 491 1116 τῷ
541 1042 770 1118 δικαστῇ
828 1065 880 1098 τι
941 1044 1124 1107 ἀσεϐὲς
1174 1044 1618 1118 ἐπιφθέγξασθαι·
1661 1043 1809 1104 εὐθὺς

209 1131 274 1188 δί
311 1141 401 1187 καὶ
458 1143 529 1206 τῷ
569 1134 704 1206 λόγῳ
745 1131 1028 1207 δεξαμένην
1077 1140 1171 1193 τὴν
1211 1131 1366 1193 δίκην
1405 1137 1534 1208 πρὸς
1576 1133 1808 1187 Βασιλεί-

212 1221 314 1277 δου
363 1232 434 1296 τῷ
482 1232 578 1284 τῆς
623 1221 924 1285 καταδίκης
961 1229 1105 1296 τόπῳ
1159 1223 1476 1294 ἀπάγεσθαι.
1515 1223 1603 1284 Ὦς
1659 1219 1718 1276 δὲ
1747 1225 1806 1274 τὸ

203 1313 428 1378 πλῆθος,
499 1311 705 1385 βάλλειν
765 1333 819 1366 τε
885 1319 1192 1386 σκώμμασι,
1261 1318 1352 1366 καὶ
1391 1313 1562 1384 λόγοις
1615 1311 1804 1364 ἀκολά-

211 1421 362 1464 στοις
413 1407 696 1478 πρόχειρον
752 1401 1036 1476 ἐνυϐρίζειν
1109 1399 1190 1468 ἦν,
1268 1399 1583 1463 Βασιλείδης
1635 1401 1806 1474 φιλαν-

208 1494 536 1564 θρωπότερον
588 1495 706 1564 περὶ
761 1496 855 1550 τὴν
913 1493 1156 1565 μάρτυρα
1213 1489 1491 1557 διατεθεὶς,
1553 1488 1688 1563 εἶργέ
1751 1510 1806 1544 τε

205 1587 301 1634 καὶ
360 1580 592 1634 ἀνεσόϐει
635 1585 694 1634 τό
755 1590 936 1654 στῖφος
988 1590 1088 1634 τῶν
1139 1581 1422 1655 ὑϐριστῶν.
1483 1580 1541 1633 Ἠ
1600 1577 1661 1634 δε
1710 1588 1803 1643 τῆς

207 1676 335 1746 περὶ
365 1671 527 1729 αὐτὴν
585 1668 896 1742 κηδεμονίας
947 1667 1305 1743 ἀποδεξαμένη
1338 1674 1426 1722 τόν
1470 1666 1802 1734 Βασιλείδην,

1918 513 2035 564 tate
2066 527 2193 578 sua,
2224 516 2358 582 post
2385 509 2783 567 intolerabilia
2808 515 3104 566 tormenta
3138 510 3281 566 satis
3311 513 3576 575 ostensa,

1919 598 1996 656 ad
2028 604 2400 672 postremum
2441 616 2563 656 una
2591 615 2729 656 cum
2759 605 2945 655 matre
2964 599 3254 665 Marcella,
3283 600 3342 654 in
3375 600 3575 668 ignem

1917 690 2190 757 conjecta
2211 694 2462 745 mortem
2483 689 2715 745 obierit.
2748 692 2948 744 Fertur
2971 689 3276 761 equidem,
3301 687 3576 760 Aquilam

1915 777 2203 846 judicem,
2231 795 2368 834 cum
2401 794 2618 850 corpus
2647 779 2775 850 ejus
2802 777 3066 849 primum
3092 780 3350 847 graviter
3370 777 3577 846 ﬂagris

1918 867 2300 940 fustibusque
2322 868 2654 936 cecidisset,
2683 869 2974 923 minatum
3003 868 3056 922 ei
3074 883 3227 932 esse,
3251 866 3577 939 juvenibus

1917 957 2318 1028 petulantibus
2345 973 2406 1012 se
2453 973 2584 1013 eam
2632 957 2710 1013 ad
2754 955 3181 1013 contumeliam
3233 957 3515 1012 daturum
3558 970 3572 1010 :

1917 1047 2503 1120 eamque,quiduam
2535 1062 2602 1102 ex
2631 1045 2962 1119 propositis
2993 1045 3441 1101 conditionibus
3473 1059 3578 1116 per

1916 1137 2220 1206 optionem
2253 1136 2513 1206 eligeret,
2536 1137 2987 1205 interrogatam,
3020 1133 3338 1206 paululum
3369 1149 3576 1190 secum

1917 1226 2154 1281 tacitam
2176 1225 2556 1288 deliberasse,
2587 1229 2642 1279 et
2662 1239 2953 1297 perquam
2983 1239 3340 1292 generosum
3370 1223 3574 1279 animo

1913 1316 2194 1384 praesenti
2227 1330 2584 1388 responsum
2613 1313 2849 1370 dedisse
2883 1330 2896 1369 :
2931 1328 3036 1386 per
3066 1313 3230 1386 quod
3260 1313 3360 1384 (1),
3395 1313 3575 1369 mori-

1915 1404 2029 1460 bus
2067 1419 2295 1468 eorum,
2339 1404 2590 1476 impium
2623 1403 2920 1476 quiddam
2959 1402 3273 1474 prolocuta
3305 1402 3432 1457 visa
3465 1405 3574 1457 est.

1915 1496 2142 1566 Itaque,
2189 1509 2328 1549 cum
2371 1493 2526 1549 illico
2569 1493 2862 1549 sententia
2912 1491 3319 1548 damnationis
3367 1497 3576 1548 contra

1914 1598 2048 1638 eam
2081 1583 2219 1646 lata,
2271 1598 2308 1638 a
2356 1581 2606 1638 Basilide
2647 1581 2725 1637 ad
2752 1581 2952 1636 locum
2986 1579 3258 1652 supplicii
3309 1579 3577 1636 abduce-

1914 1677 2092 1735 retur,
2116 1676 2172 1727 et
2193 1670 2510 1728 multitudo
2541 1671 2813 1726 convicia
2840 1675 3021 1741 atque
3049 1669 3358 1740 impudica
3388 1669 3574 1726 verba

211 1759 420 1835 θαρῥεῖν
471 1779 524 1812 τε
574 1758 788 1826 ἕκίλευε,
844 1765 934 1812 καὶ
981 1760 1076 1812 οῦκ
1123 1759 1195 1822 είς
1224 1763 1428 1832 μακρὰν
1486 1757 1634 1822 ἀξίας
1665 1759 1803 1830 αὐτῷ

1916 1776 2020 1833 per
2040 1761 2319 1831 iniuriam
2347 1762 2407 1816 in
2435 1775 2569 1816 eam
2596 1760 2934 1830 conjiceret,
2963 1758 3251 1814 Basilides
3278 1773 3385 1830 per
3410 1774 3576 1814 com-

205 1852 302 1910 τὰς
364 1847 583 1922 ἀμοιϐὰς
641 1847 880 1913 ἐκτίσειν,
942 1851 1086 1925 παρά
1139 1852 1225 1902 τὸν
1301 1849 1490 1910 ἑαυτῆς
1541 1850 1804 1906 Δεσπότην

207 1939 422 1993 ἰοῦσαν.
475 1938 632 1990 Ταῦτ’
683 1938 969 2010 εἰρηκυῖαν,
1023 1942 1181 1991 πίττα
1229 1934 1484 2009 διάπυρος
1529 1938 1645 1990 καθ’
1685 1937 1803 1989 ὅλου

207 2024 541 2098 διαχυθεῐσα
580 2034 672 2078 τοῦ
723 2032 985 2098 σώματος,
1042 2026 1192 2098 ἐξῆγε
1232 2034 1322 2079 τοῦ
1371 2027 1489 2099 ζῇν.
1545 2026 1621 2079 Οὐ
1651 2025 1806 2087 πολὺς

201 2119 230 2170 ὁ
257 2121 450 2189 χρόνος
483 2120 541 2168 τὸ
590 2115 644 2179 ἑξ
673 2115 885 2181 ἑκείνου,
926 2121 1016 2169 καὶ
1056 2113 1366 2178 Βασιλείδης
1423 2118 1572 2190 ὅρκον
1634 2123 1805 2189 ητεῖτο

199 2213 319 2267 τοῖς
377 2209 798 2280 συστρατιώταις
856 2201 1090 2272 διδόναι,
1149 2205 1243 2257 οὐκ
1295 2205 1536 2276 ἀγεννοῦς
1573 2223 1806 2280 προηγη-

205 2298 443 2367 σαμένης
500 2295 690 2356 αἰτίας.
750 2293 808 2346 Ὀ
877 2290 937 2346 δε
988 2299 1060 2366 μὴ
1120 2292 1306 2357 ἕξεῖναι
1356 2296 1660 2368 τοπαράπαν
1717 2293 1808 2366 ὀμ-

197 2403 349 2436 νοναι
401 2383 539 2454 ἔλεγε
569 2400 580 2412 ·
622 2385 940 2455 Χριστιανὸν
994 2385 1096 2455 γὰρ
1136 2381 1265 2435 εἶναι
1301 2399 1314 2414 ·
1366 2388 1456 2436 καὶ
1509 2391 1662 2436 τοῦτο
1705 2389 1807 2436 πᾶ-

202 2493 289 2526 σιν
331 2471 614 2544 ὁμολογεῖν.
673 2474 738 2524 Οἱ
786 2475 875 2544 μὲν
924 2468 1013 2524 οὖν
1059 2475 1127 2525 τὰ
1163 2481 1342 2546 πρῶτα
1378 2476 1582 2536 παίζειν
1623 2477 1801 2544 ᾤοντο,

197 2567 292 2614 καὶ
343 2561 418 2634 ἐφ’
453 2560 600 2636 ὕϐρει
650 2569 752 2614 τῶν
792 2563 1051 2636 ἡμετέρων
1104 2560 1409 2634 προϐάλλειν
1459 2565 1546 2613 τόν
1604 2561 1754 2633 λόγον
1787 2579 1801 2592 ο

198 2655 267 2713 ὡς
325 2648 375 2704 δ’
429 2652 658 2704 ἐπέκειτο
718 2647 1203 2724 διισχυριζόμενος,
1273 2656 1356 2704 επὶ
1427 2654 1512 2704 τόν
1583 2651 1806 2705 Ἀκύλαν

202 2739 441 2812 ἀνήγετο.
516 2739 654 2793 Ἐπεὶ
729 2736 788 2793 δε
861 2746 951 2793 καὶ
1022 2741 1254 2813 ἐμφανῶς
1305 2740 1575 2812 ὡμολόγει,
1633 2736 1807 2812 δεσμὰ

207 2826 536 2900 διεδέχοντο.
567 2837 729 2882 Τινῶν
783 2826 833 2881 δ’
889 2833 958 2890 ὡς
1012 2830 1167 2882 αὐτόν
1209 2829 1385 2881 ἰόντων
1430 2826 1684 2900 ἀδελφῶν,
1715 2835 1805 2883 καὶ

201 2924 302 2978 τὴν
357 2919 546 2994 ἀθρόαν
619 2917 901 2990 μεταϐολὴν
982 2918 1030 2970 ἐν
1085 2917 1273 2989 θάμϐει
1328 2915 1396 2976 δὴ
1465 2923 1802 2991 ποιουμένων,

199 3008 392 3061 ἐκεῖνον
443 3007 596 3080 λόγος
644 3007 823 3074 εἰπεῖν,
878 3011 946 3069 ὡς
977 3009 1082 3080 ἄρα
1138 3012 1467 3079 Ποταμίαινα
1495 3011 1596 3080 πρὸ
1628 3012 1807 3079 τρίτης

193 3095 472 3150 ἔτιστᾶσα
547 3094 753 3172 φαιδρῷ
823 3102 913 3149 καὶ
994 3102 1210 3169 γενναίῳ
1275 3104 1349 3167 τῷ
1404 3102 1802 3169 παραστήματι,

201 3191 459 3257 στέφανον
509 3193 571 3258 τῇ
634 3185 826 3238 ἐκείνου
886 3184 1152 3244 ἐπιθήσεις
1209 3194 1432 3260 κορυφῇ,
1475 3189 1632 3258 φάναι
1665 3206 1718 3239 τι
1743 3189 1807 3246 ὡς

196 3277 334 3347 ὑπὲρ
395 3278 588 3328 ἐκείνου
642 3275 922 3348 πρεσϐείαν
977 3280 1326 3348 πεποιημένην
1383 3284 1520 3344 Θεῷ,
1567 3280 1636 3346 μὴ
1690 3273 1807 3328 δια-

192 3372 381 3419 πεσεῖν
431 3373 521 3425 τῆς
575 3365 849 3429 αἰτήσεως,
894 3364 988 3416 οῦκ
1031 3365 1098 3426 εἰς
1149 3367 1353 3438 μακρὰν
1405 3361 1464 3417 δι
1515 3371 1604 3418 καὶ
1650 3365 1805 3418 αὐτόν

194 3455 318 3527 μεθ’
387 3453 570 3514 εαυτῆς
655 3453 962 3526 ἐσχηκέναι.
1030 3458 1130 3506 Καὶ
1199 3459 1369 3507 τοίνυν
1421 3463 1520 3506 τῶν
1573 3451 1806 3526 ἀδελφῶν

194 3549 264 3601 τὴ
322 3542 371 3595 ἐν
429 3551 644 3616 Χριστῷ
709 3539 984 3616 σφραγῖδα
1048 3543 1427 3615 περιϐαλόντων
1505 3543 1680 3608 αὐτὸν,
1740 3551 1801 3614 τῇ

970 3640 1206 3706 Χριστοῦ
1272 3636 1543 3706 μαρτυρίῳ
1613 3631 1808 3684 τελειω-

198 3727 380 3782 θῆναι,
431 3723 563 3795 ξίφει
620 3727 713 3781 τὴν
769 3722 992 3795 κεφαλὴν
1084 3723 1424 3794 ἐκτμηθέντα.
1486 3721 1596 3774 Οὐκ
1657 3721 1806 3782 αὐτὸς

197 3809 264 3866 δὲ
318 3816 492 3884 μόνον,
539 3811 666 3864 ἀλλά
712 3817 802 3865 καὶ
848 3812 1028 3864 πολλοὶ
1079 3813 1242 3884 ἕτεροι
1320 3813 1508 3883 ἀθροόν
1593 3818 1806 3884 Χριστῷ

194 3905 476 3973 προσιέναι
554 3901 668 3952 κατ’
739 3897 1134 3974 Ἀλεξάνδρειαν
1208 3901 1277 3970 τῷ
1353 3900 1602 3972 εἰρημένῳ
1659 3901 1806 3952 καθι-

196 3632 316 3706 μετ’
392 3631 586 3690 ἐκείνην
635 3639 708 3702 τῷ
763 3634 892 3705 ὑπερ

198 3995 485 4064 στόρηνται
545 3986 784 4062 διωγμῷ,
846 3993 932 4042 τόν
989 3991 1101 4042 ἰσον
1153 3993 1343 4061 τρόπον
1394 3998 1466 4060 τῷ
1521 3985 1801 4061 Βασιλείδῃ

199 4089 302 4140 τῆς
371 4084 724 4151 Ποταμιαίνης
792 4078 1187 4151 έπιφαινομένης
1271 4079 1392 4131 καθ’
1472 4078 1660 4138 ὕπνους
1715 4083 1804 4130 καὶ

196 4174 563 4244 παρορμώσης
618 4168 701 4221 ἐπὶ
743 4171 809 4221 τὰ
862 4173 1144 4241 κρείττονα.
1204 4167 1344 4225 Ἀλλ’
1397 4165 1543 4220 οὗτοι
1581 4171 1671 4240 μὲν
1714 4168 1804 4220 ὑπ’

194 4258 496 4332 Ὠριγένους
547 4260 932 4330 κατηχηθέντες
982 4262 1118 4323 τότε,
1163 4260 1222 4310 τὸ
1256 4260 1389 4311 θεῖον
1439 4252 1592 4310 ἆθλον
1647 4257 1805 4329 ἠνέγ-

198 4367 381 4402 καντο.

1915 1850 2358 1906 miserationem
2374 1849 2702 1905 humanius
2724 1863 2867 1918 erga
2889 1864 3023 1904 eam
3044 1847 3314 1913 affectus,
3335 1848 3575 1904 turbam

1913 1940 2341 2010 injuriosorum
2383 1939 2697 1995 hominum
2731 1953 2960 2002 arcens,
3013 1937 3090 1993 ab
3119 1953 3191 1993 ea
3223 1937 3478 1993 removit
3505 1953 3576 1994 ac

1913 2027 2193 2099 propulit.
2222 2028 2305 2084 Ibi
2335 2027 2434 2083 illa
2482 2042 2687 2082 curam
2739 2025 3128 2098 ofﬁciumque
3176 2025 3291 2081 tale
3332 2030 3570 2094 gratum

1912 2117 2166 2183 habens,
2200 2117 2512 2172 Basilidem
2551 2115 2876 2182 conﬁdere,
2917 2119 2974 2171 et
3014 2115 3174 2170 bono
3204 2114 3411 2170 animo
3440 2131 3575 2170 esse

1910 2206 2087 2277 jussit
2112 2223 2126 2261 :
2153 2205 2316 2262 brevi
2344 2221 2406 2260 se
2424 2205 2501 2260 ad
2527 2205 2850 2260 Dominum
2868 2219 3046 2259 suum
3073 2208 3337 2270 euntem,
3373 2203 3580 2259 condi-

1915 2310 2097 2367 gnam
2140 2296 2193 2350 ei
2233 2295 2554 2350 relaturam
2597 2294 2873 2362 gratiam.
2909 2294 3086 2366 352
3141 2295 3274 2348 Haec
3320 2308 3456 2348 cum
3493 2293 3574 2348 ita

1913 2385 2178 2448 dixisset,
2211 2383 2311 2455 pix
2341 2383 2529 2452 ignita
2562 2398 2667 2455 per
2696 2388 2886 2439 totum
2916 2383 3046 2452 ejus
3079 2397 3297 2452 corpus
3327 2381 3571 2447 diﬂ'usa,

1913 2475 2100 2528 vitam
2149 2474 2199 2529 ei
2231 2473 2477 2529 ademit.
2521 2475 2647 2528 Non
2679 2470 2934 2527 multum
2983 2471 3200 2526 deinde
3247 2470 3575 2526 intercessit

1913 2562 2220 2634 temporis,
2269 2566 2326 2618 et
2365 2578 2402 2617 a
2442 2561 2696 2616 Basilide
2737 2561 3153 2630 juramentum
3207 2575 3329 2616 non
3360 2558 3455 2614 vili
3504 2558 3578 2615 de

1914 2667 2099 2707 causa
2155 2651 2305 2707 inter
2355 2650 2793 2706 commilitones
2860 2665 3002 2704 suos
3057 2649 3426 2720 exigebatur.
3479 2647 3578 2703 llle

1913 2756 2072 2804 vero,
2119 2756 2241 2796 non
2273 2740 2445 2795 licere
2486 2739 2594 2794 sibi
2630 2755 2878 2809 prorsus
2902 2738 3126 2808 jurare,
3162 2737 3530 2793 asseveravit
3561 2754 3576 2801 ;

1915 2829 2311 2884 Christianum
2329 2828 2492 2885 enim
2517 2843 2668 2892 esse,
2691 2832 2748 2884 et
2770 2827 2827 2881 id
2852 2842 2913 2881 se
2941 2825 3259 2898 propalam
3292 2825 3578 2882 omnibus

1914 2918 2202 2988 proﬁteri.
2227 2921 2367 2975 Com
2380 2916 2672 2972 militones
2694 2931 2873 2988 porro
2895 2916 3157 2986 primum
3185 2929 3322 2969 eum
3346 2913 3572 2978 ludere,

1915 3012 1972 3063 et
2000 3007 2076 3063 ad
2105 3006 2524 3063 contumeliam
2551 3012 2816 3061 nostram
2840 3020 2912 3060 ea
2935 3004 3117 3059 verba
3138 3003 3401 3076 proferre
3433 3007 3577 3060 sunt

1915 3095 2163 3168 opinati.
2198 3099 2267 3153 Ut
2323 3100 2523 3152 autem
2570 3094 2629 3150 id
2676 3097 3128 3165 perseveranter
3169 3091 3574 3161 conﬁrmavit,

1917 3185 1994 3242 ad
2026 3185 2302 3257 Aquilam
2328 3189 2419 3240 est
2456 3185 2787 3255 productus
2821 3198 2834 3235 :
2866 3182 3029 3254 apud
3058 3197 3241 3254 quem
3271 3181 3373 3236 ubi
3412 3179 3576 3237 idem

1915 3275 2152 3330 disertis
2182 3273 2378 3329 verbis
2408 3279 2498 3329 est
2528 3271 2852 3344 professus,
2887 3271 3065 3326 illicet
3108 3271 3168 3326 in
3222 3269 3462 3326 vincula
3491 3274 3581 3328 est

1915 3364 2240 3435 conjectus.
2261 3363 2347 3418 Ad
2373 3378 2550 3434 quem
2579 3378 2715 3416 cum
2743 3361 2956 3416 fratres
2979 3359 3226 3432 quidam
3253 3358 3574 3416 visendum

1916 3454 2087 3518 irent,
2127 3459 2184 3507 et
2221 3469 2358 3508 cum
2393 3457 2636 3524 stupore
2667 3457 2789 3507 tam
2827 3450 3202 3522 repentinam
3237 3449 3368 3520 ejus
3399 3449 3581 3505 mira-

1915 3549 2118 3598 rentur
2145 3542 2535 3597 mutationem
2561 3558 2573 3595 :
2604 3541 2698 3595 ille
2727 3540 2812 3595 eis
2843 3539 3063 3606 retulit,
3093 3544 3156 3593 ut
3186 3538 3571 3604 Potamiasna,

1917 3632 2082 3686 tertio
2114 3636 2248 3686 ante
2276 3631 2392 3699 die,
2425 3631 2556 3685 laeto
2588 3629 2764 3700 plane
2796 3634 2850 3683 et
2877 3626 3104 3683 liberali
3146 3626 3333 3681 animi
3364 3641 3576 3698 corpo-

1914 3722 2115 3792 risque
2147 3725 2304 3775 statu
2349 3719 2459 3773 sibi
2490 3719 2795 3785 insistens,
2832 3721 2888 3772 et
2916 3717 3092 3786 capiti
3134 3731 3242 3771 suo
3281 3731 3575 3771 coronam

1914 3811 2258 3881 imponens,
2310 3809 2520 3865 dixerit
2556 3824 2569 3862 :
2602 3809 2986 3878 deprecatam
3037 3821 3100 3860 se
3152 3820 3284 3860 esse
3343 3819 3454 3876 pro
3505 3821 3577 3862 eo

1917 3903 2123 3961 Deum,
2157 3913 2349 3969 neque
2380 3913 2584 3969 preces
2615 3913 2716 3952 eas
2748 3896 2963 3951 frustra
3000 3895 3148 3959 fore,
3182 3894 3473 3966 brevique
3515 3909 3577 3950 se

1913 4004 2049 4043 eum
2081 4003 2283 4042 secum
2322 3987 2684 4042 habituram.
2718 3987 2920 4056 Itaque
2975 3983 3183 4039 fratres
3216 3982 3475 4053 sigillum
3518 3983 3574 4038 ei

1915 4079 2122 4133 Christi
2151 4076 2658 4132 circumfuderunt
2697 4074 2773 4145 (2)
2807 4091 2820 4129 :
2856 4073 3266 4145 postridieque
3301 4073 3434 4143 ejus
3459 4071 3578 4128 diei

1913 4167 2113 4236 gladio
2147 4181 2490 4238 percussus,
2523 4164 2877 4235 martyrium
2900 4178 3010 4234 pro
3037 4162 3271 4218 Christo
3291 4161 3572 4218 absolvit.

1911 4260 2040 4312 Non
2070 4256 2199 4328 ipse
2229 4271 2367 4310 vero
2408 4258 2658 4321 tantum,
2691 4252 2796 4308 sed
2828 4259 2884 4307 et
2915 4251 3082 4308 multi
3117 4251 3215 4308 alii
3255 4251 3570 4308 confertim

1913 4345 2306 4410 Alexandria,
2341 4345 2398 4400 in
2431 4359 2502 4399 ea
2539 4359 2675 4416 quae
2705 4342 2866 4397 dicta
2897 4346 2986 4397 est
3024 4341 3462 4413 persecutione,
3495 4341 3575 4397 ad

193 4437 500 4494 Christum
531 4437 862 4501 transiisse,
891 4437 1204 4492 momorias
1233 4440 1372 4492 sunt
1423 4435 1642 4508 proditi
1675 4452 1687 4490 :
1721 4451 1860 4492 cum
1903 4435 2147 4506 quidem
2180 4433 2392 4489 eodem
2425 4447 2549 4505 quo
2591 4431 2829 4487 Basilidi
2865 4429 3068 4495 modo,
3097 4431 3462 4486 Potamiasna
3490 4428 3578 4485 eis

199 4528 262 4583 in
300 4527 530 4583 somnis
576 4541 898 4598 apparens,
931 4525 1005 4581 ad
1063 4525 1310 4581 meliora
1341 4541 1444 4581 eos
1491 4528 1645 4580 esset
1693 4524 2022 4580 cohortata.
2059 4526 2123 4578 Et
2151 4523 2192 4579 ii
2241 4522 2488 4594 quidem
2539 4521 2616 4576 ab
2665 4521 2915 4590 Origene
2963 4520 3288 4576 catechista
3317 4534 3390 4576 eo
3418 4523 3574 4574 tem-

195 4631 345 4689 pore
370 4616 445 4672 de
475 4616 593 4672 ﬁde
619 4615 890 4680 instituti,
919 4614 1192 4670 divinum
1223 4615 1306 4670 sic
1339 4614 1638 4670 consecuti
1669 4618 1806 4669 sunt
1837 4611 2301 4669 immortalitatis
2331 4609 2678 4684 praemium.

842 4736 1085 4785 ΚΕΦΑΛ.
1117 4731 1195 4786 H'.

200 4844 358 4912 Περὶ
386 4846 492 4892 τοῦ
518 4837 1052 4911 τολμηθέντοςτῷ
1081 4837 1430 4912 Ὠριγένευ
1462 4846 1532 4911 τῇ
1565 4837 1802 4910 ἕκτομῇ

237 4907 716 4985 τῆςσαρκὸςίτῷ
747 4907 1166 4984 παρθενεύειν
1191 4907 1384 4970 δῆθεν
1413 4907 1766 4984 αἱρεῖσθαι.

275 5019 426 5090 Οὖτῳ
485 5015 534 5070 δ’
585 5020 762 5090 ἔχοντι
815 5025 886 5089 τῷ
957 5013 1310 5089 Ἀδαμαντίῳ,
1365 5022 1453 5070 καὶ
1512 5018 1647 5070 οὕτω
1701 5020 1802 5090 γὰρ

199 5107 474 5181 διωνύμως
540 5109 811 5182 Ὠριγένης
889 5108 1178 5177 ὠνόμαστο,
1256 5113 1342 5159 καὶ
1418 5107 1494 5159 ἐπ’
1569 5106 1803 5168 Ἀλεξαν-

199 5197 380 5273 δρείας
419 5201 494 5250 ἔτι
549 5206 641 5259 τῆς
699 5206 798 5249 τῶν
838 5204 1038 5249 πιστῶν
1087 5201 1449 5271 προίσταμένῳ
1495 5193 1799 5268 διατριϐῆς,

197 5288 421 5361 πρᾶγμά
457 5307 510 5340 τι
558 5286 831 5359 τολμᾶται,
887 5288 1064 5360 φρενὸς
1106 5289 1196 5357 μὲν
1229 5285 1433 5347 ἀτελοῦς
1486 5291 1576 5338 καὶ
1635 5304 1792 5338 νεανια

276 5445 357 5519 (1)
414 5447 489 5500 Δι’
537 5446 600 5507 ἧς
650 5442 822 5498 ἐδόκει
876 5447 1236 5516 νενομισμένον
1287 5464 1340 5496 τι
1392 5445 1565 5506 αὐτοῖς
1620 5443 1796 5504 ἀσεϐες

207 5517 224 5538 ³
333 5521 386 5538 ΑΙ
427 5518 454 5538 Υ
514 5520 557 5538 ΪΛ
667 5517 874 5538 :n_,-L
937 5517 1010 5538 IlL
1069 5532 1121 5538 ---
1182 5530 1286 5538 ΑΔ..
1343 5521 1369 5538 μ
1400 5517 1418 5538 \

200 5517 636 5591 ἐπιφθέγξασθαι.
665 5517 902 5588 (Euseb.
935 5517 1036 5572 lib.
1069 5532 1144 5582 Vl,
1176 5530 1310 5586 cap.
1342 5517 1419 5588 5.)

275 5591 353 5666 (2)
394 5589 778 5664 Signaculum
806 5589 1023 5657 crucis,
1049 5593 1153 5644 aut
1193 5587 1566 5660 baptismum
1597 5589 1795 5660 potius

1840 4728 1888 4783 D

2551 4727 2774 4783 CAPUT
2814 4725 2947 4780 VIII.

1917 4836 2224 4908 Origenem
2237 4834 2424 4908 suslin
2435 4835 2673 4898 uisse,ut
2683 4834 2936 4900 seipsum
2950 4835 3331 4908 castraretmt
3343 4829 3565 4888 scilicet

2235 4907 2496 4963 calibem
2516 4920 2801 4976 peragere
2827 4908 3016 4974 posset
3039 4905 3245 4960 vitam.

1985 5014 2133 5070 Cum
2185 5013 2262 5070 ad
2318 5013 2478 5068 hunc
2537 5012 2784 5067 modum
2837 5012 3118 5080 Origenes
3170 5009 3571 5066 Adamantius

1910 5102 2324 5160 Alexandrinas
2356 5101 2621 5156 ﬁdelium
2641 5100 2858 5156 scholae
2883 5105 3180 5171 praeesset,
3201 5115 3327 5156 rem
3353 5115 3569 5172 quam-

1909 5193 2052 5249 dam
2084 5192 2329 5262 aggredi
2362 5208 2548 5247 ausus
2579 5197 2685 5255 est,
2721 5189 3079 5260 imperfectas
3118 5188 3366 5261 quidem
3397 5188 3563 5244 illam

1908 5287 1964 5337 et
1987 5282 2267 5353 juvenilis
2297 5282 2535 5346 mentis,
2571 5281 2676 5336 sed
2707 5279 2846 5334 ﬁdei
2877 5278 3281 5350 castitatisque
3310 5277 3564 5333 ﬁrmita-

1903 5442 2182 5512 intellige.
2233 5441 2414 5513 δι’ωοὶ
2464 5439 2777 5496 Christiani
2835 5437 3206 5513 baptismum
3261 5433 3554 5510 σφραγῖδα,

1902 5516 2304 5586 signaculum,
2338 5512 2564 5570 dixere.
