4040 6224
511 307 650 364 1083

1844 306 2236 367 NICEPHOHI
2274 265 2593 363 CALLISTI

3721 301 3864 360 1084

503 439 627 491 tem
670 439 726 492 et
774 434 1154 492 stabilitatem
1209 436 1350 492 satis
1397 435 1820 492 declarantem.
1863 435 2138 502 Quonian

2269 441 2388 500 κῆς,
2421 435 2640 493 πίστεως
2691 426 2747 484 δ’
2773 427 2862 484 οὖν
2917 433 3008 484 καὶ
3065 435 3321 505 σώφρονος
3361 426 3482 504 βίον
3525 429 3868 501 καθυπογροί-

507 525 668 580 enim
692 525 892 581 adhuc
907 524 1166 596 juvenis,
1190 539 1311 582 non
1333 523 1527 581 solum
1551 526 1707 592 viris,
1738 525 1842 582 sed
1867 531 1924 582 et
1955 525 2158 580 mulie-

507 613 674 671 ribus
695 613 968 670 docendo
989 614 1244 670 salutare
1267 613 1632 685 praedicabat
1653 613 1924 679 verbum,
1947 613 2154 670 volens

506 703 870 759 calumniam
889 717 1133 759 omnem
1153 703 1323 760 {mdis
1347 703 1708 774 suspicionis
1730 703 2074 776 praecidere,
2099 707 2156 758 et

507 792 836 863 simplicius
883 792 1040 847 dicto
1083 791 1183 847 illo
1229 793 1550 848 Salvatoris
1598 792 1942 848 intellecto:
1999 795 2154 850 Sunt

504 881 820 952 eunuchia
832 881 1311 956 53quidam,qui
1321 883 1536 950 seipsos
1551 885 1897 938 castrarunt
1907 887 2156 953 propter

503 985 752 1040 regnum
784 973 1061 1028 cwlorum
1089 973 1158 1037 ⁵³,
1191 971 1514 1043 adimplere
1543 971 1602 1026 id
1633 971 1832 1043 reipsa
1861 973 1920 1025 in
1946 971 2152 1026 animo

501 1059 750 1126 habens,
809 1061 1070 1133 seipsum
1115 1061 1437 1117 castravit:
1481 1077 1720 1117 summa
1747 1075 1892 1118 cura
1931 1067 1989 1116 et
2024 1060 2152 1116 dili-

503 1151 704 1220 gentia
745 1149 1068 1206 familiares
1111 1166 1253 1205 suos
1299 1150 1361 1206 id
1409 1150 1630 1206 factum
1661 1149 1850 1206 celare
1881 1150 2148 1214 studens,

501 1239 667 1310 quod
705 1244 908 1295 tamen
937 1239 1174 1295 difficile
1203 1240 1362 1296 factu
1391 1243 1534 1296 erat.
1565 1239 1868 1295 Permultis
1894 1241 2051 1296 enim
2079 1255 2151 1294 ea

499 1343 594 1384 res
621 1327 896 1384 innotuit.
934 1330 1125 1394 Quam
1170 1327 1270 1384 ubi
1309 1327 1486 1384 etiam
1516 1328 1627 1384 loci
1657 1329 1784 1399 ejus
1831 1329 2149 1400 episcopus

505 1419 829 1474 Demetrius
847 1417 1095 1483 rescivit,
1125 1433 1260 1473 cum
1283 1417 1514 1474 facinus
1536 1417 1650 1474 tale
1676 1421 1766 1472 est
1795 1417 2146 1482 admiratus,

503 1511 627 1562 tum
654 1506 944 1562 fervorem
971 1511 1148 1562 tanta:
1179 1506 1316 1562 ﬁdei
1365 1522 1482 1561 non
1521 1506 1988 1578 improbandum
2019 1521 2148 1561 esse

497 1593 747 1661 ducens,
791 1595 952 1651 bono
1000 1611 1136 1650 eum
1176 1611 1305 1650 esse
1348 1595 1570 1661 animo,
1607 1595 1873 1667 nihilque
1903 1611 2037 1651 eam
2067 1594 2146 1650 ob

493 1700 623 1740 rem
667 1689 924 1740 metuere
969 1685 1166 1756 jussit.
1216 1691 1400 1757 Atque
1431 1690 1558 1740 tum
1588 1685 1833 1756 quidem
1875 1685 1972 1740 tali
2004 1699 2146 1754 erga

2267 539 2358 594 φον
2391 519 2730 596 στερρότητα.
2771 517 2990 580 Ἐπείδή
3021 523 3122 597 γὰρ
3153 520 3213 572 οὐ
3242 525 3396 592 μόνον
3421 516 3703 593 ἀνδράσιν,

2265 616 2354 664 καὶ
2382 611 2590 683 γυναιξὶ
2619 615 2724 672 νέος
2781 611 2849 664 ὣν
2901 613 2978 663 ἔτι
3023 613 3112 663 τόν
3161 615 3417 684 σωτήριον
3461 607 3642 681 ὡμίλει
3689 607 3864 678 λόγον,

2263 705 2437 753 πᾶσαν
2489 701 2720 775 αἰσχρᾶς
2759 701 2999 762 ὑπονοίας
3047 705 3332 774 περιαιρεῖν
3379 697 3562 751 ίθέλων
3611 694 3648 750 δ
3653 696 3866 756 ιαϐολὴν

2261 797 2372 852 τοῖς
2413 789 2676 856 ἀπίστοις,
2717 789 3066 863 ἁπλούστερον
3105 788 3436 862 έκλαϐόμενος
3605 793 3864 861 σωτήριον

2261 877 2456 952 ἐκείνην
2487 883 2672 952 φωνὴν,
2722 883 2800 946 τό,
2851 879 3042 934 Εἰσὶν
3100 879 3409 952 εὐνοῦχοι
3463 877 3740 939 οἵτινες
3781 877 3866 929 εὖ.

2259 970 2584 1041 νούχισαν
2647 969 2926 1031 ἑαυτοὺς
2966 965 3086 1021 διὰ
3145 973 3258 1028 τὴν
3293 967 3666 1040 βασιλείαν
3722 975 3864 1020 τῶν-

2259 1076 2284 1109 ο
2297 1057 2326 1108 ὖ
2343 1077 2372 1133 ρ
2386 1077 2455 1110 αν
2469 1067 2568 1124 ῶν,
2655 1062 2742 1111 καὶ
2817 1061 2911 1117 τὴν
3005 1058 3212 1117 ἐντολὴν
3297 1056 3634 1131 ἐκπληρῶσαι
3707 1055 3864 1108 θέλων

2259 1152 2348 1200 καὶ
2379 1150 2568 1222 ἔργοις,
2609 1147 2855 1220 ἀπέτεμεν
2886 1147 3064 1202 ἑαυτόν
3105 1167 3120 1180 ο
3150 1148 3230 1200 ὅτι
3281 1146 3515 1219 μάλιστα
3567 1143 3662 1198 διὰ
3701 1164 3864 1198 σπου-

2259 1233 2360 1298 δῆς
2399 1241 2676 1312 φροντίσας
2706 1241 2823 1298 τοὺς
2869 1242 2988 1310 περὶ
3037 1236 3195 1290 αὐτὸν
3221 1241 3512 1308 γνωρίμους
3541 1231 3817 1288 διαλαθεῖν
3849 1255 3862 1268 ·

2255 1327 2312 1378 τὸ
2345 1322 2396 1378 δ’
2426 1327 2531 1400 ἄρα
2575 1329 2772 1385 ἣκιστα
2818 1322 2879 1386 ἧν
2929 1327 3143 1400 εὐχερές
3173 1346 3186 1359 ·
3243 1329 3332 1378 καὶ
3379 1323 3581 1385 πολλοῖς
3757 1327 3861 1399 γὰρ

2256 1417 2500 1486 ἔγνωστο.
2567 1417 2710 1470 Ἐπιὶ
2763 1413 2822 1468 δὲ
2871 1421 2962 1468 καὶ
3027 1418 3052 1468 ό
3115 1423 3212 1478 τῆς
3261 1419 3544 1490 παροικίας
3591 1417 3866 1486 προεστὼς

2257 1510 2552 1578 Δημήτριος
2607 1507 2756 1576 ἔγνω,
2811 1511 2903 1565 τῆς
3105 1504 3295 1577 τόλμης
3345 1503 3636 1576 έθαύμασεν
3668 1521 3684 1535 ·
3731 1501 3864 1555 ἀπο-

2257 1591 2430 1665 δοχῆς
2477 1591 2536 1646 δε
2583 1597 2638 1647 τό
2693 1593 2808 1654 ζέον
2859 1603 2952 1656 τῆς
3001 1599 3120 1668 περὶ
3177 1593 3332 1646 αὐτόν
3391 1597 3616 1653 πίστεως
3675 1591 3858 1656 ἀξιῶν,

2257 1682 2460 1758 θαρῥεῖν
2523 1701 2578 1736 τε
2637 1682 2848 1748 ἐκέλευε,
2913 1687 3003 1735 καὶ
3057 1690 3148 1735 τοῦ
3211 1686 3365 1754 ἔργου
3421 1681 3614 1755 μᾶλλον
3693 1677 3862 1740 ἀδεῶς

482 1785 634 1828 'eum
665 1774 870 1829 animo
899 1774 1012 1829 fuit
1051 1775 1386 1845 episcopus.
1419 1775 1775 1830 Procedente
1809 1789 1950 1828 vero
1980 1773 2138 1829 dein-

2255 1774 2474 1844 έχεσθαι
2529 1776 2898 1848 προύτρέπετο.
2955 1776 3052 1826 Καὶ
3101 1777 3218 1825 τότε
3282 1775 3372 1845 μεν
3449 1772 3583 1824 οὕτω
3641 1775 3860 1842 γνώμης

495 1877 636 1934 ceps
657 1867 945 1934 tempore,
961 1879 1100 1918 cum
1121 1863 1428 1918 hominem
1457 1863 1679 1934 ubique
1707 1862 1990 1919 celebrari
2019 1863 2145 1918 lau-

493 1950 744 2022 darique
762 1951 1006 2018 videret,
1027 1951 1297 2007 humano
1315 1951 1583 2025 quodam
1607 1951 1822 2007 affectu
1845 1951 2141 2018 seductus,

495 2039 574 2094 ad
610 2039 926 2110 episcopos
973 2040 1261 2103 scribens,
1291 2055 1562 2111 premere
1605 2045 1784 2112 atque
1821 2040 2146 2096 obscurare

493 2127 722 2184 famam
752 2133 842 2184 est
883 2135 1152 2196 conatus,
1185 2135 1526 2201 ccetumque
1564 2129 1914 2202 hujusmodi
1945 2130 2144 2186 absur-

494 2219 639 2272 dum
680 2217 740 2272 in
781 2217 984 2274 litteris
1038 2219 1160 2274 suis
1213 2218 1506 2290 exposuit.
1560 2221 1848 2275 Caeterum
1897 2235 2035 2274 cum
2083 2220 2143 2275 in

492 2305 822 2373 Palaestina,
860 2306 1408 2377 Hierosolymorum
1447 2312 1503 2362 et
1541 2305 1822 2364 Caesareae
1853 2308 2139 2378 episcopi,

493 2393 683 2466 gloria
705 2401 760 2451 et
779 2396 1065 2466 dignitate
1083 2396 1304 2452 caeteris
1325 2397 1804 2468 praestabiliores,
1828 2397 2141 2467 Origencm

491 2485 720 2556 majore
748 2485 998 2555 dignum
1030 2485 1340 2542 duxissent
1367 2487 1614 2552 honore,
1643 2501 1834 2560 eaque
1859 2486 1932 2544 de
1955 2501 2142 2544 causa

491 2589 597 2646 per
621 2591 910 2632 manuum
931 2575 1375 2647 impositionem
1395 2576 1452 2630 in
1476 2576 1961 2649 presbyterorum
1987 2577 2142 2633 ordi-

489 2679 630 2720 nem
673 2669 1076 2736 cooptassent,
1119 2680 1190 2720 ex
1222 2681 1292 2726 eo
1327 2668 1593 2738 tempore
1633 2666 1820 2736 gloria
1849 2667 1982 2737 ejus
2020 2681 2140 2722 cre-

489 2759 708 2821 scente,
740 2753 1104 2826 nomineque
1135 2759 1190 2808 et
1219 2753 1396 2810 laude
1425 2753 1654 2810 virtutis
1691 2759 1869 2826 atque
1899 2756 2138 2825 sapien-

489 2841 585 2897 tiae
638 2841 804 2914 apud
849 2858 1061 2898 omnes
1111 2841 1232 2898 fere
1281 2842 1557 2898 homines
1609 2843 1869 2898 maxime
1920 2844 2140 2900 invale-

489 2935 738 2986 scente:
801 2931 1150 2996 Demetrius,
1192 2931 1336 3002 quia
1383 2946 1504 2986 non
1550 2931 1812 2999 haberet,
1863 2932 2028 3003 quod
2077 2933 2138 2988 in

489 3021 656 3074 tanto
685 3019 814 3075 viro
860 3019 1338 3090 reprehenderet,
1380 3019 1439 3074 id
1470 3021 1634 3092 quod
1661 3021 1755 3076 ille
1810 3021 2138 3092 aliquando

486 3122 593 3180 per
612 3107 937 3178 juvenilem
965 3107 1324 3180 imperitiam
1351 3109 1588 3173 fecerat,
1610 3110 1684 3164 ad
1703 3124 1944 3179 gravem
1963 3112 2139 3165 traxit

487 3195 896 3251 calumniam:
940 3201 995 3251 et
1035 3197 1405 3267 aliquantum
1464 3197 1640 3252 etiam
1695 3213 1795 3252 eos
1833 3197 1934 3269 qui
1965 3197 2137 3252 illum

485 3283 774 3355 dignitate
813 3285 1142 3358 presbyteri
1193 3291 1568 3349 ornaverant,
1621 3287 1874 3342 notavit.
1921 3288 2133 3342 Verum

485 3375 675 3430 serius
704 3374 834 3429 haec
865 3375 1190 3429 Demetrius
1217 3379 1304 3429 est
1333 3389 1578 3430 exorsus
1603 3390 1617 3440 ;
1647 3373 1742 3430 ille
1772 3375 1931 3430 enim
1962 3375 2132 3447 impi-

483 3477 586 3532 gre
616 3479 755 3518 cum
787 3463 1090 3528 omnibus,
1122 3463 1228 3535 qui
1261 3463 1336 3519 ad
1381 3479 1444 3517 se
1477 3465 1766 3528 venirent,
1798 3463 2132 3520 doctrinam

481 3551 990 3618 communicabat,
1008 3559 1245 3624 tempus
1261 3567 1442 3608 omne
1463 3557 1517 3607 et
1539 3553 1804 3608 studium
1823 3552 2131 3625 discipulis

482 3641 608 3696 suis
661 3641 1026 3713 impertiens.
1059 3643 1591 3698 lntereaSeverus
1637 3642 1845 3697 decem
1897 3648 1952 3698 et
1999 3648 2133 3699 octo

482 3732 659 3786 annis
737 3731 988 3803 imperio
1068 3730 1358 3802 ﬂagitiose
1438 3729 1872 3796 administrato,
1951 3733 2134 3786 Anto-

481 3821 696 3876 ninum
725 3819 1094 3878 Caracallam
1126 3819 1314 3876 ﬁlium
1347 3835 1526 3876 suum
1578 3835 1986 3878 successorem
2025 3821 2134 3877 ha-

482 3907 630 3966 buit.

1131 4091 1352 4146 CAPUT
1389 4090 1475 4146 IX.

479 4177 564 4234 De
593 4177 966 4234 admirandis
994 4179 1270 4261 Narcissi
1305 4179 1846 4306 Hifrosolymorum
1877 4180 2135 4251 episcopi

1141 4267 1372 4306 mzracu
1403 4267 1471 4306 ιε.

1141 4267 1372 4306 mtracu
1380 4267 1451 4306 ιιε
1459 4292 1471 4305 .

555 4341 634 4394 Ea
662 4342 1009 4410 tempestate
1045 4339 1396 4406 Alexander,
1431 4355 1504 4394 ex
1533 4339 1646 4395 illis
1687 4355 1842 4396 unus
1871 4340 1972 4412 qui
2005 4341 2133 4412 plu-

476 4426 632 4483 rima
663 4428 722 4481 in
763 4429 1172 4497 persecutione
1199 4428 1312 4484 sub
1353 4431 1567 4484 Severo
1599 4445 1708 4500 pro
1747 4445 1882 4486 vera
1916 4429 2131 4501 pietate

477 4516 902 4583 sustinuerant,
956 4534 993 4573 a
1049 4519 1165 4572 Deo
1220 4523 1511 4586 servatus,
1545 4518 2128 4576 administrationem

477 4605 744 4662 ecclesia:
775 4605 1326 4678 Hierosolymitanee
1359 4609 1618 4676 suscepit
1649 4624 1662 4662 :
1702 4606 1995 4674 Narcisso,
2025 4609 2130 4680 qui

475 4693 560 4750 ibi
589 4711 810 4750 munus
861 4695 920 4750 id
965 4703 1247 4765 gesserat,
1283 4695 1484 4750 adhuc
1532 4698 1865 4767 superstite.
1901 4699 1978 4752 De
2007 4712 2129 4768 quo

473 4785 747 4840 Narcisso
779 4784 907 4856 ejus
936 4784 1050 4840 loci
1081 4784 1357 4839 homines
1392 4801 1528 4840 cum
1561 4786 1753 4841 multa
1784 4785 1900 4840 alia
1933 4786 2127 4840 admi-

474 4873 668 4929 randa
698 4889 879 4944 opera
920 4879 1275 4940 memorant,
1301 4877 1427 4930 tum
1457 4873 1571 4930 hoc
1601 4875 1778 4930 etiam
1811 4875 1870 4929 in
1907 4875 2128 4930 litteras

472 4962 718 5018 relatum
753 4963 1018 5020 tradunt.
1054 4964 1259 5018 Dicunt
1290 4963 1470 5028 enim,
1498 4963 1574 5020 ad
1608 4962 1786 5036 354
1817 4979 2127 5036 vesperam

473 5051 714 5107 Paschte
762 5051 962 5107 oleum
1010 5051 1090 5107 ad
1137 5068 1309 5107 usum
1363 5051 1741 5109 lucernarum
1797 5051 2122 5108 defecisse:

473 5141 640 5212 quod
691 5157 829 5196 cum
877 5141 1138 5212 populus
1169 5157 1325 5212 segre
1367 5141 1558 5212 ferret,
1593 5141 1934 5199 Narcissum
1959 5157 2126 5196 man-

473 5229 670 5295 dasse,
719 5235 781 5283 ut
835 5229 964 5300 ejus
1017 5231 1098 5284 rei
1141 5231 1387 5285 ministri
1428 5245 1498 5284 ex
1555 5231 1894 5302 propinquo
1947 5237 2126 5302 puteo

469 5335 695 5391 aquam
735 5319 1060 5384 haurirent,
1103 5323 1282 5390 atque
1315 5317 1396 5374 ad
1441 5335 1502 5374 se
1557 5319 1852 5376 afferrent.
1891 5321 2010 5375 Hoc
2041 5320 2125 5375 sic

470 5408 650 5474 facto,
691 5407 857 5463 illum
899 5412 1206 5480 precatum
1247 5424 1400 5478 esse,
1436 5425 1609 5482 aquae
1639 5408 2034 5474 benedixisse,
2068 5414 2122 5466 et

473 5513 764 5568 germana
807 5504 1086 5569 certaque
1116 5496 1254 5564 ﬁde,
1313 5504 1375 5553 ut
1422 5497 1482 5552 in
1529 5499 1805 5554 lucernas
1851 5497 2124 5554 infunde-

546 5623 594 5658 ⁵³
635 5622 832 5680 Matth.
875 5639 993 5692 xix,
1031 5626 1118 5680 t2.

2255 1857 2368 1934 εἶχε
2416 1867 2535 1934 περὶ
2589 1861 2744 1914 αὐτὸν
2797 1863 2822 1914 ὁ
2881 1859 3160 1922 έπίσκοπος
3207 1875 3222 1890 ⁸
3282 1865 3459 1934 χρώῳ
3508 1857 3569 1914 δὲ
3615 1863 3860 1932 προῖόντι

2253 1952 2384 2024 ὁρῶν
2433 1951 2586 2004 αὑτὸν
2639 1951 2950 2023 ἁπανταχοῦ
3005 1953 3073 2012 ὡς
3147 1955 3382 2023 λαμπρόν
3445 1969 3500 2002 τε
3555 1955 3646 2002 καὶ
3692 1953 3858 2021 μέγαν

2253 2039 2612 2112 ἐπιϐοώμενον,
2667 2041 2872 2112 πάσχει
2918 2059 2970 2090 τι
3017 2043 3108 2091 καὶ
3160 2041 3314 2099 αὑτός
3369 2037 3714 2113 ἀνθρώπινον,
3767 2041 3858 2089 καὶ

2252 2137 2360 2191 τοῖς
2429 2129 2735 2189 ἐπισκόποις
2798 2131 3032 2204 γράφων,
3099 2132 3194 2186 τὴν
3269 2133 3388 2200 περὶ
3453 2127 3612 2182 αὐτοῦ
3694 2123 3858 2190 δόξαν

2255 2218 2519 2292 ἀμαυροῦν
2597 2217 2856 2290 ἐπειρᾶτο,
2929 2221 2988 2270 τὸ
3047 2218 3238 2270 ἄτοπον
3315 2225 3408 2270 τοῦ
3463 2216 3859 2292 ἐγχειρήματος

2251 2307 2544 2380 καταλέγων
2605 2315 2716 2369 τοῖς
2787 2307 3120 2380 γράμμασιν.
3181 2305 3324 2360 Ἐπεί
3374 2308 3457 2359 τοί
3509 2324 3570 2376 γε
3611 2307 3664 2358 οἱ
3719 2302 3852 2376 δόξῃ

2250 2403 2340 2450 καὶ
2401 2404 2524 2469 τιμῇ
2593 2398 2729 2449 κατά
2779 2395 3134 2453 Παλαιστίνην
3205 2397 3482 2449 ἓπίσκοποι
3535 2399 3856 2470 Καισαρείας

2249 2492 2339 2540 καὶ
2383 2485 2773 2560 Ἱεροσολύμων,
2839 2485 2987 2548 ἄξιον
3051 2487 3336 2560 ὑπερτέρας
3389 2492 3547 2558 τιμῆς
3627 2480 3854 2556 δοκιμή-

2254 2595 2450 2642 σαντες,
2506 2576 2690 2651 χείροίς
2749 2593 2803 2626 τε
2849 2577 3127 2640 ἐπέθηκαν,
3185 2579 3272 2628 καὶ
3321 2583 3420 2627 τῶν
3469 2581 3562 2626 τοῦ
3617 2573 3856 2648 πρεσϐυ-

2248 2669 2419 2742 τερίου
2492 2663 2778 2737 πρεσϐείων
2847 2664 3027 2726 ἠξίουν
3077 2680 3092 2695 ⁸
3155 2662 3210 2716 ίκ
3263 2667 3436 2716 τοίνυν
3513 2665 3725 2728 τούτου,
3787 2663 3854 2722 εἰς

2247 2759 2385 2828 μέγα
2435 2751 2594 2817 δόξης
2650 2757 2964 2826 προήκοντα,
3014 2754 3174 2825 ὄνομά
3231 2771 3285 2806 τε
3325 2757 3415 2804 καὶ
3467 2751 3607 2813 κλέος
3662 2751 3854 2827 ἀρετῆς

2247 2849 2338 2896 καὶ
2391 2849 2571 2916 σοφίας
2621 2845 2766 2918 ποιρά
2827 2849 2961 2895 πᾶσι
3003 2839 3202 2914 σχεδὸν
3253 2841 3546 2916 ἀνθρώποις
3601 2847 3852 2914 μέγιστον

2247 2937 2555 3005 κεκτημένον
2591 2935 2786 2992 ἣκιστα
2838 2935 3136 3006 Δημήτριος
3189 2931 3310 2983 ἄλλο
3339 2951 3393 2984 τι
3439 2933 3578 3002 ἔχων
3624 2950 3852 3002 κατηγο-

2246 3029 2352 3097 ρεῖν
2403 3030 2496 3075 τοῦ
2543 3019 2748 3094 ἀνδρος,
2781 3029 2873 3074 τοῦ
2921 3020 3185 3094 πρόπαλαι
3235 3019 3582 3092 τολμηθέντος
3629 3027 3696 3092 τῇ
3739 3039 3852 3072 νεα-

2245 3119 2362 3184 νικῇ
2419 3112 2599 3184 ἡλίκίᾳ
2658 3108 2832 3169 δεινὴν
2897 3110 3119 3163 ἐποιεῖτο
3179 3106 3452 3178 διαϐολὴν,
3512 3110 3688 3183 ἠρέμα
3733 3113 3850 3170 τοὺς

2247 3200 2331 3254 ἐπὶ
2405 3204 2464 3253 τό
2541 3199 2912 3274 πρεσϐυτέριον
2998 3199 3282 3260 καλοῦντας
3341 3197 3850 3271 συμπεριλαμϐάνων

2245 3295 2362 3351 ταῖς
2406 3289 2688 3361 μέμψεσιν.
2729 3287 2866 3342 Ἀλλ’
2930 3287 3027 3358 ὀψέ
3069 3305 3196 3340 ποτε
3241 3293 3407 3339 ταῦτα
3433 3303 3445 3316 ·
3476 3291 3592 3339 τότε
3641 3305 3704 3358 γε
3743 3292 3848 3358 μὴν

2245 3378 2440 3441 ἀόκνως
2493 3383 2628 3430 πᾶσι
2686 3383 2796 3440 τοῖς
2863 3384 3149 3450 προσιοῦσι
3221 3381 3280 3429 τό
3339 3383 3436 3437 τῆς
3493 3371 3850 3437 διδασκαλίας

2244 3467 2441 3542 έπέρῥει
2491 3473 2650 3540 νᾶμα,
2732 3470 2826 3524 τὴν
2884 3471 3057 3518 πᾶσαν
3117 3465 3318 3538 σχολὴν
3379 3471 3488 3526 τοῖς
3561 3468 3628 3526 ὡς
3691 3465 3846 3517 αὐτὸν

2244 3566 2492 3630 φοιτῶσιν
2547 3554 2907 3630 ἐνδιατρίϐων.
2964 3555 3048 3608 Ἐν
3103 3559 3272 3627 τούτῳ
3311 3551 3371 3608 δε
3419 3561 3640 3626 Σευῆρος
3711 3553 3842 3606 ὀκτὼ

2241 3649 2373 3722 πρὸς
2407 3643 2538 3700 δέκα
2575 3649 2713 3700 ἔτεσι
2758 3646 3048 3718 μοχθηρῶς
3098 3651 3162 3716 τῇ
3219 3643 3434 3716 ἐξουσίᾳ
3481 3646 3840 3717 χρησάμενος,

2242 3744 2314 3806 τῷ
2369 3732 2527 3789 παιδὶ
2573 3737 2857 3806 Ἀντωνίνῳ
2921 3733 3078 3792 αὐτὴν
3130 3733 3448 3804 καταλείπει,
3509 3733 3567 3796 ὂς
3620 3729 3690 3791 δή
3753 3737 3840 3784 καί

2243 3826 2356 3899 Καρ
2363 3824 2546 3878 άκολλό
2555 3844 2577 3886 ς
2603 3822 2786 3882 έπεκλή
2797 3824 2824 3876 θ
2832 3843 2860 3880 ο
2874 3865 2887 3881 .

2858 4093 3105 4144 ΚΕΦΔΛ.
3145 4086 3225 4142 Θ’.

2245 4183 2393 4253 Περὶ
2429 4187 2546 4233 τῶν
2603 4181 2773 4253 κατὰ
2807 4179 3184 4253 Νάρκισσον
3237 4171 3666 4253 παραδόξων·
3699 4177 3836 4227 θαυ-

2347 4253 2576 4324 μάτων,
2620 4252 2684 4313 ὃς
2719 4243 3192 4326 Ἰεροσολύμων
3231 4243 3596 4309 έπίσκοπος
3635 4243 3732 4306 ἦν.

2315 4341 2439 4394 Κατ’
2475 4339 2636 4393 ἐκεῖνο
2687 4345 2858 4393 τοίνυν
2914 4346 3100 4412 καιροῦ
3155 4333 3494 4412 Ἀλέξανδρος
3524 4337 3596 4398 εἷς
3637 4337 3708 4388 ὢν
3739 4344 3832 4389 τῶν

2240 4433 2366 4504 ὑπὲρ
2416 4429 2677 4491 εὐσεϐείας
2723 4429 2942 4482 πλεῖστα
2987 4428 3256 4480 παθόντων
3307 4433 3380 4496 τῷ
3433 4427 3574 4478 κατὰ
3619 4431 3836 4500 Σευῆρον

2165 4493 2208 4548 D
2241 4493 2483 4592 διωγμῷ,
2524 4522 2650 4594 πρὸς
2697 4525 2830 4572 Θεοῦ
2893 4515 2953 4569 δε
3003 4518 3267 4590 τηρηθεὶς,
3319 4493 3412 4576 της
3467 4493 3836 4588 Ἰεροσόλύμων

2237 4609 2550 4671 Ἐκκλησίας
2579 4611 2700 4670 τοὺς
2745 4609 2928 4667 οἴακας
2971 4605 3344 4680 ἐγχειρίζεται,
3397 4603 3474 4656 ἑτι
3503 4609 3833 4679 Ναρκίσσου,

2238 4699 2294 4761 ὃς
2345 4695 2406 4757 ἧν
2459 4701 2562 4750 ἐκεῖ
2609 4703 2877 4771 πρότερον,
2931 4699 3196 4768 περιόντος
3269 4701 3342 4764 τῷ
3397 4691 3497 4766 βίῳ
3529 4709 3545 4723 ·
3595 4693 3726 4766 ὑπὲρ
3781 4693 3836 4745 οὗ

2237 4786 2401 4841 πολλά
2446 4789 2536 4859 μεν
2584 4789 2634 4839 οἱ
2682 4785 2845 4838 ἐκεῖσε
2886 4790 3095 4857 μνήμης
3155 4786 3284 4856 ἔργα
3312 4779 3594 4857 παράδοξα
3643 4779 3836 4835 διασώ-

2238 4877 2442 4944 ζουσιν,
2494 4875 2542 4927 ἐν
2600 4876 2672 4936 οἷς
2717 4880 2808 4928 καὶ
2862 4881 3015 4926 τοῦτο
3069 4881 3507 4946 προσιστοροῦσι.
3566 4877 3708 4926 Φασὶ
3755 4875 3836 4924 καὶ

2235 4968 2336 5040 γὰρ
2397 4968 2464 5026 ὡς
2516 4966 2651 5016 κατά
2707 4967 2799 5022 τὴν
2857 4962 3075 5033 ἑσπέραν
3131 4969 3229 5014 τοῦ
3288 4963 3490 5032 Πάσχα
3545 4959 3722 5014 ἓλαίού
3783 4963 3836 5012 τό

2235 5057 2366 5126 πρὸς
2392 5058 2576 5130 χρείαν
2617 5061 2715 5105 τῶν
2757 5048 3080 5125 θρυαλλίδων
3132 5049 3382 5103 ἐπιλιπεῖν
3421 5067 3434 5080 ·
3481 5047 3532 5101 ἐν
3579 5047 3740 5122 δεινῷ
3783 5047 3836 5102 δε

2234 5151 2385 5197 τοῦτο
2434 5147 2744 5214 ποιουμένου
2821 5149 2912 5193 τοῦ
2963 5140 3211 5207 πλήθους,
3271 5139 3513 5192 κελεῦσαι
3571 5139 3660 5192 τόν
3705 5141 3836 5211 Nile-

2235 5251 2444 5297 κισσον,
2515 5231 2569 5283 ἐκ
2622 5239 2713 5284 τοῦ
2789 5233 3170 5304 παρακειμένου
3229 5232 3443 5301 φρέατος
3504 5227 3835 5288 ἀπαντλῆσαι

2233 5329 2345 5382 τοῖς
2373 5325 2491 5393 περὶ
2525 5327 2693 5372 ταῦτα
2747 5315 3169 5392 διακονουμένοις
3197 5315 3364 5392 ὕδωρ,
3419 5323 3510 5370 καὶ
3565 5321 3638 5378 ὡς
3683 5317 3833 5370 αὐτόν

2235 5409 2469 5482 ἀγαγεῖν.
2528 5408 2668 5462 Ἐπεὶ
2718 5405 2776 5462 δὲ
2844 5415 2995 5461 τοῦτο
3041 5415 3374 5482 παραχρῆμα
3426 5405 3647 5478 ἐγένετο,
3694 5407 3832 5458 ἕπευ-

2235 5500 2426 5565 ξασθαι
2486 5500 2576 5570 μεν
2623 5501 2714 5551 καὶ
2767 5496 3050 5570 εὐλογῆσαι
3112 5499 3172 5549 τό
3226 5491 3370 5570 ὕδωρ
3411 5513 3426 5527 ’
3490 5491 3606 5548 εἶτα
3659 5499 3832 5548 πίστει
