4040 6224
160 311 300 366 1085

1218 305 1794 365 ECCLESIASTICIE
1834 292 2194 364 HISTOHI'JE
2233 307 2372 365 LIB.
2425 311 2491 367 V.

3375 315 3516 372 1086

155 439 356 508 γνησίᾳ
386 433 627 488 κελεῦσαι
677 436 815 488 κατὰ
864 441 964 487 τῶν
1011 432 1218 506 λύχνων
1273 433 1495 506 ἓγχέειν,
1551 437 1652 488 Καὶ
1691 435 1749 495 ὡς

1866 436 2046 501 retur,
2069 433 2343 504 jussisse.
2365 437 2565 503 Quare
2611 445 2673 496 ut
2721 440 2980 511 jusserat
3009 442 3271 512 peracta,
3313 438 3518 495 divina

155 523 350 578 ἐκέλευε
383 521 736 600 δεδρακότων,
789 525 901 596 θείᾳ
945 521 1166 596 δυνάμει
1212 527 1270 576 τό
1302 520 1446 599 ὕδωρ
1479 523 1547 584 εἰς
1585 523 1755 576 ἐλαίου

154 617 312 686 φύσιν
373 615 564 668 αὐτίκα
617 615 1161 687 μεταστοιχειωθῆναι
1217 619 1308 666 καὶ
1362 619 1614 686 χρώματι
1665 615 1757 664 καὶ⁹

152 710 441 762 ποιότητι·
484 707 552 767 ὡς
607 709 698 756 καὶ
771 711 846 774 τῷ
914 708 1043 775 πυρὶ
1098 707 1351 776 παρέχειν
1406 708 1590 762 καινήν
1642 722 1758 755 τινα

155 795 483 865 φωταύγειαν
567 792 910 866 ἁπολάμπειν.
965 792 1052 855 Ἐξ
1126 793 1186 844 οὗ
1262 798 1351 846 καὶ
1428 792 1636 854 πολλοῖς
1689 791 1757 852 εἰς

154 884 423 956 θαύματος
472 884 634 956 χάριν
689 883 825 958 οῖχρι
870 878 938 941 δὴ
993 881 1183 934 πολλοῦ
1227 881 1551 954 έφυλάττετο.
1587 881 1758 936 Πολλὰ

154 967 217 1025 δε
267 977 361 1025 καὶ
412 971 540 1024 ἄλλα
568 975 686 1044 περὶ
727 980 820 1033 τῆς
871 978 961 1024 τοῦ
1010 970 1133 1044 βίου
1181 970 1390 1044 ἀγωγῆς
1446 971 1606 1024 αὐτοῦ
1633 970 1758 1034 ἄξια

152 1065 365 1133 μνήμης
425 1057 874 1136 διαθρυλλοῦσιν⁶
927 1060 994 1112 ὧν
1043 1064 1297 1133 ξπίσημον
1357 1066 1446 1114 καὶ
1498 1056 1621 1113 τόδε
1671 1063 1757 1132 ἃμ-

153 1155 365 1225 φέρεται
394 1171 406 1183 ·
495 1150 744 1223 ἆνθρώπι⁹
825 1151 959 1202 ἄττα
1039 1149 1230 1223 φαῦλα,
1322 1153 1583 1222 σύντροφα
1665 1152 1755 1220 μὲν

151 1239 339 1314 ἁπάσῃ
386 1242 681 1314 μοχθηρίᾳ,
733 1246 916 1302 κακοῖς
980 1236 1039 1292 δὲ
1095 1244 1302 1313 μυρίοις
1359 1243 1416 1293 τό
1463 1240 1559 1312 ζῇν
1610 1236 1756 1292 διαν-

147 1330 390 1399 τλοῦντα,
435 1333 491 1383 τὸ
540 1337 631 1382 τοῦ
673 1326 860 1400 ἀνδρὸς
909 1326 1101 1390 εἰδότες
1132 1325 1423 1396 ἁνένδοτον,
1454 1325 1755 1390 δεδοικότες

149 1423 225 1490 μη
271 1416 424 1480 δίκας
477 1417 674 1479 ἁλόντες
721 1419 794 1479 οἷς
837 1418 1085 1491 αἰσχροῖς
1127 1421 1378 1492 ἔπραττον
1433 1417 1751 1484 ἀποτίσωσι,

150 1504 504 1583 ῥᾳδιουργίαν
579 1510 696 1560 τινὰ
785 1510 1222 1576 συσκευάσαντες,
1299 1505 1473 1566 δεινὴν
1548 1506 1754 1560 έποίουν

150 1597 298 1668 αὐτῷ
349 1602 442 1656 τὴν
488 1594 758 1656 διαϐολήν.
806 1600 884 1650 Τὰ
937 1601 1101 1650 πιστὰ
1144 1595 1203 1650 δι
1231 1597 1395 1669 λέγειν
1433 1602 1754 1672 παρέχοντες

148 1688 370 1752 ἔννοιαν,
454 1688 629 1760 ὅρκοις
688 1690 784 1744 τὴν
861 1699 1206 1759 συκοφαντίαν
1281 1690 1352 1748 ὡς
1413 1685 1610 1748 ἀληθὴς
1672 1689 1748 1743 εἴη

1866 521 1922 576 vi
1944 527 1999 578 et
2028 521 2294 581 efﬁcacia
2325 539 2485 598 aqua
2511 528 2833 601 derepente
2872 529 2931 585 in
2967 529 3079 586 olei
3109 535 3386 585 naturam
3421 544 3515 584 co-

1865 612 1988 669 lore
2013 622 2069 668 et
2091 614 2376 686 qualitate
2403 630 2595 686 versa,
2626 619 2749 687 igni
2778 635 3000 675 novam
3040 619 3374 692 quamdam
3395 619 3518 675 cla-

1864 704 2203 776 rioremque
2255 705 2450 763 lucem
2499 702 2773 780 praebuit.
2809 710 2892 766 Ex
2951 725 3072 781 quo
3140 716 3405 782 tempore
3455 709 3516 767 id

1865 792 2065 849 oleum
2090 809 2127 850 a
2155 796 2356 851 multis
2387 797 2656 854 miraculi
2697 797 2887 869 gratia
2921 799 3259 854 diutissime
3289 803 3376 854 est
3401 813 3517 854 ser-

1863 888 2094 939 vatum.
2128 883 2299 941 Plura
2320 893 2607 958 praeterea
2643 890 2719 943 de
2755 887 2887 944 vita;
2921 889 3062 958 eius
3103 889 3368 943 instituto
3396 903 3518 943 me-

1866 978 2102 1029 moratu
2130 974 2312 1046 digna
2340 975 2622 1042 referunt,
2650 978 2710 1033 in
2741 977 2962 1050 quibus
2994 981 3050 1033 et
3077 975 3228 1032 illud
3270 977 3516 1049 praecla-

1863 1076 1999 1118 rum
2033 1068 2142 1119 est.
2198 1064 2481 1121 Homines
2510 1065 2762 1138 quidam
2807 1066 3097 1139 mali,qui
3137 1079 3241 1138 per
3287 1065 3517 1135 ﬂagitia

1863 1152 2069 1207 omnia
2088 1157 2144 1208 et
2164 1153 2387 1210 scelera
2420 1156 2738 1212 innumera
2766 1156 2949 1212 vitam
2994 1161 3331 1225 exegerant,
3371 1168 3517 1211 oon-

1865 1242 2146 1297 stantiam
2173 1246 2230 1298 et
2263 1243 2634 1300 severitatem
2673 1245 2782 1301 viri
2829 1250 3142 1301 noverant.
3186 1246 3390 1317 Itaque
3417 1244 3518 1315 ju-

1862 1329 2084 1386 dicium
2111 1331 2241 1404 ejus
2279 1333 2573 1400 timentes,
2603 1349 2677 1389 ne
2701 1334 2761 1389 in
2787 1333 2946 1390 {mdo
2981 1333 3336 1406 deprehensi
3374 1333 3518 1389 faci-

1863 1434 2193 1493 nore,quas
2217 1422 2404 1477 meriti
2435 1429 2651 1487 essent,
2685 1422 2910 1478 luerent
2942 1439 3176 1494 pmnas,
3208 1422 3510 1479 fallaciam

1861 1509 2194 1580 quamdam
2227 1515 2662 1567 antevertentes
2687 1513 3247 1576 comminiscuntur,
3290 1516 3347 1567 et
3385 1527 3511 1582 gra-

1863 1613 1993 1652 vem
2020 1597 2071 1653 ei
2093 1598 2433 1670 impingunt
2459 1599 2846 1656 calumniam.
2871 1605 3060 1672 Atque
3084 1600 3508 1672 utopinionem

1864 1702 1928 1743 se
1954 1703 2093 1744 vera
2113 1687 2308 1744 dicere
2327 1689 2488 1762 apud
2505 1689 2782 1744 homines
2805 1695 3510 1762 consequerentur,syco-

147 1775 627 1848 κατησφαλίζοντο.
683 1780 787 1830 Καὶ
827 1776 853 1827 6
891 1778 981 1847 μὲν
1110 1781 1212 1837 μὴν
1259 1779 1422 1848 πυρός
1463 1773 1749 1848 δαπάνημα

1864 1777 2172 1849 phantiam
2203 1777 2459 1849 perjurio
2496 1778 2858 1834 conﬁrmant
2887 1778 3060 1837 :diris
3091 1794 3333 1851 quoque
3360 1795 3509 1844 sese,

147 1868 351 1935 γένοιτο
387 1880 400 1893 ⁸
461 1866 487 1916 6
528 1860 587 1917 δι
641 1864 944 1937 παλαμναίᾳ
994 1869 1128 1937 νόσῳ
1188 1861 1502 1937 διαφθαρείη
1537 1882 1550 1896 ’
1605 1867 1630 1918 6
1692 1862 1751 1918 δὲ

149 1957 344 2026 τρίτος,
486 1957 588 2026 μὴν
633 1955 726 2015 τὰς
766 1953 913 2025 ὄψεις
942 1959 1178 2026 πηρώσει
1209 1953 1482 2007 ἀποϐαλεῖν
1514 1959 1742 2027 ὤμνυον.

153 2047 351 2117 Καίπερ
413 2039 464 2095 δ’
498 2043 662 2104 οὕτως
712 2042 970 2115 τάσφαλὲς
1025 2050 1134 2106 τοῖς
1171 2045 1345 2116 ὅρκοις
1395 2045 1751 2117 ὑπισχνουμέο

145 2151 252 2193 νοις
284 2127 460 2184 ούδενὶ
506 2135 792 2206 προσέχειν
832 2129 914 2205 ᾖν,
953 2131 1180 2207 ἀκριϐῶς
1220 2129 1413 2194 εἰδότες
1454 2138 1512 2186 τό
1551 2152 1606 2187 τε
1645 2142 1752 2187 σῶ-

146 2241 276 2296 φρον
326 2218 569 2293 τάνδρὸς,
615 2227 706 2274 καὶ
755 2225 848 2280 τὴν
913 2224 982 2283 ὡς
1030 2221 1216 2275 ἐπίπαν
1267 2222 1574 2296 λάμπουσαν
1626 2223 1753 2296 ἀρε-

144 2315 243 2370 τὴν
299 2318 392 2364 τοῦ
444 2315 772 2384 Ναρκίσσου.
833 2310 1052 2372 Ἐκεῖνος
1107 2307 1159 2364 δ’
1223 2308 1312 2364 οὖν
1380 2317 1468 2370 τὴν
1516 2321 1616 2365 τῶν
1669 2313 1754 2364 ἁν-

145 2396 289 2473 δρῶν
333 2403 636 2472 μοχθηρίαν
676 2405 748 2472 μὴ
797 2400 901 2463 οἷός
945 2420 1000 2453 τε
1029 2404 1096 2452 ὢν
1147 2405 1331 2475 φέρειν,
1375 2401 1536 2464 ἄλλως
1573 2399 1632 2455 δὲ
1663 2407 1753 2455 καὶ

145 2494 236 2541 τόν
268 2492 479 2562 ἣσυχον
533 2494 616 2543 καὶ
673 2488 985 2563 ἀπράγμονα
1033 2489 1155 2564 βίαν
1210 2489 1572 2564 μεταδιώκων,
1612 2493 1751 2566 φιλο-

149 2582 326 2650 σόφως
373 2599 424 2632 τε
480 2580 575 2652 ζῇν
605 2580 884 2654 ᾑρημένος,
936 2583 996 2632 τὸ
1025 2579 1223 2642 πλῆθος
1275 2581 1411 2634 ἅπαν
1460 2581 1753 2656 παραλογι-

151 2670 377 2740 σάμενος
429 2665 678 2744 διαδρὰς,
741 2668 825 2721 ἐπὶ
883 2668 1092 2730 πολλοῖς
1169 2671 1334 2722 ἔτεσιν
1409 2669 1607 2744 ἀφανὴς
1665 2669 1748 2746 ᾖν.

154 2756 396 2818 Κάκεῖνος
428 2760 518 2830 μὲν
544 2758 708 2819 οὕτως
752 2754 864 2830 εἶχε
915 2762 1004 2811 καὶ
1053 2755 1330 2833 διατριϐῆς
1377 2765 1468 2813 καὶ
1515 2757 1747 2824 διαίτης.

153 2847 221 2899 ’Ὀ
249 2866 306 2917 γε
357 2851 460 2919 μὴν
493 2851 652 2920 μέγας
700 2854 796 2908 τῆς
849 2844 1005 2909 δίκης
1058 2847 1316 2921 ὀφθαλμὸς
1357 2845 1604 2921 οὐδαμῶς
1633 2852 1751 2926 ἠρέ-

153 2956 239 3009 μει
275 2953 287 2967 ⁸
321 2940 442 2998 τούς
492 2933 542 2989 δ’
591 2935 881 3012 ἀλάστορας
932 2935 1151 3000 ἐκείνους
1199 2942 1428 3010 μέτεισιν
1483 2941 1604 2993 ὅσον
1660 2943 1747 2993 τά·

148 3045 255 3098 χος
282 3043 296 3055 ⁸
349 3030 440 3078 καὶ
487 3027 565 3086 οἷς
615 3025 846 3078 ἑάλωσαν
913 3028 1289 3102 ἓπιορκοῦντες,
1357 3032 1542 3091 ἱκανῶς
1597 3051 1751 3084 κατε-

147 3113 360 3188 δέσμει.
398 3114 456 3166 ’0
495 3117 584 3187 μεν
633 3111 723 3168 οὖν
774 3124 998 3191 πρῶτος,
1054 3115 1109 3180 ἐξ
1158 3114 1408 3190 οὐδεμιᾶς
1447 3121 1750 3192 προφάσεως
1788 3147 1828 3203 C

103 3205 254 3264 Δἑνὸς
313 3205 602 3277 σπινθῆρος
669 3211 760 3256 τοῦ
837 3204 1034 3277 λύχνου
1088 3204 1592 3282 ἀποσκιρτήσαντος,
1660 3217 1751 3271 τῆς

141 3293 320 3355 οἰκίας
409 3294 734 3366 ὑφαφθείσης
812 3294 973 3365 αὐτῷ,
1047 3302 1289 3368 παγγενεὶ
1372 3297 1750 3371 καταφλέγεται

142 3385 313 3456 πυρὸς
345 3379 553 3441 δαπάνη
610 3387 752 3457 παρὰ
803 3380 960 3447 δόξαν
1021 3389 1113 3437 σὺν
1142 3391 1421 3461 περιουσίᾳ
1469 3389 1616 3461 πάσῃ
1656 3394 1747 3442 καὶ

140 3481 258 3535 τοῖς
319 3473 456 3524 κατὰ
503 3477 650 3543 γένος
701 3473 840 3546 αύτῷ
893 3481 1224 3547 προσήκουσι
1283 3483 1547 3548 γεγονώς⁹
1611 3480 1636 3530 6
1691 3476 1741 3533 δ’

139 3562 336 3636 ἀθρόον
384 3558 528 3636 δεινῇ
586 3567 724 3634 νόσῳ
767 3563 1075 3638 ἓνσκηψάση
1117 3565 1235 3616 καθ’
1291 3566 1517 3629 ἅπαντος
1571 3574 1747 3640 σώμα-

139 3671 236 3711 τος
268 3649 512 3724 βάλλεται
545 3667 557 3680 ·
609 3652 636 3704 ὁ
676 3648 735 3705 δὲ
765 3657 958 3725 τρίτος,
1019 3657 1112 3712 τὴν
1164 3653 1376 3707 ἔκϐασιν
1422 3664 1520 3708 τῶν
1567 3653 1746 3710 δεινῶν

139 3739 196 3793 ἐν
257 3739 468 3802 ἐκείνοις
523 3746 818 3809 σκοπήσας,
877 3747 967 3795 καὶ
1019 3745 1076 3795 τό
1127 3745 1399 3815 ταχύπουν
1467 3753 1561 3808 τῆς
1616 3749 1747 3807 θείας

142 3827 305 3890 δίκης
373 3837 465 3882 τοῦ
515 3832 720 3882 πάντων
790 3830 973 3904 ἓφόρου
1050 3840 1207 3904 Θεοῦ,
1253 3836 1320 3885 τὰ
1365 3842 1510 3906 κοινῇ
1567 3839 1747 3906 σφίσιν

136 3916 336 3994 τάνδρὶ
391 3919 788 3994 ἐσκαιωρημένα
840 3922 989 3984 εὐθὺς
1039 3923 1314 3995 ὡμολόγει,
1367 3923 1638 3996 Οἰμωγαῖς
1691 3921 1749 3977 δὲ

132 4013 232 4062 καὶ
288 4006 548 4081 δάκρυσιν
595 4009 653 4061 οὐ
703 4006 950 4078 διέλιπεν,
983 4010 1072 4072 ἕως
1123 4011 1183 4064 οὗ
1248 4015 1306 4065 τὸ
1354 4020 1458 4084 φῶς
1510 4021 1608 4066 τῶν
1658 4011 1751 4085 ὄμ-

134 4099 322 4170 μάτων
379 4096 630 4172 ἀπορρυεν
673 4100 823 4169 ἔγνω.
894 4101 998 4154 Καὶ
1049 4102 1098 4152 οἱ
1144 4103 1235 4173 μὲν
1285 4101 1421 4154 οὕτω
1471 4110 1565 4164 τῆς
1612 4104 1752 4155 κατὰ

133 4195 236 4240 τοῦ
268 4183 460 4262 ἀνδρὸς
489 4185 755 4240 ἀπώναντο
779 4185 1120 4264 ψευδορκίας.

1861 1867 1911 1922 si
1953 1866 2241 1932 fallerent,
2272 1866 2634 1923 devoventes
2669 1884 2680 1924 :
2709 1867 2934 1939 primus
2980 1868 3245 1940 quidem,
3293 1872 3353 1922 ut
3385 1868 3512 1938 igni

1861 1955 2254 2029 conﬂagraret
2285 1973 2298 2023 ;
2336 1956 2657 2021 secuddus,
2694 1963 2756 2012 ut
2790 1957 3018 2013 sontico
3057 1956 3512 2029 detestabilique

1860 2046 2075 2103 morbo
2101 2046 2355 2116 periret;
2388 2047 2590 2102 tertius
2623 2062 2784 2113 vero,
2823 2052 2884 2102 ut
2930 2047 3120 2102 oculis
3159 2047 3513 2119 privaretur.

1861 2139 1928 2192 Et
1951 2135 2228 2208 quamvis
2247 2135 2326 2191 illi
2384 2135 2750 2192 calumniam
2789 2136 3114 2207 jnramenti
3153 2141 3210 2192 et
3239 2152 3510 2193 exsecra-

1862 2226 2036 2282 tionis
2065 2225 2312 2281 obtentu
2334 2225 2754 2286 contexissent,
2779 2241 2956 2281 nemo
2985 2231 3185 2281 tamen
3209 2225 3294 2279 eis
3325 2225 3509 2280 ﬁdem

1860 2314 2389 2387 habebat:quippe
2422 2315 2708 2372 omnibus
2729 2314 2991 2370 Narcissi
3017 2315 3262 2370 castitas
3295 2319 3353 2370 et
3389 2315 3513 2370 vir-

1861 2409 1957 2461 tus
2001 2408 2265 2476 spectata
2314 2408 2458 2461 erat.
2490 2404 2588 2461 Ille
2631 2410 2853 2470 autem,
2889 2420 3024 2460 cum
3062 2403 3512 2476 improbitatem

1863 2497 2087 2550 tantam
2126 2493 2432 2550 hominum
2471 2509 2682 2550 eorum
2711 2492 2860 2549 ferre
2900 2494 3190 2565 nequiret,
3222 2493 3509 2565 aliterque

1861 2599 1899 2640 a
1943 2583 2192 2654 negotiis
2229 2588 2540 2650 semotam,
2582 2584 2868 2655 quietam,
2903 2582 3508 2654 philosophicamque

1859 2673 2043 2730 vitam
2086 2677 2563 2745 persequeretur,
2626 2672 3024 2736 multitudine,
3067 2677 3192 2727 arte
3239 2671 3508 2744 quadam

1858 2762 2129 2834 decepta,
2161 2761 2441 2833 profugit,
2465 2767 2644 2834 atque
2675 2761 2844 2818 annis
2878 2760 3077 2816 multis
3109 2775 3228 2816 non
3268 2776 3510 2832 compa-

1857 2852 1992 2908 ruit.
2025 2854 2091 2908 Et
2141 2851 2236 2907 ille
2263 2851 2511 2924 quidem
2563 2852 2645 2906 ita
2694 2852 2897 2915 vitam,
2943 2867 3014 2906 ac
3045 2849 3260 2906 deinde
3287 2850 3510 2905 disces-

1858 2940 2087 2997 sionem
2117 2940 2466 2996 instituerat.
2513 2938 2803 2996 Casterum
2845 2955 3092 3010 magnus
3117 2938 3211 2995 ille
3232 2938 3510 2994 vindictae

1858 3030 2068 3086 oculus
2114 3045 2463 3102 nequaqum
2507 3028 2918 3094 cunctabatur,
2952 3029 3053 3084 sed
3113 3043 3297 3100 quam
3329 3027 3512 3083 celer-

1858 3120 2006 3175 rime
2028 3118 2341 3191 pestiferos
2371 3122 2430 3173 et
2477 3117 2844 3190 perniciosos
2879 3117 3012 3173 illos
3038 3117 3316 3173 homines
3347 3132 3508 3173 com-

1859 3208 2208 3281 prehensos,
2257 3207 2430 3263 malis
2483 3207 2567 3262 eis
2624 3207 2846 3279 quibus
2898 3207 3128 3278 seipsos
3165 3206 3508 3278 juramento

1859 3297 2208 3370 interposito
2245 3296 2712 3365 obstrinxerant,
2752 3297 3016 3351 maxime
3055 3295 3340 3351 devinxit.
3382 3296 3508 3351 Pri-

1858 3405 1996 3442 mus
2028 3387 2204 3459 igitur
2233 3386 2396 3442 nulla
2422 3401 2610 3458 prope
2639 3385 2715 3441 de
2752 3401 2956 3450 causa,
2989 3385 3242 3441 scintilla
3271 3386 3450 3440 unica
3471 3400 3508 3440 a

1856 3475 2100 3531 lucerna
2114 3474 2446 3548 prosiliente
2467 3474 2650 3530 domo
2681 3489 2989 3540 succensa,
3019 3489 3139 3529 una
3160 3489 3297 3528 cum
3320 3473 3512 3528 omni-

1855 3565 1971 3621 bus
2001 3579 2215 3634 genere
2242 3563 2354 3619 sibi
2378 3563 2751 3636 propinquis,
2793 3567 2972 3634 atque
3002 3562 3183 3617 etiam
3206 3577 3344 3617 cum
3371 3561 3508 3617 sub-

1856 3652 2691 3718 stantiaomni,miserabiliter
2704 3651 3270 3723 praeteropinionem
3284 3666 3509 3706 omnem

1858 3742 2248 3799 comburitur.
2270 3742 2446 3814 355
2465 3741 2773 3797 Secundus
2785 3740 2998 3796 morbo
3012 3738 3391 3810 gravissimo,
3407 3739 3510 3810 qui

1857 3835 2048 3888 totum
2109 3830 2239 3901 ejus
2301 3845 2518 3900 corpus
2584 3827 2826 3892 invasit,
2881 3829 3215 3900 corripitur.
3284 3827 3509 3884 Tertius

1858 3935 2058 3994 porro,
2082 3935 2219 3975 cum
2241 3924 2364 3975 tam
2387 3933 2634 3988 gravem
2647 3917 3007 3974 etdurumin
3031 3917 3148 3972 illis
3175 3917 3397 3973 exitum
3424 3915 3508 3972 rei

1859 4009 2104 4074 videret,
2146 4013 2202 4064 et
2242 4007 2602 4064 celeritatem
2645 4007 2850 4064 omnia
2888 4005 3254 4078 speculantis
3294 4005 3509 4062 divinas

1859 4099 2133 4154 vindicta
2177 4097 2597 4162 consideraret,
2637 4111 2773 4168 quae
2805 4096 3202 4151 communiter
3239 4095 3390 4151 inter
3421 4111 3506 4162 se,

1858 4203 1965 4260 per
2010 4186 2217 4243 dolum
2265 4191 2322 4242 et
2363 4185 2672 4249 malitiam,
2705 4189 2914 4240 contra
2964 4183 3159 4240 virum
3211 4185 3508 4257 optimum

136 4244 600 4341 conﬁniis-sent,
657 4244 859 4333 statim
899 4244 986 4333 est
1041 4244 1348 4350 professus
1378 4296 1391 4333 :
1421 4295 1616 4352 neque
1655 4244 2432 4348 luctus‘lacrymarumque
2462 4275 2627 4346 prius
2658 4244 2935 4329 'modum
2976 4272 3132 4338 fecit,
3162 4244 3348 4346 quam
3389 4289 3512 4330 una

132 4382 281 4422 cum
313 4364 425 4420 illis
450 4364 763 4422 oculorum
790 4366 913 4422 vim
943 4371 1000 4422 et
1029 4367 1220 4425 aciem
1250 4367 1522 4426 difﬂuere
1558 4370 1760 4426 sensit.
1793 4368 1884 4425 Sic
1926 4366 2004 4422 illi
2045 4365 2299 4436 dignum
2339 4363 2580 4437 perjurii
2609 4362 2791 4419 tulere
2823 4363 3104 4434 pretium.

770 4461 1011 4512 ΚΕΦΑΛ.
1055 4455 1113 4513 Ι’.

137 4551 227 4606 Ως
266 4539 689 4618 Ἀλέξανδρος
740 4549 1142 4618 Καισαρείας
1176 4549 1550 4618 ,ἐπίσκοπος
1587 4567 1744 4618 χρη-

219 4616 709 4691 σμῷ-θείῳείς
763 4621 874 4691 τὴν
928 4616 1383 4691 Ἱεροσολύμων
1413 4689 1420 4691 _
1449 4616 1742 4689 μετετέθη

214 4683 561 4761 καθέδραν,
621 4690 716 4764 ἔτι
772 4683 1158 4752 ζῶντοςτοῦ
1195 4683 1314 4762 πρό
1354 4683 1550 4742 αὑτοῦ
1590 4698 1746 4764 Ναρ-

213 4757 494 4831 κίσσου]
537 4757 798 4812 καὶδύο
836 4760 964 4831 ἅμα
1002 4765 1197 4822 ὄντες,
1237 4757 1312 4813 τὰ
1348 4769 1458 4822 τῆς
1495 4757 1744 4831 Ἐκκλη-

158 4826 166 4833 ’
218 4835 369 4890 σίας
436 4826 688 4907 διεῖπον
728 4847 741 4860 ο
817 4826 924 4884 καὶ
966 4838 1109 4905 περὶ
1161 4841 1278 4885 τῶν
1319 4830 1743 4907 Ἀλεξάνδρου

216 4903 765 4974 συγγραμμάτων.

213 4993 321 5039 Τοῦ
372 4981 432 5038 δε
477 4991 784 5058 Ναρκίσσου
845 4985 1067 5062 δρασμῷ
1121 4992 1484 5062 χρησαμένου,
1547 4993 1638 5042 καὶ
1694 4991 1745 5053 ἐς

141 5074 276 5128 πολύ
307 5081 402 5128 τοῦ
431 5077 628 5150 χρόνου
681 5074 728 5126 ἐν
780 5083 850 5146 τῷ
892 5075 1071 5148 ἀφανεῖ
1119 5079 1460 5142 καθεστῶτος,
1511 5084 1619 5138 τοῖς
1644 5085 1742 5130 τῶν

139 5165 437 5224 ἐκκλησιῶν
493 5166 800 5238 ἡγουμένοις
849 5162 1007 5230 δόξαν
1056 5167 1210 5235 οὕτω,
1276 5169 1359 5220 ἐπὶ
1409 5171 1742 5240 χειροτονίαν

140 5253 321 5329 ἑτέρου
367 5255 647 5328 ῖτράποντο
680 5271 693 5284 ·
744 5259 833 5307 καὶ
883 5260 983 5327 Δίῳ
1029 5260 1129 5308 τινὶ
1176 5259 1270 5313 τὴν
1311 5255 1498 5314 κλῆσιν
1527 5259 1621 5314 τὴν
1648 5263 1741 5320 τῆς

140 5343 464 5406 Ἐκκλησίας
560 5343 925 5418 Ἰεροσολύμων
1033 5342 1345 5396 ἐπιστασίαν
1424 5344 1694 5418 ἐπέτρεπον
1724 5363 1736 5375 ·

142 5434 206 5486 οὖ
263 5433 376 5507 μετ’
418 5433 588 5506 ὀλίγον
630 5431 976 5507 ἀπειπαμένου
1029 5435 1085 5486 τό
1149 5433 1245 5506 ζῇν
1304 5430 1567 5506 διάδοχος
1623 5441 1736 5510 Γερ-

141 5528 344 5597 μανίων
388 5527 549 5596 ὄνομα
590 5519 673 5583 ἦν.
727 5528 826 5576 Καὶ
873 5526 1057 5577 τούτου
1135 5527 1310 5598 τρίτος
1362 5523 1516 5576 πάλιν
1575 5525 1742 5600 ἔτερος

143 5616 310 5687 ὄνομα
335 5609 592 5690 Γόρδιοςυ
648 5611 722 5687 ἐφ’
779 5612 839 5666 οὗ
893 5615 961 5676 ὡς
1013 5615 1068 5667 ἔκ
1123 5615 1260 5679 τινός
1317 5615 1470 5668 ποθεν
1523 5613 1740 5669 ἀναϐιώ-

560 5343 812 5418 Ἰεροσολύ
818 5365 925 5417 μων

1779 4461 1826 4517 D

2518 4452 2744 4509 CAPUT
2780 4455 2840 4508 Χ.

1859 4544 1927 4601 Ut
1945 4542 2297 4600 Alexander
2319 4541 2596 4599 Caesareae
2613 4541 2939 4612 episcopus,
2955 4542 3196 4598 oraculo
3215 4539 3411 4597 divino
3427 4542 3509 4597 ad

1929 4615 2477 4684 Hierosolymorum
2519 4613 2919 4684 episcopatum
2947 4613 3020 4668 sit
3051 4613 3385 4676 traductus,
3418 4613 3503 4668 vi-

1927 4694 2094 4742 vente
2118 4686 2318 4741 adhuc
2343 4686 2639 4742 decessore
2667 4689 2794 4754 ejus
2822 4685 3101 4740 Narcisso
3129 4704 3148 4741 :
3175 4691 3355 4754 utque
3383 4684 3503 4740 duo

1925 4758 2105 4812 simul
2129 4757 2388 4827 epsicopi
2406 4757 2706 4813 ecclesiam
2745 4756 2827 4811 ibi
2852 4757 3117 4812 rexerint
3136 4769 3160 4811 :
3179 4763 3233 4811 et
3262 4755 3334 4811 de
3374 4755 3507 4812 Ale-

1923 4829 2150 4884 xandri
2173 4828 2430 4899 scriptis.

1926 4991 2073 5046 Cum
2122 5004 2262 5045 vero
2317 4987 2630 5044 Narcissus
2666 4986 2954 5059 profugus
3003 4985 3186 5056 longo
3231 4990 3500 5058 tempore

1853 5093 1974 5134 non
1997 5081 2328 5150 appareret,
2358 5076 2744 5133 ecclesiarum
2780 5074 3139 5131 antistitibus
3166 5075 3357 5130 visum
3385 5081 3494 5142 est,

1852 5166 2034 5224 alium
2063 5167 2416 5239 episcopum
2437 5165 2737 5221 ordinare.
2762 5165 2846 5219 Ita
2874 5163 2954 5218 illi
2971 5162 3142 5218 Dium
3166 5163 3496 5235 quemdam

1850 5256 2398 5328 Hierosolymorum
2440 5255 2766 5326 praeficiunt
2812 5251 3087 5308 Ecclesiae
3129 5270 3143 5307 :
3187 5253 3298 5318 cui,
3333 5253 3498 5324 quod

1850 5361 1972 5402 non
2011 5345 2198 5402 multo
2245 5350 2381 5418 post
2437 5343 2709 5409 decessit,
2779 5341 3142 5398 Germanion
3190 5357 3498 5399 successor

1850 5434 2160 5502 sufﬁcitur,
2207 5439 2385 5507 atque
2442 5433 2583 5490 huic
2634 5447 2877 5487 rursum
2956 5429 3160 5486 tertius
3234 5433 3500 5488 succedit

1849 5522 2124 5580 Gordius.
2158 5522 2279 5580 Sub
2308 5538 2429 5595 quo
2474 5519 2901 5592 Hierosolymis
2960 5517 3179 5586 subito,
3225 5518 3399 5576 veluti
3423 5535 3496 5576 ex

1847 5612 2116 5688 quadam
2135 5610 2545 5669 reviviscentia
2569 5615 2784 5685 praesto
2811 5608 2980 5668 adest
3013 5610 3350 5680 Narcissus,
3377 5608 3500 5684 epi-
