4000 6220
553 287 688 345 1087

1819 287 2216 364 NICEPHORI
2255 285 2574 345 CALLISTI

3715 295 3818 352 1088

549 419 988 490 scopatumque
1017 415 1289 474 Ecclesia
1315 417 1417 483 ibi,
1449 417 1731 475 fratribus
1749 417 2074 491 plurimum
2109 429 2188 470 co

2317 430 2444 473 σεως
2511 413 2685 484 φανεὶς
2735 410 3062 484 Νάρκισσος,
3116 417 3216 462 τῶν
3281 405 3508 484 ἀδελφῶν
3570 416 3626 476 ὡς
3665 415 3826 472 πλεῖστι

548 503 848 572 gentibus,
891 505 1119 578 recipit.
1179 506 1423 563 Multum
1477 523 1656 580 porro
1705 504 2102 563 venerationis
2149 503 2204 560 ei

547 599 898 661 accesserat,
930 610 1002 650 ex
1031 595 1447 668 philosophica
1496 596 1596 653 illo
1635 611 1868 653 secessu
1895 612 1908 650 :
1941 603 1996 650 et
2032 609 2203 666 prop-

548 684 634 736 ter
674 681 790 738 alia
826 681 1086 756 plurima
1137 684 1321 752 bona,
1353 685 1533 742 etiam
1584 701 1656 742 ex
1683 684 1945 740 vindicta
1975 683 2074 739 illa
2105 698 2202 738 ne-

544 769 834 828 fariorum
882 773 1220 842 hominum,
1269 792 1394 848 qua
1457 791 1596 832 eum
1651 777 1826 832 etiam
1890 775 2200 830 absentem

550 862 702 916 Deus
735 859 924 919 fuerat
946 863 1245 934 dignatus.
1271 865 1776 938 Quandoquidem
1791 871 1991 922 autem
2023 875 2203 936 prop"

547 951 633 1004 ter
663 956 896 1008 aetatem
923 953 1286 1024 decrepitam
1330 954 1475 1025 (jam
1515 955 1674 1010 enim
1716 961 1956 1010 centum
1997 957 2054 1007 et
2094 967 2198 1008 sex

545 1053 740 1093 annos
765 1041 1011 1112 vixerat)
1040 1042 1434 1099 ministerium
1467 1059 1643 1098 suum
1675 1042 1838 1099 obire
1870 1039 2193 1113 nequibat:

547 1126 973 1196 Alexandrum,
1015 1147 1196 1202 quem
1245 1133 1530 1198 diximus,
1577 1131 1817 1187 alterius
1871 1129 2196 1203 provincias

545 1217 924 1290 episcopum,
947 1235 1068 1276 una
1105 1236 1244 1277 cum
1267 1222 1556 1292 Narcisso,
1591 1220 1965 1292 providentia
2002 1225 2058 1274 et
2081 1217 2197 1274 dis-

547 1305 762 1377 positio
802 1307 1010 1364 divina
1031 1308 1584 1382 Hierosolymitanae
1625 1307 1897 1366 Ecclesiae
1926 1307 2192 1381 praeﬁcit,

545 1401 724 1451 noctu
757 1412 862 1468 per
879 1397 1168 1454 visionem
1185 1399 1238 1454 ei
1267 1399 1599 1470 designans
1629 1400 1853 1455 omnia.
1874 1399 2195 1464 Quaetiam

546 1483 660 1556 ille,
698 1486 871 1541 veluti
897 1488 1164 1544 divinum
1215 1488 1460 1562 aliquod
1493 1489 1805 1545 oraculum
1862 1487 2191 1560 perﬁciens.

545 1587 617 1628 ex
647 1572 780 1646 ipsa
802 1575 1204 1648 Cappadocia,
1238 1577 1338 1633 ubi
1367 1580 1781 1649 episcopatum
1801 1575 2060 1647 gerebat,
2091 1591 2194 1632 ex-

543 1660 718 1726 citus,
747 1663 1340 1737 Hierosolymitanam
1377 1666 1802 1738 profectionem
1833 1665 2190 1738 precationis

2315 497 2643 574 βιασαμένων
2703 501 2788 553 ἐπὶ
2863 503 2954 558 τὴν
3034 507 3126 560 τῆς
3198 499 3510 562 Ἐκκλησίας
3573 515 3822 576 προστασίαν

2314 589 2591 646 ἀνέϐαινεν.
2639 587 2948 659 Ἐπιμᾶλλόν
3001 607 3056 641 τε
3102 584 3163 647 ἦν
3213 585 3486 661 αἰδέσιμος
3537 599 3624 652 τῆς
3665 593 3702 646 τ’
3749 595 3818 650 ἀνι.

2311 685 2602 755 χωρὴσεως
2669 684 2760 731 καὶ
2824 677 3148 751 φιλοσοφίας,
3209 682 3298 730 καὶ
3366 683 3493 752 πρὸς
3545 680 3694 744 ἄλλοις
3735 687 3820 738 nisi.

2315 789 2460 831 στοις
2507 775 2787 844 χρηστοῖς,
2836 768 2914 830 οἷς
2964 771 3054 819 καὶ
3107 769 3239 842 πρὸς
3292 775 3424 822 Θεοῦ
3455 771 3537 822 ἐπὶ
3566 777 3666 833 τοῖς
3705 771 3824 833 ἁλίη.

2311 863 2446 932 ρίοις
2493 860 2701 919 ἐκείνοις
2747 859 2995 918 τοιαύτης
3025 852 3184 918 δίκης
3239 857 3452 920 ἠξίωτο,
3507 863 3592 912 καὶ
3641 868 3772 914 ταῦτα
3791 861 3824 916 J5

2309 952 2382 1020 μὴ
2431 953 2630 1020 παρών.
2683 946 2818 1000 Ἐπεὶ
2871 942 2931 998 δι
2973 951 3151 1020 χρόνῳ
3203 941 3299 998 διὰ
3344 945 3557 1018 λιπαρὸν
3601 957 3744 1024 γῆρας
3778 955 3826 1025 (ς’

2308 1039 2410 1110 γὰρ
2457 1040 2585 1108 πρὸς
2629 1043 2740 1098 τοῖς
2791 1034 2969 1088 ἑκατόν
3025 1037 3112 1092 ἔτη
3148 1031 3183 1087 δ
3189 1035 3438 1108 ιέζησεν),
3467 1035 3570 1108 οὐχ
3598 1039 3691 1100 οἶος
3715 1058 3756 1091 τι
3791 1038 3826 1098 ἦν

2307 1125 2641 1200 λειτουργεῖν,
2719 1127 2806 1177 τὸν
2911 1125 3176 1200 εἰρημένον
3289 1122 3621 1200 Ἀλέξανδρον
3711 1129 3828 1202 ἐτέρας

2308 1214 2569 1288 ἱππαρχίας
2628 1217 2908 1267 ἐπίσκοπον
2957 1218 3101 1279 ὄντα,
3163 1215 3274 1267 οεία
3333 1234 3414 1277 τις
3475 1215 3722 1288 οἰκονομία
3759 1219 3830 1290 ἄξιε

2305 1309 2597 1377 Ναρκίσσῳ
2673 1302 2758 1355 ἐπὶ
2833 1307 2927 1362 τὴν
3011 1310 3104 1364 τῆς
3181 1301 3500 1366 Ἐκκλησίας
3565 1303 3828 1380 Ἰερουσαλὴμ

2307 1393 2465 1446 εἷλκεν
2513 1392 2849 1456 ἐπιστασίαν,
2923 1395 3124 1467 νύκτωρ
3195 1391 3337 1464 αὐτῷ
3409 1395 3580 1446 πάντα
3656 1413 3831 1466 καταμε-

2305 1485 2522 1536 νύουσα.
2554 1484 2730 1554 Ταύτῃ
2779 1501 2862 1535 τοι
2907 1486 2996 1534 καὶ
3045 1483 3114 1544 ὦς
3163 1501 3280 1534 τινα
3335 1483 3471 1535 θεῖον
3513 1486 3738 1558 χρησμὸν
3783 1485 3830 1536 ἐι-

2305 1571 2478 1638 τελῶν,
2543 1569 2600 1623 έκ
2651 1579 2742 1631 τῆς
2797 1568 3164 1624 Καππαδόκων
3223 1570 3452 1644 ἀπάρας,
3507 1569 3555 1623 έν
3596 1572 3624 1644 ᾗ
3669 1578 3746 1625 καὶ
3773 1579 3832 1631 τίη

2304 1659 2595 1719 ἐπισκοπὴν
2642 1657 2776 1733 εἶχε,
2827 1669 2923 1722 τῆς
2974 1660 3060 1713 ἐπὶ
3087 1663 3154 1713 τὰ
3197 1659 3537 1736 Ἱεροσόλυμα
3589 1660 3734 1732 εὐχῆς
3767 1665 3832 1734 χά-

544 1765 706 1822 ergo,
741 1758 921 1826 atque
945 1759 1005 1810 ut
1042 1770 1138 1811 res
1176 1755 1259 1811 ibi
1300 1763 1572 1829 peractas
1617 1760 2019 1826 cognosceret,
2065 1771 2188 1810 sus-

2301 1769 2384 1824 ριν
2438 1755 2528 1802 καὶ
2575 1751 2810 1824 ἱστορίας
2889 1758 2988 1802 τῶν
3065 1749 3230 1802 ἐκεῖσε
3307 1752 3456 1824 ἱερῶς
3535 1754 3835 1824 πεπραγμένων

544 1841 718 1912 cepit.
791 1841 998 1914 Itaque
1069 1843 1272 1901 fratres
1340 1844 1789 1916 Hierosolymis,
1881 1844 2193 1900 affectione

543 1930 739 1986 amica
790 1937 846 1987 et
899 1932 1018 2004 pia,
1071 1932 1476 1990 Alexandrum
1529 1935 1776 1990 domum
1805 1934 1998 1990 redire
2027 1933 2194 2007 passi

535 2034 662 2076 non
689 2023 830 2076 sunt
862 2037 873 2074 :
908 2037 981 2076 ex
1011 2021 1131 2078 alia
1163 2023 1456 2095 videlicet,
1499 2039 1634 2096 quae
1674 2023 1758 2080 eis
1797 2029 1974 2080 noctu
2003 2024 2194 2080 fuerat

540 2107 760 2178 oblata,
797 2114 853 2165 et
881 2109 1040 2167 idem
1079 2111 1258 2168 bonis
1294 2111 1377 2168 ibi
1417 2111 1699 2168 omnibus
1719 2111 2190 2179 denuntiaverat,

539 2196 920 2254 revelatione.
963 2205 1320 2272 Acceperant
1373 2201 1573 2265 etiam,
1614 2218 1754 2257 cum
1783 2207 1951 2257 extra
1985 2207 2191 2274 portas

539 2286 783 2344 obviam
813 2287 866 2343 ei
905 2288 1148 2345 honoris
1173 2306 1285 2362 ego
1317 2292 1620 2362 progressi
1647 2290 1913 2354 fuissent.
1959 2290 2192 2346 caelitus

543 2390 774 2444 vocem,
806 2377 1104 2434 dicentem
1139 2381 1358 2446 :Quem
1409 2379 1577 2436 vobis
1609 2381 1798 2451 gratia
1841 2381 2042 2436 divina
2075 2380 2191 2436 mi-

539 2463 634 2529 sit,
659 2481 792 2521 eam
826 2467 978 2522 ultro
1007 2469 1282 2542 suscipite
1319 2470 1694 2542 episcopum.
1730 2470 1907 2543 356
1951 2472 2067 2526 Hoc
2089 2469 2191 2525 ubi

542 2555 626 2610 sic
646 2554 869 2612 factum
909 2562 1016 2624 est,
1065 2558 1331 2614 ﬁnitimis
1361 2560 1658 2632 episcopis
1705 2561 1904 2625 etiam,
1945 2561 2051 2631 qui
2085 2561 2192 2616 cir-

540 2645 840 2702 cumcirca
891 2647 1171 2704 ecclesias
1221 2649 1532 2720 regebant,
1564 2649 1962 2720 designationi
2000 2649 2052 2704 ei
2096 2664 2191 2704 ac-

541 2734 970 2805 quiescendum
1003 2752 1136 2793 esse
1161 2737 1359 2794 visum
1399 2745 1504 2794 est.
1535 2739 1940 2805 Quamobrem
1975 2753 2190 2808 cogen-

541 2826 648 2887 tes,
685 2829 746 2880 ut
783 2824 865 2880 ibi
895 2831 1182 2892 maneret,
1227 2826 1277 2882 ei
1307 2828 1718 2884 necessitatem
1750 2829 2185 2900 imposuerunt,

540 2919 840 2969 annuente
871 2914 1050 2971 etiam
1079 2917 1211 2988 ipso
1249 2917 1541 2973 Narcisso.
1585 2917 1889 2988 Ejusmodi
1919 2933 2188 2974 commu-

537 3002 632 3057 nis
679 3017 816 3058 cum
873 3005 1150 3062 Narcisso
1205 3007 1587 3078 episcopatus
1626 3006 2184 3074 administrationis,

539 3089 872 3148 Alexander
933 3109 1176 3166 quoque
1217 3095 1344 3166 ipse
1405 3095 1466 3150 in
1505 3095 1756 3167 epistola
1803 3096 1880 3152 ad
1924 3095 2184 3152 Antinoi-
2219 3115 2257 3172 ο

537 3184 630 3235 tas
658 3179 836 3252 (t)ab
867 3182 998 3253 ipso
1051 3183 1292 3256 scripta,
1333 3185 1490 3240 circa
1545 3185 1726 3240 ﬁnem
1779 3185 1941 3241 hisce
1989 3186 2184 3241 verbis

538 3269 808 3325 meminit
841 3287 854 3326 :
882 3291 906 3322 (ι
943 3271 1172 3329 Salutat
1217 3289 1326 3328 vos
1367 3273 1700 3340 Narcissus,
1738 3275 1842 3347 qui
1895 3279 2032 3330 ante
2088 3291 2184 3330 me

534 3356 734 3413 locum
775 3361 1158 3432 episcopatus
1184 3361 1364 3433 hujus
1403 3364 1584 3419 tenuit
1613 3381 1626 3418 :
1668 3368 1726 3419 et.
1751 3379 1912 3420 nunc
1941 3364 2019 3420 ad
2046 3379 2185 3419 cen-

534 3450 662 3502 tum
701 3455 757 3503 et
795 3449 1056 3506 sedecim
1095 3465 1288 3506 annos
1329 3451 1450 3508 vita
1495 3457 1776 3518 extracta,
1810 3451 2184 3509 orationibus

537 3551 772 3592 mecum
801 3538 1115 3606 incumbit,
1148 3540 1470 3597 cobortans
1512 3557 1618 3597 vos
1644 3558 1904 3607 mecum,
1947 3549 2010 3598 ut
2037 3557 2184 3598 con-

536 3625 858 3683 sentientes
921 3628 1080 3684 idem
1142 3629 1416 3702 sapiatis.
1485 3651 1512 3683 »
1571 3632 1927 3688 Mentionem
2003 3632 2184 3688 etiam

534 3713 868 3772 Alexander
917 3718 1276 3791 Asclepiades
1322 3718 1612 3792 facit,qui
1653 3721 1976 3778 Antiochiae
2023 3722 2187 3777 Sera-

533 3804 698 3876 pioni
731 3807 1208 3880 successit,cujus
1240 3809 1422 3880 paulo
1453 3816 1590 3866 ante
1615 3826 1858 3884 quoque
1887 3809 1948 3865 in
1971 3810 2186 3866 haeresi

541 3895 872 3951 secundum
937 3897 1202 3969 Phryges
1253 3898 1654 3954 meminimus.
1700 3899 1889 3956 Verba
1928 3900 2059 3971 ejus
2103 3899 2186 3956 sic

536 3982 1400 4042 habent:«Alexanderservus
1432 3992 1490 4043 et
1517 3986 1752 4044 vinctus
1779 3987 1919 4044 Jesu
1952 3988 2182 4055 Christi,

533 4071 1243 4130 beateeAntiochenorum
1263 4075 1525 4131 ecclesiae
1547 4077 1608 4131 in
1631 4076 1884 4132 Domino
1908 4076 2181 4134 salutem.

538 4163 753 4218 Facilia
814 4163 958 4218 mihi
1009 4170 1065 4220 et
1119 4163 1274 4220 levia
1337 4167 1643 4233 Dominus,
1711 4165 1996 4223 custodias
2042 4183 2184 4224 meae

539 4257 823 4322 tempore,
855 4251 1094 4309 vincula
1110 4253 1476 4318 eﬁ‘ecit,cum
1509 4254 2184 4322 intellexissem,sanctas

537 4345 744 4396 vestrae
782 4341 1165 4398 Antiochenaa
1209 4341 1473 4399 ecclesiae
1511 4343 1946 4417 episcopatum,
1977 4345 2186 4402 divina

535 4429 926 4501 providentia,
968 4429 1336 4504 Asclepiades
1385 4439 1628 4505 propter
1678 4433 1961 4490 eximiam
1999 4435 2184 4491 ﬁdem

534 4519 798 4574 maxime
836 4520 1074 4584 idoneo,
1107 4519 1539 4577 demandatum
1568 4537 1718 4578 esse.
1751 4543 1774 4574 ν
1807 4525 1948 4579 Eam
1967 4523 2183 4596 episto-

531 4607 658 4664 lam
697 4623 800 4680 per
824 4608 1207 4674 Clementem,
1247 4626 1426 4683 quem
1459 4611 1641 4682 etigm
1672 4613 2077 4680 commendat,
2121 4629 2183 4669 se

536 4697 614 4752 ad
639 4713 742 4753 eos
781 4698 1028 4768 mittere,
1052 4697 1216 4754 hisce
1271 4699 1467 4755 verbis
1525 4700 1748 4757 indicat
1791 4719 1804 4756 :
1854 4720 1882 4754 ι(
1943 4702 2182 4758 Litteras

532 4786 738 4854 hasce,
780 4786 1008 4842 domini
1041 4789 1370 4860 fratresque
1401 4790 1536 4854 mei,
1569 4790 1647 4845 ad
1681 4807 1790 4845 vos
1840 4791 1994 4857 misi,
2045 4807 2182 4847 cum

535 4875 832 4934 Clemente
865 4877 1212 4948 presbytero
1248 4878 1613 4945 beatissimo,
1655 4879 1870 4950 insigni
1897 4887 2184 4954 spectata-

533 4981 652 5037 que
675 4965 886 5022 virtute
913 4966 1162 5037 praedito
1199 4967 1344 5033 viro,
1377 4983 1560 5039 quem
1578 4985 1684 5024 vos
1705 4971 1980 5038 novistis,
2005 4977 2184 5043 atque

535 5053 713 5110 etiam
743 5055 1004 5127 amplius
1048 5058 1440 5127 cognoscetis.
1472 5057 1526 5112 Is
1564 5075 1702 5114 cum
1742 5058 1838 5114 hic
1870 5065 2041 5126 esset,
2083 5075 2186 5131 per

535 5145 976 5216 providentiam
1001 5151 1056 5200 et
1085 5146 1483 5202 visitationem
1525 5149 1779 5214 Domini,
1811 5149 2186 5205 conﬁrmavit

536 5240 715 5305 atque
741 5235 904 5290 auxit
933 5233 1250 5291 Ecclesiam
1294 5235 1413 5291 Dei.
1457 5255 1486 5288 ν
1513 5237 1677 5293 Idem
1711 5237 2018 5294 Clementis
2037 5255 2184 5312 quo-

535 5339 653 5397 que
681 5329 736 5380 et
796 5324 1084 5390 Pantaeni,
1113 5330 1178 5380 ut
1228 5323 1608 5382 familiarium
1649 5328 1758 5384 sibi
1797 5329 2084 5394 virorum,
2123 5329 2183 5384 in

2303 1841 2512 1898 ἥπτετο.
2561 1841 2624 1892 Oi
2679 1844 2851 1892 τοίνυν
2891 1839 3058 1892 ἐκεῖσε
3107 1835 3327 1912 ἀδελφοὶ
3381 1838 3688 1912 φιλοφρόνως
3713 1835 3836 1892 διατι·

2306 1930 2490 1994 θέντες,
2573 1928 2745 1982 οὐκέτι
2823 1933 2914 1981 καὶ
2995 1936 3087 1988 τῆς
3169 1923 3354 1980 οἶκαδε
3428 1927 3582 1981 πάλιν
3626 1927 3834 2002 ἐπέτρεπον

2301 2017 2578 2084 ἅπτεσθαι,
2625 2018 2742 2072 καθ’
2795 2018 2968 2091 ἑτέραν
3021 2013 3232 2076 δηλαδὴ
3291 2016 3640 2088 ἀποκάλυψιν,
3687 2020 3832 2090 νύκτωρ

2303 2103 2372 2165 δὴ
2419 2111 2506 2160 καὶ
2565 2107 2742 2169 αὐτοῖς
2769 2107 3033 2180 ὀφθεῖσαν.
3085 2111 3175 2160 καὶ
3203 2110 3362 2161 ταυτό
3411 2113 3550 2160 πᾶσι
3583 2113 3680 2168 τοῖς
3721 2109 3836 2159 huic:

2305 2193 2619 2259 σπουδαίοις
2646 2202 2934 2272 χρησασαν
2969 2217 2981 2230 ·
3029 2197 3168 2269 ἔλεγε
3199 2195 3259 2250 δὲ
3303 2200 3333 2256 ἡ
3373 2196 3519 2268 ὄψις,
3559 2196 3651 2258 ἔξω
3689 2201 3838 2266 γενομέ-

2300 2304 2415 2346 νους
2469 2285 2662 2351 πυλῶν,
2733 2289 2839 2352 τὸν,
2915 2285 2970 2338 ὃν
3029 2287 3060 2344 ὴ
3138 2287 3298 2360 χάρις
3373 2288 3653 2338 ἐπίσκοπον
3713 2285 3838 2345 αὐτοῖς

2299 2376 2538 2447 ἔπεμπεν,
2599 2373 2984 2448 ὑποδέχεσθαι.
3061 2382 3226 2429 Τοῦτο
3295 2380 3586 2447 γενόμενον,
3639 2379 3716 2427 καὶ
3765 2381 3839 2434 ταῖς

2299 2466 2506 2538 ὁμόροις
2549 2473 2650 2518 τῶν
2700 2469 2998 2519 ἐπισκόπων
3053 2465 3102 2518 οἳ
3151 2468 3245 2528 τὰς
3298 2465 3454 2538 πέριξ
3497 2461 3688 2518 διεῖπον
3711 2463 3838 2522 6111::-

2303 2558 2443 2621 σίας,
2499 2551 2607 2607 δεῖν
2659 2559 2888 2630 στέργειν
2931 2554 3221 2628 λελόγιστο.
3273 2555 3378 2610 Καὶ
3429 2562 3690 2626 προσῆγον
3725 2553 3840 2623 ἀνέγ-

2297 2662 2416 2711 κην,
2474 2649 2564 2698 καὶ
2617 2646 2738 2719 παρ’
2798 2643 2980 2708 αὐτοῖς
3032 2648 3199 2716 μένειν
3257 2643 3654 2709 κατεϐιάσαντο,
3683 2661 3840 2695 συνεπι-

2296 2735 2528 2796 νεύοντος
2599 2734 2778 2796 αὐτοῖς
2849 2739 2941 2788 καὶ
3001 2739 3334 2810 Ναρκίσσου.
3399 2741 3506 2794 Τῆς
3551 2731 3608 2788 δι
3653 2735 3841 2792 τοιαύτης

2299 2825 2508 2896 σύναμα
2579 2829 2866 2896 Ναρκίσσῳ
2933 2820 3212 2898 προεδρίας
3267 2829 3356 2877 καὶ
3413 2823 3570 2884 αὐτὸς
3619 2842 3704 2876 που
3751 2841 3840 2894 μνι-

2295 2915 2496 2987 μονεύει
2551 2910 2888 2986 Ἀλέξανδρος
2942 2912 2990 2966 ἐν
3043 2921 3106 2988 τῇ
3178 2917 3310 2988 πρὸς
3367 2913 3685 2974 Ἀντινοίτας
3743 2911 3842 2980 αὐτῷ

2293 3008 2550 3080 γραφείσῃ
2611 3003 2884 3077 ἐπιστολῇ,
2942 3006 3074 3076 πρὸς
3133 3011 3206 3074 τῷ
3255 3002 3389 3056 τέλει
3456 3011 3550 3056 τοῦ
3595 3005 3842 3076 γράμματος

2293 3089 2421 3146 τάδε
2459 3094 2593 3146 κατὰ
2637 3093 2786 3168 ῥῆμα
2835 3083 3039 3156 διεξιών
3073 3114 3086 3126 ·
3145 3114 3176 3142 ι(
3207 3091 3538 3153 ’Δσπάζεται
3587 3093 3710 3165 ὑμᾶς
3745 3091 3844 3162 Νάρ-

2292 3201 2478 3244 κισσος
2527 3183 2552 3234 6
2607 3185 2708 3255 πρὸ
2783 3184 2908 3255 ἐμοῦ
2963 3178 3155 3234 διέπων
3207 3185 3294 3234 τὸν
3361 3186 3522 3234 τόπον
3577 3189 3671 3242 τῆς
3711 3175 3846 3232 ἐνθάδε

2293 3271 2605 3336 ἐπισκοπῆς,
2659 3276 2749 3324 καὶ
2795 3279 2882 3324 νῦν
2938 3270 3401 3344 συνεξεταζόμενός
3473 3291 3570 3344 μοι
3637 3266 3724 3323 διὰ
3777 3275 3844 3320 τῶν

2294 3361 2486 3433 εὐχῶν,
2567 3361 2747 3415 ἑκατὸν
2815 3357 2946 3414 δέκα
2995 3361 3050 3424 ἐξ
3113 3363 3202 3420 ἔτη
3263 3362 3464 3422 ὴνυκώς
3511 3375 3526 3389 ·
3592 3357 3844 3433 παρακαλῶν

2295 3451 2431 3523 ὑμᾶς
2487 3451 2676 3524 ὁμοίως
2721 3451 2837 3524 ἐμοὶ
2889 3452 3271 3524 ὁμοφρονῆσαι.
3309 3472 3337 3504 ι)
3391 3450 3666 3522 Μέμνηται
3703 3444 3754 3501 δὲ
3785 3451 3844 3498 ui

2295 3536 2697 3598 Ἀσκληπιάδου
2763 3537 3104 3616 Ἀλέξανδρος
3173 3541 3224 3600 ὃς
3288 3542 3337 3592 ἓν
3395 3539 3700 3611 Ἀντιοχείᾳ
3737 3544 3844 3610 Σερε-

2295 3633 2464 3682 πίωνα
2531 3625 2817 3696 διεδέξατο,
2887 3629 2949 3682 οὗ
3007 3637 3180 3702 μικρῷ
3259 3631 3486 3703 πρόσθεν
3549 3628 3596 3680 έν
3645 3633 3700 3700 τῇ
3750 3625 3846 3676 κατά

2297 3721 2505 3794 Φρύγας
2553 3721 2750 3792 αἱρέσει
2801 3723 2978 3792 μνείαν
3053 3721 3368 3791 πεποίημαι,
3425 3719 3642 3791 γράφων
3689 3715 3845 3774 οὕτως·

2297 3830 2327 3862 (ι
2359 3806 2699 3883 Ἀλέξανδρος
2747 3810 2772 3860 6
2820 3805 3005 3870 δοῦλος
3049 3813 3140 3861 καὶ
3189 3804 3410 3880 δέσμιος
3453 3811 3638 3866 Ἰησοῦ
3665 3809 3844 3878 Χριστοῦ

2294 3905 2358 3972 τῇ
2402 3902 2638 3971 μακαρίᾳ
2687 3897 3004 3969 Ἀντιοχέων
3038 3895 3331 3970 Ἐκκλησία
3377 3895 3427 3948 ἐν
3459 3901 3639 3972 Κυρίῳ
3665 3898 3844 3966 χαίρειν.

2291 3988 2524 4061 Ἐλαφρά
2569 4007 2660 4060 μοι
2710 3991 2800 4040 καὶ
2850 3994 3020 4060 κοῦφα
3067 3989 3134 4038 τὰ
3165 3982 3343 4058 δεσμὰ
3393 3987 3420 4038 6
3471 3987 3662 4061 Κύριος
3685 3986 3844 4040 ἐποίησε

2293 4079 2431 4130 κατὰ
2477 4076 2564 4130 τόν
2613 4079 2796 4152 καιρὸν
2851 4085 2944 4139 τῆς
2991 4077 3221 4150 εἱρκτῆς,
3275 4077 3552 4148 πυθομένῳ
3595 4083 3686 4136 τῆς
3731 4072 3845 4143 ἁγίας

2294 4168 2436 4238 ὑμῶν
2495 4174 2595 4218 τῶν
2666 4166 2978 4237 Ἀντιοχέων
3031 4164 3345 4226 Ἐκκλησίας
3397 4167 3538 4217 κατὰ
3593 4168 3682 4222 τὴν
3743 4163 3842 4212 θείαν

2293 4265 2558 4331 πρόνοιαν,

2295 4343 2444 4409 ἀξίαν
2475 4353 2572 4408 τῆς
2613 4350 2840 4406 πίστεως
2883 4349 2976 4404 τὴν
3027 4343 3312 4403 ἐπισκοπὴν
3341 4343 3776 4418 ἐγκεχειρισμένων
3801 4358 3838 4388 ι.

2292 4437 2499 4494 Ταύτην
2562 4431 2621 4488 δι
2675 4438 2766 4487 καὶ
2809 4430 2904 4486 διὰ
2973 4432 3262 4506 Κλήμεντος
3333 4438 3558 4508 πέμπειν
3613 4431 3842 4502 ἐπισημεί-

2291 4544 2452 4590 νεται,
2505 4525 2560 4578 ὅν
2607 4528 2695 4576 καὶ
2750 4528 3057 4589 συνίστησι,
3135 4531 3301 4576 ταῦτα
3375 4523 3538 4596 λέγων
3571 4539 3586 4553 ·
3641 4539 3670 4572 ι(
3719 4519 3838 4589 Ὑμῖν,

2291 4617 2466 4688 κύριοί
2529 4633 2630 4684 μου
2683 4609 2916 4685 ἀδελφοὶ,
2975 4615 3041 4665 τὰ
3096 4614 3388 4686 γράμματα
3455 4610 3730 4666 ἀπέστειλα
3780 4603 3838 4658 διὰ

2295 4703 2591 4776 Κλήμεντος
2635 4709 2724 4754 τοῦ
2780 4705 3182 4774 μακαριωτάτου
3261 4699 3644 4778 πρεσϐυτέρου,
3695 4693 3835 4767 ἀνδρὸς

2293 4792 2528 4867 ἐναρέτου
2575 4796 2666 4844 καὶ
2715 4789 2938 4858 δοκίμου
2973 4809 2986 4822 °
3027 4793 3082 4844 ὃν
3142 4794 3258 4846 ῖστε
3313 4797 3403 4845 καὶ
3453 4791 3608 4864 ὑμεῖς
3657 4793 3738 4841 καὶ
3765 4789 3836 4838 ἐπι·

2291 4884 2557 4954 γνώσεσθε
2592 4899 2607 4914 ο
2647 4883 2702 4945 ὃς
2739 4887 2828 4935 καὶ
2859 4878 3040 4935 ἐνθάδε
3090 4885 3292 4954 παρὼν,
3331 4883 3463 4934 κατὰ
3511 4886 3609 4940 τὴν
3653 4883 3836 4953 προνοίη

2294 4977 2382 5024 καί
2437 4970 2728 5031 ἐπισκοπὴν
2805 4978 2894 5024 τοῦ
2970 4967 3252 5037 δεσπότου,
3328 4969 3647 5045 ἐπεστήριζέ
3699 4985 3744 5019 τι
3779 4967 3836 5014 καὶ

2295 5060 2494 5124 ηὔξησε
2549 5066 2641 5119 τὴν
2725 5067 2816 5113 τοῦ
2874 5067 3007 5114 Θεοῦ
3059 5060 3395 5119 Ἐκκλησίαν.
3427 5081 3458 5112 ι)
3511 5059 3573 5114 Ὀ
3629 5055 3680 5112 δ’
3728 5053 3834 5107 αὐτὸς

2294 5155 2384 5202 καὶ
2443 5150 2736 5223 Κλήμεντος
2781 5155 2872 5203 καὶ
2923 5157 3214 5204 Πανταινου
3271 5153 3318 5203 έν
3347 5169 3447 5203 τινι
3506 5153 3640 5222 πρὸς
3690 5143 3834 5216 Ὧριτέ·

2294 5259 2384 5297 νην
2437 5239 2683 5312 ἐπιστολῇ
2743 5243 3046 5312 μνημονεύει
3121 5243 3192 5302 ὡς
3257 5245 3530 5313 γνωρίμων
3587 5242 3720 5306 αὐτῷ
3769 5237 3832 5282 τείν

2640 4251 3043 4314 Ἀσκληπιάδην
3107 4258 3193 4307 τὸν
3272 4251 3698 4312 ἐπιτηδειότατον
3761 4249 3844 4302 κατ’
3920 4259 3921 4306 l

3920 4259 3921 4274 ι

3920 4279 3921 4306 l

3919 5083 3921 5108 1

3919 5259 3921 5280 l

2295 5325 2518 5404 ἀνδρῶν,
2571 5328 2730 5400 λέγων
2757 5346 2770 5359 ·
2829 5348 2859 5380 ιι
2889 5335 3052 5383 Τοῦτο
3110 5331 3214 5402 γὰρ
3269 5329 3465 5402 θέλημα
3523 5335 3678 5392 Θεοῦ,
3705 5313 3829 5382 ab";
3920 5329 3921 5338 “

607 5487 686 5558 (1)
711 5487 1020 5552 Antinous,
1060 5487 1334 5554 ’Δντίνοος,
1365 5485 1602 5561 Egypti
1643 5489 1806 5556 urbs,
1840 5489 1902 5545 in
1953 5489 2247 5549 honorem
2283 5491 2546 5558 Antinoi,
2575 5495 2634 5548 ut
2655 5505 2840 5564 supra
2867 5489 3096 5548 dictum
3124 5495 3233 5557 est,
3263 5489 3342 5548 ab
3373 5489 3638 5548 Adriano
3665 5487 3828 5554 imper.

539 5576 802 5632 condita.
834 5579 1090 5634 Vocatur
1119 5577 1300 5636 etiam
1331 5578 1638 5648 Antinoia,
1660 5583 1718 5636 et
1738 5577 2176 5652 Adrianopolis.
