4000 6220
167 263 311 318 1089

1274 261 1856 344 ΕΟΟΙΑΕΞῙΑΞΤΙΟΛΕ,
1883 261 2246 320 HISTORIA?»
2285 264 2416 322 LIB.
2458 268 2523 323 V.

3396 277 3535 334 1090

164 382 286 452 δας,
344 387 568 458 γέγονεν,
616 387 703 439 ’ἱνα
739 387 769 445 ἡ
825 385 925 440 ἀπὸ
982 385 1246 462 πρόγόνων
1294 389 1420 460 ἡμῖν
1461 388 1606 461 φιλία
1643 392 1766 463 μένῃ

1899 388 2228 485 spistolaad
2260 392 2572 461 Origenem
2602 395 2888 462 meminit,
2909 396 2988 454 ita
3010 400 3274 457 scribens
3305 418 3318 458 :
3350 423 3374 453 α
3397 403 3534 461 Haec

1170 473 1194 492 τ

160 475 378 540 ἄσυλος,
447 474 636 547 μᾶλλον
695 473 755 529 δὲ
817 479 1100 552 θερμοτέρα
1250 482 1339 530 καὶ
1420 475 1725 552 βεϐαιοτέρα
1753 498 1767 510 ·

164 569 398 639 πατέρας
457 568 560 638 γὰρ
616 568 767 638 ἴσμεν
817 569 939 629 τοὺς
996 571 1282 640 μακαρίους
1333 571 1450 628 τοὺς
1503 565 1772 641 προσδεύ-

168 670 408 716 σαντας·
460 658 586 728 πρὸς
632 654 722 717 οὕς
767 655 874 727 μετ’
934 655 1106 727 ὀλίγον
1164 658 1426 728 ἐσόμεθα·
1489 659 1771 711 Πάνταινον

166 747 258 796 τὸν
307 745 560 818 μακάριον
600 747 667 806 ὡς
717 743 922 808 ἀληθῶς
963 750 1054 798 καὶ
1111 748 1290 820 κύριον
1331 764 1345 779 ο
1396 749 1598 800 καὶτὸν
1639 749 1771 819 ἱερὸν

167 832 465 905 Κλήμεντα,
541 837 720 907 κύριόν
775 854 876 907 μου
943 839 1209 908 γενόμενον
1264 840 1354 888 καὶ
1435 835 1773 907 ὠφελήσαντά

165 941 232 995 με
261 939 275 952 ·
325 927 413 975 καὶ
452 926 496 976 εἶ
551 942 633 986 τις
681 926 846 998 ἔτερος
897 931 1150 987 τοιοῦτος.
1199 927 1272 979 Δι’
1313 924 1380 976 ὧν
1429 944 1487 978 σε
1516 928 1775 998 ἑγνωρισα

165 1015 261 1066 τὸν
308 1014 443 1065 κατὰ
493 1014 665 1066 πάντα
706 1014 920 1087 ἄριστον
969 1019 1058 1067 καὶ
1101 1017 1278 1088 κύριόν
1330 1034 1430 1086 μου
1481 1019 1572 1067 καὶ
1624 1011 1774 1067 ἁδελ-

167 1105 283 1173 φόν.
344 1122 372 1151 ››
427 1103 618 1174 Γράφει
670 1098 728 1155 δὲ
778 1107 866 1156 καὶ
924 1107 1056 1176 πρὸς
1094 1105 1383 1176 Ἀντιοχεῖς
1434 1103 1607 1176 ἑτέραν
1665 1102 1773 1156 ἔπι-

170 1189 364 1249 στολήν
394 1209 408 1224 ’
442 1190 500 1243 οὐ
552 1195 656 1263 μήν
700 1189 829 1244 ἀλλὰ
879 1198 968 1245 καὶ
1006 1195 1135 1267 πρός
1187 1192 1453 1265 Ὠριγένην
1492 1197 1582 1245 καὶ
1645 1194 1772 1263 ὑπὲρ

164 1279 471 1352 Ὠριγένόυς
533 1282 670 1332 κατὰ
731 1286 1030 1355 Δημητρίου
1062 1296 1077 1312 °
1144 1281 1224 1334 ότι
1288 1289 1774 1356 προσμαουροῦντος

166 1374 471 1444 Δημητρίου
542 1369 883 1445 πρεσϐύτερον
959 1371 1114 1424 αὐτόν
1181 1374 1591 1445 ἐχειροτόνησα.
1674 1376 1775 1425 Καὶ

165 1459 323 1511 ἄλλαι
374 1455 434 1511 δε
481 1458 642 1512 αὐτοῦ
697 1463 827 1535 πρὸς
879 1456 1158 1535 διαφόρους
1204 1461 1474 1514 ἐπιστολαὶ
1515 1465 1771 1534 φέρονται.

167 1555 258 1620 Τῷ
313 1543 364 1600 δ’
416 1543 624 1620 ἑϐδόμῳ
674 1553 853 1601 Δεκίου
914 1545 1137 1622 διωγμῷ
1187 1545 1337 1611 αὖθις
1387 1556 1498 1612 τοῖς
1539 1552 1777 1622 ἡγεμονι-

167 1645 282 1697 κοῖς
347 1640 624 1711 παραστὰς
667 1636 1050 1712 δικαστηρίοις,
1115 1635 1447 1711 Ἀλέξανδρος
1503 1636 1776 1712 στνεδρίου

168 1734 441 1800 πεῖρυται,
522 1734 693 1798 σεμνῷ
785 1733 928 1802 γήρᾳ
1008 1749 1099 1780 και
1170 1727 1373 1802 λιπαρῷ
1453 1725 1776 1801 διαπρέπων,

1881 480 2041 535 enim
2080 478 2358 536 voluntas
2393 483 2510 550 Dei,
2545 487 2606 538 ut
2637 484 2774 550 scis,
2806 485 2932 554 fuit,
2967 493 3029 543 ut
3069 505 3204 561 qum
3231 507 3266 546 a
3297 492 3536 563 majori-

1882 567 1994 623 bus
2032 569 2249 624 nostris
2291 569 2369 624 ad
2402 585 2512 625 nos
2551 576 2820 643 pervenit
2849 577 3130 644 amicitia,
3166 587 3329 637 sarta
3359 587 3535 646 tecta,

1883 673 1986 712 seu
2019 658 2217 729 potius
2264 657 2580 715 ferventior
2617 661 2964 737 ﬁrmiorque
3009 674 3180 725 esset.
3223 671 3418 727 Patres
3455 673 3537 728 si-

1880 745 2124 818 quidem
2156 747 2541 816 agnoscimus
2574 749 2780 808 beatos
2811 753 2964 820 illos,
2995 757 3096 828 qui
3125 773 3238 814 noe
3279 775 3534 831 praeces-

1882 840 2104 901 serunt,
2129 835 2284 892 viros
2313 851 2324 890 :
2356 853 2494 893 cum
2521 839 2742 911 quibus
2767 857 2877 896 nos
2905 843 3065 900 brevi
3086 846 3267 903 futuri
3298 866 3534 907 sumus.

1883 927 2230 980 Pantaenum
2261 925 2415 991 dico,
2441 926 2608 983 illum
2640 945 2775 985 vere
2810 930 3052 989 beatum
3083 941 3135 990 et
3165 936 3473 994 dominum
3519 960 3533 996 :

1882 1018 1939 1069 et
1998 1029 2237 1070 sacrum
2282 1014 2640 1073 Clementem
2672 1018 2989 1077 dominum
3029 1039 3252 1092 meum,
3285 1033 3342 1083 et
3386 1029 3538 1086 bene

1884 1102 1958 1158 de
1989 1119 2084 1159 me
2124 1105 2399 1159 meritum
2436 1122 2450 1160 :
2491 1110 2550 1162 et
2579 1107 2627 1161 si
2666 1109 2800 1179 quis
2840 1116 3126 1183 prmterea
3172 1114 3279 1172 fuit
3309 1118 3539 1188 ejusce-

1883 1191 2070 1259 modi,
2109 1208 2215 1263 per
2243 1209 2397 1266 quos
2447 1199 2499 1250 te
2539 1197 2820 1253 omnibus
2861 1201 3055 1256 modis
3094 1205 3392 1276 optimum
3431 1208 3539 1265 do-

1885 1282 2118 1337 minum
2201 1287 2256 1338 et
2311 1282 2552 1340 fratrem
2604 1302 2806 1343 meum
2871 1293 3147 1360 cognovi.
3209 1315 3238 1343 »
3291 1295 3537 1368 Scripsit

1884 1386 2126 1444 quoque
2166 1371 2344 1428 aliam
2397 1373 2476 1428 ad
2525 1376 2925 1433 Antiochenos
2977 1382 3310 1451 epistolam,
3353 1387 3533 1443 aliam

1886 1459 2092 1516 itidem
2123 1460 2202 1516 ad
2242 1462 2578 1532 Origenem,
2607 1469 2665 1520 et
2703 1481 2943 1524 rursum
2975 1469 3154 1526 aliam
3199 1479 3405 1531 contra
3439 1479 3542 1531 De-

1885 1549 2165 1604 metrium
2196 1565 2306 1621 pro
2347 1551 2632 1622 Origene;
2677 1555 2848 1627 357
2895 1559 3056 1630 quod
3099 1561 3368 1620 videlicet
3417 1565 3538 1621 Ori-

1889 1653 2122 1708 genem,
2169 1639 2463 1695 Demetrio
2516 1641 2746 1700 bonum
2786 1645 2838 1700 ei
2879 1648 3226 1716 perbibente
3277 1654 3538 1709 testimo-

1887 1726 2078 1791 nium,
2109 1727 2525 1798 presbyterum
2580 1733 2806 1788 crearit.
2841 1735 2949 1788 Sed
3003 1742 3058 1792 et
3107 1739 3237 1793 aliae
3269 1742 3396 1811 ejus
3455 1744 3532 1799 ad

169 1796 365 1888 ἀχθεὶς
396 1815 466 1877 εἰς
499 1796 815 1889 Καισάρειαν
849 1796 868 1849 ο·
905 1796 1025 1870 ἔνθα
1069 1796 1308 1891 χρόνιος.
1329 1796 1663 1892 καθειρχθεὶς
1691 1821 1778 1870 τὸν

1899 1815 2037 1872 alios
2098 1816 2594 1874 circumferuntur
2645 1821 2927 1892 epistolae.
2992 1825 3052 1881 In
3124 1796 3535 1898 persecutione

171 1902 274 1958 διὰ
301 1909 592 1980 μαρτυρίου
627 1910 870 1978 στέφανον
899 1905 1245 1978 ἀπηνέγκατο.

1891 1909 2092 1960 autem
2140 1905 2395 1978 septima
2442 1908 2555 1964 sub
2586 1910 2781 1977 Decio,
2824 1911 3156 1971 Alexander
3184 1933 3418 1975 rursum
3463 1923 3542 1976 ad

164 1994 452 2066 prmaidis
485 1994 805 2066 productus
836 1995 1114 2065 tribunal,
1145 2010 1392 2052 causam
1419 1995 1673 2052 dicendo
1705 1995 1910 2067 judicii
1943 1994 2272 2064 periculum
2295 1996 2493 2064 subiit,
2521 2000 2688 2070 gravi
2721 2007 2777 2055 et
2805 2017 2988 2074 prope
3029 2005 3330 2078 decrepita
3370 2027 3541 2067 sene-

170 2087 334 2139 ctute
363 2083 748 2142 venerandus
773 2099 786 2137 :
813 2084 1262 2157 Cmsareamque
1287 2083 1525 2148 ductus,
1551 2089 1733 2158 atque
1764 2083 1846 2140 ibi
1877 2083 2232 2154 aliquandiu
2257 2085 2318 2141 in
2349 2101 2584 2144 carcere
2617 2095 2910 2159 servatus,
2949 2108 3235 2153 coronam
3270 2101 3536 2173 martyrii

167 2172 524 2244 reportavit,

789 2307 1040 2361 ΚΕΦΑΛ.
1083 2304 1190 2361 lA'.

178 2437 339 2505 Περὶ
391 2440 505 2493 τῆς
554 2430 925 2505 Ὠριγένους
973 2431 1060 2505 εἰς
1104 2427 1787 2505 τὰς-Γραφὰςλέπιλδό-

252 2501 436 2577 σεωςο
490 2501 802 2577 καὶπερ-ἱ
859 2512 976 2554 τῶν
1032 2501 1347 2565 Ἐξαπλῶν
1413 2501 1552 2576 παρ’
1615 2502 1786 2574 αὐτῷ

250 2576 617 2648 λεγομένων
671 2571 1012 2630 ἔχ’δόσεων.

251 2707 338 2772 Τῷ
399 2697 449 2752 δ’
504 2700 756 2772 Ὠριγένει
807 2701 933 2772 ἔρως
993 2701 1288 2765 ἐνσκήπτει,
1348 2702 1630 2772 Ζεφυρίνου
1694 2707 1789 2760 τῆς

183 2787 502 2850 Ἐκκλησίας
565 2793 878 2860 ηγουμένου,
942 2792 1036 2848 τὴν
1095 2787 1360 2860 Ῥωμαίων
1420 2788 1569 2841 πόλιν
1637 2784 1788 2844 ἰδεῖν.

189 2884 454 2950 Γενόμενος
499 2874 558 2930 δι
595 2883 686 2930 καὶ
738 2877 797 2930 οὐ
849 2876 977 2930 πολὺ
1010 2881 1205 2950 χρόνου
1255 2876 1417 2930 ἐκεῖσε
1472 2882 1791 2953 μεμενηκὼς,

187 2967 239 3029 ές
306 2971 398 3026 τὴν
478 2963 822 3041 Ἀλεξάνδρου
881 2966 1032 3027 αὖθις
1087 2965 1338 3033 ἐπάνεισι,
1392 2970 1482 3018 καὶ
1529 2974 1617 3019 τοῦ
1699 2974 1795 3027 τῆς

183 3061 544 3128 κατηχήσεως
602 3056 760 3127 λόγου
828 3055 1037 3129 ἐξῆρχε,
1108 3059 1407 3127 Δημητρίου
1474 3054 1796 3107 ἀντιϐολοῦν-

179 3167 273 3208 τος
332 3153 426 3198 τοῦ
484 3149 636 3220 ἔργου
685 3141 1094 3218 σπουδαιότερον
1159 3147 1398 3217 ἔχεσθαι.
1461 3144 1678 3205 Ἐκεῖνος
1743 3143 1794 3198 δ’

184 3236 372 3289 ἑαυτὸν
428 3237 558 3309 ὁρῶν
612 3243 702 3295 τῆς
762 3249 816 3288 τε
849 3233 1139 3308 βαθυτέρας
1177 3232 1411 3297 διανοίας
1465 3243 1562 3288 τῶν
1600 3238 1799 3308 ’νοημά-

180 3344 288 3378 των
364 3330 576 3397 Γραφῆς
630 3322 1118 3396 ἂπασχολούμενον,
1185 3320 1324 3396 μηδὲ
1382 3327 1546 3377 πνέειν
1603 3323 1796 3378 έὼντων

179 3423 287 3466 τῶν
363 3415 617 3488 ὁσημέραι
701 3412 822 3487 παρ’
882 3413 1022 3484 αὐτῷ
1093 3418 1380 3486 φοιτώντων
1459 3413 1513 3477 ἐξ
1585 3414 1795 3467 ἑωθινοῦ

182 3505 326 3576 ἄχρι
361 3499 430 3562 δή
485 3507 575 3556 καὶ
615 3502 839 3576 ἑσπέρας
899 3503 1083 3567 αὐτῆς,
1125 3507 1177 3555 τί
1225 3511 1409 3570 ποιεῖς
1465 3507 1697 3577 Διανέμει
1731 3507 1797 3556 τὰ

179 3593 360 3651 πλήθη
395 3611 411 3626 ο
469 3596 558 3645 καὶ
590 3591 822 3665 Ἠρακλᾴ
876 3595 967 3664 μὲν
1008 3599 1081 3663 τῷ
1119 3600 1219 3644 τῶν
1268 3601 1523 3664 φοιτητῶν
1552 3591 1792 3666 έκκρίτῳ,

183 3684 252 3742 ὡς
305 3677 460 3754 ἀνδρί
497 3701 551 3734 τε
583 3681 881 3753 λογιωτάτῳ
921 3686 1012 3734 καὶ
1063 3686 1180 3753 περὶ
1222 3683 1288 3734 τὰ
1331 3683 1443 3734 θεῖα
1481 3682 1575 3735 οὐκ
1615 3681 1794 3754 έλαχί·

183 3790 319 3829 στην
358 3771 718 3843 εἰσενηνοχότι
771 3767 1033 3837 σπουδὴν,
1064 3774 1155 3822 καὶ
1205 3779 1275 3842 τῷ
1327 3771 1619 3844 φιλοσοφεῖν
1666 3771 1796 3843 λαμ-

180 3868 329 3935 πρῶς
377 3859 719 3929 ἑπιϐάλλοντι,
757 3867 988 3934 συνεργῷ
1043 3858 1240 3932 ἐχρῆτο
1266 3868 1357 3922 τῆς
1383 3865 1735 3932 κατηχήσεως
1776 3881 1791 3895 θ

181 3955 276 4002 καὶ
327 3945 395 4008 δὴ
439 3952 506 4002 τὰ
561 3951 650 4022 μὲν
690 3949 1010 4021 εἰσαγωγικὰ
1041 3957 1142 4001 τῶν
1187 3951 1308 4023 ἄρτι
1361 3953 1794 4022 στοιχειουμένων

183 4047 251 4112 τῇ
308 4042 484 4091 πίστει
530 4039 704 4109 ἐκείνῳ
755 4036 928 4097 ένῆκεν
957 4056 969 4068 ·
1032 4037 1200 4108 ἐαυτῷ
1232 4035 1292 4091 δε
1341 4047 1441 4090 τῶν
1483 4037 1532 4090 ἐν
1571 4038 1670 4101 ἕξει
1700 4043 1794 4098 τήν

187 4128 444 4201 ἀκρόασιν
508 4127 812 4201 ἐφυλάξατο.
872 4128 989 4180 Ἐπὶ
1053 4132 1206 4180 τόσον
1263 4124 1314 4180 δ’
1395 4130 1426 4186 ἡ
1488 4136 1586 4180 τῶν
1650 4130 1794 4181 θείων

183 4218 356 4288 λόγων
411 4217 553 4289 αὐτῷ
637 4216 861 4280 ἐξέτασις
943 4215 1300 4290 ἀπηκρίϐωτο.
1387 4218 1456 4280 ὡς
1532 4222 1620 4270 καὶ
1699 4222 1794 4276 τήν

179 4305 437 4381 Ἐϐραίων
491 4305 724 4378 γλῶτταν
786 4305 1043 4376 ἀσκῆσαι,
1112 4311 1201 4358 καὶ
1263 4308 1358 4369 τὰς
1423 4310 1796 4378 πρωτοτύπους

185 4397 318 4473 παρ’
378 4397 553 4458 αὐτοῖς
597 4393 807 4470 βίϐλους
850 4395 1146 4470 Ἐϐραῐκοῖς
1195 4397 1497 4454 κτήσασθαι
1554 4399 1794 4470 γράμμα-

189 4507 278 4541 σιν
306 4506 320 4517 ·
374 4485 684 4558 ἁνιχνεῦσαί
715 4505 774 4558 γε
815 4490 916 4558 μὴν
947 4491 1036 4538 καὶ
1087 4487 1261 4547 πάσας
1288 4489 1382 4547 τὰς
1408 4481 1646 4547 ἐκδόσεις
1695 4495 1796 4538 τῶν

188 4579 339 4652 παρὰ
391 4581 507 4637 τοὺς
581 4572 979 4648 Ἑϐδομήκοντα
1042 4577 1134 4637 τὰς
1201 4577 1340 4650 ἱερὰς
1400 4577 1797 4650 ἡρμηνευκότων

184 4668 418 4741 Γραφὰς,
475 4669 567 4717 καί
625 4684 762 4724 τινας
827 4663 999 4738 ἐτέρας
1062 4666 1207 4738 παρὰ
1257 4667 1350 4727 τὰς
1410 4665 1801 4738 κατημαξευμέ-

183 4775 279 4815 νας
329 4757 593 4828 ἑρμηνείας
646 4751 1073 4819 ἐναλλαττούσας,
1124 4755 1218 4815 τὰς
1272 4752 1469 4808 Ἀκύλα
1517 4759 1606 4806 καὶ
1668 4761 1800 4827 Συμ-

181 4847 372 4920 μάχου
428 4847 517 4895 καὶ
571 4838 922 4904 Θεοδοτίωνος
973 4838 1225 4906 ἐκδόσεις,
1288 4844 1472 4916 εὑρεῖν,
1538 4845 1593 4895 ἔκ
1647 4863 1798 4895 τινων

183 4931 496 5008 ἀπορρήτων
546 4940 648 5003 γῆς
680 4939 868 5004 μυχῶν
915 4935 1002 4984 τὸν
1051 4931 1269 4984 ἔκπαλαι
1303 4927 1799 5007 διαδιδρασκούσας

188 5028 408 5099 χρόνον,
467 5021 539 5084 εἰς
587 5028 692 5093 φῶς
729 5019 1008 5093 ἀγαγόντα.
1053 5022 1127 5074 Δι’
1179 5021 1246 5072 ὦν
1300 5026 1390 5074 καὶ
1419 5025 1513 5080 τήν
1544 5029 1642 5074 τῶν
1694 5020 1799 5085 Ἐξ·

188 5112 369 5168 απλῶν
422 5111 546 5186 παρ’
598 5111 738 5182 αὐτῷ
801 5111 1080 5183 λεγομένων
1141 5107 1381 5170 σπουδήν
1450 5110 1793 5183 έτεχνάσατο.

188 5208 288 5265 Τίς
369 5198 426 5255 δε
483 5204 514 5260 ἡ
583 5203 776 5254 τούτων
861 5197 1102 5272 δύναμις,
1177 5201 1401 5255 ἐντεῦθεν
1467 5203 1796 5273 γνωσόμεθα.

193 5296 509 5364 Συναγαγὼν
579 5292 680 5365 γὰρ
739 5291 832 5350 τὰς
889 5286 1121 5350 ἱκδόσεις
1188 5298 1282 5352 τῆς
1355 5292 1489 5363 ἱερᾶς
1569 5293 1796 5363 Γραφῆς›

191 5385 322 5436 ὅσαι
371 5385 638 5453 γεγόνασι,
685 5387 887 5453 πρῶτον
939 5381 1030 5451 μὲν
1096 5386 1199 5430 τῶν
1265 5377 1332 5444 o',
1378 5375 1491 5432 εἶτα
1544 5383 1636 5431 καὶ
1700 5388 1798 5431 τῶν

194 5475 329 5549 μετὰ
371 5475 601 5545 Χριστόν
642 5472 942 5542 γενομένων,
984 5467 1051 5519 ὧν
1105 5473 1198 5526 τήν
1253 5488 1342 5540 μεν
1399 5465 1660 5532 Ἰουδαῖός
1723 5488 1800 5530 τις

193 5561 423 5626 Ἀκύλας
479 5564 640 5636 ὄνομα
713 5562 838 5636 πρὸς
901 5559 959 5612 τὸ
1030 5556 1320 5617 Ἑλληνικὸν
1399 5557 1798 5635 μετερρύθμισε,

2541 2311 2766 2370 CAPUT
2805 2315 2896 2371 XI.

1895 2430 1979 2487 De
1991 2432 2266 2516 0aig_ems
2278 2433 2341 2516 ίῃ
2352 2437 2539 2516 sortis
2554 2438 2788 2516 L_itteris
2799 2442 3092 2510 profectu,
3109 2447 3162 2498 et
3174 2445 3246 2501 de
3256 2450 3537 2516 sextupla

2082 2503 2156 2560 ab
2185 2519 2249 2561 eo
2277 2505 2434 2562 dicta
2461 2503 2917 2578 Scripturai‘um'
2938 2503 3351 2574 translatione.

1970 2700 2204 2770 Origeni
2235 2706 2434 2758 autem
2467 2705 2749 2761 Romanae
2799 2707 2963 2764 urbis
2996 2710 3278 2779 visendas,
3306 2731 3443 2774 cum
3465 2717 3549 2776 ibi

1900 2789 2268 2861 Zephyrinus
2327 2792 2645 2850 Ecclesiam
2707 2803 2954 2865 regeret,
3015 2802 3235 2872 cupido
3283 2805 3545 2864 incessit.

1905 2879 2013 2935 Ubi
2059 2895 2196 2934 cum
2232 2896 2354 2936 non
2385 2881 2464 2938 ita
2505 2883 2608 2938 diu
2641 2887 2978 2955 mansisset,
3012 2895 3067 2944 et
3108 2891 3246 2948 inde
3299 2895 3549 2953 Alexan-

1903 2969 2097 3024 driam
2145 2969 2436 3035 rediisset,
2497 2973 2782 3029 doctrinae
2835 2981 3013 3049 atque
3065 2979 3438 3049 institutioni,
3486 2991 3548 3042 ut

1903 3057 2468 3114 catechumenorum
2508 3061 2810 3132 magister,
2842 3065 2922 3119 ibi
2973 3068 3224 3137 praefuit,
3275 3073 3550 3131 Demetrii

1902 3151 2114 3215 rogatu
2146 3147 2461 3214 adductus,
2498 3157 2558 3204 ut
2587 3165 2658 3205 eo
2688 3153 2913 3223 majore
2945 3156 3141 3213 studio
3170 3162 3332 3231 operi
3373 3163 3423 3218 ei
3464 3165 3550 3219 in-

1904 3235 2230 3292 cumberet.
2274 3237 2418 3293 Cum
2471 3254 2612 3294 vero
2650 3241 3162 3314 animadverteret,
3197 3248 3547 3309 abstrusiori

1905 3341 1967 3382 se
2001 3325 2316 3397 Scriptura;
2346 3327 2547 3382 sensui
2586 3331 2908 3387 scrutando
2949 3339 3126 3406 atque
3155 3339 3440 3413 eruendo,
3471 3342 3554 3400 ita

1905 3421 1969 3469 ut
1999 3413 2255 3481 volebat,
2287 3430 2502 3470 vacare
2541 3432 2663 3472 non
2703 3435 2902 3490 posse,
2941 3424 3104 3494 quod
3146 3441 3218 3481 ne
3251 3429 3542 3500 respirare

1903 3503 2146 3576 quidem
2186 3503 2430 3560 liberius
2456 3505 2509 3561 ei
2545 3505 2762 3574 liceret,
2793 3525 2900 3580 per
2935 3527 3037 3566 eos
3075 3514 3176 3584 qui
3216 3517 3482 3588 quotidie
3512 3537 3549 3578 a

1904 3591 2027 3648 sole
2068 3598 2198 3647 orto
2233 3592 2308 3648 ad
2347 3609 2663 3665 vesperam
2715 3612 2904 3669 usque
2943 3599 3210 3658 scholam
3259 3605 3388 3675 ejus
3443 3607 3554 3665 fre-

1901 3681 2319 3753 quentabant;
2381 3681 2720 3740 faciendum
2783 3687 2896 3741 sibi
2935 3692 3186 3760 putavit,
3231 3699 3289 3749 ut
3322 3698 3550 3754 tantam

1904 3768 2341 3824 multitudinem
2374 3769 2684 3836 divideret,
2718 3779 2773 3829 et
2812 3777 3139 3843 Heraclam,
3183 3797 3254 3836 ex
3300 3789 3551 3842 sectato-

1902 3858 2068 3913 ribus
2098 3858 2220 3912 suis
2249 3858 2641 3930 praecipuum,
2675 3862 2872 3918 virum
2893 3865 3326 3932 doctissimum.
3355 3874 3460 3946 qui
3487 3875 3548 3930 in

1903 3946 2232 4018 disciplinis
2282 3947 2713 4020 philosophicis
2760 3957 2814 4007 et
2853 3969 3159 4012 sacrarum
3201 3958 3552 4020 Litterarum

1903 4035 2238 4092 eruditione
2283 4036 2606 4108 plurimum
2657 4039 3048 4100 collocaverat
3089 4048 3290 4114 studii,
3341 4051 3451 4106 sibi
3491 4054 3553 4109 in

1906 4124 2271 4181 instituendo
2327 4126 2559 4181 socium
2604 4132 2659 4182 et
2702 4129 3039 4200 adjutorem
3090 4138 3422 4195 ascisceret.
3466 4141 3554 4199 Ita

1905 4213 2148 4279 factum,
2183 4223 2246 4269 ut
2274 4215 2538 4287 primum
2568 4215 2836 4275 laborem
2877 4237 3085 4279 eorum
3116 4224 3552 4296 docendorum,

1904 4305 2006 4376 qui
2036 4303 2174 4359 ﬁdei
2214 4302 2508 4360 elementa
2537 4320 2729 4378 nuper
2762 4312 3018 4366 assecuti
3048 4323 3263 4382 essent,
3311 4318 3393 4374 illi
3458 4321 3558 4377 de-

1909 4393 2272 4449 mandaret:
2325 4392 2428 4447 sibi
2484 4394 2596 4466 ipsi
2638 4412 2774 4453 vero
2829 4401 3200 4470 provinciam
3248 4422 3351 4464 eos
3396 4410 3558 4466 insti-

1908 4483 2113 4539 tuendi
2145 4483 2249 4555 qui
2277 4482 2658 4554 perfectiores
2689 4496 2907 4556 essent,
2935 4491 3322 4569 divinamque
3347 4498 3560 4555 doctri-

1907 4587 2051 4628 nam
2096 4571 2275 4627 veluti
2323 4573 2381 4627 in
2430 4573 2704 4631 habitum
2741 4576 3149 4649 deduxissent,
3204 4595 3554 4646 reservaret.

1912 4663 2111 4732 Usque
2140 4677 2210 4716 eo
2239 4666 2440 4718 autem
2470 4671 2810 4723 accuratam
2831 4683 3137 4727 sacrorum
3171 4674 3554 4736 oraculorum

1909 4749 2355 4822 inquisitionem
2387 4760 2444 4808 et
2472 4754 2738 4810 studium
2777 4758 3076 4828 produxit,
3110 4766 3172 4818 ut
3202 4763 3558 4825 Hebraicam

1908 4840 2087 4895 etiam
2120 4839 2454 4897 addisceret
2498 4841 2790 4913 linguam,
2829 4851 2886 4902 et
2921 4848 3238 4906 Hebraicos
3267 4853 3451 4911 libros
3480 4856 3561 4915 ad

1909 4944 2103 5001 prima
2141 4929 2507 5002 exemplaria
2549 4932 2880 5006 descriptos
2922 4941 3235 5011 conquiret
3267 4960 3280 4995 :
3315 4943 3561 5018 insuper

1909 5019 2085 5074 etiam
2104 5034 2313 5075 omnes
2336 5021 2754 5080 translationes
2775 5023 3045 5082 diversas
3075 5044 3282 5087 eorum
3304 5036 3407 5105 qui
3428 5040 3563 5106 post

1911 5108 2298 5179 Septuaginta
2338 5109 2669 5182 Scripturas
2726 5117 3041 5183 verterant,
3071 5135 3140 5173 ac
3189 5128 3400 5192 prie-ter
3455 5141 3559 5182 eas

1909 5213 2043 5269 quae
2068 5199 2126 5252 in
2155 5214 2268 5253 usu
2297 5206 2485 5268 erant,
2514 5200 2735 5273 Aquilae
2785 5203 3023 5271 scilicet,
3085 5209 3454 5280 Symmachi,
3497 5219 3554 5272 et

1907 5287 2326 5344 Theodotionis
2367 5288 2680 5356 editiones,
2722 5291 2868 5348 alias
2907 5294 3193 5354 inveniret
3246 5307 3302 5356 et
3350 5317 3417 5356 ex
3465 5320 3561 5359 oc-

1909 5376 2078 5432 cultis
2109 5377 2520 5450 abstrusisque
2561 5386 2726 5436 terrae
2768 5385 3120 5452 recessibus,
3159 5389 3256 5444 ubi
3284 5389 3564 5460 longissi-

1910 5481 2008 5520 mo
2027 5465 2620 5540 latueranttempore,
2641 5469 2918 5527 inlucem
2950 5475 3253 5546 proferret.
3284 5479 3464 5552 358
3486 5483 3562 5539 Ex

1907 5554 2129 5628 quibus
2157 5555 2439 5614 omnibus
2467 5572 2624 5632 opus
2657 5560 2818 5634 quod
2847 5561 2926 5636 ab
2961 5578 3031 5620 eo
3062 5564 3394 5642 Hexaplum
3437 5571 3563 5636 sive
