4040 6224
489 235 616 290 1091

483 355 838 430 Sextuplum
903 355 1256 428 inscriptum
1320 359 1428 422 est,
1485 355 1824 427 composuit
1877 369 1894 408 :

484 446 836 518 operisque;
868 447 957 500 vis
997 451 1054 500 et
1081 444 1234 500 ratio
1265 443 1359 508 sit,
1389 459 1462 500 ex
1495 444 1882 514 sequentibus
1923 443 2132 500 intelli-

484 542 656 606 getur
681 535 896 592 verbis.
922 535 1366 590 Translationes
1395 549 1580 589 sacrae
1609 534 1944 606 Scripturae,
1973 549 2132 605 que:-

484 640 722 696 cunque
745 629 1058 694 exstarent,
1077 621 1330 692 collegit.
1349 623 1606 678 Primam
1625 623 1864 695 quidem
1887 623 2134 694 Septua-

483 713 648 786 ginta
665 715 1074 786 interpretum,
1089 712 1306 768 deinde
1321 728 1526 768 eorum
1547 713 1651 784 qui
1673 717 1810 783 post
1835 712 2132 768 Christum

481 808 692 858 natum
735 802 918 872 fuere,
961 802 1186 874 Aquilae
1217 801 1404 857 Judaei
1447 801 1784 872 cujusdam,
1831 801 1936 872 qui
1995 817 2130 857 eam

486 894 684 948 Griece
725 892 916 958 vertit,
953 895 1088 962 post
1117 891 1280 948 hunc
1310 891 1679 962 Symmachi,
1714 890 1894 946 aliam
1925 907 2131 946 rursus

481 979 921 1048 Theodotionis,
953 985 1010 1034 et
1036 979 1216 1036 aliam
1255 979 1537 1050 deinceps
1564 978 1924 1036 innominati
1951 985 2131 1052 atque

482 1070 690 1126 incerti
738 1069 1072 1141 cujuspiam
1125 1069 1383 1124 auctoris
1417 1081 1432 1122 ε
1462 1067 1562 1139 qui
1593 1083 1740 1124 sane
1786 1084 1998 1124 omnes
2029 1071 2132 1126 He-

481 1157 667 1214 braici
725 1165 778 1214 et
830 1157 1012 1214 Grmci
1065 1158 1360 1214 sermonis
1423 1158 1656 1227 egregie
1717 1157 1888 1229 periti
1947 1159 2128 1214 fuere.

483 1249 752 1312 Quarum
781 1245 1240 1302 translationum
1272 1247 1606 1319 quamdam
1638 1261 1702 1301 se
1733 1247 1998 1318 Nicopoli
2030 1247 2128 1320 (1),

483 1351 620 1408 qum
651 1335 729 1392 ad
763 1336 998 1392 Actium
1029 1336 1138 1391 sita
1175 1341 1280 1402 est,
1313 1341 1490 1408 atque
1511 1336 1692 1392 aliam
1718 1336 1835 1392 alio
1857 1336 1960 1394 tali
1988 1353 2134 1409 quo-

483 1425 626 1481 dam
669 1423 799 1482 loco
831 1425 1132 1482 invenisse
1161 1425 1385 1482 scribit.
1427 1427 1492 1480 ln
1531 1425 1905 1482 Psalmorum
1931 1433 2133 1483 autem

486 1514 788 1584 Hexaplis,
841 1521 974 1586 post
1011 1517 1274 1586 quatuor
1313 1513 1663 1571 celebriores
1692 1515 1979 1572 editiones
2008 1531 2134 1572 non

483 1604 758 1674 quintam
781 1603 998 1671 solum,
1027 1603 1136 1658 sed
1168 1609 1224 1659 et
1270 1609 1524 1670 sextam,
1557 1610 1736 1676 atque
1769 1605 1920 1660 adeo
1959 1607 2134 1678 septi-

1782 225 2170 286 NICEPHOBI
2209 227 2298 284 CA
2307 228 2534 285 LLISTI

3719 225 3863 280 1092

1957 355 2128 426 cujus
2160 355 2208 410 Α
2241 359 2329 408 καὶ
2359 354 2470 422 μετ’
2505 353 2659 406 αὐτὸν
2707 355 2998 425 Σύμμαχος
3026 367 3044 384 ·
3091 351 3248 410 ἄλλην
3301 347 3363 404 δι
3393 347 3714 414 Θεοδοτίων,
3773 353 3862 402 καὶ

2239 445 2405 518 ἕτερός
2447 463 2528 504 τις
2575 442 2840 516 ἀνώνυμος
2889 439 3244 510 ἐκδεδὼκασι,
3295 445 3446 513 σοφοί
3495 459 3552 512 γε
3598 445 3694 492 καὶ
3745 441 3860 492 κατ’

2241 535 2394 606 ἄμφω
2449 529 2518 592 δὴ
2567 534 2656 593 τας
2693 529 3006 593 παιδεύσεις
3043 537 3202 596 ὄντες,
3227 536 3321 590 τὴν
3373 527 3631 606 Ἐϐραῐδα
3671 547 3734 582 τε
3775 533 3856 581 καὶ

2240 627 2334 680 τὴν
2384 621 2605 679 Ἕλληνα
2633 641 2645 654 ·
2701 623 2770 672 ὧν
2823 621 2978 682 αὐτὸς
3041 625 3134 679 τὴν
3195 625 3290 693 μέν
3339 639 3500 696 φησιν
3551 621 3728 692 εὑρεῖν

2239 714 2370 784 πρὸς
2427 711 2616 783 ’Δκτίῳ
2689 710 2988 776 Νικοπόλει,
3045 715 3140 768 τὴν
3193 707 3242 762 δ’
3313 712 3364 764 ἂν
3447 709 3604 782 ἑτέρῳ
3667 703 3854 777 τοιῷδε

2241 805 2402 872 τόπῳ.
2462 800 2541 854 Ἐν
2601 796 2660 852 δε
2713 807 2824 861 τοῖς
2871 798 3142 862 Ἐξαπλοῖς
3189 807 3289 852 τῶν
3321 797 3544 872 Ψαλμῶν
3604 799 3746 869 μετὰ
3773 799 3854 856 τας

2241 893 2498 963 τέσσαρας
2561 891 2856 962 ἐπισήμους
2927 885 3160 949 ἐκδόσεις
3229 888 3288 942 οὐ
3364 892 3609 960 πέμπτην
3673 890 3850 959 μόνον,

2241 978 2370 1032 ἀλλὰ
2419 985 2509 1032 καὶ
2565 981 2713 1038 ἕκτην
2797 984 2889 1032 καὶ
2963 973 3192 1052 ἑϐδόμην
3261 979 3511 1051 παραθεὶς
3573 975 3850 1052 ἑρμηνείαν

2241 1073 2660 1141 ἐπισημαίνεται,
2721 1071 2792 1130 ὡς
2842 1068 2892 1121 ἐν
2947 1067 3166 1140 Ἱεριχοί
3235 1069 3520 1142 εὑρημένας
3591 1065 3646 1118 ἐν
3713 1067 3852 1136 πίθῳ

2240 1161 2377 1212 κατὰ
2433 1161 2550 1218 τοὺς
2613 1162 2834 1230 χρόνους
2892 1157 3197 1211 ’Δντωνίνου
3261 1159 3377 1208 υἱοῦ
3435 1159 3685 1228 Σευῆρον.
3749 1157 3854 1214 τὰς

2240 1257 2412 1302 τοίνυν
2487 1250 2730 1310 τοιαύτας
2791 1249 2964 1308 πείσας
3023 1243 3258 1306 ἐκδόσεις
3332 1248 3498 1298 εἵτουν
3573 1243 3852 1318 ἑρμηνείας

2241 1347 2342 1390 τῶν
2387 1337 2639 1403 παλαιῶν,
2695 1335 3062 1410 ἀντιπαραθεὶς
3115 1333 3378 1400 ἀλλήλαις,
3430 1339 3521 1387 καὶ
3574 1331 3762 1386 διελὼν
3803 1335 3850 1384 ἐν

2243 1435 2341 1502 μιᾷ
2391 1427 2582 1500 ἑκάστη
2635 1421 2804 1480 σελίδι
2859 1427 2992 1498 μετὰ
3017 1430 3108 1478 καὶ
3157 1432 3252 1488 τῆς
3287 1423 3573 1498 Ἑϐραίκῆς
3599 1441 3850 1498 παρασηο

2243 1523 2522 1591 μειώσεως,
2589 1513 2858 1568 κάντεῦθεν
2923 1521 3018 1574 τὴν
3083 1513 3271 1588 ἀκριϐῆ
3339 1522 3434 1574 τῆς
3497 1519 3712 1586 Γραγῆς
3779 1513 3856 1564 ἓν·

2243 1627 2406 1674 νοιαν,
2465 1610 2554 1660 καὶ
2605 1609 2700 1664 τὴν
2747 1609 2872 1678 πρὸς
2911 1605 3073 1664 αὐτὴν
3127 1612 3226 1657 τῶν
3265 1603 3519 1678 ἑρμηνέων
3557 1599 3856 1674 διαφωνίαν

485 1708 652 1748 mam
697 1692 1154 1749 translationem
1202 1709 1264 1748 se
1296 1693 1652 1764 apposuisse
1707 1695 1983 1760 ostendit,
2037 1696 2132 1752 Je-

2247 1696 2277 1755 ἣ
2313 1699 2615 1768 συμφωνίαν
2665 1693 3103 1766 ἀσφαλισάμενος,
3143 1695 3212 1746 τὰ
3265 1701 3365 1745 τῶν
3413 1691 3672 1754 Ἐξαπλῶν
3725 1694 3856 1763 ἡμῖν

489 1781 764 1838 richunte
811 1781 874 1838 in
930 1781 1112 1846 dolio,
1170 1783 1540 1853 temporibus
1595 1784 1881 1839 Antonini
1935 1786 2130 1842 Severi

483 1871 610 1936 ﬁlii,
641 1877 925 1943 repertas.
961 1874 1148 1927 Hasce
1177 1871 1356 1942 igitur
1388 1871 1907 1944 interpretationes
1951 1879 2130 1947 atque

485 1960 774 2016 editiones
816 1967 1082 2016 veterum
1125 1961 1278 2016 inter
1305 1976 1368 2017 se
1407 1962 1791 2032 compositas,
1833 1967 2014 2036 atque
2071 1965 2130 2022 in

2249 1785 2540 1860 ἀντίγραφα
2610 1782 2969 1836 καταλέλοιπεν
3003 1801 3017 1815 ·
3097 1779 3250 1844 ἰδίως
3320 1785 3416 1840 τὴν
3490 1780 3688 1834 Ἀκύλα
3765 1785 3860 1832 καὶ

2247 1877 2540 1948 Συμμάχου
2595 1877 2685 1926 καὶ
2732 1867 3084 1934 Θεοδοτίωνος
3131 1867 3345 1924 ἔκδοσιν
3410 1869 3522 1942 ἅμα
3547 1877 3656 1932 τοῖς
3703 1868 3752 1920 o'
3809 1869 3864 1920 ἐν

2245 1973 2355 2026 τοῖς
2409 1963 2730 2036 Τετρασσοῖς
2795 1961 3160 2034 ὀνομασθείσιν
3225 1959 3366 2032 αὐτῷ
3430 1963 3860 2018 κατεσκευακὼς.

489 2063 850 2122 unaquaque
895 2049 1117 2122 pagina
1145 2065 1264 2105 una
1281 2065 1416 2105 cum
1455 2049 1722 2106 Hebraici
1753 2054 2112 2124 exemplaris
2153 2055 2554 2114 adnotatione
2583 2051 2872 2122 digestas,
2909 2051 3243 2122 proposuit.
3277 2047 3444 2106 Unde
3472 2053 3665 2104 certus
3703 2047 3868 2104 Scri-

485 2145 675 2212 ptura:
729 2153 959 2205 sensus,
1019 2139 1596 2211 translationumque
1645 2155 1974 2197 consensus
2019 2145 2112 2200 vel
2167 2145 2478 2202 dissensus
2527 2147 2688 2198 certo
2721 2139 2970 2210 intelligi
3028 2145 3232 2213 queat.
3275 2141 3340 2194 Et
3401 2139 3484 2194 sic
3529 2137 3626 2194 ille
3671 2137 3866 2192 nobis

483 2227 767 2300 hexapla,
811 2228 935 2283 sive
965 2228 1238 2298 sextupla
1273 2227 1510 2300 reliquit
1537 2229 1938 2302 exemplaria:
1989 2249 2126 2290 cum
2157 2234 2408 2307 quidem
2444 2237 2622 2288 antea
2661 2229 2920 2286 seorsim
2965 2227 3216 2302 Aquilae,
3257 2227 3625 2300 Symmachi,
3659 2227 3868 2282 Theo-

485 2316 766 2384 dotionis,
813 2322 870 2372 et
903 2317 1293 2388 Septuaginta
1335 2317 1723 2390 interpretum
1758 2320 2212 2382 translationem
2237 2324 2300 2381 in
2337 2321 2645 2380 volumine
2675 2319 2842 2392 quod
2881 2321 3240 2385 Tetrassum,
3273 2317 3394 2374 sive
3437 2315 3864 2389 quadruplum

484 2407 840 2473 nominavit,
867 2407 1332 2478 composuisset.

1109 2531 1337 2588 CAPUT
1373 2531 1502 2588 XII.

560 2638 643 2694 De
672 2639 1030 2710 Symmacho
1055 2639 1394 2712 interprete,
1430 2646 1482 2698 et
1511 2639 1818 2713 discipulis
1843 2641 2134 2714 Origem's.

2857 2537 3101 2586 ΚΕΦΑΛ.
3130 2529 3230 2585 1Β’.

2247 2647 2404 2718 Περὶ
2445 2643 2802 2716 Συμμάχον
2841 2645 2951 2718 rei?
2979 2638 3296 2718 ἑρμηνέως
3332 2643 3438 2692 καὶ
3481 2644 3598 2690 τῶν
3650 2639 3866 2710 μαθη-

2777 2719 2893 2764 τῶν
2933 2711 3317 2786 ’.(ὶριγίνους.

563 2816 883 2874 Sciendum
897 2831 1098 2889 porro,
1115 2817 1940 2894 Symmachuminterpretem
1965 2822 2132 2880 Ebio-

2319 2817 2530 2874 Είδέναι
2557 2823 2732 2894 μέντοι
2774 2823 2967 2892 χρεὼν,
3021 2819 3094 2880 ὡς
3145 2825 3246 2871 τῶν
3285 2817 3604 2889 ἐρμηνευτῶν
3642 2818 3670 2868 ὁ
3721 2819 3872 2890 Σύμ-

489 2906 750 2962 nitarum
795 2913 968 2962 secta
1005 2905 1208 2972 fuisse,
1236 2923 1370 2980 quas
1403 2907 1599 2980 (sicuti
1641 2910 1702 2965 in
1731 2911 2132 2982 superioribus

2247 2930 2422 2985 μαχος
2477 2918 2568 2972 τῆς
2615 2908 2924 2964 Ἐϐιωναίων
2955 2907 3198 2984 αἱρέσεως
3243 2905 3342 2966 ἦν·
3399 2907 3430 2966 ἣ
3465 2904 3557 2972 δὴ,
3613 2909 3684 2968 ὡς
3717 2906 3868 2958 ἂνω-

491 2996 898 3066 exposuimus)
925 2995 1133 3069 inopes
1165 2996 1462 3068 quasdam
1485 3003 1543 3054 et
1571 2999 1880 3056 mendicas
1901 3001 2132 3073 opinio-

2252 3003 2332 3054 θεν
2379 2997 2700 3072 δίελοίϐομεν,
2735 3000 2932 3070 πτωχοί
2961 3017 3078 3052 τινα
3118 3002 3209 3050 καὶ
3239 2995 3412 3055 εὐτελῆ
3452 3001 3570 3072 περὶ
3611 3003 3868 3069 Χριστοῦ

493 3099 599 3140 nes
636 3085 710 3140 de
738 3084 963 3141 Christo
990 3085 1222 3141 induxit
1263 3103 1276 3152 ;
1309 3085 1475 3142 illum
1506 3086 1727 3144 scilicet
1756 3105 1975 3160 purum
2007 3107 2132 3147 esse

2251 3086 2552 3154 δόξάξουσα
2603 3085 2701 3148 ἦν·
2765 3087 2918 3159 ψιλὸν
2989 3089 3086 3160 γὰρ
3143 3089 3413 3160 ἄνθρωπον
3465 3089 3553 3138 τὸν
3617 3091 3872 3159 Χριστὸν

491 3173 908 3241 hominem,et
965 3189 1032 3230 ex
1063 3173 1286 3245 Joseph
1341 3179 1396 3229 et
1451 3177 1632 3232 Maria
1670 3175 2030 3250 principium
2083 3185 2132 3237 el

2249 3178 2408 3251 ἔλεγεν
2451 3176 2580 3232 εἶναι
2621 3195 2634 3208 ·
2689 3183 2778 3230 καὶ
2817 3176 2872 3240 ἐξ
2901 3181 3098 3249 Ἰωσὴφ
3137 3181 3228 3228 καὶ
3275 3179 3478 3250 Μαρίας
3531 3179 3626 3234 τὴν
3675 3174 3866 3248 ἀρχὴν

491 3267 688 3318 ortum
723 3261 1076 3334 sumpsisse,
1117 3262 1430 3336 legemque
1471 3265 1716 3322 Judaico
1751 3283 1916 3323 more
1943 3267 2132 3324 obser-

2249 3267 2536 3341 ἐσχηκέναι
2569 3286 2581 3300 ·
2631 3269 2682 3322 οἱ
2729 3271 2818 3318 καὶ
2865 3269 2951 3318 τὸν
2989 3271 3141 3336 νόμον
3189 3262 3616 3336 Ἰουδαίκώτερον
3663 3265 3868 3337 φνλάτ-

493 3351 614 3406 vari
640 3357 910 3424 oportere
939 3351 1326 3407 conﬁrmans.
1361 3352 1552 3408 Edidit
1583 3370 1827 3428 quoque
1872 3358 2132 3428 Symma-

2249 3377 2353 3411 τειν
2397 3365 2597 3433 χρῆναι
2637 3355 3076 3429 ἁπισχυρίζοντο.
3131 3351 3370 3418 Ἐξέδοτο
3415 3351 3474 3408 δε
3503 3355 3529 3406 ὀ
3561 3357 3860 3427 Σύμμαχος

492 3440 639 3496 chus
661 3440 718 3494 in
738 3457 978 3496 sacrum
1004 3439 1258 3497 Matthasi
1278 3442 1664 3512 Evangelium
1686 3447 2132 3514 commentaria,

2251 3449 2602 3520 ὑπομνήματα
2647 3451 2736 3500 καὶ
2783 3445 2852 3506 εἰς
2897 3449 2954 3498 τὸ
3008 3448 3146 3498 κατὰ
3187 3447 3455 3497 Ματθαῐον
3503 3445 3636 3517 ἱερὸν
3681 3444 3870 3515 Εὐαγ-

490 3545 561 3586 ex
594 3545 716 3602 quo
745 3529 1022 3584 haeresim
1074 3546 1249 3586 suam
1277 3537 1540 3587 astruere
1574 3538 1628 3588 et
1673 3532 1936 3590 stabilire
1975 3535 2132 3591 vide-

2248 3536 2439 3609 γέλιον,
2485 3537 2573 3609 ἀφ’
2602 3535 2661 3588 οὗ
2713 3540 2802 3588 καὶ
2845 3540 2940 3594 τὴν
2997 3533 3154 3588 αὐτοῦ
3211 3535 3412 3609 αἰρεσιν
3465 3539 3716 3605 συνιστῷ
3775 3537 3868 3586 καὶ

489 3623 604 3676 tur.
638 3621 719 3674 Ea
761 3635 902 3674 vero
929 3619 1108 3692 359
1157 3621 1586 3677 commentaria
1627 3623 1978 3693 Symmachi
2019 3641 2132 3681 una

2249 3629 2514 3700 κρατύνειν
2565 3623 2730 3680 δοκεῖ.
2791 3629 2868 3677 Τὰ
2921 3620 2979 3677 δε
3038 3631 3256 3676 τοιαῦτα
3311 3624 3670 3696 ὑπομνήματα
3723 3627 3866 3694 μετὰ

489 3723 626 3763 cum
674 3707 944 3780 ejusdem
1008 3709 1444 3780 Scripturarum
1509 3711 1804 3780 versione,
1855 3711 2132 3784 Origenes

2249 3723 2347 3768 τῶν
2408 3714 2570 3766 ἀλλων
2641 3715 2920 3790 ἐρμηνειῶν
2975 3717 3269 3785 Συμμάχου
3355 3713 3430 3774 εἰς
3487 3715 3579 3774 τὰς
3653 3715 3864 3786 Γραφὰς

491 3795 728 3870 scripsit
786 3813 847 3852 se
879 3814 915 3854 a
952 3797 1218 3870 quadam
1247 3797 1474 3854 femina
1519 3798 1756 3857 Juliana
1787 3801 2080 3874 recepisse
2121 3818 2132 3857 :

2250 3803 2520 3878 Ὠριγένης
2581 3803 2831 3878 ἱστόρησε
2883 3803 3026 3878 παρα
3081 3822 3219 3864 τινος
3277 3802 3570 3864 Ἰουλιανῆς
3605 3805 3864 3874 γυναικὸς

487 3903 624 3959 quas
655 3887 902 3957 quidem
923 3885 1145 3942 femina
1175 3901 1278 3942 eos
1299 3887 1485 3944 libros
1516 3887 1594 3944 ab
1625 3889 1756 3961 ipso
1782 3899 2022 3946 auctore
2047 3907 2132 3947 ac-

2249 3893 2504 3966 εἰληφέναι
2538 3911 2550 3922 ·
2593 3895 2710 3954 ἣτις
2747 3891 2900 3946 πάλιν
2939 3891 3132 3954 ἐκείνας
3175 3889 3227 3954 ἐξ
3275 3890 3434 3942 αὐτοῦ
3479 3897 3572 3942 τοῦ
3623 3909 3860 3964 συγγρα-

489 3977 890 4048 ceptos,apud
921 3993 982 4032 se
1009 3977 1416 4033 reservaverit.
1441 3977 1667 4034 Interea
1698 3983 1755 4034 et
1781 3979 2132 4035 Ambrosius

2247 3980 2480 4054 φαμένου
2529 3977 2904 4053 διαδεξαμένη,
2953 3978 3068 4052 εἶχε
3109 3979 3232 4052 παρ’
3277 3979 3432 4051 ἑαυτῇ
3497 3984 3588 4032 καὶ
3637 3978 3861 4050 ἑφύλατυ

487 4064 738 4136 quidam
786 4065 996 4120 haeresi
1041 4065 1334 4121 Valentini
1365 4065 1698 4122 admodum
1743 4067 2016 4138 intectus,
2060 4068 2132 4124 ab

2247 4091 2348 4124 τεν.
2383 4072 2462 4124 Ἐν
2503 4067 2560 4124 δὲ
2593 4073 2762 4142 τούτῳ
2797 4076 2888 4122 καὶ
2939 4067 3260 4142 Ἀμϐροσιός
3287 4088 3368 4131 τις
3399 4071 3468 4120 τὰ
3505 4077 3596 4128 τῆς
3637 4067 3862 4121 Οὐαλεν-

489 4155 737 4224 Origene
773 4155 1104 4220 convictus,
1139 4155 1524 4228 veritatisque
1549 4155 1680 4212 luce
1715 4163 1975 4212 mentem
2007 4157 2137 4213 illu-

485 4245 726 4309 stratus,
762 4243 837 4300 ad
885 4243 1180 4300 sinceram
1217 4243 1356 4300 ﬁdei
1401 4245 1736 4300 doctrinam
1779 4247 2026 4302 transiit.
2071 4249 2132 4302 Et

2247 4248 2509 4321 λεγχθείς,
2558 4253 2646 4302 καὶ
2711 4257 2782 4320 τῷ
2848 4256 2944 4312 τῆς
3009 4247 3250 4308 ἀληθείας
3305 4252 3435 4319 φωτὶ
3487 4247 3862 4320 περιλαμφθεὶς

485 4331 584 4388 alii
613 4348 753 4388 vero
793 4332 1092 4405 permulti,
1123 4349 1384 4405 quorum
1427 4349 1604 4390 aures
1629 4335 1896 4390 oratione
1925 4335 2132 4392 doctri-

2249 4342 2342 4398 τὴν
2391 4335 2646 4404 διάνοιαν,
2703 4347 2774 4410 τῷ
2813 4336 3080 4412 ἀκραιφνεί
3117 4345 3206 4397 τῆς
3243 4340 3472 4398 πίστεως
3501 4335 3638 4408 λόγῳ
3695 4341 3860 4408 προσ-

485 4437 688 4494 naque
715 4399 823 4478 sua
863 4399 1164 4492 Origenes—
1184 4422 1601 4494 permulserat,
1643 4424 2035 4497 undiquaque
2061 4425 2132 4482 ad

2249 4447 2373 4482 εισι.
2409 4427 2594 4480 Πολλοὶ
2631 4399 2691 4480 δε
2719 4399 2808 4479 καὶ
2861 4399 3004 4480 τέλλοί
3033 4434 3095 4499 τῇ
3130 4434 3224 4480 τῶν
3263 4425 3426 4497 λόγων
3467 4399 3692 4498 παιδείᾳ
3719 4399 3861 4498 ’ἦρί-

487 4526 626 4568 eum
685 4511 1147 4576 conveniebant,
1201 4511 1528 4584 periculum
1584 4513 1658 4569 de
1709 4513 1970 4586 perfecta
2013 4514 2132 4586 ejus

2247 4521 2424 4590 γένους
2473 4519 2539 4570 τὰ
2587 4517 2698 4570 ὦτα
2745 4519 3239 4592 κατακροτούμενοι,
3297 4515 3668 4586 ἁπανταχόθεν
3725 4513 3862 4586 ἐφοί·

488 4601 764 4658 doctrina
815 4601 1045 4658 facturi.
1097 4602 1288 4673 Atque
1327 4601 1387 4656 in
1413 4602 1484 4657 iis
1523 4617 1647 4658 non
1691 4602 1866 4674 pauci
1895 4619 2132 4676 quoque

2249 4626 2368 4672 των,
2417 4609 2598 4682 πεῖράν
2631 4626 2745 4660 τινα
2783 4613 2874 4667 τῆς
2918 4609 3036 4680 περὶ
3095 4605 3282 4676 λόγους
3335 4605 3496 4658 αὐτοῦ
3533 4609 3860 4667 τελειότητος

488 4706 561 4748 ex
589 4690 898 4758 htereticis,
931 4689 1198 4762 plerique
1239 4707 1374 4746 vero
1405 4691 1584 4748 etiam
1614 4708 1686 4748 ex
1714 4691 1858 4746 viris
1901 4694 2132 4764 praecla-

2249 4693 2482 4750 κατιδεῖν
2511 4713 2524 4727 ⁸
2593 4696 2688 4750 οὐκ
2743 4695 2908 4767 ὀλίγοι
2967 4698 3140 4766 μέντοι
3199 4700 3288 4746 καὶ
3345 4703 3443 4747 τῶν
3492 4694 3546 4757 ἐξ
3613 4696 3862 4763 αἱρέσεως

487 4781 567 4838 ris
599 4787 653 4836 et
675 4779 1027 4845 illustribus,
1053 4779 1157 4852 qui
1181 4785 1500 4852 utramque
1525 4781 1972 4852 philosophiam
1991 4797 2132 4852 pure

2251 4785 2555 4858 φιλοσόφων,
2607 4789 2694 4838 καὶ
2741 4785 2886 4837 ἄλλοι
2943 4781 3002 4837 δε
3053 4792 3151 4836 τῶν
3203 4782 3457 4855 ἐπιφανῶν
3528 4787 3670 4855 μετὰ
3725 4803 3859 4836 σπου

489 4869 943 4934 addidicissent,
975 4885 1198 4940 magno
1230 4869 1424 4926 studio
1451 4870 1528 4926 ad
1560 4886 1698 4926 eum
1732 4869 2132 4927 conﬂuebant.

2251 4872 2367 4940 δῆς,
2425 4873 2592 4950 ἕῤῥεον
2635 4891 2649 4906 ·
2721 4879 2812 4926 καὶ
2871 4875 3025 4946 ἄμφω
3091 4877 3178 4933 τὰς
3243 4871 3552 4944 φιλοσοφίας
3623 4875 3858 4946 καθαῶς

493 4961 560 5016 Et
600 4975 756 5032 quos
796 4957 892 5014 ille
927 4959 1176 5015 idoneos
1211 4974 1340 5014 esse
1371 4959 1448 5015 ad
1481 4959 1928 5032 philosophicas
1967 4960 2132 5016 disci-

2250 4965 2636 5036 ἑξασκούμενοι.
2679 4961 2874 5024 Ὀσους
2927 4980 2988 5034 γε
3017 4966 3120 5034 μὴν
3169 4965 3302 5036 πρὸς
3333 4960 3616 5032 ἀναλήψεις
3645 4961 3856 5034 φιλοσο-

489 5049 688 5122 plinas
733 5048 1146 5120 percipiendas
1195 5047 1456 5114 videbat,
1486 5065 1588 5105 eos
1617 5050 1694 5106 ad
1727 5051 2132 5119 geometriam.

2251 5073 2354 5126 φων
2406 5055 2729 5126 μαθημάτων
2775 5049 2954 5116 δεξιῶς
2995 5055 3208 5123 ἔχοντας
3265 5051 3418 5123 ἐώρα,
3469 5056 3562 5102 καὶ
3615 5051 3700 5104 ἐπὶ
3741 5071 3860 5123 γεω·

489 5139 949 5204 arithmeticam,
973 5137 1238 5210 aliasque
1261 5137 1536 5194 liberales
1569 5146 1724 5194 artes
1743 5140 2132 5210 producebat.

2251 5147 2462 5216 μετρίαν
2509 5148 2598 5195 καὶ
2665 5141 3038 5216 ἀριθημτικην,
3095 5146 3186 5194 καὶ
3233 5140 3393 5192 τᾶλλα
3455 5147 3548 5201 τῆς
3614 5138 3858 5202 παιδείας

490 5225 739 5300 lnsuper
789 5232 988 5282 autem
1042 5231 1098 5282 et
1137 5226 1217 5282 ad
1263 5227 1753 5300 philosophorum
1809 5233 2004 5284 sectas
2047 5243 2132 5284 co-

2249 5239 2457 5306 πρσῆγε
2485 5234 2550 5284 τὰ
2579 5234 2706 5304 ἔργα
2727 5249 2742 5264 ο
2796 5232 2870 5284 ἔτι
2902 5227 2962 5283 δε
2989 5235 3082 5282 καὶ
3133 5229 3204 5290 εἰς
3239 5231 3334 5290 τὰς
3365 5231 3502 5282 κατά
3541 5228 3860 5302 edacem;

491 5316 872 5390 gnoscendas
901 5315 1249 5383 instruebat,
1277 5317 1566 5388 dogmata
1581 5333 1788 5374 eorum
1817 5317 1930 5374 illis
1963 5333 2132 5390 expo-

2249 5323 2476 5396 αἱρέσεις
2529 5319 2808 5395 ἐρῥύθμίζε
2841 5362 2856 5379 .
2903 5325 2992 5373 καὶ
3045 5321 3115 5372 τὰ
3165 5317 3371 5372 ἐκείνων
3419 5320 3619 5392 ἱστόρει
3681 5317 3862 5378 ἐκδιη-

2247 4165 2385 4214 τίνου
2447 4159 2588 4232 μάλα
2637 4169 2800 4212 νοσῶν
2859 4160 3122 4234 αἱρέσεως,
3183 4161 3308 4232 πρὸς
3371 4157 3672 4230 Ὠριγίνους
3731 4157 3862 4210 ἀπε-

2249 5477 2341 5536 lis.
2373 5481 2471 5535 Est
2497 5479 2645 5552 item,
2666 5495 2790 5536 non
2817 5479 2994 5551 longe
3033 5479 3110 5536 ab
3149 5479 3381 5536 Euxino
3423 5477 3537 5537 sita
3567 5479 3854 5552 ejusdem

563 5481 639 5550 (t)
693 5477 906 5535 Euseb.
937 5477 1040 5534 lib.
1077 5495 1151 5546 γι,
1184 5493 1318 5551 cap.
1343 5479 1434 5534 i7.
1471 5479 1566 5534 Est
1591 5479 1670 5534 ad
1715 5479 1948 5551 Actium
2001 5494 2140 5551 pro-

2248 5552 2513 5612 nominis
2535 5551 2769 5610 civitas.

489 5549 857 5612 mentorium
887 5551 968 5610 ab
1003 5549 1280 5622 Augusto
1301 5553 1533 5608 Caesare
1561 5555 1863 5610 exstructa
1885 5549 2139 5626 Nicopo-
