4040 6224
165 243 307 300 1093

160 370 429 441 γούμενος,
480 367 829 441 ὑπομνήματα
885 365 957 430 εἰς
1012 367 1208 420 ἕκαστα
1259 368 1580 422 καταλείπων
1627 383 1641 398 ⁸
1691 370 1758 430 ὡς
1792 367 1837 421 Α

161 461 329 530 μέγαν
368 456 496 511 εἶναι
547 461 633 510 τόν
683 454 854 533 ἄνδρα
915 461 1006 509 καὶ
1073 455 1192 532 παρ’
1241 455 1475 520 ἐκείνοις.
1537 465 1647 510 Τῶν
1702 454 1762 510 δε

164 543 446 608 ἰδιωτικῶς
492 549 716 620 ἐχόντων
765 550 904 608 τινὰς
955 552 1044 599 καὶ
1098 545 1182 600 ἐπὶ
1236 549 1301 600 τὰ
1353 556 1452 600 τῶν
1483 546 1764 619 ἐγκυκλίων

164 635 349 708 εἰσῆγε
402 638 712 710 μαθήματα,
744 640 838 690 οῦκ
881 636 1060 708 ὀλίγην
1107 635 1332 690 ἐντεῦθεν
1384 639 1594 708 φάσκων
1641 657 1767 689 συν-

163 727 312 798 άγειν
369 723 771 787 ἐπιτηδειότητα
813 730 944 800 πρὸς
984 731 1076 785 τὴν
1124 735 1224 779 τῶν
1272 729 1414 802 ἱερῶν
1445 727 1767 799 μαθημάτων

163 821 528 891 παρασκευήν.
580 815 732 870 Ὀθεν
779 821 869 870 καὶ
921 815 1149 890 μάλιστα
1187 821 1276 868 καὶ
1309 816 1488 868 ἐαυτὸν
1517 816 1571 879 ἐξ
1609 815 1771 886 ἀναγ-

163 910 322 957 καίου
379 905 453 968 εἰς
509 911 601 965 τὴν
655 915 754 959 τῶν
806 913 1072 979 κοσμικῶν
1131 907 1455 978 μαθημάτων
1518 904 1770 972 ἆσκησιν,

163 991 263 1047 διά
325 1002 479 1049 τοῦτο
533 998 705 1056 ἐνῆκε.
772 1001 872 1050 Καὶ
911 1003 1269 1070 μαρτυροῦσιν
1327 998 1376 1049 οἱ
1406 999 1521 1048 τότε
1558 1003 1658 1048 τῶν
1687 1015 1773 1066 φι-

161 1083 400 1157 λοσόφων
460 1085 600 1157 αὐτῷ
671 1087 1121 1158 συνακμάσαντες.
1199 1086 1288 1146 Οἷς
1336 1087 1366 1144 ἡ
1422 1091 1514 1138 τοῦ
1583 1080 1775 1158 ἀνδρὸς

161 1178 347 1246 μνήμη
393 1175 554 1232 πολλή
609 1182 720 1237 τοῖς
774 1176 1179 1248 συγγράμμασι,
1213 1178 1336 1227 ποτε
1382 1178 1472 1246 μὲν
1531 1192 1775 1249 προσφωο

162 1270 349 1316 νοῦσιν
397 1263 538 1336 αύτῷ
582 1269 705 1328 τοὺς
761 1268 1034 1338 σφετέρους
1075 1264 1276 1338 λόγους,
1328 1265 1442 1317 ἐστι
1481 1259 1530 1316 δ’
1564 1266 1648 1317 ὅτε
1684 1267 1773 1317 καὶ

168 1353 243 1414 εἰς
275 1352 540 1429 ἐπίκρισιν
573 1352 908 1429 ἀναφέρουσι.

779 1463 1024 1516 ΚΕΦΑΛ.
1068 1467 1165 1516 lI".

166 1572 324 1639 Περὶ
392 1572 784 1642 Πᾲορφυρίου,
875 1568 978 1620 οἷα
1033 1570 1180 1642 περὶ
1229 1574 1343 1628 τῆς
1399 1569 1462 1642 ἐς
1537 1566 1770 1642 λόγους

239 1635 548 1714 σπουδῆς
597 1635 969 1714 Ὠριγένᾼους
1004 1635 1298 1714 -γ-ράφειο
1367 1639 1469 1714 οἶα
1530 1635 1768 1691 δὲ’καὶ

234 1711 440 1774 αύτός
475 1716 623 1784 περὶ
661 1709 780 1774 τῆς
817 1711 906 1774 εἰς
953 1709 1397 1769 τάἾΞλληνικά
1434 1709 1769 1771 ἀσκήσεως
1799 1710 1842 1766 Β

233 1786 385 1858 περὶ
424 1783 622 1836 αὐτοῦ
664 1787 937 1858 ἱστορεῖ.

233 1884 343 1939 Καὶ
373 1889 426 1938 τί
453 1881 537 1938 δεῖ
575 1893 675 1938 τῶν
706 1885 870 1938 ἄλλων
907 1902 921 1953 ;

161 1976 465 2048 Πορφύριος
504 1975 752 2034 πλείστην
797 1977 927 2034 ὅσην
977 1976 1096 2027 καθ’
1147 1976 1294 2046 ἡμῶν
1337 1972 1560 2035 ἐντείνας
1608 1992 1768 2025 σπου-

163 2059 283 2127 δὴν,
334 2068 424 2116 καὶ
463 2066 554 2128 τὰς
612 2066 751 2128 θείας
798 2067 1000 2137 Γραφάς
1032 2066 1097 2125 ὡς
1139 2059 1306 2136 μηδὲν
1354 2065 1516 2124 οὔσας
1561 2061 1768 2134 ἀπελίγ-

159 2171 282 2224 χειν
330 2157 421 2205 καὶ
468 2152 772 2227 ἀνατρέπειν
818 2151 1148 2228 βουλόμενος,
1196 2156 1372 2225 μνείαν
1429 2170 1484 2204 τε
1529 2159 1628 2204 τῶν
1680 2151 1767 2204 ἐπὶ

157 2244 384 2304 ταύταις
432 2241 820 2315 ἐσχολακότων,
868 2248 959 2296 καὶ
1011 2251 1109 2295 τῶν
1158 2241 1225 2302 εἰς
1283 2238 1444 2314 βάθος
1500 2239 1766 2312 ἐξηγησα-

155 2333 328 2402 μένων
385 2335 713 2405 ποιούμενος,
773 2332 880 2386 ἐπεὶ
947 2329 1115 2405 μηδεν
1181 2328 1295 2404 εἶχε
1343 2338 1447 2392 τοῖς
1503 2327 1765 2403 δόγμασιν

159 2419 415 2491 ἐγκαλεῖν,
472 2420 666 2495 ἀπορίᾳ
717 2421 901 2494 λόγων,
961 2425 1045 2474 ἰπὶ
1095 2423 1152 2473 τὸ
1205 2415 1460 2492 λοιδορεῖν
1499 2425 1759 2494 τρέπεται,

159 2513 252 2561 καὶ
300 2517 410 2572 τοῖς
464 2509 748 2583 ἐξηγηταῖς
793 2509 972 2583 ἐπάγει
1022 2513 1115 2571 τάς
1152 2508 1412 2582 μέμψεις·
1463 2509 1514 2562 ἐν
1567 2511 1644 2571 οἶς
1673 2515 1763 2563 καὶ

979 1886 1108 1938 ὅπου
1152 1902 1212 1956 γε
1241 1887 1330 1936 καὶ
1377 1885 1403 1935 ό
1455 1882 1512 1935 ἐκ
1543 1882 1769 1944 Σικελίας

162 2601 253 2650 τὸν
288 2599 562 2673 Ὠριγένην
622 2603 757 2654 κατὰ
800 2605 893 2659 τὴν
941 2598 1143 2658 ἀπαλὴν
1196 2598 1401 2657 ἡλικίαν
1447 2595 1595 2667 ἰδὼν,
1652 2617 1762 2651 πει-

157 2694 317 2759 ρᾶται
513 2688 699 2762 ὕϐρεσι
748 2689 953 2743 πλύνειν
992 2707 1005 2719 ο
1060 2689 1240 2746 λίληθε
1269 2685 1320 2741 δ’
1351 2689 1486 2760 ὅμως
1513 2693 1761 2762 παρέχων

160 2779 332 2849 ἐκείνῳ
383 2782 478 2837 την
536 2781 816 2844 σύστασιν,
856 2786 928 2837 πῆ
981 2781 1071 2851 μεν
1117 2773 1322 2840 διεξιὼν
1387 2777 1576 2842 ἀληθῆ,
1632 2779 1760 2831 ὅπου

158 2865 320 2937 λέγειν
348 2867 509 2929 ἄλλως
563 2867 659 2921 οῦκ
726 2865 788 2927 ἦν
840 2870 1112 2941 ἐγχωροῦν
1145 2883 1158 2897 ⁸
1193 2867 1271 2928 οἷς
1317 2862 1376 2919 δι
1402 2865 1574 2919 λαθεῖν
1613 2870 1757 2938 ᾤετο,

158 2961 249 3007 καί
299 2956 442 3029 μάλα
489 2954 830 3030 ψευδόμενος.
915 2956 1004 3019 Ὠς
1071 2959 1163 3030 μὲν
1243 2957 1343 3030 γὰρ
1416 2963 1758 3029 Χριστιανοῦ,

155 3050 475 3118 κατηγορίαν
523 3045 792 3100 ἐνίσταται
816 3063 828 3076 °
878 3048 945 3108 ὡς
992 3043 1051 3099 δὲ
1082 3045 1372 3118 φιλοσόφως
1413 3048 1602 3111 ζῶντα,
1644 3041 1762 3098 δια-
1791 3057 1832 3116 C

149 3135 363 3208 γράφων
420 3134 468 3187 ἐν
516 3143 589 3207 τῷ
641 3135 950 3208 θαυμάζειν.
1031 3137 1134 3188 Οία
1211 3142 1336 3205 γοῦν
1417 3138 1532 3207 περὶ
1599 3133 1759 3186 αὐτοῦ

153 3219 427 3293 διέξεισιν,
476 3225 634 3278 αὐτοῦ
694 3225 931 3296 λέγοντος
987 3222 1192 3277 ἀκούειν
1229 3229 1402 3299 χρεών
1434 3240 1447 3254 ·
1500 3245 1528 3274 κ
1559 3223 1661 3284 Τῆς
1701 3220 1762 3276 δι

151 3315 459 3387 μοχθηρίας
516 3322 618 3366 τῶν
682 3311 988 3368 Ἰουδαϊκῶν
1038 3319 1250 3386 Γραφῶν
1292 3312 1386 3366 οὐκ
1440 3311 1757 3378 ἀπόστασιν,

149 3401 303 3456 λύσιν
355 3398 417 3455 δέ
461 3422 598 3466 τινες
652 3405 814 3478 εὑρεῖν
879 3405 1316 3476 προθυμηθέντες,
1367 3401 1443 3454 ἐπ’
1486 3401 1762 3473 ἐξηγήσεις

151 3490 454 3563 ἐτράποντο,
546 3491 955 3564 ἀσυγκλώστους
1033 3498 1123 3545 καὶ
1225 3491 1587 3564 ἀναρμόστους
1656 3499 1760 3552 τοῖς

149 3583 552 3654 γεγραμμένοις,
655 3585 750 3634 οῦκ
831 3580 1114 3652 ἀπολογίαν
1179 3580 1370 3652 μᾶλλον
1454 3581 1580 3654 ὑπὲρ
1661 3588 1760 3631 τῶν

153 3668 383 3734 ὀθνείων,
455 3674 701 3744 παροχήν
747 3667 807 3724 δι
853 3675 943 3723 καὶ
1002 3671 1209 3723 ἐπαινον
1266 3676 1374 3731 τοῖς
1424 3668 1628 3729 οἰκείοις
1678 3689 1761 3741 φε-

149 3761 369 3832 ρούσας.
426 3759 724 3833 Αἰνίγματα
771 3763 874 3834 γὰρ
930 3762 997 3812 τά
1048 3768 1268 3832 φανερῶς
1328 3760 1472 3832 παρά
1543 3765 1760 3811 Μωῦσεῖ

149 3846 400 3920 λεγόμενα
443 3845 574 3902 εἶναι
641 3851 1024 3922 κομπάσαντες,
1086 3853 1172 3900 καὶ
1244 3849 1631 3908 ἐπιθειάσαντες
1694 3851 1759 3908 ὡς

152 3939 488 4010 θεσπίσματα
539 3937 712 4012 πλήρη
771 3944 1000 4013 κρυφίων
1052 3941 1380 4010 μυστηρίων,
1437 3932 1530 3988 διά
1560 3954 1614 3988 τε
1667 3944 1757 3988 τοῦ

148 4029 314 4098 τύφου
361 4030 419 4080 τό
492 4031 726 4102 κριτικόν
805 4037 903 4090 τῆς
966 4027 1154 4099 ψυχῆς
1223 4027 1753 4097 καταγοητεύσαντις,

148 4113 437 4188 ἐπάγουσιν
497 4116 796 4187 ἐξηγήσεις.
837 4137 866 4169 n
928 4115 1060 4172 Εἶτα
1114 4115 1225 4188 μετ’
1281 4114 1478 4187 ὀλίγα·
1543 4114 1656 4167 ε¹Ο
1696 4111 1756 4168 δι

145 4206 338 4277 τρόπος
390 4214 487 4266 τῆς
539 4203 756 4268 ἀτοπίας
801 4203 855 4269 ἐξ
902 4201 1114 4277 ἀνδρὸς,
1234 4202 1377 4275 κάγὼ
1420 4200 1616 4276 κομιδῆ
1647 4208 1756 4267 νέος

145 4296 212 4343 ὤν
253 4295 335 4345 ῖτι
388 4291 732 4364 ἐντετύχηκα,
790 4289 998 4368 σφόδρα
1050 4290 1503 4365 εὐδοκιμήσαντος
1544 4297 1633 4344 καὶ
1678 4295 1756 4344 ἐτι

145 4377 221 4433 δι’
299 4380 368 4432 ὧν
445 4381 780 4435 καταλέλοίπε
853 4383 1280 4456 συγγραμμάτων
1329 4377 1751 4454 εὐδοκιμοῦντος,
1783 4417 1829 4472 D

141 4469 503 4544 παρειλήφθω,
569 4471 866 4547 Ὠριγένους
901 4489 913 4502 ·
955 4471 1015 4524 οὗ
1065 4471 1206 4532 κλέος
1242 4473 1386 4546 παρά
1432 4477 1539 4532 τοῖς
1591 4466 1754 4523 διδα-

144 4559 365 4622 σκάλοις
416 4562 610 4613 τούτων
669 4569 772 4613 τῶν
823 4559 987 4633 λόγων
1064 4557 1398 4615 διαδίδοται.
1470 4560 1756 4634 ’Δκροατης

140 4651 250 4722 γὰρ
314 4647 467 4712 οὖτος
519 4649 814 4723 ’Δμμωνίου
880 4658 974 4703 τοῦ
1047 4650 1294 4709 πλείστην
1349 4649 1398 4702 ἐν
1467 4656 1579 4711 τοῖς
1633 4651 1752 4702 καθ’

141 4740 285 4811 ἡμᾶς
333 4744 548 4812 χρόνοις
594 4735 831 4792 ἐπίδοσιν
904 4741 1200 4811 ἐσχηκότος
1254 4743 1490 4811 γεγονὼς,
1533 4740 1607 4799 εἰς
1662 4742 1752 4811 μεν

139 4833 240 4887 τὴν
271 4835 373 4880 τῶν
416 4827 576 4898 λόγων
616 4827 888 4903 ἐμπειρίαν
926 4828 1118 4887 πολλὴν
1161 4831 1304 4902 παρά
1351 4835 1441 4881 τοῦ
1486 4824 1752 4880 διδασκά-

136 4917 232 4970 λου
273 4922 368 4976 τὴν
420 4917 658 4989 ὠφελειαυ
717 4915 1015 4974 ἐκτήσατοο
1064 4918 1134 4979 είς
1184 4912 1242 4970 δὲ
1296 4922 1388 4976 τὴν
1455 4915 1612 4989 ὀρθὴν
1660 4925 1751 4969 τοῦ

139 5004 263 5079 βίον
308 5011 615 5080 προαίρεσιν
661 5009 754 5065 τὴν
802 5005 1033 5060 ἐναντίαν
1090 5005 1264 5079 ἐκείνῳ
1315 5011 1526 5079 πορείαν
1576 5004 1752 5064 ἐποιήο

141 5117 303 5152 σατο.
341 5097 636 5170 ’Δμμώνιος
665 5101 755 5169 μὲν
802 5099 927 5171 γὰρ,
978 5102 1292 5174 Χριστιανός
1331 5100 1380 5150 ἐν
1412 5103 1756 5170 Χριστιανοῖς

138 5185 454 5259 ἀνατραφεὶς
506 5193 615 5248 τοῖς
661 5194 918 5258 γονεῦσιν,
973 5189 1056 5240 ὅτε
1113 5194 1202 5239 τοῦ
1256 5193 1454 5259 φρονεῖν
1505 5190 1595 5238 καὶ
1655 5196 1749 5248 τῆς

139 5275 449 5348 φιλοσοφίας
517 5275 712 5346 ἣψατο,
769 5277 922 5338 εὐθὺς
963 5279 1090 5350 πρὸς
1137 5280 1229 5335 τὴν
1276 5279 1411 5329 κατά
1437 5285 1627 5348 νόμους
1656 5295 1749 5328 πο-

133 5363 335 5417 λιτείαν
383 5363 689 5436 μετεϐάλετο
717 5383 730 5398 ⁸
785 5361 1050 5440 Ὠριγίνης
1104 5362 1162 5418 δὲ
1208 5364 1390 5425 Ἐλλην
1435 5365 1484 5418 ἐν
1526 5365 1747 5424 Ἕλλησι

133 5451 449 5516 παιδευθεὶς
493 5453 684 5525 λόγοις,
743 5459 868 5530 πρὸς
918 5458 976 5508 τὸ
1035 5451 1299 5530 βάρϐαρον
1355 5453 1584 5518 ἐξώκειλε
1634 5455 1747 5508 τό).-

135 5562 318 5616 μημα,
429 5540 497 5604 δὴ
527 5548 687 5622 φέρων
735 5547 889 5599 αύτον
939 5558 993 5598 τε
1042 5548 1132 5598 καὶ
1184 5550 1276 5604 τὴν
1324 5543 1375 5596 ἐν
1416 5551 1523 5608 τοῖς
1571 5544 1748 5619 λόγοις

1241 239 1803 298 ECCLESIASTICE
1845 237 2212 298 HISTORIAE
2251 239 2384 298 LIB.
2426 241 2494 298 V.

3387 244 3527 301 1094

1872 380 2042 436 nens,
2072 371 2129 424 et
2160 366 2626 424 commentarios
2657 366 2716 422 in
2757 381 2850 422 res
2887 367 3134 438 quasvis
3173 368 3360 424 edens
3395 386 3406 423 :
3453 369 3533 425 ita

1872 460 1938 510 ut
1975 457 2136 528 apud
2181 456 2573 528 philosophos
2610 471 2853 528 quoque
2902 471 3159 526 magnus
3186 457 3535 513 haberetur.

1874 545 2046 610 Quod
2078 546 2126 600 si
2164 546 2268 618 qui
2304 551 2501 600 essent
2540 545 2720 616 paulo
2764 546 3054 615 rudiores,
3100 563 3202 602 eos
3237 551 3391 602 artes
3436 563 3537 619 cy-

1873 633 2055 690 clicas
2080 634 2354 700 docebat,
2380 650 2664 704 magnam
2687 634 2824 690 inde
2847 635 3158 691 utilitatem
3195 636 3536 707 comparari

1878 722 1956 780 ad
1996 739 2302 780 sacrarum
2326 725 2781 796 disciplinarum
2821 725 3152 780 doctrinam
3193 724 3535 796 perhibens.

1879 812 2253 885 Proindeque
2307 820 2362 869 et
2420 813 2684 884 seipsum
2737 813 3090 868 necessitate
3138 814 3403 884 quadam
3458 813 3536 870 ad

1882 900 2167 972 profanas
2214 902 2438 958 litteras
2490 900 2804 957 discendas
2863 901 3242 956 descendisse
3292 907 3536 958 testatus

1883 997 1990 1046 est.
2033 991 2403 1047 Conﬁrmant
2427 991 2542 1046 hoc
2583 991 2686 1063 qui
2728 1005 2799 1046 eo
2838 995 3106 1060 tempore
3146 1007 3282 1046 cum
3314 1007 3384 1047 eo
3416 992 3539 1046 eni-

1886 1085 2046 1134 tuere
2086 1078 2451 1152 philosophi,
2479 1081 2537 1135 in
2573 1095 2832 1152 quorum
2864 1079 3029 1134 libris
3059 1079 3249 1136 multa
3283 1082 3413 1151 ejus
3452 1081 3538 1136 in-

1885 1169 2116 1225 venitur
2137 1169 2381 1226 mentio.
2408 1169 2780 1241 Quandoque
2801 1168 2978 1224 etiam
3001 1167 3080 1223 illi
3102 1168 3287 1225 libros
3310 1169 3363 1225 ei
3392 1185 3535 1225 suos

1884 1257 2254 1328 dedicarunt,
2291 1275 2729 1332 nonnunquam
2762 1263 2963 1314 autem
3002 1274 3105 1315 eos
3141 1259 3366 1329 judicio
3404 1260 3536 1330 ejus

1886 1346 2318 1406 submiserunt.

2501 1456 2722 1512 CAPUT
2771 1455 2908 1510 Xlll.

1884 1578 2023 1644 Quae
2039 1579 2415 1649 Porphyrius
2431 1579 2502 1634 de
2515 1578 2816 1648 singulari
2834 1579 3101 1648 Origenis
3116 1579 3177 1634 in
3194 1580 3536 1650 eloquentiae

1953 1653 2007 1705 et
2034 1651 2225 1705 omnis
2250 1650 2476 1720 generis
2501 1653 2725 1706 artium
2750 1651 3022 1706 doctrina
3047 1651 3237 1706 studio
3262 1651 3481 1706 scribat
3514 1671 3534 1708 :

1951 1736 2081 1794 qua:
2096 1721 2220 1790 ipse
2237 1737 2461 1794 quoque
2479 1721 2759 1792 Origenes
2779 1724 2852 1778 de
2862 1722 2981 1778 suis
2997 1723 3060 1778 in
3078 1723 3418 1779 ercorum
3441 1723 3538 1778 lit-

1953 1793 2096 1848 teris
2125 1794 2342 1849 studiis
2374 1800 2800 1850 commemoret.

1950 1900 2016 1953 Et
2043 1897 2191 1970 quid
2226 1914 2381 1971 opus
2413 1902 2500 1954 est
2535 1898 2701 1956 aliis?
2734 1897 2982 1972 quando
3011 1903 3068 1955 et
3091 1899 3451 1973 Porphyrius
3476 1905 3531 1958 et

1878 1985 2076 2042 Sicilia
2132 2001 2512 2060 progressus,
2561 1989 2666 2061 qui
2719 1987 3046 2061 plurimum
3102 1989 3283 2044 studii
3337 1989 3415 2044 ad
3471 1989 3533 2045 id

1877 2075 2144 2141 contulit.
2188 2081 2251 2133 ut
2290 2077 2351 2132 in
2391 2077 2752 2132 Christianos
2793 2078 3188 2142 inveheretur,
3222 2082 3277 2133 et
3312 2077 3534 2133 litteras

1875 2163 2112 2221 divinas
2152 2166 2399 2238 perinde
2429 2169 2610 2238 atque
2640 2165 2787 2222 nihil
2815 2171 3034 2231 essent,
3075 2166 3536 2238 reprehenderet

1875 2256 1935 2309 et
1972 2253 2256 2322 aboleret,
2290 2255 2657 2311 mentionem
2691 2255 2948 2311 inferens
2979 2271 3187 2310 eorum
3218 2256 3322 2327 qui
3352 2256 3412 2310 in
3443 2254 3530 2310 eis

1875 2343 2278 2411 elaborarunt,
2305 2360 2638 2417 earumque
2666 2345 3042 2401 secretiorem
3073 2360 3316 2400 sensum
3353 2359 3530 2416 expo-

1875 2439 2144 2499 suerunt,
2177 2449 2315 2490 cum
2345 2433 2488 2489 nihil
2521 2433 2857 2504 argumenti
2885 2438 2942 2490 et
2967 2433 3287 2489 verborum
3324 2433 3532 2505 inopia

1870 2521 2140 2590 haberet,
2171 2522 2338 2594 quod
2367 2528 2575 2580 contra
2604 2528 2808 2580 nostra
2837 2523 3123 2592 dogmata
3152 2522 3528 2579 criminando

1871 2609 2126 2677 aﬂerret,
2158 2610 2235 2667 ad
2266 2612 2538 2668 convicia
2577 2627 2637 2668 se
2667 2618 3039 2678 convertens,
3073 2617 3130 2669 et
3159 2617 3532 2668 enarratores

1870 2715 2080 2757 eorum
2118 2715 2390 2772 carpens,
2429 2701 2609 2774 360
2649 2702 2798 2758 inter
2834 2717 2938 2758 eos
2975 2702 3308 2773 Origenem,
3350 2717 3532 2771 quem

1870 2790 1932 2847 in
1965 2795 2166 2846 tenera
2194 2795 2366 2847 astate
2397 2791 2643 2856 viderat,
2677 2792 3058 2864 proscindere
3087 2797 3357 2847 conatur.
3403 2791 3532 2856 Qua

1872 2882 2072 2935 tamen
2105 2878 2165 2934 in
2196 2895 2258 2935 re
2289 2879 2872 2936 commendationem
2905 2879 3407 2950 illiuslegitimam
3442 2879 3534 2936 vel

1871 2967 2140 3038 ingratiis
2185 2967 2374 3037 aﬂ'ert,
2419 2984 2581 3024 nunc
2623 2968 2870 3041 quidem
2909 2985 3052 3025 vera
3109 2967 3529 3033 memorando,

1873 3071 2006 3112 cum
2051 3056 2270 3114 scilicet
2307 3058 2469 3114 aliud
2505 3058 2840 3130 quidquam
2877 3059 3072 3114 dicere
3107 3073 3228 3113 non
3260 3064 3460 3130 posset
3513 3072 3525 3112 :

1872 3161 2030 3201 nunc
2061 3162 2198 3203 vero
2229 3146 2545 3203 mendacia
2574 3147 2994 3217 conﬁngendo,
3029 3147 3130 3203 ubi
3161 3163 3222 3202 se
3254 3147 3433 3203 latere
3474 3152 3531 3205 et

1871 3234 2071 3291 fallere
2104 3252 2282 3307 posse
2312 3241 2596 3308 speraret.
2637 3236 2939 3308 Siquidem
2975 3253 3113 3291 eum
3147 3242 3207 3292 ut
3247 3236 3528 3294 Christia-

1872 3340 2014 3379 num
2052 3325 2404 3381 criminatur
2433 3343 2446 3381 :
2481 3341 2718 3380 rursum
2750 3341 2909 3392 vero,
2942 3341 3080 3381 cum
3113 3325 3523 3397 philosophice

1869 3413 2168 3470 viventem
2213 3413 2512 3481 describit,
2546 3415 2893 3470 admiratur.
2932 3417 3144 3470 Verum
3175 3430 3310 3487 quae
3342 3415 3416 3470 de
3448 3432 3518 3472 eo

1870 3508 2320 3568 commemoret,
2363 3505 2578 3558 rectius
2614 3519 2687 3558 ex
2725 3503 2914 3574 ipsius
2952 3503 3147 3559 verbis
3194 3502 3522 3573 intelligen-

1870 3595 1964 3648 tur
1993 3606 2005 3646 :
2037 3613 2065 3640 «
2090 3591 2418 3661 Flagitiosaa
2458 3591 2855 3662 improbitatis
2879 3591 3261 3646 Iudaicarum
3294 3591 3522 3647 littera-

1869 3697 2004 3737 rum
2025 3697 2146 3736 non
2168 3681 2643 3750 abrogationem,
2669 3680 2775 3735 sed
2801 3679 3155 3736 solutionem
3177 3679 3427 3752 quidam
3459 3696 3522 3735 se

1869 3767 2213 3825 inventuros
2235 3775 2566 3842 sperantes,
2597 3784 2820 3840 magna
2844 3769 3184 3824 animorum
3217 3767 3520 3824 alacritate

1869 3857 1947 3914 ad
2000 3858 2403 3928 expositiones
2457 3863 2514 3914 et
2560 3857 2965 3914 enarrationes
3019 3872 3080 3911 se
3114 3858 3512 3923 contulerunt,

1867 3945 2024 4002 male
2071 3947 2458 4013 cohaerentes,
2507 3949 2736 4018 ineptas
2775 3952 2829 4002 et
2866 3945 3180 4016 Scripturis
3222 3946 3365 4016 ipsis
3412 3947 3519 4000 mi-

1866 4035 2026 4091 nime
2053 4042 2471 4105 congruentes,
2503 4043 2559 4092 et
2592 4052 2710 4092 non
2749 4040 2870 4090 tam
2911 4033 3319 4089 defensionem
3357 4051 3524 4106 pere-

1866 4125 2051 4196 grinas
2090 4124 2438 4198 disciplinae,
2471 4140 2658 4197 quam
2700 4131 2998 4196 quaestum
3043 4130 3097 4180 et
3136 4122 3377 4179 laudem
3416 4140 3524 4180 au-

1865 4215 2129 4268 ctoribus
2164 4214 2304 4285 ipsis
2336 4212 2666 4270 afferentes.
2701 4211 2917 4282 Magno
2948 4213 3107 4269 enim
3137 4211 3312 4278 fastu,
3359 4213 3524 4285 apud

1865 4303 2083 4369 Mosen,
2124 4301 2409 4375 pleraque
2440 4303 2694 4358 obscure
2736 4302 2915 4368 dicta,
2963 4307 3141 4374 atque
3196 4304 3518 4372 enigmata

1864 4406 2113 4464 prorsus
2142 4408 2289 4457 esse,
2328 4409 2450 4464 prie
2484 4407 2545 4447 se
2586 4391 2836 4447 ferentes
2871 4408 2884 4446 :
2915 4397 2972 4448 et
2997 4391 3337 4448 divinorum
3390 4408 3520 4448 ora:

1864 4479 2158 4546 culorum,
2176 4497 2311 4553 qua:
2333 4496 2692 4537 arcanorum
2714 4495 2999 4536 sensuum
3023 4486 3079 4536 et
3101 4482 3519 4552 mysteriorum

1865 4567 1984 4623 sint
2039 4568 2239 4642 plena,
2289 4569 2703 4626 auctoritatem
2751 4570 2836 4625 eis
2889 4569 3230 4637 tribuentes,
3285 4569 3514 4640 judicio

1867 4671 2076 4714 eorum
2107 4659 2463 4728 arrogantiae
2498 4658 2818 4730 praestigiis
2854 4658 3164 4725 fascinato,
3190 4661 3513 4716 enarratio-

1863 4761 1971 4802 nes
1990 4747 2362 4816 ejuscemodi
2385 4748 2721 4804 instituunt.
2746 4767 2774 4800 ν
2800 4750 2864 4802 Et
2885 4747 3064 4818 paulo
3089 4753 3256 4819 post:
3281 4749 3516 4821 «Hujus

1862 4833 2254 4891 absurditatis
2303 4835 2646 4908 exemplum
2690 4835 2768 4891 ab
2811 4835 3060 4905 Origene
3103 4843 3374 4891 sumatur
3429 4838 3516 4906 (in

1861 4938 2044 4995 quem
2067 4938 2178 4994 ego
2195 4925 2676 4982 adolescentulus
2704 4924 3031 4980 admodum
3049 4924 3273 4991 incidi),
3297 4941 3519 4996 magna

1862 5017 1990 5068 tum
2035 5013 2220 5084 gloria
2256 5014 2380 5069 viro
2417 5032 2431 5072 :
2469 5014 2642 5069 sicuti
2678 5014 3004 5069 etiamnum
3054 5028 3344 5084 magnum
3385 5016 3515 5084 ejus

1859 5107 1970 5166 est,
2011 5109 2245 5175 propter
2273 5119 2344 5159 ea
2369 5119 2503 5176 qua:
2543 5107 2678 5175 post
2707 5117 2767 5157 se
2798 5101 3029 5172 reliquit
3054 5101 3345 5158 librorum
3385 5120 3516 5159 mo-

1857 5197 2168 5257 numenta,
2210 5193 2373 5263 apud
2399 5208 2502 5248 eos
2531 5192 2824 5263 praecipue
2853 5191 2955 5261 qui
2982 5191 3121 5246 talia
3150 5191 3366 5246 docent
3397 5192 3505 5247 ho-

1859 5279 2076 5348 mines,
2121 5296 2365 5339 nomen.
2415 5282 2560 5337 Cum
2615 5281 2775 5335 enim
2824 5280 3144 5344 Ammonii,
3188 5282 3289 5352 qui
3333 5286 3506 5337 aetate

1859 5374 2064 5425 nostra
2108 5369 2170 5425 in
2205 5370 2471 5425 maximo
2511 5368 2619 5423 fuit
2653 5367 2864 5439 pretio,
2901 5367 3136 5423 auditor
3173 5375 3348 5438 esset,
3384 5370 3526 5440 plu-

1862 5458 2084 5515 rimum
2119 5459 2178 5514 in
2217 5457 2556 5531 eloquentia
2584 5464 2640 5513 et
2669 5455 3000 5528 disciplinis
3027 5456 3310 5512 omnibus
3342 5459 3508 5530 apud

1859 5560 2000 5606 eum
2045 5547 2401 5620 magistrum
2447 5552 2534 5604 est
2567 5560 2964 5621 progressus;
3016 5545 3252 5604 vivendi
3299 5552 3504 5612 autem
