4000 6220
505 219 640 274 1095

1807 211 2200 272 NICEPHORI
2236 214 2555 272 CALLlSTI

3684 231 3794 288 l096

497 337 793 410 instituto,
818 343 1180 400 contrariam
1212 341 1292 398 illi
1325 345 1566 398 secutus
1592 345 1682 398 est
1711 343 1890 398 viam.
1924 343 2168 398 Ammo-

2281 341 2380 404 ἕξιν
2447 341 2788 409 ἐκαπήλευσε,
2845 345 2982 396 κατὰ
3051 347 3142 417 μὲν
3197 348 3282 398 τὸν
3329 351 3478 418 νόμον
3533 355 3802 424 Χριστιανῶς

499 433 636 488 nius
675 448 942 506 namque
982 431 1369 498 Christianus,
1405 438 1460 488 et
1499 447 1534 487 a
1567 429 1912 488 Christianis
1954 445 2165 502 paren-

501 521 658 578 tibus
695 522 1008 586 educatus,
1050 527 1371 592 postquam
1414 536 1622 592 sapere
1665 522 1862 592 coepit,
1896 520 2163 592 philoso-

499 611 828 683 phiamque
858 611 1068 680 attigit,
1113 609 1272 667 illico
1307 611 1382 666 ad
1415 609 1746 679 legitimam
1785 607 2026 664 vivendi
2063 624 2164 664 ra-

499 699 722 755 tionem
777 717 839 756 se
892 698 1158 755 contulit.
1220 700 1502 769 Origenes
1547 707 1748 754 autem
1800 699 2057 764 Graecus,
2107 702 2165 753 et

499 789 714 844 Graecis
739 789 1006 844 eruditus
1039 787 1398 860 disciplinis,
1432 787 1704 844 animum
1733 787 1812 842 ad
1839 786 2164 842 barbaram

499 875 730 948 appulit
763 877 1172 942 temeritatem,
1209 878 1269 931 in
1301 891 1423 948 qua
1457 877 1722 948 seipsum
1759 883 1816 931 et
1849 877 2164 931 maturita-

499 970 641 1030 tem,
674 981 858 1037 quam
899 967 960 1021 in
1003 964 1273 1036 politiore
1303 965 1577 1022 doctrina
1617 965 1873 1036 adeptus
1913 969 2058 1032 erat,
2086 963 2164 1019 ad

499 1059 803 1127 quaestum
843 1056 1118 1126 exposuit
1148 1071 1159 1109 :
1195 1055 1520 1110 Christiane
1559 1053 1812 1125 quidem
1847 1053 1942 1109 ille
1981 1057 2037 1109 et
2072 1055 2164 1108 in-

492 1143 649 1216 juste
681 1149 860 1216 atque
882 1143 1064 1216 impie
1091 1144 1320 1213 vivens,
1344 1144 1402 1198 in
1432 1143 1820 1214 persuasione
1845 1147 2042 1198 autem
2071 1157 2159 1198 re-

497 1232 733 1302 ligionis
771 1237 952 1303 atque
991 1233 1051 1286 in
1093 1233 1306 1288 studiis
1359 1230 1998 1302 lucubrationibusque
2039 1231 2164 1286 suis

499 1322 734 1377 Graecos
776 1327 1152 1389 consectans,
1183 1327 1240 1376 et
1278 1323 1617 1376 Graecorum
1659 1321 1948 1390 dogmata
1994 1335 2167 1390 pere-

499 1409 687 1480 grinis
707 1410 838 1478 subj
851 1408 1033 1464 iciens
1057 1409 1300 1464 fabulis.
1327 1411 1572 1480 Semper
1594 1409 1752 1464 enim
1791 1412 2060 1464 versatus
2081 1413 2168 1464 est

499 1507 560 1566 in
601 1499 862 1564 Platone,
901 1499 1214 1562 Numenio,
1266 1497 1500 1566 Cronio,
1541 1496 1980 1570 Apollophane,
2025 1497 2170 1551 Lon-

501 1587 664 1657 gino,
685 1587 1009 1652 Moderato,
1041 1587 1428 1642 Nicomacho.
1455 1585 1780 1641 Plurimum
1813 1585 1991 1641 etiam
2034 1600 2168 1656 ope—

498 1691 580 1732 rm
620 1677 679 1730 in
713 1692 920 1731 eorum
961 1675 1127 1730 libris
1167 1677 1380 1747 posuit,
1415 1677 1516 1747 qui
1549 1675 1700 1730 inter
1784 1675 2171 1746 ythagoricos

499 1765 814 1822 excellunt.
875 1764 1030 1820 Usus
1091 1765 1261 1837 361
1323 1781 1566 1838 quoque
1631 1771 1718 1820 est
1769 1765 2173 1820 Chaeremonis

501 1855 678 1910 Stoici
709 1860 765 1910 et
794 1851 1032 1910 Cornuti
1065 1854 1254 1920 libris,
1287 1871 1358 1910 ex
1389 1855 1614 1927 quibus
1645 1854 2033 1924 allegoricum
2067 1869 2172 1910 eo-

501 1959 636 1999 rum
685 1959 820 2016 quae
860 1944 1024 2016 apud
1063 1945 1296 2000 Gt‘tBCOS
1338 1949 1476 1998 sunt
1528 1945 1954 2016 mysteriorum
2003 1959 2174 1998 enar-

502 2033 678 2088 randi
704 2049 934 2090 morem
961 2033 1186 2099 didicit,
1215 2038 1272 2088 et
1298 2033 1614 2104 Scripturis
1639 2032 1903 2088 Judaicis
1927 2047 2172 2088 accom-

500 2121 788 2177 modavit.
823 2142 852 2171 »
887 2125 1020 2178 Haec
1055 2122 1438 2194 Porphyrius,
1468 2121 1532 2176 in
1565 2123 1733 2178 tertio
1771 2137 1981 2178 eorum
2013 2137 2173 2194 quos

503 2217 712 2266 contra
767 2211 1132 2266 Christianos
1187 2211 1426 2282 scripsit
1483 2209 1794 2277 librorum,
1845 2210 2042 2266 refert.
2113 2215 2174 2268 In

503 2299 724 2372 quibus
745 2315 817 2356 ea
835 2300 1084 2372 quidem
1105 2315 1242 2372 qua:
1268 2299 1344 2354 de
1369 2299 1680 2370 multijuga
1707 2299 1815 2354 viri
1842 2301 2173 2358 eruditione

504 2391 1016 2453 commemoravit,
1065 2405 1203 2444 vera
1250 2393 1426 2455 sunt;
1474 2388 1592 2445 alia
1633 2405 1770 2446 vero
1801 2390 2174 2460 apertissime

503 2479 804 2535 mentitur.
845 2479 1000 2545 Quid
1034 2479 1193 2534 enim
1227 2479 1344 2544 ille,
1381 2494 1546 2534 more
1587 2479 1996 2551 sycophantae,
2049 2495 2173 2535 non

503 2570 1074 2635 comminisceretur,
1119 2569 1226 2641 qui
1271 2575 1480 2624 contra
1533 2568 1897 2624 Christianos
1949 2568 2032 2624 ita
2085 2575 2175 2624 est

503 2656 959 2715 debacchatus?
999 2659 1198 2712 Ausus
1229 2658 1456 2730 quippe
1505 2663 1612 2723 est,
1655 2659 1968 2728 Origenem
2011 2657 2174 2714 aﬂir—

503 2765 670 2805 mare
731 2765 766 2804 a
837 2751 1175 2804 Graecorum
1245 2749 1670 2819 superstitione
1732 2747 2169 2819 transfugisse;

503 2839 891 2894 Ammonium
934 2853 1076 2892 vero
1109 2843 1318 2892 contra
1360 2853 1396 2892 a
1435 2853 1590 2892 veras
1627 2836 1862 2909 pietatis
1908 2837 2173 2892 instituto

505 2929 583 2984 ad
615 2927 990 2997 peregrinam
1024 2926 1374 2998 religionem
1399 2926 1704 2982 transiisse
1733 2942 1747 2981 :
1773 2943 1908 2982 eum
1933 2927 2168 2996 Origeni

507 3015 839 3074 Christiana
890 3015 1180 3087 professio
1231 3017 1424 3086 patria
1472 3031 1717 3086 prorsus
1769 3015 1963 3081 fuerit,
2015 3017 2170 3070 sicut

505 3105 581 3160 de
635 3119 706 3160 eo
755 3104 954 3160 statim
997 3121 1033 3160 a
1079 3105 1372 3176 principio
1417 3104 1731 3160 retulimus
1771 3119 1782 3157 :
1822 3105 2176 3160 Ammonius

506 3201 708 3252 autem
756 3193 835 3250 ad
882 3200 1220 3250 extremum
1269 3209 1457 3265 usque
1508 3193 1781 3266 spiritum
1837 3199 2176 3250 constanter

505 3285 956 3358 persuasionem
999 3281 1134 3338 ﬁdei
1167 3283 1228 3338 in
1261 3282 1556 3338 Christum
1600 3283 1926 3349 retinuerit,
1960 3297 2174 3354 quem-

504 3373 834 3430 admodum
864 3372 925 3426 id
953 3371 1402 3427 lucubrationes
1445 3371 1598 3442 ejus,
1631 3371 1854 3443 quibus
1887 3387 2175 3441 magnam

504 3461 748 3518 laudem
769 3467 826 3516 et
845 3461 1097 3534 gloriam
1122 3465 1211 3516 est
1231 3465 1604 3526 consecutus,
1621 3459 1943 3517 manifesto
1961 3465 2176 3517 testan-

506 3557 621 3618 tur,
673 3551 970 3623 praacipue
1015 3563 1154 3605 vero
1207 3549 1679 3606 commentarius
1729 3549 1882 3621 ejus,
1936 3549 2041 3622 qui
2099 3551 2175 3605 de

501 3642 672 3699 Mosis
698 3648 752 3696 et
777 3641 913 3695 Jesu
940 3639 1342 3696 consonantia
1373 3639 1704 3710 inscriptus
1741 3645 1830 3694 est
1861 3655 1874 3705 ;
1909 3655 1978 3696 ac
2010 3638 2176 3695 dein-

503 3731 577 3786 de
602 3729 720 3797 alii,
749 3729 854 3802 qui
881 3728 1156 3799 ejusdem
1183 3727 1421 3798 generis
1450 3727 1614 3800 apud
1647 3727 1952 3784 studiosos
1981 3744 2172 3784 asser-

505 3825 739 3875 vantur.
775 3823 964 3890 Atque
993 3818 1122 3872 haec
1159 3823 1478 3889 propterea
1508 3817 1758 3885 adduxi,
1797 3822 1861 3872 ut
1896 3816 2076 3872 simul
2119 3833 2175 3889 et

510 3907 971 3980 sycophantiam
995 3905 1444 3962 calumniatoris
1467 3905 1815 3972 refellerem,
1835 3911 1892 3962 et
1909 3913 2174 3978 quantus

507 3998 570 4052 in
600 3997 856 4052 externis
889 3995 1221 4068 disciplinis
1252 3995 1538 4064 Origenes
1569 3995 1740 4050 fuerit
1770 3995 2170 4051 ostenderem.

513 4088 642 4152 Quo
685 4085 949 4151 nomine,
982 4085 1148 4156 quod
1185 4084 1407 4140 scilicet
1436 4085 1690 4139 nimium
1729 4085 1788 4140 in
1830 4099 1931 4139 eas
1977 4098 2174 4154 operae

511 4181 568 4231 et
608 4175 785 4231 studii
816 4173 1156 4240 collocaret,
1191 4189 1326 4228 cum
1365 4189 1400 4228 a
1426 4171 1729 4228 nonnullis
1774 4172 2172 4244 reprehensus

511 4268 689 4329 esset,
727 4263 942 4319 talibus
983 4263 1060 4318 ad
1092 4279 1198 4318 eos
1229 4263 1290 4317 in
1321 4263 1586 4331 quadam
1617 4261 1873 4333 epistola
1905 4279 2048 4318 usus
2087 4267 2176 4317 est

511 4353 709 4410 verbis
738 4369 752 4406 :
785 4372 812 4404 σι
841 4355 1241 4423 Posteaquam
1271 4357 1429 4407 totus
1455 4351 1794 4406 divinarum
1825 4352 2169 4408 Litterarum

2277 431 2378 491 ζῶν
2404 435 2493 484 καὶ
2530 437 2865 504 παρανόμως,
2911 435 3047 485 κατὰ
3085 431 3270 496 δὲτὰς
3319 440 3435 509 περὶ
3481 445 3569 488 τῶν
3611 449 3804 514 πραοιμά-

2273 539 2372 572 των
2412 527 2501 574 καὶ
2539 530 2636 574 τοῦ
2677 523 2816 575 θείου
2849 519 3010 586 δόξας
3053 523 3358 588 Ἐλληνίζων
3399 545 3470 590 τε,
3528 533 3608 580 καὶ
3645 534 3698 582 τὰ
3726 532 3807 585 Ἑλ.

2274 609 2437 668 λήνων
2488 617 2597 672 τοῖς
2643 611 2860 673 ὀθνείοις
2909 611 3320 685 ὑποϐαλλόμενος
3360 616 3559 686 μύθοις.
3607 625 3741 678 Συνῆν
3769 641 3808 674 τε

2273 701 2376 771 γὰρ
2420 699 2498 752 ἀεὶ
2541 708 2611 770 τῷ
2666 700 2938 753 Πλάτωνι’
2987 710 3093 764 τοῖς
3145 723 3198 755 τε
3235 710 3530 774 Νουμηνίον
3577 711 3654 760 καὶ
3713 715 3809 784 Κρο-

2275 792 2406 855 νίου,
2473 787 2882 862 ’Δπολλοφάνους
2934 811 2990 844 τε
3041 797 3132 845 καὶ
3184 797 3442 864 Λογγίνου
3497 799 3581 847 καὶ
3625 795 3812 872 Μοδερά-

2274 895 2384 941 του,
2441 881 2756 950 Νικομάχου
2821 899 2872 932 τε
2921 885 3013 933 καὶ
3070 890 3170 933 τῶν
3227 881 3278 933 ἐν
3335 890 3444 944 τοῖς
3499 887 3808 958 Πυθαγορείοις

2277 963 2556 1038 ἐλλογίμων
2614 965 2836 1042 ἀνδρῶν,
2893 969 3073 1040 ὡμίλει
3150 971 3576 1043 συγγράμμασιν.
3631 973 3811 1047 Ἐχρῆτο

2279 1051 2338 1107 δὲ
2389 1060 2478 1107 καὶ
2529 1062 2859 1130 Χαιρήμονος
2913 1067 3006 1111 τοὺ
3059 1066 3305 1124 Στωῐκοῡ,
3342 1064 3620 1133 Κορνοῦτον
3653 1081 3701 1114 τι
3731 1074 3813 1126 ταῖς

2279 1139 2478 1216 βίϐλοις
2509 1162 2522 1173 ·
2583 1145 2703 1220 παρ’
2761 1147 2828 1196 ὧν
2876 1149 2961 1199 τὸν
3011 1147 3396 1218 μεταληπτικὸν
3447 1158 3544 1201 τῶν
3586 1153 3692 1224 παρ’
3730 1151 3814 1204 Ἐλ-

2278 1231 2402 1290 λησι
2486 1239 2791 1307 μυστηρίων
2876 1241 3064 1309 τρόπον
3121 1241 3294 1308 γνοὺς,
3365 1245 3482 1300 ταῖς
3555 1235 3816 1302 Ἰουὸαἰκαίς

2279 1321 2525 1394 προσῆψε
2571 1329 2816 1398 Γραφαίς.
2851 1345 2879 1377 ι)
2923 1327 3080 1378 Ταῦτ’
3127 1329 3175 1378 ἓν
3225 1334 3296 1396 τῷ
3354 1332 3512 1402 τρίτῳ
3571 1335 3668 1391 τοῖς
3719 1335 3816 1382 κατε

2283 1413 2606 1482 Χριστιανῶν
2678 1421 2924 1485 γραφεῖσι
2981 1417 3271 1488 Πορφύριος
3300 1418 3500 1489 εἶρηκεν
3541 1432 3554 1444 ·
3591 1416 3734 1476 ἀληθῆ
3755 1423 3817 1490 μιν

2284 1504 2401 1572 περὶ
2459 1509 2552 1562 τῆς
2599 1501 2923 1572 πολυμαθίας
2979 1503 3134 1554 εἰπὼν
3175 1511 3265 1557 τοῦ
3306 1501 3518 1576 ἀνδρὸς,
3559 1503 3605 1556 ἐν
3651 1503 3700 1558 δὲ
3743 1515 3820 1568 τοῖς

2285 1587 2453 1649 ἄλλοις
2487 1587 2803 1662 ψευδόμενος
2874 1591 3128 1664 ἐμφανῶς.
3195 1597 3296 1646 Καὶ
3355 1598 3406 1646 τί
3457 1597 3557 1668 γὰρ
3623 1615 3821 1668 συκοφαν-

2284 1685 2384 1730 τεῖν
2427 1679 2521 1730 οὐκ
2563 1679 2760 1751 ἔμελλεν
2813 1682 2838 1732 ό
2897 1685 3029 1734 κατὰ
3075 1690 3406 1752 Χριστιανῶν
3455 1685 3586 1736 οὑτω
3637 1690 3821 1758 κινούμε-

2283 1784 2410 1832 νος;
2463 1769 2589 1820 ὅπου
2629 1788 2688 1840 γε
2740 1773 2826 1822 τὸν
2892 1773 2980 1842 μεν
3057 1769 3110 1834 ἐξ
3175 1769 3430 1829 Ἑλλήνων
3489 1777 3823 1845 μετατεθεῖσθαι

2286 1852 2598 1910 διατείνεται
2633 1876 2646 1888 ⁸
2677 1861 2764 1910 τὸν
2819 1856 2871 1910 δ’
2903 1859 3196 1932 Ἀμμώνιον
3249 1861 3468 1932 ἔμπαλιν
3521 1865 3576 1914 ἑκ
3629 1871 3706 1915 τοῦ
3749 1865 3822 1916 Gro-

2287 1944 2465 2006 σεϐοῦς
2523 1944 2644 2019 βίου
2689 1950 2774 1999 ἐπὶ
2813 1951 2900 2000 τόν
2952 1947 3144 2000 ὀθνεῖον
3197 1957 3530 2020 μεταπεσεῖν.
3574 1958 3652 2021 Τῲ
3687 1971 3732 2004 τε
3753 1955 3822 2025 γὰρ

2284 2033 2534 2107 Ὠριγένει
2593 2037 2810 2109 πάτριον
2872 2040 2930 2088 τὸ
2986 2036 3144 2100 σέϐας
3199 2034 3280 2103 ἧν,
3343 2040 3416 2099 ὡς
3447 2041 3514 2090 τὰ
3563 2043 3668 2114 περὶ
3707 2041 3824 2092 αὑτοῦ

2284 2129 2671 2198 καταρχόμενοι
2749 2121 3120 2198 ὑπεδείκνυμεν
3149 2143 3162 2156 ·
3213 2127 3496 2199 Ἀμμωνίῳ
3567 2125 3614 2180 δ’
3675 2129 3747 2190 ἕως
3782 2133 3824 2180 τὸ

2288 2215 2383 2285 ζῇν
2409 2213 2580 2286 ἐκείνῳ
2617 2223 2811 2289 παρῆν,
2853 2211 3184 2278 ἀδιάπτωτος
3237 2217 3266 2273 ἡ
3325 2219 3462 2268 κατὰ
3513 2221 3720 2292 Χριστὸν
3745 2221 3825 2274 ἑτι·
3913 2211 3915 2292 Α

2283 2304 2420 2374 ρήθη
2467 2308 2682 2364 πίστις·
2737 2307 2806 2367 ὡς
2865 2309 2956 2356 καὶ
3007 2307 3056 2357 οἱ
3113 2305 3254 2376 αὐτῷ
3313 2311 3678 2379 συγ-γραφέντες
3719 2309 3826 2360 πόνοι

2286 2389 2550 2466 ἀριδὴλως
2605 2397 2796 2466 ἔχουσι
2837 2401 3121 2468 παριστᾷν,
3157 2395 3206 2446 ἐν
3235 2403 3344 2458 τοῖς
3381 2395 3616 2468 μάλιστα
3653 2397 3758 2448 πολὺ
3785 2401 3826 2448 τὸ

2285 2478 2562 2554 εὐδόκιμον
2621 2482 2925 2555 ἐπαγόμενοι
2958 2501 2970 2511 ·
3045 2485 3221 2557 ὥσπερ
3275 2483 3366 2536 οὖν
3413 2489 3504 2537 καὶ
3558 2487 3582 2536 ὁ
3633 2490 3825 2557 περὶτῆς

2285 2571 2512 2632 Μωσέως
2555 2577 2644 2624 καὶ
2701 2573 2876 2630 Ἰησοῦ
2922 2577 3226 2645 συμφωνίας
3275 2578 3371 2632 την
3429 2573 3705 2647 ἐπιγραφὴν
3738 2575 3826 2632 κλε-

2283 2661 2598 2734 ρωσάμενος,
2651 2667 2740 2714 καὶ
2787 2663 2901 2714 ὅσοι
2947 2661 3094 2714 ἄλλοι
3133 2670 3228 2725 τῆς
3274 2663 3437 2724 αὐτῆς
3479 2659 3702 2724 σπουδῆς
3747 2671 3826 2724 τοῖς

2285 2749 2578 2822 φιλοκάλοις
2637 2745 3058 2826 διατετήρηντοιι.
3133 2756 3232 2804 Καὶ
3285 2761 3456 2804 ταῦτα
3531 2749 3725 2810 διῆλθον
3763 2761 3828 2812 τῆς

2287 2842 2637 2907 συκοφαντίας
2677 2841 2839 2913 χάριν
2898 2846 2996 2890 τοῦ
3049 2836 3387 2915 ψευδηγόρου
3425 2859 3436 2872 ·
3507 2842 3614 2914 ἅμα
3672 2839 3722 2894 δί
3763 2847 3828 2892 καὶ

2287 2927 2555 3002 Ὠριγένην
2633 2937 2922 3001 παριστῶν,
3001 2930 3180 2991 ὁποῖός
3249 2949 3328 2990 τις
3394 2929 3656 3006 ἐμπειρίας
3727 2935 3828 3002 ἔχων

2285 3021 2373 3067 καὶ
2420 3022 2537 3088 περὶ
2593 3020 2686 3074 τὴν
2721 3025 2821 3068 τῶν
2872 3017 2966 3080 ἔξω
3024 3019 3349 3090 μαθημάτων
3404 3019 3656 3091 ἀνάληψιν
3685 3037 3696 3051 ·
3735 3021 3828 3092 ὑπερ

2283 3105 2343 3164 ἧς
2369 3109 2460 3157 καὶ
2498 3104 2687 3177 μᾶλλον
2749 3111 2880 3179 πρός
2929 3125 3071 3166 τινας
3123 3107 3174 3158 ἐν
3223 3107 3416 3168 αἰτίαις
3469 3111 3732 3181 τιθεμένοις
3761 3113 3830 3164 τὴν

2283 3194 2474 3247 ἐκείνου
2525 3199 2644 3269 περὶ
2679 3196 2744 3246 τὰ
2781 3201 2998 3248 τοιαῦτα
3047 3191 3313 3262 σπουδὴν,
3371 3194 3502 3250 τάδε
3555 3199 3682 3250 κατὰ
3723 3199 3830 3270 ῥῆμα

2285 3277 2529 3344 διέξεισιν
2586 3281 2897 3334 ἐπιστέλλων
2926 3299 2938 3311 ·
3007 3301 3039 3333 (ι
3085 3282 3228 3338 Ἐπεὶ
3305 3279 3364 3336 δὲ
3423 3283 3724 3356 ἀνακειμένῳ
3766 3303 3832 3354 μοι

2281 3377 2354 3440 τῷ
2401 3370 2539 3441 λόγῳ
2585 3377 2676 3431 τῆς
2725 3375 2904 3442 φήμης
2959 3367 3350 3446 διατρεχούσης
3405 3379 3524 3448 περὶ
3581 3383 3670 3434 τῆς
3721 3373 3830 3436 ἕξεως

2281 3461 2428 3530 ἡμῶν
2483 3463 2784 3532 προσῄεσαν
2841 3461 2923 3512 ὁτὲ
2977 3463 3067 3532 μὲν
3125 3463 3395 3534 αἰρετικοὶ,
3445 3465 3532 3516 ότε
3589 3460 3646 3515 δι
3683 3465 3755 3514 καὶ
3798 3463 3832 3512 οἱ

2283 3547 2384 3600 ἀπὸ
2422 3556 2522 3600 τῶν
2579 3547 2630 3600 ἐν
2675 3547 2954 3621 φιλοσοφίᾳ
2981 3566 2993 3578 ·
3053 3547 3224 3613 ἔδοξεν
3281 3549 3524 3614 ἐξετάσαι
3570 3553 3633 3604 τά
3679 3570 3724 3603 τε
3761 3557 3832 3600 τῶν

2280 3636 2584 3695 Ἑλληνικῶν
2639 3639 2984 3709 μαθημάτων,
3032 3643 3122 3691 καὶ
3174 3639 3406 3710 μάλιστα
3461 3649 3560 3692 τῶν
3611 3642 3832 3715 uiperae:

2283 3723 2546 3798 δόγματα,
2605 3731 2696 3778 καὶ
2754 3729 2821 3779 τὰ
2867 3728 2968 3779 ὑπὸ
3022 3736 3122 3780 τῶν
3163 3729 3452 3801 φιλοσόφων
3487 3735 3606 3802 περὶ
3640 3729 3833 3786 ἀληθείας

2283 3816 2442 3887 λέγειν
2525 3815 2958 3889 ἐπαγγελλόμενα.
3047 3824 3209 3870 Τοῦτο
3291 3821 3394 3891 γὰρ
3501 3823 3829 3888 πεποιήκαμει,

2281 3907 2636 3977 μιμησάμενοι
2692 3911 2776 3958 τόν
2823 3925 2879 3958 τε
2925 3909 3025 3982 πρὸ
3090 3909 3238 3978 ἡμῶν
3289 3908 3504 3970 πολλοὺς
3553 3909 3834 3980 ὠφελήσαντα

2283 3997 2586 4060 Πάνταινον,
2641 3998 2735 4046 οὐκ
2790 3994 2970 4066 ὀλίγην
3021 3995 3070 4046 ἐν
3125 3997 3336 4058 ἓκείνοις
3389 3996 3662 4068 ἐσχηκότα
3711 4013 3832 4066 παρε-

2284 4088 2494 4147 σκευὴν,
2551 4089 2642 4136 καὶ
2693 4087 2780 4135 τὸν
2817 4091 2906 4136 νῦν
2965 4083 3012 4136 ἐν
3071 4093 3142 4155 τῷ
3195 4085 3554 4160 πρεσϐυτερίῳ
3603 4088 3834 4155 taedeat-

2281 4192 2364 4225 νον
2433 4169 2809 4248 ’Δλεξανδρίων
2860 4172 3136 4247 Ἠρακλᾶν,
3197 4176 3372 4226 ὅντινα
3431 4171 3582 4248 εὖρον
3623 4176 3748 4246 παρὰ
3781 4178 3832 4238 τῷ

2283 4259 2592 4334 διδασκάλῳ
2647 4271 2747 4315 τῶν
2803 4263 3109 4336 φιλοσόφων,
3167 4259 3276 4322 ἤδη
3335 4269 3486 4316 πέντε
3535 4265 3693 4316 ἔτεσιν
3717 4261 3832 4314 αὐτὴν

2281 4355 2644 4426 προσκαρτερή
2655 4371 2840 4417 σαντα,

2937 4357 3058 4428 πρὶν
3147 4351 3234 4426 ἔμε
3317 4353 3586 4427 ἄρξασθαι
3673 4351 3831 4404 ἀκούειν

513 4442 799 4499 doctrinas
840 4440 1108 4506 incubui,
1143 4440 1425 4512 famaque
1466 4439 1542 4496 de
1587 4439 1818 4512 judicio
1858 4456 1928 4496 ac
1973 4441 2172 4498 studio

2283 4441 2484 4494 ἐκείνων
2515 4449 2615 4493 τῶν
2659 4441 2822 4513 λόγων
2851 4461 2864 4474 ·
2907 4437 2982 4493 δι’
3013 4443 3157 4494 ὃνκαὶ
3207 4447 3455 4518 πρότερον
3513 4449 3656 4514 κοινῇ
3689 4441 3832 4495 ἐσθῆτι

513 4547 650 4588 meo
695 4529 1008 4594 increbuit,
1049 4529 1423 4600 proindeque
1461 4529 1802 4601 frequenter
1831 4529 1910 4585 ad
1943 4545 2036 4585 me
2067 4529 2175 4585 ad-

514 4623 825 4686 venerunt,
891 4633 1052 4674 nunc
1110 4619 1354 4690 quidem
1409 4617 1690 4686 haeretici,
1747 4634 1908 4675 nunc
1971 4623 2174 4675 autem

513 4711 854 4767 Graecarum
909 4707 1240 4764 litterarum
1296 4707 1570 4772 studiosi,
1620 4713 1676 4762 et
1722 4707 2064 4779 philosophi
2113 4709 2174 4764 in

515 4799 722 4874 primis
757 4815 768 4854 :
802 4797 998 4852 visum
1034 4796 1178 4851 mihi
1209 4801 1320 4862 est,
1353 4801 1408 4852 et
1440 4794 1856 4852 haereticorum
1885 4797 2176 4868 dogmata

515 4895 574 4946 et
609 4888 1130 4962 philosophorum,
1161 4901 1300 4958 quae
1331 4900 1392 4941 se
1429 4885 1505 4941 de
1533 4887 1775 4942 veritate
1807 4885 2020 4942 aﬂ'erre
2049 4885 2175 4959 pol-

2281 4535 2565 4605 χρώμενος,
2624 4526 3042 4601 ἀποδυσάμενος,
3101 4534 3189 4582 καὶ
3263 4531 3544 4603 φιλόσοφον
3619 4527 3830 4582 ἀναλαϐὼν

2283 4627 2494 4692 σχῆμα,
2553 4623 2717 4694 μέχρι
2767 4627 2858 4672 τοῦ
2899 4617 3052 4692 δεῦρο
3093 4627 3259 4693 τηρεῖ,
3317 4618 3500 4693 βικλία
3533 4639 3588 4673 τε
3611 4623 3672 4672 τὰ
3703 4617 3830 4672 Ἐλλή-

2281 4729 2376 4760 νων
2435 4711 2571 4762 κατὰ
2613 4707 2837 4782 δύναμιν
2887 4713 2947 4763 οὐ
3004 4712 3228 4762 παύεται
3284 4709 3590 4782 φιλολογῶν.
3617 4731 3646 4762 ι)
3697 4713 3828 4760 Ταᾶτι

2281 4803 2400 4870 περὶ
2481 4805 2573 4859 τῆς
2647 4797 2944 4860 Ἑλληνικῆς
3029 4798 3188 4852 αὐτοῦ
3297 4801 3584 4860 ἀσκήσεως
3661 4797 3828 4868 ἱστορῶ

2281 4885 2436 4959 λέγει.

513 4979 788 5046 licentur,
831 4975 1051 5050 placita
1093 4974 1474 5048 perscrutari.
1523 4975 1650 5040 Qua
1697 4975 1758 5030 in
1804 4991 1865 5030 re
1905 4975 2114 5032 imitati
2149 4991 2386 5042 sumus,
2433 4977 2537 5048 qui
2568 4991 2678 5032 nos
2725 4977 3065 5048 praecedens
3109 4975 3313 5033 multis
3358 4976 3684 5049 plurimum
3721 4977 3826 5028 attu-

512 5068 579 5125 lit
611 5066 893 5132 utilitatis,
927 5067 1298 5130 Pantaanum,
1327 5079 1449 5120 non
1481 5079 1694 5136 parum
1725 5065 1954 5121 artibus
1986 5065 2256 5136 profanis
2285 5065 2638 5121 instructum
2681 5083 2694 5121 :
2738 5071 2795 5122 et
2825 5067 2930 5138 qui
2969 5081 3131 5122 nunc
3170 5067 3232 5122 in
3266 5065 3474 5121 ordine
3507 5071 3599 5122 est
3635 5065 3825 5120 Alcm

515 5157 824 5212 drinorum
864 5153 1373 5226 presbyterorum,
1410 5153 1742 5220 Heraclam,
1774 5170 1956 5226 quem
1993 5169 2105 5224 ego
2135 5169 2384 5226 operam
2415 5153 2632 5211 talibus
2671 5155 2873 5212 litteris
2914 5163 3238 5211 navantem
3277 5155 3442 5226 apud
3482 5149 3824 5226 philosophi:

517 5245 870 5316 magistrum
917 5245 1130 5316 reperi,
1171 5259 1309 5298 cum
1362 5243 1609 5314 quidem
1663 5245 1931 5315 quinque
1994 5247 2168 5299 annis
2207 5241 2302 5299 ille
2343 5245 2506 5314 prius
2547 5249 2800 5300 sectator
2851 5243 3192 5316 philosophi
3231 5245 3362 5315 ejus
3397 5243 3634 5308 fuisset,
3691 5251 3824 5312 quam

517 5351 630 5408 ego
663 5333 997 5405 disciplinis
1029 5332 1252 5390 talibus
1292 5347 1500 5388 vacare
1540 5331 1888 5404 inciperem.
1931 5333 2123 5399 Quam
2161 5332 2241 5388 ob
2279 5347 2526 5388 causam
2559 5347 2700 5388 cum
2735 5337 2913 5390 antea
2949 5335 3256 5388 communi
3299 5332 3520 5388 vestitu
3555 5347 3696 5387 usus
3727 5326 3824 5382 fuis-

519 5431 630 5493 set,
669 5440 741 5480 eo
767 5423 1059 5496 deposito,
1093 5427 1300 5495 postea
1329 5421 1670 5494 philosophi
1699 5421 1974 5478 habitum
2015 5420 2288 5493 sumpsit,
2309 5435 2504 5493 quem
2536 5422 2718 5477 etiam
2747 5421 2827 5476 ad
2863 5421 3024 5478 hunc
3057 5437 3246 5494 usque
3275 5420 3438 5476 diem
3468 5422 3640 5492 gerit,
3679 5427 3822 5486 neque
3914 5413 3915 5420 “

514 5515 700 5572 libros
729 5511 1041 5584 gentilium
1068 5511 1403 5570 etiamnum
1433 5511 1609 5586 362
1642 5510 1911 5572 evolvere
1941 5525 2050 5586 pro
2081 5509 2306 5576 viribus
2337 5509 2586 5570 desistit.
2619 5531 2650 5566 (ι
2679 5511 2817 5570 Haec
2844 5509 2920 5568 de
2947 5509 3148 5570 studio
3177 5509 3493 5584 gentilium
3525 5504 3818 5584 disciplim-

518 5617 658 5666 rum
685 5617 796 5662 suo
820 5601 1102 5676 Origenes
1123 5599 1321 5662 refert.
