4040 6224
149 277 293 333 1097
1205 273 1744 333 ECCLESIASTICA

1913 271 2160 329 ἱΤΟΡιΙίΕ
2210 272 2345 329 LIB.
2387 274 2488 332 IV.
3373 278 3508 337 1098

763 407 1006 458 ΚΕΦΑΛ.
1048 401 1146 456 IA'.
1783 401 1830 456 Α

1783 401 1830 456 Α
2492 402 2718 460 CAPUT
2760 405 2886 461 XIV.

143 511 250 570 Ὠς
289 515 398 563 καὶ
436 510 498 563 ἐν
538 507 814 585 Ἀραϐίᾳ
851 511 1000 569 ἧκεν
1038 510 1400 585 ’ῼριγένηςο
1439 515 1545 563 καὶ
1585 513 1657 570 ὡς
1696 507 1738 562 Ei

1916 507 2034 585 aed
2056 507 2118 563 in
2145 507 2429 585 Arabiam
2448 509 2726 585 Origenes
2753 527 2981 583 quoque
2999 514 3239 578 venerit,
3259 518 3312 570 et
3337 515 3509 584 quod,

231 579 623 655 Καισαρείᾳ,
650 579 835 654 μήπω
873 579 1307 656 πρεσϐύτερος
1346 583 1570 651 ὡν,τὰς
1607 588 1754 656 Γρα-

1937 579 2214 656 Caesareae
2245 581 2510 656 nondum
2535 579 2850 656 presbyter
2876 579 3080 641 sacras
3099 579 3368 656 Litteras
3398 602 3507 655 pu-

229 657 342 728 φὰς
379 650 487 708 ἰπὶ
526 650 743 708 κοινοῦ
782 650 1335 718 τῆς”Εκκλησίας
1381 650 1716 729 ἡρμήνευε.

1563 650 1716 709 νευε.
1937 650 2086 709 blice
2108 651 2171 708 in
2200 652 2441 710 ecclesia
2471 650 2821 723 προγιεήάο
2852 655 3149 712 (ructarit.

229 779 488 832 Ἐντεῦθεν
548 775 598 831 δ’
651 777 704 842 ἕξ
756 778 1007 855 Ἀραϐίας
1070 782 1265 839 ἠκοντα
1313 780 1621 855 γράμματα,
1689 780 1759 838 ὡς

1936 778 2115 833 Porro
2146 793 2283 833 cum
2323 793 2394 834 ex
2430 778 2649 836 Arabia
2695 779 2902 836 litterae
2932 781 3220 852 venirent,
3248 786 3311 838 ut
3345 782 3513 838 verbi

147 872 450 941 κοινωνήσῃ
504 867 668 940 λογων
734 876 806 940 τῷ
881 865 1123 928 τηνικάδ’
1202 867 1393 930 έκείνης
1463 869 1742 940 ἡγουμένῳ,

1920 866 2202 922 sctrinam
2223 882 2362 923 cum
2383 867 2638 940 praeside
2660 869 2922 939 regionis
2949 869 3078 941 ejus
3107 871 3515 928 communica-

148 959 530 1031 προπεμφθεὶς,
584 956 668 1011 ἐπὶ
719 962 813 1017 τὴν
868 957 1104 1033 Ἀράϐων
1159 957 1438 1012 ἐστέλλετο.
1488 956 1564 1010 Οὐ
1598 955 1743 1009 πολὺ]

1923 958 1972 1019 ιι,
2025 954 2324 1026 profectus
2355 960 2446 1012 est
2489 972 2582 1022 eo,
2611 971 2682 1013 ea
2710 957 2847 1029 ipsa
2875 957 2950 1014 de
2993 974 3196 1016 causa.
3231 959 3344 1016 Sed
3392 975 3518 1016 non

153 1042 210 1098 δ’
260 1045 365 1100 ἰκεῖ
413 1051 740 1122 παραμείνας
793 1051 1006 1123 χρόνον,
1062 1047 1131 1110 εἰς
1161 1043 1554 1121 Ἀλεξάνδρειαν
1607 1041 1748 1107 αὖθις

1924 1060 1971 1099 ιιι
2023 1042 2105 1100 ibi
2143 1050 2431 1112 moratus,
2463 1045 2887 1104 Alexandriam
2924 1047 3116 1104 rediit.
3160 1052 3351 1121 Atque
3377 1048 3519 1105 inde

153 1133 412 1189 ἐπάνεισι.
462 1135 708 1190 Κάκεῖθεν
763 1136 916 1190 πάλιν
967 1134 1062 1190 διὰ
1115 1140 1201 1190 τόν
1257 1136 1618 1190 ίπαναστοίντα
1657 1139 1748 1187 πό-

1923 1147 2077 1188 lrsus
2098 1139 2338 1207 propter
2353 1140 2554 1190 motus
2576 1134 2820 1193 bellicos
2845 1137 3146 1203 secedens,
3173 1141 3518 1210 Egyptum-

152 1223 308 1296 λεμον
359 1223 527 1292 ἐξιὼν,
586 1230 675 1279 καὶ
741 1230 836 1285 τὴν
887 1227 1154 1298 Αἴγυπτον
1203 1229 1267 1287 ὡς
1321 1225 1574 1299 σφαλερὰν
1628 1225 1747 1275 ὑπο-

1924 1236 1985 1276 ne
2011 1221 2216 1278 itidem
2234 1229 2476 1295 propter
2497 1239 2805 1282 armorum
2827 1225 3150 1283 discrimen
3173 1234 3519 1300 suspectam

151 1315 379 1380 πτεύων,
434 1312 517 1368 ἐπὶ
572 1315 924 1374 Παλαιστίνην
958 1315 1150 1391 ἐχώρει
1179 1331 1195 1348 ⁸
1247 1319 1336 1368 καὶ
1368 1314 1416 1366 έν
1471 1316 1746 1388 Καισαρείᾳ

1926 1309 2119 1377 ιὺοῐιε,
2149 1311 2210 1368 in
2242 1311 2617 1370 Palaestinam
2649 1330 2713 1369 se
2757 1315 2996 1388 recepit.
3028 1315 3114 1372 Ibi
3145 1333 3284 1372 cum
3334 1317 3521 1372 Caesa-

155 1403 254 1464 τὰς
310 1398 586 1477 διατριϐὰς
659 1406 880 1458 ἃποιεῖτο
915 1425 928 1438 ι
998 1401 1335 1477 διαλέγεσθαί
1411 1422 1464 1456 τε
1524 1407 1617 1455 καὶ
1675 1400 1750 1454 ini

1926 1416 1982 1455 ιω
2027 1401 2287 1472 degeret,
2317 1404 2582 1475 episcopi
2613 1403 2904 1461 Palaestini
2941 1403 3238 1476 legatione
3276 1419 3521 1478 quoque

157 1499 340 1545 κοινοῦ
395 1501 492 1554 τῆς
543 1491 821 1557 έκκλησίας
877 1496 969 1555 τὰς
1021 1495 1162 1554 θείας
1232 1493 1561 1568 έρμηνεύσειν
1631 1497 1752 1566 Γρα-

1927 1488 2111 1545 leum
2152 1490 2363 1557 missa,
2391 1491 2442 1547 ei
2477 1493 2818 1564 permisere,
2853 1499 2915 1550 ut
2966 1495 3040 1551 de
3085 1497 3268 1551 sacris
3299 1495 3522 1550 Litteris

162 1584 282 1655 φὰς,
333 1586 518 1657 καίπερ
551 1579 774 1654 μηδέπω
824 1591 918 1646 τῆς
969 1581 1062 1636 τοῦ
1116 1581 1492 1658 πρεσϐυτερίου
1541 1581 1757 1647 ἠξιωμέ-

1922 1578 2204 1646 issereret,
2235 1585 2292 1636 et
2323 1581 2561 1652 publice
2590 1598 2692 1638 eas
2721 1583 2782 1638 in
2813 1582 3062 1640 ecclesia
3092 1584 3517 1656 interpretare-

157 1691 246 1725 νον
275 1681 448 1744 τιμῆς,
501 1674 550 1725 οἱ
599 1669 731 1746 τῇδε
782 1675 1060 1726 ἑπίσκοποι
1109 1676 1202 1725 σὺν
1232 1671 1481 1748 πρεσϐείᾳ
1509 1691 1752 1745 παραχω·

1928 1682 1985 1733 ιτ,
2038 1667 2318 1740 quamvis
2361 1670 2635 1727 nondum
2664 1671 2999 1744 presbyteri
3040 1673 3331 1730 honorem
3364 1677 3523 1729 esset

159 1769 368 1837 ροῦντες
424 1757 576 1820 ἦσαν.
625 1768 722 1816 Καὶ
763 1770 916 1816 τοῦτο
968 1766 1294 1836 παρίσταται
1345 1760 1397 1825 ἕξ
1438 1761 1506 1813 ὧν
1537 1757 1627 1814 τοῦ
1667 1767 1754 1819 Δη-

1926 1762 2247 1814 insecutus.
2302 1758 2366 1814 Id
2397 1760 2562 1831 quod
2593 1762 3022 1833 comprobatur
3053 1778 3125 1818 ex
3154 1763 3387 1834 scriptis
3413 1763 3521 1827 eis,

161 1855 394 1924 μητρίου
469 1853 605 1904 κατὰ
660 1851 960 1925 Ὠριγένους
1040 1854 1394 1923 κεκινημένόυ,
1465 1852 1534 1912 ὡς
1578 1852 1756 1923 μικρὸν

1932 1861 2007 1902 ne
2063 1847 2387 1903 Demetrius
2418 1847 2574 1904 male
2604 1864 2745 1921 erga
2788 1851 3101 1922 Origenem
3155 1851 3418 1916 affectus,
3461 1856 3527 1908 ut

163 1940 360 1994 ἄνωθεν
399 1935 723 2014 διελάϐομεν,
769 1945 860 1994 καὶ
915 1948 1021 2002 τοῖς
1077 1940 1128 1994 έν
1168 1940 1490 2012 Παλαιστίνῃ
1538 1940 1758 2013 γράφον-

1928 1938 2056 1992 aulo
2073 1941 2212 1992 ante
2232 1937 2639 2005 meminimus,
2659 1937 2960 2012 episcopis
2985 1939 3309 1997 Palaestinis
3328 1941 3523 2009 misit;

158 2048 250 2091 τος
295 2032 389 2082 σὺν
428 2028 622 2097 ἄλλοις,
677 2030 757 2082 ὅτι
807 2036 974 2083 Τοῦτο
1031 2026 1276 2082 οὐδέποτε
1333 2029 1593 2093 ἠκούσθη,
1643 2023 1753 2079 οὐδί

1927 2045 1936 2081 ι
1984 2026 2206 2098 quibus
2241 2026 2498 2100 scriptis,
2529 2033 2744 2100 praeter
2775 2029 2911 2095 alia,
2959 2029 3105 2086 illud
3149 2036 3310 2086 erat:
3353 2031 3522 2085 Nun-

161 2122 331 2192 μέχρι
405 2125 492 2170 νῦν
571 2123 864 2191 γεγένηται,
941 2122 1020 2184 τό,
1104 2123 1367 2193 παρόντων
1448 2116 1756 2182 ἐπισκόπων,

1935 2130 2064 2170 1am
2111 2120 2250 2170 ante
2299 2115 2591 2182 auditum,
2650 2132 2962 2190 nunquam
3003 2119 3229 2175 factum
3277 2134 3422 2184 esse,
3465 2122 3530 2175 ut

162 2207 384 2270 λαῑκοὺς
428 2207 642 2281 ὁμιλεῖν.
699 2207 918 2262 Ἐκεῖνοι
974 2206 1227 2279 ἀπόλογον
1279 2208 1406 2278 ὑπὲρ
1455 2209 1641 2259 τούτου
1690 2225 1757 2258 τι-

1935 2203 2275 2260 τωεθηῐὶὺιιε
2315 2205 2614 2278 episcopis
2657 2205 2790 2262 laici
2822 2208 3337 2263 concionarentur.
3371 2207 3530 2275 Qua-

171 2299 359 2368 θέντες,
413 2298 439 2350 ὃ
487 2316 541 2350 τε
578 2297 946 2373 Ἰεροσολύμων
990 2294 1351 2372 ’Δλέξανδρος,
1418 2301 1508 2349 καὶ
1557 2298 1582 2348 ὁ
1641 2303 1763 2349 Kai-

1934 2298 2120 2364 ropter
2149 2292 2251 2359 illi,
2271 2297 2327 2350 et
2343 2293 2728 2366 potissimum
2755 2294 3090 2352 Alexander
3116 2295 3529 2368 Hierosolymi-

169 2390 390 2460 σαρείας
431 2391 764 2458 Θεὸκτιστος,
807 2386 902 2440 οὐκ
932 2386 1097 2446 ἀληθῆ
1129 2386 1291 2459 λέγειν
1322 2385 1508 2438 ἐκεῖνον
1547 2382 1764 2457 διισχυ-

1934 2397 2056 2437 .nus
2088 2387 2145 2438 et
2173 2382 2542 2439 Theoctistus
2567 2383 2951 2440 Caesariensis
2985 2386 3292 2451 antistites,
3329 2385 3529 2441 defen-

162 2476 426 2550 ρίζονται.
493 2473 718 2529 ιιὈπου
757 2483 900 2548 γοῦν,
962 2480 1141 2548 φασὶν,
1195 2477 1524 2550 εὑρίσκονται
1570 2476 1619 2526 οἱ
1661 2472 1757 2526 έπι-

1934 2487 2110 2526 onem
2129 2471 2258 2542 ejus
2282 2473 2367 2528 rei
2398 2472 2477 2528 ad
2499 2488 2637 2528 eum
2656 2473 3042 2544 scripserunt,
3064 2490 3186 2530 non
3205 2491 3345 2531 vera
3361 2474 3529 2530 illum

161 2562 375 2623 τήδειοι
417 2569 544 2640 πρὸς
581 2567 641 2618 τό
697 2565 898 2639 ὠφελεῖν
942 2570 1063 2627 τοὺς
1095 2561 1366 2638 ἀδελφοὺς,
1419 2568 1509 2616 καὶ
1533 2582 1756 2636 παρακα-

1934 2560 2076 2616 lcere
2122 2568 2534 2618 asseverantes
2565 2579 2578 2617 :
2627 2583 2654 2613 α
2689 2561 2799 2618 Ubi
2828 2563 3008 2627 enim,
3038 2563 3334 2636 inquiunt,
3365 2579 3529 2636 repe-

165 2655 381 2709 λοῦνται
410 2662 482 2725 τῷ
531 2654 639 2728 λαῷ
676 2657 776 2708 ὑπό
825 2663 926 2708 τῶν
957 2654 1116 2726 ἁγίων
1156 2654 1476 2718 έπισκόπων,
1509 2660 1657 2706 τοῦτο
1709 2651 1760 2704 οὗ

1936 2653 2114 2704 untur
2133 2647 2334 2705 idonei
2351 2649 2648 2708 homines.
2681 2651 2784 2723 qui
2813 2650 3084 2707 doctrina
3105 2669 3217 2708 sua
3247 2652 3531 2724 prodesse

166 2750 525 2818 πρόσκομμα·
618 2745 792 2819 ὥσπερ
871 2743 920 2796 έν
1011 2740 1306 2818 Λαράνδοις
1382 2742 1602 2804 Εὕελπις
1669 2742 1761 2793 ὑπὸ

1936 2738 2158 2794 atribus
2204 2741 2452 2810 possint,
2489 2740 2538 2794 si
2567 2739 2646 2796 illi
2706 2746 3053 2797 sanctorum
3110 2742 3531 2814 episcoporum

170 2839 392 2902 Νέωνος,
436 2839 527 2887 καὶ
581 2832 630 2886 ἓν
687 2833 884 2906 Ἰκονίῳ
941 2833 1192 2896 Παυλῖνος
1243 2835 1344 2886 ὑπό
1403 2831 1621 2898 Κέλσου,
1682 2835 1765 2884 καὶ

1936 2845 2046 2882 lSSU
2065 2833 2119 2884 et
2144 2828 2536 2898 permissione
2557 2844 2662 2902 per
2683 2829 3122 2886 cohortationes
3142 2831 3220 2886 ad
3236 2830 3531 2904 populum

175 2924 226 2977 ἓν
261 2920 509 2985 Σύνοίδοις
550 2919 819 2997 Θεόδωρος
875 2925 976 2976 ὑπὸ
1031 2923 1293 2988 Ἀττικοῦ,
1343 2931 1443 2975 τῶν
1502 2925 1770 2995 μακαρίων

1937 2917 2070 2973 erba
2097 2917 2339 2983 faciant,
2373 2917 2435 2974 id
2465 2916 2827 2975 oﬂ'endiculo
2857 2935 2977 2976 non
3011 2926 3133 2976 est:
3167 2921 3338 2976 sicuti
3369 2919 3532 2992 apud

174 3009 428 3087 ἀδελφῶν.
485 3013 635 3076 Εἰκὸς
669 3009 728 3066 δὲ
763 3017 850 3066 καί
897 3015 946 3066 ἰν
989 3011 1162 3075 ἄλλοις
1218 3016 1397 3074 τόποις
1439 3019 1592 3064 τοῦτο
1633 3015 1769 3082 γίνε-

1936 3007 2190 3063 arandos
2208 3007 2440 3079 Evelpis
2466 3023 2504 3064 a
2528 3010 2748 3075 Neone,
2771 3009 2952 3065 Iconii
2977 3008 3258 3066 Paulinus
3280 3026 3316 3066 a
3342 3009 3531 3075 Celso,

171 3105 322 3168 σθαι,
356 3104 491 3177 ἡμᾶς
518 3099 577 3157 δι
613 3107 684 3176 μὴ
719 3099 911 3156 εἰδέναι
943 3109 1118 3156 τοῦτο.
1153 3124 1180 3152 ››
1220 3104 1448 3160 Τοιαύτη
1480 3120 1556 3162 τις
1601 3097 1662 3159 ἦν
1700 3107 1766 3170 τῷ

1938 3097 2144 3167 ynadae
2172 3096 2518 3153 Theodorus
2546 3097 2625 3154 ab
2664 3098 2874 3162 Attico,
2906 3099 3190 3154 omnibus
3229 3099 3311 3154 illi
3341 3098 3533 3155 beatis

169 3194 430 3269 Ὠριγένει
477 3197 536 3246 οὐ
567 3195 712 3268 παρὰ
747 3201 847 3245 τῶν
899 3193 1199 3266 ἐπιχωρίων
1252 3195 1405 3264 μόνον
1456 3190 1764 3256 έπισκόπων¹

1941 3185 2164 3242 atribus
2193 3186 2423 3243 invitati
2455 3185 2739 3243 fecerunt.
2771 3186 3099 3244 Verisimile
3125 3193 3324 3244 autem
3355 3193 3442 3244 est
3475 3189 3536 3244 in

169 3281 306 3336 ἄλλοί
360 3301 420 3354 γε
477 3279 545 3342 δὴ
598 3287 687 3335 καὶ
724 3289 826 3334 τῶν
880 3281 967 3335 ἐπὶ
1012 3281 1160 3345 ξένης
1207 3286 1359 3353 τιμή.
1411 3279 1568 3332 Ἀλλὰ
1621 3278 1764 3332 πάλιν

1940 3274 2016 3330 iis
2067 3291 2312 3348 quoque
2357 3275 2529 3342 locis,
2561 3276 2726 3349 quod
2776 3292 2888 3332 nos
2928 3277 3298 3346 ignoramus,
3331 3277 3535 3334 itidem

170 3376 480 3446 Δημητρίου
538 3371 856 3445 γράψαντος,
921 3371 992 3433 εἰς
1036 3367 1432 3445 Ἀλεξάνδρειαν
1479 3371 1593 3429 ἣκει
1625 3387 1638 3401 ·
1685 3372 1765 3420 καῖ

1938 3380 2018 3419 sse
2064 3363 2312 3420 factum.
2337 3385 2366 3418 ι)
2397 3366 2584 3420 Tanto
2609 3365 2669 3420 in
2696 3364 2925 3421 honore
2972 3365 3255 3436 Origenes
3282 3381 3405 3422 non
3437 3382 3533 3422 so-

170 3469 276 3515 τῶν
306 3463 542 3520 συνήθων
581 3463 771 3533 ἔσχετο
803 3461 986 3534 ἔργων.
1020 3459 1103 3523 Ἐς
1151 3466 1305 3512 τοῦτο
1347 3455 1407 3511 δι
1453 3465 1544 3510 τοῦ
1580 3461 1765 3532 χρόνον

1940 3470 2007 3510 ιω
2047 3453 2211 3525 apud
2261 3454 2416 3509 cives
2456 3457 2516 3510 et
2547 3454 2940 3526 provinciales
2985 3471 3150 3521 suos,
3203 3455 3308 3510 sed
3356 3455 3535 3511 etiam

166 3556 268 3606 ,καὶ
295 3555 476 3626 μυρίοι
518 3549 660 3604 ἄλλοι
713 3554 828 3625 περὶ
876 3549 1065 3622 λόγους
1105 3549 1241 3608 ἦσαν
1295 3546 1614 3620 ἀκμάζοντες
1653 3563 1666 3576 ·
1708 3546 1761 3597 ὧι

1942 3543 2050 3615 pud
2093 3548 2368 3599 externos
2410 3543 2725 3615 episcopos
2775 3543 2902 3600 fuit.
2964 3545 3254 3601 Caeterum
3307 3559 3446 3599 cum
3485 3543 3537 3598 ei

175 3645 268 3694 καὶ
313 3641 706 3716 συγγράμματα
755 3643 845 3692 καὶ
903 3637 1174 3698 ἐπιστολὰς
1217 3636 1266 3689 έν
1317 3644 1380 3709 τῇ
1436 3635 1548 3688 κατ’
1598 3633 1770 3688 Αἰλίαν

1938 3632 2213 3704 ,ἱιιιιιωάο
2245 3631 2574 3687 Demetrius
2609 3632 2960 3703 scripsisset,
2990 3632 3412 3688 Alexandriam
3443 3647 3533 3687 re-

179 3727 495 3803 βιϐλιοθήκῃ
563 3728 722 3782 εἰσέτι
794 3731 911 3780 τότε
986 3725 1482 3799 παραφυλάττεσθαι
1530 3721 1774 3784 Εὐσέϐιος

1940 3737 2116 3788 arsus,
2147 3719 2400 3776 docendi
2457 3719 2540 3776 ibi
2579 3736 2802 3776 munus
2847 3721 3242 3792 laboremque
3294 3720 3535 3776 solitum

181 3819 206 3871 6
251 3817 526 3892 Παμφίλου
567 3820 844 3894 ἱστόρησεν
879 3836 892 3849 ’
939 3815 992 3879 ἕξ
1047 3816 1111 3877 ἧς
1158 3814 1331 3885 ίκείνῳ
1388 3818 1477 3865 καὶ
1529 3814 1622 3874 τὰς
1658 3811 1776 3872 ὕλας

1942 3809 2092 3865 sivit.
2127 3809 2240 3865 Sed
2271 3809 2429 3864 enim
2457 3809 2535 3864 ad
2572 3825 2642 3866 ea
2679 3825 2868 3881 usque
2900 3815 3177 3881 tempora
3197 3825 3382 3881 quam
3409 3809 3537 3881 plu-

176 3914 280 3960 τῶν
334 3905 782 3966 έκκλησιαστικῶν
862 3906 1156 3958 ὑποθέσεων
1228 3903 1547 3978 πορισθῆναί
1625 3919 1771 3972 φησι.

1941 3898 2023 3953 mi
2044 3897 2143 3954 alii
2173 3897 2516 3970 eloquentia
2553 3902 2612 3953 et
2641 3897 2915 3954 doctrina
2953 3897 3096 3954 clari
3127 3899 3231 3954 viri
3261 3897 3533 3965 ﬂoruere,

175 4001 284 4055 Τὴν
343 3992 404 4050 δε
453 3995 798 4070 βιϐλιοθήκην
865 3993 1318 4048 έπισκευάσασθοιι
1359 3990 1495 4063 λέγει
1547 3988 1770 4052 Ἀλέξαν-

1942 4003 2150 4044 uorum
2199 3986 2422 4058 scripta
2455 3992 2510 4042 et
2540 3986 2823 4059 epistolas
2867 3988 2929 4042 in
2956 3986 3323 4044 bibliotheca
3374 3989 3537 4060 apud

183 4083 309 4152 δρον
336 4088 425 4138 τόν
457 4085 552 4138 σύν
580 4092 873 4160 Ναρκισσῳ
898 4085 964 4137 τὰ
1002 4091 1100 4146 τῆς
1148 4084 1442 4142 ἃπισκοπῆς
1488 4084 1622 4133 κατὰ
1648 4079 1778 4132 θεῖον

1944 4075 2101 4132 iliam
2147 4075 2227 4132 ad
2269 4079 2508 4132 aetatem
2541 4091 2716 4131 suam
2759 4083 3139 4133 conservatas
3187 4091 3336 4143 esse,
3365 4079 3539 4132 Euse-

179 4195 291 4249 χρη
300 4177 433 4248 σμόν
465 4171 500 4227 δ
505 4174 792 4246 ιεξοὶγοντα.

1945 4168 2027 4222 ωε
2070 4165 2361 4237 Pamphili
2415 4165 2719 4222 memoriae
2750 4165 3009 4236 prodidit
3041 4189 3053 4220 :
3087 4165 3247 4222 unde
3295 4166 3409 4222 sibi
3449 4183 3540 4224 ar-

179 4268 538 4338 gumentum
569 4268 626 4320 et
675 4263 996 4321 materiam
1049 4260 1468 4318 ecclesiasticas
1523 4257 1788 4314 historiae
1843 4255 2282 4328 componendae
2339 4253 2790 4327 suppeditatam
2834 4271 2964 4310 esse
3007 4256 3108 4312 ait.
3165 4256 3340 4329 363
3400 4259 3541 4314 Eam

176 4353 611 4411 bibliothecam
647 4351 811 4408 idem
857 4351 1034 4408 refert
1084 4350 1437 4406 instructam
1489 4363 1626 4404 esse
1677 4346 1756 4403 ab
1800 4344 2159 4412 Alexandro,
2199 4344 2282 4401 ibi
2338 4345 2442 4416 qui
2500 4358 2622 4400 una
2674 4359 2812 4400 cum
2851 4344 3148 4410 Narcisso,
3207 4361 3282 4402 ex
3333 4345 3537 4402 divino

175 4458 495 4519 responso,
519 4441 926 4516 episcopalem
957 4437 1403 4496 administravit
1426 4436 1820 4512 provinciam.

791 4549 1037 4602 ΚΕΦΑΛ.
1071 4545 1174 4602 ΙΕ’.
1813 4544 1858 4599 D

1813 4544 1858 4599 D
2530 4540 2752 4596 CAPUT
2792 4541 2901 4596 XV.

181 4663 340 4732 Περὶ
380 4656 726 4733 ΒηρύλλουΔ
768 4663 897 4733 τοῦ⁵
945 4658 1311 4733 Βόσῖρωνχ
1353 4656 1492 4733 καίΔ
1523 4648 1776 4733 313692-

1947 4664 1976 4706 e
2001 4647 2250 4731 Beryllo
2274 4647 2576 4733 _Bostrensi
2597 4665 2620 4711 ;
2646 4647 2718 4704 de
2738 4647 3068 4733 ambrosio,
3101 4653 3154 4704 et
3177 4662 3316 4733 quae
3343 4646 3542 4733 Orige-

256 4671 340 4732 ιρι
380 4671 705 4733 ΒηρυΑΑου
768 4671 884 4708 του
946 4671 1288 4727 βοστρων·
1353 4672 1462 4704 και
1541 4671 1586 4706 Α
1649 4671 1784 4726 opo-

256 4736 459 4786 σίου·
506 4733 632 4802 καὶ
699 4727 819 4780 ὅσα
886 4726 1217 4802 Ὠριγένης
1288 4726 1380 4778 ἔπ’
1447 4671 1782 4786 Ἀλεξανδ-

1948 4671 1976 4706 ε
2001 4671 2250 4719 uerytw
2274 4671 2574 4703 συδινιςηδι
2597 4671 2620 4711 ,‘
2646 4671 2718 4704 ιισ
2738 4671 3068 4713 Απιυῖτυδῑυ,
3101 4671 3151 4704 ει
3185 4671 3316 4720 qua:
3343 4671 3543 4719 unge-

1961 4736 2063 4776 nes
2114 4721 2342 4802 scripta
2383 4733 2697 4777 sacrarum
2740 4719 3104 4776 Litterarum
3154 4720 3543 4777 Alexandria:

252 4807 432 4880 ρείας
469 4800 861 4874 ἐξηγήσατο.
960 4797 970 4802 ’
1043 4797 1049 4798 ί

728 4817 861 4854 ατο.
960 4797 970 4802 ’
1043 4797 1049 4798 ⁷
1962 4797 2321 4863 exposuerit.

253 4927 463 4983 Πολλῶν
524 4923 612 4979 οὖν
667 4930 786 5000 περὶ
848 4923 1036 4996 λόγους
1088 4920 1417 4994 ἆκμαζότων,
1471 4926 1562 4974 καὶ
1621 4921 1786 4974 πολλὰ

1962 4917 2182 4972 Verum
2233 4915 2393 4971 enim
2421 4929 2561 4971 vero
2601 4930 2737 4970 cum
2780 4914 3061 4986 permulti
3099 4914 3450 4988 eloquentia:
3489 4920 3546 4972 et

176 5027 246 5094 τῇ
300 5015 592 5090 Ἐκκλησία
647 5019 1034 5069 συνέταττοντων
1093 5010 1290 5086 βιϐλία,
1349 5015 1438 5064 καὶ
1504 5012 1639 5063 κατὰ
1684 5018 1771 5062 τῶι

1950 5003 2246 5061 ὐόὶιὶοηὶε
2277 5003 2455 5060 laude
2498 5004 2794 5069 ﬂorerent,
2846 5003 3226 5077 plurimaque
3273 5005 3545 5061 Ecclesiae

177 5111 434 5182 αἱρέσεων
489 5103 935 5178 διαγωνιζομένων
985 5105 1053 5156 τὰ
1107 5102 1361 5174 μάλιστα,
1420 5100 1467 5152 έν
1521 5100 1596 5162 οἷς
1645 5100 1671 5151 ὃ
1731 5118 1772 5152 τε

1952 5098 2328 5166 imponerent
2352 5098 2767 5157 monumenta,
2800 5091 2860 5147 in
2891 5093 3114 5164 quibus
3138 5099 3343 5151 contra
3365 5094 3547 5149 haere-

178 5181 282 5258 τῆς
330 5195 468 5248 κατὰ
517 5197 746 5268 Βόστραν
783 5190 1020 5268 Ἀράϐων
1060 5187 1122 5248 ἧν
1171 5188 1448 5265 Βήρυλλος,
1507 5186 1773 5260 φιλοκάλοι.

1951 5201 1992 5239 ιε
2030 5183 2292 5240 maxime
2323 5183 2738 5239 decertarunt:
2768 5181 2918 5236 inter
2965 5197 3118 5253 quos
3148 5183 3326 5238 etiam
3357 5182 3546 5254 Beryl-

182 5279 435 5346 σπουδῆς
506 5285 899 5359 συγγράμματα
963 5279 1282 5350 καταλείψας
1317 5295 1331 5308 ·
1377 5276 1677 5339 Ἱππόλυτος
1731 5295 1777 5328 τι

1952 5291 1987 5328 .s
2009 5273 2337 5330 Bostrensis
2354 5272 2567 5336 Arabs,
2587 5270 2691 5342 qui
2709 5269 3002 5340 elegantia
3020 5271 3307 5343 utiliaque
3325 5272 3547 5343 scripta

181 5378 211 5429 6
263 5378 469 5446 Πόρτου
517 5372 717 5445 Ῥώμης
777 5370 1083 5435 ἐπίσκοπος,
1135 5373 1226 5422 καὶ
1284 5369 1460 5432 Γοίῐος,
1513 5366 1776 5425 ἐκκλησια-

1949 5372 2033 5420 sst
2085 5379 2146 5420 se
2202 5361 2454 5434 reliquit,
2511 5365 2569 5416 et
2611 5359 2964 5432 Hippolytus
3036 5363 3243 5417 Portus
3295 5362 3544 5418 Romani

185 5467 368 5520 στικοὶ
413 5468 748 5536 συγγραφεῖς,
801 5464 920 5536 περὶ
969 5459 1038 5511 ὧν
1092 5459 1124 5516 ἠ
1159 5456 1498 5533 προλαϐοῦσα
1548 5476 1638 5530 μοι
1677 5451 1780 5509 διε-

1954 5455 2214 5526 >iscopus
2278 5452 2379 5524 (t),
2433 5455 2490 5506 et
2545 5449 2738 5516 Caius,
2793 5447 3110 5522 scriptores
3166 5449 3549 5508 ecclesiastici

259 5588 338 5661 (i)
377 5586 678 5648 Ἱππόλυτος
707 5585 884 5661 ἑτέρας
908 5603 1008 5637 που
1032 5587 1125 5637 καὶ
1151 5581 1306 5645 ἁύτὸς
1333 5580 1616 5644 ἐπίσκοπος
1647 5587 1854 5654 παροικι

1162 5581 1306 5645 Ξιύτὸς
1333 5580 1616 5644 ἐπίσκοπος
1647 5583 1943 5654 παροικίας.
1971 5578 2208 5652 (Euseb.
2239 5577 2343 5636 lib.
2368 5592 2449 5642 Vl,
2479 5591 2614 5649 cap.
2641 5577 2757 5649 21.)

479 5697 721 5753 ΡΔτιιοι..
764 5695 866 5752 Gn.
895 5693 1092 5751 CXLV.

3193 5685 3263 5742 35
