4040 6224
581 244 722 300 1099

1882 242 1928 296 Ν
1933 239 2264 299 ICEPHORI
2305 238 2623 294 CALLISTI

3741 245 3850 302 1100

577 368 765 438 fuere,
791 385 1060 443 quorum
1082 371 1259 425 antea
1297 383 1542 440 quoque
1569 367 1740 424 nobis
1767 368 1920 425 facta
1955 373 2042 424 est
2067 383 2220 424 men-

2340 366 2452 440 ξῇει
2506 371 2678 442 γραφή
2714 381 2726 393 °
2786 364 3050 419 ἐπιϐάλλει
3090 369 3175 419 καὶ
3229 366 3498 442 Ὠριγένης
3542 375 3643 431 ταῖς
3687 371 3746 434 εἰς
3781 381 3852 432 τὴν

579 459 694 514 tio:
731 460 1010 528 Origenes
1040 457 1215 514 etiam
1241 457 1366 530 ipse
1387 457 1465 513 ad
1481 458 1888 514 enarrationes
1913 458 2230 529 Scripturas

581 547 1035 621 componendas
1059 547 1328 603 animum
1349 546 1614 611 contulit,
1632 546 1944 602 Ambrosio
1961 545 2227 620 quodam

580 653 720 694 eum
751 637 830 693 ad
885 635 947 691 id
1000 636 1180 691 studii
1209 641 1266 692 et
1319 635 1545 694 laboris
1578 635 1902 692 excitante:
1932 635 2036 708 qui
2086 651 2229 692 sane

577 741 700 782 non
731 724 1246 782 admonitionibus
1276 725 1600 781 verborum
1632 730 1688 780 et
1718 724 2229 780 cohortationibus

576 817 810 870 tantum
863 818 952 870 est
1005 830 1171 883 usus,
1228 813 1334 869 sed
1363 812 1680 870 liberaliter
1727 813 1905 869 etiam
1954 817 2230 884 sumptus

576 906 1094 974 congruentesque
1114 902 1422 973 impensas
1460 902 1512 958 ei
1535 901 1957 972 suppeditavit.
1993 903 2228 974 Septem

574 991 796 1046 etenim
839 991 891 1046 ei
921 990 1187 1047 attribuit
1217 990 1436 1046 celeres
1478 991 1762 1058 notarios,
1793 990 1899 1062 qui
1924 991 2098 1046 certis
2127 990 2226 1046 de-

575 1080 832 1150 signatis
880 1080 1045 1137 horis
1109 1080 1169 1135 in
1222 1079 1518 1136 scribendi
1579 1095 1764 1151 opera
1809 1079 1922 1135 sibi
1973 1079 2226 1136 invicem

574 1169 1000 1227 succedebant.
1051 1169 1138 1224 Ad
1185 1169 1298 1225 hos
1353 1168 1599 1225 totidem
1650 1168 1881 1224 addidit
1909 1167 2082 1235 alios,
2124 1168 2228 1240 qui

573 1257 798 1315 dictata
827 1258 987 1314 illius
1015 1257 1224 1314 formis
1271 1257 1714 1330 pulchrioribus
1752 1258 1812 1313 in
1852 1257 2018 1313 libris
2058 1273 2228 1314 accu-

573 1352 701 1402 rate
744 1346 1170 1402 describerent.
1202 1347 1464 1403 Aderant
1508 1347 1687 1403 etiam
1727 1345 1942 1420 puellae
1983 1347 2045 1402 in
2085 1347 2228 1402 scri-

571 1434 775 1491 bendo
809 1435 996 1507 probe
1027 1436 1379 1492 exercitatae.
1403 1435 1629 1504 Quibus
1661 1435 1942 1491 omnibus
1982 1435 2229 1492 Ambro-

572 1526 698 1580 sius
724 1541 796 1580 ex
816 1525 1198 1581 facultatibus
1229 1524 1351 1581 suis
1377 1525 1640 1597 quotidie
1673 1525 1916 1581 abunde
1947 1530 2226 1597 sumptus

571 1613 842 1686 praebuit.
877 1615 1028 1678 Quin
1061 1614 1242 1670 etiam
1272 1615 1401 1670 aliis
1428 1613 1700 1686 pluribus
1729 1614 1926 1670 modis
1967 1613 2062 1670 ille
2101 1614 2226 1670 ala-

2339 461 2546 531 Γραφὴν
2587 456 2925 528 ἐξηγήσεσιν,
2977 454 3302 531 Ἀμϐροσίου
3345 460 3479 518 τινὸς
3527 457 3587 518 εἰς
3624 467 3753 514 τοῦτο
3792 466 3856 514 τόν

2339 546 2616 619 φιλόσοφον
2674 546 3014 621 ερεθίζοντος,
3069 545 3128 598 οὐ
3192 549 3344 618 μόνον
3400 555 3692 621 προτροπαῖς
3730 549 3856 622 λόγων

2337 641 2426 688 καὶ
2475 634 2889 708 παρακλήσεσιν,
2944 633 3071 687 ἀλλὰ
3130 641 3220 688 καὶ
3274 640 3418 710 χειρὶ
3472 635 3686 712 ἐλευθέρᾳ
3734 658 3858 711 χορηι

2334 727 2505 799 γούσῃ
2546 729 2612 779 τὰ
2665 721 2958 784 ἐπιτηδεία.
2990 723 3151 777 Ἑπτὰ
3196 727 3287 797 μὲν
3337 728 3439 796 γὰρ
3479 724 3609 796 αὐτῷ
3645 732 3858 802 ταχυγρά-

2338 834 2464 888 φους
2517 813 2749 888 ἐκμετρεῖ
2803 813 2858 866 ἐκ
2912 809 3180 886 διαδοχῆς
3227 820 3429 887 καιροῖς
3487 816 3760 888 ὡρισμένοις
3800 816 3858 869 ἆλ-

2335 903 2523 965 λήλους
2579 902 2902 976 ἀμείϐοντας.
2958 903 3073 958 Ἐπὶ
3145 900 3204 956 δί
3259 906 3480 967 τούτοις,
3537 903 3624 955 οὐκ
3674 903 3859 969 Eleiet-ou;

2337 989 2472 1050 ἦσαν
2505 995 2555 1045 οἱ
2585 993 2655 1055 εἰς
2705 992 2886 1054 κάλλος
2913 1000 3082 1045 ταῦτα
3112 990 3479 1067 ἐγγράφοντες.
3517 991 3620 1044 Καὶ
3665 999 3794 1067 κόραι
3820 991 3859 1047 δι

2334 1079 2601 1155 παρῆσαν,
2651 1084 2744 1144 τὰς
2796 1088 2984 1156 χεῖρας
3030 1083 3156 1155 πρὸς
3211 1083 3269 1134 τὸ
3325 1081 3539 1154 γράφειν
3594 1077 3643 1133 εὖ
3685 1082 3860 1154 ἠσκημέ-

2335 1190 2440 1223 ναι.
2509 1172 2602 1233 Οἷς
2660 1171 2828 1223 ἅπασι
2911 1165 3150 1228 δαπάνην
3201 1167 3566 1242 ἀφθονωτάτην
3613 1169 3860 1243 ’Δμϐρόσιος

2337 1258 2474 1318 ἕκτῆ
2487 1280 2508 1322 ς
2545 1259 2714 1321 οἰκίας
2751 1264 3100 1333 περιστήσας,
3134 1259 3363 1322 ἑκάστης
3391 1260 3586 1331 ἡμέρας
3621 1268 3859 1333 παρεῖχε)⁸

2336 1349 2430 1401 οὐκ
2478 1348 2605 1402 αὖτό
2659 1345 2718 1401 δὲ
2771 1353 2944 1421 μόνον,
2997 1348 3124 1401 ἀλλὰ
3177 1351 3263 1400 καὶ
3318 1347 3509 1406 πολλὴν
3559 1347 3752 1400 ἐνεποίει
3803 1355 3861 1402 καὶ

2336 1437 2663 1510 ἀλλοτρόπως
2747 1435 2934 1512 τάνδρὶ
3007 1439 3304 1512 προθυμίαν
3379 1445 3472 1498 τῆς
3537 1440 3747 1511 περὶτὰ
3787 1441 3864 1491 θείι

2339 1523 2582 1590 σπουδῆς
2610 1545 2622 1557 ·
2753 1532 2843 1580 καὶ
2915 1527 3105 1596 μᾶλλον
3172 1526 3328 1580 αὐτὸν
3383 1527 3640 1598 παρίθηγε
3689 1531 3765 1578 καὶ
3806 1526 3864 1580 ἐπὶ

2334 1621 2428 1676 τὴν
2479 1625 2578 1670 τῶν
2634 1617 3018 1690 ὑπομνημάτων
3089 1616 3248 1669 αὐτοῦ
3312 1615 3577 1678 σύνταξιν.
3643 1614 3785 1668 Καλὸν
3827 1614 3865 1668 δὲ

572 1703 839 1760 critatem
866 1703 971 1758 viri
1023 1703 1083 1758 in
1129 1704 1230 1759 tali
1258 1703 1600 1760 divinarum
1653 1703 1999 1759 Litterarum
2027 1703 2220 1759 studio

2336 1703 2466 1759 εἶναι
2489 1706 2685 1778 νομίζω
2737 1711 2827 1758 καὶ
2878 1705 2914 1758 ἂ
2966 1707 3202 1760 κατέλιπε
3248 1701 3492 1767 σπουδῆς
3557 1706 3863 1776 ὑπομνήματα,

570 1791 780 1848 sedulo
821 1792 1005 1857 auxit,
1039 1797 1102 1847 ut
1130 1792 1411 1848 libentius
1441 1792 1871 1864 prolixiusque,
1896 1792 1981 1848 sic
2012 1792 2226 1849 invita-

572 1889 686 1946 tus,
738 1881 799 1936 in
845 1881 1169 1936 editionem
1216 1881 1788 1937 commentariorum
1841 1897 2088 1937 suorum
2139 1882 2225 1937 in-

570 1970 900 2026 cumberet.
946 1972 1205 2042 {Equum
1262 1975 1463 2026 autem
1515 1985 1644 2027 esse
1699 1975 1864 2042 puto,
1913 1986 2050 2043 quae
2107 1975 2229 2027 stu-

567 2058 806 2115 diorum
858 2075 1104 2115 suorum
1148 2065 1542 2115 monumenta
1582 2058 1900 2130 reliquerit,
1957 2058 2020 2114 in
2073 2075 2227 2131 prae-

567 2151 761 2206 sentia
780 2165 1112 2206 recensere.
1136 2150 1507 2206 Alexandriae
1518 2149 1766 2222 quidem
1786 2150 2224 2222 conscripsisse

567 2239 782 2296 dicitur
810 2239 871 2295 in
896 2239 1286 2310 Evangelium
1307 2239 1556 2296 Joannis
1579 2238 1764 2296 libros
1786 2254 1910 2295 sex.
1945 2241 2009 2296 ln
2030 2243 2224 2296 totum

565 2329 957 2400 Evangelium
1005 2329 1192 2386 libros
1236 2329 1448 2400 viginti
1495 2328 1650 2386 duos
1692 2330 1790 2402 (1).
1832 2331 1895 2385 In
1925 2345 2087 2386 nono
2117 2346 2224 2386 au-

563 2423 687 2476 tem
717 2435 924 2475 eorum
953 2435 1106 2492 quos
1130 2419 1191 2474 in
1222 2417 1505 2474 Genesim
1535 2419 1773 2491 scripsit
1794 2418 1948 2475 libro
1977 2418 2225 2488 (duode-

569 2509 686 2564 cim
718 2514 921 2564 autem
953 2508 1157 2580 edidit)
1209 2523 1313 2564 eos
1358 2508 1462 2580 qui
1510 2523 1739 2564 nonum
1770 2513 2219 2579 praecesserunt,

567 2597 940 2654 Alexandriae
989 2597 1170 2654 etiam
1240 2601 1713 2653 commentatum
1763 2613 1827 2653 se
1873 2612 2002 2652 esse
2059 2596 2219 2662 dicit,

567 2687 740 2743 sicuti
792 2693 849 2743 et
878 2686 1278 2758 expositiones
1315 2686 1378 2742 in
1430 2686 1640 2756 viginti
1673 2685 1944 2758 quinque
1997 2685 2223 2758 primos

566 2776 853 2832 Psalmos.
895 2779 1182 2832 Praeterea
1211 2776 1271 2830 in
1317 2775 1580 2831 Threnos
1625 2781 1819 2831 tomos
1857 2790 2120 2831 novem:
2160 2776 2222 2831 in

567 2865 791 2937 quibus
823 2865 1080 2921 duorum
1110 2863 1400 2920 librorum
1417 2864 1492 2919 de
1520 2864 1951 2921 resurrectione
1976 2864 2222 2921 mentio-

565 2969 706 3010 nem
738 2952 894 3009 facit.
929 2953 1132 3009 Libros
1159 2953 1365 3008 itidem
1392 2953 1467 3008 de
1499 2952 1827 3024 principiis,
1866 2953 2220 3025 priusquam

566 3043 994 3099 Alexandriam
1024 3041 1407 3112 demigraret,
1443 3041 1622 3132 364
1654 3047 1709 3098 et
1739 3058 1890 3114 quos
1920 3041 2220 3132 inscripsit
2251 3074 2292 3132 ρ

567 3138 892 3204 Στρωματεῖς
954 3147 1060 3187 seu
1133 3134 1412 3187 contexta
1482 3131 1649 3202 (sunt
1716 3136 1917 3187 autem
1963 3131 2215 3204 decem),

2335 1803 2396 1868 τῇ
2449 1797 2688 1868 παρούσῃ
2740 1794 2947 1858 ἐντάξαι
2997 1802 3194 1869 γραφῇ.
3238 1792 3350 1847 Ἐπ’
3398 1790 3766 1866 Ἀλεξανδρείας
3804 1797 3864 1866 μὲν

2334 1878 2422 1936 οὖν
2450 1883 2603 1955 λόγος
2631 1885 2744 1954 ἔχει
2779 1890 2957 1936 τοῦτον
3000 1882 3252 1945 συντάξαι
3295 1884 3365 1943 εἱς
3406 1885 3464 1936 τὸ
3509 1883 3641 1934 κατὰ
3681 1882 3865 1938 Ἰωάννην
3964 1889 3965 1914 ‘

2333 1975 2424 2045 μεν
2456 1971 2640 2045 βιϐλία
2666 1973 2720 2035 ἕξ
2747 1992 2760 2006 ·
2788 1975 2853 2025 τὰ
2885 1969 2946 2026 δὲ
2985 1971 3160 2039 λοιπὰ,
3191 1969 3290 2024 δύο
3331 1967 3391 2024 δὲ
3427 1975 3520 2024 καὶ
3551 1974 3728 2024 εἶκοσιν
3751 1967 3864 2036 ἦσαν,

2334 2061 2405 2123 εἰς
2453 2061 2565 2114 ὅλον
2617 2064 2676 2114 τὸ
2733 2061 3069 2134 Εὐαγγίλιον.
3130 2062 3214 2113 Ἐν
3242 2064 3416 2133 μέντοι
3451 2068 3526 2132 τῷ
3573 2060 3639 2122 εἰς
3664 2064 3746 2118 τὴν
3770 2063 3868 2112 Γένε-

2335 2171 2418 2204 σιν
2447 2153 2606 2222 ἒνάτῳ
2647 2147 2882 2213 (δώδεκα
2929 2147 2979 2204 δ’
3039 2149 3153 2204 ἰστὶ
3197 2153 3265 2204 τὰ
3301 2151 3494 2216 πάντα)
3539 2151 3605 2202 τὰ
3628 2152 3720 2225 πρὸ
3746 2148 3868 2202 τοῦθ’

2333 2239 2412 2293 ἐπ’
2493 2237 2884 2315 Ἀλεξανδρείας
2966 2241 3398 2312 ὑπομνηματίσαι
3476 2244 3609 2311 φησί
3645 2253 3659 2267 ⁸
3711 2244 3786 2291 καὶ
3823 2238 3870 2297 ιὶς

2332 2333 2450 2391 τοὺς
2499 2333 2648 2382 πέντε
2687 2326 2747 2382 δὲ
2797 2333 2888 2382 καὶ
2940 2331 3107 2383 εἴκοσι
3147 2335 3385 2401 πρώτους
3421 2327 3661 2401 Ψαλμοὺς
3687 2345 3699 2358 '
3745 2330 3804 2380 ἔτι
3831 2345 3869 2378 τι
3964 2339 3965 2354 ‘

2332 2423 2398 2473 τὰ
2449 2419 2516 2480 εἰς
2575 2422 2697 2481 τοὺς
2753 2423 3002 2491 Θρὴνους,
3052 2420 3120 2470 ὧν
3173 2418 3278 2472 εἰσι
3323 2422 3476 2491 τόμοι
3526 2418 3612 2470 θ’·
3644 2417 3689 2470 ἐν
3715 2418 3779 2480 οἷς
3806 2421 3870 2488 μί-

2331 2529 2525 2582 μνηται
2562 2513 2653 2561 καὶ
2693 2516 2790 2561 τῶν
2819 2513 2938 2583 περὶ
2987 2507 3322 2570 ἀναστάσεως
3353 2527 3368 2541 ·
3397 2505 3500 2561 δύο
3526 2504 3586 2561 δέ
3611 2507 3706 2560 εἰσι
3729 2514 3869 2558 ταῦτα.

2334 2598 2408 2651 Οὐ
2461 2601 2563 2670 μὴν
2612 2594 2673 2650 δε
2721 2596 2850 2650 ἀλλὰ
2885 2601 2976 2650 καὶ
3023 2599 3090 2650 τὰ
3139 2601 3258 2670 περὶ
3309 2596 3492 2671 ἀρχῶν
3545 2599 3642 2670 πρὸ
3691 2603 3769 2649 τοῦ
3809 2602 3872 2655 τῆς

2334 2683 2726 2762 Ἀλεξανδρείας
2775 2685 3068 2745 ἀποικῆσαι
3117 2688 3322 2759 γράφει.
3373 2686 3535 2741 Ἀλλὰ
3585 2689 3671 2738 καὶ
3712 2687 3755 2737 οἱ
3793 2687 3872 2736 ἑπι-

2329 2780 2682 2848 γεγραμμένοι
2737 2778 2878 2846 αὐτῷ
2935 2783 3282 2852 Στρωματείς,
3339 2771 3471 2828 δέκα
3538 2772 3589 2828 δ’
3649 2775 3780 2842 εἰσὶν,
3822 2775 3873 2824 ἔτι

2330 2868 2426 2927 τὰς
2468 2862 2742 2938 διατριϐὰς
2791 2863 2955 2918 ἐκεῖσε
2995 2868 3302 2938 ποιουμένῳ,
3360 2867 3682 2938 ἱστόρηνται.
3727 2871 3798 2934 Τῷ
3834 2859 3874 2913 δι

2330 2961 2517 3030 πρώτῳ
2580 2954 2775 3026 Ψαλμῷ
2829 2958 2920 3012 τὴν
2979 2953 3230 3027 ἐξήγησιν
3288 2953 3593 3024 ἐπιϐάλλων,
3645 2953 3874 3023 καταλόγου

2330 3051 2557 3097 ποιεῖται
2611 3052 2711 3096 τών
2765 3045 2910 3118 ἱερῶν
2953 3052 3044 3105 τῆς
3097 3043 3322 3105 παλαιᾶς
3371 3046 3634 3105 suam;
3691 3041 3873 3116 βιϐλίον,

2334 3137 2470 3186 οὕτω
2507 3135 2643 3186 κατὰ
2668 3133 2803 3196 λέξιν
2831 3133 2987 3204 λέγων
3019 3150 3032 3164 ·

565 3221 939 3277 Alexandriae
960 3236 1201 3293 quoque
1224 3220 1580 3292 composuit.
1604 3221 1670 3276 In
1688 3220 2063 3278 enarratione
2080 3228 2282 3279 autem
2301 3222 2479 3296 primi
2497 3222 2713 3280 Psalmi
2735 3238 3088 3279 numerums
3106 3237 3387 3280 acrorum
3402 3221 3696 3281 librorum
3705 3221 3876 3280 Veteris

566 3310 923 3367 Testamenti
953 3309 1115 3366 hisce
1141 3309 1340 3365 verbis
1367 3314 1635 3366 recenset
1665 3324 1680 3363 :

1200 3417 1423 3473 CAPUT
1464 3415 1595 3471 XVI.

569 3525 867 3594 Quomodo
893 3525 1015 3593 ipse
1041 3524 1623 3580 testamentariarum
1655 3522 1774 3578 sive
1794 3522 2220 3580 canonicarum

648 3597 867 3653 Veteris
895 3603 949 3653 et
978 3596 1132 3653 Novi
1166 3596 1521 3651 Testamenti
1550 3595 2007 3664 Scripturarum
2025 3595 2222 3652 memi-

638 3669 815 3726 inerit.

635 3797 664 3827 «
709 3776 865 3832 Scire
914 3789 1174 3847 peropus
1221 3778 1330 3839 est,
1384 3773 1861 3830 testamentarios
1906 3772 2108 3838 libros,
2157 3778 2222 3831 ut

565 3865 794 3921 Hebraei
849 3863 1238 3932 tradiderunt,
1289 3879 1418 3918 esse
1469 3862 1676 3932 viginti
1724 3862 1900 3930 duos,
1935 3864 2015 3920 ita
2063 3868 2126 3918 ut
2167 3863 2217 3918 is

562 3970 851 4011 numerus
885 3971 1022 4008 cum
1054 3952 1358 4008 elementis
1395 3952 1723 4009 litterarum
1755 3967 1961 4008 eorum
2007 3968 2220 4009 conve-

561 4044 704 4100 niat.
733 4066 758 4096 ο
788 4043 1009 4098 Deinde
1036 4042 1209 4098 infert
1237 4059 1249 4097 :
1283 4060 1312 4092 α
1339 4043 1485 4098 Sunt
1511 4045 1710 4096 autem
1737 4041 1902 4113 apud
1941 4041 2219 4098 Hebraeos

559 4134 771 4203 viginti
815 4135 936 4188 duo
967 4131 1100 4187 libri
1130 4132 1245 4187 isti.
1281 4131 1392 4197 Qui
1434 4130 1599 4202 apud
1638 4147 1748 4186 nos
1778 4130 2098 4202 inscriptus
2128 4136 2220 4187 est

560 4222 815 4288 Genesis,
848 4221 1013 4292 apud
1037 4237 1142 4277 eos
1185 4237 1221 4276 a
1250 4221 1540 4292 principio
1572 4220 1808 4276 titulum
1855 4219 2055 4284 habet,
2106 4221 2217 4277 Be-

2923 3431 3168 3481 ΚΕΦΔΛ.
3211 3427 3335 3502 ις’.

2327 3524 2532 3585 Ὀπως
2560 3533 2684 3578 τῶν
2723 3521 3128 3599 ἕνδιαθήκ-ων
3167 3530 3274 3578 καὶ
3312 3525 3501 3589 οὗτος
3539 3525 3876 3599 μνημονεύει

2500 3603 2760 3670 Γραφῶν
2791 3604 2900 3658 τῆς
2940 3597 3233 3661 Παλαιᾶς
3268 3603 3376 3651 καὶ
3411 3597 3741 3661 τῆςΝίας.

2401 3793 2431 3827 ι(
2480 3774 2590 3827 Οὐκ
2637 3773 2912 3847 ἀγνοητίον
2944 3773 2978 3828 δ
2982 3780 3003 3829 ι
3032 3772 3162 3828 εἶναι
3195 3774 3290 3838 τὰς
3319 3771 3664 3839 ἑνδιαθήκους
3693 3772 3874 3849 βίϐλους,

2327 3866 2397 3924 ὡς
2445 3863 2674 3937 Ἑϐραῖοι
2724 3861 3114 3938 παραδιδόασι,
3167 3861 3264 3918 δύο
3293 3870 3384 3918 καὶ
3433 3865 3499 3932 κ’,
3541 3868 3665 3928 ὅσος
3704 3864 3876 3936 ἀριθμὸς

2329 3962 2427 4005 τῶν
2480 3955 2604 4027 παρ’
2653 3953 2830 4016 αὐτοῖς
2888 3960 3168 4027 στοιχείων
3225 3953 3359 4010 ἐστί.
3402 3974 3431 4008 η
3486 3960 3592 4009 Καὶ
3641 3957 3761 4028 μετὰ
3793 3969 3876 4004 τινα

2328 4045 2551 4118 ἐπιφέρει
2579 4043 2738 4114 λέγων
2770 4059 2784 4074 ⁸
2822 4062 2851 4096 ‹‹
2898 4044 3018 4097 Εἰσὶ
3047 4041 3108 4097 δε
3155 4045 3209 4096 αἰ
3258 4046 3426 4096 εἰκοσι
3459 4041 3562 4097 δύο
3605 4042 3765 4118 βίϐλοι
3789 4040 3873 4093 καθ’

2323 4130 2594 4206 Ἐϐραίους
2633 4129 2790 4184 αἴδεο
2841 4135 2871 4191 ἡ
2928 4134 3053 4206 παρ’
3105 4134 3228 4204 ἡμῖν
3288 4136 3551 4195 Γίνεσις
3617 4132 3875 4206 ὄπι-γεγραμ-

2326 4225 2473 4292 μένη,
2508 4221 2630 4295 παρ’
2667 4219 2930 4296 Ἑϐραίοις
2982 4217 3041 4274 δὲ
3089 4220 3191 4274 ἀπὸ
3243 4229 3334 4283 τῆς
3378 4219 3561 4295 ἀρχῆς
3610 4230 3697 4283 τῆς
3731 4218 3873 4293 βίϐλον

557 4311 763 4376 resith,
783 4310 949 4382 quod
970 4314 1077 4376 est,
1092 4309 1165 4366 In
1179 4310 1498 4379 principio.
1517 4307 1774 4375 Exodus,
1793 4310 2177 4366 Vellesemoth
2193 4328 2215 4366 :

2330 4307 2603 4384 Βρησὶδ,
2647 4312 2768 4385 ὅπερ
2805 4311 2964 4375 ἐστὶν,
3002 4310 3089 4364 Ἐν
3130 4309 3302 4385 ἀρχῇ
3329 4327 3342 4344 °
3393 4308 3638 4378 Ἐξοδος,
3671 4307 3872 4363 Οὐαλλε-

555 4403 671 4458 hoc
700 4406 805 4466 est,
834 4399 968 4455 Hae
997 4400 1264 4455 nomina.
1307 4399 1618 4463 Leviticus,
1660 4398 1874 4455 Vaicra
1912 4415 1929 4451 :
1963 4397 2077 4454 hoc
2101 4404 2210 4465 est,

554 4491 633 4546 Et
678 4489 928 4548 vocavit.
961 4488 1222 4554 Numeri,
1284 4487 1609 4543 Vaiedaber
1633 4506 1652 4542 :
1683 4487 1798 4542 hoc
1827 4490 1938 4553 est,
1958 4487 2213 4544 Locutus

552 4585 656 4637 est.
717 4577 1263 4644 Deuterouomium,
1317 4575 1850 4632 Ellehaddebarim
1889 4597 1909 4633 .-
1940 4577 2055 4633 hoc
2102 4582 2208 4642 est,

552 4671 697 4725 Haec
723 4675 862 4724 sunt
904 4667 1104 4724 verba.
1157 4666 1328 4721 Jesus
1379 4665 1532 4722 ﬁlius
1560 4666 1743 4730 Nave,
1776 4665 2035 4723 Jehosua
2085 4666 2212 4722 Ben

549 4758 875 4816 Nun:hoc
895 4763 1000 4822 est,
1045 4758 1216 4812 Jesus
1263 4755 1423 4810 ﬁlius
1482 4757 1635 4810 Nun.
1684 4753 1984 4820 Judicum,
2034 4757 2208 4820 Ruth,

549 4849 715 4921 apud
745 4848 908 4919 ipsos
938 4848 998 4902 in
1032 4861 1221 4901 unum
1245 4843 1467 4902 librum
1494 4843 1892 4910 concluditur,
1921 4844 2212 4914 Josapha-

548 4941 676 4995 tim.
697 4935 1192 5009 Regum,primus
1216 4933 1613 4998 etsecundus,
1659 4933 1825 5006 apud
1857 4933 2023 5005 ipsos
2059 4950 2210 4990 unus

548 5035 654 5094 est,
686 5031 742 5082 et
780 5025 999 5081 dicitur
1048 5021 1285 5080 Samuel
1332 5038 1344 5076 :
1387 5022 1502 5078 hoc
1543 5027 1652 5088 est,
1697 5037 1735 5079 a
1784 5023 1903 5078 Deo
1945 5027 2204 5079 vocatus.

545 5120 796 5187 Regum,
841 5114 1046 5170 tertius
1101 5119 1158 5168 et
1187 5117 1451 5185 quartus,
1497 5113 1558 5168 in
1591 5128 1712 5168 uno
1733 5112 1888 5168 libro
1936 5117 2206 5184 uterque,

561 5203 1154 5274 VammelechDavid,
1174 5217 1278 5258 seu
1292 5203 1561 5274 Regnum
1587 5201 1799 5258 David.
1817 5201 2210 5273 Paralipome-

621 5331 700 5404 (1)
762 5330 848 5391 Εἰς
911 5332 968 5404 τό
1033 5333 1134 5404 πᾶν
1195 5326 1539 5404 Εὐαγνγέλιον,Δ
1596 5327 1760 5404 Sl_l‘i_d.
1822 5325 1911 5388 Εἰς
1974 5328 2034 5378 τὸ
2109 5332 2210 5404 πᾷν

547 5397 859 5476 Erice/70.1w
889 5401 1020 5476 αὐτο
1045 5397 1320 5476 δή-τοῡτοέ
1349 5397 1584 5455 Ευεθὺ.
1647 5399 1750 5476 lib.
1799 5414 1873 5476 vi,
1933 5413 2068 5476 cap.
2117 5399 2207 5454 24.

549 5470 674 5532 1]Βῖ
695 5470 754 5532 in
798 5480 966 5531 sexto
1005 5472 1067 5528 in
1109 5474 1402 5528 Joannem
1455 5470 1903 5537 commentario,
1944 5471 2211 5542 quinque

543 5547 918 5608 Alexandria
960 5559 1100 5602 eum
1129 5543 1407 5611 edidisse,
1447 5543 1554 5615 qui
1603 5547 1837 5600 sextum
1893 5555 2214 5614 princesse-

2327 4401 2522 4471 σμὼθ,
2553 4403 2672 4475 ὅπερ
2729 4402 2865 4468 ἐστὶ,
2895 4407 3110 4453 Ταῦτα
3153 4401 3230 4453 τὰ
3278 4399 3592 4473 ὀνόματα.
3630 4396 3872 4459 Λευίταὼ,

2326 4488 2600 4563 Οὖῐκρὰ,
2646 4493 2764 4542 Καὶ
2803 4487 3112 4542 ἐκάλεσεν
3144 4508 3158 4524 ο
3191 4489 3459 4562 Ἀριθμοὶ,
3488 4490 3872 4563 Ἀμεσφεκκω-

2326 4574 2442 4650 δίμ
2471 4597 2483 4609 ·
2513 4581 2926 4652 Δευτερονόριιον.
2949 4575 3479 4652 Ἐλλεαδαϐαρὶν,
3513 4575 3712 4632 Οὗτοι
3745 4576 3873 4631 oili-

2321 4668 2799 4737 γόιοἺησοῦςυὶὀς
2814 4673 2986 4733 Ναυῆ,
3010 4668 3092 4727 Ἰη
3112 4673 3227 4721 σοῦ
3258 4667 3360 4722 Ἐϐ
3376 4687 3432 4721 εν
3447 4687 3510 4721 νο
3529 4676 3601 4720 ὗν
3621 4685 3635 4698 ⁸
3668 4668 3871 4740 Κριτεί·

2320 4754 2489 4822 Ῥοὺθ,
2563 4756 2688 4830 παρ’
2743 4756 2921 4819 αὐτοῖς
2997 4756 3066 4823 ἓν,
3144 4760 3593 4831 Ἰωσαφατίμ·
3652 4754 3873 4810 Daedalis

2322 4851 2525 4919 πρώτη,
2607 4842 2844 4920 δευτέρα,
2917 4847 3043 4920 παρ’
3101 4846 3274 4908 αὐτοῖς
3346 4846 3421 4918 ἓν,
3481 4846 3794 4921 Σαμουὴλ,
3836 4840 3870 4892 ³0

2323 4942 2368 4988 Θ
2388 4934 2574 4994 εόκλη
2594 4953 2656 4987 το
2675 4955 2698 4997 ς
2724 4953 2738 4968 ο
2799 4935 3076 4988 Βασιλειῶν
3155 4941 3328 5009 τρίτη,
3411 4937 3662 5011 τετάρτη,
3719 4934 3762 4988 ἓν
3809 4932 3870 4994 fit,

2322 5022 2755 5095 Οῦαμμελὲλχ
2795 5019 3025 5092 Δαυῐδ,
3049 5024 3170 5096 ὅπερ
3202 5023 3315 5076 ἐστὶ
3340 5021 3656 5098 βασιλεία
3691 5015 3866 5078 Assio"

2321 5112 2779 5186 Παραλειπομένων
2811 5111 2876 5182 α’,
2929 5111 2999 5186 β’,
3055 5115 3103 5165 ἐν
3134 5113 3222 5180 ἐνὶ,
3273 5111 3747 5189 Διαϐριιαμίνο
3785 5110 3866 5179 ὅπερ

2319 5203 2452 5268 ἐστὶ,
2481 5201 2666 5274 λόγοι
2703 5203 2985 5276 ἡμερῶν,
3023 5199 3259 5275 Ἔσδρας
3289 5204 3359 5271 α’,
3397 5201 3444 5276 β’
3495 5205 3544 5256 ἓν
3595 5202 3667 5255 ἑνὶ
3693 5202 3865 5274 Ἐξμυ

2319 5331 2477 5409 runt,
2511 5325 2666 5409 etin
2711 5330 2900 5409 totum
2948 5327 3193 5384 Joannis
3225 5326 3616 5409 Evangelium
3659 5329 3865 5409 tantum:

2319 5399 2525 5527 305:0,
2555 5401 2626 5456 22
2655 5406 2853 5457 tomos
2880 5400 2942 5457 in
2977 5414 3196 5459 manus
3226 5395 3548 5457 hominum
3578 5395 3864 5472 pervenisse

2384 5485 2437 5526 Cl
2466 5485 2552 5526 ur.

2384 5485 2552 5526 Culll‘.
