4040 6224
160 335 294 390 “Oi
1200 330 1766 389 ECCLESIASTIC/E
1801 329 2160 386 HISTOBIIE
2202 332 2334 386 LIB.
2376 331 2444 386 V.
3375 336 3515 394 1102

153 461 281 532 ὅπερ
359 457 468 512 ἐστὶ
544 461 776 520 Βοηθός
831 475 844 488 ⁸
903 457 1078 530 βίϐλος
1168 458 1413 530 Ψαλμῶν,
1489 459 1748 531 Σφαρθε-

1924 471 1990 512 Jn
2047 455 2276 528 primus
2325 460 2382 513 et
2434 455 2759 523 secundus,
2811 473 2968 514 unus
3014 457 3252 526 dicitur,
3319 460 3519 518 Dibrw

151 548 267 621 λίμ
306 565 322 581 ⁶
388 548 680 621 Σολομῶνος
761 551 1068 620 Παροιμίαι,
1141 547 1408 601 Μεσλὼθ
1449 560 1466 577 ·
1548 547 1746 605 Ἐκκλη-

1921 547 2134 604 aiamin
2159 563 2178 600 :
2199 546 2315 602 hoc
2337 553 2445 612 est,
2468 546 2777 603 Sermones
2807 546 3264 604 dierumEsdraa
3284 550 3516 621 primus

160 642 411 704 σιαστὴς,
454 637 697 691 Κωέλεθ
726 654 740 668 ’
786 636 808 656 ⁹
844 642 1002 711 ᾼσμα
1048 635 1295 709 ᾀσμάτων
1347 654 1363 670 ο
1405 636 1464 689 οὐ
1511 638 1634 710 γὰρ,
1691 638 1755 697 ὡς

1977 636 2302 700 secundus,
2334 634 2574 700 Esdras,
2602 635 2707 707 qui
2761 651 2915 691 unus
2950 641 3056 707 est,
3090 642 3147 694 et
3180 637 3520 695 inscribitur

157 726 590 800 ὑπολαμϐάνουσί
640 745 790 792 τινες,
839 724 863 739 ⁵
901 732 1127 800 ᾼσματα
1185 725 1428 798 ᾀσμάτων
1471 741 1484 756 ⁸
1527 727 1752 798 Σιρὰχ,

1922 738 2023 780 sra
2059 739 2074 778 :
2117 722 2231 778 hoc
2299 727 2408 787 est,
2462 724 2833 780 Auziliator.
2890 723 3058 780 Liber
3114 725 3517 792 Psalmorum,

156 821 355 893 Σιρίμ
395 834 408 848 ο
449 815 690 887 Ἡσαΐας,
729 815 888 878 Ἰεζία
919 833 932 846 °
972 815 1220 890 Ἱερεμίας
1259 818 1353 868 σὺν
1395 820 1621 889 Θρήνοις
1668 820 1751 867 καὶ

1926 812 2254 869 ohartelim.
2303 811 2618 869 Proverbia
2657 812 3014 880 Solomonis,
3052 816 3278 872 Meslot.
3327 816 3521 873 Eccle-

156 912 221 980 τῇ
267 904 537 978 ἐπιστολῇ,
582 904 630 958 ἓν
667 904 934 980 Ἱερεμία
971 922 984 936 ·
1028 905 1237 972 Δανιὴλ,
1284 904 1521 964 Δανιήλ
1551 921 1566 936 ο
1611 903 1751 964 Ἰεζε-

1924 905 2096 966 astes,
2149 901 2450 960 Coheleth.
2490 902 2798 958 Canticum
2829 902 3219 975 canticorum,
3255 920 3376 962 non
3408 922 3519 962 au-

157 995 305 1062 κιὴλ,
337 995 646 1056 Ἰεζεκιήλ
679 1014 692 1028 ·
725 993 866 1063 Ἰὼϐ,
893 993 1032 1048 Ἰώϐ
1056 1012 1069 1026 ο
1115 995 1334 1067 Ἐσθήρ,
1369 995 1587 1066 Ἐσθηρ.
1621 991 1752 1056 Ἐξω

1930 1007 1988 1047 m
2019 991 2105 1062 (ut
2135 992 2385 1064 quidam
2416 991 2653 1064 putant)
2680 992 2918 1048 Cantica
2956 995 3350 1059 canticorum,
3390 995 3521 1052 Sir-

159 1081 223 1138 δι
269 1087 465 1138 τούτων
509 1083 624 1138 ἐστὶ
661 1086 727 1138 τὰ
773 1082 1146 1150 Μακκαϐαῖκὰ,
1195 1083 1324 1157 ἃπερ
1382 1085 1754 1156 ἐπιγέγραπται

1923 1081 2131 1137 αείνίνη.
2161 1081 2360 1147 lsaias,
2387 1080 2675 1137 Jeremias
2707 1097 2846 1137 cum
2871 1081 3130 1139 Threnis
3151 1087 3208 1139 et
3235 1083 3518 1155 Epistola,

158 1173 419 1247 Σαρϐήθ
452 1172 838 1229 Σαϐαναῖελ.
865 1194 894 1226 η
916 1176 1094 1230 Ταῦτα
1113 1176 1202 1246 μεν
1225 1171 1274 1225 ἐν
1304 1181 1377 1244 τῷ
1405 1175 1753 1246 προειρημένῳ

1922 1185 1990 1225 no
2030 1169 2553 1227 nomineJeremz‘a.
2586 1169 2815 1236 Daniel,
2845 1171 3517 1240 Ezechiel.Job,Esther,

158 1265 546 1338 συγγράμματι
583 1265 791 1321 τίθησιν
840 1281 853 1295 ·
907 1261 956 1314 ἐν
1005 1259 1064 1315 δε
1101 1270 1174 1333 τῷ
1212 1267 1402 1337 πρώτῳ
1439 1270 1539 1314 τῶν
1587 1261 1654 1324 εἰς
1700 1264 1753 1313 τό

1926 1263 2084 1316 raeter
2106 1259 2217 1315 hos
2249 1264 2389 1315 sunt
2411 1259 2546 1316 libri
2578 1259 3079 1327 Machabaeorum,
3098 1261 3203 1333 qui
3232 1261 3397 1334 apud
3419 1279 3521 1320 eos

154 1355 297 1405 κατὰ
351 1354 641 1418 Ματθαῖον,
691 1354 778 1405 τὸν
834 1350 1273 1409 ἐκκλησιαστικὸν
1331 1350 1595 1423 φυλάττων
1659 1370 1749 1403 κα-

1925 1348 2562 1415 iscribuntur,Sarbeth
2577 1348 2922 1406 Sabanaiel.
2955 1370 2984 1404 ν
3005 1351 3196 1424 Atque
3221 1350 3423 1407 hascin
3451 1367 3520 1409 eo

153 1447 303 1506 νόνα,
368 1446 502 1515 μόνα
551 1445 786 1514 τέσσαρα
850 1439 1144 1512 Εύαγγέλια
1197 1437 1390 1494 εἰδέναι
1440 1443 1748 1514 μαρτύρεται

1926 1453 2052 1494 Jem
2077 1437 2335 1494 diximus
2362 1439 2796 1494 commentario
2827 1441 3090 1511 exponit.
3114 1441 3176 1496 In
3208 1441 3402 1512 primo
3419 1457 3521 1498 au-

157 1528 270 1584 ὧδέ
313 1551 424 1593 πως
479 1531 690 1607 γράφων
726 1545 742 1562 ⁸
787 1551 812 1581 α
843 1529 933 1592 Ὠς
971 1529 1018 1582 ἐν
1058 1526 1356 1604 παραδόσει
1403 1532 1584 1601 μαθὼν
1641 1534 1752 1602 περὶ

1930 1543 1989 1582 m
2028 1541 2089 1582 1n
2139 1527 2525 1598 Evangelium
2585 1527 2920 1584 secundum
2968 1530 3306 1586 Matthaaum
3343 1529 3519 1587 libro.

155 1628 264 1674 τῶν
309 1622 579 1697 τεσσάρων
629 1619 979 1692 Εύαγγελίων,
1029 1619 1063 1672 ἃ
1092 1624 1182 1673 καὶ
1233 1623 1366 1692 μόνα
1413 1618 1750 1694 ἁναντίῤῥητο

1927 1616 2341 1674 :clesiasticum
2367 1631 2615 1672 servans
2643 1632 2961 1684 canonem,
2992 1623 3522 1691 quatuortantum-

158 1709 303 1764 ἐστιν
353 1709 401 1763 ἐν
452 1717 514 1783 τῇ
569 1711 670 1763 ύπό
725 1712 812 1762 τόν
847 1709 1062 1782 οὐρανὸν
1099 1708 1387 1782 Ἐκκλησία
1434 1716 1527 1762 τοῦ
1575 1716 1712 1762 Θεοῦ
1741 1722 1753 1738 ·

1927 1704 2054 1762 ,odo
2084 1705 2406 1776 Evangelia
2431 1721 2493 1761 se
2522 1721 2721 1772 nosse,
2749 1706 2836 1762 sic
2866 1707 3326 1780 quodammodo
3349 1714 3522 1766 testa-

157 1801 246 1854 ὅτι
296 1807 500 1874 πρῶτον
547 1801 637 1872 μεν
662 1803 953 1872 γέγραπται
1002 1801 1062 1851 τὸ
1108 1800 1246 1851 κατὰ
1301 1802 1389 1851 τὸν
1440 1801 1564 1852 ποτε
1613 1798 1752 1852 τελώ-

1929 1810 1964 1850 .r
1995 1817 2008 1850 :
2046 1813 2075 1846 α
2101 1797 2170 1852 Ut
2192 1795 2439 1868 quidem
2484 1811 2558 1851 ex
2587 1795 2905 1852 traditione
2947 1796 3130 1854 didici
3161 1797 3236 1854 de
3265 1803 3524 1870 quataor

157 1909 276 1955 νην,
342 1888 557 1961 ὓστερον
625 1885 685 1940 δὲ
747 1886 1036 1940 ἀπόστολον
1089 1888 1238 1946 ἰησῦ
1292 1895 1545 1960 Χριστοῦ,
1614 1895 1752 1942 Ματ·

1924 1883 2224 1955 vangeliis,
2259 1884 2436 1956 365
2479 1883 2605 1940 sola
2633 1899 2706 1942 ea
2750 1892 2891 1941 sunt
2927 1890 3100 1942 certa
3125 1887 3519 1953 auctoritatis,

160 1980 332 2044 θαῖον,
385 1973 719 2031 ἐκδεδωκότα
775 1979 900 2030 αὐτὸ
962 1984 1072 2039 τοῖς
1121 1975 1224 2030 ἀπὸ
1272 1996 1361 2030 του
1409 1973 1755 2050 Ἰουδαῖσμοῦ

1924 1989 1927 2026 ;
1954 1971 2388 2043 irrefragabilia
2421 1973 2485 2029 in
2517 1973 2778 2031 Ecclesia
2804 1974 2904 2031 Dei
2933 1991 3069 2048 quas
3090 1981 3179 2032 est
3210 1976 3324 2032 sub
3350 1976 3519 2034 cmlo.

157 2069 510 2133 πιστεύσασι,
561 2067 869 2139 γράμμασιν
919 2064 1217 2140 Ἑϐραϊκοῖς
1285 2071 1688 2138 συντεταγμένον
1743 2081 1752 2097 '

1930 2061 2134 2117 rimum
2177 2062 2464 2134 scriptum
2504 2066 2598 2118 est
2625 2062 2705 2119 ab
2747 2063 2894 2120 olim
2931 2063 3281 2135 publicano,
3318 2074 3525 2137 postea

160 2153 407 2230 δεύτερον
463 2152 522 2208 δὲ
557 2157 614 2208 τὸ
653 2157 788 2208 κατὰ
834 2156 1047 2228 Μάρκον
1095 2157 1166 2218 ὡς
1205 2159 1398 2228 Πέτρος
1451 2157 1755 2228 ὑφηγήσατο

1929 2166 2014 2206 πο
2043 2149 2320 2224 apostolo
2365 2151 2505 2206 Jesu
2567 2151 2801 2219 Christi,
2829 2152 3119 2220 Matthaao,
3153 2160 3206 2210 et
3246 2153 3524 2211 ﬁdelibus

158 2246 307 2317 αὐτῷ
354 2249 656 2312 ποιήσαντι,
703 2245 757 2297 ὃν
795 2248 886 2297 καὶ
924 2246 1036 2297 υἱὸν
1066 2243 1114 2297 ἐν
1160 2251 1224 2318 τῇ
1274 2243 1533 2318 Καθολικῇ
1591 2245 1603 2264 ³
1633 2252 1753 2299 Επι-

1930 2239 2109 2294 idaeis.
2138 2255 2412 2295 sermone
2450 2238 2738 2296 Hebraico
2768 2239 3076 2297 traditum.
3113 2242 3457 2298 Secundum
3488 2260 3525 2299 a

159 2335 322 2408 στολῇ
354 2330 389 2388 δ
394 2337 448 2387 ιὰ
475 2336 669 2387 τούτων
699 2333 1004 2406 ὡμολόγησε
1038 2336 1250 2406 φάσκων
1280 2351 1294 2364 ·
1342 2333 1354 2354 ’
1377 2335 1754 2397 Ασπάζεται

1927 2343 2082 2394 arco,
2125 2329 2297 2384 sicuti
2329 2328 2557 2385 aPetro
2597 2328 2678 2385 illi
2703 2334 2792 2386 est
2829 2330 3138 2397 dictatum,
3173 2347 3356 2404 quem
3397 2332 3444 2386 is
3464 2333 3522 2388 in

157 2425 326 2498 ὑμᾶς
357 2425 387 2482 ἡ
411 2421 469 2476 ἐν
495 2420 824 2476 Βαϐυλῶνι
849 2420 1135 2488 ἐκλεκτὴ,
1158 2426 1269 2476 καὶ
1294 2424 1544 2498 Μάρκος
1571 2423 1598 2474 6
1625 2425 1752 2485 υἱός

1929 2417 2174 2475 ιώοιὶοθ.
2228 2417 2492 2491 Epistola
2537 2434 2649 2474 sua
2706 2434 2841 2475 eam
2897 2418 2977 2476 ob
3016 2435 3265 2476 causam
3330 2421 3524 2478 ﬁlium

156 2533 280 2588 μου
314 2530 329 2544 ’
358 2517 447 2566 καὶ
470 2516 644 2587 τρίτον
673 2514 730 2566 τὸ
755 2513 891 2565 κατὰ
931 2517 1159 2578 Λουκᾶν,
1187 2515 1245 2565 τὸ
1288 2513 1388 2564 ύπό
1427 2519 1518 2565 τοῦ
1552 2512 1751 2566 Παύλου

1925 2507 2163 2576 ζηοεοὶῐ,
2189 2507 2466 2579 inquiens
2498 2524 2511 2562 :
2533 2507 2876 2564 Salutat-vos
2901 2509 2965 2564 in
2985 2508 3295 2580 Babylone
3314 2513 3520 2568 electa.

159 2603 523 2676 ἐπαινούμενον
589 2601 907 2674 Εὐαγγέλιον
963 2608 1069 2662 τοῖς
1125 2600 1230 2654 ἀπὸ
1293 2609 1393 2654 τῶν
1459 2600 1614 2654 ἐθνῶν
1673 2621 1754 2655 πε-

1950 2596 2190 2654 Marcus
2205 2596 2370 2665 ﬁlius
2397 2611 2580 2653 meus.
2606 2596 2886 2666 Tertium,
2915 2599 3253 2654 secundum
3280 2601 3521 2667 Lucam,

159 2696 443 2754 ποιηκότος
472 2711 486 2726 ο
528 2692 614 2744 ἐπὶ
651 2685 786 2744 πᾶσι
823 2694 883 2744 τὸ
926 2693 1063 2744 κατά
1087 2689 1098 2710 ’
1128 2692 1371 2750 Ιωάννην.
1403 2711 1432 2744 ››
1469 2696 1569 2745 Καὶ
1599 2689 1647 2742 ἐν
1686 2699 1754 2762 τῷ

1935 2685 2122 2742 Paulo
2150 2685 2464 2742 laudatum
2509 2691 2601 2742 est
2640 2686 3049 2756 Evangelium,
3071 2689 3236 2760 quod
3267 2688 3316 2743 is
3343 2689 3526 2760 genti-

161 2788 381 2856 πέμπτῷ
423 2777 482 2834 δὲ
531 2787 630 2833 τῶν
689 2780 762 2841 εἰς
812 2783 872 2832 τό
924 2782 1061 2832 κατὰ
1117 2779 1356 2838 Ἰωάννην
1402 2780 1756 2852 Ἐξηγητικῶν

1930 2792 1982 2832 ιε
2023 2773 2204 2831 scribi
2237 2774 2485 2830 curavit.
2514 2775 2611 2830 His
2639 2775 2970 2841 accessit,id
2997 2776 3162 2848 quod
3192 2777 3525 2834 secundum

165 2874 194 2926 6
245 2870 399 2933 αὐτός
447 2877 616 2923 ταῦτα
661 2874 751 2922 καὶ
789 2873 906 2943 περὶ
935 2875 1053 2921 ⁵-τῶν
1085 2868 1097 2888 ’
1139 2869 1438 2922 Επιστολῶν
1476 2878 1574 2922 τῶν
1633 2869 1760 2924 ἁπο-

1929 2879 2206 2921 ιαηῑιηθω
2238 2868 2349 2921 est.
2382 2886 2410 2914 »
2440 2865 2502 2919 ln
2560 2864 2771 2936 quinto
2821 2880 3000 2935 porro
3040 2864 3102 2921 in
3134 2867 3524 2936 Evangelium

169 2961 362 3015 στόλων
406 2964 566 3033 φησίν
597 2980 612 2993 ο
651 2980 674 3009 ε
705 2957 765 3012 Ὀ
795 2954 855 3011 δε
911 2959 1175 3019 ἱκανωθεὶς
1233 2955 1471 3020 διάκονος
1518 2963 1762 3032 γενέσθαι

1931 2951 2120 3009 ianuis
2145 2952 2619 3009 Enarrationum
2640 2951 2794 3008 libro
2823 2953 2950 3008 haec
2974 2953 3150 3010 etiam
3165 2953 3240 3010 de
3254 2953 3526 3027 Epistolis

162 3059 260 3114 τῆς
299 3058 485 3112 καινῆς
533 3049 816 3114 Διαθήκης,
857 3047 917 3100 ού
968 3049 1296 3123 γράμματος,
1352 3047 1480 3101 ἀλλὰ
1534 3052 1757 3123 πνεύμα-

1933 3041 2217 3098 )ostolicis
2246 3039 2460 3097 refert:
2507 3063 2527 3091 ι
2565 3041 2676 3107 Qui
2715 3057 2855 3098 vero
2881 3041 3100 3113 dignus
3113 3043 3419 3115 judicatus
3441 3050 3528 3102 est

155 3159 265 3207 τος,
302 3138 508 3200 Παῦλος
547 3139 574 3190 6
615 3136 968 3212 πεπληρωκὼς
1023 3139 1082 3189 τὸ
1146 3136 1454 3209 Εύαγγέλιον
1512 3135 1614 3190 ἀπὸ
1678 3138 1750 3192 Ἰε·

1931 3131 2145 3187 .inister
2195 3129 2322 3186 ﬁeri
2378 3130 2520 3186 novi
2562 3131 2938 3196 Testamenti,
2990 3148 3113 3188 non
3150 3133 3378 3202 litterae,
3421 3134 3526 3191 sed

152 3228 438 3305 ρουσαλημ
464 3231 554 3281 καὶ
592 3225 764 3298 κύκλῳ
799 3229 964 3300 μέχρι
993 3232 1085 3279 τοῦ
1123 3227 1136 3248 ’
1167 3225 1456 3301 Ιλλυρικοῦ,
1499 3223 1622 3281 οὐδὲ
1665 3231 1747 3282 πά·

1935 3220 2136 3290 ιὶιοὶῑιιε,
2161 3219 2394 3286 Paulus,
2424 3219 2528 3291 qui
2568 3235 2810 3275 cursum
2850 3221 3152 3292 Evangelii
3185 3221 3264 3278 ab
3292 3225 3530 3281 Jerusa-

157 3326 283 3383 σαῖς
338 3317 558 3391 ἔγραψεν
634 3317 717 3376 αἷς
783 3311 1024 3378 ἐδίδαξεν
1071 3313 1377 3379 ἐκκλησίαις
1416 3338 1430 3350 ο
1495 3315 1623 3370 ἀλλὰ
1674 3321 1752 3370 καῖ

1932 3327 1992 3366 m
2019 3314 2074 3365 et
2104 3309 2492 3366 circumcirca
2539 3324 2731 3381 usque
2764 3309 2842 3366 ad
2892 3309 3196 3382 Illyricum
3242 3311 3527 3380 absolvit,

155 3409 247 3472 ατς
311 3405 558 3481 ἱγραψιν,
630 3403 838 3476 ὀλίγους
919 3409 1146 3476 στίχους
1210 3403 1487 3460 ἐπέστειλε.
1576 3409 1750 3482 Πέτρος

1932 3415 1997 3456 )n
2034 3399 2112 3455 ad
2149 3414 2361 3455 omnes
2397 3414 2551 3471 quas
2593 3398 2818 3464 docuit,
2858 3400 3036 3456 etiam
3075 3401 3311 3472 scripsit
3340 3401 3527 3458 eccle-

157 3494 244 3562 δὲ,
275 3494 338 3570 ἐφ
367 3494 378 3513 ’
409 3495 448 3567 ᾧ
477 3491 832 3565 οἰκοδομεῖται
879 3494 910 3552 ἠ
952 3501 1188 3567 Χριστοῦ
1217 3493 1522 3562 Ἐκκλησία,
1558 3496 1624 3558 ἧς
1670 3498 1752 3548 πύ-

1935 3506 2016 3546 as.
2049 3488 2138 3544 Ad
2181 3503 2335 3560 quas
2370 3493 2568 3542 autem
2615 3488 2872 3560 scripsit,
2914 3491 3233 3562 perpaucis
3265 3505 3421 3546 unus
3442 3496 3530 3547 est

154 3585 250 3639 λαι
295 3579 432 3655 ᾅδου
479 3583 538 3637 ού
586 3584 1010 3654 κατισχύσουσι,
1049 3586 1174 3656 μίαν
1227 3583 1537 3642 Ἐπιστολὴν
1583 3583 1749 3656 ὁμολο·

1936 3577 2168 3633 ιτεὶῢυε.
2226 3579 2295 3632 At
2344 3575 2550 3632 Petrus
2605 3576 2704 3648 (1),
2757 3593 2938 3649 super
3005 3593 3127 3650 quo
3201 3578 3531 3636 mdiﬁcatur

154 3677 420 3748 γουμένην
461 3671 846 3727 καταλέλοιπεν.
888 3670 1062 3725 Ἔστω
1113 3668 1172 3725 δὲ
1219 3678 1310 3724 καὶ
1355 3669 1576 3748 δευτέρα
1607 3694 1620 3707 ·
1666 3672 1749 3745 ἀμ·

1934 3665 2086 3723 πὶείί
2108 3665 2386 3730 Ecclesia,
2429 3665 2718 3721 adversus
2756 3681 2945 3738 quam
2976 3682 3172 3738 neque
3201 3666 3529 3724 inferorum

156 3761 465 3838 φιϐάλλεταί
493 3781 573 3835 γε.
625 3765 690 3814 Τί
740 3757 824 3814 δεῖ
867 3765 988 3835 περὶ
1032 3767 1126 3814 τοῦ
1174 3759 1522 3824 ἁναπεσόντος
1579 3761 1666 3815 ἐπὶ
1704 3765 1751 3814 τί

1935 3761 2061 3812 πίω
2088 3752 2521 3827 praevalebunt,
2554 3769 2739 3808 unam
2772 3754 2920 3811 citra
2942 3757 3413 3812 controversiam
3443 3771 3530 3812 re-

157 3853 358 3912 στῆθος
399 3850 561 3923 λέγειν
599 3857 690 3905 τοῦ
724 3849 924 3917 Ἰησοῦ,
977 3849 1214 3904 Ἰωάννου
1249 3866 1262 3915 ;
1310 3849 1407 3912 ’ος
1453 3850 1752 3923 Εὑαγγέλιοι

1935 3845 2044 3918 {uit
2076 3843 2419 3916 Epistolam.
2450 3845 2665 3898 Verum
2688 3843 2760 3899 sit
2787 3843 2918 3914 ejus
2946 3844 3124 3900 etiam
3157 3844 3362 3910 altera,
3393 3860 3530 3917 quas

157 3943 211 3996 ἓν
270 3939 656 4006 καταλέλοιπεν,
701 3938 963 4012 ὁμολογῶν
1014 3937 1275 3993 δύνασθαι
1331 3947 1564 3992 τοσαῦτα
1614 3945 1752 3999 ποιή·

1941 3948 2076 3989 men
2103 3933 2164 3988 in
2194 3931 2444 3988 dubium
2472 3937 2739 3988 vocatur.
2774 3932 2926 3997 Quid
2949 3947 3090 3988 vero
3128 3931 3203 3988 de
3236 3948 3305 3989 eo
3335 3933 3533 3988 dicen-

160 4051 298 4098 σειν,
331 4030 367 4083 ἅ
395 4027 497 4084 οὐδ
526 4029 539 4051 ’
570 4031 597 4082 6
634 4033 832 4101 κόσμος
860 4037 1112 4102 χωρῆσαι
1143 4025 1382 4084 ἐδύνατο.
1414 4027 1648 4104 Ἔγραψε
1703 4027 1755 4083 δί

1936 4039 2044 4087 1m,
2087 4021 2190 4093 qui
2231 4036 2414 4090 supra
2462 4025 2669 4091 pectus
2723 4023 2861 4076 Jesu
2914 4021 3206 4089 recubuit,
3247 4021 3531 4078 Joanne?

158 4126 257 4175 καὶ
301 4123 396 4179 τὴν
437 4121 450 4143 ’
485 4118 848 4192 Αποκάλυψιν,
888 4119 1178 4181 κελευσθεὶς
1229 4127 1521 4186 σιωπῆσαι,
1556 4123 1645 4172 καὶ
1692 4123 1753 4192 μὶ

1938 4112 1980 4167 li
2006 4109 2399 4180 Evangelium
2429 4125 2618 4165 unum
2648 4110 2725 4166 ad
2757 4114 3028 4182 posteros
3068 4111 3416 4177 transmisit,
3450 4115 3533 4168 tot

159 4208 379 4288 γράψαι
419 4210 510 4271 τὰς
550 4216 650 4260 τῶν
707 4207 839 4261 ἑπτὰ
886 4205 1120 4281 βροντῶν
1169 4209 1358 4280 φωνάς,
1421 4207 1754 4262 Καταλέλοιπε

1939 4200 2140 4257 ιεάθτθ
2178 4215 2355 4272 posse
2381 4197 2703 4271 professus,
2728 4203 2874 4270 quot
2914 4198 3232 4255 universus
3275 4215 3400 4256 non
3439 4215 3534 4256 ca-

159 4287 256 4354 καὶ
287 4299 300 4321 ⁹
349 4298 646 4356 Επιστολήν
683 4298 818 4350 πάνυ
856 4295 1043 4369 ὀλίγων
1100 4302 1303 4370 στίχων
1341 4317 1354 4331 ”
1402 4297 1538 4350 ἒστω
1591 4294 1650 4351 δε
1679 4301 1754 4350 κα]

1940 4295 2044 4348 aret
2071 4288 2355 4346 mundus.
2391 4287 2635 4360 Scripsit
2664 4303 2908 4360 quoque
2938 4289 3385 4362 Apocalypsim,
3409 4289 3535 4361 jus-

163 4387 420 4462 δευτέραν
449 4391 539 4440 καὶ
587 4391 770 4460 τρίτην
801 4403 816 4418 ⁸
873 4388 984 4440 ἐπεὶ
1027 4386 1087 4440 οὐ
1141 4388 1332 4449 πάντες
1366 4391 1498 4459 φασί
1549 4392 1758 4459 γνησίας

1936 4386 2193 4436 Istacere
2207 4383 2260 4434 et
2287 4393 2408 4433 non
2441 4377 2700 4433 scribere
2727 4383 2956 4450 septem
2979 4379 3305 4435 tonitruum
3334 4395 3531 4436 voces.

163 4476 304 4534 εἶναι
342 4479 529 4539 ταύτας
557 4494 570 4511 ·
626 4476 760 4536 πλην
802 4475 898 4530 οὐκ
943 4475 1049 4530 εἰσὶ
1104 4481 1306 4550 στίχων
1348 4474 1612 4551 ἀμφότερα
1657 4477 1758 4530 ἐκα‹

1940 4468 2134 4541 aliquit
2157 4467 2316 4523 idem
2345 4467 2678 4522 admodum
2726 4483 3063 4539 paucorum
3101 4483 3384 4524 versuum
3408 4469 3535 4540 Epi-

161 4573 279 4623 τόν.
329 4589 360 4622 ››
411 4565 527 4620 Ἔτι
577 4568 707 4642 πρὸς
757 4567 957 4626 τούτοις
998 4569 1117 4638 περὶ
1167 4573 1260 4627 τῆς
1313 4570 1444 4641 πρὸς
1503 4565 1756 4640 Ἑϐραίουι

1938 4557 2095 4614 olam
2116 4572 2127 4612 :
2151 4555 2256 4612 sed
2289 4555 2362 4612 sit
2393 4555 2520 4626 ejus
2547 4559 2604 4611 et
2623 4555 2909 4622 secunda,
2933 4563 3114 4629 atque
3143 4557 3322 4613 etiam
3347 4558 3533 4623 tertia.

164 4657 179 4680 ’
213 4655 510 4718 Επιστολῆς
564 4657 615 4709 ἐν
674 4661 788 4716 ταῖς
837 4673 908 4718 εις
967 4659 1062 4713 τὴν
1109 4655 1271 4714 αὐτὴν
1330 4655 1560 4728 ὁμιλίαις
1604 4664 1759 4708 ταῦτα

1943 4663 2034 4702 ias
2061 4661 2182 4702 non
2204 4659 2414 4702 omnes
2445 4659 2768 4714 germanas
2790 4660 2922 4700 esse
2941 4650 3171 4716 putant,
3203 4651 3261 4701 et
3283 4649 3538 4718 utraque

165 4744 518 4819 διαλαμϐάνει
549 4765 564 4780 ο
597 4743 651 4797 α⁴
683 4751 782 4796 Οτι
811 4745 837 4796 6
875 4748 1157 4819 χαρακτὴρ
1189 4752 1286 4806 τῆς
1313 4743 1492 4807 λέξεως
1518 4752 1615 4808 τῆς
1645 4748 1760 4820 πρὸς

1944 4739 2120 4791 ιῐιίιεω
2159 4748 2365 4788 versus
2397 4748 2518 4790 non
2545 4733 2794 4789 excedit.
2836 4753 2861 4785 α
2895 4734 2986 4789 Ad
3016 4733 3144 4790 haee
3174 4733 3248 4790 de
3276 4733 3539 4806 Epistola

162 4835 442 4912 Ἐϐραίους
495 4833 948 4909 ἐπιγεγραμμένης
997 4832 1306 4896 Ἐπιστολῆς
1369 4833 1463 4886 οῦκ
1533 4836 1650 4906 ἔχει
1712 4837 1757 4886 τί

1937 4823 1960 4879 l
2036 4822 2310 4878 Hebraeos
2358 4821 2418 4877 in
2467 4822 2736 4891 ejusdem
2783 4822 3045 4878 homiliis
3103 4823 3232 4879 haec
3293 4822 3469 4878 refert
3520 4838 3532 4876 :

164 4929 218 4981 ἐν
275 4925 414 4997 λόγῳ
471 4920 762 4988 ἰδιωτικόν,
825 4929 920 4976 τοῦ
990 4922 1286 4976 ἀποστόλου
1353 4922 1759 4995 ὁμολογήσαντος

1945 4912 2137 4984 Stylus
2164 4915 2221 4967 et
2240 4911 2494 4967 elocutio
2519 4910 2794 4984 Epistolas
2827 4911 2903 4966 ad
2926 4911 3203 4968 Hebraeos
3235 4912 3537 4982 inscriptas

166 5016 357 5070 ἑαυτὸν
410 5010 628 5073 ἰδιώτην
660 5010 788 5066 εἶναι
826 5021 899 5084 τῷ
941 5012 1101 5086 λόγῳ,
1151 5016 1392 5066 τουτέστι
1447 5019 1510 5085 τῇ
1565 5014 1761 5084 φράσει.

1945 5017 2007 5059 ω
2037 5000 2264 5058 redolet
2293 5001 2623 5072 genuinum
2653 5006 2710 5055 et
2748 4999 3054 5056 rudiorem
3093 5000 3360 5072 Apostoli
3397 5000 3540 5056 duc-

167 5104 316 5161 Ἀλλ’
345 5106 486 5157 εστιν
511 5105 543 5162 ἠ
592 5102 605 5125 ’
641 5101 903 5162 Επιστολὴ
947 5105 1187 5156 συνθέσει
1232 5110 1331 5163 τῆς
1380 5100 1556 5164 λέξεως
1600 5100 1762 5160 Ἐλληι

1943 5107 2015 5148 im
2049 5109 2067 5144 :
2089 5090 2188 5161 qui
2240 5089 2504 5161 seipsum
2537 5089 2751 5144 rudem
2790 5104 2918 5143 esse
2953 5089 3257 5160 professus
3281 5095 3373 5144 est
3413 5105 3538 5145 ser-

169 5197 447 5268 νικωτέρα.
497 5197 609 5254 Πᾶς
654 5193 681 5245 ὁ
734 5191 1071 5265 ἐπιστάμενος
1127 5195 1317 5266 κρίνειν
1372 5193 1612 5266 φράσεων
1661 5187 1764 5243 δια·

1945 5196 2087 5248 οηθ,
2119 5179 2234 5235 hoc
2285 5184 2390 5243 est,
2436 5177 2787 5234 elocutione.
2820 5181 2890 5232 At
2941 5177 3196 5250 Epistola
3217 5194 3289 5235 ea
3332 5179 3540 5235 verbo-

172 5284 336 5358 φορδις
387 5281 716 5356 ὁμολογήσαι
752 5283 836 5338 ἄν.
888 5282 1048 5336 Πάλιν
1087 5300 1142 5334 τε
1188 5277 1276 5348 αὖ,
1319 5285 1399 5334 ὅτι
1426 5282 1494 5334 τὰ
1543 5285 1767 5354 νοήματα

1944 5285 2023 5326 im
2050 5268 2481 5340 compositione
2511 5265 2803 5337 majorem
2829 5265 3014 5322 habet
3039 5267 3220 5322 Graeci
3245 5267 3539 5323 sermonis

173 5354 277 5435 τῆς
311 5354 623 5432 Ἐπιστολῆς
677 5371 952 5445 θαυμάσιά
1002 5369 1137 5439 ἐστι,
1169 5375 1259 5423 καὶ
1308 5370 1366 5423 ού
1409 5366 1628 5443 δευτέρα
1677 5378 1768 5422 τῶν

1948 5362 2285 5414 :nustatem.
2319 5356 2381 5411 ld
2431 5370 2596 5420 sane,
2637 5354 2984 5427 quicunque
3029 5354 3102 5410 de
3135 5355 3543 5412 elocutionum

171 5461 538 5518 ἄποστολικῶν
581 5443 1004 5536 ὁμολογουμένων
1043 5460 1368 5534 γραμμάτων
1416 5476 1431 5492 °
1485 5463 1576 5514 καὶ
1625 5465 1766 5514 τοῦτι

1944 5445 2236 5504 iﬁerentiis
2270 5443 2543 5517 judicare
2581 5448 2794 5516 potest,
2835 5444 3229 5516 proﬁtebitur.
3257 5445 3539 5502 Rursum.

170 5619 176 5636 ι
258 5647 340 5725 (1)
368 5645 588 5708 Euseb.
617 5645 722 5708 lib.
749 5662 826 5717 γι,
851 5660 988 5720 cap.
1011 5648 1101 5703 25.
