4000 6220
559 269 698 323 1103

1851 265 2238 323 NICEPHORI
2278 266 2591 324 CALLISTI

3721 275 3827 330 1104

543 394 710 468 quod
733 395 1040 452 sententias
1061 393 1334 465 ejusdem
1355 392 1629 465 Epistole
1643 392 2016 450 admirandae
2035 408 2181 466 pror

2310 391 2370 444 ἃν
2421 397 2700 466 συμφήσαι
2752 388 2880 447 εἶναι
2926 389 3113 454 ἄληθες
3157 399 3262 454 πᾶς
3291 394 3318 444 ὁ
3346 397 3610 466 προσέχων
3644 403 3695 469 τῇ
3738 397 3831 452 ἀνα.

543 500 644 539 sus
661 485 800 551 sint,
834 491 888 540 et
915 500 951 540 a
983 484 1218 556 scriptis
1257 483 1341 539 eis
1387 499 1522 555 qum
1553 499 1625 538 ex
1650 481 1922 554 professo
1961 487 2201 554 aposto-

540 571 655 629 lica
699 573 1019 638 habentur,
1056 572 1304 628 minime
1345 572 1648 635 secundas,
1673 571 1852 643 366
1899 576 1956 627 et
2002 571 2064 626 id
2091 571 2198 644 qui

541 667 758 718 attente
805 662 866 718 in
924 661 1261 733 apostolica
1319 661 1570 717 lectione
1612 669 1705 716 est
1749 666 2037 726 versatus,
2074 675 2196 716 non

538 751 802 820 negabit.
838 773 866 802 »
923 751 1144 807 Deinde
1198 750 1302 807 illa
1349 749 1697 822 subjungit:
1730 750 1908 821 «Ego
1950 749 2197 822 quidem

540 839 830 912 judicium
910 856 1115 896 meum
1173 839 1486 897 declarans
1542 839 1814 904 dixerim,
1877 840 2197 894 sententias

537 943 784 1000 prorsus
823 928 1086 1002 Apostoli
1110 945 1242 985 esse
1268 945 1280 984 :
1307 928 1707 985 elocutionem
1738 930 1940 984 autem
1966 932 2020 983 et
2053 942 2194 983 con-

535 1022 784 1085 textum,
842 1018 1098 1089 alicujus
1146 1018 1253 1090 qui
1307 1017 1636 1090 apostolica
1689 1017 1846 1073 dicta
1890 1016 2195 1072 memorias

535 1108 729 1177 gratia
754 1108 814 1163 in
863 1109 1146 1178 scriptum
1195 1107 1474 1172 retulerit,
1509 1111 1564 1163 et
1611 1106 1794 1162 verba
1835 1105 2102 1176 magistri
2133 1104 2195 1160 in

534 1197 1036 1252 commentarium
1066 1196 1364 1253 adnotans
1400 1195 1711 1265 redegerit.
1746 1197 1950 1267 Itaque
1978 1193 2024 1249 si
2057 1210 2193 1266 quas

532 1285 781 1342 ecclesia
804 1285 1128 1357 Epistolam
1160 1302 1295 1341 eam
1318 1301 1429 1356 pro
1468 1285 1716 1341 Paulina
1750 1284 1952 1348 habet,
1985 1284 2193 1340 merito

533 1389 604 1430 ea
626 1375 736 1430 isto
769 1375 1010 1430 nomine
1054 1375 1209 1430 bene
1249 1375 1474 1430 audiat.
1503 1377 1630 1430 Non
1661 1374 1878 1429 frustra
1899 1374 2058 1429 enim
2100 1388 2194 1428 ve.

535 1469 682 1519 teres
727 1479 864 1519 eam
891 1464 1069 1519 Paulo
1103 1464 1451 1535 ascripsere.
1486 1463 1595 1529 Qui
1637 1478 1774 1519 vero
1811 1467 2020 1518 auctor
2057 1465 2190 1532 ejus

531 1551 734 1626 scripti
763 1554 858 1618 sit,
887 1553 1055 1608 solus
1078 1553 1138 1608 id
1169 1558 1330 1608 certo
1371 1552 1537 1608 novit
1567 1554 1742 1608 Deus.
1765 1557 1836 1607 At
1873 1552 2031 1606 enim
2053 1567 2189 1622 qua

529 1642 608 1698 ad
662 1658 772 1698 nos
815 1642 1082 1713 pervenit
1127 1642 1420 1698 memoria
1457 1657 1680 1708 rerum,
1730 1641 1948 1713 partim
2003 1657 2039 1695 a
2071 1639 2191 1696 Clev

2308 485 2500 552 γνώσει
2553 488 2616 553 τῇ
2673 479 3019 553 ἀποστολικῇ.
3052 502 3079 530 ››
3138 479 3355 535 Ἔπειτα
3420 481 3632 558 ἐπιφέρει
3674 483 3830 556 λέγων’

2313 593 2340 620 ‹‹
2401 571 2533 641 Ἐγὼ
2585 566 2644 623 δὲ
2715 569 3144 642 ἀποφαινόμενος,
3204 569 3397 643 εἴποιμ’
3448 570 3509 622 ἆν
3563 573 3636 629 ὅτι
3682 577 3738 626 τὰ
3773 580 3836 648 μιν

2307 664 2545 731 νοήματα
2594 667 2686 712 τοῦ
2731 659 3054 714 Ἀποστὸλου
3110 662 3250 714 ἐστίν
3283 678 3296 691 ·
3331 663 3361 720 ἡ
3405 656 3466 713 δὲ
3515 665 3682 735 φράσις
3716 669 3833 723 καὶή

2311 752 2552 810 σύνθεσις
2630 747 3178 822 ἀπομνημονεύσαντός
3236 768 3376 811 τινος
3441 752 3506 806 τὰ
3557 749 3836 818 ἁποστολικά,

2305 843 2396 894 καὶ
2469 841 2691 912 ὡσπερεὶ
2747 838 3310 912 σχολιογραφήσαντος
3369 841 3434 891 τὰ
3509 838 3729 912 εἰρημένα
3769 843 3836 896 ὑπὸ

2305 935 2397 980 τοῦ
2427 923 2463 980 δ
2468 923 2782 985 ιδασκάλου.
2827 931 2891 983 Εἰ
2918 947 2999 991 τις
3035 924 3123 980 οὖν
3161 926 3416 987 ἐκκλησία
3444 930 3555 1000 ἴχει
3580 932 3752 987 ταύτην
3775 936 3835 990 τήν

2306 1016 2617 1076 Ἐπιστολὴν
2669 1019 2739 1078 ὡς
2804 1016 3034 1084 Παύλου,
3077 1017 3211 1076 αὕτη
3267 1013 3607 1090 εὐδοκιμείτω
3661 1023 3738 1070 καὶ
3783 1019 3838 1074 ἐπὶ

2304 1108 2490 1177 τούτῳ.
2541 1105 2619 1158 Οὐ
2657 1107 2758 1179 γὰρ
2812 1106 2922 1180 εἰκῇ
2983 1108 3032 1159 οἱ
3075 1105 3299 1181 ἀρχαῖοι
3350 1103 3532 1180 ἄνδρες
3575 1109 3641 1164 ὡς
3682 1108 3836 1164 Παύλου

2304 1195 2466 1254 αὐτὴν
2491 1191 2930 1270 παραδεδώκασι.
2970 1200 3064 1257 Τίς
3099 1194 3158 1249 δε
3200 1197 3225 1248 ὁ
3273 1195 3484 1269 γράψας
3528 1200 3618 1255 τήν
3653 1195 3840 1250 Ἐπιστο-

2302 1283 2414 1350 λὴν,
2465 1287 2524 1337 τό
2575 1287 2666 1356 μὲν
2712 1283 2900 1346 ἄληθες
2929 1287 3055 1346 Θεὸς
3083 1281 3225 1339 οἶδεν
3258 1302 3270 1314 '
3314 1286 3344 1343 ἡ
3398 1282 3457 1338 δὲ
3505 1283 3576 1347 εἰς
3602 1287 3728 1356 ἡμᾶς
3751 1288 3840 1356 φθεὶ-

2305 1393 2449 1426 σασα
2503 1375 2712 1445 ἱστορία
2749 1375 2849 1427 ὑπό
2897 1393 3046 1427 τινων
3099 1377 3190 1447 μὲν
3219 1373 3467 1446 λεγόντων
3499 1374 3579 1428 ὅτι
3615 1373 3841 1446 Κλὴμοςὸ

2300 1467 2566 1535 γενόμενος
2613 1465 2898 1525 ἐπίσκοπος
2950 1462 3212 1536 Ῥωμαίων
3258 1463 3454 1535 ἔγραψε
3500 1467 3593 1523 τὴν
3655 1463 3842 1521 Ἐπιστο-

2299 1550 2412 1617 λὴν,
2455 1553 2553 1606 ὑπό
2583 1572 2734 1605 τινων
2781 1549 2860 1619 δὲ,
2911 1553 2992 1606 ὅτι
3021 1558 3232 1614 Λουκᾶς
3261 1553 3288 1605 ὁ
3320 1552 3535 1627 ’γράψας
3584 1555 3639 1606 τό
3667 1552 3844 1624 Eutr/7i-

2298 1641 2402 1694 λιον
2433 1644 2643 1704 καὶτὰς
2680 1642 2920 1713 Πράξεις.
2954 1664 2982 1694 ››
3038 1649 3217 1697 Ταῦτα
3257 1645 3346 1714 μεν
3400 1641 3476 1696 ἐπ’
3513 1639 3843 1715 Ἀλεξανδρείας
3946 1653 3947 1668 ‘

528 1736 727 1787 mente
750 1734 1022 1787 Romano
1045 1733 1349 1804 episcopo,
1384 1731 1600 1802 partim
1627 1749 1663 1787 a
1692 1731 1852 1786 Luca
1881 1729 1987 1802 qui
2007 1730 2181 1786 Evan-

2299 1729 2621 1803 ἐξηγήσατο·
2671 1731 2707 1784 ἃ
2757 1729 2809 1784 δ’
2838 1734 2886 1784 ἐν
2932 1731 3254 1807 Παλαιστίνῃ
3291 1728 3579 1808 διατρίϐων
3622 1735 3704 1785 καὶ
3946 1773 3947 1823 ἦ

527 1821 748 1891 gelium
779 1825 834 1877 et
881 1821 1293 1893 apostolorum
1331 1823 1477 1877 Acta
1513 1821 1766 1892 scripsit,
1803 1821 2026 1877 editam
2058 1835 2188 1876 esse

2297 1827 2423 1892 χοῦ.
2451 1823 2637 1896 μικρὸν
2667 1821 2884 1896 ὕστερον
2920 1823 3152 1895 ἐροῦμεν.

527 1910 729 1968 tradit.
766 1931 792 1962 ι
833 1912 1022 1982 Atque
1081 1911 1210 1966 haec
1270 1910 1517 1982 quidem
1573 1909 1855 1981 Origenes
1901 1909 2276 1966 Alexandrina
2327 1911 2686 1982 composuit.
2737 1911 2880 1977 Qum
2927 1926 3067 1968 vero
3119 1909 3184 1967 in
3240 1909 3579 1975 Palastina,
3641 1915 3696 1968 at
3741 1907 3846 1966 alibi
3945 1919 3947 1982 λ

525 2005 818 2065 versatus,
860 1999 1188 2056 lucubrans
1215 1999 1488 2065 ediderit,
1525 1999 1706 2072 paulo
1736 2003 1874 2072 post
1902 1998 2368 2056 recensebimus.

1150 2123 1371 2182 CAPUT
1413 2123 1572 2178 XVII.

636 2214 716 2271 De
750 2213 1063 2270 Mammwa
1083 2213 1462 2283 imperatoris
1487 2212 1839 2270 Alexandri
1858 2218 2068 2270 matre.

593 2393 730 2448 Post
748 2392 1115 2448 Antoninum
1154 2391 1250 2464 (1),
1283 2393 1388 2464 qui
1405 2406 1599 2447 annos
1621 2395 1848 2463 septem
1866 2394 1924 2447 et
1941 2405 2179 2447 menses

522 2497 624 2538 sex
647 2484 930 2538 Romanae
955 2481 1035 2537 rei
1079 2481 1333 2554 praefuit,
1379 2480 1670 2538 Macrinus
1705 2482 1782 2552 (2)
1813 2496 1948 2536 eam
1987 2479 2178 2536 admi-

517 2570 822 2627 nistravit:
863 2570 966 2642 qui
1020 2571 1287 2626 nondum
1336 2571 1566 2639 integro
1612 2573 1822 2626 exacto
1869 2585 2032 2625 anno
2076 2585 2176 2625 ex-

519 2662 789 2730 stinctus,
819 2660 982 2716 alteri
1005 2659 1307 2716 Antonino
1328 2660 1561 2732 imperii
1580 2676 1886 2716 summam
1916 2665 2178 2733 quatuor

516 2754 749 2806 tantum
773 2765 964 2805 annos
983 2750 1358 2805 retinendam
1382 2749 1640 2820 reliquit.
1667 2749 1851 2820 Cujus
1869 2763 2179 2804 successor

517 2839 841 2910 imperator
867 2838 1196 2895 Alexander
1238 2838 1366 2894 fuit.
1415 2838 1598 2908 Hujus
1640 2838 1958 2893 Alexandri
1987 2843 2178 2894 mater

515 2929 827 2983 Mammaea
856 2927 1122 2991 nomine,
1159 2925 1497 2982 celebritate
1534 2926 1709 2983 fama:
1748 2927 2015 2997 Origenis
2041 2942 2177 2997 per-

515 3020 700 3081 mota,
730 3015 1042 3087 explorare
1068 3022 1248 3089 atque
1278 3031 1639 3086 cognoscere
1667 3016 1726 3070 in
1751 3015 1965 3070 divinis
1995 3015 2174 3071 rebus

515 3104 595 3162 ab
653 3105 937 3160 omnibus
983 3105 1292 3161 laudatam
1345 3105 1655 3160 scientiam
1687 3111 1743 3160 et
1793 3104 2174 3176 prudentiam

515 3194 646 3265 ejus
687 3194 805 3265 (pie
846 3193 1003 3249 enim
1031 3193 1239 3249 divina
1264 3193 1517 3260 colebat,
1541 3192 1952 3265 moribusque,
1974 3191 2020 3247 si
2037 3209 2174 3265 quae

514 3282 652 3352 alia,
680 3287 735 3339 et
767 3283 899 3355 ipsa
947 3283 1210 3338 maxime
1264 3282 1445 3338 castis
1472 3287 1531 3338 et
1577 3283 1862 3338 modestis
1904 3283 2048 3353 erat)
2076 3299 2174 3338 cu-

513 3373 851 3444 piens,cum
871 3371 1196 3428 Antiochiae
1223 3375 1399 3441 esset,
1423 3370 1620 3428 virum
1644 3387 1713 3427 eo
1735 3371 1814 3427 ad
1838 3387 1898 3427 se
1918 3371 2173 3428 honesto

2902 2130 3146 2180 ΚΕΦΑΛ.
3179 2125 3279 2178 IZ'.

2289 2216 2443 2288 Περὶ
2481 2218 2793 2286 Μαμαίας
2821 2221 2895 2273 τῆ
2917 2235 2938 2276 ς
2961 2222 3068 2268 τοῦ
3104 2211 3843 2289 βασιλέως”’Δ”λεΕάνδρον

2958 2291 3225 2359 μητρός.

2360 2395 2459 2445 Τὸν
2515 2388 2568 2445 δ’
2624 2391 2944 2462 Ἀντωνῖνον,
2998 2393 3076 2446 ἐπ’
3108 2395 3196 2452 ἔτη
3252 2393 3301 2454 ζ’
3358 2397 3448 2446 καὶ
3510 2401 3670 2466 μῆνας
3703 2392 3751 2456 ἐξ
3778 2398 3845 2450 τὴν

2285 2479 2547 2553 Ῥωμαίων
2596 2483 2963 2554 ἡνιοχήσαντα
3022 2481 3319 2555 βασιλείαν,
3400 2489 3667 2558 Μακρῖνος
3722 2483 3845 2540 αὐτὴν

2289 2566 2604 2642 διαδέχεται
2637 2592 2651 2605 ·
2703 2571 2760 2632 ὃς
2797 2569 2914 2625 οὐδ’
2968 2571 3045 2624 ἐπ’
3100 2575 3333 2625 ἐνιαυτόν
3373 2568 3701 2645 δια-γεγονὼς,
3738 2569 3849 2631 αὖθις

2287 2659 2440 2735 ἑτέρῳ
2487 2660 2775 2733 Ἀντωνίνῳ
2834 2661 3131 2714 καταλείπει
3168 2665 3228 2715 τό
3261 2663 3449 2738 κράτος
3483 2679 3497 2692 ·
3542 2663 3605 2715 οὗ
3633 2657 3848 2732 διάδοχος

2284 2747 2546 2820 Ῥωμαίων
2629 2749 2964 2825 αὐτοκράτωρ
3057 2747 3404 2822 Ἀλέξανδρος
3506 2747 3849 2816 ἀναδείκνυται,

2286 2837 2588 2890 Ἀντωνίνου
2644 2842 2882 2915 τέσσαρα
2937 2842 3024 2898 ἔτη
3084 2844 3217 2912 μόνα
3271 2844 3365 2898 τὴν
3446 2841 3718 2912 ἠγεμονίαν
3757 2857 3850 2889 κατ·

2284 2929 2597 2999 ἐσχηκότος.
2650 2931 2848 2982 Τούτου
2889 2924 2958 2987 δὴ
3007 2936 3098 2981 τοῦ
3152 2926 3500 3002 Ἀλεξάνδρου
3532 2933 3718 3002 μότηρ,
3767 2935 3850 2981 Μα-

2283 3020 2419 3089 μαὶα
2452 3020 2632 3089 ὄνομα,
2674 3020 2811 3070 κατὰ
2857 3024 3032 3091 φήμην
3085 3019 3380 3092 Ὠριγένους
3417 3022 3517 3076 τὴν
3559 3017 3736 3090 ψυχὴν
3761 3012 3851 3068 διαο

2286 3107 2649 3181 θερμανθεῖσα,
2720 3113 2900 3182 πεῖραν
2953 3111 3066 3180 ᾔτει
3147 3107 3319 3160 λαϐεῖν
3375 3115 3467 3168 τῆς
3546 3104 3642 3160 διὰ
3688 3105 3850 3159 πάντων

2283 3194 2630 3267 ἐπιϐοωμένης
2688 3199 2875 3249 τούτου
2950 3201 3068 3271 περὶ
3136 3200 3202 3250 τὰ
3281 3200 3393 3250 θεῖα
3449 3201 3724 3260 συνέσεως.
3777 3195 3848 3247 Ἦν

2282 3286 2384 3357 γὰρ
2442 3286 2473 3343 ἡ
2506 3289 2637 3355 γυνὴ
2678 3285 2925 3349 θεοσεϐὴς
2982 3286 3172 3358 μᾶλλον
3229 3290 3318 3339 καὶ
3356 3290 3443 3339 τόν
3501 3291 3694 3360 τρόπον
3743 3287 3849 3358 εἴπερ

2283 3392 2364 3435 τις
2397 3374 2631 3446 μάλιστα
2660 3373 2899 3438 εὐλαϐής.
2932 3374 3046 3428 Ἐπ’
3087 3377 3419 3446 Ἀντιοχείας
3461 3382 3737 3449 τοιγαροῦν
3761 3371 3851 3426 διαο

514 3462 784 3518 militaris
840 3477 1056 3518 manus
1103 3460 1374 3516 satellitio
1407 3464 1465 3516 et
1507 3461 1794 3517 comitatu
1832 3462 2162 3519 accersivit.

2290 3461 2560 3536 τρίϐουσα,
2613 3460 2904 3539 δορυφορίᾳ
2957 3464 3116 3538 πολλῇ
3191 3467 3278 3517 τόν
3345 3461 3522 3539 ἄνδρα
3583 3465 3687 3518 ἐκεῖ
3730 3482 3852 3537 μετι-

512 3551 596 3607 lbi
629 3551 721 3606 ille
744 3550 886 3606 satis
903 3549 1009 3605 diu
1028 3551 1272 3607 mansit.
1303 3549 1572 3620 Cumque
1595 3565 1730 3606 eam
1751 3549 2027 3607 doctrina
2040 3567 2168 3616 sua,

509 3641 593 3696 ita
633 3646 694 3695 ut
735 3655 846 3711 par
884 3646 1027 3705 erat,
1068 3639 1146 3694 ad
1171 3637 1358 3694 divini
1403 3638 1567 3694 verbi
1602 3638 2067 3712 Christianseque
2089 3640 2173 3695 di-

513 3729 776 3800 sciplinae
805 3744 1074 3784 amorem
1107 3729 1442 3793 excitasset,
1461 3729 1778 3800 eidemque
1799 3729 1896 3784 Dei
1913 3730 1967 3784 in
1992 3729 2172 3785 rebus

511 3819 795 3873 omnibus
825 3817 937 3873 Sibi
978 3833 1328 3874 concessam
1369 3817 1623 3888 gratiam
1669 3817 2060 3882 exhibuisset,
2096 3819 2174 3874 ad

512 3911 870 3963 consuetum
909 3907 1020 3963 sibi
1055 3906 1195 3962 inde
1226 3905 1446 3962 scholas
1500 3922 1625 3961 suae
1669 3904 1940 3962 laborem
1963 3912 2051 3962 est
2087 3921 2176 3963 re-

510 4011 742 4054 versus.

1023 4085 1195 4157 367
1242 4084 1467 4140 CAPUT
1509 4083 1694 4138 XVIII.

526 4191 598 4249 Ut
629 4190 691 4247 in
716 4191 1039 4248 Palzstma
1054 4192 1333 4262 Origenes
1357 4192 1437 4247 ad
1443 4189 1781 4262 presbyteri
1809 4190 2089 4248 honorem
2101 4191 2177 4248 sit

587 4273 839 4329 evectus,
864 4270 918 4319 et
940 4263 1044 4334 qui
1063 4261 1418 4319 successores
1443 4265 1572 4332 ejus
1594 4265 1656 4318 in
1677 4261 1889 4319 schala
1909 4264 2175 4321 Alexan-

583 4335 763 4391 drina
784 4333 1036 4405 fuerim.

584 4443 770 4513 Hujus
792 4441 1166 4514 imperatoris
1192 4440 1581 4513 temporibus.
1608 4439 2020 4497 ecclesiasticis
2044 4443 2171 4515 qui-

509 4531 773 4589 busdam
790 4530 1100 4586 laboribus
1131 4529 1634 4599 ﬂagitantibus,in
1667 4529 1954 4585 Graeciam
1986 4537 2172 4587 trans-

510 4624 804 4678 missurus
857 4621 1138 4690 Origenes
1191 4619 1272 4688 (3)
1333 4618 1711 4675 Palaastinam
1763 4619 1945 4675 adiit:
1989 4620 2171 4676 eccle-

508 4710 871 4782 siasticoque
884 4708 963 4764 ibi
980 4707 1332 4779 presbyterii
1345 4707 1594 4773 honore,
1611 4723 1717 4778 per
1733 4708 2170 4780 impositionem

2287 3551 2570 3609 στέλλεται.
2602 3554 2685 3607 Ἐν
2780 3559 2871 3606 καὶ
2903 3550 3191 3628 διατρίψας
3233 3559 3424 3629 χρόνον
3471 3559 3694 3628 συχνόν,
3722 3552 3852 3606 πολλὰ

2283 3659 2337 3693 τε
2375 3642 2477 3694 ὅσα
2530 3637 2590 3700 ἦν
2644 3642 2782 3704 εἰκὸς
2820 3642 3014 3702 ἐκείνην
3068 3645 3154 3696 ἐπὶ
3184 3649 3272 3696 τόν
3319 3646 3450 3696 θεῖον
3498 3643 3652 3716 λοιγόν
3680 3646 3761 3696 καὶ
3783 3647 3853 3700 τῆς

2285 3733 2335 3783 ἐν
2387 3730 2539 3806 ἀρετῇ
2593 3727 2944 3794 διδασκαλίας
2991 3738 3360 3807 παρορμήσας,
3405 3735 3496 3787 καὶ
3542 3739 3639 3793 τόν
3676 3737 3851 3785 ἐνοῦσαν

2285 3819 2358 3893 ἐφ’
2410 3821 2580 3874 ἅπασι
2643 3823 2806 3894 χάριν
2863 3818 3276 3897 ἐπιδειξάμενος,
3335 3823 3419 3877 ἐπὶ
3475 3827 3577 3883 τήν
3645 3822 3696 3886 ἐξ
3740 3823 3851 3880 ἔθους

2284 3909 2436 3964 πάλιν
2468 3909 2677 3985 ἐπανῄει
2707 3907 3007 3987 διατριϐήν.
3233 3903 3242 3912 ⁸

2881 4095 3124 4144 ΚΕΦΔΛ.
3166 4090 3279 4145 III'.

2282 4192 2377 4258 Ὠς
2415 4195 2492 4284 ἓν,
2515 4193 2913 4287 Παλαιστλίνῃ
2947 4195 3297 4286 Ὠριγένης.
3323 4203 3435 4286 τῆος
3475 4205 3599 4287 τοξ
3621 4192 3847 4287 πρεσϐυ-

2353 4272 2572 4339 τερίου
2606 4267 3142 4342 Αήξιῴθηᾷτιμῆς.
3183 4274 3306 4342 Καὶ
3343 4273 3519 4333 τίνες
3560 4267 3849 4341 διάδοχοι

2353 4336 2467 4401 τῆς
2503 4341 2567 4391 ἐν
2605 4336 3066 4414 Ἀλεξανδρεία
3103 4341 3375 4412 σχολῆς.

2355 4448 2502 4498 Κατὰ
2557 4441 2625 4504 δὴ
2698 4449 2782 4500 τὸν
2841 4451 3032 4521 χρόνον
3087 4449 3276 4500 τούτου
3335 4455 3427 4500 τοῦ
3477 4448 3848 4522 αὐτοκράτορος,

2280 4535 2727 4593 ἑκκλησιαστικῶν
2809 4533 2876 4595 δή
2949 4556 3099 4590 τινων
3164 4541 3582 4610 κατεπειγόντων
3639 4537 3849 4611 πραγριέ·

2278 4643 2378 4676 των
2435 4627 2519 4677 ἐπὶ
2565 4629 2659 4682 τὴν
2702 4623 2925 4679 Ἐλλάδα
2982 4625 3332 4700 στελλόμενος,
3390 4624 3484 4680 διὰ
3535 4627 3849 4683 Παλαιστίνης

2281 4712 2386 4783 ἰὼν,
2439 4718 2528 4766 καὶ
2579 4721 2670 4766 τοῦ
2723 4713 3169 4774 ἐκκλησιαστικοῦ
3215 4715 3565 4779 καταξιοῦται
3613 4714 3846 4793 πρεσϐείου

505 4816 798 4857 manuum
813 4801 938 4872 ejus
959 4797 1528 4869 lociepiscoporum,
1547 4795 1888 4852 Alexandro
1902 4802 2165 4866 auctore,

2293 4806 2570 4874 Ωριγένης,
2625 4809 2726 4855 τῶν
2773 4800 2897 4877 τῇδ’
2953 4803 3250 4858 ἐπισκόπων
3309 4804 3358 4858 ἐν
3414 4810 3730 4882 Καισαρείᾳ,
3786 4809 3847 4862 τες

507 4889 787 4945 Caesarea:
813 4887 1064 4960 Philippi
1088 4893 1353 4942 ornatur.
1389 4885 1610 4940 Verum
1643 4901 1778 4957 quae
1803 4886 2080 4942 simultas
2096 4903 2168 4944 ea

505 4980 580 5035 de
624 4994 807 5035 causa
853 4979 1004 5033 inter
1027 4976 1410 5032 ecclesiarum
1446 4973 1736 5030 antistites
1776 4975 2082 5041 sitexorta,
2111 4982 2169 5034 et

503 5073 801 5142 quantum
851 5082 1048 5137 operae
1098 5070 1279 5137 atque
1312 5064 1536 5120 laboris
1567 5065 1692 5135 ipse
1723 5064 1925 5121 vivida
1969 5065 2169 5123 adhuc

505 5163 676 5214 aetate
708 5158 769 5212 in
796 5172 996 5212 sacras
1027 5155 1268 5210 Litteras
1298 5152 1698 5209 collocaveriti
1737 5154 1902 5225 quod
1924 5154 2166 5212 alterius

506 5249 622 5304 sint
649 5246 911 5304 historiae
943 5250 1122 5316 atque
1166 5241 1624 5310 lucubrationis,
1653 5258 1721 5300 ex
1772 5242 1905 5300 aliis
1933 5260 2002 5300 ea
2030 5246 2168 5301 scri-

579 5392 659 5463 (t)
700 5389 1034 5463 Antoninus
1082 5385 1384 5463 Caracalla
1421 5402 1460 5463 ο.
1497 5387 1660 5463 vesie
1701 5386 1876 5463 talari
1924 5387 2164 5463 Gallica,

508 5457 694 5530 quam
747 5460 912 5517 militi
945 5465 998 5514 et
1052 5457 1278 5530 populo
1318 5457 1516 5530 dedit,
1545 5457 1628 5512 sic
1681 5457 1892 5530 dictus,
1923 5457 2164 5514 fratrem

510 5528 713 5586 Getam
743 5533 1035 5587 Caesarem
1057 5528 1308 5584 'in‘sinu
1347 5529 1556 5584 matris
1594 5528 1832 5586 occidit.
1867 5534 1923 5586 et
1955 5544 2164 5586 nover-

508 5615 647 5663 cam
669 5601 886 5660 Juliam
909 5615 1159 5660 uxorem
1179 5598 1370 5657 duxit.

2279 4890 2534 4944 Φιλίππου
2575 4893 2881 4965 ἐπιθεμένων
2937 4895 3034 4956 τὰς
3088 4900 3276 4970 χεῖρας
3331 4897 3494 4965 αὐτῷ,
3537 4890 3846 4962 Ἀλεξάνδρου

2277 4980 2648 5056 κατάρξαντος.
2719 4979 2854 5036 Ἀλλ’
2908 4983 3011 5036 ὅσα
3069 4988 3160 5056 μὲν
3218 4984 3304 5036 ἐπὶ
3360 4986 3526 5055 τούτῳ
3579 4981 3678 5038 διὰ
3722 4988 3846 5036 rain

2277 5074 2570 5142 γεγένηται,
2625 5075 2716 5123 καὶ
2775 5073 2909 5132 ὅπως
2973 5073 3022 5125 οἱ
3091 5081 3192 5125 τῶν
3265 5072 3557 5132 ἐκκλησιῶν
3648 5077 3846 5146 ἡγεμόνες

2278 5163 2608 5218 κατέστησαν
2662 5161 2731 5222 εἰς
2779 5157 3052 5235 διαφορὰν,
3112 5164 3214 5216 ὅσα
3259 5180 3312 5216 τε
3367 5162 3499 5216 ἅλλα
3530 5165 3611 5216 ἔτι
3666 5162 3844 5234 impia;

2279 5249 2345 5301 ὧν
2399 5251 2483 5302 ἐπὶ
2540 5254 2634 5309 τὴν
2673 5257 2774 5303 τῶν
2821 5252 2967 5304 θείων
3021 5250 3187 5326 λόγων
3247 5248 3488 5312 σπουδὴν
3543 5257 3840 5310 κατετείνετθ,
3946 5248 3947 5294 ἶ

2347 5389 2442 5462 (Ξλ
2459 5390 2686 5462 Opilius
2711 5392 3026 5457 Macrinus,
3068 5394 3407 5450 Antoninus
3433 5392 3840 5462 Heliogabalus

2275 5461 2476 5538 Aurel:
2502 5461 2837 5538 Alexander
2876 5467 3148 5538 Severus.
3180 5466 3574 5538 imperatores
3603 5461 3838 5538 Romani;

2344 5533 2426 5606 (3)
2440 5534 2978 5595 Convincendorum
2996 5531 3397 5620 haereticorum
3412 5531 3838 5616 gratia.(liuﬁn.i
