4040 6224
231 287 372 351 1105

1262 293 1829 352 ECCLESIASTICIE
1869 293 2224 352 HISTOHIE
2264 295 2399 352 LIB.
2442 297 2510 352 V.

3433 300 3572 354 1106

223 420 387 482 ἄλλης
414 422 776 496 πραγματείας
809 422 929 472 ὄντα
975 436 1029 472 τε
1079 421 1169 472 καὶ
1224 420 1534 486 συντάξεως,
1577 420 1626 473 ίν
1683 420 1815 474 ἄλλοι

1935 421 2205 494 ptoribus
2220 436 2581 491 cognoscere
2592 422 2932 480 volentibus
2948 427 3147 497 petere
3159 424 3578 496 permittimus.

224 511 403 572 ζητεῖν
456 509 813 584 έπιτρέπομεν.
863 505 1008 568 Ἤδη
1050 504 1100 560 δ’
1151 508 1386 582 ἀπαίρων
1436 507 1826 585 Ἀλεξανδρείας

222 598 309 652 ἰπὶ
347 603 442 658 τὴν
473 598 842 663 Παλαιστίνην,
893 594 1193 650 δωδέκατον
1234 594 1285 651 δ’
1333 601 1440 660 ἔτος
1470 596 1530 658 ἦν
1578 597 1827 658 τηνικάδε

218 695 319 750 τῆς
375 687 549 764 ἀρχῆς
585 684 910 761 Ἀλεξάνδρῳ
958 695 1030 758 τῷ
1084 685 1310 760 βασιλεῖ,
1364 689 1634 762 Ὠριγένης
1671 687 1826 761 Ἡρα.

219 777 349 830 κλᾶν
377 775 642 851 διάδοχον
689 784 782 838 τῆς
834 776 927 830 τοῦ
977 778 1115 830 θείου
1153 776 1306 849 λόγου
1353 773 1632 852 διατριϐῆς
1669 798 1827 831 καται

216 867 402 922 λείπεις
453 867 564 920 Οὐκ
617 865 684 928 εἰς
741 868 946 942 μακρὰν
1026 870 1201 938 μέντοι
1279 871 1372 926 τὴν
1431 864 1711 939 διατριϐὴν
1759 875 1819 940 τῇ

218 953 551 1029 διδασκαλίᾳ
604 961 890 1014 πεποίητο·
947 953 1130 1030 βραχὺ
1186 958 1287 1028 γάρ
1333 975 1414 1008 τοι
1470 957 1584 1028 μετ’
1652 955 1823 1028 ὀλίγον

215 1050 520 1119 Δημητρίου
568 1052 661 1098 τοῦ
725 1044 1015 1098 ἐπισκόπου
1079 1053 1171 1106 τῆς
1243 1042 1636 1118 ’Δλεξανδρέων,
1693 1047 1824 1118 μετὰ

213 1139 343 1210 τρία
387 1139 478 1188 καὶ
517 1136 914 1207 τεσσαράκοντα
942 1135 1054 1192 ’ἔτη
1103 1141 1167 1206 τῇ
1226 1134 1526 1210 λειτουργίᾳ
1555 1131 1824 1210 ἐνδιαπρέ-

213 1223 430 1296 ψαντος,
481 1221 760 1277 κατ’έκεῖνο
815 1219 874 1276 δί
927 1230 1113 1298 καιροῦ
1173 1225 1232 1275 1'6
1281 1221 1430 1296 βιοῦν
1479 1223 1823 1296 μεταλλάξαν-

213 1331 326 1379 τος,
361 1313 388 1366 ό
417 1315 507 1386 μὲν
561 1311 820 1386 Ἠρακλᾶς
866 1315 954 1365 τόν
995 1313 1172 1384 θρόνον
1229 1310 1398 1365 ἄνεισι
1459 1320 1556 1374 τῆς
1607 1311 1822 1365 ἕπισκου

213 1410 323 1464 πῆς
353 1408 367 1433 ⁸
429 1404 694 1464 Διονύσιος
750 1398 810 1455 δε
858 1402 884 1453 ό
939 1403 1072 1474 μετὰ
1127 1408 1310 1454 τοῦτον
1367 1405 1460 1459 τὴν
1494 1401 1820 1477 λειτουργίαν

213 1491 592 1566 ἕγχειρισθεὶς,
645 1493 770 1554 τέως
825 1489 937 1543 ἆντὶ
988 1490 1220 1564 Ἠρακλᾶ
1277 1498 1372 1552 τῆς
1427 1499 1526 1544 τῶν
1579 1496 1822 1564 κατηχη-

215 1597 348 1635 σεων
384 1577 660 1656 διατριϐῆς
701 1576 965 1652 διάδοχος
1013 1577 1096 1644 ἧν,
1149 1585 1387 1654 πέμπτην
1438 1580 1540 1633 ἀπὸ
1596 1585 1820 1634 Πανταί-

208 1678 303 1722 νου
356 1672 598 1741 κατάγων
646 1665 938 1741 διαδοχήν.
992 1671 1272 1731 Πάνταινος
1318 1673 1408 1742 μεν
1437 1673 1540 1744 γὰρ
1574 1679 1815 1742 πρῶτος·

1936 513 2084 568 Cum
2124 517 2326 568 autem
2358 511 2719 569 Alexandria
2751 513 3087 579 discedens,
3130 515 3190 570 in
3223 515 3589 572 Palaestinam

1935 616 1997 657 se
2022 600 2318 658 conferret
2343 600 2642 671 Origenes,
2677 603 3042 658 duodecimo
3074 604 3315 676 imperii
3339 605 3591 662 Alexan-

1933 689 2024 745 dri
2045 706 2206 746 anno
2227 689 2326 763 (l),
2351 691 2661 746 Heraclam
2682 692 2898 747 scholae
2919 709 3063 757 suas,
3090 693 3150 748 in
3173 709 3296 765 qua
3314 693 3590 751 divinum

1933 779 2218 836 docuerat
2246 780 2521 846 verbum,
2563 797 2969 837 successorem
3013 782 3268 854 reliquit.
3310 784 3420 848 Qui
3466 799 3588 840 non

1933 867 2037 924 diu
2067 884 2251 924 sacras
2277 869 2358 924 ibi
2385 868 2673 925 doctrinas
2701 869 2953 940 praefuit.
2988 871 3157 926 Brevi
3188 871 3348 926 enim
3386 875 3588 928 Deme-

1932 959 2078 1014 trius
2121 960 2441 1030 episcopus
2502 958 2959 1026 Alexandrinus,
3001 976 3138 1015 cum
3183 961 3589 1033 quadraginta

1933 1047 2120 1103 tribus
2158 1047 2332 1104 annis
2370 1063 2592 1103 munus
2644 1047 3118 1104 ecclesiasticum
3160 1049 3266 1104 rite
3331 1049 3586 1106 admini-

1931 1141 2195 1202 strasset,
2232 1137 2486 1193 decessit
2535 1153 2548 1192 :
2582 1138 2755 1208 cujus
2790 1137 2992 1194 locum
3029 1140 3090 1194 in
3122 1139 3476 1211 episcopatu
3515 1156 3586 1196 eo

1931 1225 2209 1283 Heraclas
2254 1226 2494 1298 recepit.
2556 1226 2877 1298 Dionysius
2935 1231 3156 1292 autem,
3218 1229 3319 1300 qui
3379 1234 3587 1300 postea

1929 1315 2188 1371 Heracles
2239 1317 2300 1371 in
2353 1315 2677 1386 episcopali
2735 1315 3022 1384 dignitate
3090 1317 3396 1381 successit,
3457 1325 3585 1374 tum

1928 1420 2172 1477 quoque
2199 1419 2308 1476 pro
2335 1420 2408 1460 eo
2439 1404 2660 1460 scholae
2691 1421 2876 1461 sacrae
2907 1405 3268 1462 Catechistes
3297 1411 3387 1462 est
3417 1423 3585 1464 crea-

1929 1500 2044 1550 tus.
2082 1495 2292 1567 quinto
2330 1495 2410 1550 ab
2446 1494 2578 1566 ipso
2606 1494 2912 1558 Pantteno.
2944 1497 3346 1552 successionis
3371 1497 3583 1553 ordine

1925 1582 2079 1649 loco,
2131 1587 2440 1640 Pantaenus
2483 1584 2644 1639 enim
2689 1585 2921 1656 primus
2969 1584 3160 1641 fuerat
3207 1602 3218 1640 :
3267 1592 3402 1656 post
3444 1601 3583 1642 eum

1927 1672 2198 1728 Clemens
2230 1673 2564 1746 presbyter,
2597 1678 2904 1729 contextor
2927 1673 3044 1739 ille,
3079 1675 3380 1730 secundus
3419 1692 3431 1730 :
3462 1675 3584 1730 Ori-

208 1763 304 1811 καὶ
357 1759 466 1831 μετ’
514 1757 700 1811 ἐκεῖνον
751 1759 963 1831 Κλήμης
1017 1755 1078 1817 ἦν
1116 1757 1464 1832 πρεσϐύτερος
1512 1760 1538 1810 ό
1576 1766 1815 1833 Στρωμα-

1927 1777 2128 1832 genes,
2172 1763 2373 1817 tertius
2416 1783 2430 1819 :
2471 1761 2767 1832 Heraclas,
2809 1768 3063 1834 quartus
3109 1780 3120 1818 :
3155 1765 3421 1836 quintus,
3453 1765 3582 1820 Dio-

207 1849 325 1908 τεύς
358 1863 372 1878 ο
418 1850 590 1922 τρίτος
654 1843 715 1906 ἦν
773 1848 1047 1922 Ὢριγένης
1076 1864 1092 1882 ·
1174 1847 1436 1920 Ἡρακλᾶς
1524 1852 1770 1923 τέταρτος
1800 1865 1815 1880 ⁸

207 1941 304 1988 καὶ
335 1940 570 2009 πέμπτος
607 1937 633 1988 ό
687 1939 953 1998 Διονύσιος
982 1954 994 1967 '
1056 1939 1188 2010 μετὰ
1217 1933 1268 1989 δ’
1301 1937 1492 1990 ἐκεῖνον
1543 1939 1690 2000 ἕκτος
1755 1935 1816 1997 ἦν

208 2021 576 2100 Ἀθηνόδωρος
608 2041 622 2055 ⁸
656 2029 776 2101 περὶ
804 2025 864 2078 οὗ
891 2028 1078 2100 μικρὸν
1099 2026 1318 2100 ὕστερον
1348 2025 1582 2099 ἐροῦμεν.

821 2151 1063 2203 ΚΕΦΑΛ.
1107 2145 1218 2204 Io‘.

203 2248 373 2310 Ὅσα
409 2261 518 2310 καὶ
573 2256 674 2310 έπὶ
734 2255 1180 2328 Παλαιστίνης
1251 2255 1327 2307 ὢν
1399 2255 1810 2328 ἐξηγήσατο·

280 2333 396 2382 καὶ
435 2333 580 2402 περὶ
616 2336 734 2381 τῶν
771 2327 972 2380 ἄλλων
1010 2327 1533 2401 συγγραμμάτων
1589 2327 1810 2385 αὐτοῦ.

281 2456 364 2508 Ἐν
409 2451 470 2507 δε
529 2453 854 2528 Παλαιστίνῃ
917 2454 1187 2528 Ὠριγένης
1248 2456 1528 2527 ποιούμενς
1563 2457 1656 2518 τὰς
1719 2455 1809 2523 εἰς,

200 2547 292 2598 τόν
347 2543 567 2597 Ἡσαΐαν
615 2548 706 2596 καὶ
754 2543 998 2605 Ἰεζεκιὴλ
1057 2543 1409 2606 συνετάξατο·
1461 2544 1528 2595 ὧν
1593 2544 1665 2605 εἰς
1721 2549 1811 2617 μεν

199 2637 264 2688 τὸ
299 2638 476 2706 τρίτον
524 2638 679 2706 μέρος
728 2634 865 2707 ἄχρι
913 2641 1004 2694 τῆς
1050 2634 1281 2708 ὁράσεως
1332 2641 1432 2686 τῶν
1478 2630 1812 2708 τετραπόδων

199 2730 304 2776 τῶν
371 2721 421 2774 ἄν
463 2729 528 2794 τῇ
571 2721 746 2794 ἐρήμῳ
808 2721 859 2774 έν
908 2722 1189 2796 τριάκοντα
1243 2725 1426 2794 τὸμοις
1502 2721 1760 2797 έπέραινεν
1793 2742 1805 2756 ο

209 2811 282 2874 εἰς
305 2815 488 2882 μέντοι
517 2814 603 2864 τόν
637 2810 887 2872 ’Ῑεζεκιὴλ
937 2815 1085 2864 πέντε
1115 2809 1183 2870 δὴ
1218 2815 1350 2887 πρός
1390 2810 1438 2863 κ’
1473 2829 1486 2842 ·
1519 2811 1593 2872 είς
1636 2811 1696 2865 δὲ
1747 2815 1807 2865 τό

206 2901 389 2975 ’ᾼσμα
444 2908 545 2953 τῶν
600 2899 848 2974 ᾀσμάτων
885 2889 1122 2974 πρόεισιν
1161 2900 1295 2976 ἆχρι
1327 2897 1396 2959 δὴ
1436 2905 1526 2954 καὶ
1564 2908 1654 2954 τοῦ
1685 2905 1812 2974 πέμ-

205 3009 342 3043 πτου
406 2992 824 3062 συγγράμματος
855 3008 868 3022 ·
927 2984 1058 3042 δέκα
1102 2986 1163 3042 δέ
1209 2989 1313 3042 εἰσι
1365 2994 1454 3042 καὶ
1511 2997 1678 3042 ταῦτα
1724 2993 1810 3042 τόν

1925 1851 2138 1922 nysius
2168 1867 2181 1904 ε
2214 1857 2269 1906 et
2294 1856 2426 1922 post
2456 1866 2596 1907 eum
2628 1857 2829 1907 sextus
2855 1851 3277 1909 Athenodorus
3307 1868 3321 1906 :
3356 1853 3430 1908 de
3457 1868 3581 1925 quo

1925 1939 2110 2012 paulo
2134 1945 2268 2012 post
2295 1939 2588 1996 dicemus.

2569 2152 2790 2211 CAPUT
2830 2153 2963 2211 XIX.

1926 2259 2074 2328 Quos
2099 2276 2280 2318 sacra
2301 2260 2621 2331 Scriptura:
2643 2261 2824 2317 libros
2857 2262 2919 2316 in
2943 2259 3261 2318 Palaestina
3290 2262 3367 2319 sit
3397 2262 3582 2321 interr-

2166 2337 2434 2404 pretatus
2466 2350 2484 2387 :
2513 2340 2565 2389 et
2597 2333 2660 2388 de
2686 2333 2822 2389 aliis
2854 2333 3111 2402 ejusdem
3139 2333 3326 2390 libris.

1991 2457 2173 2513 Porro
2213 2458 2274 2512 in
2316 2457 2626 2513 Palaestina.
2671 2473 2810 2512 cum
2852 2458 3135 2527 Origenes
3161 2464 3336 2524 esset,
3375 2457 3583 2514 lucun-

1920 2546 2224 2603 brationes
2281 2546 2346 2602 in
2405 2547 2626 2602 Isaiam
2680 2551 2737 2601 et
2793 2546 3152 2602 Ezechielem
3215 2547 3576 2619 composuit.

1921 2635 2080 2702 Quas
2110 2636 2170 2691 in
2201 2642 2431 2708 partem
2464 2633 2696 2692 tertiam
2725 2635 2913 2702 Isaiae,
2948 2651 3139 2708 usque
3173 2636 3251 2692 ad
3283 2637 3578 2692 visionem

1919 2724 2387 2797 quadrupedum
2407 2725 2467 2780 in
2484 2724 2820 2794 solitudine,
2846 2725 3104 2797 scripsit,
3132 2725 3313 2797 368
3337 2726 3580 2795 triginta

1920 2815 2099 2870 tomis
2143 2812 2416 2870 absolvit.
2450 2813 2515 2868 In
2548 2812 2911 2869 Ezechielem
2946 2821 3168 2880 autem,
3212 2814 3480 2886 quinque
3521 2821 3581 2871 et

1921 2902 2149 2973 viginti.
2177 2905 2354 2959 Porro
2378 2903 2436 2956 in
2459 2902 2766 2958 Canticum
2792 2902 3167 2958 canticorum
3191 2903 3269 2960 ad
3295 2903 3576 2975 quintum

1922 3007 2113 3064 usque
2161 2996 2287 3047 tum
2334 3006 2689 3064 progressus
2731 2996 2820 3047 est
2865 2991 3369 3048 commentarium
3413 3008 3424 3045 :
3473 2991 3578 3062 qui

204 3078 451 3152 ἀριθμόν,
508 3083 610 3140 Τῆς
661 3075 722 3132 δε
771 3082 996 3139 πίστεως
1021 3085 1110 3132 τοῦ
1141 3078 1257 3131 καθ’
1297 3079 1440 3151 ἡμᾶς
1463 3078 1618 3150 λόγου
1649 3078 1810 3142 αὔξην

1926 3081 2167 3152 quidem
2215 3095 2426 3136 omnes
2465 3079 2672 3135 decem
2713 3084 2854 3135 sunt
2889 3095 3163 3136 numero.
3206 3079 3577 3136 Professioue

198 3167 602 3240 λαμϐανούσης,
629 3169 718 3221 οἶα
746 3169 896 3233 εἰκὸς,
931 3172 1020 3221 καὶ
1049 3164 1311 3234 ἐπίδοσιν,
1363 3170 1489 3240 ὑπερ
1531 3168 1574 3232 ξ’
1605 3171 1692 3228 ἔτη
1723 3172 1810 3221 τόν

201 3258 476 3333 Ὤριγένην
534 3253 642 3316 ἤδη
694 3262 985 3330 γενόμενον,
1049 3257 1151 3319 ἓξιν
1203 3276 1257 3310 τε
1308 3262 1561 3330 μεγίστην
1619 3257 1675 3310 ἐκ
1716 3267 1814 3320 τῆς

197 3351 408 3420 μακρᾶς
463 3353 804 3421 παρασκευῆς
861 3345 1248 3419 συλλεξάμενον,
1318 3353 1414 3408 τῆς
1488 3353 1581 3399 τοῦ
1651 3346 1811 3418 λέγειν

199 3438 426 3510 ἓσάκρον
479 3431 765 3496 έπιδούσης
823 3431 1092 3507 δυνάμεως
1167 3437 1260 3498 τὰς
1319 3435 1390 3498 εἰς
1447 3439 1606 3508 μέσον
1657 3433 1812 3490 διδα-

200 3524 424 3586 ακαλίας
495 3525 863 3599 ταχυγράφοις
959 3523 1227 3599 ἐπέτρεπεν
1297 3523 1653 3597 ἐκλαμϐάνειν,
1751 3525 1811 3578 οὐ

197 3617 452 3690 πρότερον
505 3621 658 3666 τοῦτο
731 3619 1173 3688 συγκεχωρηκώς.
1232 3613 1356 3667 Κατ’
1431 3612 1589 3666 έκεῖνο
1641 3618 1811 3667 τοίνυν

199 3710 298 3757 τοῦ
343 3707 539 3778 χρόνου
597 3706 687 3756 καὶ
741 3704 806 3756 τὰ
855 3705 992 3756 κατὰ
1050 3702 1248 3757 Κέλσου
1305 3710 1402 3755 τοῦ
1453 3703 1810 3776 Ἐπικουρείου

197 3795 343 3847 κατὰ
395 3802 494 3846 τῶν
555 3795 701 3846 θείων
747 3792 912 3866 λόγων
969 3791 1316 3865 έντειναμένου
1358 3792 1608 3850 πλείστην
1652 3813 1813 3846 σπου-

201 3879 310 3941 δήν
350 3889 421 3953 τῷ
477 3881 727 3953 Ὠριγένει
779 3883 913 3934 ὀκτὼ
959 3889 1170 3953 γενναῖα
1219 3883 1563 3953 συντάγματα
1591 3883 1808 3937 τίθεται.

201 3974 366 4025 Πέντε
413 3967 472 4024 δε
523 3970 673 4044 ἔτερα
725 3967 904 4044 βιϐλία
955 3970 1027 4031 εἰς
1056 3973 1114 4023 τὸ
1167 3972 1302 4022 κατὰ
1348 3972 1616 4023 Ματθαῐον
1648 3970 1812 4042 Εὐαγ-

201 4059 376 4134 γέλιον
409 4059 549 4131 αὐτῷ
579 4056 924 4117 ἕσπουδάσθη
952 4077 962 4088 ·
1009 4061 1077 4112 τά
1119 4078 1172 4112 τε
1221 4059 1293 4122 εἰς
1341 4062 1460 4121 τοὺς
1495 4058 1566 4132 ιβ’
1607 4066 1814 4134 Προφή-

203 4169 301 4210 τας
342 4148 506 4203 πολλὰ
552 4151 693 4204 ὄντα.
744 4153 955 4224 Φέρεταί
1009 4168 1070 4220 γε
1116 4152 1219 4221 μὴν
1271 4153 1432 4200 αὐτοῦ
1485 4153 1574 4202 καὶ
1627 4149 1698 4212 εἰς
1726 4153 1811 4202 τόν

206 4237 437 4314 βασιλέα
482 4237 729 4292 Φίλιππον
760 4237 1004 4298 ἐπιστολή
1058 4254 1070 4267 ⁸
1118 4243 1208 4291 καὶ
1256 4237 1385 4297 ἄλλη
1417 4241 1546 4314 πρὸς
1585 4243 1812 4315 Σευήραν

203 4334 305 4388 τὴν
356 4326 548 4380 ἰκείνου
598 4331 826 4400 γαμετὴν
883 4329 1237 4400 ἐκπεμφθείσα
1267 4345 1279 4357 ·
1343 4332 1434 4380 καὶ
1487 4327 1638 4381 οἶλλαι
1697 4324 1730 4380 δ
1737 4330 1812 4380 ιά-

205 4436 360 4492 φοροι
414 4421 543 4490 πρός
593 4436 758 4480 τινας.
811 4419 1002 4490 Γράφει
1058 4413 1118 4470 δε
1169 4421 1258 4470 καὶ
1315 4424 1387 4487 τῷ
1440 4419 1574 4470 κατὰ
1612 4417 1812 4490 Ῥώμην

209 4508 486 4578 ὶπισκόπῳ
529 4505 788 4577 Φαϐιανῷ,
837 4511 927 4558 καὶ
974 4505 1146 4568 ἄλλοις
1192 4505 1398 4569 πολλοῖς
1449 4507 1687 4578 ἄρχουσι
1721 4511 1812 4559 καὶ

205 4599 465 4668 ἡγεμόσιν
495 4594 802 4654 ἐκκλησιῶν.
848 4599 972 4670 Περὶ
1005 4591 1064 4648 δὲ
1120 4602 1216 4658 τῆς
1273 4585 1557 4664 όρθοδόξου
1589 4599 1814 4657 πίστεως

204 4691 382 4740 πᾶσαι
412 4681 836 4760 διαγορεύουσιν.
893 4684 974 4739 Ἐν
1025 4681 1084 4738 δε
1127 4693 1199 4756 τῷ
1228 4687 1366 4738 κατὰ
1404 4685 1693 4758 Μαξιμῖνον
1726 4688 1813 4738 τὸν

208 4779 460 4850 Καίσαρα
509 4770 750 4847 διωγμῷ,
801 4773 962 4826 πολὺν
1017 4776 1118 4848 γὰρ
1174 4774 1324 4836 οὗτος
1374 4775 1510 4826 κατὰ
1547 4778 1696 4826 κότον
1722 4781 1813 4826 τοῦ

89 4932 95 4937 ι
202 4867 310 4937 πρό
358 4862 518 4916 αὐτοῦ
569 4859 920 4937 Ἀλεξάνδρου
974 4866 1348 4939 προσκειμένου
1379 4862 1520 4936 μάλα
1559 4871 1815 4936 Χριστια-

201 4959 335 5019 νοίς,
392 4958 483 5007 καὶ
537 4945 735 5025 σχεδὸν
791 4949 848 5016 ἐξ
899 4954 1044 5025 ἡμῶν
1099 4956 1187 5006 τόν
1269 4945 1462 5006 ἐκείνου
1521 4961 1816 5006 συνεστῶτα

205 5041 371 5109 οἶκον,
405 5042 636 5116 έξήγειρε
690 5043 928 5116 τάραχον
957 5061 970 5074 ο
1030 5048 1120 5097 καὶ
1173 5042 1363 5116 μᾶλλον
1416 5049 1528 5105 τοῖς
1578 5044 1815 5118 ἄρχουσι

205 5140 312 5187 τῶν
388 5132 677 5191 ἐκκλησιῶν
735 5131 1052 5206 έπεμαίνετο,
1116 5132 1308 5195 αἰτίοις
1360 5129 1480 5186 οὖσι
1532 5140 1629 5195 τῆς
1680 5134 1816 5185 κατὰ

285 5309 364 5382 (l)
393 5309 724 5382 Imperator
748 5307 1163 5382 isteiAurelius
1200 5305 1536 5382 Alexander
1567 5309 1816 5382 Severus

207 5379 1143 5452 doctissimosintegerrimosque
1174 5381 1354 5452 viros,
1377 5381 1681 5452 Papiniani
1704 5379 1816 5436 viri

210 5451 951 5525 sanctissimidiscipulos,
977 5467 1014 5508 a
1044 5451 1306 5506 consiliis
1325 5451 1558 5525 habuit,
1589 5468 1816 5525 eosque

207 5524 528 5598 plurimos.
548 5523 846 5598 Lamprid.
872 5525 1084 5598 Eorum
1104 5523 1411 5598 respon_sis
1431 5523 1562 5580 libri
1590 5523 1818 5598 Eande-

213 5593 450 5654 i‘tarum
476 5595 627 5668 juris
655 5593 845 5654 civilis
875 5595 1069 5651 referti
1108 5599 1263 5650 sunt.
1303 5596 1579 5651 Tutorem
1608 5593 1820 5651 habuit

1921 3175 2122 3227 autem
2158 3168 2302 3225 ﬁdei
2330 3173 2551 3225 nostrae
2588 3169 2781 3238 magis
2816 3185 2886 3224 ac
2913 3169 3127 3239 magis,
3156 3170 3240 3226 ita
3269 3174 3332 3225 ut
3364 3185 3580 3225 conve-

1920 3259 2146 3327 niebat,
2171 3259 2541 3314 incrementa
2567 3274 2676 3314 sua
2697 3257 2990 3330 capiente,
3021 3275 3158 3314 cum
3180 3258 3308 3329 jam
3333 3275 3578 3330 sexage-

1921 3349 2145 3404 simum
2167 3347 2450 3418 Origenes
2468 3361 2745 3415 egressus
2765 3351 2922 3402 esset
2938 3362 3188 3411 annum,
3216 3347 3580 3404 maximam-

1920 3453 2038 3510 que
2063 3436 2175 3492 sibi
2202 3442 2256 3492 et
2279 3435 2790 3508 expeditissimam
2821 3451 2895 3491 ex
2921 3435 3154 3492 diutina
3187 3435 3577 3492 meditatione

1921 3533 1977 3583 et
2005 3525 2395 3582 assuetudine
2420 3531 2830 3597 comparasset
2864 3525 3282 3591 eruditionem,
3317 3524 3571 3581 docendi

1920 3621 2100 3688 atque
2130 3613 2461 3670 disserendi
2499 3613 2712 3669 virtute
2755 3613 2834 3669 ad
2877 3629 3190 3668 summum
3242 3628 3582 3684 progressa,

1921 3720 2056 3777 quae
2075 3703 2134 3760 in
2158 3703 2423 3759 medium
2438 3701 2778 3772 proferebat
2797 3708 3096 3773 praecepta
3112 3706 3167 3757 et
3189 3700 3576 3768 documenta,

1921 3791 2087 3866 quod
2139 3799 2318 3847 antea
2368 3805 2492 3846 non
2551 3790 2920 3862 permiserat,
2980 3789 3276 3846 celeribus
3332 3789 3580 3846 notariis

1922 3881 2276 3952 excipienda
2319 3879 2586 3935 dictavit.
2640 3881 2765 3944 Quo
2818 3885 3087 3950 tempore
3136 3878 3317 3934 etiam
3375 3884 3584 3935 contra

1922 3969 2158 4028 Celsum
2183 3969 2555 4041 Epicureum,
2581 3968 2681 4040 qui
2710 3968 2966 4023 maximo
2997 3967 3193 4024 studio
3221 3967 3282 4022 in
3310 3965 3580 4023 divinam

1921 4058 2255 4116 doctrinam
2310 4059 2572 4113 invectus
2625 4055 2837 4120 fuerat,
2888 4061 3020 4111 octo
3081 4055 3400 4127 praeclaros
3448 4055 3580 4112 illos

1921 4147 2278 4219 conscripsit
2301 4146 2506 4202 libros.
2542 4146 2815 4217 Quinque
2859 4160 2998 4201 vero
3043 4144 3191 4200 alios
3224 4145 3285 4201 in
3315 4148 3581 4215 Evange-

1919 4238 2068 4294 lium
2113 4236 2449 4291 secundum
2493 4235 2850 4298 Matthteum.
2895 4233 3044 4290 alios
3085 4235 3227 4290 item
3273 4234 3476 4306 plures
3518 4235 3579 4290 in

1923 4325 2242 4384 duodecim
2273 4324 2624 4398 prophetas.
2659 4325 2758 4379 Est
2796 4323 2974 4380 etiam
3006 4323 3357 4380 inmanibus
3389 4324 3580 4380 homi-

1842 4451 1885 4506 Β
1925 4434 2072 4473 num
2131 4415 2210 4472 ad
2263 4415 2689 4506 imperatorem
2740 4413 3080 4506 Philippum
3147 4413 3400 4506 epistola
3456 4435 3467 4466 :
3525 4418 3582 4469 et

1924 4510 2215 4579 praeterea
2241 4505 2313 4560 ad
2350 4505 2627 4561 Severam
2657 4503 2981 4576 conjugem
3013 4505 3141 4574 ejus
3173 4501 3314 4558 data
3344 4501 3526 4559 altera
3561 4518 3574 4558 :

1923 4600 1980 4652 et
2008 4594 2084 4650 ad
2110 4594 2258 4650 alios
2288 4593 2588 4666 quosdam
2614 4591 2766 4647 alite.
2797 4591 3042 4664 Scripsit
3068 4590 3248 4647 etiam
3272 4591 3349 4647 ad
3377 4589 3579 4648 Fabia-

1923 4700 2071 4740 num
2104 4682 2368 4739 Ecclesiaa
2410 4681 2702 4738 Romanas
2749 4681 3123 4752 episcopum,
3164 4686 3220 4736 et
3251 4680 3328 4736 ad
3358 4679 3579 4736 multos

1923 4773 2073 4830 alios
2112 4772 2370 4828 aliarum
2409 4769 2794 4828 ecclesiarum
2829 4771 3117 4826 antistites
3161 4785 3173 4824 :
3205 4785 3343 4841 quas
3372 4770 3582 4828 omnia

1924 4866 2151 4918 rectam
2176 4860 2315 4916 ﬁdei
2342 4859 2780 4932 professionem
2805 4858 3042 4914 docent.
3073 4859 3137 4912 In
3171 4858 3583 4930 persecutione

1924 4958 2121 5008 autem
2155 4949 2268 5006 sub
2302 4950 2626 5006 Maximino
2659 4949 2908 5012 Caesare,
2943 4947 3277 5002 maximum
3314 4945 3473 5001 enim
3504 4946 3572 5012 is,

1925 5040 2065 5098 odio
2089 5039 2218 5111 ejus
2241 5041 2343 5111 qui
2373 5055 2512 5096 eum
2538 5040 2950 5110 prmcesserat,
2975 5034 3292 5091 Alexandri
3319 5036 3579 5107 impera-

1927 5128 2089 5196 toris,
2144 5129 2247 5201 qui
2288 5143 2502 5199 magna
2541 5126 2646 5183 fuit
2693 5126 2756 5181 in
2805 5124 3174 5182 Christianos
3225 5124 3583 5181 benevolen-

1927 5307 2250 5364 Domitium
2283 5303 3147 5379 Ulpianumjurisconsultum.
3190 5301 3352 5359 Bello
3380 5307 3581 5359 autem

1930 5380 2282 5436 Germanico
2328 5375 2389 5432 in
2442 5375 2698 5432 tumultu
2745 5375 2977 5430 militari
3025 5391 3143 5430 una
3201 5391 3339 5430 cum
3390 5381 3580 5430 matre

1928 5452 2262 5534 Mammaea,
2309 5464 2430 5530 non
2471 5448 2650 5529 longe
2696 5463 2732 5502 a
2782 5447 3102 5527 Moguntia,
3159 5446 3580 5572 adopjpidum

1931 5523 2232 5572 Vmeham.
2276 5535 2398 5572 sive
2445 5521 2757 5572 Vesavmm
2809 5517 3065 5572 (Vesana
3119 5516 3297 5572 hodie
3388 5517 3580 5572 icitur)

1931 5523 2232 5588 Vicetiam,
2276 5521 2398 5576 sive
2445 5516 2757 5575 Vesaviam
2809 5517 3065 5590 (Vesalia
3119 5516 3297 5573 hodie
3329 5516 3580 5590 dicitur)

1931 5609 2126 5652 caesus
2145 5599 2231 5651 est
2252 5609 2266 5658 ;
2299 5591 2400 5648 ubi
2415 5605 2658 5664 quoque
2688 5588 2880 5648 mater
2901 5588 3199 5661 ejusjacet
3217 5589 3468 5661 sepulta.
