4040 6224
539 276 677 332 1107

1845 268 2232 328 NICEPHORI
2277 265 2600 323 CALLISTI

3718 267 3832 324 1108

529 403 611 461 tia
640 403 740 477 (1),
771 417 1103 476 omnesque
1133 407 1252 459 tere
1291 402 1351 458 in
1386 401 1526 459 aula
1558 416 1670 458 sua
1701 404 1921 458 nostra;
1961 397 2187 472 profes-

2302 395 2352 448 τό
2389 392 2702 466 Εὖαγγέλιον
2757 388 3016 464 διδαχῆς,
3058 391 3136 455 οἷς
3189 386 3257 450 δὴ
3316 392 3408 444 καὶ
3463 390 3660 444 θάνατον
3689 393 3836 463 μόνοις

533 493 723 550 sionis
768 493 1088 549 familiares
1127 495 1184 549 et
1223 491 1526 548 ministros
1559 490 1788 556 habuit,
1836 494 2042 546 contra
2077 503 2186 544 nos

531 582 803 640 excitavit
821 582 1135 638 tumultum
1158 597 1170 636 :
1204 581 1707 653 potissimumque
1724 580 1784 636 in
1801 578 2187 636 ecclesiarum

532 677 812 737 rectores,
852 670 1034 726 veluti
1073 670 1356 727 doctrinae
1394 669 1750 740 evangelicae.
1795 674 2089 735 auctores,
2125 667 2187 722 in

533 776 688 833 quos
733 760 891 816 solos
939 759 1296 832 capitalibus
1350 758 1660 831 suppliciis
1717 757 1927 814 saevire
1987 755 2182 829 jussit,

531 854 620 906 est
657 849 1086 906 debacchatus.
1136 849 1217 904 Eo
1268 849 1467 922 itaque
1518 853 1786 920 tempore
1829 845 2184 919 praeclaram

533 938 696 995 illam
737 939 1090 1004 orationem,
1126 953 1251 1010 qua
1291 937 1372 993 ad
1414 937 1768 1009 martyrium
1819 935 2183 994 cohortatur.

532 1028 884 1100 composuit,
921 1043 1176 1100 eamque
1207 1027 1524 1082 Ambrosio
1557 1031 1612 1082 et
1637 1027 1963 1082 Protocteto
1994 1025 2185 1080 Caesa-

531 1116 832 1174 riensihus
868 1116 1232 1188 presbyteris
1260 1115 1564 1188 inscripsit
1612 1131 1624 1170 :
1659 1130 1882 1185 magna
1910 1114 2070 1169 enim
2101 1113 2185 1169 eis

535 1206 873 1264 sollicitudo
914 1211 970 1262 et
1013 1205 1283 1262 anxietas
1323 1209 1565 1278 propter
1593 1203 2024 1277 persecutionis
2056 1203 2184 1274 ejus

531 1296 974 1353 vehementiam
1003 1295 1344 1352 incesserat.
1369 1297 1435 1351 In
1458 1311 1580 1367 qua
1609 1295 1872 1350 oratione
1897 1293 2080 1350 ambo
2103 1292 2185 1347 illi

531 1386 790 1442 rationes
814 1384 1136 1457 explicatas
1156 1384 1518 1450 habuerunt,
1544 1389 1608 1439 ut
1632 1383 1856 1439 fortiter
1881 1383 1942 1438 iu
1972 1387 2186 1453 marty-

530 1475 601 1531 rii
638 1475 831 1532 stadio
875 1479 1160 1530 certatem
1198 1489 1308 1546 pro
1342 1474 1571 1530 Christo
1618 1473 1976 1529 sustinerent
2004 1477 2184 1544 atque

533 1563 878 1636 perferrent.
909 1563 1022 1619 Sed
1065 1563 1210 1634 quid
1235 1577 1391 1634 opus
1440 1565 1528 1618 est
1563 1568 1791 1617 certum
1826 1561 2185 1633 scriptorum

532 1654 662 1723 ejus
698 1652 803 1708 viri
840 1667 1162 1707 numerum
1193 1651 1338 1707 inire
1368 1652 1467 1722 (2),
1503 1667 1641 1707 cum
1671 1666 1742 1707 ea
1780 1665 1874 1706 res
1901 1648 2185 1722 peculiari

2295 483 2502 556 ἐπάγειν
2532 482 2752 536 ἐκέλευεν
2787 499 2800 512 ·
2851 481 2901 534 ἐν
2940 485 3112 535 τοίνυν
3142 487 3216 552 τῷ
3272 483 3389 533 τότε
3415 486 3575 551 καιρῷ
3620 482 3696 532 τὸν
3735 500 3839 555 προ-

2294 576 2566 649 τρεπτικόν
2616 573 2686 635 εἰς
2734 574 3021 648 μαρτύριον
3095 577 3326 643 γενναῖον
3389 568 3537 641 λόγον
3593 570 3841 640 συντάττιι,

2294 661 2594 738 ’Δμϐροσίῳ
2649 666 2740 714 καὶ
2796 665 3154 735 Πρωτοκτήτῳ
3198 667 3295 722 τῆς
3337 657 3387 712 ἐν
3446 662 3718 731 Καισαρείᾳ
3742 678 3842 734 παρ·

2293 756 2465 814 οικίας
2509 755 2566 804 τὸ
2607 754 2934 824 σύγγραμμα
2984 756 3320 826 προσφωνῶν.
3375 747 3558 821 Εἰσῄει
3600 750 3692 820 γὰρ
3745 746 3843 801 bui-

2293 860 2395 902 νοις
2447 841 2506 894 οὗ
2563 845 2751 916 μετρία
2797 861 2877 903 τις
2920 839 3120 912 ἀγωνία
3170 846 3231 912 τῇ
3289 845 3380 891 τοῦ
3430 834 3659 910 διωγμοῦ
3687 838 3842 890 ἐκείνου

2296 927 2614 1003 σφοδρότητι
2641 948 2654 960 ⁸
2710 932 2760 982 ἓν
2817 930 2856 1001 ᾧ
2883 933 2972 982 καὶ
3022 930 3176 1002 ἄμφω
3231 926 3383 1000 λόγον
3425 929 3586 999 ἔχειν,
3635 929 3713 979 τὸν
3745 928 3841 999 ὑπὲρ

2294 1027 2528 1093 Χριστοῦ
2585 1015 2737 1073 ἆθλον
2782 1019 3028 1092 λαμπρῶς
3109 1017 3496 1091 ἀγωνίσασθαι.
3556 1020 3652 1070 Καὶ
3698 1020 3744 1069 τί
3785 1013 3844 1069 δεῖ

2292 1111 2496 1163 πάντων
2575 1117 2675 1162 τῶν
2759 1116 2852 1162 τοῦ
2930 1105 3119 1183 ἀνδρὸς
3201 1107 3622 1183 συγγραμμάτων
3692 1105 3842 1178 ἀκριϐῆ

2292 1200 2560 1252 ποιεῖσθαι
2610 1197 2945 1270 κατάλογον;
2995 1194 3135 1258 ἰδίας
3199 1199 3300 1272 γὰρ
3352 1192 3525 1250 δεῖται
3598 1193 3779 1267 σχολῆς
3821 1198 3842 1252 ἡ

2291 1293 2416 1364 πρὸς
2471 1289 2653 1342 λεπτόν
2704 1297 2804 1342 τῶν
2859 1292 3256 1362 συγγραφέντων
3335 1285 3625 1357 κατάληψις
3676 1293 3742 1356 τῷ
3785 1285 3845 1339 ὄιν-

2294 1377 2404 1453 δρί.
2461 1384 2584 1453 Περὶ
2633 1382 2809 1452 μέντοι
2844 1381 3040 1432 τούτων
3071 1379 3096 1430 6
3128 1377 3402 1451 Παμφίλου
3435 1375 3694 1441 Εὐσέϐιος,

2292 1471 2494 1542 μιάζων
2551 1471 2638 1521 τὸν
2693 1470 2936 1543 μάρτυροι
2999 1467 3289 1540 Πάμφιλον,
3344 1470 3433 1519 καὶ
3501 1469 3596 1524 τὴν
3652 1467 3848 1540 περὶτὰ

2296 1560 2408 1611 θεῖα
2439 1554 2680 1617 σπουδὴν
2727 1556 2917 1610 ἐκείνου
2969 1557 3137 1615 ὁπόση
3188 1576 3268 1618 τις
3317 1552 3378 1615 ἧν
3426 1555 3754 1627 καταγράφων
3793 1561 3846 1623 τῷ

2292 1649 2452 1721 λόγῳ,
2508 1651 2630 1710 τοὺς
2712 1651 2935 1708 πίνακας
2991 1653 3094 1698 τῶν
3145 1646 3512 1718 συναχθέντων
3565 1642 3741 1697 ἐκείνου
3790 1639 3848 1715 βί·

531 1741 800 1813 indigeat
827 1740 949 1796 otio
979 1745 1036 1796 et
1059 1740 1264 1796 labore
1283 1740 1310 1794 ?
1339 1742 1529 1812 Atque
1560 1739 1851 1795 Eusebius
1874 1737 2181 1809 Pamphili,

2302 1737 2446 1806 ὅλων,
2503 1744 2595 1790 τοῦ
2649 1755 2703 1790 τε
2756 1735 3050 1810 Ὠριγένους
3105 1740 3196 1787 καὶ
3251 1742 3351 1786 τῶν
3397 1733 3563 1786 ἄλλων
3619 1732 3848 1788 ἑκκλησιιο

536 1830 909 1901 Pamphilum
955 1831 1154 1901 ipsum
1207 1835 1532 1901 martyrem
1573 1829 1768 1901 dignis
1813 1841 2185 1900 prosequens

529 1919 830 1984 laudibus,
874 1935 1304 1990 summumque
1346 1920 1476 1990 ejus
1504 1919 1564 1974 in
1595 1919 1771 1974 rebus
1799 1916 2018 1972 divinis
2067 1921 2186 1972 stu-

533 2009 700 2066 dium
746 2008 1076 2078 celebrans,
1111 2007 1629 2064 nomenclaturam
1661 2012 1717 2063 et
1761 2006 2010 2062 tabellas
2045 2021 2186 2061 eum

535 2099 713 2170 369
759 2097 1024 2168 Origenis
1051 2097 1427 2170 aliorumque
1467 2096 2007 2153 ecclesiasticorum
2035 2095 2185 2150 scri-

532 2194 774 2260 ptorum
797 2190 1328 2242 monumentorum
1353 2185 1415 2240 in
1438 2185 1800 2242 bibliotheca
1823 2201 1934 2241 sua
1958 2183 2154 2256 reposi
2170 2213 2186 2226 -

535 2281 754 2343 torum,
788 2291 890 2332 sex
919 2274 1132 2330 libellis
1161 2274 1514 2348 explicuisse
1546 2274 1770 2342 scribit,
1801 2274 1861 2330 in
1887 2289 2008 2347 quo
2039 2273 2185 2328 scri-

546 2371 652 2438 pto
681 2364 756 2420 de
782 2364 1043 2437 epistolis
1071 2380 1314 2436 quoque
1334 2364 1464 2435 ejus
1496 2363 1786 2420 Eusebius
1815 2363 1943 2419 haec
1967 2361 2143 2418 refert
2170 2379 2185 2419 :

541 2475 562 2502 ι
600 2455 887 2519 Quarum,
921 2453 1132 2525 inquit,
1161 2468 1556 2526 quascunque
1582 2452 1743 2524 apud
1777 2451 1975 2522 plures
2004 2451 2187 2507 variis

533 2543 596 2599 in
625 2542 770 2599 locis
795 2543 1053 2614 sparsim
1079 2547 1346 2599 servatas
1374 2543 1722 2614 conquirere
1753 2541 1941 2613 potui,
1970 2540 2189 2611 sigilla-

2297 1834 2486 1880 στικῶν
2555 1829 2894 1898 συγγραφέων
2967 1832 3030 1898 τῇ
3089 1821 3401 1898 βιϐλιοθήκῃ
3484 1821 3660 1887 αὐτοῦ,
3727 1819 3768 1872 έν
3811 1820 3847 1882 ἓξ

2294 1915 2467 1987 λόγοις
2519 1916 2772 1986 παρέθετο
2821 1914 3024 1967 ἕκαστα
3073 1913 3318 1984 ἐπιλέγων
3352 1928 3365 1942 ·
3418 1910 3468 1964 έν
3521 1911 3599 1973 οἷς
3647 1913 3729 1962 καὶ
3762 1914 3848 1981 περὶ

2294 2013 2394 2058 τῶν
2425 2003 2583 2058 αὐτοῦ
2622 2002 2906 2056 ἐπιστολῶν
2953 1999 3083 2056 τάδε
3131 2007 3291 2075 φησὶν
3338 2003 3364 2054 6
3416 1999 3662 2062 Εὐσέϐιος
3690 2019 3702 2032 ·
3732 1999 3847 2050 εὯν

2296 2096 2496 2156 ὁπόσας
2552 2089 2826 2166 σποράδην
2869 2094 3014 2164 παρὰ
3064 2087 3334 2166 διαφόροις
3384 2091 3638 2150 σωθείσας
3667 2107 3848 2158 συναγαι

2295 2189 2401 2256 γεῖν
2460 2178 2814 2254 δεδυνήμεθα,
2864 2179 2912 2232 έν
2966 2177 3132 2242 ἰδίαις
3190 2183 3361 2252 τόμων
3417 2183 3766 2253 περιγραφαῖς,
3799 2178 3849 2235 ὡς

2297 2273 2357 2324 ἄν
2409 2276 2480 2344 μὴ
2533 2268 2944 2346 διαρῥίπτοιντο,
2998 2269 3336 2341 κατελέξαμεν
3384 2267 3564 2321 ἑκατόν
3620 2270 3699 2320 τὸν
3737 2263 3848 2339 ἀριθ-

2296 2364 2392 2434 μὸν
2444 2359 2880 2434 ὑπερϐαινούσας.
2935 2358 3112 2431 Ἔχεις
3162 2363 3251 2411 καὶ
3294 2360 3490 2410 τούτων
3533 2358 3626 2419 τὰς
3676 2351 3848 2407 ἀποδεί-

2299 2450 2394 2513 ξιις
2444 2448 2492 2502 ἓν
2541 2450 2670 2522 ἕκτῳ
2714 2451 2808 2511 τῆς
2849 2453 3141 2522 γραφείσης
3191 2449 3317 2521 ἡμῖν
3372 2451 3494 2520 περὶ
3559 2451 3650 2499 τοῦ
3697 2441 3848 2517 ὄαδρός

2299 2539 2598 2612 ἀπολογίας.

538 2633 644 2689 tim
695 2633 755 2688 in
805 2637 999 2688 tomos
1033 2647 1174 2688 suos
1213 2632 1496 2701 digestas,
1538 2637 1604 2688 ut
1649 2646 1724 2687 ne
1767 2630 2206 2696 interciderent,
2250 2645 2433 2702 supra
2484 2633 2723 2686 centum
2776 2626 3009 2699 collegi.
3052 2626 3330 2700 Reperias
3372 2638 3618 2700 quoque
3673 2624 3848 2682 horum

537 2726 891 2792 argumenta
914 2723 975 2777 in
1008 2726 1175 2778 sexto
1198 2721 1349 2777 libro
1380 2721 1532 2792 ejus,
1557 2736 1744 2794 quam
1769 2735 1880 2793 pro
1906 2719 2032 2776 viro
2058 2734 2129 2776 eo
2160 2719 2529 2792 scripsimus,
2559 2717 2885 2791 Apologia.

1169 2835 1400 2894 CAPUT
1460 2839 1564 2893 XX.

2929 2838 3175 2888 ΚΕΦΑΛ.
3209 2832 3290 2887 κ’.

543 2927 675 2984 Cum
707 2927 778 2984 de
801 2927 940 2983 aliis
963 2928 1091 2996 eius
1111 2927 1436 2996 discipulis,
1463 2933 1586 2982 tum
1607 2926 1674 2982 de
1705 2925 1982 2996 Gregoris
2013 2925 2189 2981 mira-

2304 2927 2460 2997 Περὶ
2499 2929 2618 2976 τῶν
2657 2921 2860 2975 ἄλλων
2899 2923 3093 2975 αὐτοῦ
3148 2922 3479 2994 μαθητῶν,
3500 2922 3624 2997 ἐκαὶ
3661 2923 3850 2997 Γρηγο-

614 2999 764 3056 culis
789 2999 1028 3055 edendis
1051 2998 1217 3054 claro
1243 3016 1262 3052 :
1288 3002 1339 3054 et
1365 3005 1582 3068 quanto
1611 3000 1672 3053 in
1697 2999 1884 3066 pretio
1913 2997 2190 3068 Origenes

615 3070 780 3141 apud
798 3085 1040 3139 magnos
1058 3085 1125 3126 ea
1148 3075 1481 3139 tempestate
1495 3071 1791 3139 episcopos
1811 3071 2014 3139 fuerit.

614 3175 822 3233 Multos
853 3191 996 3231 vero
1033 3175 1213 3232 etiam
1261 3175 1544 3231 Caesareas
1602 3175 1920 3231 Palaestinae
1970 3174 2193 3230 docens

545 3264 825 3338 Origenes
855 3264 1064 3320 habuit
1094 3263 1440 3336 discipulos,
1474 3280 1596 3321 non
1635 3280 1846 3321 eorum
1877 3263 2060 3320 modo
2090 3262 2193 3334 qui

543 3354 771 3410 vicinas
800 3353 1075 3423 regiones
1110 3351 1472 3418 incolebant,
1503 3353 1607 3409 sed
1647 3353 2020 3410 advenarum
2049 3367 2195 3424 quo-

545 3459 683 3514 que,
729 3443 832 3515 qui
871 3441 1077 3514 patriae
1115 3441 1515 3509 dulcedinem,
1558 3442 1843 3498 doctrina)
1883 3446 2196 3498 consuetu-

546 3532 792 3604 dinique
824 3532 954 3602 ejus
982 3531 1093 3586 viri
1115 3531 1576 3602 posthabuuere.
1606 3532 1760 3588 Inter
1779 3547 1933 3604 quos
1952 3531 2198 3604 praecla-

545 3621 733 3677 riores
766 3620 929 3676 fuere
960 3636 970 3674 :
999 3619 1344 3676 Theodorus
1373 3621 1474 3692 (3),
1499 3622 1602 3694 qui
1630 3622 1690 3676 in
1718 3621 2028 3678 Palaestina
2058 3635 2197 3676 cum

547 3725 773 3780 magna
801 3710 986 3780 gloria
1029 3709 1362 3766 sacerdotio
1396 3715 1483 3766 est
1520 3709 1758 3766 functus
1799 3727 1811 3766 :
1855 3716 1911 3767 et
1945 3709 2198 3766 Atheno-

549 3800 732 3856 dorus
775 3816 786 3853 :
828 3806 1006 3871 atque
1042 3799 1224 3871 hujus
1260 3799 1440 3855 frater
1467 3798 1833 3865 Theodorus,
1873 3799 1975 3871 qui
2016 3800 2196 3855 etiam

548 3888 884 3959 Gregorius,
909 3893 1089 3960 atque
1116 3888 1361 3960 insuper
1384 3889 1672 3946 miriﬁcus
1698 3893 1788 3946 est
1812 3891 2199 3961 cognomina-

552 3984 647 4035 tus
688 3979 764 4050 (4)
808 3978 889 4032 De
928 3994 1049 4050 quo
1091 3977 1223 4034 loco
1259 3993 1400 4034 suos
1438 3978 1708 4035 dicemus
1748 3999 1761 4047 ;
1803 3995 1945 4035 nam
1987 3986 2199 4050 postea

550 4068 968 4141 episcopatum
1024 4069 1424 4123 Neocaesarete
1481 4067 1541 4123 in
1595 4070 1780 4125 Ponto
1837 4068 2038 4139 gessit.
2103 4068 2200 4123 His

550 4159 888 4214 Graecarum
939 4161 995 4212 et
1052 4156 1392 4211 Latinarum
1450 4155 1875 4228 diciplinarum
1937 4157 2198 4214 maxime

552 4243 854 4309 studiosis,
891 4258 1249 4314 omnemque
1295 4244 1354 4299 in
1395 4244 1479 4300 eis
1516 4260 1762 4316 operam
1811 4245 2197 4316 ponentibus,

554 4351 690 4390 cum
719 4335 999 4404 Origenes
1028 4333 1274 4388 verioris
1306 4332 1699 4405 philosophiae
1730 4339 2105 4391 venustatem
2132 4351 2202 4392 ac

553 4422 1060 4497 pulchritudiuem
1111 4423 1485 4489 ostendisset,
1543 4423 1714 4480 facile
1765 4425 2080 4496 persuasit,
2139 4430 2205 4480 ut

628 4530 713 4602 (1)
741 4552 760 4579 ι
797 4528 1132 4602 Alexander
1156 4529 1406 4602 Severus
1434 4529 1796 4602 Christiauos
1823 4546 1956 4587 esse
1991 4547 2204 4602 passus

555 4599 661 4658 est.
692 4601 918 4674 Christo
954 4599 1241 4674 templum
1282 4600 1476 4674 facere
1513 4601 1716 4666 voluit,
1759 4599 2018 4674 eumque
2057 4603 2206 4659 inter

555 4675 702 4730 deos
739 4673 1018 4744 recipere.
1058 4672 1227 4744 Quod
1259 4678 1315 4728 et
1343 4671 1637 4744 Adrianus
1667 4671 1961 4744 cogitasse
2001 4673 2202 4741 fertur,

555 4745 660 4818 qui
690 4742 914 4818 templa
943 4743 1003 4818 in
1033 4742 1316 4818 omnibus
1346 4742 1686 4818 civitatibus
1719 4742 1848 4818 sine
1873 4745 2206 4818 simulacris

552 4813 985 4888 j'usserat’ﬁeri,
1013 4830 1150 4886 quas
1174 4813 1354 4888 hodie
1380 4815 1621 4888 idcirco,
1655 4816 1799 4888 quia
1829 4831 1961 4888 non,
1980 4817 2207 4872 habent

556 4885 828 4968 numina,
878 4885 1639 4968 dicunturhAdriaui,._quaa
1674 4885 1782 4968 ille
1829 4889 1907 4968 ad
1949 4887 2064 4968 hoc
2094 4905 2204 4968 pa-_

557 4975 722 5016 resse
751 4959 1099 5031 dicebatur.
1151 4957 1266 5013 Sed
1312 4957 1647 5029 prohibitus
1702 4964 1788 5014 est
1838 4958 1916 5031 ab
1958 4959 2070 5024 his,
2096 4957 2207 5031 qui

558 5029 935 5087 consulentes
984 5045 1175 5095 sacra,
1216 5035 1558 5101 repererant
1587 5045 1798 5085 omnes
1842 5029 2208 5086 Christiauos

557 5103 806 5184 futuros,
829 5102 898 5184 ‘si
1033 5105 1235 5184 optato
1276 5101 1587 5184 evenisset,
1628 5107 1689 5184 et
1719 5101 1942 5184 templa
1980 5102 2209 5184 reliqua

558 5173 908 5230 deserenda.
947 5171 1109 5228 Alex.
1151 5173 1402 5228 Severus
1443 5174 1797 5229 sententiam
1839 5171 2001 5230 illam
2043 5171 2207 5229 Cliri-

560 5247 837 5301 stianam.
908 5244 1080 5311 Quod
1143 5244 1249 5300 tibi
1299 5260 1420 5300 non
1473 5261 1582 5312 Vis,
1648 5245 1814 5301 alteri
1858 5261 1934 5301 ne
1977 5245 2206 5311 feceris,

558 5333 750 5389 usque
779 5316 929 5373 adeo
959 5315 1180 5389 dilexit,
1218 5319 1277 5370 ut
1313 5323 1368 5371 et
1399 5317 1457 5371 in
1491 5316 1732 5388 palatio,
1776 5322 1831 5373 et
1865 5317 1923 5372 in
1955 5317 2208 5389 publicis

556 5387 843 5461 perscribi
887 5387 1142 5461 juberet.
1203 5389 1454 5443 Nomina
1492 5387 1707 5461 eorum
1755 5404 1908 5460 qnos
1951 5387 2208 5461 publicis

555 5459 924 5534 praeﬁciebat
947 5459 1872 5534 muni_is,_proponebat,ihortans
1896 5460 2208 5532 populumi

562 5531 624 5606 ut
666 5533 714 5606 si
746 5531 1068 5606 quis_quid
1108 5531 1674 5606 haberet_criminis,
1707 5531 2212 5606 bropaeret‘mar-

559 5603 726 5661 festis
764 5601 991 5660 'verh’is
1024 5619 1039 5658 :
1071 5618 1195 5659 non
1245 5601 1578 5674 probasset,
1621 5601 1865 5674 pcenam
1911 5603 2206 5676 capitulis,

2373 2993 2514 3067 ρίου
2553 3002 2664 3047 τοῦ
2724 3001 3266 3118 Θαυματουργοῦ.
3323 2997 3442 3046 Καὶ
3491 2993 3645 3051 ὅσης
3693 2996 3848 3062 τιμῆς

2373 3069 2544 3118 παρὰ
2581 3075 2696 3118 τῶν
2734 3071 2876 3118 τότε
2915 3069 3074 3118 unci
3125 3085 3201 3118 ων
3243 3067 3454 3118 ἱερέων
3492 3064 3765 3118 ἠξιοῦτο.

2373 3064 2544 3141 παρὰ
2581 3075 2696 3119 τῶν
2734 3064 2880 3119 τότέ
2912 3064 3201 3139 μεγάλων
3243 3067 3454 3138 ἱερέων
3492 3064 3765 3127 ἠξιοῦτο.

2375 3173 2561 3226 Πολλοὶ
2609 3169 2669 3227 δὶ
2713 3177 2803 3226 καὶ
2842 3171 2890 3225 έν
2933 3176 3224 3245 Καισαρείᾳ
3261 3179 3354 3233 τῆς
3402 3170 3742 3229 Παλαιστίνης
3765 3163 3854 3219 δια-

2303 3262 2532 3335 τρίϐοντι
2589 3270 2661 3334 τῷ
2720 3263 2975 3336 Ὠριγένει
3027 3266 3328 3338 προσῄεσαν
3381 3263 3646 3334 φοιτηταί,
3687 3257 3740 3310 οὗ
3780 3263 3852 3308 τῶν

2305 3350 2469 3405 ἒκιῖσε
2519 3355 2671 3424 μόνον
2739 3355 3034 3426 περιοίκων,
3116 3351 3246 3404 ἀλλὰ
3292 3355 3382 3402 καὶ
3428 3357 3532 3410 τῶν
3584 3347 3745 3423 πόρρω
3785 3347 3854 3405 τὰς

2304 3439 2566 3514 πατρίδας
2601 3439 2825 3514 ἐχόντων
2860 3458 2873 3470 ’
2919 3441 2982 3503 ἃς
3027 3443 3093 3501 ὡς
3145 3435 3295 3493 οὐδὲν
3344 3440 3686 3512 λογιζόμενοι,
3721 3436 3854 3502 ἐκείνῳ

2309 3528 2694 3604 συνδιατρίϐειν
2744 3535 2954 3603 πρώτην
3013 3529 3278 3583 ἐποιοῦντο
3333 3525 3598 3588 σπουδήν,
3653 3524 3853 3598 Amynti-

2309 3640 2480 3694 στεροι
2521 3625 2696 3693 μέντοι
2747 3627 2847 3672 τῶν
2901 3619 3064 3672 ἄλλων
3118 3616 3256 3677 ἦσαν
3316 3616 3597 3694 Θεόδωρός
3634 3635 3686 3670 τε
3738 3616 3761 3667 ό
3821 3610 3855 3662 ἔτ

2308 3710 2628 3783 Παλαιστίνῃ
2692 3712 2784 3761 σὺν
2836 3708 3052 3784 λαμπρᾷ
3095 3716 3160 3782 τῇ
3215 3713 3353 3782 φήμῃ
3413 3709 3749 3782 ἱερατεύσας·
3796 3703 3858 3752 καὶ

2308 3795 2666 3872 Ἀθηνόδωρος
2698 3818 2711 3831 ·
2761 3801 2890 3872 πρὸς
2943 3794 3002 3851 δὲ
3045 3802 3136 3851 καὶ
3185 3799 3210 3850 ό
3259 3794 3482 3871 ἁδελφός
3521 3792 3732 3868 Θεόδρος
3765 3807 3777 3823 ⁸
3819 3791 3857 3850 ὃς

2307 3894 2397 3942 καὶ
2453 3890 2736 3962 Γρηγόριος
2784 3887 3096 3961 μετεκλήθη,
3149 3892 3236 3940 καὶ
3299 3889 3431 3960 πρὸς
3467 3889 3636 3959 τούτῳ
3683 3887 3760 3936 καὶ
3789 3883 3856 3936 τὴν

2309 3981 2724 4052 Θαυματονργὸς
2762 3975 3036 4036 ἐπίκλησιν
3088 3978 3219 4049 ἔσχε
3247 3993 3260 4008 ⁸
3314 3981 3432 4050 περὶ
3465 3976 3530 4029 οὗ
3557 3975 3687 4028 κατά
3716 3977 3856 4045 χώραν

2307 4068 2579 4132 λελέξεται.
2632 4074 2738 4129 Τῆς
2789 4070 2925 4119 κατὰ
2982 4070 3173 4120 Πόντον
3218 4063 3271 4119 δ’
3299 4066 3447 4127 οὗτος
3497 4064 3856 4135 Νεοκαισαρείας

2311 4161 2586 4218 ἐπίσκοπος
2613 4155 2957 4229 ἐχρημάτισε.
3015 4158 3243 4216 Τούτους
3301 4161 3412 4229 περὶ
3472 4160 3569 4214 τὴν
3611 4162 3706 4206 τῶν
3725 4149 3856 4205 Ἐλλη-

2311 4256 2463 4300 νικῶν
2538 4251 2628 4299 καὶ
2700 4246 2996 4319 Ῥωμαϊκῶν
3049 4247 3375 4319 μαθημάτων
3429 4241 3614 4306 δεινῶς
3651 4241 3857 4310 ἐπτοημὺ

2311 4355 2453 4401 νους,
2485 4340 2575 4388 καὶ
2600 4340 2773 4387 πᾶσαν
2825 4337 2918 4392 τὴν
2964 4329 3204 4392 σπουδὴν
3250 4335 3454 4396 τούτοις
3482 4329 3853 4388 ἐκδαπανῶντιις,

2311 4433 2408 4486 τῆς
2485 4423 2706 4484 ἀληθοῦς
2767 4422 3067 4496 φιλοσοφίας
3165 4421 3488 4494 παρανοίξας
3557 4424 3615 4474 τὸ
3699 4416 3854 4476 κάλλος,

2313 4531 2557 4588 subiret.
2588 4529 2951 4600 Dicebatque
2981 4545 3162 4600 grave
3174 4545 3322 4597 esse,
3346 4545 3486 4586 cum
3509 4529 3570 4584 id
3595 4520 3854 4600 Christiani

2313 4546 2557 4588 subiret.
2589 4546 2832 4586 Dicebat
2880 4546 2951 4586 ue
2981 4546 3322 4600 graveesse,
3346 4546 3486 4586 cum
3509 4546 3570 4584 ια
3595 4546 3854 4584 unnsuam

2313 4605 2574 4661 facerent
2610 4603 2671 4657 in
2711 4546 3109 4674 praegicandis
3137 4600 3553 4674 sacerdotibus
3606 4599 3702 4672 qui
3740 4593 3856 4674 ordi-

2314 4675 2501 4732 nandi
2531 4678 2686 4737 sunt,
2713 4665 2841 4728 non
2863 4673 2990 4728 ﬁeri
3021 4673 3089 4744 in
3104 4671 3550 4744 provinciarum
3581 4665 3855 4744 rectoribus

2313 4745 2535 4818 quibus
2556 4753 2610 4800 et
2647 4743 2899 4818 fortanaa
2928 4738 3247 4818 hominum
3296 4743 3801 4818 committerentur,
3819 4738 3856 4790 et

2314 4809 2534 4889 capita.
2555 4837 2578 4867 υ
2614 4815 2743 4889 (El.
2763 4815 3205 4889 Lampridius.)_
3220 4847 3290 4855 —
3314 4813 3651 4889 _A_lexander
3671 4809 3854 4889 inlara:

2314 4881 2425 4954 rio,
2455 4887 2570 4943 hoc
2582 4881 3009 4943 estdomestico
3032 4881 3272 4954 sacello,
3296 4885 3685 4943 Abrahamiet
3697 4881 3856 4938 Christi

2317 4960 2634 5016 Salvatoris
2668 4964 2894 5014 statuas
2921 4957 3146 5013 habuit.

2388 5033 2464 5102 (2)
2478 5029 2651 5102 Apud
2667 5030 2830 5102 Suid.
2851 5030 3137 5101 scriptum
3152 5027 3580 5102 est.0rigenem
3599 5027 3856 5100 propterea

2317 5099 2483 5174 quod
2530 5099 2656 5158 tam
2683 5100 2906 5157 multos
2958 5099 3366 5174 composuerit
3401 5099 3619 5162 libros;
3640 5110 3854 5174 συντακτι·

2322 5169 2410 5226 κόν
2463 5179 2744 5228 vocatum
2794 5187 2944 5238 esse,
2999 5169 3172 5243 quasi
3213 5171 3382 5227 dicas
3420 5169 3852 5240 compositorem:

2318 5261 2456 5318 quas
2493 5245 2546 5369 eti
2595 5259 2704 5370 {est
2730 5259 2917 5299 causa
2954 5242 3382 5308 hallucinandi,
3433 5247 3497 5298 ut
3545 5247 3852 5311 magnopere

2320 5332 2516 5374 errare
2537 5358 2560 5374 .
2623 5332 2722 5370 ιιι.

2537 5358 2560 5380 ἱ,
2595 5357 2722 5370 Iul-0

2393 5389 2470 5460 (3)
2509 5385 2853 5443 Theodorus
2887 5385 3232 5442 Palasstinus
3257 5385 3422 5459 apud
3447 5383 3750 5442 Eusebium
3769 5388 3851 5434 non

2317 5464 2677 5516 recensetur.

2394 5530 2471 5604 (4)
2511 5529 2732 5586 Euseb.
2769 5527 2872 5586 lib.
2901 5544 2979 5594 v1,
3011 5544 3150 5602 cap.
3185 5532 3274 5586 30.
