4000 6220
161 305 306 360 1109

1222 305 1786 364 ECCLESIASTIC/E
1824 307 2182 367 HISTORLE
2224 311 2359 367 LIB.
2402 313 2470 368 V.

3387 312 3528 367 1110

154 427 489 502 ἀμείψασθαι
530 433 624 489 τὴν
674 427 914 491 σπουδὴν
961 431 1060 505 ὅλῳ
1083 434 1230 505 πόθῳ
1266 436 1386 506 περὶ
1424 433 1588 496 αὐτὴν
1627 451 1731 505 παρ

1869 449 2007 491 cum
2049 435 2274 508 ingenti
2303 436 2595 494 desiderio
2625 436 2828 509 priora
2865 435 3068 494 studia
3114 453 3227 495 sua
3274 437 3522 496 meliore

153 521 456 574 εσκεύασεν.
508 520 586 572 Ού
641 520 798 574 πλείω
853 519 911 575 δὲ
967 527 996 580 ἥ
1059 527 1204 576 πέντε
1273 528 1760 599 παραμεμενηκότες

152 611 244 668 ἔτη
303 609 466 679 αὐτῷ,
513 616 758 664 τοσοῦτον
807 608 1208 687 έπέδωκανπρὸς
1284 615 1342 666 τὸ
1399 611 1618 685 βέλτιον,
1689 615 1759 674 ὡς

149 696 250 750 κᾶν
300 703 389 771 νέᾳ
428 706 490 771 τῇ
543 698 724 772 ἡλικίᾳ
769 709 870 754 τῶν
912 705 1046 755 κατά
1086 707 1278 756 Πόντον
1331 701 1618 760 ἐκκλησιῶν
1670 706 1759 755 καὶ

147 787 308 858 ἄμφω
363 792 456 846 τὴν
522 794 852 862 προστασίαν
930 791 1359 864 έμπιστευθῆναι.
1430 795 1638 852 Τούτοις
1704 787 1758 842 δ’

146 875 263 947 ἅμα
317 881 407 930 καὶ
463 881 727 940 Διονύσιος
782 877 866 950 ἦν,
907 882 961 942 ὃς
1000 885 1093 940 τὴν
1153 879 1200 933 έν
1257 877 1623 956 Ἀλεξανδρείᾳ
1661 889 1758 943 τῆς

146 961 509 1029 διδασκαλίας
545 967 767 1040 σχολὴν,
805 971 863 1022 οῦ
919 973 1072 1042 μόνον
1107 966 1186 1036 δε,
1219 968 1348 1023 ἀλλὰ
1377 975 1467 1022 καὶ
1503 973 1597 1028 τὴν
1638 971 1757 1022 ἑπι-

147 1059 357 1114 σκοπην
425 1051 719 1120 διεδέξατο.
777 1057 1024 1117 Τοσαύτη
1091 1078 1172 1119 τις
1238 1055 1300 1117 ἧν
1375 1067 1448 1130 τῷ
1507 1057 1754 1130 Ὠριγένει

142 1148 267 1217 περὶ
314 1148 408 1203 τὴν
458 1143 714 1218 ἀνάληψιν
766 1155 867 1199 τῶν
934 1148 1254 1220 μαθημάτων
1316 1147 1606 1220 φιλοκαλία,
1664 1151 1754 1200 καὶ

141 1231 317 1296 ρῦτως
372 1236 402 1292 ἡ
457 1239 600 1308 φήμη
660 1237 860 1300 πάντας
915 1237 1046 1290 εἷλκε
1101 1239 1238 1289 κατὰ
1291 1239 1407 1290 θέαν
1456 1244 1546 1298 τῆς
1593 1235 1751 1288 αῦτοῦ

143 1327 332 1395 σοφίας
369 1328 460 1377 καὶ
513 1330 791 1397 γνώσεως·
851 1324 974 1380 οὐδὲ
1031 1329 1132 1400 γὰρ
1188 1328 1237 1379 οἱ
1286 1323 1532 1387 παιδείας
1587 1325 1752 1397 λόγων

139 1408 359 1485 ἐρῶντες
408 1413 532 1489 παρ’
589 1413 745 1467 αὐτόν
801 1413 1012 1488 έφοίτων
1045 1419 1220 1488 μόνον,
1249 1414 1378 1468 ἀλλὰ
1427 1419 1518 1468 καὶ
1559 1417 1608 1468 οἰ
1653 1423 1750 1467 τῶν

136 1508 434 1558 τηνικαῦτα
508 1499 785 1563 διαϐόητοι
870 1502 1160 1576 έτύγχανον
1235 1507 1392 1567 ὄντες.
1477 1507 1750 1562 Τοσαύτην

137 1595 232 1642 καὶ
289 1592 391 1664 γὰρ
445 1596 535 1644 καὶ
584 1592 916 1666 Φιρμιλιανός
953 1596 1144 1656 ἐκεῖνος
1183 1597 1296 1666 περὶ
1344 1597 1430 1646 τόν
1482 1593 1748 1667 Ὠριγένην

136 1675 346 1732 ἱδείκνυ
393 1678 656 1748 σπουδὴν,
699 1690 796 1744 τῆς
845 1678 895 1736 δ’
932 1681 980 1734 ἐν
1031 1687 1325 1758 Καισαρείᾳ
1367 1679 1747 1743 Καππαδοκίας

1868 524 2140 584 doctrina
2170 533 2612 583 commutarent
2636 543 2647 582 :
2672 527 2714 582 ii
2745 527 3164 600 quinquennio
3187 527 3315 584 solo
3333 544 3522 601 opera

1866 613 1928 668 in
1959 615 2142 671 sacris
2175 616 2398 672 Litteris
2428 616 2588 688 apud
2618 631 2757 672 eum
2787 624 3028 682 navata,
3062 623 3296 674 tantum
3325 617 3521 689 profe-

1867 708 2094 773 cerunt,
2122 709 2186 760 ut
2227 705 2309 760 eis
2335 704 2612 761 ambolus
2639 705 2834 762 adhuc
2861 706 3189 777 juvenibus
3224 707 3520 778 regenda-

1865 807 2001 849 rum
2013 793 2070 849 in
2085 794 2269 850 Ponto
2282 794 2668 851 ecclesiarum
2689 811 2835 850 cura
2851 801 3006 851 recte
3027 795 3518 852 demandaretur.

1868 883 1994 939 Una
2017 899 2158 940 cum
2192 883 2284 939 his
2332 885 2512 940 etiam
2563 884 2909 956 Dionysius,
2947 885 3071 953 fuit,
3107 887 3209 958 qui
3262 885 3520 943 Alexan-

1865 971 2007 1028 driae
2063 988 2187 1030 non
2240 973 2437 1030 solum
2479 973 2748 1030 divinam
2813 974 3082 1031 scholam
3143 976 3516 1034 catechistes.

1866 1061 2046 1134 370
2077 1063 2178 1119 sed
2201 1063 2382 1118 etiam
2413 1062 2728 1119 ecclesiam
2767 1063 3086 1135 episcopus
3121 1065 3288 1122 rexit.
3333 1069 3521 1123 Tanta

1864 1149 2086 1207 scilicet
2122 1151 2357 1222 Origeni
2386 1150 2723 1223 disciplinis
2762 1152 3069 1208 tradendis
3101 1153 3290 1210 inerat
3332 1153 3514 1211 facili-

1864 1241 1954 1294 tas
2009 1244 2065 1296 et
2111 1239 2426 1311 elegantia,
2476 1245 2830 1313 tantumque
2887 1239 3135 1298 celebris
3176 1243 3306 1314 ejus
3351 1242 3519 1300 fama

1862 1327 2179 1402 plerosque
2202 1329 2279 1386 ad
2301 1329 2693 1402 spectandam
2720 1329 3058 1386 doctrinam
3076 1335 3132 1386 et
3155 1331 3516 1403 sapientiam

1862 1416 1991 1488 ejus
2035 1419 2432 1490 pertrahebat.
2479 1420 2597 1474 Nec
2641 1424 2877 1475 tantum
2905 1420 3009 1492 qui
3036 1421 3287 1477 studiosi
3315 1427 3514 1478 essent

1858 1505 2116 1575 dicendi,
2139 1507 2515 1581 aliarumque
2544 1508 2781 1574 artium,
2802 1525 3012 1565 verum
3035 1509 3211 1566 etiam
3240 1512 3341 1582 qui
3363 1527 3519 1583 prae-

1858 1594 2087 1651 clarum
2108 1596 2234 1667 jam
2259 1597 2316 1651 in
2347 1597 2431 1652 eis
2462 1611 2682 1652 nomen
2713 1601 2882 1653 erant
2902 1599 3228 1665 consecuti,
3263 1598 3340 1655 ad
3371 1615 3511 1655 eum

1854 1685 2192 1742 veniebant.
2220 1687 2594 1743 Firmilianus
2617 1702 2858 1759 quoque
2882 1689 3168 1743 Caesareae
3201 1689 3512 1761 Cappado-

136 1767 291 1829 οὗτος
340 1771 433 1832 τὰς
494 1771 629 1843 ίερᾳς
684 1772 828 1832 ἡνίας
905 1767 1273 1846 διεχειρίζετο,
1335 1775 1403 1833 ὡς
1466 1775 1590 1824 ποτε
1655 1775 1734 1845 μὲι

1856 1790 1993 1830 cum
2024 1775 2342 1848 episcopus
2382 1776 2528 1832 tanti
2567 1776 2876 1832 hominem
2906 1776 3060 1842 fecit,
3095 1782 3158 1832 ut
3182 1776 3512 1850 aliquando

135 1857 301 1910 αὐτόν
375 1858 562 1911 ἐκεῖνον
635 1863 722 1912 τόν
807 1862 1074 1934 Ὠριγένην
1159 1859 1436 1934 πρεσϐείαν
1506 1866 1742 1929 πέμπων,

133 1949 274 2019 πρὸς
319 1949 410 2009 τὰς
456 1949 570 2000 κατ’
629 1947 815 2002 ἐκεῖνον
862 1949 1091 2022 κλίματα
1129 1949 1202 2010 εἰς
1245 1946 1484 2003 ἐπίδοσιν
1513 1959 1610 2003 τῶν
1661 1949 1746 2003 έκ-

131 2035 372 2094 κλησιῶν
435 2037 828 2109 μετεστέλλετο⁶
896 2038 1074 2092 ἄλλοτε
1133 2035 1192 2092 δε
1246 2039 1402 2092 αὐτὸν
1458 2041 1745 2114 προφάσεις

133 2124 500 2198 πλαττόμενον,
542 2129 627 2180 επὶ
683 2129 750 2180 τὰ
795 2135 889 2190 τῆς
947 2125 1210 2191 Ἰουδαίας
1267 2131 1522 2202 ἔρχεσθαι
1560 2133 1689 2202 μέρη
1726 2147 1738 2159 ·

130 2219 226 2267 καὶ
285 2219 475 2290 χρόνον
527 2215 620 2268 ούκ
653 2215 933 2288 έλάχιστον
988 2215 1467 2290 συνδιαγενόμενον,
1515 2223 1633 2293 περὶ
1678 2221 1744 2272 τὰ

132 2305 252 2357 θεῖοι
308 2307 374 2365 ὡς
419 2304 650 2377 μάλιστα
731 2302 1086 2378 βελτιοῦσθαι,
1156 2312 1246 2360 καὶ
1322 2309 1484 2370 οὕτως
1559 2304 1741 2361 οἶκαδε

131 2393 427 2451 ἐπανήκειν.
487 2393 563 2446 Ού
621 2398 725 2466 μὴν
782 2391 842 2448 δε
872 2395 1000 2448 ἀλλὰ
1050 2401 1140 2450 καὶ
1170 2397 1195 2448 ό
1225 2405 1324 2449 τῶν
1371 2395 1737 2471 Ἱεροσολύμων

130 2480 488 2558 Ἀλέξανδρος,
557 2489 646 2536 καὶ
713 2489 1034 2548 Θεόκτιστος
1110 2487 1136 2538 ό
1219 2494 1316 2547 τῆς
1384 2485 1736 2550 Παλαιστίνης

135 2577 452 2646 Καισαρείας
525 2575 826 2639 ἐπίσκόπος,
883 2571 1082 2646 σχεδὸν
1159 2577 1246 2629 τὸν
1302 2577 1474 2629 πάντα
1544 2581 1735 2650 χρόνον

133 2661 276 2732 αύτῷ
340 2669 594 2733 συνῆσαν,
642 2663 728 2714 οἷα
781 2658 1112 2733 διδασκάλω,
1165 2669 1255 2716 καί
1323 2685 1426 2717 τινι
1483 2669 1734 2738 κρείττονι

133 2752 264 2825 ἢπερ
294 2759 389 2812 τῆς
434 2751 551 2804 καθ’
607 2753 748 2824 ἡμᾶς
787 2755 984 2824 φύσεως
1024 2757 1437 2827 προσανέχοντες
1473 2771 1484 2784 ’
1547 2751 1734 2814 ἀνέδην

138 2859 193 2892 τε
233 2847 660 2915 παραχωροῦντες
706 2842 842 2900 ἦσαν
873 2841 1033 2913 αύτῷ,
1085 2842 1186 2896 ὃσα
1215 2839 1284 2902 δὴ
1324 2851 1416 2896 τοῦ
1455 2841 1734 2904 ἐκκλησια-

141 2937 320 2982 στικοῦ
369 2929 548 3002 λόγου,
607 2934 698 2983 καὶ
728 2929 919 3003 μᾶλλον
979 2932 1081 2985 ὅσα
1133 2940 1196 3005 τῇ
1241 2940 1341 2986 τῶν
1395 2935 1540 2987 θείων
1570 2933 1734 3009 ἑρμη-

130 3023 236 3092 νείᾳ
259 3027 491 3095 προσῆκε
519 3025 752 3095 Γραφῶν.

730 3132 974 3182 ΚΕΦΑΛ.
1010 3128 1137 3184 KA'.

130 3237 286 3306 Περὶ
350 3241 464 3286 τοῦ
519 3238 944 3308 συγγραφέως
994 3234 1263 3289 Ἰουλίου
1323 3235 1728 3308 Ἀφρικανοῦ,

362 3309 469 3357 καὶ
525 3305 1235 3381 τῶνησυγλραμμάτων
1286 3305 1502 3364 αὐτοῦ.

198 3419 494 3487 Συγχρονον
547 3408 606 3465 δε
659 3409 786 3466 εἶναι
843 3421 915 3484 τῷ
963 3412 1214 3486 Ὠριγένει
1264 3418 1472 3468 καὶτὸν
1516 3415 1728 3470 Ἰούλιον

120 3501 438 3575 Ἀφρικανὸν
495 3503 520 3554 ὁ
572 3511 669 3565 τῆς
723 3505 954 3577 ἱστορίας
1016 3499 1216 3556 δίδωσι
1260 3503 1412 3576 λόγος
1441 3522 1455 3536 ⁸
1486 3511 1576 3558 καὶ
1627 3514 1727 3558 τῶν

120 3587 478 3645 σπουδαστῶν
525 3592 612 3644 ἕνα
657 3596 746 3644 καὶ
789 3591 945 3644 αὑτὸν
973 3595 1214 3664 γενέσθαι
1243 3611 1255 3623 ·
1300 3595 1356 3655 ὃς
1396 3599 1727 3669 συγγραφεὺς

118 3681 372 3757 ἀκριϐοῦς
453 3688 553 3734 τῶν
599 3686 805 3756 χρόνων
881 3680 1180 3755 ἀναγραφῆς
1248 3681 1624 3755 ἐχρημάτισεν,
1676 3684 1724 3736 έν

117 3775 270 3823 πέντε
320 3766 705 3844 σπουδάσμασι
757 3776 926 3823 ταῦτα
989 3770 1282 3823 καταλιπών
1320 3790 1332 3803 ο
1361 3774 1410 3822 ἓν
1460 3772 1538 3833 οἷς
1578 3774 1726 3825 ἱστο-

114 3869 199 3935 ρεῖ
251 3865 341 3913 καὶ
391 3862 527 3912 κατὰ
584 3862 790 3932 μακρὰν
846 3864 1022 3933 φήμην
1078 3866 1171 3912 τοῦ
1221 3859 1453 3933 Ἠρακλᾱ
1509 3865 1720 3932 πορείαν

115 3949 195 4003 ἐπ’
244 3945 608 4024 Ἀλεξανδρείᾳ
634 3947 963 4004 στείλασθαι.
997 3947 1178 4009 Ὀὗτος
1233 3945 1311 4014 δε,
1346 3953 1434 4001 καὶ
1483 3957 1583 4001 τῶν
1610 3947 1716 4001 ἕπεο

111 4043 452 4114 γραφομένων
506 4047 702 4091 κεστῶν
758 4038 919 4111 λόγων
982 4041 1311 4110 συγγραφεύς
1361 4039 1451 4106 ὢν,
1506 4040 1718 4090 ἐπιστο-

110 4128 210 4188 λὴν
267 4124 564 4200 σχεδιάσας
609 4130 827 4200 ἔπεμπεν
885 4125 1137 4199 Ὠριγένει
1165 4143 1178 4158 °
1231 4130 1325 4186 τὴν
1364 4129 1500 4179 κατὰ
1544 4129 1719 4180 Σωσά-

109 4239 206 4271 ναν
263 4219 398 4270 κατὰ
447 4220 505 4270 τὸ
547 4217 734 4276 Δανιὴλ
783 4219 1014 4290 ἱστορίαν
1063 4219 1131 4278 ὡς
1177 4218 1238 4269 ἄν
1289 4219 1435 4269 νόθον
1466 4225 1562 4278 τῆς
1584 4223 1718 4290 Γραο

113 4316 218 4381 φῆς
275 4310 639 4381 ἀποσειόμενος
717 4309 1060 4380 σύγγραμμα.
1121 4309 1258 4380 Πρός
1333 4307 1394 4366 ἣν
1449 4307 1717 4382 Ὠριγένης

111 4397 466 4472 ἀντιγράφων,
509 4394 748 4450 δείκνυσι
783 4401 856 4470 μὴ
911 4399 1057 4449 νόθον
1112 4397 1260 4462 εἶναι,
1314 4395 1440 4449 ἀλλὰ
1467 4403 1556 4450 καί
1586 4398 1717 4470 μᾶλ-

1855 1863 2284 1920 internuntium
2310 1865 2386 1920 ad
2431 1881 2570 1921 eum
2604 1865 2850 1930 miserit,
2895 1881 3001 1937 per
3041 1881 3221 1937 quem
3263 1881 3401 1921 eum
3434 1866 3514 1922 ad

1855 1967 1917 2008 se
1944 1952 2330 2010 ecclesiarum
2362 1969 2609 2010 suarum
2660 1952 3047 2010 emolumenti
3078 1971 3263 2010 causa
3301 1954 3514 2011 invita-

1853 2046 1960 2097 ret.
1995 2043 2283 2098 Caeterum
2323 2059 2462 2098 cum
2497 2042 2595 2098 ille
2624 2057 2934 2098 morarum
2988 2042 3246 2100 subinde
3295 2060 3512 2101 causas

1854 2135 2130 2202 necteret,
2162 2131 2287 2203 ipse
2319 2132 2379 2187 in
2407 2131 2677 2188 Iudaeam
2708 2131 3031 2204 profectus,
3061 2137 3242 2204 atque
3274 2133 3355 2189 ibi
3406 2133 3512 2189 ali-

1854 2220 2127 2293 quandiu
2166 2236 2304 2276 cum
2334 2220 2432 2278 illo
2473 2224 2744 2277 versatus
2776 2237 2788 2275 :
2831 2221 3074 2278 tandem
3107 2221 3296 2278 multo
3321 2239 3509 2295 quam

1853 2314 2032 2366 antea
2051 2309 2247 2366 fuerat
2267 2326 2574 2367 sacrarum
2610 2311 2965 2367 Litterarum
2983 2311 3226 2382 peritior
3251 2313 3330 2368 ad
3363 2329 3506 2368 suos

1849 2399 2040 2454 rediit.
2069 2398 2187 2454 Sed
2217 2403 2274 2455 et
2309 2399 2643 2455 Alexander
2668 2399 3219 2472 Hierosolymorum
3245 2406 3302 2456 et
3324 2401 3509 2457 Theo-

1849 2489 2056 2544 ctistus
2105 2487 2388 2545 Caesareae
2434 2488 2734 2545 Palestina:
2774 2489 3040 2560 episcopi
3083 2505 3320 2560 semper
3380 2490 3499 2546 fere

1847 2578 1931 2634 ibi
1969 2594 2109 2634 cum
2148 2594 2218 2634 eo
2270 2583 2335 2634 ut
2375 2579 2680 2648 magistro,
2723 2577 2826 2649 qui
2865 2578 2926 2634 in
2976 2579 3159 2634 sacris
3211 2577 3501 2636 doctrinis

1847 2667 2044 2738 major
2086 2683 2274 2740 quam
2326 2666 2597 2723 humana
2634 2672 2851 2723 natura
2906 2667 3032 2733 fert,
3081 2672 3253 2733 esset,
3303 2668 3488 2734 fuere,

1847 2773 2091 2830 operam
2132 2757 2186 2814 ei
2221 2761 2512 2814 navantes
2555 2772 2568 2810 :
2616 2761 2674 2812 et
2711 2756 3051 2828 propalam,
3092 2773 3228 2830 quae
3274 2757 3364 2813 vel
3419 2758 3499 2815 ad

1844 2846 2312 2903 ecclesiasticam
2325 2845 2789 2910 doctrinam,vel
2805 2846 2882 2902 ad
2909 2861 3218 2902 sacrarum
3261 2847 3500 2904 Littera-

1843 2951 1978 2992 rum
2021 2936 2569 3009 interpretationem
2613 2933 2995 3007 pertinerent,
3055 2936 3108 2992 ei
3158 2936 3490 2993 conceden-

1842 3030 1954 3083 tes.

2469 3131 2693 3187 CAPUT
2733 3131 2869 3188 XXI.

1911 3240 1997 3295 De
2017 3239 2302 3310 scriptore
2329 3238 2488 3295 Julia
2502 3237 2815 3308 Africano,
2834 3237 3119 3311 librisque
3138 3238 3415 3310 ejusdem.

1911 3415 2132 3472 Eodem
2198 3419 2470 3488 tempore
2545 3431 2684 3472 cum
2737 3414 2986 3486 Origene
3035 3416 3215 3472 etiam
3269 3416 3489 3473 Julium

1838 3503 2188 3560 Africanum
2257 3503 2496 3570 vixisse,
2554 3503 2816 3560 historias
2894 3503 3191 3563 tradunt:
3254 3505 3354 3576 qui
3435 3511 3491 3562 et

1837 3593 1994 3650 illius
2027 3593 2200 3649 fuerit
2230 3597 2504 3659 sectator,
2535 3599 2591 3648 et
2617 3592 2872 3662 diligens
2895 3592 3205 3648 annalium
3238 3594 3490 3665 scriptor

1835 3699 1990 3754 quos
2036 3682 2200 3737 libris
2227 3681 2494 3754 quinque
2520 3686 2608 3736 est
2632 3680 3000 3752 complexus.
3050 3681 3115 3736 In
3155 3681 3236 3738 eis
3283 3697 3484 3754 porro,

1836 3771 2058 3836 scribit,
2105 3787 2166 3827 se
2214 3769 2502 3842 praeclara
2549 3769 2713 3826 fama
2764 3769 3023 3826 Heraclae
3069 3769 3146 3842 (1)
3197 3772 3483 3840 excitum,

1834 3858 2265 3932 profectionem
2328 3859 2796 3914 Alexandrinam
2865 3859 3217 3930 suscepisse.
3268 3859 3486 3916 Africa-

1835 3964 1949 4004 nus
1981 3950 2088 4004 iste
2109 3947 2399 4004 librorum
2420 3963 2630 4003 eorum
2656 3948 2758 4019 qui
2773 3946 3182 4002 inscribuntur
3203 3948 3357 4004 Cesti
3380 3948 3480 4020 (2),

1832 4043 2040 4094 auctor
2068 4037 2429 4110 perhibetur.
2457 4037 2622 4092 Dedit
2661 4036 2713 4092 is
2752 4051 2995 4108 quoque
3035 4036 3116 4092 ad
3165 4038 3480 4107 Origenem

1831 4125 2166 4200 epistolam,
2190 4126 2249 4182 in
2275 4142 2398 4198 qua
2426 4124 2740 4182 historiam
2770 4125 3080 4191 Susannee,
3113 4125 3292 4182 veluti
3316 4127 3484 4183 adul-

1833 4215 2092 4272 terinum
2145 4216 2451 4287 scriptum,
2500 4230 2572 4270 ex
2629 4213 2870 4271 Daniele
2917 4215 3124 4286 rejicit.
3165 4215 3250 4270 Ad
3296 4232 3477 4288 quem

1829 4306 2166 4362 rescribens
2219 4305 2520 4374 Origenes,
2571 4319 2705 4359 eam
2755 4319 2876 4359 non
2933 4303 3328 4375 illegitimam,
3373 4306 3480 4362 sed

1830 4409 2185 4464 germanam
2228 4393 2429 4465 potius
2487 4407 2616 4448 esse
2663 4392 3051 4463 Scripturam,
3078 4409 3214 4465 quas
3257 4393 3479 4451 scilicet

108 4487 200 4540 λον
251 4491 470 4559 γνήσιον
526 4495 588 4560 τῇ
649 4493 848 4560 Γραφῇ,
914 4490 1003 4539 καὶ
1065 4485 1424 4560 πληρεστάτην
1475 4506 1719 4560 πραγμα-

1846 4482 2160 4555 plurimum
2190 4480 2400 4538 afferat
2425 4480 2710 4548 utilitatis,
2737 4480 3011 4537 ostendit.
3056 4481 3479 4539 Circumfertur

107 4580 382 4649 τευόμενον
427 4575 764 4629 λυσιτέλειαν.
831 4580 932 4630 Καὶ
987 4578 1118 4649 πρὸς
1174 4572 1512 4647 Ἀριστείδην
1559 4576 1716 4636 ἄλλην

108 4665 361 4725 ἐπιστολὴ
419 4669 623 4738 φέρεται
673 4672 764 4718 τοῦ
829 4665 1142 4738 Ἀφρικανοῦ
1197 4669 1316 4736 περὶ
1371 4674 1467 4726 τῆς
1528 4662 1714 4718 δοκού-

109 4775 216 4818 σης
243 4758 352 4827 μὶν,
399 4758 597 4813 ἣκιστα
627 4751 686 4807 δε
740 4757 904 4816 οῦσης
961 4751 1247 4826 διαφωνίας
1287 4752 1334 4805 ἐν
1383 4761 1444 4826 τῇ
1485 4755 1716 4826 γενεαλο-

103 4850 205 4919 γίᾳ
232 4852 466 4918 Χριστοῦ
496 4846 640 4918 παρὰ
677 4851 748 4915 τῷ
779 4846 1030 4914 Ματθαίῳ
1077 4862 1132 4896 τε
1169 4847 1255 4895 καί
1303 4849 1485 4915 Λουκᾴ
1517 4860 1534 4876 ο
1592 4843 1640 4896 έν

109 4932 381 4989 δείκνυσιν
429 4936 484 4986 ἔκ
539 4953 676 4996 τινος
706 4935 938 5006 ἱστορίας
992 4932 1062 4995 εἰς
1116 4933 1271 4985 αὐτὸν
1319 4933 1509 4985 ἄνωθεν
1538 4933 1712 4986 κατελ-

109 5027 312 5085 θούσης
373 5030 661 5096 συμφωνεῖν
729 5029 818 5075 τοῦ
875 5021 1246 5094 εύαγγελιστὰς
1299 5021 1508 5094 μᾶλλον,
1583 5020 1711 5074 ἀλλά

103 5120 179 5188 μη
243 5111 539 5187 διαφωνεῖν.
595 5111 690 5165 Ἢν
747 5111 795 5164 έν
841 5119 902 5183 τῇ
959 5113 1090 5184 μετὰ
1141 5117 1330 5183 χεῖρας
1380 5116 1710 5184 πραγματείᾳ

105 5204 157 5258 ἓν
201 5213 275 5275 τῷ
320 5209 509 5277 πρώτῳ
553 5205 694 5274 τόμῳ
735 5204 1106 5276 προσηκόντως
1154 5199 1427 5263 κατέταξα.
1476 5203 1703 5259 Τοιαύτη

104 5297 200 5367 μεν
267 5290 399 5356 δόξα
447 5294 591 5365 παρὰ
635 5297 770 5345 πᾶσι
823 5298 896 5362 τῷ
934 5289 1187 5362 Ὠριγένει
1219 5305 1232 5318 ⁸
1283 5292 1414 5347 αῦτη
1456 5296 1546 5350 τῆς
1588 5295 1706 5363 περὶ

105 5402 176 5436 τα
229 5384 342 5458 ἱερὰ
385 5383 676 5456 μαθήματα
704 5380 844 5451 αύτῷ
897 5381 928 5438 ὴ
963 5375 1171 5438 σπόυδή
1201 5396 1218 5413 ο
1271 5379 1436 5442 οὓτως
1458 5379 1559 5432 ὑπὸ
1605 5387 1707 5432 τῶν

181 5552 265 5692 ξιξ
289 5552 459 5608 Forte
478 5550 575 5608 hic
612 5565 724 5622 pro
747 5549 1007 5632 lleraclaa
1032 5549 1356 5633 legendum
1395 5548 1687 5637 Origenis.

208 5627 242 5679 2
292 5623 376 5681 De
412 5622 726 5682 Castorum
755 5621 925 5680 libris
959 5621 1174 5680 Suidas
1196 5636 1258 5678 in
1283 5621 1543 5680 dictione
1576 5627 1686 5692 Αφρ

1829 4579 1884 4628 et
1913 4572 2031 4628 alia
2060 4571 2315 4626 Africani
2355 4571 2432 4626 ad
2471 4570 2788 4626 Aristidem
2813 4570 3084 4642 epistola,
3119 4571 3193 4626 de
3240 4587 3312 4628 ea
3345 4587 3476 4643 quae

1829 4661 2059 4718 videtur
2086 4677 2236 4728 esse,
2268 4665 2560 4715 cum‘non
2585 4660 2677 4724 sit,
2694 4659 3066 4717 dissonantia
3090 4660 3462 4730 genealogiae

1825 4748 2036 4806 Christi
2073 4748 2237 4822 apud
2264 4749 2435 4821 371
2473 4748 2812 4805 Matthaeum
2841 4755 2896 4804 et
2923 4749 3182 4804 Lucam:
3227 4749 3286 4803 in
3326 4764 3468 4821 qua,

1823 4859 1896 4899 ex
1925 4840 2172 4897 historia
2208 4839 2498 4911 quadam,
2542 4853 2729 4910 quam
2751 4853 2788 4893 a
2808 4837 3104 4894 veteribus
3135 4843 3467 4910 acceperat,

1822 4931 2218 5001 evangelistas
2246 4928 2434 4998 magis
2473 4929 2625 4983 inter
2654 4942 2715 4982 se
2753 4928 3108 4993 consentire,
3137 4943 3322 4998 quam
3356 4927 3470 4982 dis-

1821 5019 2163 5076 sonantiam
2203 5016 2470 5088 aliquam
2530 5016 2694 5088 apud
2741 5031 2843 5071 eos
2900 5031 3028 5071 esse
3058 5016 3295 5088 probat.
3326 5018 3470 5072 Eam

1820 5109 2110 5167 volumini
2147 5107 2286 5163 huic
2325 5111 2556 5174 nostro,
2604 5105 2736 5161 loco
2772 5119 2901 5170 suo,
2934 5104 2994 5160 in
3048 5105 3244 5178 primo
3303 5109 3469 5162 tomo

1817 5199 2197 5256 inseruimus.
2239 5201 2426 5268 Atque
2483 5196 2608 5251 haec
2646 5194 2890 5266 quidem
2959 5195 3230 5265 Origenis
3277 5195 3469 5266 gloria

1817 5289 1982 5361 apud
2011 5303 2224 5344 omnes
2269 5286 2398 5352 fuit,
2454 5285 2567 5341 hoc
2603 5285 2792 5357 ipsius
2823 5285 2885 5341 in
2907 5285 3090 5341 sacris
3139 5283 3467 5356 disciplinis

1816 5379 2083 5436 studium
2111 5393 2124 5430 :
2149 5378 2208 5433 in
2243 5376 2359 5432 hac
2396 5389 2639 5448 quoque
2677 5374 3102 5448 episcoporum
3126 5373 3234 5431 fuit
3276 5373 3466 5431 admi-

292 5623 376 5681 De
412 5620 726 5682 Castorum
755 5621 925 5680 libris
959 5620 1174 5680 Suidas
1196 5620 1258 5678 in
1283 5621 1543 5680 dictione
1563 5621 1886 5697 Ἀφρικανός.
