4040 6224
519 303 647 358 iiii

1832 300 2224 360 NICEPHORI
2263 299 2586 358 CALLlSTl

3729 303 3864 357 I112

515 429 762 496 ratione,
795 430 1014 503 quibus
1044 431 1273 489 eisdem
1305 433 1484 489 etiam
1510 445 1657 488 usus
1690 433 1778 488 est
1820 428 2152 502 discipulis.

2286 433 2560 482 ’πισκόπων
2605 423 2700 480 διά
2753 429 3020 501 θαύματος
3069 423 3131 488 ἦν
3185 439 3198 456 ⁶
3235 430 3327 481 καὶ
3382 429 3640 491 τοιούτοις
3689 429 3862 500 ἐχρή-

514 518 782 587 Quantus
800 527 998 576 autem
1025 521 1246 578 eisdem
1267 521 1655 589 fueritardor,
1685 525 1896 577 contra
1923 533 2026 576 eos
2051 516 2154 590 qui

511 623 796 680 perversa
824 613 880 666 et
916 611 1233 681 peregrina
1273 609 1964 682 induxeruntdogmata,
1990 608 2152 664 dein-

515 711 657 770 ceps
695 699 1009 756 ostendere
1029 715 1374 773 pergamus.

1139 845 1360 902 CAPUT
1385 845 1546 902 XXII.

789 950 878 1006 De
900 951 1126 1022 Berylli
1153 967 1352 1010 errore
1380 961 1438 1009 et
1465 952 1888 1022 resipiscentia.

593 1091 877 1164 Beryllus,
900 1109 1080 1166 quem
1103 1094 1283 1166 paulo
1307 1101 1442 1153 ante
1465 1097 1844 1153 Bostrensem
1859 1097 1920 1153 in
1941 1095 2162 1154 Arabia

517 1177 780 1236 diximus
817 1181 997 1238 fuisse
1027 1185 1404 1256 episcopum,
1433 1202 1622 1242 novas
1643 1187 1962 1258 quasdam,
1997 1192 2052 1242 et
2082 1185 2160 1241 ab

517 1269 920 1328 ecclesiastico
942 1287 1172 1329 canone
1199 1273 1424 1331 alienas
1441 1275 1684 1346 protulit
1701 1277 2036 1347 opiniones.
2061 1281 2165 1332 As-

519 1360 974 1434 seruitnamque
997 1361 1596 1420 Dominumnostrum
1625 1367 1824 1422 Jesum
1866 1365 2163 1422 Christum

517 1464 640 1504 non
655 1451 812 1520 prius
825 1451 1114 1522 propriam
1126 1453 1394 1510 essentias
1407 1453 1842 1512 subsistentiam
1856 1455 2161 1522 habuisse,

519 1553 704 1610 quam
727 1539 804 1594 ad
835 1556 947 1596 nos
981 1543 1202 1598 venerit
1231 1558 1242 1598 :
1277 1559 1472 1615 neque
1497 1545 1806 1616 propriam
1832 1545 2165 1601 obtinuisse

521 1625 910 1694 divinitatem,
933 1628 1123 1686 solam
1155 1635 1354 1688 autem
1370 1637 1684 1703 paternam
1714 1633 2166 1690 subsistentiam

522 1721 578 1770 et
605 1713 892 1772 Deitatem
922 1719 982 1772 in
1013 1735 1084 1774 eo
1123 1719 1286 1792 apud
1308 1736 1418 1776 nos
1443 1727 1720 1778 versante
1741 1723 2055 1780 exstitisse.
2088 1725 2167 1778 De

524 1821 682 1862 novo
713 1807 826 1862 hoc
852 1813 908 1864 et
935 1781 1200 1878 maligno
1226 1809 1528 1880 dogmate,
1559 1811 1728 1868 multi
1755 1828 1893 1868 cum
1922 1813 2168 1869 homine
2195 1781 2242 1844 Β

526 1891 910 1951 ecclesiarum
940 1897 1222 1954 antistites
1247 1914 1353 1970 per
1382 1899 1816 1972 disputationes
1836 1901 2166 1972 congressi,

525 1987 788 2040 avertere
809 1985 888 2040 ab
911 2001 982 2042 eo
1003 1991 1127 2042 tam
1150 1987 1400 2060 impiam
1427 1989 1778 2046 sententiam
1795 1991 2170 2050 suntconati.

523 2071 742 2128 Verum
789 2073 886 2130 ille
925 2091 1110 2146 quam
1156 2077 1340 2133 semel
1371 2079 1760 2150 concepisset,
1793 2079 2170 2152 pertinaciter

525 2159 763 2217 retinuit
803 2163 1170 2233 opinionem.
1213 2169 1608 2240 Posteaquam
1643 2173 1844 2224 autem
1892 2185 1929 2226 a
1967 2170 2168 2226 multis

526 2249 834 2316 excitatus,
876 2252 956 2308 ad
993 2269 1132 2310 eum
1171 2255 1537 2312 clarissimus
1575 2257 2167 2330 pervenitOrigenes,

525 2339 789 2410 primum
801 2357 1078 2398 sermone
1093 2360 1232 2400 cum
1246 2361 1317 2402 eo
1338 2345 1574 2412 collato,
1603 2363 1884 2421 quaenam
1901 2347 2166 2415 haberet,

525 2443 738 2500 quasve
768 2429 1006 2488 doceret
1043 2433 1348 2504 dogmata,
1379 2433 1458 2491 ab
1487 2451 1558 2491 eo
1598 2435 1893 2509 quaesivit.
1923 2439 1992 2494 Ut
2033 2453 2171 2496 vero

525 2533 652 2574 rem
693 2534 936 2576 omnem
963 2522 1103 2578 satis
1125 2523 1426 2593 cognovit,
1450 2524 1635 2580 ﬁrmis
1667 2535 1844 2597 atque
1863 2527 2173 2597 irrefraga-

527 2605 748 2663 bilibus
761 2611 1130 2678 argumentis
1159 2627 1297 2668 eum
1313 2628 1436 2669 non
1453 2619 1607 2670 recte
1633 2616 1848 2672 sentire
1875 2617 2131 2672 convicit
2156 2633 2169 2672 :

529 2695 692 2752 etvix
707 2697 952 2754 tandem
969 2699 1580 2760 demonstrationibus
1600 2705 1774 2760 certis
1787 2720 2172 2777 persuasum,

531 2787 756 2840 sensim
795 2793 852 2842 et
877 2787 1223 2845 humaniter
1252 2805 1390 2846 cum
1420 2807 1490 2848 eo
1529 2807 1733 2862 agens,
1769 2794 1848 2850 ad
1879 2795 2175 2850 sinceram

532 2875 791 2930 veritatis
819 2876 1055 2933 reduxit
1089 2878 1443 2946 doctrinam,
1477 2882 1914 2956 pristinumque
1940 2883 1992 2940 ei
2011 2899 2176 2940 same

533 2963 837 3020 sententiae
881 2967 1129 3023 restituit
1183 2968 1477 3024 habitum.
1519 2973 1902 3029 Monumenta
1959 2973 2176 3045 synodi

532 3052 954 3124 episcoporum
987 3062 1224 3127 propter
1258 3057 1550 3130 Beryllum
1569 3065 1809 3126 coacta,
1830 3061 2010 3134 longo
2035 3069 2177 3120 tem-

2270 539 2400 572 σατο
2467 514 2852 580 σπουδασταῖς.
2908 517 3094 570 Ὀποία
3131 512 3191 570 δὲ
3222 517 3362 589 αὐτῷ
3409 519 3439 576 ἡ
3489 519 3737 593 θερμότης
3765 523 3856 568 καὶ

2269 612 2397 682 πρὸς
2444 615 2566 672 τοὺς
2611 605 2962 682 ίνδιοίστροφα
3011 611 3101 659 καὶ
3151 605 3324 660 ὀθνεῖα
3371 607 3678 680 εἰσάγοντας
3733 602 3856 676 δότε

2271 717 2430 774 ματα,
2455 700 2676 757 ἐντεῦθεν
2707 696 2776 758 δή
2809 705 2986 770 σαφῶς
3009 703 3348 770 γνωριοῦμιν.

2877 805 3120 860 ΚΕΦΑΛ.
3155 803 3271 858 KB'.

2275 919 2428 990 Περὶ
2506 911 2616 977 τῆς
2687 909 3529 990 Βηρύ-λλουμπαρατροπῆς

2835 981 3249 1058 διοορθώσέω
3271 999 3312 1046 ς.

3621 927 3688 964 τε
3771 913 3872 961 καὶ

2345 1091 2626 1168 Βήρυλλος,
2653 1097 2705 1146 ὃν
2733 1095 2918 1166 μικρὸν
2963 1091 3187 1166 πρόσθεν
3231 1093 3470 1164 Βόστρων
3509 1097 3608 1150 τῆς
3645 1085 3876 1162 Ἀράϐων

2275 1187 2554 1238 ἓπίσκοπον
2599 1186 2970 1258 ἱστορήσαμεν,
3021 1177 3138 1242 ξένα
3193 1181 3313 1232 τινὰ
3357 1183 3448 1232 καὶ
3509 1175 3775 1232 ἀλλόκοτα
3812 1185 3876 1246 τῷ

2275 1274 2694 1344 ἑκκλησιαστικῷ
2745 1275 2920 1324 κανόνι
2995 1265 3237 1342 δόγματα
3284 1267 3507 1340 εἰσάγων
3563 1273 3873 1342 προσῆγεν·

2275 1363 2411 1436 ἔλεγε
2467 1367 2556 1416 καὶ
2613 1363 2714 1436 γάρ
2776 1365 2864 1414 τόν
2919 1361 3108 1434 Κύριον
3157 1359 3302 1430 ἡμῶν
3370 1357 3580 1416 Ἰησοῦν
3651 1357 3876 1430 Χριστόν

2275 1457 2346 1526 μὴ
2403 1473 2518 1506 τινα
2565 1447 2852 1506 ύπόστατιν
2912 1449 3097 1512 ούσίας
3139 1443 3278 1502 ἰδίαν
3342 1449 3651 1514 κεκτῆσθαι,
3724 1451 3876 1518 πρινξ

2274 1549 2382 1605 τοῖς
2429 1544 2546 1596 καθ’
2599 1545 2740 1614 ἡμᾶς
2794 1535 3072 1612 ἐνδημεῖν
3133 1535 3245 1590 ἀλλ’
3283 1533 3408 1591 οὐδὲ
3449 1539 3672 1598 θεότητα
3739 1531 3880 1587 ἰδίαν

2277 1635 2416 1705 ἔχειν
2445 1651 2458 1664 ·
2504 1637 2665 1704 μόνην
2696 1628 2755 1684 δὲ
2809 1631 3073 1704 Πατρικήν
3127 1627 3419 1680 ὑπόστασιν
3449 1631 3538 1682 καὶ
3585 1627 3884 1684 θεότηταὲν

2275 1724 2442 1794 τούτῳ
2485 1717 2896 1793 ἐπιδημήσασαν
2934 1717 3366 1772 πολιτεύσασθαι.
3413 1717 3532 1770 Ἐπὶ
3581 1713 3649 1776 δή
3715 1717 3884 1786 τούτῳ

2278 1819 2350 1882 τῷ
2397 1812 2646 1869 κακοήθει
2701 1813 2790 1862 καὶ
2849 1811 3010 1878 καίνῷ
3073 1803 3308 1879 δόγματι
3377 1807 3556 1862 πολλοὶ
3603 1811 3697 1882 μεν
3791 1815 3886 1858 τῶν

2280 1899 2564 1960 ἐκκλησιῶν
2639 1902 2875 1972 ποιμένες
2941 1893 3217 1968 διαλόγους
3306 1893 3478 1970 ἐκείνῳ
3556 1902 3884 1972 ποιούμενοι,

2281 1990 2586 2063 ἀποτρέπειν
2633 1997 2724 2050 τῆς
2775 1985 3068 2048 δυσσεϐοῦς
3124 1983 3356 2047 ἐπινοίας
3421 1985 3762 2050 ἱσπούδαζον
3791 2006 3806 2018 ι
3863 1989 3886 2039 ό

2283 2077 2342 2134 δὲ
2392 2087 2491 2134 τῶν
2543 2077 2787 2140 καθάπαξ
2835 2073 3157 2148 δεδογμένων
3200 2073 3387 2127 οὔκουν
3427 2075 3688 2140 ἐξίστατο.
3749 2079 3890 2132 Ἐπεὶ

2283 2167 2342 2224 δι
2394 2169 2539 2244 παρά
2583 2167 2779 2221 πολλῶν
2843 2163 3196 2240 παρακληθεὶς
3247 2164 3342 2221 ἧκε
3391 2169 3480 2218 καὶ
3511 2167 3536 2218 ό
3573 2167 3894 2240 περιϐόητος

2281 2259 2489 2312 οῦτοσὶν
2539 2259 2829 2330 Ὠριγένης,
2913 2265 3096 2324 πρῶτα
3163 2257 3254 2323 μὲν
3321 2253 3394 2316 εἰς
3467 2253 3650 2328 λόγους
3715 2255 3896 2328 ἐκείνῳ

2283 2351 2441 2412 ἥκων,
2497 2351 2609 2400 τίνα
2662 2353 2779 2398 νοῦν
2835 2347 2954 2418 έχοι
2999 2351 3090 2399 καὶ
3145 2349 3264 2399 τίνα
3317 2343 3456 2415 λέγοι
3517 2343 3848 2420 ἀπεπεῖρᾶτο
3879 2361 3890 2374 ·

2283 2439 2350 2497 ὡς
2395 2431 2454 2490 δὲ
2503 2435 2796 2507 καταμάθοι
2841 2442 3013 2507 σαφῶς
3065 2434 3221 2500 ἆπαν,
3261 2433 3432 2505 λόγοις
3490 2431 3896 2510 ἀναντιρῥήτοις

2283 2529 2354 2598 μὴ
2407 2525 2540 2598 ὀρθὰ
2589 2531 2873 2598 φρονοῦντα
2923 2520 3197 2598 διήλεγχε.
3224 2523 3389 2586 Μόλις
3429 2517 3488 2576 δε
3529 2527 3716 2584 πείσας
3781 2533 3896 2586 ταῖς

2287 2611 2543 2690 σφοδραῖς
2615 2611 2920 2677 ἀποδείξεσι
3003 2622 3075 2686 τῷ
3136 2613 3409 2688 ἀκραιφνεῖ
3469 2621 3708 2686 προσῆγε
3803 2623 3898 2675 τῆς

2287 2703 2528 2766 ἀληθείας
2590 2699 2820 2776 δόγματι
2852 2719 2866 2733 ⁸
2923 2703 3092 2778 ἠρέμα
3129 2722 3184 2756 τε
3243 2707 3333 2755 καὶ
3393 2701 3562 2765 ἠπίως
3619 2721 3896 2776 προσανα-

2285 2797 2555 2866 κτώμενος,
2617 2791 2700 2845 ἐπὶ
2765 2796 2856 2850 τήν
2917 2797 3170 2866 προτέραν
3231 2791 3331 2855 ἕξιν
3395 2795 3676 2864 μετήγαγεν
3745 2793 3896 2864 ὑγιᾶ,

2284 2890 2386 2944 Τῆς
2426 2879 2484 2935 δι
2529 2877 2623 2935 διά
2677 2881 2934 2956 Βήρυλλον
2995 2880 3368 2956 ἀθροισθείσης
3427 2889 3524 2934 τῶν
3591 2880 3898 2935 ἐπισκόπων

2289 2967 2513 3024 συνόδου
2561 2973 2627 3024 τά
2674 2971 3024 3044 ὑπομνήματα
3085 2976 3261 3044 χρόνῳ
3323 2967 3490 3042 πολλῷ
3548 2965 3898 3038 διεσώζοντο,

2287 3061 2448 3114 αὐτοῦ
2497 3061 2542 3114 τ’
2616 3059 2806 3114 ἐκείνου
2865 3065 2955 3114 καὶ
3007 3059 3304 3136 Ὠριγένους
3360 3062 3454 3123 τὰς
3517 3079 3570 3114 τε
3639 3063 3904 3124 ζητήσεις

531 3155 678 3212 pore
708 3148 846 3198 sunt
897 3151 1220 3211 asservata,
1265 3163 1401 3219 quae.
1439 3147 1628 3220 ipsius
1681 3155 1860 3224 atque
1907 3151 2172 3223 Origenis

2286 3153 2478 3204 ἑκείνου
2565 3155 2655 3204 καὶ
2729 3151 2819 3211 τάς
2891 3149 3063 3212 λύσεις
3146 3151 3300 3212 αὖθις
3398 3151 3582 3203 τούτου
3671 3157 3900 3223 καιρίως

533 3230 897 3300 quaestiones
937 3233 1114 3288 simul
1143 3239 1199 3290 et
1228 3235 1554 3293 solutiones
1598 3239 1807 3296 ordine
1852 3242 2175 3298 continent.

535 3321 666 3375 Haec
697 3319 771 3375 de
793 3320 1002 3392 Berylli
1033 3323 1464 3396 resipiscentia.

1033 3427 1142 3501 37
1156 3431 1207 3501 2
1243 3431 1470 3489 CAPUT
1498 3433 1680 3490 XXIII.

536 3531 619 3591 De
639 3533 850 3591 haeresi
867 3535 930 3592 in
947 3538 1176 3614 Ara_bia
1201 3545 1412 3596 exorta
1435 3555 1636 3598 eorum
1651 3542 1756 3614 qui
1768 3543 2000 3602 animus
2019 3560 2178 3602 mor-

1012 3611 1158 3668 tales
1189 3627 1312 3668 esse
1339 3611 1699 3670 asseveranl.

607 3713 736 3778 Qua
749 3717 1098 3788 tempestate
1111 3717 1212 3774 alii
1227 3735 1469 3792 quoque
1497 3721 1556 3776 in
1575 3721 1793 3780 Arabia
1807 3723 2176 3796 exstiterunt,

535 3803 637 3874 qui
677 3804 1025 3862 adulterinis
1047 3807 1435 3880 opinionibus
1474 3811 1798 3868 Ecclesiam
1839 3814 2176 3882 turbarunt,

534 3891 802 3948 animam
840 3893 1103 3951 hominis
1133 3897 1326 3968 ipsam
1355 3914 1475 3956 una
1497 3916 1637 3956 cum
1666 3917 1916 3973 corpore
1941 3904 2002 3958 in
2027 3919 2182 3976 prae-

537 3981 727 4038 sentia
743 3983 892 4039 mori
922 3990 1101 4058 atque
1129 3987 1384 4055 interire,
1417 3995 1472 4045 et
1505 3989 1834 4064 aliquando
1857 3993 2096 4050 tandem
2119 3993 2175 4050 in

535 4073 965 4130 resurrectione
1005 4073 1203 4132 futura
1251 4093 1372 4134 una
1401 4094 1540 4135 cum
1584 4095 1834 4152 corpore
1869 4097 1980 4137 suo
2031 4083 2180 4138 revi-

536 4165 765 4216 cturam
798 4177 946 4232 esse,
973 4179 1044 4220 ac
1072 4165 1147 4220 de
1177 4171 1390 4223 caetero
1417 4167 2018 4226 adimmortalitatem
2041 4187 2181 4228 con-

538 4255 844 4306 servatum
861 4251 929 4307 iri
944 4253 1322 4311 arbitrantes.
1353 4258 1484 4312 Haec
1503 4273 1640 4313 cum
1665 4257 1745 4314 illi
1759 4259 1844 4315 sic
1861 4275 1968 4332 per
1991 4261 2180 4318 inani-

536 4337 904 4412 loquentiam
914 4341 1570 4412 jactarent,conventus
1593 4347 2015 4421 episcoporum
2043 4357 2182 4410 sunt

537 4429 680 4488 acti:
702 4427 762 4485 in
781 4431 1025 4503 quibus,
1043 4449 1180 4490 cum
1191 4435 1425 4492 efficere
1439 4435 1584 4492 nihil
1605 4445 1868 4509 possent,
1899 4441 2181 4510 Origenes

536 4524 624 4574 est
678 4527 980 4579 evocatus.
1029 4523 1219 4596 Atque
1255 4523 1350 4581 ille
1389 4526 1554 4582 nulla
1613 4528 1965 4600 interposita
2009 4545 2181 4590 mora

535 4607 727 4666 affuit.
759 4613 824 4666 Et
847 4610 1042 4667 verbis
1081 4612 1218 4668 hinc
1257 4619 1312 4670 et
1341 4614 1479 4670 inde
1511 4616 1698 4684 factis,
1730 4619 2181 4693 quaestioneque

535 4699 596 4755 in
629 4700 894 4756 medium
915 4701 1534 4774 proposita,itaihivir
1558 4705 1650 4762 ille
1664 4705 1965 4774 disseruit,
1991 4725 2181 4783 eaque

535 4804 607 4846 ex
659 4791 974 4861 Scripturis
1013 4791 1072 4846 in
1103 4806 1396 4849 consessu
1433 4793 1532 4850 illo
1566 4795 1758 4852 attulit
1799 4804 2176 4868 argumenta,

533 4885 598 4934 ut
629 4879 952 4936 adversarii
980 4879 1196 4936 deinde
1226 4881 1394 4954 quod
1423 4889 1631 4940 contra
1668 4885 2023 4956 proferrent,
2058 4903 2181 4946 non

533 4967 845 5024 baberent.
880 4973 1086 5042 Itaque
1135 4969 1338 5026 statim
1377 4971 1454 5028 ita
1508 4977 1648 5029 sunt
1697 4975 1990 5040 conversi,
2026 4981 2086 5032 ut
2118 4992 2181 5034 se

532 5057 700 5129 ipsos
730 5059 945 5114 erroris
980 5058 1475 5128 condemnarent,
1513 5076 1846 5136 pmnasque
1877 5079 1914 5120 a
1953 5081 2015 5120 se
2063 5063 2180 5138 ipsi

534 5145 854 5218 exigerent.

1138 5329 1362 5387 CAPUT
1389 5330 1567 5388 XXIV.

922 5419 1005 5475 De
1043 5417 1253 5476 haeresi
1273 5421 1773 5478 Helcesailarum.

605 5528 739 5582 Post
785 5526 898 5582 has
940 5525 1058 5582 alia
1087 5525 1201 5582 illis
1240 5526 1418 5597 longe
1457 5529 1867 5599 perniciosior,
1905 5529 2182 5588 Helcesae

534 5617 804 5688 quodam
833 5619 1096 5688 auctore,
1129 5621 1336 5674 exorta
1357 5621 1450 5673 est
1465 5615 1706 5674 haeresis
1733 5634 1746 5674 :
1766 5633 1901 5692 qum
1917 5619 2082 5692 prius
2095 5624 2184 5678 est

2286 3239 2580 3311 ἐπάγοντος,
2655 3244 2756 3294 Καὶ
2815 3241 2882 3292 τά
2938 3243 3028 3312 μὶν
3091 3242 3227 3292 κατά
3313 3239 3568 3316 Βήρυλλον
3635 3235 3780 3298 ἦσαν
3853 3239 3898 3292 έν

2285 3349 2488 3392 τούτοις
2500 3373 2512 3388 .

2885 3437 3132 3492 ΚΕΦΑΛ.
3179 3433 3300 3492 ΚΓ.

2287 3547 2440 3620 Περὶ
2496 3551 2607 3605 τῆς
2658 3541 2716 3596 ἐν
2773 3541 3046 3620 Ἀραϐίᾳ
3103 3541 3531 3620 ἓβπιφυνείσης
3581 3541 3900 3617 αἱρέσεως

2735 3613 2856 3668 τῶν
2909 3613 3433 3688 θνηίτοψυχιτῶν.

2357 3723 2503 3778 Κᾶτά
2551 3717 2609 3776 δὲ
2655 3725 2744 3775 τὸν
2783 3720 2937 3776 αὐτὸν
2993 3725 3182 3796 χρόνον
3240 3726 3330 3774 καὶ
3379 3719 3528 3774 ἄλλοι
3570 3717 3639 3778 δή
3677 3740 3822 3784 τινες
3855 3719 3898 3773 ἓν

2287 3811 2493 3888 Αραείᾳ
2577 3811 2896 3885 ἐπιφύονται,
2978 3813 3144 3873 νόθοις
3205 3807 3442 3884 δόγμασι
3501 3815 3596 3869 τήν
3671 3803 3899 3868 Ἐκκλη-

2289 3907 2403 3956 σίαν
2451 3903 2782 3978 ταράττοντες
2815 3918 2829 3932 ο
2879 3899 2928 3954 οἱ
2980 3895 3048 3959 δή
3083 3891 3386 3972 εἰσηγοῦντο
3431 3905 3524 3959 τήν
3565 3897 3898 3976 ἀνθρωπίνην

2285 3991 2472 4066 ψυχήν
2513 3993 2720 4064 σύναμα
2770 3986 2841 4062 τῷ
2901 3993 3126 4063 σώματι,
3177 3995 3268 4042 καὶ
3319 3989 3483 4048 αὐτὴν
3535 3991 3670 4065 πρὸς
3708 3993 3772 4042 τὸ
3805 4009 3899 4042 πα-

2286 4083 2374 4156 ρὸν
2443 4083 2807 4146 ἀποθνήσκειν,
2871 4083 2958 4132 καὶ
3009 4083 3102 4132 σὺν
3167 4079 3343 4149 ἐκείνῳ
3399 4079 3730 4151 ὑφίστασθαι
3807 4083 3896 4136 τήν

2289 4171 2482 4244 φθοράν
2515 4187 2528 4200 ·
2589 4169 2683 4242 δψι
2749 4165 2808 4222 δέ
2863 4187 2987 4222 ποτε
3053 4175 3150 4230 τῆς
3215 4166 3550 4230 ἀναστάσεως
3621 4165 3892 4240 έσομένης,

2288 4258 2648 4325 ἀναϐιώσκειν,
2702 4254 2850 4318 αὖθις
2892 4257 3135 4318 κάκείνας
3185 4261 3277 4310 σὺν
3317 4261 3424 4320 τοῖς
3479 4259 3749 4330 σφετέροις
3801 4265 3895 4310 σώ-

2289 4369 2442 4422 μασι,
2485 4353 2576 4400 καὶ
2627 4355 2716 4400 τοῦ
2767 4346 2950 4400 λοιποῦ
3015 4345 3059 4408 ές
3125 4345 3419 4422 ἀφθαρσίαν
3497 4341 3894 4418 διὰτηρεῖσθαῖ.

2288 4445 2517 4492 Τοιαῦτα
2567 4439 2761 4490 τούτων
2829 4434 3248 4508 κενολογούντων,
3319 4430 3536 4488 σύνοδοι
3598 4431 3894 4488 ἐπισκόπων

2215 4502 2259 4558 D
2293 4533 2710 4600 συνεκροτοῦντο.
2775 4525 2860 4588 Ὠς
2919 4522 2978 4580 δέ
3041 4545 3094 4578 τι
3155 4525 3398 4598 πράττειν
3457 4527 3660 4584 ἣκιστα
3727 4521 3890 4596 εἶχον,

2293 4621 2375 4671 τὸν
2455 4617 2724 4690 Ὠριγένην
2797 4619 2885 4668 καὶ
2967 4615 3118 4668 αὐτοὶ
3173 4612 3605 4687 μετεστελλοντο’
3673 4619 3764 4666 καὶ
3851 4615 3894 4672 ὃς

2289 4713 2458 4781 παρῆν
2516 4701 2666 4758 οῦδὲν
2715 4700 2974 4766 ἁναδυείς.
3035 4707 3214 4774 Λόγων
3279 4697 3330 4754 δ’
3393 4701 3710 4776 ἑκατέρωθεν
3759 4721 3894 4758 κινε-

2291 4797 2472 4850 θέντων
2533 4793 2588 4847 ἐκ
2635 4801 2787 4866 κοινῷ
2840 4801 2932 4846 τοῦ
2984 4795 3318 4869 προκειμένου
3377 4790 3705 4862 ζητήματος,
3765 4791 3890 4842 οὕτω

2289 4883 2637 4957 φιλοσοφῆσαι
2679 4885 2764 4936 τὸν
2822 4877 3010 4954 ἄνδρα,
3065 4885 3156 4932 καὶ
3223 4887 3442 4933 τοιαῦτα
3494 4879 3568 4950 τῷ
3639 4876 3888 4952 συνεδρίῳ

2287 4979 2610 5048 παραγαγεῖν
2657 4971 2714 5025 ἐκ
2761 4977 2994 5046 Γραφῶν,
3063 4971 3127 5030 ὡς
3193 4973 3312 5032 τοὺς
3369 4963 3441 5022 δι’
3502 4965 3742 5029 ἕναντίας
3803 4988 3886 5041 με·

2291 5059 2376 5116 δεν
2429 5065 2647 5136 ἔχοντας
2689 5067 2780 5114 τοῦ
2835 5059 3018 5114 λοιποῦ
3069 5057 3364 5132 ἀντιλέγειν,
3435 5057 3622 5110 θᾶττον
3689 5057 3887 5132 μεταϐιο

2291 5153 2538 5220 ϐλῆσθαι,
2588 5155 2676 5206 καὶ
2723 5159 2818 5214 τῆς
2855 5149 3169 5224 ἐσφαλμένης
3221 5143 3457 5210 διανοίας
3517 5151 3702 5220 σφίσιν
3753 5147 3886 5200 εὐθύ-

2291 5263 2384 5307 νας
2411 5244 2590 5299 αἰτεῖν.

2889 5327 3134 5384 ΚΕΦΑΛ.
3183 5325 3300 5382 KA'.

2435 5425 2588 5497 Περὶ
2629 5428 2736 5482 τῆς
2797 5429 2916 5473 τῶν
2957 5419 3372 5474 Ἐλκεσαῖτῶν
3423 5417 3756 5490 αἱρέσεως.

2362 5531 2506 5584 Μετά
2559 5525 2619 5582 δι
2666 5529 2860 5589 ταύτας
2905 5531 2994 5580 καὶ
3045 5525 3172 5586 ἄλλη
3217 5529 3408 5601 χείρων
3449 5531 3550 5578 τῶν
3591 5526 3878 5601 προειρημέ-

2291 5629 2388 5674 νων
2456 5617 2725 5691 ἀνέκυψεν,
2779 5617 3018 5673 Ἑλκεσαέ
3081 5633 3216 5678 τινος
3277 5617 3474 5678 ταύτης
3529 5621 3747 5690 πρώτως
3807 5633 3878 5667 xs-
