  <div class='ocr_page' id='page_1' title='image "/cluster/home/n/w/nwhite01/storage/ocr_20150623/145/hvd.32044054086921/562.png"; bbox 0 0 4000 6220; ppageno 0'>
   <div class='ocr_carea' id='block_1_1' title="bbox 183 333 318 390">
    <p class='ocr_par' dir='ltr' id='par_1_1' title="bbox 183 333 318 390">
     <span class='ocr_line' id='line_1_1' title="bbox 183 333 318 390; baseline 0.007 -2"><span class='ocrx_word' id='word_1_1' title='bbox 183 333 318 390; x_wconf 74' lang='grc'><strong>1113</strong></span> 
     </span>
    </p>
   </div>
   <div class='ocr_carea' id='block_1_2' title="bbox 184 460 1859 537">
    <p class='ocr_par' dir='ltr' id='par_1_2' title="bbox 184 460 1859 537">
     <span class='ocr_line' id='line_1_2' title="bbox 184 460 1859 537; baseline 0 -24"><span class='ocrx_word' id='word_1_2' title='bbox 184 460 470 534; x_wconf 79' lang='grc' dir='ltr'>τάρξαντος</span> <span class='ocrx_word' id='word_1_3' title='bbox 497 477 510 491; x_wconf 81' lang='grc'><strong><em>⁸</em></strong></span> <span class='ocrx_word' id='word_1_4' title='bbox 563 460 594 518; x_wconf 82' lang='grc' dir='ltr'>ἢ</span> <span class='ocrx_word' id='word_1_5' title='bbox 647 464 803 533; x_wconf 79' lang='grc' dir='ltr'>πρινὴ</span> <span class='ocrx_word' id='word_1_6' title='bbox 860 465 1080 533; x_wconf 80' lang='grc' dir='ltr'>φανῆναι</span> <span class='ocrx_word' id='word_1_7' title='bbox 1127 463 1217 513; x_wconf 83' lang='grc' dir='ltr'>καὶ</span> <span class='ocrx_word' id='word_1_8' title='bbox 1263 466 1375 522; x_wconf 89' lang='grc' dir='ltr'>ταῖς</span> <span class='ocrx_word' id='word_1_9' title='bbox 1433 463 1614 537; x_wconf 76' lang='grc' dir='ltr'>αὔραις</span> <span class='ocrx_word' id='word_1_10' title='bbox 1642 461 1782 536; x_wconf 78' lang='grc' dir='ltr'>ῥιπι·</span> <span class='ocrx_word' id='word_1_11' title='bbox 1813 463 1859 518; x_wconf 78' lang='grc' dir='ltr'><strong>Α</strong></span> 
     </span>
    </p>
   </div>
   <div class='ocr_carea' id='block_1_3' title="bbox 182 548 1781 624">
    <p class='ocr_par' dir='ltr' id='par_1_3' title="bbox 182 548 1781 624">
     <span class='ocr_line' id='line_1_3' title="bbox 182 548 1781 624; baseline -0.001 -21"><span class='ocrx_word' id='word_1_12' title='bbox 182 553 374 609; x_wconf 79' lang='grc' dir='ltr'><strong>σθῆναι</strong></span> <span class='ocrx_word' id='word_1_13' title='bbox 411 557 505 604; x_wconf 80' lang='grc' dir='ltr'><strong>τοῦ</strong></span> <span class='ocrx_word' id='word_1_14' title='bbox 541 557 792 624; x_wconf 86' lang='grc' dir='ltr'>πονηροῦ,</span> <span class='ocrx_word' id='word_1_15' title='bbox 845 552 1031 602; x_wconf 84' lang='grc' dir='ltr'>θᾶττον</span> <span class='ocrx_word' id='word_1_16' title='bbox 1084 548 1370 620; x_wconf 70' lang='grc' dir='ltr'>ἐσϐέννυτο,</span> <span class='ocrx_word' id='word_1_17' title='bbox 1411 554 1468 604; x_wconf 88' lang='grc' dir='ltr'><strong>τό</strong></span> <span class='ocrx_word' id='word_1_18' title='bbox 1507 549 1652 624; x_wconf 79' lang='grc' dir='ltr'>ὕδωρ</span> <span class='ocrx_word' id='word_1_19' title='bbox 1684 559 1781 603; x_wconf 85' lang='grc' dir='ltr'>τῶν</span> 
     </span>
    </p>
   </div>
   <div class='ocr_carea' id='block_1_4' title="bbox 179 636 1782 715">
    <p class='ocr_par' dir='ltr' id='par_1_4' title="bbox 179 636 1782 715">
     <span class='ocr_line' id='line_1_4' title="bbox 179 636 1782 715; baseline 0 -23"><span class='ocrx_word' id='word_1_20' title='bbox 179 645 454 713; x_wconf 83' lang='grc' dir='ltr'>Γραφικῶν</span> <span class='ocrx_word' id='word_1_21' title='bbox 519 639 821 714; x_wconf 80' lang='grc' dir='ltr'>χειμάῤῥων</span> <span class='ocrx_word' id='word_1_22' title='bbox 904 637 960 690; x_wconf 74' lang='grc' dir='ltr'>ἐκ</span> <span class='ocrx_word' id='word_1_23' title='bbox 1028 645 1120 692; x_wconf 85' lang='grc' dir='ltr'>τοῦ</span> <span class='ocrx_word' id='word_1_24' title='bbox 1204 636 1402 711; x_wconf 86' lang='grc' dir='ltr'>σχεδόν</span> <span class='ocrx_word' id='word_1_25' title='bbox 1488 641 1782 715; x_wconf 86' lang='grc' dir='ltr'>Ὠριγένους</span> 
     </span>
    </p>
   </div>
   <div class='ocr_carea' id='block_1_5' title="bbox 177 727 1782 803">
    <p class='ocr_par' dir='ltr' id='par_1_5' title="bbox 177 727 1782 803">
     <span class='ocr_line' id='line_1_5' title="bbox 177 727 1782 803; baseline 0.001 -22"><span class='ocrx_word' id='word_1_26' title='bbox 177 729 314 803; x_wconf 75' lang='grc' dir='ltr'>αὐτῇ</span> <span class='ocrx_word' id='word_1_27' title='bbox 350 732 724 802; x_wconf 81' lang='grc' dir='ltr'>καταχέαντος.</span> <span class='ocrx_word' id='word_1_28' title='bbox 779 730 846 781; x_wconf 80' lang='grc' dir='ltr'><strong>Οἱ</strong></span> <span class='ocrx_word' id='word_1_29' title='bbox 902 731 1004 802; x_wconf 84' lang='grc' dir='ltr'><strong>γὰρ</strong></span> <span class='ocrx_word' id='word_1_30' title='bbox 1056 727 1343 782; x_wconf 81' lang='grc' dir='ltr'>Ἐλκεσαῖοι</span> <span class='ocrx_word' id='word_1_31' title='bbox 1395 729 1539 783; x_wconf 79' lang='grc' dir='ltr'>οὗτοι</span> <span class='ocrx_word' id='word_1_32' title='bbox 1586 732 1782 803; x_wconf 83' lang='grc' dir='ltr'><strong>μύθους</strong></span> 
     </span>
    </p>
   </div>
   <div class='ocr_carea' id='block_1_6' title="bbox 178 815 1780 893">
    <p class='ocr_par' dir='ltr' id='par_1_6' title="bbox 178 815 1780 893">
     <span class='ocr_line' id='line_1_6' title="bbox 178 815 1780 893; baseline -0.001 -21"><span class='ocrx_word' id='word_1_33' title='bbox 178 819 296 872; x_wconf 88' lang='grc' dir='ltr'>ὅθεν</span> <span class='ocrx_word' id='word_1_34' title='bbox 364 815 432 877; x_wconf 78' lang='grc' dir='ltr'>δή</span> <span class='ocrx_word' id='word_1_35' title='bbox 492 836 617 871; x_wconf 86' lang='grc' dir='ltr'>ποτε</span> <span class='ocrx_word' id='word_1_36' title='bbox 665 818 1048 891; x_wconf 73' lang='grc' dir='ltr'>ερανισάμενοι,</span> <span class='ocrx_word' id='word_1_37' title='bbox 1098 823 1480 893; x_wconf 85' lang='grc' dir='ltr'>τερατόμορφόν</span> <span class='ocrx_word' id='word_1_38' title='bbox 1522 839 1639 872; x_wconf 91' lang='grc' dir='ltr'>τινα</span> <span class='ocrx_word' id='word_1_39' title='bbox 1689 823 1780 877; x_wconf 86' lang='grc' dir='ltr'>τὴν</span> 
     </span>
    </p>
   </div>
   <div class='ocr_carea' id='block_1_7' title="bbox 181 904 1781 982">
    <p class='ocr_par' dir='ltr' id='par_1_7' title="bbox 181 904 1781 982">
     <span class='ocr_line' id='line_1_7' title="bbox 181 904 1781 982; baseline -0.001 -23"><span class='ocrx_word' id='word_1_40' title='bbox 181 904 329 961; x_wconf 83' lang='grc' dir='ltr'>ἰδίαν</span> <span class='ocrx_word' id='word_1_41' title='bbox 379 908 742 961; x_wconf 88' lang='grc' dir='ltr'>συντεθείκασι</span> <span class='ocrx_word' id='word_1_42' title='bbox 792 905 1010 964; x_wconf 90' lang='grc' dir='ltr'>πλάνην.</span> <span class='ocrx_word' id='word_1_43' title='bbox 1072 911 1176 960; x_wconf 79' lang='grc' dir='ltr'><strong>Καὶ</strong></span> <span class='ocrx_word' id='word_1_44' title='bbox 1240 912 1359 982; x_wconf 86' lang='grc' dir='ltr'>περὶ</span> <span class='ocrx_word' id='word_1_45' title='bbox 1400 911 1490 980; x_wconf 70' lang='grc' dir='ltr'>μὲν</span> <span class='ocrx_word' id='word_1_46' title='bbox 1536 911 1630 966; x_wconf 82' lang='grc' dir='ltr'>τὴν</span> <span class='ocrx_word' id='word_1_47' title='bbox 1681 915 1781 960; x_wconf 82' lang='grc' dir='ltr'>τῶν</span> 
     </span>
    </p>
   </div>
   <div class='ocr_carea' id='block_1_8' title="bbox 178 995 1784 1070">
    <p class='ocr_par' dir='ltr' id='par_1_8' title="bbox 178 995 1784 1070">
     <span class='ocr_line' id='line_1_8' title="bbox 178 995 1784 1070; baseline 0 -21"><span class='ocrx_word' id='word_1_48' title='bbox 178 996 312 1049; x_wconf 82' lang='grc' dir='ltr'>ὅλων</span> <span class='ocrx_word' id='word_1_49' title='bbox 365 995 542 1070; x_wconf 77' lang='grc' dir='ltr'>ἀρχὴν</span> <span class='ocrx_word' id='word_1_50' title='bbox 593 999 857 1070; x_wconf 85' lang='grc' dir='ltr'>σύμφωνοι</span> <span class='ocrx_word' id='word_1_51' title='bbox 920 996 1126 1058; x_wconf 86' lang='grc' dir='ltr'>πάντως</span> <span class='ocrx_word' id='word_1_52' title='bbox 1179 997 1302 1068; x_wconf 69' lang='grc' dir='ltr'>ἡμῖν</span> <span class='ocrx_word' id='word_1_53' title='bbox 1333 1005 1346 1025; x_wconf 81' lang='grc'><strong>⁸</strong></span> <span class='ocrx_word' id='word_1_54' title='bbox 1401 997 1488 1049; x_wconf 80' lang='grc' dir='ltr'>ἕνα</span> <span class='ocrx_word' id='word_1_55' title='bbox 1537 999 1639 1070; x_wconf 84' lang='grc' dir='ltr'>γὰρ</span> <span class='ocrx_word' id='word_1_56' title='bbox 1693 1000 1784 1049; x_wconf 77' lang='grc' dir='ltr'>καὶ</span> 
     </span>
    </p>
   </div>
   <div class='ocr_carea' id='block_1_9' title="bbox 177 1081 1784 1158">
    <p class='ocr_par' dir='ltr' id='par_1_9' title="bbox 177 1081 1784 1158">
     <span class='ocr_line' id='line_1_9' title="bbox 177 1081 1784 1158; baseline 0.001 -21"><span class='ocrx_word' id='word_1_57' title='bbox 177 1085 332 1138; x_wconf 83' lang='grc' dir='ltr'>οὗτοι</span> <span class='ocrx_word' id='word_1_58' title='bbox 378 1088 466 1137; x_wconf 82' lang='grc' dir='ltr'>τὸν</span> <span class='ocrx_word' id='word_1_59' title='bbox 513 1093 615 1137; x_wconf 80' lang='grc' dir='ltr'>τῶν</span> <span class='ocrx_word' id='word_1_60' title='bbox 662 1085 788 1136; x_wconf 86' lang='grc' dir='ltr'>ὅλων</span> <span class='ocrx_word' id='word_1_61' title='bbox 846 1084 1068 1137; x_wconf 81' lang='grc' dir='ltr'>καλοῦσι</span> <span class='ocrx_word' id='word_1_62' title='bbox 1117 1081 1480 1158; x_wconf 75' lang='grc' dir='ltr'>δημιουργόνο</span> <span class='ocrx_word' id='word_1_63' title='bbox 1541 1085 1646 1158; x_wconf 80' lang='grc' dir='ltr'>οὐχ</span> <span class='ocrx_word' id='word_1_64' title='bbox 1698 1086 1784 1138; x_wconf 81' lang='grc' dir='ltr'>ἕνα</span> 
     </span>
    </p>
   </div>
   <div class='ocr_carea' id='block_1_10' title="bbox 175 1171 1784 1245">
    <p class='ocr_par' dir='ltr' id='par_1_10' title="bbox 175 1171 1784 1245">
     <span class='ocr_line' id='line_1_10' title="bbox 175 1171 1784 1245; baseline 0.001 -18"><span class='ocrx_word' id='word_1_65' title='bbox 175 1178 360 1245; x_wconf 83' lang='grc' dir='ltr'>μέντοι</span> <span class='ocrx_word' id='word_1_66' title='bbox 420 1177 510 1226; x_wconf 84' lang='grc' dir='ltr'>καὶ</span> <span class='ocrx_word' id='word_1_67' title='bbox 552 1177 639 1226; x_wconf 89' lang='grc' dir='ltr'><strong>τόν</strong></span> <span class='ocrx_word' id='word_1_68' title='bbox 685 1177 939 1245; x_wconf 82' lang='grc' dir='ltr'>Χριστὸν,</span> <span class='ocrx_word' id='word_1_69' title='bbox 994 1172 1123 1226; x_wconf 84' lang='grc' dir='ltr'><strong>ἀλλά</strong></span> <span class='ocrx_word' id='word_1_70' title='bbox 1169 1174 1388 1236; x_wconf 92' lang='grc' dir='ltr'>πολλούς</span> <span class='ocrx_word' id='word_1_71' title='bbox 1415 1193 1469 1228; x_wconf 88' lang='grc' dir='ltr'><strong>τε</strong></span> <span class='ocrx_word' id='word_1_72' title='bbox 1519 1179 1609 1226; x_wconf 81' lang='grc' dir='ltr'><strong>καὶ</strong></span> <span class='ocrx_word' id='word_1_73' title='bbox 1667 1171 1784 1228; x_wconf 87' lang='grc' dir='ltr'>δια-</span> 
     </span>
    </p>
   </div>
   <div class='ocr_carea' id='block_1_11' title="bbox 177 1259 1779 1336">
    <p class='ocr_par' dir='ltr' id='par_1_11' title="bbox 177 1259 1779 1336">
     <span class='ocr_line' id='line_1_11' title="bbox 177 1259 1779 1336; baseline 0.001 -21"><span class='ocrx_word' id='word_1_74' title='bbox 177 1267 374 1336; x_wconf 80' lang='grc' dir='ltr'>φόρους</span> <span class='ocrx_word' id='word_1_75' title='bbox 403 1279 417 1295; x_wconf 88' lang='grc'><strong>·</strong></span> <span class='ocrx_word' id='word_1_76' title='bbox 467 1267 558 1315; x_wconf 83' lang='grc' dir='ltr'>καὶ</span> <span class='ocrx_word' id='word_1_77' title='bbox 608 1264 694 1316; x_wconf 80' lang='grc' dir='ltr'>ἕνα</span> <span class='ocrx_word' id='word_1_78' title='bbox 754 1265 844 1334; x_wconf 74' lang='grc' dir='ltr'>μὶν</span> <span class='ocrx_word' id='word_1_79' title='bbox 901 1264 1006 1314; x_wconf 83' lang='grc' dir='ltr'>ἄνω</span> <span class='ocrx_word' id='word_1_80' title='bbox 1060 1259 1210 1329; x_wconf 82' lang='grc' dir='ltr'>εἶναι,</span> <span class='ocrx_word' id='word_1_81' title='bbox 1274 1263 1424 1316; x_wconf 81' lang='grc' dir='ltr'>ἄλλον</span> <span class='ocrx_word' id='word_1_82' title='bbox 1483 1260 1540 1316; x_wconf 67' lang='grc' dir='ltr'>δι</span> <span class='ocrx_word' id='word_1_83' title='bbox 1592 1265 1733 1317; x_wconf 88' lang='grc' dir='ltr'>κάτω</span> <span class='ocrx_word' id='word_1_84' title='bbox 1765 1283 1779 1297; x_wconf 89' lang='grc'>·</span> 
     </span>
    </p>
   </div>
   <div class='ocr_carea' id='block_1_12' title="bbox 177 1351 1783 1427">
    <p class='ocr_par' dir='ltr' id='par_1_12' title="bbox 177 1351 1783 1427">
     <span class='ocr_line' id='line_1_12' title="bbox 177 1351 1783 1427; baseline 0.001 -21"><span class='ocrx_word' id='word_1_85' title='bbox 177 1352 239 1406; x_wconf 86' lang='grc' dir='ltr'>ὃν</span> <span class='ocrx_word' id='word_1_86' title='bbox 297 1357 388 1404; x_wconf 81' lang='grc' dir='ltr'>καὶ</span> <span class='ocrx_word' id='word_1_87' title='bbox 435 1351 646 1412; x_wconf 82' lang='grc' dir='ltr'><strong>πολλοῖς</strong></span> <span class='ocrx_word' id='word_1_88' title='bbox 711 1354 1020 1424; x_wconf 77' lang='grc' dir='ltr'>ἓνῳκηκέναι</span> <span class='ocrx_word' id='word_1_89' title='bbox 1066 1357 1315 1427; x_wconf 87' lang='grc' dir='ltr'>πρότερον</span> <span class='ocrx_word' id='word_1_90' title='bbox 1366 1355 1679 1426; x_wconf 75' lang='grc' dir='ltr'><strong>φάσκουσιν,</strong></span> <span class='ocrx_word' id='word_1_91' title='bbox 1738 1353 1783 1416; x_wconf 78' lang='grc' dir='ltr'><strong>ές</strong></span> 
     </span>
    </p>
   </div>
   <div class='ocr_carea' id='block_1_13' title="bbox 179 1438 1782 1516">
    <p class='ocr_par' dir='ltr' id='par_1_13' title="bbox 179 1438 1782 1516">
     <span class='ocr_line' id='line_1_13' title="bbox 179 1438 1782 1516; baseline 0.001 -22"><span class='ocrx_word' id='word_1_92' title='bbox 179 1441 406 1516; x_wconf 73' lang='grc' dir='ltr'>ὕστερον</span> <span class='ocrx_word' id='word_1_93' title='bbox 461 1438 521 1494; x_wconf 74' lang='grc' dir='ltr'><strong>δε</strong></span> <span class='ocrx_word' id='word_1_94' title='bbox 571 1445 663 1494; x_wconf 77' lang='grc' dir='ltr'>καὶ</span> <span class='ocrx_word' id='word_1_95' title='bbox 722 1448 796 1511; x_wconf 83' lang='grc' dir='ltr'>τῷ</span> <span class='ocrx_word' id='word_1_96' title='bbox 850 1444 905 1493; x_wconf 72' lang='grc' dir='ltr'>ἑκ</span> <span class='ocrx_word' id='word_1_97' title='bbox 962 1446 1170 1516; x_wconf 83' lang='grc' dir='ltr'>Μαρίας</span> <span class='ocrx_word' id='word_1_98' title='bbox 1225 1443 1324 1512; x_wconf 82' lang='grc' dir='ltr'><strong>υἱῷ</strong></span> <span class='ocrx_word' id='word_1_99' title='bbox 1361 1441 1632 1501; x_wconf 83' lang='grc' dir='ltr'>ένοικῆσαι</span> <span class='ocrx_word' id='word_1_100' title='bbox 1711 1451 1782 1515; x_wconf 87' lang='grc' dir='ltr'>τῷ</span> 
     </span>
    </p>
   </div>
   <div class='ocr_carea' id='block_1_14' title="bbox 173 1527 1786 1603">
    <p class='ocr_par' dir='ltr' id='par_1_14' title="bbox 173 1527 1786 1603">
     <span class='ocr_line' id='line_1_14' title="bbox 173 1527 1786 1603; baseline 0 -17"><span class='ocrx_word' id='word_1_101' title='bbox 173 1531 385 1590; x_wconf 85' lang='grc' dir='ltr'>Ἰησοῦ.</span> <span class='ocrx_word' id='word_1_102' title='bbox 424 1533 524 1584; x_wconf 84' lang='grc' dir='ltr'>Τὸν</span> <span class='ocrx_word' id='word_1_103' title='bbox 578 1527 638 1583; x_wconf 71' lang='grc' dir='ltr'>δι</span> <span class='ocrx_word' id='word_1_104' title='bbox 693 1530 902 1588; x_wconf 79' lang='grc' dir='ltr'><strong>Ἰησοῦν</strong></span> <span class='ocrx_word' id='word_1_105' title='bbox 954 1534 1079 1583; x_wconf 66' lang='grc' dir='ltr'>ποτε</span> <span class='ocrx_word' id='word_1_106' title='bbox 1126 1533 1218 1603; x_wconf 71' lang='grc' dir='ltr'><strong>μεν</strong></span> <span class='ocrx_word' id='word_1_107' title='bbox 1265 1530 1321 1583; x_wconf 77' lang='grc' dir='ltr'>ἐκ</span> <span class='ocrx_word' id='word_1_108' title='bbox 1349 1539 1442 1584; x_wconf 80' lang='grc' dir='ltr'>τοῦ</span> <span class='ocrx_word' id='word_1_109' title='bbox 1481 1539 1616 1586; x_wconf 87' lang='grc' dir='ltr'>Θεοῦ</span> <span class='ocrx_word' id='word_1_110' title='bbox 1655 1533 1786 1586; x_wconf 82' lang='grc' dir='ltr'>εἶναί</span> 
     </span>
    </p>
   </div>
   <div class='ocr_carea' id='block_1_15' title="bbox 175 1615 1784 1695">
    <p class='ocr_par' dir='ltr' id='par_1_15' title="bbox 175 1615 1784 1695">
     <span class='ocr_line' id='line_1_15' title="bbox 175 1615 1784 1695; baseline 0.001 -22"><span class='ocrx_word' id='word_1_111' title='bbox 175 1641 333 1694; x_wconf 83' lang='grc' dir='ltr'>φασι,</span> <span class='ocrx_word' id='word_1_112' title='bbox 383 1623 505 1673; x_wconf 75' lang='grc' dir='ltr'>ποτε</span> <span class='ocrx_word' id='word_1_113' title='bbox 556 1615 617 1672; x_wconf 64' lang='grc' dir='ltr'>δι</span> <span class='ocrx_word' id='word_1_114' title='bbox 666 1621 917 1692; x_wconf 85' lang='grc' dir='ltr'>παρθένον</span> <span class='ocrx_word' id='word_1_115' title='bbox 953 1622 1242 1692; x_wconf 71' lang='grc' dir='ltr'><strong>ἐσχηκέναι</strong></span> <span class='ocrx_word' id='word_1_116' title='bbox 1297 1625 1537 1695; x_wconf 86' lang='grc' dir='ltr'>μητέρα⁶</span> <span class='ocrx_word' id='word_1_117' title='bbox 1594 1624 1642 1674; x_wconf 81' lang='grc' dir='ltr'>ἔν</span> <span class='ocrx_word' id='word_1_118' title='bbox 1673 1641 1784 1676; x_wconf 89' lang='grc' dir='ltr'>τισι</span> 
     </span>
    </p>
   </div>
   <div class='ocr_carea' id='block_1_16' title="bbox 176 1705 1785 1784">
    <p class='ocr_par' dir='ltr' id='par_1_16' title="bbox 176 1705 1785 1784">
     <span class='ocr_line' id='line_1_16' title="bbox 176 1705 1785 1784; baseline 0.001 -21"><span class='ocrx_word' id='word_1_119' title='bbox 176 1705 244 1763; x_wconf 72' lang='grc' dir='ltr'>δὲ</span> <span class='ocrx_word' id='word_1_120' title='bbox 267 1705 395 1762; x_wconf 72' lang='grc' dir='ltr'>ούδε</span> <span class='ocrx_word' id='word_1_121' title='bbox 423 1716 576 1762; x_wconf 87' lang='grc' dir='ltr'>τοῦτο</span> <span class='ocrx_word' id='word_1_122' title='bbox 613 1707 847 1781; x_wconf 86' lang='grc' dir='ltr'>λέγουσι.</span> <span class='ocrx_word' id='word_1_123' title='bbox 881 1713 951 1763; x_wconf 86' lang='lat' dir='ltr'><em>T6</em></span> <span class='ocrx_word' id='word_1_124' title='bbox 1011 1705 1070 1762; x_wconf 74' lang='grc' dir='ltr'><strong>δε</strong></span> <span class='ocrx_word' id='word_1_125' title='bbox 1120 1716 1348 1783; x_wconf 81' lang='grc' dir='ltr'><strong>Πνεῦμα,</strong></span> <span class='ocrx_word' id='word_1_126' title='bbox 1393 1714 1482 1763; x_wconf 83' lang='grc' dir='ltr'>καὶ</span> <span class='ocrx_word' id='word_1_127' title='bbox 1511 1718 1664 1764; x_wconf 82' lang='grc' dir='ltr'>τοῦτο</span> <span class='ocrx_word' id='word_1_128' title='bbox 1694 1731 1785 1784; x_wconf 86' lang='grc' dir='ltr'>με-</span> 
     </span>
    </p>
   </div>
   <div class='ocr_carea' id='block_1_17' title="bbox 175 1794 1781 1874">
    <p class='ocr_par' dir='ltr' id='par_1_17' title="bbox 175 1794 1781 1874">
     <span class='ocr_line' id='line_1_17' title="bbox 175 1794 1781 1874; baseline 0.001 -22"><span class='ocrx_word' id='word_1_129' title='bbox 175 1799 670 1870; x_wconf 85' lang='grc' dir='ltr'>τενσωματοῦσθαι,</span> <span class='ocrx_word' id='word_1_130' title='bbox 729 1802 818 1851; x_wconf 77' lang='grc' dir='ltr'>καὶ</span> <span class='ocrx_word' id='word_1_131' title='bbox 871 1797 938 1859; x_wconf 83' lang='grc' dir='ltr'><strong>είς</strong></span> <span class='ocrx_word' id='word_1_132' title='bbox 992 1794 1222 1874; x_wconf 85' lang='grc' dir='ltr'>διάφορα</span> <span class='ocrx_word' id='word_1_133' title='bbox 1274 1799 1485 1853; x_wconf 79' lang='grc' dir='ltr'><strong>εἰσιέναι</strong></span> <span class='ocrx_word' id='word_1_134' title='bbox 1544 1806 1781 1872; x_wconf 88' lang='grc' dir='ltr'>σώματα,</span> 
     </span>
    </p>
   </div>
   <div class='ocr_carea' id='block_1_18' title="bbox 176 1884 1788 1963">
    <p class='ocr_par' dir='ltr' id='par_1_18' title="bbox 176 1884 1788 1963">
     <span class='ocr_line' id='line_1_18' title="bbox 176 1884 1788 1963; baseline 0.001 -22"><span class='ocrx_word' id='word_1_135' title='bbox 176 1894 273 1942; x_wconf 82' lang='grc' dir='ltr'>καὶ</span> <span class='ocrx_word' id='word_1_136' title='bbox 323 1887 442 1942; x_wconf 87' lang='grc' dir='ltr'>καθ’</span> <span class='ocrx_word' id='word_1_137' title='bbox 493 1888 713 1941; x_wconf 80' lang='grc' dir='ltr'>ἕκαστον</span> <span class='ocrx_word' id='word_1_138' title='bbox 749 1891 930 1963; x_wconf 88' lang='grc' dir='ltr'>καιρόν</span> <span class='ocrx_word' id='word_1_139' title='bbox 989 1884 1251 1962; x_wconf 76' lang='grc' dir='ltr'><strong>διαφόρως</strong></span> <span class='ocrx_word' id='word_1_140' title='bbox 1297 1885 1620 1945; x_wconf 82' lang='grc' dir='ltr'>δείκνυσθαι.</span> <span class='ocrx_word' id='word_1_141' title='bbox 1663 1895 1788 1944; x_wconf 78' lang='grc' dir='ltr'>Δαι-</span> 
     </span>
    </p>
   </div>
   <div class='ocr_carea' id='block_1_19' title="bbox 175 1973 1787 2053">
    <p class='ocr_par' dir='ltr' id='par_1_19' title="bbox 175 1973 1787 2053">
     <span class='ocr_line' id='line_1_19' title="bbox 175 1973 1787 2053; baseline 0.001 -22"><span class='ocrx_word' id='word_1_142' title='bbox 175 1982 361 2050; x_wconf 74' lang='grc' dir='ltr'>μόνων</span> <span class='ocrx_word' id='word_1_143' title='bbox 408 1973 458 2030; x_wconf 90' lang='grc' dir='ltr'>δ’</span> <span class='ocrx_word' id='word_1_144' title='bbox 510 1974 744 2048; x_wconf 74' lang='grc' dir='ltr'>έπῳδαῖς</span> <span class='ocrx_word' id='word_1_145' title='bbox 818 1981 908 2030; x_wconf 80' lang='grc' dir='ltr'>καὶ</span> <span class='ocrx_word' id='word_1_146' title='bbox 967 1977 1276 2036; x_wconf 70' lang='grc' dir='ltr'>ἐπικλήσεσι</span> <span class='ocrx_word' id='word_1_147' title='bbox 1333 1983 1641 2053; x_wconf 85' lang='grc' dir='ltr'>κέχρηνται,</span> <span class='ocrx_word' id='word_1_148' title='bbox 1697 1985 1787 2034; x_wconf 82' lang='grc' dir='ltr'>καὶ</span> 
     </span>
    </p>
   </div>
   <div class='ocr_carea' id='block_1_20' title="bbox 177 2065 1787 2143">
    <p class='ocr_par' dir='ltr' id='par_1_20' title="bbox 177 2065 1787 2143">
     <span class='ocr_line' id='line_1_20' title="bbox 177 2065 1787 2143; baseline 0.001 -24"><span class='ocrx_word' id='word_1_149' title='bbox 177 2065 554 2140; x_wconf 82' lang='grc' dir='ltr'>βαπτίσμασιν</span> <span class='ocrx_word' id='word_1_150' title='bbox 585 2065 670 2120; x_wconf 75' lang='grc' dir='ltr'><strong>ἐπὶ</strong></span> <span class='ocrx_word' id='word_1_151' title='bbox 706 2073 768 2139; x_wconf 72' lang='grc' dir='ltr'><strong>τῇ</strong></span> <span class='ocrx_word' id='word_1_152' title='bbox 802 2075 903 2119; x_wconf 85' lang='grc' dir='ltr'>τῶν</span> <span class='ocrx_word' id='word_1_153' title='bbox 936 2072 1211 2138; x_wconf 74' lang='grc' dir='ltr'>στοιχείων</span> <span class='ocrx_word' id='word_1_154' title='bbox 1262 2067 1532 2140; x_wconf 71' lang='grc' dir='ltr'>ὁμολογίᾳ.</span> <span class='ocrx_word' id='word_1_155' title='bbox 1567 2069 1787 2143; x_wconf 86' lang='grc' dir='ltr'>’Δστρο-</span> 
     </span>
    </p>
   </div>
   <div class='ocr_carea' id='block_1_21' title="bbox 171 2155 1788 2231">
    <p class='ocr_par' dir='ltr' id='par_1_21' title="bbox 171 2155 1788 2231">
     <span class='ocr_line' id='line_1_21' title="bbox 171 2155 1788 2231; baseline 0.001 -22"><span class='ocrx_word' id='word_1_156' title='bbox 171 2156 361 2229; x_wconf 88' lang='grc' dir='ltr'>λογίαν</span> <span class='ocrx_word' id='word_1_157' title='bbox 413 2161 502 2209; x_wconf 84' lang='grc' dir='ltr'>καὶ</span> <span class='ocrx_word' id='word_1_158' title='bbox 561 2157 936 2229; x_wconf 78' lang='grc' dir='ltr'>μαθηματικὴν</span> <span class='ocrx_word' id='word_1_159' title='bbox 1009 2155 1208 2215; x_wconf 79' lang='grc' dir='ltr'>πλάνην</span> <span class='ocrx_word' id='word_1_160' title='bbox 1266 2155 1612 2224; x_wconf 79' lang='grc' dir='ltr'>ἀσπάζονται,</span> <span class='ocrx_word' id='word_1_161' title='bbox 1663 2177 1788 2231; x_wconf 87' lang='grc' dir='ltr'>προ-</span> 
     </span>
    </p>
   </div>
   <div class='ocr_carea' id='block_1_22' title="bbox 173 2243 1788 2320">
    <p class='ocr_par' dir='ltr' id='par_1_22' title="bbox 173 2243 1788 2320">
     <span class='ocr_line' id='line_1_22' title="bbox 173 2243 1788 2320; baseline 0.001 -21"><span class='ocrx_word' id='word_1_162' title='bbox 173 2250 505 2320; x_wconf 83' lang='grc' dir='ltr'>γνωστικούς</span> <span class='ocrx_word' id='word_1_163' title='bbox 554 2245 764 2308; x_wconf 76' lang='grc' dir='ltr'>ἑαυτούς</span> <span class='ocrx_word' id='word_1_164' title='bbox 819 2245 1178 2317; x_wconf 85' lang='grc' dir='ltr'>ὀνομάζοντες.</span> <span class='ocrx_word' id='word_1_165' title='bbox 1231 2249 1330 2300; x_wconf 89' lang='grc' dir='ltr'><strong>Τὸν</strong></span> <span class='ocrx_word' id='word_1_166' title='bbox 1372 2243 1431 2300; x_wconf 71' lang='grc' dir='ltr'>δὲ</span> <span class='ocrx_word' id='word_1_167' title='bbox 1469 2249 1601 2300; x_wconf 90' lang='grc' dir='ltr'>θεῖον</span> <span class='ocrx_word' id='word_1_168' title='bbox 1631 2251 1788 2303; x_wconf 69' lang='grc' dir='ltr'>Ἀπόε-</span> 
     </span>
    </p>
   </div>
   <div class='ocr_carea' id='block_1_23' title="bbox 177 2331 1787 2410">
    <p class='ocr_par' dir='ltr' id='par_1_23' title="bbox 177 2331 1787 2410">
     <span class='ocr_line' id='line_1_23' title="bbox 177 2331 1787 2410; baseline 0 -21"><span class='ocrx_word' id='word_1_169' title='bbox 177 2335 366 2390; x_wconf 88' lang='grc' dir='ltr'>στολον</span> <span class='ocrx_word' id='word_1_170' title='bbox 415 2338 722 2388; x_wconf 86' lang='grc' dir='ltr'>παντάπασι</span> <span class='ocrx_word' id='word_1_171' title='bbox 779 2331 1136 2410; x_wconf 77' lang='grc' dir='ltr'>διαγράφουσι</span> <span class='ocrx_word' id='word_1_172' title='bbox 1167 2351 1181 2366; x_wconf 72' lang='grc'>⁸</span> <span class='ocrx_word' id='word_1_173' title='bbox 1241 2339 1331 2388; x_wconf 88' lang='grc' dir='ltr'><strong>καί</strong></span> <span class='ocrx_word' id='word_1_174' title='bbox 1369 2356 1487 2389; x_wconf 88' lang='grc' dir='ltr'>τινα</span> <span class='ocrx_word' id='word_1_175' title='bbox 1516 2333 1576 2390; x_wconf 76' lang='grc' dir='ltr'><strong>δε</strong></span> <span class='ocrx_word' id='word_1_176' title='bbox 1607 2335 1787 2408; x_wconf 81' lang='grc' dir='ltr'>βίϐλον</span> 
     </span>
    </p>
   </div>
   <div class='ocr_carea' id='block_1_24' title="bbox 181 2423 1787 2498">
    <p class='ocr_par' dir='ltr' id='par_1_24' title="bbox 181 2423 1787 2498">
     <span class='ocr_line' id='line_1_24' title="bbox 181 2423 1787 2498; baseline -0.002 -19"><span class='ocrx_word' id='word_1_177' title='bbox 181 2424 680 2498; x_wconf 76' lang='grc' dir='ltr'>ἐπισκευασάμενοι,</span> <span class='ocrx_word' id='word_1_178' title='bbox 769 2423 822 2486; x_wconf 77' lang='grc' dir='ltr'><strong>ἐξ</strong></span> <span class='ocrx_word' id='word_1_179' title='bbox 910 2424 1130 2497; x_wconf 87' lang='grc' dir='ltr'>ούρανού</span> <span class='ocrx_word' id='word_1_180' title='bbox 1238 2430 1557 2478; x_wconf 78' lang='grc' dir='ltr'>πεπτωκέναι</span> <span class='ocrx_word' id='word_1_181' title='bbox 1623 2426 1787 2484; x_wconf 76' lang='grc' dir='ltr'>αὐτὴν</span> 
     </span>
    </p>
   </div>
   <div class='ocr_carea' id='block_1_25' title="bbox 181 2512 1789 2590">
    <p class='ocr_par' dir='ltr' id='par_1_25' title="bbox 181 2512 1789 2590">
     <span class='ocr_line' id='line_1_25' title="bbox 181 2512 1789 2590; baseline 0.001 -21"><span class='ocrx_word' id='word_1_182' title='bbox 181 2517 550 2590; x_wconf 87' lang='grc' dir='ltr'>τερατεύονται</span> <span class='ocrx_word' id='word_1_183' title='bbox 578 2531 592 2546; x_wconf 73' lang='grc' dir='ltr'><strong>ο</strong></span> <span class='ocrx_word' id='word_1_184' title='bbox 647 2517 737 2566; x_wconf 84' lang='grc' dir='ltr'>καὶ</span> <span class='ocrx_word' id='word_1_185' title='bbox 807 2515 895 2566; x_wconf 87' lang='grc' dir='ltr'><strong>τόν</strong></span> <span class='ocrx_word' id='word_1_186' title='bbox 963 2516 1160 2574; x_wconf 81' lang='grc' dir='ltr'><strong>ταύτης</strong></span> <span class='ocrx_word' id='word_1_187' title='bbox 1213 2512 1440 2568; x_wconf 84' lang='grc' dir='ltr'>ἀκοῦσαι</span> <span class='ocrx_word' id='word_1_188' title='bbox 1507 2514 1789 2578; x_wconf 79' lang='grc' dir='ltr'>ἀξιωθέντα</span> 
     </span>
    </p>
   </div>
   <div class='ocr_carea' id='block_1_26' title="bbox 1819 1815 1860 1870">
    <p class='ocr_par' dir='ltr' id='par_1_26' title="bbox 1819 1815 1860 1870">
     <span class='ocr_line' id='line_1_26' title="bbox 1819 1815 1860 1870; baseline 0 0"><span class='ocrx_word' id='word_1_189' title='bbox 1819 1815 1860 1870; x_wconf 87' lang='grc' dir='ltr'>Β</span> 
     </span>
    </p>
   </div>
   <div class='ocr_carea' id='block_1_27' title="bbox 180 2603 1787 2678">
    <p class='ocr_par' dir='ltr' id='par_1_27' title="bbox 180 2603 1787 2678">
     <span class='ocr_line' id='line_1_27' title="bbox 180 2603 1787 2678; baseline 0.001 -21"><span class='ocrx_word' id='word_1_190' title='bbox 180 2605 342 2663; x_wconf 77' lang='grc' dir='ltr'>ἄλλην</span> <span class='ocrx_word' id='word_1_191' title='bbox 390 2603 778 2676; x_wconf 77' lang='grc' dir='ltr'>ἁμαρτημάτων</span> <span class='ocrx_word' id='word_1_192' title='bbox 827 2603 1009 2676; x_wconf 82' lang='grc' dir='ltr'>ἄφεσιν</span> <span class='ocrx_word' id='word_1_193' title='bbox 1064 2605 1204 2676; x_wconf 79' lang='grc' dir='ltr'>ἔχειν</span> <span class='ocrx_word' id='word_1_194' title='bbox 1261 2604 1382 2678; x_wconf 90' lang='grc' dir='ltr'>παρ’</span> <span class='ocrx_word' id='word_1_195' title='bbox 1440 2606 1501 2664; x_wconf 80' lang='grc' dir='ltr'>ἣν</span> <span class='ocrx_word' id='word_1_196' title='bbox 1570 2607 1596 2657; x_wconf 90' lang='grc' dir='ltr'><strong><em>ὁ</em></strong></span> <span class='ocrx_word' id='word_1_197' title='bbox 1654 2612 1787 2678; x_wconf 80' lang='grc' dir='ltr'>Χρι-</span> 
     </span>
    </p>
   </div>
   <div class='ocr_carea' id='block_1_28' title="bbox 184 2688 1786 2768">
    <p class='ocr_par' dir='ltr' id='par_1_28' title="bbox 184 2688 1786 2768">
     <span class='ocr_line' id='line_1_28' title="bbox 184 2688 1786 2768; baseline 0 -21"><span class='ocrx_word' id='word_1_198' title='bbox 184 2698 305 2756; x_wconf 89' lang='grc' dir='ltr'>στὸς</span> <span class='ocrx_word' id='word_1_199' title='bbox 357 2690 692 2768; x_wconf 80' lang='grc' dir='ltr'>έδωρήσατο.</span> <span class='ocrx_word' id='word_1_200' title='bbox 757 2694 904 2746; x_wconf 82' lang='grc' dir='ltr'>Κατὰ</span> <span class='ocrx_word' id='word_1_201' title='bbox 951 2688 1018 2752; x_wconf 77' lang='grc' dir='ltr'>δὴ</span> <span class='ocrx_word' id='word_1_202' title='bbox 1066 2694 1259 2756; x_wconf 77' lang='grc' dir='ltr'>ταύτης</span> <span class='ocrx_word' id='word_1_203' title='bbox 1312 2699 1402 2747; x_wconf 86' lang='grc' dir='ltr'>καὶ</span> <span class='ocrx_word' id='word_1_204' title='bbox 1443 2689 1786 2756; x_wconf 86' lang='grc' dir='ltr'>Ἀλκιϐιάδης</span> 
     </span>
    </p>
   </div>
   <div class='ocr_carea' id='block_1_29' title="bbox 188 2781 1781 2856">
    <p class='ocr_par' dir='ltr' id='par_1_29' title="bbox 188 2781 1781 2856">
     <span class='ocr_line' id='line_1_29' title="bbox 188 2781 1781 2856; baseline -0.001 -20"><span class='ocrx_word' id='word_1_205' title='bbox 188 2783 241 2847; x_wconf 79' lang='grc' dir='ltr'><strong>ἐξ</strong></span> <span class='ocrx_word' id='word_1_206' title='bbox 297 2783 588 2855; x_wconf 75' lang='grc' dir='ltr'>Ἀπαμείας</span> <span class='ocrx_word' id='word_1_207' title='bbox 662 2789 758 2843; x_wconf 80' lang='grc' dir='ltr'>τῆς</span> <span class='ocrx_word' id='word_1_208' title='bbox 837 2786 1027 2856; x_wconf 80' lang='grc' dir='ltr'>Συρίας</span> <span class='ocrx_word' id='word_1_209' title='bbox 1117 2781 1397 2855; x_wconf 86' lang='grc' dir='ltr'>πάμπολλα</span> <span class='ocrx_word' id='word_1_210' title='bbox 1463 2784 1781 2855; x_wconf 70' lang='grc' dir='ltr'>ἠγωνίσατο.</span> 
     </span>
    </p>
   </div>
   <div class='ocr_carea' id='block_1_30' title="bbox 189 2867 1788 2947">
    <p class='ocr_par' dir='ltr' id='par_1_30' title="bbox 189 2867 1788 2947">
     <span class='ocr_line' id='line_1_30' title="bbox 189 2867 1788 2947; baseline 0.001 -23"><span class='ocrx_word' id='word_1_211' title='bbox 189 2873 458 2947; x_wconf 76' lang='grc' dir='ltr'>Ὠριγένης</span> <span class='ocrx_word' id='word_1_212' title='bbox 496 2867 556 2924; x_wconf 65' lang='grc' dir='ltr'>δι</span> <span class='ocrx_word' id='word_1_213' title='bbox 606 2878 712 2932; x_wconf 87' lang='grc' dir='ltr'>τοῖς</span> <span class='ocrx_word' id='word_1_214' title='bbox 761 2870 875 2923; x_wconf 73' lang='grc' dir='ltr'>κατ’</span> <span class='ocrx_word' id='word_1_215' title='bbox 918 2871 1074 2932; x_wconf 71' lang='grc' dir='ltr'>αὐτῆς</span> <span class='ocrx_word' id='word_1_216' title='bbox 1105 2870 1346 2944; x_wconf 71' lang='grc' dir='ltr'>ἐλέγχοις</span> <span class='ocrx_word' id='word_1_217' title='bbox 1386 2872 1647 2945; x_wconf 78' lang='grc' dir='ltr'>ἠρίστευε.</span> <span class='ocrx_word' id='word_1_218' title='bbox 1680 2879 1788 2936; x_wconf 86' lang='grc' dir='ltr'><strong>Τῆς</strong></span> 
     </span>
    </p>
   </div>
   <div class='ocr_carea' id='block_1_31' title="bbox 189 2957 1782 3035">
    <p class='ocr_par' dir='ltr' id='par_1_31' title="bbox 189 2957 1782 3035">
     <span class='ocr_line' id='line_1_31' title="bbox 189 2957 1782 3035; baseline -0.001 -19"><span class='ocrx_word' id='word_1_219' title='bbox 189 2957 241 3016; x_wconf 86' lang='grc' dir='ltr'>δ’</span> <span class='ocrx_word' id='word_1_220' title='bbox 273 2964 514 3035; x_wconf 83' lang='grc' dir='ltr'>αἱρέσεως</span> <span class='ocrx_word' id='word_1_221' title='bbox 564 2963 761 3023; x_wconf 90' lang='grc' dir='ltr'>ταύτης</span> <span class='ocrx_word' id='word_1_222' title='bbox 815 2960 1109 3033; x_wconf 88' lang='grc' dir='ltr'>καθομιλῶν</span> <span class='ocrx_word' id='word_1_223' title='bbox 1158 2961 1243 3013; x_wconf 81' lang='grc' dir='ltr'>έπὶ</span> <span class='ocrx_word' id='word_1_224' title='bbox 1296 2968 1388 3014; x_wconf 84' lang='grc' dir='ltr'>τοῦ</span> <span class='ocrx_word' id='word_1_225' title='bbox 1441 2970 1615 3014; x_wconf 83' lang='grc' dir='ltr'>κοινοῦ</span> <span class='ocrx_word' id='word_1_226' title='bbox 1644 2963 1782 3035; x_wconf 86' lang='grc' dir='ltr'>Ὠρι-</span> 
     </span>
    </p>
   </div>
   <div class='ocr_carea' id='block_1_32' title="bbox 182 3046 1788 3125">
    <p class='ocr_par' dir='ltr' id='par_1_32' title="bbox 182 3046 1788 3125">
     <span class='ocr_line' id='line_1_32' title="bbox 182 3046 1788 3125; baseline -0.001 -20"><span class='ocrx_word' id='word_1_227' title='bbox 182 3055 361 3124; x_wconf 86' lang='grc' dir='ltr'>γένης,</span> <span class='ocrx_word' id='word_1_228' title='bbox 411 3050 460 3104; x_wconf 79' lang='grc' dir='ltr'><strong>έν</strong></span> <span class='ocrx_word' id='word_1_229' title='bbox 509 3057 582 3123; x_wconf 85' lang='grc' dir='ltr'>τῷ</span> <span class='ocrx_word' id='word_1_230' title='bbox 633 3047 976 3123; x_wconf 79' lang='grc' dir='ltr'>ὀγδοηκοστῷ</span> <span class='ocrx_word' id='word_1_231' title='bbox 1026 3046 1250 3125; x_wconf 77' lang='grc' dir='ltr'>δευτέρῳ</span> <span class='ocrx_word' id='word_1_232' title='bbox 1305 3049 1497 3123; x_wconf 72' lang='grc' dir='ltr'>ψαλμῷ</span> <span class='ocrx_word' id='word_1_233' title='bbox 1527 3047 1632 3104; x_wconf 84' lang='grc' dir='ltr'>ὧδέ</span> <span class='ocrx_word' id='word_1_234' title='bbox 1683 3071 1788 3114; x_wconf 91' lang='grc' dir='ltr'><strong>πως</strong></span> 
     </span>
    </p>
   </div>
   <div class='ocr_carea' id='block_1_33' title="bbox 179 3139 1862 3222">
    <p class='ocr_par' dir='ltr' id='par_1_33' title="bbox 179 3139 1862 3222">
     <span class='ocr_line' id='line_1_33' title="bbox 179 3139 1862 3222; baseline 0 -29"><span class='ocrx_word' id='word_1_235' title='bbox 179 3143 493 3214; x_wconf 74' lang='grc' dir='ltr'>μνημονεύει</span> <span class='ocrx_word' id='word_1_236' title='bbox 534 3139 729 3213; x_wconf 75' lang='grc' dir='ltr'>λέγων’</span> <span class='ocrx_word' id='word_1_237' title='bbox 809 3159 839 3192; x_wconf 79' lang='grc' dir='ltr'>ι(</span> <span class='ocrx_word' id='word_1_238' title='bbox 871 3139 1118 3199; x_wconf 80' lang='grc' dir='ltr'>Ἐλήλυθέ</span> <span class='ocrx_word' id='word_1_239' title='bbox 1178 3159 1258 3202; x_wconf 90' lang='grc' dir='ltr'><strong>τις</strong></span> <span class='ocrx_word' id='word_1_240' title='bbox 1316 3139 1400 3194; x_wconf 79' lang='grc' dir='ltr'><strong>ἐπὶ</strong></span> <span class='ocrx_word' id='word_1_241' title='bbox 1454 3149 1544 3194; x_wconf 84' lang='grc' dir='ltr'>τοῦ</span> <span class='ocrx_word' id='word_1_242' title='bbox 1601 3145 1791 3215; x_wconf 79' lang='grc' dir='ltr'>παρόν·</span> <span class='ocrx_word' id='word_1_243' title='bbox 1820 3164 1862 3222; x_wconf 77' lang='lat' dir='ltr'>C</span> 
     </span>
    </p>
   </div>
   <div class='ocr_carea' id='block_1_34' title="bbox 180 3224 1788 3305">
    <p class='ocr_par' dir='ltr' id='par_1_34' title="bbox 180 3224 1788 3305">
     <span class='ocr_line' id='line_1_34' title="bbox 180 3224 1788 3305; baseline -0.001 -22"><span class='ocrx_word' id='word_1_244' title='bbox 180 3250 272 3292; x_wconf 88' lang='grc' dir='ltr'><strong>τος</strong></span> <span class='ocrx_word' id='word_1_245' title='bbox 321 3233 454 3303; x_wconf 87' lang='grc' dir='ltr'>μέγα</span> <span class='ocrx_word' id='word_1_246' title='bbox 507 3238 703 3305; x_wconf 83' lang='grc' dir='ltr'>φρονῶν</span> <span class='ocrx_word' id='word_1_247' title='bbox 757 3227 840 3281; x_wconf 77' lang='grc' dir='ltr'>έπὶ</span> <span class='ocrx_word' id='word_1_248' title='bbox 875 3237 948 3300; x_wconf 85' lang='grc' dir='ltr'>τῷ</span> <span class='ocrx_word' id='word_1_249' title='bbox 997 3224 1259 3281; x_wconf 86' lang='grc' dir='ltr'>δύνασθαι</span> <span class='ocrx_word' id='word_1_250' title='bbox 1314 3228 1614 3305; x_wconf 84' lang='grc' dir='ltr'>πρεσϐεύειν</span> <span class='ocrx_word' id='word_1_251' title='bbox 1655 3235 1788 3302; x_wconf 86' lang='grc' dir='ltr'><strong>γνὼ-</strong></span> 
     </span>
    </p>
   </div>
   <div class='ocr_carea' id='block_1_35' title="bbox 180 3316 1790 3394">
    <p class='ocr_par' dir='ltr' id='par_1_35' title="bbox 180 3316 1790 3394">
     <span class='ocr_line' id='line_1_35' title="bbox 180 3316 1790 3394; baseline 0.001 -24"><span class='ocrx_word' id='word_1_252' title='bbox 180 3340 292 3394; x_wconf 82' lang='grc' dir='ltr'><strong>μης</strong></span> <span class='ocrx_word' id='word_1_253' title='bbox 351 3319 504 3372; x_wconf 87' lang='grc' dir='ltr'>ἀθέου</span> <span class='ocrx_word' id='word_1_254' title='bbox 568 3322 659 3371; x_wconf 78' lang='grc' dir='ltr'>καὶ</span> <span class='ocrx_word' id='word_1_255' title='bbox 713 3316 1066 3379; x_wconf 85' lang='grc' dir='ltr'>ἀσεϐεστάτης</span> <span class='ocrx_word' id='word_1_256' title='bbox 1138 3317 1458 3390; x_wconf 86' lang='grc' dir='ltr'>καλουμένης</span> <span class='ocrx_word' id='word_1_257' title='bbox 1529 3317 1790 3372; x_wconf 81' lang='grc' dir='ltr'>Ἐλκεσαῖ-</span> 
     </span>
    </p>
   </div>
   <div class='ocr_carea' id='block_1_36' title="bbox 176 3406 1787 3480">
    <p class='ocr_par' dir='ltr' id='par_1_36' title="bbox 176 3406 1787 3480">
     <span class='ocr_line' id='line_1_36' title="bbox 176 3406 1787 3480; baseline -0.001 -18"><span class='ocrx_word' id='word_1_258' title='bbox 176 3419 306 3480; x_wconf 80' lang='grc' dir='ltr'>τῶν,</span> <span class='ocrx_word' id='word_1_259' title='bbox 347 3412 533 3461; x_wconf 84' lang='grc' dir='ltr'>νεωστὶ</span> <span class='ocrx_word' id='word_1_260' title='bbox 575 3406 984 3479; x_wconf 80' lang='grc' dir='ltr'>έπανισταμένης</span> <span class='ocrx_word' id='word_1_261' title='bbox 1034 3411 1145 3468; x_wconf 91' lang='grc' dir='ltr'>ταῖς</span> <span class='ocrx_word' id='word_1_262' title='bbox 1197 3406 1521 3469; x_wconf 81' lang='grc' dir='ltr'>έκκλησίαις.</span> <span class='ocrx_word' id='word_1_263' title='bbox 1589 3409 1787 3468; x_wconf 89' lang='grc' dir='ltr'>Ἐκείνη</span> 
     </span>
    </p>
   </div>
   <div class='ocr_carea' id='block_1_37' title="bbox 179 3495 1787 3570">
    <p class='ocr_par' dir='ltr' id='par_1_37' title="bbox 179 3495 1787 3570">
     <span class='ocr_line' id='line_1_37' title="bbox 179 3495 1787 3570; baseline 0 -21"><span class='ocrx_word' id='word_1_264' title='bbox 179 3500 212 3557; x_wconf 83' lang='grc' dir='ltr'><strong>ἠ</strong></span> <span class='ocrx_word' id='word_1_265' title='bbox 245 3502 428 3570; x_wconf 83' lang='grc' dir='ltr'>γνώμη</span> <span class='ocrx_word' id='word_1_266' title='bbox 477 3497 563 3549; x_wconf 88' lang='grc' dir='ltr'>οἶα</span> <span class='ocrx_word' id='word_1_267' title='bbox 606 3496 742 3569; x_wconf 88' lang='grc' dir='ltr'>λέγει</span> <span class='ocrx_word' id='word_1_268' title='bbox 771 3497 930 3562; x_wconf 87' lang='grc' dir='ltr'>κακά,</span> <span class='ocrx_word' id='word_1_269' title='bbox 970 3495 1354 3570; x_wconf 76' lang='grc' dir='ltr'>παραθήσομαι</span> <span class='ocrx_word' id='word_1_270' title='bbox 1398 3498 1542 3568; x_wconf 89' lang='grc' dir='ltr'>ύμῖν,</span> <span class='ocrx_word' id='word_1_271' title='bbox 1582 3498 1663 3549; x_wconf 84' lang='grc' dir='ltr'>ἶνα</span> <span class='ocrx_word' id='word_1_272' title='bbox 1714 3502 1787 3570; x_wconf 79' lang='grc' dir='ltr'>μὴ</span> 
     </span>
    </p>
   </div>
   <div class='ocr_carea' id='block_1_38' title="bbox 187 3584 1790 3660">
    <p class='ocr_par' dir='ltr' id='par_1_38' title="bbox 187 3584 1790 3660">
     <span class='ocr_line' id='line_1_38' title="bbox 187 3584 1790 3660; baseline -0.001 -21"><span class='ocrx_word' id='word_1_273' title='bbox 187 3585 622 3660; x_wconf 78' lang='grc' dir='ltr'>συναρπάξησθε</span> <span class='ocrx_word' id='word_1_274' title='bbox 683 3584 879 3638; x_wconf 80' lang='grc' dir='ltr'>ἀθετεῖν</span> <span class='ocrx_word' id='word_1_275' title='bbox 954 3604 1088 3640; x_wconf 91' lang='grc' dir='ltr'>τινα.</span> <span class='ocrx_word' id='word_1_276' title='bbox 1139 3585 1271 3637; x_wconf 85' lang='grc' dir='ltr'>Ἀπὸ</span> <span class='ocrx_word' id='word_1_277' title='bbox 1338 3587 1516 3648; x_wconf 87' lang='grc' dir='ltr'>πάσης</span> <span class='ocrx_word' id='word_1_278' title='bbox 1586 3591 1790 3660; x_wconf 85' lang='grc' dir='ltr'>Γραφῆς</span> 
     </span>
    </p>
   </div>
   <div class='ocr_carea' id='block_1_39' title="bbox 179 3672 1791 3750">
    <p class='ocr_par' dir='ltr' id='par_1_39' title="bbox 179 3672 1791 3750">
     <span class='ocr_line' id='line_1_39' title="bbox 179 3672 1791 3750; baseline -0.001 -21"><span class='ocrx_word' id='word_1_279' title='bbox 179 3680 452 3750; x_wconf 84' lang='grc' dir='ltr'>κέχρηται</span> <span class='ocrx_word' id='word_1_280' title='bbox 482 3675 662 3750; x_wconf 80' lang='grc' dir='ltr'>ῥητοῖς</span> <span class='ocrx_word' id='word_1_281' title='bbox 694 3695 706 3709; x_wconf 86' lang='grc'><strong>·</strong></span> <span class='ocrx_word' id='word_1_282' title='bbox 767 3673 924 3727; x_wconf 87' lang='grc' dir='ltr'>παλίν</span> <span class='ocrx_word' id='word_1_283' title='bbox 970 3693 1022 3726; x_wconf 87' lang='grc' dir='ltr'><strong>τε</strong></span> <span class='ocrx_word' id='word_1_284' title='bbox 1078 3672 1178 3726; x_wconf 87' lang='grc' dir='ltr'><strong>ἀπό</strong></span> <span class='ocrx_word' id='word_1_285' title='bbox 1229 3675 1409 3734; x_wconf 84' lang='grc' dir='ltr'>πάσης</span> <span class='ocrx_word' id='word_1_286' title='bbox 1463 3675 1685 3736; x_wconf 85' lang='grc' dir='ltr'>παλαιᾶς</span> <span class='ocrx_word' id='word_1_287' title='bbox 1737 3695 1791 3728; x_wconf 83' lang='grc' dir='ltr'><strong>τε</strong></span> 
     </span>
    </p>
   </div>
   <div class='ocr_carea' id='block_1_40' title="bbox 177 3761 1790 3836">
    <p class='ocr_par' dir='ltr' id='par_1_40' title="bbox 177 3761 1790 3836">
     <span class='ocr_line' id='line_1_40' title="bbox 177 3761 1790 3836; baseline 0.001 -19"><span class='ocrx_word' id='word_1_288' title='bbox 177 3770 278 3818; x_wconf 85' lang='grc' dir='ltr'>καὶ</span> <span class='ocrx_word' id='word_1_289' title='bbox 377 3763 711 3836; x_wconf 83' lang='grc' dir='ltr'>εύαγγελικῆς</span> <span class='ocrx_word' id='word_1_290' title='bbox 788 3765 874 3815; x_wconf 88' lang='grc' dir='ltr'>τὸν</span> <span class='ocrx_word' id='word_1_291' title='bbox 942 3761 1256 3816; x_wconf 83' lang='grc' dir='ltr'>Ἀπόστολον</span> <span class='ocrx_word' id='word_1_292' title='bbox 1343 3763 1508 3816; x_wconf 84' lang='grc' dir='ltr'>τέλεον</span> <span class='ocrx_word' id='word_1_293' title='bbox 1602 3763 1790 3819; x_wconf 87' lang='grc' dir='ltr'>ἀθετεῖ.</span> 
     </span>
    </p>
   </div>
   <div class='ocr_carea' id='block_1_41' title="bbox 180 3847 1792 3927">
    <p class='ocr_par' dir='ltr' id='par_1_41' title="bbox 180 3847 1792 3927">
     <span class='ocr_line' id='line_1_41' title="bbox 180 3847 1792 3927; baseline -0.001 -20"><span class='ocrx_word' id='word_1_294' title='bbox 180 3859 330 3922; x_wconf 70' lang='grc' dir='ltr'>φησί</span> <span class='ocrx_word' id='word_1_295' title='bbox 369 3849 420 3907; x_wconf 84' lang='grc' dir='ltr'>δ’</span> <span class='ocrx_word' id='word_1_296' title='bbox 460 3854 540 3906; x_wconf 82' lang='grc' dir='ltr'>ὅτι</span> <span class='ocrx_word' id='word_1_297' title='bbox 592 3857 652 3906; x_wconf 89' lang='grc' dir='ltr'><strong>τό</strong></span> <span class='ocrx_word' id='word_1_298' title='bbox 703 3851 1039 3927; x_wconf 82' lang='grc' dir='ltr'>ἀρνήσασθαι</span> <span class='ocrx_word' id='word_1_299' title='bbox 1095 3847 1378 3926; x_wconf 84' lang='grc' dir='ltr'>ἀδιάφορόν</span> <span class='ocrx_word' id='word_1_300' title='bbox 1427 3851 1540 3905; x_wconf 77' lang='grc' dir='ltr'>ἐστι</span> <span class='ocrx_word' id='word_1_301' title='bbox 1571 3872 1584 3886; x_wconf 87' lang='grc'><strong>·</strong></span> <span class='ocrx_word' id='word_1_302' title='bbox 1637 3859 1727 3906; x_wconf 78' lang='grc' dir='ltr'>καὶ</span> <span class='ocrx_word' id='word_1_303' title='bbox 1766 3854 1792 3905; x_wconf 86' lang='grc' dir='ltr'><strong>ό</strong></span> 
     </span>
    </p>
   </div>
   <div class='ocr_carea' id='block_1_42' title="bbox 177 3939 1792 4018">
    <p class='ocr_par' dir='ltr' id='par_1_42' title="bbox 177 3939 1792 4018">
     <span class='ocr_line' id='line_1_42' title="bbox 177 3939 1792 4018; baseline -0.001 -21"><span class='ocrx_word' id='word_1_304' title='bbox 177 3948 282 4018; x_wconf 65' lang='grc' dir='ltr'>μὲν</span> <span class='ocrx_word' id='word_1_305' title='bbox 314 3948 505 4004; x_wconf 76' lang='grc' dir='ltr'>νοήσας</span> <span class='ocrx_word' id='word_1_306' title='bbox 547 3950 618 4014; x_wconf 79' lang='grc' dir='ltr'>τῷ</span> <span class='ocrx_word' id='word_1_307' title='bbox 666 3946 756 4015; x_wconf 72' lang='grc' dir='ltr'><strong>μεν</strong></span> <span class='ocrx_word' id='word_1_308' title='bbox 814 3943 1034 4010; x_wconf 84' lang='grc' dir='ltr'>στόματι</span> <span class='ocrx_word' id='word_1_309' title='bbox 1094 3940 1145 3993; x_wconf 79' lang='grc' dir='ltr'><strong>έν</strong></span> <span class='ocrx_word' id='word_1_310' title='bbox 1188 3939 1438 4012; x_wconf 79' lang='grc' dir='ltr'>ἀνάγκαις</span> <span class='ocrx_word' id='word_1_311' title='bbox 1490 3941 1792 4018; x_wconf 81' lang='grc' dir='ltr'>ἀρνήσεται,</span> 
     </span>
    </p>
   </div>
   <div class='ocr_carea' id='block_1_43' title="bbox 177 4029 1794 4107">
    <p class='ocr_par' dir='ltr' id='par_1_43' title="bbox 177 4029 1794 4107">
     <span class='ocr_line' id='line_1_43' title="bbox 177 4029 1794 4107; baseline -0.002 -19"><span class='ocrx_word' id='word_1_312' title='bbox 177 4042 253 4107; x_wconf 76' lang='grc' dir='ltr'>τῇ</span> <span class='ocrx_word' id='word_1_313' title='bbox 290 4029 350 4086; x_wconf 66' lang='grc' dir='ltr'>δι</span> <span class='ocrx_word' id='word_1_314' title='bbox 398 4029 598 4107; x_wconf 76' lang='grc' dir='ltr'>καρδία</span> <span class='ocrx_word' id='word_1_315' title='bbox 649 4032 799 4104; x_wconf 76' lang='grc' dir='ltr'>οὐχί.</span> <span class='ocrx_word' id='word_1_316' title='bbox 861 4036 962 4085; x_wconf 76' lang='grc' dir='ltr'><strong>Καὶ</strong></span> <span class='ocrx_word' id='word_1_317' title='bbox 1013 4030 1194 4104; x_wconf 83' lang='grc' dir='ltr'>βίϐλον</span> <span class='ocrx_word' id='word_1_318' title='bbox 1237 4033 1355 4084; x_wconf 82' lang='grc' dir='ltr'>τινὰ</span> <span class='ocrx_word' id='word_1_319' title='bbox 1407 4035 1670 4106; x_wconf 84' lang='grc' dir='ltr'>φέρουσιν,</span> <span class='ocrx_word' id='word_1_320' title='bbox 1733 4035 1794 4092; x_wconf 76' lang='grc' dir='ltr'>ἣν</span> 
     </span>
    </p>
   </div>
   <div class='ocr_carea' id='block_1_44' title="bbox 177 4121 1797 4197">
    <p class='ocr_par' dir='ltr' id='par_1_44' title="bbox 177 4121 1797 4197">
     <span class='ocr_line' id='line_1_44' title="bbox 177 4121 1797 4197; baseline -0.001 -21"><span class='ocrx_word' id='word_1_321' title='bbox 177 4126 433 4195; x_wconf 83' lang='grc' dir='ltr'>λέγουσιν</span> <span class='ocrx_word' id='word_1_322' title='bbox 486 4122 540 4186; x_wconf 73' lang='grc' dir='ltr'><strong>ἒξ</strong></span> <span class='ocrx_word' id='word_1_323' title='bbox 571 4122 791 4197; x_wconf 81' lang='grc' dir='ltr'>ούρανοῦ</span> <span class='ocrx_word' id='word_1_324' title='bbox 842 4125 1166 4174; x_wconf 87' lang='grc' dir='ltr'>πεπτωκέναι</span> <span class='ocrx_word' id='word_1_325' title='bbox 1199 4137 1214 4152; x_wconf 81' lang='lat'><strong><em>°</em></strong></span> <span class='ocrx_word' id='word_1_326' title='bbox 1263 4126 1479 4174; x_wconf 74' lang='grc' dir='ltr'>καὶτὸν</span> <span class='ocrx_word' id='word_1_327' title='bbox 1528 4121 1797 4181; x_wconf 83' lang='grc' dir='ltr'>ἀκηκοότα</span> 
     </span>
    </p>
   </div>
   <div class='ocr_carea' id='block_1_45' title="bbox 180 4209 1792 4287">
    <p class='ocr_par' dir='ltr' id='par_1_45' title="bbox 180 4209 1792 4287">
     <span class='ocr_line' id='line_1_45' title="bbox 180 4209 1792 4287; baseline -0.001 -22"><span class='ocrx_word' id='word_1_328' title='bbox 180 4213 386 4273; x_wconf 70' lang='grc' dir='ltr'>ἐκείνης</span> <span class='ocrx_word' id='word_1_329' title='bbox 440 4215 529 4264; x_wconf 82' lang='grc' dir='ltr'>καὶ</span> <span class='ocrx_word' id='word_1_330' title='bbox 575 4213 890 4265; x_wconf 90' lang='grc' dir='ltr'>πιστεύοντα</span> <span class='ocrx_word' id='word_1_331' title='bbox 939 4212 1121 4283; x_wconf 71' lang='grc' dir='ltr'>ἄφεσιν</span> <span class='ocrx_word' id='word_1_332' title='bbox 1173 4209 1436 4282; x_wconf 69' lang='grc' dir='ltr'>λήψεσθαι</span> <span class='ocrx_word' id='word_1_333' title='bbox 1469 4219 1569 4264; x_wconf 84' lang='grc' dir='ltr'>τῶν</span> <span class='ocrx_word' id='word_1_334' title='bbox 1621 4210 1792 4287; x_wconf 83' lang='grc' dir='ltr'>ἀμαρ-</span> 
     </span>
    </p>
   </div>
   <div class='ocr_carea' id='block_1_46' title="bbox 178 4298 1795 4375">
    <p class='ocr_par' dir='ltr' id='par_1_46' title="bbox 178 4298 1795 4375">
     <span class='ocr_line' id='line_1_46' title="bbox 178 4298 1795 4375; baseline -0.001 -18"><span class='ocrx_word' id='word_1_335' title='bbox 178 4304 438 4374; x_wconf 78' lang='grc' dir='ltr'>τημάτων</span> <span class='ocrx_word' id='word_1_336' title='bbox 487 4301 610 4375; x_wconf 91' lang='grc' dir='ltr'>παρ’</span> <span class='ocrx_word' id='word_1_337' title='bbox 660 4304 722 4360; x_wconf 76' lang='grc' dir='ltr'>ἦν</span> <span class='ocrx_word' id='word_1_338' title='bbox 771 4301 797 4352; x_wconf 90' lang='grc' dir='ltr'><strong>ό</strong></span> <span class='ocrx_word' id='word_1_339' title='bbox 855 4303 1089 4373; x_wconf 86' lang='grc' dir='ltr'>Χριστὸς</span> <span class='ocrx_word' id='word_1_340' title='bbox 1137 4299 1346 4360; x_wconf 82' lang='grc' dir='ltr'>Ἰησοὺς</span> <span class='ocrx_word' id='word_1_341' title='bbox 1401 4298 1586 4372; x_wconf 82' lang='grc' dir='ltr'>ἀφῆκε.</span> <span class='ocrx_word' id='word_1_342' title='bbox 1633 4324 1660 4352; x_wconf 83' lang='grc'><strong>››</strong></span> <span class='ocrx_word' id='word_1_343' title='bbox 1695 4306 1795 4355; x_wconf 83' lang='grc' dir='ltr'><strong>Καὶ</strong></span> 
     </span>
    </p>
   </div>
   <div class='ocr_carea' id='block_1_47' title="bbox 178 4384 1798 4466">
    <p class='ocr_par' dir='ltr' id='par_1_47' title="bbox 178 4384 1798 4466">
     <span class='ocr_line' id='line_1_47' title="bbox 178 4384 1798 4466; baseline -0.001 -21"><span class='ocrx_word' id='word_1_344' title='bbox 178 4393 259 4446; x_wconf 81' lang='grc' dir='ltr'>τὰ</span> <span class='ocrx_word' id='word_1_345' title='bbox 304 4393 396 4464; x_wconf 77' lang='grc' dir='ltr'>μὲν</span> <span class='ocrx_word' id='word_1_346' title='bbox 439 4395 556 4466; x_wconf 81' lang='grc' dir='ltr'>περὶ</span> <span class='ocrx_word' id='word_1_347' title='bbox 599 4393 796 4443; x_wconf 89' lang='grc' dir='ltr'>τούτων</span> <span class='ocrx_word' id='word_1_348' title='bbox 845 4388 1010 4452; x_wconf 79' lang='grc' dir='ltr'>οὕτως</span> <span class='ocrx_word' id='word_1_349' title='bbox 1048 4405 1061 4420; x_wconf 74' lang='grc' dir='ltr'><strong>ο</strong></span> <span class='ocrx_word' id='word_1_350' title='bbox 1100 4393 1266 4464; x_wconf 83' lang='grc' dir='ltr'>μυρία</span> <span class='ocrx_word' id='word_1_351' title='bbox 1318 4384 1368 4442; x_wconf 84' lang='grc' dir='ltr'>δ’</span> <span class='ocrx_word' id='word_1_352' title='bbox 1415 4385 1502 4442; x_wconf 81' lang='grc' dir='ltr'><strong>οὖν</strong></span> <span class='ocrx_word' id='word_1_353' title='bbox 1542 4395 1630 4443; x_wconf 88' lang='grc' dir='ltr'>καὶ</span> <span class='ocrx_word' id='word_1_354' title='bbox 1668 4391 1798 4444; x_wconf 79' lang='grc' dir='ltr'>ἄλλα</span> 
     </span>
    </p>
   </div>
   <div class='ocr_carea' id='block_1_48' title="bbox 182 4478 1792 4555">
    <p class='ocr_par' dir='ltr' id='par_1_48' title="bbox 182 4478 1792 4555">
     <span class='ocr_line' id='line_1_48' title="bbox 182 4478 1792 4555; baseline -0.002 -20"><span class='ocrx_word' id='word_1_355' title='bbox 182 4500 316 4555; x_wconf 83' lang='grc' dir='ltr'>περι</span> <span class='ocrx_word' id='word_1_356' title='bbox 369 4479 666 4554; x_wconf 86' lang='grc' dir='ltr'>Ὠριγένους</span> <span class='ocrx_word' id='word_1_357' title='bbox 714 4479 840 4542; x_wconf 81' lang='grc' dir='ltr'>ἄξια</span> <span class='ocrx_word' id='word_1_358' title='bbox 901 4481 1276 4552; x_wconf 90' lang='grc' dir='ltr'>μνημονεύεται</span> <span class='ocrx_word' id='word_1_359' title='bbox 1309 4496 1321 4509; x_wconf 81' lang='grc'><strong><em>⁸</em></strong></span> <span class='ocrx_word' id='word_1_360' title='bbox 1376 4478 1411 4530; x_wconf 86' lang='grc' dir='ltr'><em>ἃ</em></span> <span class='ocrx_word' id='word_1_361' title='bbox 1457 4483 1548 4532; x_wconf 83' lang='grc' dir='ltr'>καὶ</span> <span class='ocrx_word' id='word_1_362' title='bbox 1601 4483 1668 4542; x_wconf 85' lang='grc' dir='ltr'>ὡς</span> <span class='ocrx_word' id='word_1_363' title='bbox 1721 4485 1792 4554; x_wconf 82' lang='grc' dir='ltr'>μὴ</span> 
     </span>
    </p>
   </div>
   <div class='ocr_carea' id='block_1_49' title="bbox 183 4569 1797 4646">
    <p class='ocr_par' dir='ltr' id='par_1_49' title="bbox 183 4569 1797 4646">
     <span class='ocr_line' id='line_1_49' title="bbox 183 4569 1797 4646; baseline -0.001 -21"><span class='ocrx_word' id='word_1_364' title='bbox 183 4579 260 4644; x_wconf 78' lang='grc' dir='ltr'>τῇ</span> <span class='ocrx_word' id='word_1_365' title='bbox 324 4572 565 4646; x_wconf 74' lang='grc' dir='ltr'>παρούσῃ</span> <span class='ocrx_word' id='word_1_366' title='bbox 610 4569 869 4628; x_wconf 80' lang='grc' dir='ltr'>ἀνήκοντα</span> <span class='ocrx_word' id='word_1_367' title='bbox 941 4573 1296 4644; x_wconf 75' lang='grc' dir='ltr'>πραγματεία,</span> <span class='ocrx_word' id='word_1_368' title='bbox 1372 4574 1724 4645; x_wconf 86' lang='grc' dir='ltr'>παρατρέχειν</span> <span class='ocrx_word' id='word_1_369' title='bbox 1771 4572 1797 4623; x_wconf 90' lang='grc' dir='ltr'><strong>ό</strong></span> 
     </span>
    </p>
   </div>
   <div class='ocr_carea' id='block_1_50' title="bbox 182 4649 1799 4732">
    <p class='ocr_par' dir='ltr' id='par_1_50' title="bbox 182 4649 1799 4732">
     <span class='ocr_line' id='line_1_50' title="bbox 182 4649 1799 4732; baseline -0.001 -18"><span class='ocrx_word' id='word_1_370' title='bbox 182 4661 347 4732; x_wconf 82' lang='grc' dir='ltr'>λόγος</span> <span class='ocrx_word' id='word_1_371' title='bbox 392 4658 668 4730; x_wconf 74' lang='grc' dir='ltr'>ἐπείγεται.</span> <span class='ocrx_word' id='word_1_372' title='bbox 719 4649 862 4710; x_wconf 85' lang='grc' dir='ltr'>Ὅσα</span> <span class='ocrx_word' id='word_1_373' title='bbox 919 4653 968 4710; x_wconf 88' lang='grc' dir='ltr'>δ’</span> <span class='ocrx_word' id='word_1_374' title='bbox 1025 4654 1114 4710; x_wconf 76' lang='grc' dir='ltr'>οὖν</span> <span class='ocrx_word' id='word_1_375' title='bbox 1167 4655 1428 4730; x_wconf 83' lang='grc' dir='ltr'>ἀναγκαῖα</span> <span class='ocrx_word' id='word_1_376' title='bbox 1481 4653 1696 4730; x_wconf 86' lang='grc' dir='ltr'>διέγνων</span> <span class='ocrx_word' id='word_1_377' title='bbox 1723 4655 1799 4712; x_wconf 87' lang='grc' dir='ltr'><strong>εἶ-</strong></span> 
     </span>
    </p>
   </div>
   <div class='ocr_carea' id='block_1_51' title="bbox 184 4743 1801 4822">
    <p class='ocr_par' dir='ltr' id='par_1_51' title="bbox 184 4743 1801 4822">
     <span class='ocr_line' id='line_1_51' title="bbox 184 4743 1801 4822; baseline -0.001 -19"><span class='ocrx_word' id='word_1_378' title='bbox 184 4769 281 4803; x_wconf 84' lang='grc' dir='ltr'><strong>ναι</strong></span> <span class='ocrx_word' id='word_1_379' title='bbox 325 4756 386 4822; x_wconf 78' lang='grc' dir='ltr'>τῇ</span> <span class='ocrx_word' id='word_1_380' title='bbox 420 4750 661 4821; x_wconf 82' lang='grc' dir='ltr'>παρούσῃ</span> <span class='ocrx_word' id='word_1_381' title='bbox 706 4743 940 4820; x_wconf 72' lang='grc' dir='ltr'>σπουδῇ,</span> <span class='ocrx_word' id='word_1_382' title='bbox 991 4746 1159 4809; x_wconf 87' lang='grc' dir='ltr'>καλῶς</span> <span class='ocrx_word' id='word_1_383' title='bbox 1213 4767 1292 4818; x_wconf 84' lang='grc' dir='ltr'><strong>γε,</strong></span> <span class='ocrx_word' id='word_1_384' title='bbox 1350 4748 1515 4819; x_wconf 72' lang='grc' dir='ltr'><strong>οἶμαι⁹</strong></span> <span class='ocrx_word' id='word_1_385' title='bbox 1570 4746 1801 4812; x_wconf 82' lang='grc' dir='ltr'>ἀνελεξά-</span> 
     </span>
    </p>
   </div>
   <div class='ocr_carea' id='block_1_52' title="bbox 185 4833 1800 4913">
    <p class='ocr_par' dir='ltr' id='par_1_52' title="bbox 185 4833 1800 4913">
     <span class='ocr_line' id='line_1_52' title="bbox 185 4833 1800 4913; baseline 0 -23"><span class='ocrx_word' id='word_1_386' title='bbox 185 4858 300 4913; x_wconf 83' lang='grc' dir='ltr'><strong>μην</strong></span> <span class='ocrx_word' id='word_1_387' title='bbox 329 4857 383 4892; x_wconf 91' lang='grc' dir='ltr'><strong>τε</strong></span> <span class='ocrx_word' id='word_1_388' title='bbox 413 4842 501 4890; x_wconf 81' lang='grc' dir='ltr'>καὶ</span> <span class='ocrx_word' id='word_1_389' title='bbox 529 4839 891 4909; x_wconf 85' lang='grc' dir='ltr'>κατέστρωσα.</span> <span class='ocrx_word' id='word_1_390' title='bbox 946 4833 1038 4891; x_wconf 82' lang='grc' dir='ltr'>Ἓν</span> <span class='ocrx_word' id='word_1_391' title='bbox 1093 4833 1160 4896; x_wconf 82' lang='grc' dir='ltr'>δὴ</span> <span class='ocrx_word' id='word_1_392' title='bbox 1213 4835 1443 4889; x_wconf 83' lang='grc' dir='ltr'>λείπεται</span> <span class='ocrx_word' id='word_1_393' title='bbox 1483 4838 1638 4909; x_wconf 80' lang='grc' dir='ltr'>φάναι</span> <span class='ocrx_word' id='word_1_394' title='bbox 1683 4842 1800 4911; x_wconf 84' lang='grc' dir='ltr'>περὶ</span> 
     </span>
    </p>
   </div>
   <div class='ocr_carea' id='block_1_53' title="bbox 186 4924 1802 5002">
    <p class='ocr_par' dir='ltr' id='par_1_53' title="bbox 186 4924 1802 5002">
     <span class='ocr_line' id='line_1_53' title="bbox 186 4924 1802 5002; baseline -0.002 -20"><span class='ocrx_word' id='word_1_395' title='bbox 186 4930 498 5002; x_wconf 85' lang='grc' dir='ltr'>Ὠριγένους</span> <span class='ocrx_word' id='word_1_396' title='bbox 543 4926 722 4979; x_wconf 89' lang='grc' dir='ltr'>λοιπόν</span> <span class='ocrx_word' id='word_1_397' title='bbox 751 4943 766 4956; x_wconf 71' lang='grc' dir='ltr'>θ</span> <span class='ocrx_word' id='word_1_398' title='bbox 830 4927 899 4988; x_wconf 83' lang='grc' dir='ltr'>ὡς</span> <span class='ocrx_word' id='word_1_399' title='bbox 975 4927 1142 4998; x_wconf 84' lang='grc' dir='ltr'>φθόνῳ</span> <span class='ocrx_word' id='word_1_400' title='bbox 1201 4932 1292 4978; x_wconf 83' lang='grc' dir='ltr'><strong>τοῦ</strong></span> <span class='ocrx_word' id='word_1_401' title='bbox 1339 4925 1485 4978; x_wconf 87' lang='grc' dir='ltr'>πάντ’</span> <span class='ocrx_word' id='word_1_402' title='bbox 1541 4924 1802 4999; x_wconf 71' lang='grc' dir='ltr'>ἐνεργοῦν-</span> 
     </span>
    </p>
   </div>
   <div class='ocr_carea' id='block_1_54' title="bbox 187 5013 1803 5090">
    <p class='ocr_par' dir='ltr' id='par_1_54' title="bbox 187 5013 1803 5090">
     <span class='ocr_line' id='line_1_54' title="bbox 187 5013 1803 5090; baseline -0.002 -18"><span class='ocrx_word' id='word_1_403' title='bbox 187 5038 282 5080; x_wconf 86' lang='grc' dir='ltr'><strong>τος</strong></span> <span class='ocrx_word' id='word_1_404' title='bbox 336 5019 363 5070; x_wconf 91' lang='grc' dir='ltr'><strong>ό</strong></span> <span class='ocrx_word' id='word_1_405' title='bbox 408 5023 655 5078; x_wconf 81' lang='grc' dir='ltr'>τοσοῦτος</span> <span class='ocrx_word' id='word_1_406' title='bbox 707 5017 796 5067; x_wconf 83' lang='grc' dir='ltr'>καὶ</span> <span class='ocrx_word' id='word_1_407' title='bbox 845 5014 1016 5086; x_wconf 84' lang='grc' dir='ltr'>λόγοις</span> <span class='ocrx_word' id='word_1_408' title='bbox 1073 5019 1163 5069; x_wconf 79' lang='grc' dir='ltr'><strong>καὶ</strong></span> <span class='ocrx_word' id='word_1_409' title='bbox 1211 5017 1396 5090; x_wconf 82' lang='grc' dir='ltr'>ἔργοις,</span> <span class='ocrx_word' id='word_1_410' title='bbox 1455 5020 1544 5068; x_wconf 83' lang='grc' dir='ltr'>καὶ</span> <span class='ocrx_word' id='word_1_411' title='bbox 1598 5013 1803 5088; x_wconf 87' lang='grc' dir='ltr'>ἀκριϐεῖ</span> 
     </span>
    </p>
   </div>
   <div class='ocr_carea' id='block_1_55' title="bbox 192 5101 1803 5183">
    <p class='ocr_par' dir='ltr' id='par_1_55' title="bbox 192 5101 1803 5183">
     <span class='ocr_line' id='line_1_55' title="bbox 192 5101 1803 5183; baseline -0.001 -21"><span class='ocrx_word' id='word_1_412' title='bbox 192 5109 480 5183; x_wconf 72' lang='grc' dir='ltr'>φιλοσοφίᾳ</span> <span class='ocrx_word' id='word_1_413' title='bbox 525 5107 612 5160; x_wconf 77' lang='grc' dir='ltr'><strong>ἰπὶ</strong></span> <span class='ocrx_word' id='word_1_414' title='bbox 671 5109 826 5158; x_wconf 81' lang='grc' dir='ltr'>τόσον</span> <span class='ocrx_word' id='word_1_415' title='bbox 879 5101 1244 5180; x_wconf 68' lang='grc' dir='ltr'>ἐνδιατρίψας,</span> <span class='ocrx_word' id='word_1_416' title='bbox 1308 5113 1406 5168; x_wconf 81' lang='grc' dir='ltr'>τῆς</span> <span class='ocrx_word' id='word_1_417' title='bbox 1457 5107 1657 5166; x_wconf 72' lang='grc' dir='ltr'>εὐθείας</span> <span class='ocrx_word' id='word_1_418' title='bbox 1711 5111 1803 5161; x_wconf 80' lang='grc' dir='ltr'>καὶ</span> 
     </span>
    </p>
   </div>
   <div class='ocr_carea' id='block_1_56' title="bbox 191 5191 1802 5269">
    <p class='ocr_par' dir='ltr' id='par_1_56' title="bbox 191 5191 1802 5269">
     <span class='ocr_line' id='line_1_56' title="bbox 191 5191 1802 5269; baseline -0.003 -17"><span class='ocrx_word' id='word_1_419' title='bbox 191 5199 351 5259; x_wconf 83' lang='grc' dir='ltr'>οὗτος</span> <span class='ocrx_word' id='word_1_420' title='bbox 382 5196 717 5255; x_wconf 82' lang='grc' dir='ltr'>ἀπεπλανήθη</span> <span class='ocrx_word' id='word_1_421' title='bbox 753 5212 766 5226; x_wconf 78' lang='grc'><em>’</em></span> <span class='ocrx_word' id='word_1_422' title='bbox 821 5199 911 5247; x_wconf 83' lang='grc' dir='ltr'>καὶ</span> <span class='ocrx_word' id='word_1_423' title='bbox 961 5191 1306 5269; x_wconf 79' lang='grc' dir='ltr'>διαστρόφοις</span> <span class='ocrx_word' id='word_1_424' title='bbox 1359 5193 1629 5256; x_wconf 75' lang='grc' dir='ltr'>ἐνειληθεὶς</span> <span class='ocrx_word' id='word_1_425' title='bbox 1678 5191 1802 5268; x_wconf 88' lang='grc' dir='ltr'>δόγ-</span> 
     </span>
    </p>
   </div>
   <div class='ocr_carea' id='block_1_57' title="bbox 194 5279 1804 5362">
    <p class='ocr_par' dir='ltr' id='par_1_57' title="bbox 194 5279 1804 5362">
     <span class='ocr_line' id='line_1_57' title="bbox 194 5279 1804 5362; baseline -0.002 -21"><span class='ocrx_word' id='word_1_426' title='bbox 194 5306 357 5362; x_wconf 89' lang='grc' dir='ltr'>μασι,</span> <span class='ocrx_word' id='word_1_427' title='bbox 408 5291 502 5346; x_wconf 81' lang='grc' dir='ltr'>τήν</span> <span class='ocrx_word' id='word_1_428' title='bbox 552 5305 607 5339; x_wconf 88' lang='grc' dir='ltr'><strong>τε</strong></span> <span class='ocrx_word' id='word_1_429' title='bbox 635 5290 908 5359; x_wconf 82' lang='grc' dir='ltr'>παροῦσαν</span> <span class='ocrx_word' id='word_1_430' title='bbox 938 5287 1028 5336; x_wconf 83' lang='grc' dir='ltr'>καὶ</span> <span class='ocrx_word' id='word_1_431' title='bbox 1073 5287 1164 5342; x_wconf 77' lang='grc' dir='ltr'>τὴν</span> <span class='ocrx_word' id='word_1_432' title='bbox 1201 5283 1488 5357; x_wconf 85' lang='grc' dir='ltr'>μέλλουσαν</span> <span class='ocrx_word' id='word_1_433' title='bbox 1545 5279 1804 5360; x_wconf 87' lang='grc' dir='ltr'>διέφθειρε</span> 
     </span>
    </p>
   </div>
   <div class='ocr_carea' id='block_1_58' title="bbox 199 5365 1802 5449">
    <p class='ocr_par' dir='ltr' id='par_1_58' title="bbox 199 5365 1802 5449">
     <span class='ocr_line' id='line_1_58' title="bbox 199 5365 1802 5449; baseline -0.004 -17"><span class='ocrx_word' id='word_1_434' title='bbox 199 5375 388 5442; x_wconf 83' lang='grc' dir='ltr'>δόξαν,</span> <span class='ocrx_word' id='word_1_435' title='bbox 447 5373 607 5432; x_wconf 85' lang='grc' dir='ltr'>Ἀλλά</span> <span class='ocrx_word' id='word_1_436' title='bbox 651 5379 810 5449; x_wconf 79' lang='grc' dir='ltr'>μήπω</span> <span class='ocrx_word' id='word_1_437' title='bbox 847 5380 935 5425; x_wconf 83' lang='grc' dir='ltr'>νῦν</span> <span class='ocrx_word' id='word_1_438' title='bbox 966 5389 980 5404; x_wconf 82' lang='lat'><strong><em>°</em></strong></span> <span class='ocrx_word' id='word_1_439' title='bbox 1039 5375 1124 5426; x_wconf 90' lang='grc' dir='ltr'>τὸν</span> <span class='ocrx_word' id='word_1_440' title='bbox 1169 5369 1219 5426; x_wconf 84' lang='grc' dir='ltr'>δ’</span> <span class='ocrx_word' id='word_1_441' title='bbox 1271 5370 1335 5426; x_wconf 86' lang='grc' dir='ltr'>αὖ</span> <span class='ocrx_word' id='word_1_442' title='bbox 1386 5365 1673 5447; x_wconf 79' lang='grc' dir='ltr'>κατάλογον</span> <span class='ocrx_word' id='word_1_443' title='bbox 1701 5381 1802 5426; x_wconf 86' lang='grc' dir='ltr'>τῶν</span> 
     </span>
    </p>
   </div>
   <div class='ocr_carea' id='block_1_59' title="bbox 1828 4527 1871 4581">
    <p class='ocr_par' dir='ltr' id='par_1_59' title="bbox 1828 4527 1871 4581">
     <span class='ocr_line' id='line_1_59' title="bbox 1828 4527 1871 4581; baseline 0 0"><span class='ocrx_word' id='word_1_444' title='bbox 1828 4527 1871 4581; x_wconf 86' lang='grc'><strong>1)</strong></span> 
     </span>
    </p>
   </div>
   <div class='ocr_carea' id='block_1_60' title="bbox 277 5552 1806 5630">
    <p class='ocr_par' dir='ltr' id='par_1_60' title="bbox 277 5552 1806 5630">
     <span class='ocr_line' id='line_1_60' title="bbox 277 5552 1806 5630; baseline -0.001 -18"><span class='ocrx_word' id='word_1_445' title='bbox 277 5554 1041 5630; x_wconf 10' lang='grc' dir='ltr'>(1,)μξιιιιθωιιῑὶ-ιξιιερττοτ,</span> <span class='ocrx_word' id='word_1_446' title='bbox 1059 5552 1172 5630; x_wconf 78' lang='lat' dir='ltr'><strong>qui</strong></span> <span class='ocrx_word' id='word_1_447' title='bbox 1189 5555 1480 5630; x_wconf 85' lang='lat' dir='ltr'><strong>tanquam</strong></span> <span class='ocrx_word' id='word_1_448' title='bbox 1497 5553 1806 5630; x_wconf 69' lang='lat' dir='ltr'><strong>maleficus</strong></span> 
     </span>
    </p>
   </div>
   <div class='ocr_carea' id='block_1_61' title="bbox 205 5625 1679 5702">
    <p class='ocr_par' dir='ltr' id='par_1_61' title="bbox 205 5625 1679 5702">
     <span class='ocr_line' id='line_1_61' title="bbox 205 5625 1679 5702; baseline -0.003 -16"><span class='ocrx_word' id='word_1_449' title='bbox 205 5625 548 5702; x_wconf 77' lang='lat' dir='ltr'><strong>prohibitus</strong></span> <span class='ocrx_word' id='word_1_450' title='bbox 573 5631 683 5684; x_wconf 86' lang='lat' dir='ltr'><strong>est.</strong></span> <span class='ocrx_word' id='word_1_451' title='bbox 717 5625 806 5700; x_wconf 89' lang='lat' dir='ltr'><strong>(C.</strong></span> <span class='ocrx_word' id='word_1_452' title='bbox 840 5627 926 5684; x_wconf 91' lang='lat' dir='ltr'><strong>De</strong></span> <span class='ocrx_word' id='word_1_453' title='bbox 945 5625 1198 5694; x_wconf 68' lang='lat' dir='ltr'><strong>materie.</strong></span> <span class='ocrx_word' id='word_1_454' title='bbox 1221 5631 1277 5682; x_wconf 84' lang='lat' dir='ltr'><strong>et</strong></span> <span class='ocrx_word' id='word_1_455' title='bbox 1305 5625 1679 5696; x_wconf 73' lang='lat' dir='ltr'><strong>inathemat.)</strong></span> 
     </span>
    </p>
   </div>
   <div class='ocr_carea' id='block_1_62' title="bbox 1263 332 2526 393">
    <p class='ocr_par' dir='ltr' id='par_1_62' title="bbox 1263 332 2526 393">
     <span class='ocr_line' id='line_1_62' title="bbox 1263 332 2526 393; baseline 0.002 -4"><span class='ocrx_word' id='word_1_456' title='bbox 1263 332 1842 391; x_wconf 69' lang='lat' dir='ltr'><strong>ECCLESIASTICE</strong></span> <span class='ocrx_word' id='word_1_457' title='bbox 1878 333 2242 392; x_wconf 72' lang='lat' dir='ltr'><strong>HISTORIAS</strong></span> <span class='ocrx_word' id='word_1_458' title='bbox 2281 337 2413 393; x_wconf 82' lang='lat' dir='ltr'><strong>LIB.</strong></span> <span class='ocrx_word' id='word_1_459' title='bbox 2457 338 2526 391; x_wconf 90' lang='lat' dir='ltr'><strong>V.</strong></span> 
     </span>
    </p>
   </div>
   <div class='ocr_carea' id='block_1_63' title="bbox 3411 340 3547 396">
    <p class='ocr_par' dir='ltr' id='par_1_63' title="bbox 3411 340 3547 396">
     <span class='ocr_line' id='line_1_63' title="bbox 3411 340 3547 396; baseline -0.007 -1"><span class='ocrx_word' id='word_1_460' title='bbox 3411 340 3547 396; x_wconf 77' lang='grc'><strong>1114</strong></span> 
     </span>
    </p>
   </div>
   <div class='ocr_carea' id='block_1_64' title="bbox 1889 461 3549 540">
    <p class='ocr_par' dir='ltr' id='par_1_64' title="bbox 1889 461 3549 540">
     <span class='ocr_line' id='line_1_64' title="bbox 1889 461 3549 540; baseline 0.002 -23"><span class='ocrx_word' id='word_1_461' title='bbox 1889 461 2199 530; x_wconf 83' lang='lat' dir='ltr'><strong>exstincta,</strong></span> <span class='ocrx_word' id='word_1_462' title='bbox 2223 464 2473 534; x_wconf 78' lang='lat' dir='ltr'><strong>Origene</strong></span> <span class='ocrx_word' id='word_1_463' title='bbox 2511 464 2680 537; x_wconf 84' lang='lat' dir='ltr'><strong>aquis</strong></span> <span class='ocrx_word' id='word_1_464' title='bbox 2729 481 2865 523; x_wconf 89' lang='lat' dir='ltr'><strong>eam</strong></span> <span class='ocrx_word' id='word_1_465' title='bbox 2904 470 3147 540; x_wconf 88' lang='lat' dir='ltr'><strong>repente</strong></span> <span class='ocrx_word' id='word_1_466' title='bbox 3186 480 3256 523; x_wconf 85' lang='lat' dir='ltr'><strong>ex</strong></span> <span class='ocrx_word' id='word_1_467' title='bbox 3289 466 3549 538; x_wconf 86' lang='lat' dir='ltr'><strong>Scriptu-</strong></span> 
     </span>
    </p>
   </div>
   <div class='ocr_carea' id='block_1_65' title="bbox 1889 553 3552 629">
    <p class='ocr_par' dir='ltr' id='par_1_65' title="bbox 1889 553 3552 629">
     <span class='ocr_line' id='line_1_65' title="bbox 1889 553 3552 629; baseline 0.002 -23"><span class='ocrx_word' id='word_1_468' title='bbox 1889 567 2092 607; x_wconf 90' lang='lat' dir='ltr'><strong>rarum</strong></span> <span class='ocrx_word' id='word_1_469' title='bbox 2123 554 2476 609; x_wconf 78' lang='lat' dir='ltr'><strong>torrentibus</strong></span> <span class='ocrx_word' id='word_1_470' title='bbox 2504 553 2736 611; x_wconf 81' lang='lat' dir='ltr'><strong>haustis</strong></span> <span class='ocrx_word' id='word_1_471' title='bbox 2761 555 3076 622; x_wconf 83' lang='lat' dir='ltr'><strong>obruente,</strong></span> <span class='ocrx_word' id='word_1_472' title='bbox 3097 556 3355 629; x_wconf 90' lang='lat' dir='ltr'><strong>quamin</strong></span> <span class='ocrx_word' id='word_1_473' title='bbox 3378 570 3552 626; x_wconf 87' lang='lat' dir='ltr'><strong>aper-</strong></span> 
     </span>
    </p>
   </div>
   <div class='ocr_carea' id='block_1_66' title="bbox 1889 640 3547 718">
    <p class='ocr_par' dir='ltr' id='par_1_66' title="bbox 1889 640 3547 718">
     <span class='ocr_line' id='line_1_66' title="bbox 1889 640 3547 718; baseline 0.004 -25"><span class='ocrx_word' id='word_1_474' title='bbox 1889 640 2017 695; x_wconf 89' lang='lat' dir='ltr'><strong>tum</strong></span> <span class='ocrx_word' id='word_1_475' title='bbox 2062 641 2310 712; x_wconf 83' lang='lat' dir='ltr'><strong>maligni</strong></span> <span class='ocrx_word' id='word_1_476' title='bbox 2347 643 2586 714; x_wconf 84' lang='lat' dir='ltr'><strong>spiritus</strong></span> <span class='ocrx_word' id='word_1_477' title='bbox 2639 645 2799 700; x_wconf 81' lang='lat' dir='ltr'><strong>auris</strong></span> <span class='ocrx_word' id='word_1_478' title='bbox 2857 645 3222 702; x_wconf 86' lang='lat' dir='ltr'><strong>exsuscitata</strong></span> <span class='ocrx_word' id='word_1_479' title='bbox 3264 644 3547 718; x_wconf 83' lang='lat' dir='ltr'><strong>prodiret.</strong></span> 
     </span>
    </p>
   </div>
   <div class='ocr_carea' id='block_1_67' title="bbox 1891 729 3550 808">
    <p class='ocr_par' dir='ltr' id='par_1_67' title="bbox 1891 729 3550 808">
     <span class='ocr_line' id='line_1_67' title="bbox 1891 729 3550 808; baseline 0.002 -24"><span class='ocrx_word' id='word_1_480' title='bbox 1891 729 2228 787; x_wconf 71' lang='lat' dir='ltr'><strong>Helcesaitaa</strong></span> <span class='ocrx_word' id='word_1_481' title='bbox 2271 747 2534 804; x_wconf 83' lang='lat' dir='ltr'><strong>namque</strong></span> <span class='ocrx_word' id='word_1_482' title='bbox 2581 733 2675 788; x_wconf 85' lang='lat' dir='ltr'><strong>isti</strong></span> <span class='ocrx_word' id='word_1_483' title='bbox 2708 733 3110 808; x_wconf 84' lang='lat' dir='ltr'><strong>undecunque</strong></span> <span class='ocrx_word' id='word_1_484' title='bbox 3148 733 3365 790; x_wconf 87' lang='lat' dir='ltr'><strong>fabulis</strong></span> <span class='ocrx_word' id='word_1_485' title='bbox 3431 733 3550 789; x_wconf 82' lang='lat' dir='ltr'><strong>col-</strong></span> 
     </span>
    </p>
   </div>
   <div class='ocr_carea' id='block_1_68' title="bbox 1889 820 3546 895">
    <p class='ocr_par' dir='ltr' id='par_1_68' title="bbox 1889 820 3546 895">
     <span class='ocr_line' id='line_1_68' title="bbox 1889 820 3546 895; baseline -0.001 -17"><span class='ocrx_word' id='word_1_486' title='bbox 1889 820 2078 884; x_wconf 85' lang='lat' dir='ltr'><strong>lectis,</strong></span> <span class='ocrx_word' id='word_1_487' title='bbox 2132 825 2544 893; x_wconf 87' lang='lat' dir='ltr'><strong>portentosum</strong></span> <span class='ocrx_word' id='word_1_488' title='bbox 2609 823 2722 879; x_wconf 88' lang='lat' dir='ltr'><strong>sibi</strong></span> <span class='ocrx_word' id='word_1_489' title='bbox 2762 823 3094 895; x_wconf 82' lang='lat' dir='ltr'><strong>quemdam</strong></span> <span class='ocrx_word' id='word_1_490' title='bbox 3149 837 3546 895; x_wconf 90' lang='lat' dir='ltr'><strong>composuere</strong></span> 
     </span>
    </p>
   </div>
   <div class='ocr_carea' id='block_1_69' title="bbox 1892 911 3552 986">
    <p class='ocr_par' dir='ltr' id='par_1_69' title="bbox 1892 911 3552 986">
     <span class='ocr_line' id='line_1_69' title="bbox 1892 911 3552 986; baseline 0.003 -22"><span class='ocrx_word' id='word_1_491' title='bbox 1892 924 2172 965; x_wconf 87' lang='lat' dir='ltr'><strong>errorem.</strong></span> <span class='ocrx_word' id='word_1_492' title='bbox 2207 912 2271 967; x_wconf 89' lang='lat' dir='ltr'><strong>Et</strong></span> <span class='ocrx_word' id='word_1_493' title='bbox 2299 911 2544 983; x_wconf 88' lang='lat' dir='ltr'><strong>quidem</strong></span> <span class='ocrx_word' id='word_1_494' title='bbox 2595 912 2669 968; x_wconf 93' lang='lat' dir='ltr'><strong>de</strong></span> <span class='ocrx_word' id='word_1_495' title='bbox 2714 927 2913 968; x_wconf 91' lang='lat' dir='ltr'><strong>rerum</strong></span> <span class='ocrx_word' id='word_1_496' title='bbox 2943 913 3216 969; x_wconf 91' lang='lat' dir='ltr'><strong>omnium</strong></span> <span class='ocrx_word' id='word_1_497' title='bbox 3258 913 3552 986; x_wconf 91' lang='lat' dir='ltr'><strong>principio</strong></span> 
     </span>
    </p>
   </div>
   <div class='ocr_carea' id='block_1_70' title="bbox 1890 998 3554 1076">
    <p class='ocr_par' dir='ltr' id='par_1_70' title="bbox 1890 998 3554 1076">
     <span class='ocr_line' id='line_1_70' title="bbox 1890 998 3554 1076; baseline 0.002 -23"><span class='ocrx_word' id='word_1_498' title='bbox 1890 998 2207 1055; x_wconf 91' lang='lat' dir='ltr'><strong>nobiscum</strong></span> <span class='ocrx_word' id='word_1_499' title='bbox 2232 1001 2612 1058; x_wconf 89' lang='lat' dir='ltr'><strong>consentiunt</strong></span> <span class='ocrx_word' id='word_1_500' title='bbox 2637 1020 2650 1060; x_wconf 88' lang='lat'>:</span> <span class='ocrx_word' id='word_1_501' title='bbox 2688 1017 2876 1058; x_wconf 92' lang='lat' dir='ltr'><strong>unum</strong></span> <span class='ocrx_word' id='word_1_502' title='bbox 2906 1002 3206 1076; x_wconf 90' lang='lat' dir='ltr'><strong>siquidem</strong></span> <span class='ocrx_word' id='word_1_503' title='bbox 3236 1008 3292 1058; x_wconf 91' lang='lat' dir='ltr'><strong>et</strong></span> <span class='ocrx_word' id='word_1_504' title='bbox 3323 1003 3436 1074; x_wconf 87' lang='lat' dir='ltr'><strong>ipsi</strong></span> <span class='ocrx_word' id='word_1_505' title='bbox 3465 1017 3554 1057; x_wconf 82' lang='lat' dir='ltr'><strong>re-</strong></span> 
     </span>
    </p>
   </div>
   <div class='ocr_carea' id='block_1_71' title="bbox 1891 1088 3556 1148">
    <p class='ocr_par' dir='ltr' id='par_1_71' title="bbox 1891 1088 3556 1148">
     <span class='ocr_line' id='line_1_71' title="bbox 1891 1088 3556 1148; baseline 0.002 -6"><span class='ocrx_word' id='word_1_506' title='bbox 1891 1103 2026 1144; x_wconf 88' lang='lat' dir='ltr'><strong>rum</strong></span> <span class='ocrx_word' id='word_1_507' title='bbox 2055 1088 2326 1144; x_wconf 91' lang='lat' dir='ltr'><strong>omnium</strong></span> <span class='ocrx_word' id='word_1_508' title='bbox 2349 1089 2719 1146; x_wconf 88' lang='lat' dir='ltr'><strong>conditorem</strong></span> <span class='ocrx_word' id='word_1_509' title='bbox 2748 1096 3022 1147; x_wconf 85' lang='lat' dir='ltr'><strong>asserunt</strong></span> <span class='ocrx_word' id='word_1_510' title='bbox 3053 1107 3068 1148; x_wconf 90' lang='lat'><strong><em>:</em></strong></span> <span class='ocrx_word' id='word_1_511' title='bbox 3095 1107 3214 1147; x_wconf 94' lang='lat' dir='ltr'><strong>non</strong></span> <span class='ocrx_word' id='word_1_512' title='bbox 3242 1107 3430 1147; x_wconf 92' lang='lat' dir='ltr'><strong>unum</strong></span> <span class='ocrx_word' id='word_1_513' title='bbox 3451 1107 3556 1148; x_wconf 88' lang='lat' dir='ltr'><strong>au-</strong></span> 
     </span>
    </p>
   </div>
   <div class='ocr_carea' id='block_1_72' title="bbox 1893 1177 3553 1250">
    <p class='ocr_par' dir='ltr' id='par_1_72' title="bbox 1893 1177 3553 1250">
     <span class='ocr_line' id='line_1_72' title="bbox 1893 1177 3553 1250; baseline 0.002 -18"><span class='ocrx_word' id='word_1_514' title='bbox 1893 1183 2012 1233; x_wconf 87' lang='lat' dir='ltr'><strong>tem</strong></span> <span class='ocrx_word' id='word_1_515' title='bbox 2061 1177 2376 1244; x_wconf 85' lang='lat' dir='ltr'><strong>Christum,</strong></span> <span class='ocrx_word' id='word_1_516' title='bbox 2409 1178 2514 1235; x_wconf 91' lang='lat' dir='ltr'><strong>sed</strong></span> <span class='ocrx_word' id='word_1_517' title='bbox 2571 1180 2772 1250; x_wconf 87' lang='lat' dir='ltr'><strong>plures</strong></span> <span class='ocrx_word' id='word_1_518' title='bbox 2823 1185 2878 1235; x_wconf 91' lang='lat' dir='ltr'><strong>et</strong></span> <span class='ocrx_word' id='word_1_519' title='bbox 2932 1179 3224 1236; x_wconf 88' lang='lat' dir='ltr'><strong>diversos.</strong></span> <span class='ocrx_word' id='word_1_520' title='bbox 3253 1185 3333 1236; x_wconf 85' lang='lat' dir='ltr'><strong>Ac</strong></span> <span class='ocrx_word' id='word_1_521' title='bbox 3362 1194 3553 1236; x_wconf 91' lang='lat' dir='ltr'><strong>unum</strong></span> 
     </span>
    </p>
   </div>
   <div class='ocr_carea' id='block_1_73' title="bbox 1892 1265 3544 1341">
    <p class='ocr_par' dir='ltr' id='par_1_73' title="bbox 1892 1265 3544 1341">
     <span class='ocr_line' id='line_1_73' title="bbox 1892 1265 3544 1341; baseline 0.002 -21"><span class='ocrx_word' id='word_1_522' title='bbox 1892 1265 2137 1338; x_wconf 91' lang='lat' dir='ltr'><strong>quidem</strong></span> <span class='ocrx_word' id='word_1_523' title='bbox 2169 1282 2407 1323; x_wconf 90' lang='lat' dir='ltr'><strong>sursum</strong></span> <span class='ocrx_word' id='word_1_524' title='bbox 2419 1267 2760 1331; x_wconf 87' lang='lat' dir='ltr'><strong>esse,alium</strong></span> <span class='ocrx_word' id='word_1_525' title='bbox 2783 1273 2984 1324; x_wconf 87' lang='lat' dir='ltr'><strong>autem</strong></span> <span class='ocrx_word' id='word_1_526' title='bbox 3007 1269 3290 1324; x_wconf 89' lang='lat' dir='ltr'><strong>deorsum</strong></span> <span class='ocrx_word' id='word_1_527' title='bbox 3322 1285 3334 1322; x_wconf 91' lang='lat'><strong>:</strong></span> <span class='ocrx_word' id='word_1_528' title='bbox 3360 1284 3544 1341; x_wconf 89' lang='lat' dir='ltr'><strong>quem</strong></span> 
     </span>
    </p>
   </div>
   <div class='ocr_carea' id='block_1_74' title="bbox 1893 1355 3550 1423">
    <p class='ocr_par' dir='ltr' id='par_1_74' title="bbox 1893 1355 3550 1423">
     <span class='ocr_line' id='line_1_74' title="bbox 1893 1355 3550 1423; baseline 0.002 -12"><span class='ocrx_word' id='word_1_529' title='bbox 1893 1355 1954 1411; x_wconf 94' lang='lat' dir='ltr'><strong>in</strong></span> <span class='ocrx_word' id='word_1_530' title='bbox 1985 1355 2187 1412; x_wconf 90' lang='lat' dir='ltr'><strong>multis</strong></span> <span class='ocrx_word' id='word_1_531' title='bbox 2221 1361 2396 1413; x_wconf 83' lang='lat' dir='ltr'><strong>antea</strong></span> <span class='ocrx_word' id='word_1_532' title='bbox 2426 1358 2812 1423; x_wconf 87' lang='lat' dir='ltr'><strong>inhabitasse,</strong></span> <span class='ocrx_word' id='word_1_533' title='bbox 2846 1357 3064 1414; x_wconf 89' lang='lat' dir='ltr'><strong>deinde</strong></span> <span class='ocrx_word' id='word_1_534' title='bbox 3096 1373 3235 1414; x_wconf 92' lang='lat' dir='ltr'><strong>vero</strong></span> <span class='ocrx_word' id='word_1_535' title='bbox 3277 1358 3458 1414; x_wconf 89' lang='lat' dir='ltr'><strong>etiam</strong></span> <span class='ocrx_word' id='word_1_536' title='bbox 3487 1358 3550 1414; x_wconf 91' lang='lat' dir='ltr'><strong>in</strong></span> 
     </span>
    </p>
   </div>
   <div class='ocr_carea' id='block_1_75' title="bbox 1892 1444 3552 1504">
    <p class='ocr_par' dir='ltr' id='par_1_75' title="bbox 1892 1444 3552 1504">
     <span class='ocr_line' id='line_1_75' title="bbox 1892 1444 3552 1504; baseline 0.001 -2"><span class='ocrx_word' id='word_1_537' title='bbox 1892 1447 2084 1502; x_wconf 63' lang='lat' dir='ltr'><strong>Maria</strong></span> <span class='ocrx_word' id='word_1_538' title='bbox 2103 1444 2226 1502; x_wconf 86' lang='lat' dir='ltr'><strong>ﬁlio</strong></span> <span class='ocrx_word' id='word_1_539' title='bbox 2254 1447 2394 1502; x_wconf 82' lang='lat' dir='ltr'><strong>Jesu</strong></span> <span class='ocrx_word' id='word_1_540' title='bbox 2422 1446 2728 1503; x_wconf 88' lang='lat' dir='ltr'><strong>habitasse</strong></span> <span class='ocrx_word' id='word_1_541' title='bbox 2772 1447 2997 1504; x_wconf 91' lang='lat' dir='ltr'><strong>dicunt.</strong></span> <span class='ocrx_word' id='word_1_542' title='bbox 3043 1448 3246 1504; x_wconf 85' lang='lat' dir='ltr'><strong>Jesum</strong></span> <span class='ocrx_word' id='word_1_543' title='bbox 3272 1462 3414 1504; x_wconf 90' lang='lat' dir='ltr'><strong>vero</strong></span> <span class='ocrx_word' id='word_1_544' title='bbox 3451 1448 3552 1504; x_wconf 86' lang='lat' dir='ltr'><strong>ali-</strong></span> 
     </span>
    </p>
   </div>
   <div class='ocr_carea' id='block_1_76' title="bbox 1893 1535 3552 1609">
    <p class='ocr_par' dir='ltr' id='par_1_76' title="bbox 1893 1535 3552 1609">
     <span class='ocr_line' id='line_1_76' title="bbox 1893 1535 3552 1609; baseline 0.003 -19"><span class='ocrx_word' id='word_1_545' title='bbox 1893 1537 2140 1608; x_wconf 88' lang='lat' dir='ltr'><strong>quando</strong></span> <span class='ocrx_word' id='word_1_546' title='bbox 2169 1551 2242 1591; x_wconf 78' lang='lat' dir='ltr'><strong>ex</strong></span> <span class='ocrx_word' id='word_1_547' title='bbox 2270 1535 2389 1591; x_wconf 93' lang='lat' dir='ltr'><strong>Deo</strong></span> <span class='ocrx_word' id='word_1_548' title='bbox 2418 1551 2571 1601; x_wconf 91' lang='lat' dir='ltr'><strong>esse,</strong></span> <span class='ocrx_word' id='word_1_549' title='bbox 2591 1537 2919 1609; x_wconf 88' lang='lat' dir='ltr'><strong>aliquando</strong></span> <span class='ocrx_word' id='word_1_550' title='bbox 2962 1543 3215 1593; x_wconf 86' lang='lat' dir='ltr'><strong>matrem</strong></span> <span class='ocrx_word' id='word_1_551' title='bbox 3266 1537 3552 1594; x_wconf 87' lang='lat' dir='ltr'><strong>habuisse</strong></span> 
     </span>
    </p>
   </div>
   <div class='ocr_carea' id='block_1_77' title="bbox 1894 1624 3556 1698">
    <p class='ocr_par' dir='ltr' id='par_1_77' title="bbox 1894 1624 3556 1698">
     <span class='ocr_line' id='line_1_77' title="bbox 1894 1624 3556 1698; baseline 0.002 -19"><span class='ocrx_word' id='word_1_552' title='bbox 1894 1625 2186 1695; x_wconf 82' lang='lat' dir='ltr'><strong>virginem</strong></span> <span class='ocrx_word' id='word_1_553' title='bbox 2235 1624 2514 1693; x_wconf 84' lang='lat' dir='ltr'><strong>referunt,</strong></span> <span class='ocrx_word' id='word_1_554' title='bbox 2559 1641 2999 1698; x_wconf 91' lang='lat' dir='ltr'><strong>nonnunquam</strong></span> <span class='ocrx_word' id='word_1_555' title='bbox 3058 1631 3259 1681; x_wconf 88' lang='lat' dir='ltr'><strong>autem</strong></span> <span class='ocrx_word' id='word_1_556' title='bbox 3313 1641 3387 1680; x_wconf 92' lang='lat' dir='ltr'><strong>ne</strong></span> <span class='ocrx_word' id='word_1_557' title='bbox 3440 1626 3556 1682; x_wconf 92' lang='lat' dir='ltr'><strong>hoc</strong></span> 
     </span>
    </p>
   </div>
   <div class='ocr_carea' id='block_1_78' title="bbox 1893 1713 3554 1788">
    <p class='ocr_par' dir='ltr' id='par_1_78' title="bbox 1893 1713 3554 1788">
     <span class='ocr_line' id='line_1_78' title="bbox 1893 1713 3554 1788; baseline 0 -19"><span class='ocrx_word' id='word_1_558' title='bbox 1893 1713 2137 1787; x_wconf 91' lang='lat' dir='ltr'><strong>quidem</strong></span> <span class='ocrx_word' id='word_1_559' title='bbox 2159 1713 2347 1770; x_wconf 88' lang='lat' dir='ltr'><strong>aiunt.</strong></span> <span class='ocrx_word' id='word_1_560' title='bbox 2378 1715 2662 1786; x_wconf 90' lang='lat' dir='ltr'><strong>Spiritum</strong></span> <span class='ocrx_word' id='word_1_561' title='bbox 2687 1731 2864 1787; x_wconf 90' lang='lat' dir='ltr'><strong>porro</strong></span> <span class='ocrx_word' id='word_1_562' title='bbox 2882 1715 3080 1787; x_wconf 90' lang='lat' dir='ltr'><strong>ipsum</strong></span> <span class='ocrx_word' id='word_1_563' title='bbox 3101 1731 3344 1788; x_wconf 91' lang='lat' dir='ltr'><strong>quoque</strong></span> <span class='ocrx_word' id='word_1_564' title='bbox 3366 1721 3554 1771; x_wconf 88' lang='lat' dir='ltr'><strong>trans-</strong></span> 
     </span>
    </p>
   </div>
   <div class='ocr_carea' id='block_1_79' title="bbox 1893 1803 3556 1875">
    <p class='ocr_par' dir='ltr' id='par_1_79' title="bbox 1893 1803 3556 1875">
     <span class='ocr_line' id='line_1_79' title="bbox 1893 1803 3556 1875; baseline -0.001 -16"><span class='ocrx_word' id='word_1_565' title='bbox 1893 1803 2212 1875; x_wconf 89' lang='lat' dir='ltr'><strong>corporati,</strong></span> <span class='ocrx_word' id='word_1_566' title='bbox 2270 1808 2450 1875; x_wconf 90' lang='lat' dir='ltr'><strong>atque</strong></span> <span class='ocrx_word' id='word_1_567' title='bbox 2508 1804 2568 1860; x_wconf 94' lang='lat' dir='ltr'><strong>in</strong></span> <span class='ocrx_word' id='word_1_568' title='bbox 2598 1804 2836 1861; x_wconf 88' lang='lat' dir='ltr'><strong>diversa</strong></span> <span class='ocrx_word' id='word_1_569' title='bbox 2889 1804 3121 1875; x_wconf 84' lang='lat' dir='ltr'><strong>ingredi</strong></span> <span class='ocrx_word' id='word_1_570' title='bbox 3174 1820 3445 1875; x_wconf 86' lang='lat' dir='ltr'><strong>corpora,</strong></span> <span class='ocrx_word' id='word_1_571' title='bbox 3497 1807 3556 1859; x_wconf 92' lang='lat' dir='ltr'><strong>et</strong></span> 
     </span>
    </p>
   </div>
   <div class='ocr_carea' id='block_1_80' title="bbox 1896 1887 3550 1965">
    <p class='ocr_par' dir='ltr' id='par_1_80' title="bbox 1896 1887 3550 1965">
     <span class='ocr_line' id='line_1_80' title="bbox 1896 1887 3550 1965; baseline 0.001 -18"><span class='ocrx_word' id='word_1_572' title='bbox 1896 1907 2262 1965; x_wconf 90' lang='lat' dir='ltr'><strong>unoquoque</strong></span> <span class='ocrx_word' id='word_1_573' title='bbox 2289 1897 2554 1965; x_wconf 90' lang='lat' dir='ltr'><strong>tempore</strong></span> <span class='ocrx_word' id='word_1_574' title='bbox 2585 1895 2745 1950; x_wconf 90' lang='lat' dir='ltr'><strong>varie</strong></span> <span class='ocrx_word' id='word_1_575' title='bbox 2772 1893 3035 1950; x_wconf 81' lang='lat' dir='ltr'><strong>exhiberi</strong></span> <span class='ocrx_word' id='word_1_576' title='bbox 3057 1894 3336 1950; x_wconf 88' lang='lat' dir='ltr'><strong>sentiunt.</strong></span> <span class='ocrx_word' id='word_1_577' title='bbox 3373 1887 3550 1964; x_wconf 80' lang='lat'><strong>373</strong></span> 
     </span>
    </p>
   </div>
   <div class='ocr_carea' id='block_1_81' title="bbox 1896 1982 3555 2056">
    <p class='ocr_par' dir='ltr' id='par_1_81' title="bbox 1896 1982 3555 2056">
     <span class='ocr_line' id='line_1_81' title="bbox 1896 1982 3555 2056; baseline 0 -18"><span class='ocrx_word' id='word_1_578' title='bbox 1896 1983 2149 2038; x_wconf 89' lang='lat' dir='ltr'><strong>Utuntur</strong></span> <span class='ocrx_word' id='word_1_579' title='bbox 2189 1982 2666 2039; x_wconf 87' lang='lat' dir='ltr'><strong>invocationibus</strong></span> <span class='ocrx_word' id='word_1_580' title='bbox 2719 1989 2898 2056; x_wconf 89' lang='lat' dir='ltr'><strong>atque</strong></span> <span class='ocrx_word' id='word_1_581' title='bbox 2937 1985 3400 2039; x_wconf 88' lang='lat' dir='ltr'><strong>incantamentis</strong></span> <span class='ocrx_word' id='word_1_582' title='bbox 3431 1984 3555 2038; x_wconf 72' lang='lat' dir='ltr'><strong>dae-</strong></span> 
     </span>
    </p>
   </div>
   <div class='ocr_carea' id='block_1_82' title="bbox 1896 2071 3550 2143">
    <p class='ocr_par' dir='ltr' id='par_1_82' title="bbox 1896 2071 3550 2143">
     <span class='ocr_line' id='line_1_82' title="bbox 1896 2071 3550 2143; baseline 0 -17"><span class='ocrx_word' id='word_1_583' title='bbox 1896 2085 2168 2136; x_wconf 92' lang='lat' dir='ltr'><strong>monum,</strong></span> <span class='ocrx_word' id='word_1_584' title='bbox 2215 2075 2391 2142; x_wconf 91' lang='lat' dir='ltr'><strong>atque</strong></span> <span class='ocrx_word' id='word_1_585' title='bbox 2430 2071 2572 2127; x_wconf 89' lang='lat' dir='ltr'><strong>item</strong></span> <span class='ocrx_word' id='word_1_586' title='bbox 2624 2072 2942 2143; x_wconf 89' lang='lat' dir='ltr'><strong>baptismis</strong></span> <span class='ocrx_word' id='word_1_587' title='bbox 2991 2072 3052 2127; x_wconf 89' lang='lat' dir='ltr'><strong>in</strong></span> <span class='ocrx_word' id='word_1_588' title='bbox 3119 2071 3550 2128; x_wconf 89' lang='lat' dir='ltr'><strong>elementorum</strong></span> 
     </span>
    </p>
   </div>
   <div class='ocr_carea' id='block_1_83' title="bbox 1896 2158 3555 2232">
    <p class='ocr_par' dir='ltr' id='par_1_83' title="bbox 1896 2158 3555 2232">
     <span class='ocr_line' id='line_1_83' title="bbox 1896 2158 3555 2232; baseline 0.001 -17"><span class='ocrx_word' id='word_1_589' title='bbox 1896 2159 2266 2232; x_wconf 86' lang='lat' dir='ltr'><strong>professione</strong></span> <span class='ocrx_word' id='word_1_590' title='bbox 2289 2158 2386 2230; x_wconf 87' lang='lat' dir='ltr'><strong>(t).</strong></span> <span class='ocrx_word' id='word_1_591' title='bbox 2414 2159 2814 2230; x_wconf 81' lang='lat' dir='ltr'><strong>Astrologiam</strong></span> <span class='ocrx_word' id='word_1_592' title='bbox 2845 2166 2902 2217; x_wconf 87' lang='lat' dir='ltr'><strong>et</strong></span> <span class='ocrx_word' id='word_1_593' title='bbox 2929 2162 3422 2218; x_wconf 89' lang='lat' dir='ltr'><strong>mathematicum</strong></span> <span class='ocrx_word' id='word_1_594' title='bbox 3463 2177 3555 2218; x_wconf 90' lang='lat' dir='ltr'><strong>er-</strong></span> 
     </span>
    </p>
   </div>
   <div class='ocr_carea' id='block_1_84' title="bbox 1895 2247 3556 2319">
    <p class='ocr_par' dir='ltr' id='par_1_84' title="bbox 1895 2247 3556 2319">
     <span class='ocr_line' id='line_1_84' title="bbox 1895 2247 3556 2319; baseline 0.001 -15"><span class='ocrx_word' id='word_1_595' title='bbox 1895 2263 2093 2305; x_wconf 91' lang='lat' dir='ltr'><strong>rorem</strong></span> <span class='ocrx_word' id='word_1_596' title='bbox 2143 2247 2642 2319; x_wconf 89' lang='lat' dir='ltr'><strong>complectuntur,</strong></span> <span class='ocrx_word' id='word_1_597' title='bbox 2682 2251 3092 2319; x_wconf 86' lang='lat' dir='ltr'><strong>prognosticos</strong></span> <span class='ocrx_word' id='word_1_598' title='bbox 3132 2257 3188 2307; x_wconf 91' lang='lat' dir='ltr'><strong>et</strong></span> <span class='ocrx_word' id='word_1_599' title='bbox 3230 2249 3450 2307; x_wconf 89' lang='lat' dir='ltr'><strong>ariolos</strong></span> <span class='ocrx_word' id='word_1_600' title='bbox 3493 2265 3556 2306; x_wconf 91' lang='lat' dir='ltr'><strong>se</strong></span> 
     </span>
    </p>
   </div>
   <div class='ocr_carea' id='block_1_85' title="bbox 1898 2336 3553 2411">
    <p class='ocr_par' dir='ltr' id='par_1_85' title="bbox 1898 2336 3553 2411">
     <span class='ocr_line' id='line_1_85' title="bbox 1898 2336 3553 2411; baseline 0.001 -18"><span class='ocrx_word' id='word_1_601' title='bbox 1898 2338 2301 2394; x_wconf 88' lang='lat' dir='ltr'><strong>nominantes.</strong></span> <span class='ocrx_word' id='word_1_602' title='bbox 2327 2338 2608 2394; x_wconf 92' lang='lat' dir='ltr'><strong>Sanctum</strong></span> <span class='ocrx_word' id='word_1_603' title='bbox 2631 2336 3002 2409; x_wconf 81' lang='lat' dir='ltr'><strong>Apostolum,</strong></span> <span class='ocrx_word' id='word_1_604' title='bbox 3033 2342 3284 2411; x_wconf 91' lang='lat' dir='ltr'><strong>ejusque</strong></span> <span class='ocrx_word' id='word_1_605' title='bbox 3313 2339 3553 2411; x_wconf 90' lang='lat' dir='ltr'><strong>scripta,</strong></span> 
     </span>
    </p>
   </div>
   <div class='ocr_carea' id='block_1_86' title="bbox 1895 2426 3555 2499">
    <p class='ocr_par' dir='ltr' id='par_1_86' title="bbox 1895 2426 3555 2499">
     <span class='ocr_line' id='line_1_86' title="bbox 1895 2426 3555 2499; baseline 0 -16"><span class='ocrx_word' id='word_1_606' title='bbox 1895 2427 2190 2483; x_wconf 90' lang='lat' dir='ltr'><strong>inducunt</strong></span> <span class='ocrx_word' id='word_1_607' title='bbox 2231 2443 2474 2499; x_wconf 89' lang='lat' dir='ltr'><strong>prorsus</strong></span> <span class='ocrx_word' id='word_1_608' title='bbox 2505 2432 2562 2482; x_wconf 91' lang='lat' dir='ltr'><strong>et</strong></span> <span class='ocrx_word' id='word_1_609' title='bbox 2607 2426 2868 2483; x_wconf 89' lang='lat' dir='ltr'><strong>abolent.</strong></span> <span class='ocrx_word' id='word_1_610' title='bbox 2915 2426 3153 2482; x_wconf 87' lang='lat' dir='ltr'><strong>Librum</strong></span> <span class='ocrx_word' id='word_1_611' title='bbox 3199 2427 3555 2499; x_wconf 89' lang='lat' dir='ltr'><strong>quemdam-</strong></span> 
     </span>
    </p>
   </div>
   <div class='ocr_carea' id='block_1_87' title="bbox 1897 2516 3556 2590">
    <p class='ocr_par' dir='ltr' id='par_1_87' title="bbox 1897 2516 3556 2590">
     <span class='ocr_line' id='line_1_87' title="bbox 1897 2516 3556 2590; baseline 0 -18"><span class='ocrx_word' id='word_1_612' title='bbox 1897 2532 2077 2589; x_wconf 91' lang='lat' dir='ltr'><strong>quem</strong></span> <span class='ocrx_word' id='word_1_613' title='bbox 2130 2516 2245 2590; x_wconf 92' lang='lat' dir='ltr'><strong>ipsi</strong></span> <span class='ocrx_word' id='word_1_614' title='bbox 2293 2531 2705 2588; x_wconf 90' lang='lat' dir='ltr'><strong>composuere,</strong></span> <span class='ocrx_word' id='word_1_615' title='bbox 2751 2517 2825 2572; x_wconf 92' lang='lat' dir='ltr'><strong>de</strong></span> <span class='ocrx_word' id='word_1_616' title='bbox 2875 2516 3028 2572; x_wconf 71' lang='lat' dir='ltr'><strong>coelo</strong></span> <span class='ocrx_word' id='word_1_617' title='bbox 3067 2517 3383 2588; x_wconf 91' lang='lat' dir='ltr'><strong>edlapsum</strong></span> <span class='ocrx_word' id='word_1_618' title='bbox 3423 2531 3556 2572; x_wconf 90' lang='lat' dir='ltr'><strong>esse</strong></span> 
     </span>
    </p>
   </div>
   <div class='ocr_carea' id='block_1_88' title="bbox 1896 2605 3560 2678">
    <p class='ocr_par' dir='ltr' id='par_1_88' title="bbox 1896 2605 3560 2678">
     <span class='ocr_line' id='line_1_88' title="bbox 1896 2605 3560 2678; baseline -0.001 -17"><span class='ocrx_word' id='word_1_619' title='bbox 1896 2606 2236 2678; x_wconf 79' lang='lat' dir='ltr'><strong>prodigiose</strong></span> <span class='ocrx_word' id='word_1_620' title='bbox 2259 2605 2533 2676; x_wconf 91' lang='lat' dir='ltr'><strong>jactitant</strong></span> <span class='ocrx_word' id='word_1_621' title='bbox 2558 2605 2840 2677; x_wconf 77' lang='lat' dir='ltr'><strong>(2).Quod</strong></span> <span class='ocrx_word' id='word_1_622' title='bbox 2872 2606 2920 2660; x_wconf 88' lang='lat' dir='ltr'><strong>si</strong></span> <span class='ocrx_word' id='word_1_623' title='bbox 2950 2605 3085 2677; x_wconf 90' lang='lat' dir='ltr'><strong>quis</strong></span> <span class='ocrx_word' id='word_1_624' title='bbox 3117 2605 3560 2674; x_wconf 85' lang='lat' dir='ltr'><strong>dignusinven—</strong></span> 
     </span>
    </p>
   </div>
   <div class='ocr_carea' id='block_1_89' title="bbox 1895 2693 3559 2768">
    <p class='ocr_par' dir='ltr' id='par_1_89' title="bbox 1895 2693 3559 2768">
     <span class='ocr_line' id='line_1_89' title="bbox 1895 2693 3559 2768; baseline -0.001 -16"><span class='ocrx_word' id='word_1_625' title='bbox 1895 2699 1990 2752; x_wconf 89' lang='lat' dir='ltr'><strong>tus</strong></span> <span class='ocrx_word' id='word_1_626' title='bbox 2021 2694 2097 2750; x_wconf 91' lang='lat' dir='ltr'><strong>sit</strong></span> <span class='ocrx_word' id='word_1_627' title='bbox 2127 2698 2188 2750; x_wconf 91' lang='lat' dir='ltr'><strong>ut</strong></span> <span class='ocrx_word' id='word_1_628' title='bbox 2236 2711 2374 2750; x_wconf 90' lang='lat' dir='ltr'><strong>eum</strong></span> <span class='ocrx_word' id='word_1_629' title='bbox 2409 2695 2635 2762; x_wconf 87' lang='lat' dir='ltr'><strong>audiat,</strong></span> <span class='ocrx_word' id='word_1_630' title='bbox 2678 2711 2818 2750; x_wconf 91' lang='lat' dir='ltr'><strong>eum</strong></span> <span class='ocrx_word' id='word_1_631' title='bbox 2863 2694 3044 2750; x_wconf 90' lang='lat' dir='ltr'><strong>aliam</strong></span> <span class='ocrx_word' id='word_1_632' title='bbox 3077 2711 3259 2768; x_wconf 89' lang='lat' dir='ltr'><strong>quam</strong></span> <span class='ocrx_word' id='word_1_633' title='bbox 3294 2693 3559 2750; x_wconf 86' lang='lat' dir='ltr'><strong>Christus</strong></span> 
     </span>
    </p>
   </div>
   <div class='ocr_carea' id='block_1_90' title="bbox 1895 2783 3567 2856">
    <p class='ocr_par' dir='ltr' id='par_1_90' title="bbox 1895 2783 3567 2856">
     <span class='ocr_line' id='line_1_90' title="bbox 1895 2783 3567 2856; baseline -0.001 -16"><span class='ocrx_word' id='word_1_634' title='bbox 1895 2783 2144 2848; x_wconf 89' lang='lat' dir='ltr'><strong>dederit,</strong></span> <span class='ocrx_word' id='word_1_635' title='bbox 2169 2787 2555 2855; x_wconf 87' lang='lat' dir='ltr'><strong>peccatorum</strong></span> <span class='ocrx_word' id='word_1_636' title='bbox 2579 2783 2867 2856; x_wconf 85' lang='lat' dir='ltr'><strong>consequi</strong></span> <span class='ocrx_word' id='word_1_637' title='bbox 2898 2783 3567 2840; x_wconf 84' lang='lat' dir='ltr'><strong>remissionem.Adver-</strong></span> 
     </span>
    </p>
   </div>
   <div class='ocr_carea' id='block_1_91' title="bbox 1897 2872 3556 2944">
    <p class='ocr_par' dir='ltr' id='par_1_91' title="bbox 1897 2872 3556 2944">
     <span class='ocr_line' id='line_1_91' title="bbox 1897 2872 3556 2944; baseline 0.001 -17"><span class='ocrx_word' id='word_1_638' title='bbox 1897 2890 2000 2929; x_wconf 91' lang='lat' dir='ltr'><strong>sus</strong></span> <span class='ocrx_word' id='word_1_639' title='bbox 2021 2874 2178 2930; x_wconf 89' lang='lat' dir='ltr'><strong>hanc</strong></span> <span class='ocrx_word' id='word_1_640' title='bbox 2199 2879 2254 2928; x_wconf 90' lang='lat' dir='ltr'><strong>et</strong></span> <span class='ocrx_word' id='word_1_641' title='bbox 2282 2872 2619 2929; x_wconf 81' lang='lat' dir='ltr'><strong>Alcibiades</strong></span> <span class='ocrx_word' id='word_1_642' title='bbox 2648 2873 2994 2944; x_wconf 89' lang='lat' dir='ltr'><strong>Apamenus</strong></span> <span class='ocrx_word' id='word_1_643' title='bbox 3024 2875 3206 2944; x_wconf 86' lang='lat' dir='ltr'><strong>Syrus</strong></span> <span class='ocrx_word' id='word_1_644' title='bbox 3229 2872 3556 2944; x_wconf 84' lang='lat' dir='ltr'><strong>plurimum</strong></span> 
     </span>
    </p>
   </div>
   <div class='ocr_carea' id='block_1_92' title="bbox 1896 2962 3558 3036">
    <p class='ocr_par' dir='ltr' id='par_1_92' title="bbox 1896 2962 3558 3036">
     <span class='ocr_line' id='line_1_92' title="bbox 1896 2962 3558 3036; baseline -0.001 -18"><span class='ocrx_word' id='word_1_645' title='bbox 1896 2962 2300 3036; x_wconf 86' lang='lat' dir='ltr'><strong>depugnavit!</strong></span> <span class='ocrx_word' id='word_1_646' title='bbox 2333 2963 2616 3032; x_wconf 85' lang='lat' dir='ltr'><strong>Origenes</strong></span> <span class='ocrx_word' id='word_1_647' title='bbox 2640 2977 2783 3018; x_wconf 91' lang='lat' dir='ltr'><strong>vero</strong></span> <span class='ocrx_word' id='word_1_648' title='bbox 2814 2978 2882 3018; x_wconf 91' lang='lat' dir='ltr'><strong>ea</strong></span> <span class='ocrx_word' id='word_1_649' title='bbox 2908 2962 3318 3018; x_wconf 86' lang='lat' dir='ltr'><strong>convincenda</strong></span> <span class='ocrx_word' id='word_1_650' title='bbox 3331 2963 3558 3032; x_wconf 88' lang='lat' dir='ltr'><strong>primas</strong></span> 
     </span>
    </p>
   </div>
   <div class='ocr_carea' id='block_1_93' title="bbox 1897 3049 3559 3125">
    <p class='ocr_par' dir='ltr' id='par_1_93' title="bbox 1897 3049 3559 3125">
     <span class='ocr_line' id='line_1_93' title="bbox 1897 3049 3559 3125; baseline -0.001 -17"><span class='ocrx_word' id='word_1_651' title='bbox 1897 3051 2044 3108; x_wconf 87' lang='lat' dir='ltr'><strong>tulit.</strong></span> <span class='ocrx_word' id='word_1_652' title='bbox 2080 3052 2220 3125; x_wconf 90' lang='lat' dir='ltr'><strong>Ejus</strong></span> <span class='ocrx_word' id='word_1_653' title='bbox 2246 3051 2515 3118; x_wconf 65' lang='lat' dir='ltr'><strong>hmresis,</strong></span> <span class='ocrx_word' id='word_1_654' title='bbox 2549 3051 2627 3106; x_wconf 90' lang='lat' dir='ltr'><strong>ad</strong></span> <span class='ocrx_word' id='word_1_655' title='bbox 2649 3051 2944 3124; x_wconf 89' lang='lat' dir='ltr'><strong>populum</strong></span> <span class='ocrx_word' id='word_1_656' title='bbox 2973 3067 3081 3123; x_wconf 89' lang='lat' dir='ltr'><strong>pro</strong></span> <span class='ocrx_word' id='word_1_657' title='bbox 3114 3049 3402 3107; x_wconf 92' lang='lat' dir='ltr'><strong>concione</strong></span> <span class='ocrx_word' id='word_1_658' title='bbox 3433 3066 3559 3107; x_wconf 89' lang='lat' dir='ltr'><strong>ver-</strong></span> 
     </span>
    </p>
   </div>
   <div class='ocr_carea' id='block_1_94' title="bbox 1900 3139 3568 3211">
    <p class='ocr_par' dir='ltr' id='par_1_94' title="bbox 1900 3139 3568 3211">
     <span class='ocr_line' id='line_1_94' title="bbox 1900 3139 3568 3211; baseline -0.001 -14"><span class='ocrx_word' id='word_1_659' title='bbox 1900 3140 1979 3197; x_wconf 92' lang='lat' dir='ltr'><strong>ba</strong></span> <span class='ocrx_word' id='word_1_660' title='bbox 2016 3139 2265 3206; x_wconf 83' lang='lat' dir='ltr'><strong>faciens,</strong></span> <span class='ocrx_word' id='word_1_661' title='bbox 2293 3141 2352 3196; x_wconf 91' lang='lat' dir='ltr'><strong>in</strong></span> <span class='ocrx_word' id='word_1_662' title='bbox 2401 3141 2811 3211; x_wconf 88' lang='lat' dir='ltr'><strong>octuagesimo</strong></span> <span class='ocrx_word' id='word_1_663' title='bbox 2843 3141 3107 3196; x_wconf 89' lang='lat' dir='ltr'><strong>secundo</strong></span> <span class='ocrx_word' id='word_1_664' title='bbox 3129 3141 3367 3197; x_wconf 88' lang='lat' dir='ltr'><strong>Psalmo</strong></span> <span class='ocrx_word' id='word_1_665' title='bbox 3404 3140 3568 3196; x_wconf 91' lang='lat' dir='ltr'><strong>hisce</strong></span> 
     </span>
    </p>
   </div>
   <div class='ocr_carea' id='block_1_95' title="bbox 1899 3229 3570 3302">
    <p class='ocr_par' dir='ltr' id='par_1_95' title="bbox 1899 3229 3570 3302">
     <span class='ocr_line' id='line_1_95' title="bbox 1899 3229 3570 3302; baseline -0.001 -17"><span class='ocrx_word' id='word_1_666' title='bbox 1899 3229 2100 3285; x_wconf 83' lang='lat' dir='ltr'><strong>verbis</strong></span> <span class='ocrx_word' id='word_1_667' title='bbox 2124 3229 2394 3285; x_wconf 90' lang='lat' dir='ltr'><strong>meminit</strong></span> <span class='ocrx_word' id='word_1_668' title='bbox 2418 3245 2429 3284; x_wconf 89' lang='lat'><strong>:</strong></span> <span class='ocrx_word' id='word_1_669' title='bbox 2453 3248 2482 3280; x_wconf 87' lang='lat'><strong>«</strong></span> <span class='ocrx_word' id='word_1_670' title='bbox 2506 3230 2756 3285; x_wconf 83' lang='lat' dir='ltr'><strong>Advenit</strong></span> <span class='ocrx_word' id='word_1_671' title='bbox 2779 3230 3030 3302; x_wconf 91' lang='lat' dir='ltr'><strong>quidam</strong></span> <span class='ocrx_word' id='word_1_672' title='bbox 3057 3229 3170 3286; x_wconf 89' lang='lat' dir='ltr'><strong>hoc</strong></span> <span class='ocrx_word' id='word_1_673' title='bbox 3194 3235 3458 3302; x_wconf 90' lang='lat' dir='ltr'><strong>tempore</strong></span> <span class='ocrx_word' id='word_1_674' title='bbox 3480 3229 3570 3285; x_wconf 89' lang='lat' dir='ltr'><strong>vir</strong></span> 
     </span>
    </p>
   </div>
   <div class='ocr_carea' id='block_1_96' title="bbox 1899 3316 3570 3391">
    <p class='ocr_par' dir='ltr' id='par_1_96' title="bbox 1899 3316 3570 3391">
     <span class='ocr_line' id='line_1_96' title="bbox 1899 3316 3570 3391; baseline -0.001 -15"><span class='ocrx_word' id='word_1_675' title='bbox 1899 3334 2192 3389; x_wconf 90' lang='lat' dir='ltr'><strong>arrogans</strong></span> <span class='ocrx_word' id='word_1_676' title='bbox 2215 3325 2271 3375; x_wconf 91' lang='lat' dir='ltr'><strong>et</strong></span> <span class='ocrx_word' id='word_1_677' title='bbox 2302 3317 2622 3391; x_wconf 90' lang='lat' dir='ltr'><strong>elatus,qui</strong></span> <span class='ocrx_word' id='word_1_678' title='bbox 2652 3318 3009 3375; x_wconf 87' lang='lat' dir='ltr'><strong>sententiam</strong></span> <span class='ocrx_word' id='word_1_679' title='bbox 3026 3316 3390 3389; x_wconf 86' lang='lat' dir='ltr'><strong>ﬂagitiosam</strong></span> <span class='ocrx_word' id='word_1_680' title='bbox 3405 3333 3570 3390; x_wconf 89' lang='lat' dir='ltr'><strong>pror-</strong></span> 
     </span>
    </p>
   </div>
   <div class='ocr_carea' id='block_1_97' title="bbox 1901 3407 3566 3480">
    <p class='ocr_par' dir='ltr' id='par_1_97' title="bbox 1901 3407 3566 3480">
     <span class='ocr_line' id='line_1_97' title="bbox 1901 3407 3566 3480; baseline 0 -17"><span class='ocrx_word' id='word_1_681' title='bbox 1901 3425 2002 3463; x_wconf 89' lang='lat' dir='ltr'><strong>sus</strong></span> <span class='ocrx_word' id='word_1_682' title='bbox 2041 3412 2098 3464; x_wconf 90' lang='lat' dir='ltr'><strong>et</strong></span> <span class='ocrx_word' id='word_1_683' title='bbox 2149 3409 2417 3480; x_wconf 88' lang='lat' dir='ltr'><strong>impiam,</strong></span> <span class='ocrx_word' id='word_1_684' title='bbox 2465 3423 2604 3480; x_wconf 73' lang='lat' dir='ltr'><strong>quae</strong></span> <span class='ocrx_word' id='word_1_685' title='bbox 2645 3407 2863 3464; x_wconf 90' lang='lat' dir='ltr'><strong>dicitur</strong></span> <span class='ocrx_word' id='word_1_686' title='bbox 2910 3407 3394 3473; x_wconf 85' lang='lat' dir='ltr'><strong>Helcesaitarum,</strong></span> <span class='ocrx_word' id='word_1_687' title='bbox 3430 3423 3566 3479; x_wconf 90' lang='lat' dir='ltr'><strong>pro-</strong></span> 
     </span>
    </p>
   </div>
   <div class='ocr_carea' id='block_1_98' title="bbox 1902 3496 3568 3569">
    <p class='ocr_par' dir='ltr' id='par_1_98' title="bbox 1902 3496 3568 3569">
     <span class='ocr_line' id='line_1_98' title="bbox 1902 3496 3568 3569; baseline -0.001 -16"><span class='ocrx_word' id='word_1_688' title='bbox 1902 3497 2358 3569; x_wconf 85' lang='lat' dir='ltr'><strong>mulgat,nuper</strong></span> <span class='ocrx_word' id='word_1_689' title='bbox 2383 3497 2714 3552; x_wconf 88' lang='lat' dir='ltr'><strong>admodum</strong></span> <span class='ocrx_word' id='word_1_690' title='bbox 2744 3498 2804 3552; x_wconf 91' lang='lat' dir='ltr'><strong>in</strong></span> <span class='ocrx_word' id='word_1_691' title='bbox 2836 3496 3117 3553; x_wconf 89' lang='lat' dir='ltr'><strong>ecclesias</strong></span> <span class='ocrx_word' id='word_1_692' title='bbox 3137 3497 3468 3552; x_wconf 88' lang='lat' dir='ltr'><strong>inductam.</strong></span> <span class='ocrx_word' id='word_1_693' title='bbox 3487 3497 3568 3552; x_wconf 84' lang='lat' dir='ltr'><strong>Ea</strong></span> 
     </span>
    </p>
   </div>
   <div class='ocr_carea' id='block_1_99' title="bbox 1901 3584 3568 3660">
    <p class='ocr_par' dir='ltr' id='par_1_99' title="bbox 1901 3584 3568 3660">
     <span class='ocr_line' id='line_1_99' title="bbox 1901 3584 3568 3660; baseline -0.001 -18"><span class='ocrx_word' id='word_1_694' title='bbox 1901 3603 2037 3660; x_wconf 72' lang='lat' dir='ltr'><strong>quae</strong></span> <span class='ocrx_word' id='word_1_695' title='bbox 2065 3587 2396 3658; x_wconf 86' lang='lat' dir='ltr'><strong>perniciosa</strong></span> <span class='ocrx_word' id='word_1_696' title='bbox 2427 3585 2794 3658; x_wconf 84' lang='lat' dir='ltr'><strong>proﬁteatur,</strong></span> <span class='ocrx_word' id='word_1_697' title='bbox 2819 3585 3244 3657; x_wconf 86' lang='lat' dir='ltr'><strong>exponendum</strong></span> <span class='ocrx_word' id='word_1_698' title='bbox 3270 3584 3440 3641; x_wconf 88' lang='lat' dir='ltr'><strong>vobis</strong></span> <span class='ocrx_word' id='word_1_699' title='bbox 3454 3600 3568 3657; x_wconf 87' lang='lat' dir='ltr'><strong>pu-</strong></span> 
     </span>
    </p>
   </div>
   <div class='ocr_carea' id='block_1_100' title="bbox 1904 3674 3566 3748">
    <p class='ocr_par' dir='ltr' id='par_1_100' title="bbox 1904 3674 3566 3748">
     <span class='ocr_line' id='line_1_100' title="bbox 1904 3674 3566 3748; baseline -0.002 -17"><span class='ocrx_word' id='word_1_700' title='bbox 1904 3677 2046 3740; x_wconf 87' lang='lat' dir='ltr'><strong>tavi,</strong></span> <span class='ocrx_word' id='word_1_701' title='bbox 2075 3691 2149 3730; x_wconf 89' lang='lat' dir='ltr'><strong>ne</strong></span> <span class='ocrx_word' id='word_1_702' title='bbox 2175 3690 2330 3748; x_wconf 89' lang='lat' dir='ltr'><strong>quos</strong></span> <span class='ocrx_word' id='word_1_703' title='bbox 2353 3674 2430 3730; x_wconf 89' lang='lat' dir='ltr'><strong>ad</strong></span> <span class='ocrx_word' id='word_1_704' title='bbox 2453 3674 2736 3746; x_wconf 75' lang='lat' dir='ltr'><strong>quaedam</strong></span> <span class='ocrx_word' id='word_1_705' title='bbox 2767 3674 2904 3729; x_wconf 84' lang='lat' dir='ltr'><strong>fidei</strong></span> <span class='ocrx_word' id='word_1_706' title='bbox 2935 3680 3154 3730; x_wconf 74' lang='lat' dir='ltr'><strong>nostrae</strong></span> <span class='ocrx_word' id='word_1_707' title='bbox 3183 3674 3474 3742; x_wconf 89' lang='lat' dir='ltr'><strong>dogmata</strong></span> <span class='ocrx_word' id='word_1_708' title='bbox 3505 3687 3566 3728; x_wconf 88' lang='lat' dir='ltr'><strong>a-</strong></span> 
     </span>
    </p>
   </div>
   <div class='ocr_carea' id='block_1_101' title="bbox 1901 3761 3567 3836">
    <p class='ocr_par' dir='ltr' id='par_1_101' title="bbox 1901 3761 3567 3836">
     <span class='ocr_line' id='line_1_101' title="bbox 1901 3761 3567 3836; baseline -0.002 -16"><span class='ocrx_word' id='word_1_709' title='bbox 1901 3765 2218 3836; x_wconf 83' lang='lat' dir='ltr'><strong>broganda</strong></span> <span class='ocrx_word' id='word_1_710' title='bbox 2277 3769 2648 3818; x_wconf 90' lang='lat' dir='ltr'><strong>transversos</strong></span> <span class='ocrx_word' id='word_1_711' title='bbox 2704 3761 2981 3834; x_wconf 88' lang='lat' dir='ltr'><strong>abripiat.</strong></span> <span class='ocrx_word' id='word_1_712' title='bbox 3035 3763 3225 3818; x_wconf 87' lang='lat' dir='ltr'><strong>Utitur</strong></span> <span class='ocrx_word' id='word_1_713' title='bbox 3272 3763 3567 3817; x_wconf 63' lang='lat' dir='ltr'><strong>universae</strong></span> 
     </span>
    </p>
   </div>
   <div class='ocr_carea' id='block_1_102' title="bbox 1906 3850 3566 3921">
    <p class='ocr_par' dir='ltr' id='par_1_102' title="bbox 1906 3850 3566 3921">
     <span class='ocr_line' id='line_1_102' title="bbox 1906 3850 3566 3921; baseline -0.001 -13"><span class='ocrx_word' id='word_1_714' title='bbox 1906 3852 2222 3920; x_wconf 70' lang='lat' dir='ltr'><strong>Scripturae</strong></span> <span class='ocrx_word' id='word_1_715' title='bbox 2249 3851 2457 3907; x_wconf 86' lang='lat' dir='ltr'><strong>veteris</strong></span> <span class='ocrx_word' id='word_1_716' title='bbox 2486 3858 2541 3906; x_wconf 89' lang='lat' dir='ltr'><strong>et</strong></span> <span class='ocrx_word' id='word_1_717' title='bbox 2580 3850 2939 3921; x_wconf 73' lang='lat' dir='ltr'><strong>evangelicae</strong></span> <span class='ocrx_word' id='word_1_718' title='bbox 2965 3850 3450 3907; x_wconf 88' lang='lat' dir='ltr'><strong>auctoritatibus.</strong></span> <span class='ocrx_word' id='word_1_719' title='bbox 3493 3854 3566 3906; x_wconf 82' lang='lat' dir='ltr'><strong>A-</strong></span> 
     </span>
    </p>
   </div>
   <div class='ocr_carea' id='block_1_103' title="bbox 1902 3939 3567 4015">
    <p class='ocr_par' dir='ltr' id='par_1_103' title="bbox 1902 3939 3567 4015">
     <span class='ocr_line' id='line_1_103' title="bbox 1902 3939 3567 4015; baseline -0.002 -17"><span class='ocrx_word' id='word_1_720' title='bbox 1902 3940 2210 4015; x_wconf 91' lang='lat' dir='ltr'><strong>postolum</strong></span> <span class='ocrx_word' id='word_1_721' title='bbox 2239 3941 2298 3996; x_wconf 91' lang='lat' dir='ltr'><strong>in</strong></span> <span class='ocrx_word' id='word_1_722' title='bbox 2344 3940 2618 3996; x_wconf 89' lang='lat' dir='ltr'><strong>ordinem</strong></span> <span class='ocrx_word' id='word_1_723' title='bbox 2647 3940 2882 4010; x_wconf 86' lang='lat' dir='ltr'><strong>redigit,</strong></span> <span class='ocrx_word' id='word_1_724' title='bbox 2913 3945 3094 4012; x_wconf 89' lang='lat' dir='ltr'><strong>atque</strong></span> <span class='ocrx_word' id='word_1_725' title='bbox 3134 3939 3286 3995; x_wconf 92' lang='lat' dir='ltr'><strong>adeo</strong></span> <span class='ocrx_word' id='word_1_726' title='bbox 3316 3954 3567 4010; x_wconf 90' lang='lat' dir='ltr'><strong>prorsus</strong></span> 
     </span>
    </p>
   </div>
   <div class='ocr_carea' id='block_1_104' title="bbox 1905 4029 3563 4102">
    <p class='ocr_par' dir='ltr' id='par_1_104' title="bbox 1905 4029 3563 4102">
     <span class='ocr_line' id='line_1_104' title="bbox 1905 4029 3563 4102; baseline -0.002 -15"><span class='ocrx_word' id='word_1_727' title='bbox 1905 4031 2122 4087; x_wconf 89' lang='lat' dir='ltr'><strong>abolet.</strong></span> <span class='ocrx_word' id='word_1_728' title='bbox 2143 4032 2579 4102; x_wconf 89' lang='lat' dir='ltr'><strong>Docetquoque</strong></span> <span class='ocrx_word' id='word_1_729' title='bbox 2607 4029 2863 4086; x_wconf 89' lang='lat' dir='ltr'><strong>liberum</strong></span> <span class='ocrx_word' id='word_1_730' title='bbox 2896 4030 3383 4100; x_wconf 89' lang='lat' dir='ltr'><strong>permissumque</strong></span> <span class='ocrx_word' id='word_1_731' title='bbox 3409 4043 3563 4093; x_wconf 91' lang='lat' dir='ltr'><strong>esse,</strong></span> 
     </span>
    </p>
   </div>
   <div class='ocr_carea' id='block_1_105' title="bbox 1904 4116 3567 4191">
    <p class='ocr_par' dir='ltr' id='par_1_105' title="bbox 1904 4116 3567 4191">
     <span class='ocr_line' id='line_1_105' title="bbox 1904 4116 3567 4191; baseline -0.001 -16"><span class='ocrx_word' id='word_1_732' title='bbox 1904 4120 2088 4176; x_wconf 83' lang='lat' dir='ltr'><strong>ﬁdem</strong></span> <span class='ocrx_word' id='word_1_733' title='bbox 2110 4119 2411 4189; x_wconf 88' lang='lat' dir='ltr'><strong>abnegare</strong></span> <span class='ocrx_word' id='word_1_734' title='bbox 2430 4138 2442 4177; x_wconf 91' lang='lat'>:</span> <span class='ocrx_word' id='word_1_735' title='bbox 2460 4119 2626 4191; x_wconf 93' lang='lat' dir='ltr'><strong>quod</strong></span> <span class='ocrx_word' id='word_1_736' title='bbox 2643 4119 2746 4191; x_wconf 91' lang='lat' dir='ltr'><strong>qui</strong></span> <span class='ocrx_word' id='word_1_737' title='bbox 2771 4116 2947 4173; x_wconf 76' lang='lat' dir='ltr'><strong>fidem</strong></span> <span class='ocrx_word' id='word_1_738' title='bbox 2975 4117 3250 4173; x_wconf 88' lang='lat' dir='ltr'><strong>stabilem</strong></span> <span class='ocrx_word' id='word_1_739' title='bbox 3273 4117 3333 4171; x_wconf 93' lang='lat' dir='ltr'><strong>in</strong></span> <span class='ocrx_word' id='word_1_740' title='bbox 3361 4116 3567 4174; x_wconf 90' lang='lat' dir='ltr'><strong>animo</strong></span> 
     </span>
    </p>
   </div>
   <div class='ocr_carea' id='block_1_106' title="bbox 1906 4206 3573 4282">
    <p class='ocr_par' dir='ltr' id='par_1_106' title="bbox 1906 4206 3573 4282">
     <span class='ocr_line' id='line_1_106' title="bbox 1906 4206 3573 4282; baseline -0.002 -16"><span class='ocrx_word' id='word_1_741' title='bbox 1906 4213 2259 4282; x_wconf 88' lang='lat' dir='ltr'><strong>conceptam</strong></span> <span class='ocrx_word' id='word_1_742' title='bbox 2288 4208 2528 4273; x_wconf 88' lang='lat' dir='ltr'><strong>habeat,</strong></span> <span class='ocrx_word' id='word_1_743' title='bbox 2553 4223 2654 4264; x_wconf 91' lang='lat' dir='ltr'><strong>ore</strong></span> <span class='ocrx_word' id='word_1_744' title='bbox 2695 4207 2941 4280; x_wconf 90' lang='lat' dir='ltr'><strong>quidem</strong></span> <span class='ocrx_word' id='word_1_745' title='bbox 2982 4207 3342 4263; x_wconf 88' lang='lat' dir='ltr'><strong>necessitate</strong></span> <span class='ocrx_word' id='word_1_746' title='bbox 3381 4206 3573 4263; x_wconf 89' lang='lat' dir='ltr'><strong>addu-</strong></span> 
     </span>
    </p>
   </div>
   <div class='ocr_carea' id='block_1_107' title="bbox 1908 4295 3568 4370">
    <p class='ocr_par' dir='ltr' id='par_1_107' title="bbox 1908 4295 3568 4370">
     <span class='ocr_line' id='line_1_107' title="bbox 1908 4295 3568 4370; baseline -0.002 -15"><span class='ocrx_word' id='word_1_747' title='bbox 1908 4305 2035 4355; x_wconf 86' lang='lat' dir='ltr'><strong>ctus</strong></span> <span class='ocrx_word' id='word_1_748' title='bbox 2097 4298 2353 4370; x_wconf 89' lang='lat' dir='ltr'><strong>abjuret,</strong></span> <span class='ocrx_word' id='word_1_749' title='bbox 2385 4297 2565 4353; x_wconf 90' lang='lat' dir='ltr'><strong>corde</strong></span> <span class='ocrx_word' id='word_1_750' title='bbox 2610 4313 2752 4353; x_wconf 90' lang='lat' dir='ltr'><strong>vero</strong></span> <span class='ocrx_word' id='word_1_751' title='bbox 2806 4297 3074 4353; x_wconf 89' lang='lat' dir='ltr'><strong>minime.</strong></span> <span class='ocrx_word' id='word_1_752' title='bbox 3107 4298 3171 4352; x_wconf 85' lang='lat' dir='ltr'><strong>Et</strong></span> <span class='ocrx_word' id='word_1_753' title='bbox 3199 4295 3421 4352; x_wconf 91' lang='lat' dir='ltr'><strong>librum</strong></span> <span class='ocrx_word' id='word_1_754' title='bbox 3454 4297 3568 4352; x_wconf 88' lang='lat' dir='ltr'><strong>cir-</strong></span> 
     </span>
    </p>
   </div>
   <div class='ocr_carea' id='block_1_108' title="bbox 1908 4385 3573 4460">
    <p class='ocr_par' dir='ltr' id='par_1_108' title="bbox 1908 4385 3573 4460">
     <span class='ocr_line' id='line_1_108' title="bbox 1908 4385 3573 4460; baseline -0.002 -16"><span class='ocrx_word' id='word_1_755' title='bbox 1908 4386 2265 4450; x_wconf 84' lang='lat' dir='ltr'><strong>cumferunt.</strong></span> <span class='ocrx_word' id='word_1_756' title='bbox 2294 4403 2476 4460; x_wconf 92' lang='lat' dir='ltr'><strong>quem</strong></span> <span class='ocrx_word' id='word_1_757' title='bbox 2499 4403 2530 4442; x_wconf 92' lang='lat' dir='ltr'><strong>e</strong></span> <span class='ocrx_word' id='word_1_758' title='bbox 2570 4386 2722 4443; x_wconf 68' lang='lat' dir='ltr'><strong>caelo</strong></span> <span class='ocrx_word' id='word_1_759' title='bbox 2743 4385 3043 4442; x_wconf 90' lang='lat' dir='ltr'><strong>decidisse</strong></span> <span class='ocrx_word' id='word_1_760' title='bbox 3081 4385 3249 4443; x_wconf 90' lang='lat' dir='ltr'><strong>aiunt</strong></span> <span class='ocrx_word' id='word_1_761' title='bbox 3283 4403 3296 4441; x_wconf 89' lang='lat'><strong>:</strong></span> <span class='ocrx_word' id='word_1_762' title='bbox 3327 4385 3573 4442; x_wconf 90' lang='lat' dir='ltr'><strong>audien-</strong></span> 
     </span>
    </p>
   </div>
   <div class='ocr_carea' id='block_1_109' title="bbox 1908 4475 3569 4550">
    <p class='ocr_par' dir='ltr' id='par_1_109' title="bbox 1908 4475 3569 4550">
     <span class='ocr_line' id='line_1_109' title="bbox 1908 4475 3569 4550; baseline -0.003 -16"><span class='ocrx_word' id='word_1_763' title='bbox 1908 4482 2148 4550; x_wconf 89' lang='lat' dir='ltr'><strong>temque</strong></span> <span class='ocrx_word' id='word_1_764' title='bbox 2189 4481 2246 4534; x_wconf 92' lang='lat' dir='ltr'><strong>et</strong></span> <span class='ocrx_word' id='word_1_765' title='bbox 2289 4476 2630 4532; x_wconf 91' lang='lat' dir='ltr'><strong>credentem</strong></span> <span class='ocrx_word' id='word_1_766' title='bbox 2677 4476 2748 4541; x_wconf 90' lang='lat' dir='ltr'><strong>ei,</strong></span> <span class='ocrx_word' id='word_1_767' title='bbox 2787 4491 3084 4532; x_wconf 83' lang='lat' dir='ltr'><strong>noxarum</strong></span> <span class='ocrx_word' id='word_1_768' title='bbox 3124 4475 3569 4540; x_wconf 89' lang='lat' dir='ltr'><strong>remissionem,</strong></span> 
     </span>
    </p>
   </div>
   <div class='ocr_carea' id='block_1_110' title="bbox 1909 4563 3572 4639">
    <p class='ocr_par' dir='ltr' id='par_1_110' title="bbox 1909 4563 3572 4639">
     <span class='ocr_line' id='line_1_110' title="bbox 1909 4563 3572 4639; baseline -0.002 -16"><span class='ocrx_word' id='word_1_769' title='bbox 1909 4567 2086 4623; x_wconf 91' lang='lat' dir='ltr'><strong>aliam</strong></span> <span class='ocrx_word' id='word_1_770' title='bbox 2112 4566 2190 4622; x_wconf 90' lang='lat' dir='ltr'><strong>ab</strong></span> <span class='ocrx_word' id='word_1_771' title='bbox 2225 4582 2296 4622; x_wconf 88' lang='lat' dir='ltr'><strong>ea</strong></span> <span class='ocrx_word' id='word_1_772' title='bbox 2325 4581 2514 4639; x_wconf 91' lang='lat' dir='ltr'><strong>quam</strong></span> <span class='ocrx_word' id='word_1_773' title='bbox 2553 4565 2815 4621; x_wconf 89' lang='lat' dir='ltr'><strong>Christus</strong></span> <span class='ocrx_word' id='word_1_774' title='bbox 2845 4565 3015 4620; x_wconf 86' lang='lat' dir='ltr'><strong>Jesus</strong></span> <span class='ocrx_word' id='word_1_775' title='bbox 3051 4564 3385 4630; x_wconf 87' lang='lat' dir='ltr'><strong>instituerit,</strong></span> <span class='ocrx_word' id='word_1_776' title='bbox 3420 4563 3572 4620; x_wconf 88' lang='lat' dir='ltr'><strong>acci-</strong></span> 
     </span>
    </p>
   </div>
   <div class='ocr_carea' id='block_1_111' title="bbox 1907 4654 3572 4729">
    <p class='ocr_par' dir='ltr' id='par_1_111' title="bbox 1907 4654 3572 4729">
     <span class='ocr_line' id='line_1_111' title="bbox 1907 4654 3572 4729; baseline -0.002 -16"><span class='ocrx_word' id='word_1_777' title='bbox 1907 4673 2048 4729; x_wconf 90' lang='lat' dir='ltr'><strong>pere</strong></span> <span class='ocrx_word' id='word_1_778' title='bbox 2078 4657 2404 4714; x_wconf 86' lang='lat' dir='ltr'><strong>afﬁrmant.</strong></span> <span class='ocrx_word' id='word_1_779' title='bbox 2446 4658 2578 4711; x_wconf 57' lang='lat' dir='ltr'><strong>Haec</strong></span> <span class='ocrx_word' id='word_1_780' title='bbox 2608 4654 2917 4711; x_wconf 88' lang='lat' dir='ltr'><strong>hactenus.</strong></span> <span class='ocrx_word' id='word_1_781' title='bbox 2951 4655 3266 4709; x_wconf 80' lang='lat' dir='ltr'><strong>Innumero</strong></span> <span class='ocrx_word' id='word_1_782' title='bbox 3284 4659 3572 4726; x_wconf 78' lang='lat' dir='ltr'><strong>praeterea</strong></span> 
     </span>
    </p>
   </div>
   <div class='ocr_carea' id='block_1_112' title="bbox 1908 4744 3571 4815">
    <p class='ocr_par' dir='ltr' id='par_1_112' title="bbox 1908 4744 3571 4815">
     <span class='ocr_line' id='line_1_112' title="bbox 1908 4744 3571 4815; baseline -0.002 -14"><span class='ocrx_word' id='word_1_783' title='bbox 1908 4746 2027 4802; x_wconf 87' lang='lat' dir='ltr'><strong>alia</strong></span> <span class='ocrx_word' id='word_1_784' title='bbox 2057 4745 2352 4802; x_wconf 90' lang='lat' dir='ltr'><strong>memoria</strong></span> <span class='ocrx_word' id='word_1_785' title='bbox 2381 4745 2565 4815; x_wconf 89' lang='lat' dir='ltr'><strong>digna</strong></span> <span class='ocrx_word' id='word_1_786' title='bbox 2604 4744 2679 4800; x_wconf 91' lang='lat' dir='ltr'><strong>de</strong></span> <span class='ocrx_word' id='word_1_787' title='bbox 2707 4744 2956 4814; x_wconf 90' lang='lat' dir='ltr'><strong>Origene</strong></span> <span class='ocrx_word' id='word_1_788' title='bbox 2997 4747 3571 4809; x_wconf 88' lang='lat' dir='ltr'><strong>commemorantur,</strong></span> 
     </span>
    </p>
   </div>
   <div class='ocr_carea' id='block_1_113' title="bbox 1908 4831 3570 4908">
    <p class='ocr_par' dir='ltr' id='par_1_113' title="bbox 1908 4831 3570 4908">
     <span class='ocr_line' id='line_1_113' title="bbox 1908 4831 3570 4908; baseline -0.004 -17"><span class='ocrx_word' id='word_1_789' title='bbox 1908 4851 2044 4908; x_wconf 66' lang='lat' dir='ltr'><strong>quin</strong></span> <span class='ocrx_word' id='word_1_790' title='bbox 2075 4835 2321 4907; x_wconf 91' lang='lat' dir='ltr'><strong>perinde</strong></span> <span class='ocrx_word' id='word_1_791' title='bbox 2355 4840 2536 4906; x_wconf 88' lang='lat' dir='ltr'><strong>atque</strong></span> <span class='ocrx_word' id='word_1_792' title='bbox 2592 4849 2715 4890; x_wconf 93' lang='lat' dir='ltr'><strong>non</strong></span> <span class='ocrx_word' id='word_1_793' title='bbox 2767 4836 2964 4888; x_wconf 88' lang='lat' dir='ltr'><strong>essent</strong></span> <span class='ocrx_word' id='word_1_794' title='bbox 3000 4831 3312 4904; x_wconf 67' lang='lat' dir='ltr'><strong>praesentis</strong></span> <span class='ocrx_word' id='word_1_795' title='bbox 3349 4831 3570 4902; x_wconf 87' lang='lat' dir='ltr'><strong>operis,</strong></span> 
     </span>
    </p>
   </div>
   <div class='ocr_carea' id='block_1_114' title="bbox 1910 4921 3571 4993">
    <p class='ocr_par' dir='ltr' id='par_1_114' title="bbox 1910 4921 3571 4993">
     <span class='ocr_line' id='line_1_114' title="bbox 1910 4921 3571 4993; baseline -0.003 -12"><span class='ocrx_word' id='word_1_796' title='bbox 1910 4923 2215 4981; x_wconf 82' lang='lat' dir='ltr'><strong>brevitatis</strong></span> <span class='ocrx_word' id='word_1_797' title='bbox 2245 4924 2424 4979; x_wconf 86' lang='lat' dir='ltr'><strong>etiam</strong></span> <span class='ocrx_word' id='word_1_798' title='bbox 2457 4939 2641 4980; x_wconf 88' lang='lat' dir='ltr'><strong>causa</strong></span> <span class='ocrx_word' id='word_1_799' title='bbox 2663 4921 3107 4993; x_wconf 59' lang='lat' dir='ltr'><strong>praetermittere</strong></span> <span class='ocrx_word' id='word_1_800' title='bbox 3139 4927 3225 4977; x_wconf 88' lang='lat' dir='ltr'><strong>est</strong></span> <span class='ocrx_word' id='word_1_801' title='bbox 3244 4921 3456 4976; x_wconf 87' lang='lat' dir='ltr'><strong>visum.</strong></span> <span class='ocrx_word' id='word_1_802' title='bbox 3487 4923 3571 4976; x_wconf 78' lang='lat' dir='ltr'><strong>Ac</strong></span> 
     </span>
    </p>
   </div>
   <div class='ocr_carea' id='block_1_115' title="bbox 1909 5010 3570 5088">
    <p class='ocr_par' dir='ltr' id='par_1_115' title="bbox 1909 5010 3570 5088">
     <span class='ocr_line' id='line_1_115' title="bbox 1909 5010 3570 5088; baseline -0.004 -18"><span class='ocrx_word' id='word_1_803' title='bbox 1909 5029 2045 5088; x_wconf 75' lang='lat' dir='ltr'><strong>quea</strong></span> <span class='ocrx_word' id='word_1_804' title='bbox 2077 5013 2420 5071; x_wconf 86' lang='lat' dir='ltr'><strong>necessaria</strong></span> <span class='ocrx_word' id='word_1_805' title='bbox 2457 5028 2585 5068; x_wconf 91' lang='lat' dir='ltr'><strong>esse</strong></span> <span class='ocrx_word' id='word_1_806' title='bbox 2609 5016 2673 5068; x_wconf 91' lang='lat' dir='ltr'><strong>ut</strong></span> <span class='ocrx_word' id='word_1_807' title='bbox 2701 5011 2839 5067; x_wconf 93' lang='lat' dir='ltr'><strong>huic</strong></span> <span class='ocrx_word' id='word_1_808' title='bbox 2879 5010 3141 5066; x_wconf 63' lang='lat' dir='ltr'><strong>historiae</strong></span> <span class='ocrx_word' id='word_1_809' title='bbox 3172 5010 3570 5064; x_wconf 91' lang='lat' dir='ltr'><strong>insererentur</strong></span> 
     </span>
    </p>
   </div>
   <div class='ocr_carea' id='block_1_116' title="bbox 1911 5097 3572 5176">
    <p class='ocr_par' dir='ltr' id='par_1_116' title="bbox 1911 5097 3572 5176">
     <span class='ocr_line' id='line_1_116' title="bbox 1911 5097 3572 5176; baseline -0.002 -18"><span class='ocrx_word' id='word_1_810' title='bbox 1911 5103 2136 5176; x_wconf 88' lang='lat' dir='ltr'><strong>putavi,</strong></span> <span class='ocrx_word' id='word_1_811' title='bbox 2170 5107 2325 5159; x_wconf 87' lang='lat' dir='ltr'><strong>recte</strong></span> <span class='ocrx_word' id='word_1_812' title='bbox 2352 5101 2612 5175; x_wconf 92' lang='lat' dir='ltr'><strong>(opinor)</strong></span> <span class='ocrx_word' id='word_1_813' title='bbox 2640 5105 2698 5156; x_wconf 87' lang='lat' dir='ltr'><strong>et</strong></span> <span class='ocrx_word' id='word_1_814' title='bbox 2734 5099 2942 5155; x_wconf 92' lang='lat' dir='ltr'><strong>ordine</strong></span> <span class='ocrx_word' id='word_1_815' title='bbox 2973 5097 3184 5168; x_wconf 93' lang='lat' dir='ltr'><strong>collegi</strong></span> <span class='ocrx_word' id='word_1_816' title='bbox 3224 5102 3402 5169; x_wconf 90' lang='lat' dir='ltr'><strong>atque</strong></span> <span class='ocrx_word' id='word_1_817' title='bbox 3433 5112 3572 5154; x_wconf 92' lang='lat' dir='ltr'><strong>con-</strong></span> 
     </span>
    </p>
   </div>
   <div class='ocr_carea' id='block_1_117' title="bbox 1912 5186 3575 5264">
    <p class='ocr_par' dir='ltr' id='par_1_117' title="bbox 1912 5186 3575 5264">
     <span class='ocr_line' id='line_1_117' title="bbox 1912 5186 3575 5264; baseline -0.004 -15"><span class='ocrx_word' id='word_1_818' title='bbox 1912 5192 2088 5249; x_wconf 81' lang='lat' dir='ltr'><strong>texui.</strong></span> <span class='ocrx_word' id='word_1_819' title='bbox 2115 5194 2395 5264; x_wconf 88' lang='lat' dir='ltr'><strong>Superest</strong></span> <span class='ocrx_word' id='word_1_820' title='bbox 2433 5206 2619 5246; x_wconf 91' lang='lat' dir='ltr'><strong>unum</strong></span> <span class='ocrx_word' id='word_1_821' title='bbox 2656 5189 2730 5244; x_wconf 92' lang='lat' dir='ltr'><strong>de</strong></span> <span class='ocrx_word' id='word_1_822' title='bbox 2771 5190 3018 5260; x_wconf 88' lang='lat' dir='ltr'><strong>Origene</strong></span> <span class='ocrx_word' id='word_1_823' title='bbox 3044 5187 3392 5250; x_wconf 92' lang='lat' dir='ltr'><strong>dicendum,</strong></span> <span class='ocrx_word' id='word_1_824' title='bbox 3424 5186 3575 5242; x_wconf 87' lang='lat' dir='ltr'><strong>invi-</strong></span> 
     </span>
    </p>
   </div>
   <div class='ocr_carea' id='block_1_118' title="bbox 1911 5276 3574 5354">
    <p class='ocr_par' dir='ltr' id='par_1_118' title="bbox 1911 5276 3574 5354">
     <span class='ocr_line' id='line_1_118' title="bbox 1911 5276 3574 5354; baseline -0.003 -17"><span class='ocrx_word' id='word_1_825' title='bbox 1911 5282 2012 5339; x_wconf 89' lang='lat' dir='ltr'><strong>dia</strong></span> <span class='ocrx_word' id='word_1_826' title='bbox 2050 5282 2180 5354; x_wconf 91' lang='lat' dir='ltr'><strong>ejus</strong></span> <span class='ocrx_word' id='word_1_827' title='bbox 2219 5281 2323 5354; x_wconf 89' lang='lat' dir='ltr'><strong>qui</strong></span> <span class='ocrx_word' id='word_1_828' title='bbox 2356 5281 2652 5336; x_wconf 88' lang='lat' dir='ltr'><strong>malorum</strong></span> <span class='ocrx_word' id='word_1_829' title='bbox 2701 5279 2974 5334; x_wconf 88' lang='lat' dir='ltr'><strong>omnium</strong></span> <span class='ocrx_word' id='word_1_830' title='bbox 3006 5283 3094 5332; x_wconf 90' lang='lat' dir='ltr'><strong>est</strong></span> <span class='ocrx_word' id='word_1_831' title='bbox 3118 5281 3344 5340; x_wconf 89' lang='lat' dir='ltr'><strong>auctor,</strong></span> <span class='ocrx_word' id='word_1_832' title='bbox 3376 5276 3574 5332; x_wconf 90' lang='lat' dir='ltr'><strong>virum</strong></span> 
     </span>
    </p>
   </div>
   <div class='ocr_carea' id='block_1_119' title="bbox 1913 5364 3572 5444">
    <p class='ocr_par' dir='ltr' id='par_1_119' title="bbox 1913 5364 3572 5444">
     <span class='ocr_line' id='line_1_119' title="bbox 1913 5364 3572 5444; baseline -0.005 -15"><span class='ocrx_word' id='word_1_833' title='bbox 1913 5373 2168 5438; x_wconf 85' lang='lat' dir='ltr'><strong>tantum,</strong></span> <span class='ocrx_word' id='word_1_834' title='bbox 2194 5371 2299 5444; x_wconf 89' lang='lat' dir='ltr'><strong>qui</strong></span> <span class='ocrx_word' id='word_1_835' title='bbox 2352 5368 2530 5425; x_wconf 90' lang='lat' dir='ltr'><strong>simul</strong></span> <span class='ocrx_word' id='word_1_836' title='bbox 2552 5373 2604 5423; x_wconf 91' lang='lat' dir='ltr'><strong>et</strong></span> <span class='ocrx_word' id='word_1_837' title='bbox 2652 5367 2846 5423; x_wconf 91' lang='lat' dir='ltr'><strong>verbis</strong></span> <span class='ocrx_word' id='word_1_838' title='bbox 2878 5371 2934 5423; x_wconf 91' lang='lat' dir='ltr'><strong>et</strong></span> <span class='ocrx_word' id='word_1_839' title='bbox 2980 5366 3148 5422; x_wconf 84' lang='lat' dir='ltr'><strong>factis</strong></span> <span class='ocrx_word' id='word_1_840' title='bbox 3175 5381 3244 5421; x_wconf 91' lang='lat' dir='ltr'><strong>eo</strong></span> <span class='ocrx_word' id='word_1_841' title='bbox 3273 5364 3572 5435; x_wconf 85' lang='lat' dir='ltr'><strong>magnitu-</strong></span> 
     </span>
    </p>
   </div>
   <div class='ocr_carea' id='block_1_120' title="bbox 1985 5545 3574 5680">
    <p class='ocr_par' dir='ltr' id='par_1_120' title="bbox 1985 5545 3574 5680">
     <span class='ocr_line' id='line_1_120' title="bbox 1985 5545 3574 5680; baseline -0.003 -74"><span class='ocrx_word' id='word_1_842' title='bbox 1985 5551 2066 5680; x_wconf 52' lang='lat' dir='ltr'><strong>(2t)</strong></span> <span class='ocrx_word' id='word_1_843' title='bbox 2124 5549 2420 5608; x_wconf 87' lang='lat' dir='ltr'><strong>Fraudem</strong></span> <span class='ocrx_word' id='word_1_844' title='bbox 2470 5547 2632 5604; x_wconf 89' lang='lat' dir='ltr'><strong>hanc</strong></span> <span class='ocrx_word' id='word_1_845' title='bbox 2687 5545 2904 5604; x_wconf 89' lang='lat' dir='ltr'><strong>deinde</strong></span> <span class='ocrx_word' id='word_1_846' title='bbox 2943 5545 3206 5604; x_wconf 88' lang='lat' dir='ltr'><strong>imitatus</strong></span> <span class='ocrx_word' id='word_1_847' title='bbox 3259 5549 3348 5602; x_wconf 85' lang='lat' dir='ltr'><strong>est</strong></span> <span class='ocrx_word' id='word_1_848' title='bbox 3375 5545 3574 5604; x_wconf 79' lang='lat' dir='ltr'><strong>Maho-</strong></span> 
     </span>
     <span class='ocr_line' id='line_1_121' title="bbox 1985 5639 2128 5680; baseline 0 0"><span class='ocrx_word' id='word_1_849' title='bbox 1985 5639 2016 5680; x_wconf 91' lang='lat' dir='ltr'><strong>e</strong></span> <span class='ocrx_word' id='word_1_850' title='bbox 2043 5639 2128 5680; x_wconf 76' lang='lat' dir='ltr'><strong>es.</strong></span> 
     </span>
    </p>
   </div>
   <div class='ocr_carea' id='block_1_121' title="bbox 1918 5639 2128 5682">
    <p class='ocr_par' dir='ltr' id='par_1_121' title="bbox 1918 5639 2128 5682">
     <span class='ocr_line' id='line_1_122' title="bbox 1918 5639 2128 5682; baseline -0.014 0"><span class='ocrx_word' id='word_1_851' title='bbox 1918 5639 2106 5682; x_wconf 76' lang='lat' dir='ltr'><strong>metes</strong></span> <span class='ocrx_word' id='word_1_852' title='bbox 2115 5664 2128 5680; x_wconf 90' lang='lat'><strong>.</strong></span> 
     </span>
    </p>
   </div>
  </div>
