4040 6224
524 308 661 363 1115

1886 305 2276 365 NICEPHORI
2317 304 2640 362 CALLISTI

3728 305 3858 361 1118

514 433 695 501 diuis,
728 434 1027 492 continuis
1047 434 1257 492 studiis
1277 436 1424 505 suis,
1439 435 1502 492 in
1521 436 1768 494 certiore
1798 441 1979 510 atque
1991 435 2164 493 abso-

2280 433 2622 505 ήγησαμένων
2669 441 2764 496 τῆς
2816 451 2871 486 τε
2902 431 3173 506 βασιλείας
3218 437 3309 486 καὶ
3347 439 3448 486 τῶν
3498 433 3750 504 μεγίστων
3785 432 3851 484 i2-

511 523 728 581 lutiore
755 524 1140 597 philosophia
1177 527 1490 597 processit,
1535 542 1571 582 a
1613 531 1774 584 recta
1801 541 2047 599 quoque
2074 524 2170 581 via

515 628 622 685 per
651 629 913 670 errorem
942 628 1076 670 esse
1105 613 1465 685 digressum,
1495 615 1910 688 perversisque
1931 613 2170 671 involu-

516 706 642 758 tum
667 701 1437 775 dogmatibus,prasentem
1467 703 1644 760 simul
1669 708 1725 761 et
1739 705 2002 760 futuram
2027 718 2169 759 cou-

516 790 842 848 taminasse
859 791 1254 861 gloriam.Sed
1275 795 1475 850 nonin
1497 794 1836 866 prasentia.
1863 793 1967 850 Ubi
1983 793 2166 860 enim,

514 883 643 936 tum
672 895 882 937 eorum
907 881 1011 954 qui
1049 881 1323 954 imperio,
1366 888 1491 938 tum
1542 897 1751 939 eorum
1785 897 2028 955 quoque
2063 879 2168 953 qui

2278 522 2506 581 κλησιῶν
2552 526 2802 597 πρότερον
2859 521 3186 597 ἀναγράψας,
3247 519 3360 576 εἶτα
3413 525 3481 575 τὰ
3530 517 3854 593 ἐνδιάστροοι

2277 619 2377 664 τῶν
2417 608 2694 684 δογμάτων
2733 611 2916 677 αὐτοῦ,
2967 617 3057 664 καὶ
3094 615 3184 670 τήν
3237 610 3449 664 ἀνοσίαν
3489 609 3726 668 τελευτήν
3763 611 3853 662 ἐπι-

2277 703 2447 760 θήσω.
2512 702 2594 756 Ἐν
2633 709 2805 773 ταυτῷ
2859 698 2921 754 δι
2968 707 3059 754 καὶ
3104 706 3265 776 πέρας
3293 706 3385 754 καὶ
3438 708 3516 772 τῷ
3568 703 3754 770 πέμπω
3788 719 3856 770 μοι

2275 797 2376 844 τῶν
2437 791 2583 864 ἱερῶν
2647 786 2717 848 δή
2776 793 2970 844 τούτων
3026 795 3218 863 τόμων,
3259 792 3329 851 ὡς
3380 789 3511 856 ἐνὸν,
3571 787 3854 861 ἐπεγράψω.

2274 875 2418 938 Ἤδη
2451 875 2512 932 δε
2549 883 2664 952 περὶ
2691 886 2792 932 τῶν
2823 877 3104 952 βασιλειῶν
3131 876 3168 933 δ
3172 884 3320 952 ίεεμι.

513 968 792 1026 maximis
809 971 1148 1044 quibusque
1160 971 1420 1028 ecclesiis
1437 971 2166 1044 prafuerunt,catalogum
2183 966 2345 1041 prius
2358 973 2622 1063 te‘xuero,
2640 969 2750 1041 37
2763 969 2820 1042 4
2833 969 3050 1026 deinde
3061 972 3278 1026 insana
3290 983 3534 1041 quoque
3560 967 3748 1038 dogm
3761 972 3862 1030 ata,

514 1062 572 1116 et
604 1064 855 1115 mortem
886 1061 1015 1131 ejus
1045 1061 1296 1132 impiam
1327 1076 1656 1134 persequar
1684 1078 1696 1116 :
1725 1066 1780 1118 et
1801 1061 1884 1117 sic
1913 1059 2096 1117 ﬁnem
2146 1073 2391 1132 quoque
2422 1059 2644 1133 'quinto
2680 1060 2820 1118 huic
2849 1059 3022 1128 libro,
3055 1064 3121 1117 ut
3161 1066 3392 1132 putero,
3432 1059 3681 1116 faciam.
3717 1059 3868 1114 Nune

514 1162 657 1219 ergo
686 1149 761 1204 de
796 1148 1059 1222 imperiis
1088 1149 1307 1206 dicam.

1130 1256 1354 1314 CAPUT
1395 1259 1550 1314 XXV.

517 1343 838 1415 Catalogus
868 1345 1294 1414 imperatorum
1332 1349 1758 1410 Romanorum,
1790 1351 1854 1402 ut
1879 1345 2036 1402 alius
2061 1343 2172 1401 alii

587 1417 791 1488 ordine
839 1420 1230 1474 successerit:
1263 1425 1314 1474 et
1360 1423 1425 1474 ut
1460 1419 1692 1488 primus
1739 1419 2168 1488 imperatorum

588 1487 900 1560 Philippus
941 1488 1314 1546 Christianus
1343 1491 1414 1546 sit
1439 1491 1660 1561 factus.

585 1649 821 1712 Severo,
855 1649 958 1720 qui
992 1649 1198 1706 decem
1223 1654 1278 1706 et
1307 1653 1442 1706 octo
1480 1650 1793 1723 imperavit
1822 1648 2018 1714 annis,
2050 1651 2166 1703 An-

513 1737 753 1792 toninus
774 1737 932 1794 ﬁlius
959 1739 1437 1805 successit.Huic,
1471 1747 1698 1812 septem
1721 1740 1895 1796 annis
1920 1744 1978 1794 et
2005 1753 2168 1793 men-

2887 1262 3128 1310 ΚΕΦΔΛ.
3163 1254 3284 1310 κε’.

2280 1343 2651 1416 κατάλογος
2689 1352 2807 1416 τῷν
2864 1345 3141 1408 καθεξῆς
3191 1352 3305 1406 τῆς
3342 1343 3656 1416 Ῥωμαίων
3700 1339 3878 1414 βασι-

2348 1413 2557 1479 λείας“
2590 1413 3078 1489 διαδεξαμένων
3115 1420 3202 1489 τὰ.
3258 1413 3595 1489 σκῆπτρα·
3637 1413 3752 1489 καὶ
3812 1416 3881 1473 ὣς

2348 1496 2596 1562 πρῶτος
2689 1486 3083 1562 Χριστιανός
3171 1486 3497 1561 βασιλέων
3574 1486 3884 1545 Φίλιππος

2346 1564 2631 1632 γέγονεν.

2347 1655 2567 1723 Σευῆρον
2650 1651 2733 1708 ἔτη
2823 1647 2893 1708 ιη’
2981 1651 3310 1722 ἡγησάμενον
3379 1648 3684 1709 Ἀντωνῖνος

2278 1732 2612 1810 διαδέχεται.
2670 1743 2967 1792 ’Δντωνίνον
2999 1735 3058 1792 δε
3096 1739 3182 1791 τόν
3221 1743 3445 1810 Σευήρου
3486 1733 3684 1802 παῖδα,
3719 1738 3809 1792 ἐτη
3846 1737 3884 1798 ζ’

3766 1653 3887 1706 παῖς

514 1825 683 1882 sibus
721 1842 825 1882 sex
882 1843 1083 1884 rerum
1122 1829 1329 1900 potito,
1386 1831 1699 1886 Macrinus.
1758 1829 2015 1886 Macrino
2063 1843 2164 1882 au-

2280 1824 2667 1901 βασιλεύσαντα
2717 1831 2848 1902 πρὸς
2905 1832 3068 1901 μησὶν
3099 1828 3172 1895 ἒξ,
3227 1823 3544 1898 διαδέχεται
3593 1833 3884 1900 Μακρῖνος.

512 1919 653 1984 tem,
697 1921 833 1972 ante
882 1916 1173 1987 integrum
1220 1933 1448 1974 annum
1487 1920 1547 1973 in
1586 1919 1836 1990 imperio
1867 1921 2164 1983 exactum,

511 2003 814 2074 defuncto,
847 2006 1179 2062 Antoninus
1218 2007 1276 2062 id
1309 2008 1474 2072 alter,
1506 2007 1927 2078 Heliogabalus
1949 2021 2169 2077 cogno-

511 2093 797 2161 minatus,
825 2095 1084 2151 obtinuit
1116 2111 1128 2150 :
1161 2097 1325 2168 quod
1357 2095 1408 2151 is
1433 2102 1694 2168 quatuor
1709 2097 1882 2153 annis
1912 2096 1984 2152 ad
1999 2095 2168 2151 mini-

511 2187 780 2246 stratum,
823 2184 900 2240 ad
939 2183 1343 2242 Alexandrum
1396 2189 1720 2242 Mammaa
1750 2185 1942 2242 ﬁlium
1981 2189 2170 2241 trans-

511 2271 671 2328 misit
703 2273 1221 2344 :quamfeminam
1249 2274 1548 2346 religionis
1565 2274 1904 2346 divinaque
1933 2273 2169 2346 pietatis

509 2375 806 2434 perquam
838 2361 1168 2419 studiosam
1192 2364 1396 2430 fuisse,
1425 2368 1600 2420 antea
1629 2362 2170 2420 diximus.Alexan-

509 2449 616 2506 der
645 2455 846 2507 autem
868 2452 1146 2508 tredecim
1169 2469 1361 2509 annos
1383 2453 1442 2508 in
1474 2452 1724 2524 imperio
1746 2452 1961 2523 exegit,
1986 2457 2167 2525 atque

508 2539 570 2595 in
601 2540 730 2611 ejus
781 2539 981 2597 locum
1018 2541 1374 2598 Maximinus
1417 2545 1613 2600 Caesar
1645 2542 1947 2598 successit.
1978 2544 2168 2608 Quem

507 2628 830 2685 Alexandri
861 2629 1022 2699 odio,
1063 2630 1228 2702 quod
1253 2632 1310 2686 in
1325 2635 1454 2702 ejus
1479 2632 1663 2686 domo
1690 2630 1930 2702 plurimi
1951 2631 2168 2688 fuerint

506 2717 733 2784 ﬁdeles,
758 2719 1144 2775 ecclesiarum
1177 2721 1462 2776 antistites
1481 2720 1641 2776 solos
1666 2720 1892 2776 cadere
1909 2720 2167 2792 jussisse

509 2807 884 2880 scripsimus.
909 2808 1044 2865 Post
1100 2809 1487 2865 Maximinum
1511 2809 1612 2880 (t),
1652 2810 1755 2882 qui
1781 2809 1968 2866 tribus
1989 2809 2165 2865 annis

507 2895 830 2967 imperium
860 2896 1060 2967 gessit,
1083 2896 1419 2954 Gordianus
1448 2898 1774 2969 imperator
1810 2898 1998 2955 factus
2032 2899 2167 2954 :cui

505 3000 630 3040 non
654 2984 788 3040 totis
822 3001 923 3040 sex
952 2986 1125 3042 annis
1168 2986 1476 3056 republica
1507 2987 1585 3042 ab
1626 3003 1697 3044 eo
1724 2986 2162 3054 administrata,

506 3072 814 3146 Philippus
844 3090 966 3130 una
1011 3090 1151 3130 cum
1191 3074 1460 3147 Philippo
1489 3075 1612 3131 ﬁlio
1647 3081 1732 3132 est
1777 3075 2161 3149 subrogatus.

507 3163 677 3254 {iuno
697 3163 960 3254 primum
998 3164 1168 3220 aiunt
1205 3180 1278 3220 ex
1332 3164 1795 3236 imperatoribus
1840 3167 1916 3222 ad
1951 3166 2164 3223 Christi
2201 3195 2242 3254 ο

505 3250 690 3307 ﬁdem
721 3253 1042 3309 accessisse
1069 3270 1082 3308 :
1108 3269 1368 3326 eumque
1400 3254 1607 3310 ultimo
1651 3254 1953 3311 Paschatis
1976 3257 2164 3328 pervi-

507 3339 668 3410 gilio,
711 3339 786 3396 de
836 3340 1101 3414 reliquiis
1152 3343 1494 3398 orationum
1516 3343 1578 3398 in
1627 3342 1874 3399 ecclesia
1926 3345 2161 3415 partici-

505 3445 650 3501 pare
672 3429 926 3486 voluisse
952 3447 964 3485 :
986 3446 1108 3487 non
1126 3432 1292 3503 prius
1321 3438 1520 3488 tamen
1541 3432 1601 3488 in
1629 3438 1992 3489 conventum
2022 3434 2166 3492 ﬁde-

503 3518 651 3575 lium
683 3519 984 3585 accedere,
1019 3519 1437 3577 intercessione
1485 3526 1540 3578 et
1571 3521 2002 3594 impedimento
2031 3524 2162 3595 ejus

505 3609 608 3682 qui
643 3614 766 3665 tum
790 3609 1056 3666 ecclesia
1106 3609 1342 3682 prafuit
1366 3611 1633 3683 episcopi
1662 3611 1765 3684 (2},
1797 3612 2164 3683 permissum

506 3713 662 3770 esse,
694 3715 882 3772 quam
923 3700 1322 3768 conﬁteretur,
1356 3706 1412 3758 et
1441 3701 1855 3773 panitentium
1886 3718 2160 3768 numero,

505 3787 611 3860 qui
642 3788 847 3844 ordine
885 3794 941 3845 et
980 3789 1113 3845 loco
1153 3805 1262 3846 suo
1303 3791 1622 3860 segregati,
1664 3791 1978 3862 disciplina
2005 3797 2166 3849 certa

505 3876 992 3949 explorabantur,
1009 3884 1432 3948 aggregaretur
1451 3895 1463 3934 :
1488 3878 1652 3952 quod
1672 3895 1794 3935 non
1808 3879 2163 3938 aliterlicere

505 3965 600 4021 ille
620 3966 863 4034 diceret,
891 3967 1002 4021 nisi
1041 3967 1156 4022 hoc
1204 3967 1454 4034 fecisset,
1493 3971 1735 4040 propter
1775 3968 1993 4024 multas
2034 3971 2164 4042 ejus

504 4070 716 4122 noxas,
750 4071 887 4110 cum
929 4055 1192 4112 ecclesia
1241 4057 1636 4126 multitudine,
1668 4062 1998 4114 conventus
2039 4057 2164 4131 ejus

504 4146 638 4202 festi
670 4145 1020 4218 participem
1061 4146 1210 4202 ﬁeri.
1242 4148 1385 4201 Eum
1413 4162 1574 4212 vero,
1615 4145 1796 4202 rebus
1823 4147 1967 4218 ipsis
1995 4148 2166 4204 timo-

505 4250 633 4292 rem
664 4234 849 4290 divini
906 4235 1172 4290 numinis
1232 4235 1701 4307 religionemque
1743 4235 2012 4292 debitam
2057 4238 2164 4294 rite

506 4329 686 4394 atque
714 4323 940 4379 sincere
965 4323 1392 4389 declarantem,
1435 4323 1789 4380 obsecutum
1819 4324 1901 4380 illi
1933 4341 2064 4381 esse
2087 4325 2165 4383 fe-

503 4418 643 4469 runt
668 4413 768 4484 (3).
811 4411 1084 4485 Philippi,
1111 4413 1218 4484 qui
1259 4418 1486 4485 septem
1520 4413 1840 4486 imperavit
1869 4415 2160 4488 annis“),

2275 1919 2473 1970 Τούτου
2528 1914 2580 1970 δ’
2637 1915 2714 1970 ἐπ’
2777 1916 3008 1970 ἐνιαυτόν
3093 1914 3483 1990 διαγενομένου,
3541 1918 3721 1991 ἔτερος
3771 1915 3884 1966 Ἀν-

2275 2013 2476 2067 τωνῖνος
2533 2008 2587 2069 ὃς
2643 2004 2872 2069 Γάϐαλος
2936 2005 3208 2077 ἐπεκλήθη,
3268 2009 3362 2065 τὴν
3426 2004 3700 2078 Ῥωμαίων
3771 2007 3884 2074 ἡγε-

2276 2100 2457 2168 μονίαν
2513 2093 2925 2170 παραλαμϐάνει,
2973 2097 3043 2158 ὧς
3087 2115 3179 2168 μοι
3235 2099 3547 2168 προείρηκαι
3582 2110 3595 2123 ·
3639 2097 3737 2146 καὶ
3776 2095 3885 2145 τού-

2277 2203 2368 2236 του
2424 2180 2474 2236 δ’
2525 2183 2609 2237 ἐπὶ
2658 2189 2896 2258 τέσσαρα
2949 2187 3036 2243 ἔτη
3092 2187 3455 2256 ἡγησαμένου,
3537 2179 3883 2256 Ἀλέξανδρος

2279 2276 2304 2326 6
2334 2279 2580 2346 Μαμαίας
2631 2275 2746 2336 υἱός
2789 2269 3054 2346 διάδοχος
3111 2275 3172 2333 ἦν
3203 2290 3217 2305 ⁸
3253 2274 3314 2326 οὗ
3361 2279 3454 2333 τὴν
3504 2277 3718 2347 μητέρα
3779 2274 3884 2324 θεο-

2280 2361 2404 2422 σεϐῆ
2450 2382 2502 2415 τε
2552 2366 2643 2415 καὶ
2690 2361 2952 2424 εὐλαϐείας
3034 2361 3460 2434 ἀντιποιουμένήν
3527 2370 3708 2435 μικρῷ
3769 2365 3885 2436 πρό·

2281 2454 2398 2504 σθεν
2449 2449 2674 2504 ἀνεῖπον.
2731 2456 2832 2504 Καὶ
2887 2457 3067 2504 τοῦτον
3117 2447 3177 2504 δε
3231 2455 3317 2504 τὸν
3369 2447 3719 2524 Ἀλέξανδρον
3764 2447 3886 2503 δέκα

2277 2543 2406 2614 πρὸς
2461 2543 2627 2613 τρισὶν
2680 2541 2818 2592 ἔτεσι
2872 2536 3216 2607 διανύσαντα,
3264 2541 3290 2592 6
3332 2545 3537 2614 Καῖσαρ
3588 2539 3886 2612 Μαξιμῐνος

2277 2630 2362 2680 ἐπὶ
2448 2636 2546 2680 τῶν
2627 2633 2906 2702 σκήπτρων
2967 2630 3257 2681 καθίστατο
3288 2643 3302 2658 ·
3383 2629 3462 2695 ού,
3530 2631 3603 2691 ὡς
3659 2631 3884 2701 εἴρηται,

2276 2719 2408 2769 κατὰ
2460 2724 2613 2790 μῆνιν
2674 2714 3042 2791 Ἀλεξάνδρου,
3106 2719 3280 2794 ὅτιπερ
3327 2719 3353 2771 6
3410 2713 3550 2780 οἶκος
3610 2715 3782 2769 αύτοῦ
3838 2713 3887 2766 ἐκ

2275 2804 2520 2859 πλειόνων
2581 2810 2910 2865 συνειστήκει
2974 2815 3198 2876 πιστῶν,
3252 2809 3375 2867 τοὺς
3425 2813 3526 2859 τῶν
3593 2803 3887 2862 ἐκκλησιῶν

2279 2896 2534 2967 ἡγεμόνας
2599 2899 2783 2967 μόνους
2825 2894 3156 2968 ἀναιρεῖσθαι
3210 2899 3548 2970 προσέταττε.
3606 2901 3716 2948 Τοῦ
3773 2900 3888 2947 Μα-

2278 2983 2482 3055 ξιμίνου
2533 2980 2591 3036 δὲ
2643 2986 2729 3036 τόν
2779 2981 2894 3056 βίον
2951 2988 3087 3038 κατὰ
3131 2993 3307 3060 τριετῆ
3341 2988 3530 3060 χρόνον
3560 2982 3886 3036 καταλιπόν-

2276 3092 2380 3143 τος,
2432 3069 2716 3148 Γορδιανός
2773 3071 2857 3126 ἐπὶ
2902 3077 3020 3135 τοὺς
3067 3072 3254 3138 ἄξονας
3304 3083 3398 3137 τῆς
3454 3072 3634 3146 ἀρχῆς
3672 3071 3887 3145 ἐγνωρίο

2278 3161 2414 3222 ζετο.
2470 3158 2604 3214 Οὐδ’
2652 3161 2788 3224 ὅλοις
2827 3163 2991 3214 ἐτεσιν
3030 3161 3084 3225 ἐξ
3133 3166 3226 3221 τήν
3263 3165 3543 3236 ἠγεμονίαν
3590 3160 3885 3220 ἀνύσαντος

2276 3250 2527 3313 Φίλιππος
2575 3250 2686 3323 ἅμα
2729 3247 2886 3304 παιδὶ
2935 3251 3171 3324 Φιλίππῳ
3211 3259 3310 3304 τῶν
3368 3256 3653 3324 σκήπτρων
3694 3250 3883 3322 ἐγκρα-

2274 3343 2370 3402 τής
2423 3336 2510 3399 ἦν,
2571 3343 2761 3393 Τοῦτόν
2838 3359 2966 3413 φασι
3024 3349 3227 3414 πρῶτον
3283 3342 3339 3393 ἐκ
3408 3348 3502 3403 τῆς
3557 3341 3885 3412 ἡγεμονικῆς

2273 3428 2424 3492 ἀξίας
2469 3436 2685 3503 Χριστῷ
2723 3429 3023 3502 προσελθειν
3056 3446 3070 3460 ·
3121 3437 3183 3503 τῇ
3228 3425 3282 3482 δ’
3310 3431 3511 3503 ύστάτῃ
3542 3437 3636 3482 τοῦ
3678 3431 3887 3501 Πάσχα

2271 3514 2568 3590 παννυχίδι
2618 3526 2717 3570 τῶν
2763 3515 2846 3571 ἐπὶ
2897 3526 2988 3579 τῆς
3043 3516 3322 3580 ἐκκλησίας
3365 3519 3535 3591 εύχῶν
3594 3525 3669 3589 τῷ
3715 3517 3883 3588 λοιπῷ

2275 3614 2672 3681 συμμετασχεῖν
2726 3607 2978 3666 θελήσαι·
3039 3611 3110 3680 μή
3165 3613 3336 3680 μέντοι
3393 3612 3640 3682 πρότερον
3692 3615 3882 3678 τυχεῖν

2271 3705 2369 3758 τῆς
2419 3700 2631 3770 ἐφέσεως
2691 3698 2819 3769 πρὸς
2870 3703 2962 3749 τοῦ
3024 3693 3275 3756 τηνικάδε
3328 3705 3427 3750 τῶν
3479 3699 3623 3771 ἱερῶν
3663 3695 3883 3767 ἐξηγου-

2271 3790 2448 3859 μένου,
2525 3781 2768 3858 ἐμποδὼν
2834 3783 3007 3857 ἐκείνῳ
3083 3787 3484 3860 καθισταμένου,
3547 3789 3705 3860 πρινή
3775 3785 3884 3848 ἐξο-

2271 3875 2698 3949 μολογήσασθαι,
2749 3879 2839 3928 καὶ
2884 3884 2947 3949 τῇ
2983 3883 3083 3928 τῶν
3130 3880 3512 3948 μετανοούντων
3557 3881 3647 3928 καὶ
3689 3878 3885 3927 στάσει

2271 3971 2362 4019 καὶ
2399 3970 2557 4039 χώρᾳ
2609 3963 2980 4038 ἐξεταζομένων
3033 3964 3214 4018 ἐαυτὸν
3253 3964 3504 4038 καταλέξῃ
3535 3979 3550 3995 ·
3591 3960 3740 4036 μηδὲ
3785 3969 3884 4036 γὰρ

2272 4056 2332 4108 ἄν
2417 4053 2580 4115 ἄλλως
2651 4053 2759 4116 ἐξόν
2839 4049 2968 4106 εἶναι
3044 4053 3180 4125 ἓλεγε
3235 4057 3306 4125 μή
3363 4061 3520 4106 τοῦτο
3592 4049 3660 4111 δή
3754 4050 3882 4124 δράο

2275 4164 2457 4210 σαντα,
2515 4150 2913 4216 συμμετασχεῖν
2987 4150 3059 4214 τῷ
3127 4143 3312 4202 πλήθει
3370 4151 3462 4203 τῆς
3535 4144 3884 4217 πανηγύρεως

2274 4231 2369 4287 διὰ
2426 4231 2613 4292 πολλὰς
2659 4231 2827 4293 αἰτίας
2865 4240 2964 4284 τῶν
3031 4233 3146 4285 κατ’
3189 4232 3342 4286 αὐτόν
3397 4234 3495 4285 Τόν
3550 4227 3609 4284 δὲ
3660 4233 3884 4304 πειθαρ·

2273 4331 2390 4397 χεῖν
2417 4323 2621 4376 ἑλέσθαι
2667 4321 2838 4394 λόγος,
2899 4325 3069 4396 ἔργοις
3102 4325 3160 4374 τὸ
3211 4327 3330 4397 περὶ
3378 4323 3444 4374 τά
3475 4323 3588 4375 θεῖα
3637 4317 3762 4383 δέος
3794 4326 3882 4374 καὶ

2274 4419 2368 4472 τήν
2441 4414 2777 4470 καθήκουσαν
2848 4411 3112 4465 εὐλάϐειαν
3185 4416 3412 4483 γνησίως
3508 4410 3833 4484 ἐμφαίνοντα
3862 4429 3874 4440 ·

508 4501 717 4557 Decius
777 4501 986 4557 Christi
1039 4509 1384 4574 persecutor
1432 4517 1743 4558 successor
1799 4502 1927 4560 fuit.
1985 4504 2161 4578 375

2280 4507 2364 4555 καὶ
2413 4501 2663 4555 Φίλιππον
2717 4497 2766 4554 δ’
2801 4499 2907 4573 ούχ
2936 4503 3088 4560 ἧττον
3133 4500 3161 4560 ἦ
3198 4500 3329 4553 ἐπτά
3355 4498 3751 4574 βασιλεύσαντα
3792 4504 3879 4556 ἔτη

506 4593 696 4663 Atque
717 4590 767 4646 is
792 4590 1035 4647 biennio
1063 4590 1368 4663 inimperii
1389 4589 1646 4647 culmine
1668 4594 2165 4658 transacto,Gallo

506 4695 709 4737 rerum
763 4696 1068 4736 summam
1109 4694 1338 4736 annum
1361 4685 1418 4736 et
1443 4695 1682 4735 menses
1731 4686 1866 4737 octo
1896 4681 2166 4740 obtinen-

508 4769 653 4827 dam
681 4769 942 4842 reliquit.

1125 4875 1345 4933 CAPUT
1378 4875 1558 4931 XXVI.

550 4965 664 5036 Qui
692 4970 813 5023 tum
845 4980 1202 5038 magnarum
1225 4964 1463 5022 urbium
1492 4964 1748 5037 episcopi
1787 4966 2126 5036 ﬂoruerint.

583 5127 693 5194 Qui
713 5142 850 5184 vero
880 5127 993 5182 sub
1018 5126 1110 5182 his
1134 5125 1596 5198 imperatoribus
1629 5125 1890 5182 ecclesiis
1918 5127 2167 5199 prafue-

509 5222 668 5284 runt,
698 5217 737 5273 ii
778 5221 936 5272 sunt.
979 5218 1174 5272 Roma
1223 5215 1561 5272 Alexandro
1599 5217 1950 5289 imperante,
1987 5217 2166 5274 Urba-

582 5323 1046 5396 (t)Maximinus
1073 5339 1211 5379 cum
1262 5323 1384 5380 ﬁlio
1437 5322 1597 5396 apud
1638 5322 1974 5396 Aquileiam
2016 5325 2164 5380 occi-

512 5394 788 5478 sus.'Mox
825 5411 1069 5478 quoque
1108 5396 1420 5478 Maximus
1454 5394 1763 5478 Pupien‘u’s'
1793 5394 2163 5478 et_Ba_lbin.us

511 5469 702 5551 impp.
729 5465 881 5549 lecti,
922 5465 1159 5551 militari
1214 5465 1470 5551 tumultu
1512 5465 1788 5538 jugulati,
1816 5472 1874 5523 et
1925 5467 2162 5524 Gordia-

511 5539 848 5609 nusjunior
869 5539 1036 5596 solus
1065 5539 1401 5619 imperavit.

585 5612 663 5684 (2)
703 5610 1072 5684 Episcopalis
1125 5609 1410 5668 libertatis
1459 5608 1822 5682 exemplum,
1864 5608 2162 5668 Fabianus

2277 4593 2302 4644 6
2351 4593 2487 4644 κατά
2533 4597 2766 4665 Χριστοῦ
2817 4595 2991 4662 μανεὶς
3047 4585 3364 4662 διαδέχεται
3409 4593 3586 4652 Δέκιος
3617 4606 3630 4619 ’
3686 4590 3748 4651 ὃς
3783 4586 3878 4642 δύο

2277 4683 2362 4739 ἔτη
2424 4678 2675 4744 ἐπιϐιοὺς,
2715 4685 2822 4742 τοῖς
2875 4684 2994 4753 περὶ
3047 4677 3236 4731 Γάλλον
3304 4681 3417 4740 ἔτος
3464 4679 3511 4731 ἓν
3565 4682 3653 4731 καὶ
3705 4686 3879 4751 μῆνας

2277 4769 2410 4823 ὀκτὼ
2441 4765 2476 4824 δ
2482 4773 2818 4842 ιαγενομένοις
2847 4772 2938 4827 τήν
2977 4767 3152 4841 ἀρχὴν
3193 4767 3584 4842 κατελίμπανεν.

2857 4876 3100 4931 ΚΕΦΑΛ.
3144 4874 3282 4958 ες.

2275 4967 2458 5021 Ὅσοι
2496 4973 2614 5018 τῶν
2653 4965 2946 5039 μεγάλων
2983 4964 3224 5018 πόλεων
3273 4973 3344 5038 τῇ
3389 4966 3710 5039 ἱερωσύνῃ
3756 4962 3875 5018 διέ-

2939 5056 3198 5112 πρεπον.

2347 5129 2412 5180 Οἱ
2465 5123 2524 5180 δε
2579 5134 2678 5179 τῶν
2733 5125 3020 5185 ἐκκλησιῶν
3085 5127 3222 5178 κατὰ
3278 5127 3492 5188 τούτους
3547 5127 3874 5197 ἡγησάμενοι

2274 5217 2418 5270 οὗτοι
2473 5216 2532 5268 ἄν
2610 5222 2724 5270 εῖεν.
2765 5218 2863 5269 Τὸν
2916 5218 3006 5286 μὲν
3057 5216 3108 5268 ἐν
3163 5213 3330 5287 Ῥώμῃ
3384 5215 3584 5287 θρόνον,
3638 5214 3876 5278 Ἀλεξάν·

2274 5327 2442 5381 Rom.
2476 5326 2742 5379 antistes.

2317 5396 2419 5466 7(3)
2459 5393 2831 5466 Exemplum
2863 5391 3644 5466 principis,__ecclesiastica
3697 5391 3870 5450 disci-

2271 5463 2451 5540 plina
2459 5481 2610 5540 _sese
2637 5463 3072 5540 submittentis,
3093 5463 3411 5540 Philippus
3429 5463 3784 5537 imperator.

2341 5537 2421 5610 (4)
2459 5535 2772 5610 Eutropius
2793 5535 3060 5610 quinque
3097 5533 3514 5594 annos'habet.
