4000 6220
144 301 286 355 111³1

1193 295 1755 354 ΕΟΟΕΕΒΙΛδΤΙΕΛΞ
1802 295 2161 354 HISTORUE
2200 298 2337 354 LIB.
2380 300 2443 356 V.

3377 295 3517 351 1118

138 423 276 499 δρου
329 427 397 480 τὰ
443 432 686 499 σκῆπτρα
744 422 1188 500 διαχειρίζοντος,
1253 423 1519 498 Ούρϐανόν
1587 425 1743 477 ἔτεσιν

1862 436 1963 489 no,
1993 423 2098 494 qui
2117 427 2251 482 octo
2272 426 2446 482 annis
2472 427 2747 484 Ecclesiae
2772 424 3168 483 ministerium
3193 422 3274 479 ibi
3304 419 3515 493 gessit,

137 517 280 570 όκτώ
348 515 814 590 λειτουργήσαντα,
908 518 1186 576 Ποντιανὸς
1275 511 1572 587 διεδέχετο.
1641 513 1753 584 Ἐπ’⁶

137 608 281 660 ἴτεσι
333 602 392 659 δε
438 610 528 658 καὶ
579 611 760 658 τοῦτον
809 604 863 668 ἓξ
903 612 967 677 τῇ
1021 603 1278 676 ἓπισκοπῇ
1326 602 1496 666 καλῶς
1539 599 1754 676 διαπρέ-

133 693 316 765 ψαντα
341 696 422 747 ἰπὶ
473 690 780 769 Γορδιανοῦ,
814 693 1061 769 ’Δντέρως
1119 689 1383 764 διάδοχος
1425 688 1508 750 ἦν.
1557 698 1753 744 Τοῦτον

137 779 192 836 δ’
253 782 339 836 ἐπὶ
392 790 534 856 μῆνα
579 778 1048 856 διακονησάμενον,
1109 780 1366 844 Φαϐιανὸς
1429 781 1600 834 θεόθεν
1665 781 1754 832 τὸν

133 880 231 934 τῆς
283 871 606 946 λειτουργίας
672 871 861 945 κλῆρον
920 869 1202 944 ἱλάμϐανεν
1230 885 1247 902 ’
1306 872 1360 923 ὃν
1429 889 1558 942 φασι
1623 870 1758 942 μετὰ

133 961 380 1022 τελευτὴν
445 961 765 1037 Ἀντέρωτος
837 959 1054 1035 ἀγρόθεν
1140 963 1341 1019 ἥκοντα
1396 959 1508 1032 μεθ’
1573 957 1756 1031 ἐτέρων

136 1047 430 1126 διατρίϐειν
490 1049 540 1103 έν
585 1050 778 1124 Ῥώμῃ.
831 1056 943 1104 Τῶν
999 1045 1050 1102 δ’
1108 1048 1158 1102 έν
1210 1049 1381 1121 Ῥώμῃ
1434 1047 1754 1112 ἐπισκόπων,

130 1145 228 1193 καὶ
283 1147 387 1194 τῶν
439 1135 672 1213 ἀδελφῶν
736 1140 940 1192 πάντων
1002 1137 1080 1192 ἔπ’
1141 1137 1431 1200 ἔκκλησίας
1481 1141 1600 1213 περὶ
1664 1145 1756 1191 τοῦ

129 1228 411 1302 μέλλοντος
464 1231 553 1282 τὸν
625 1231 802 1304 θρόνον
829 1225 1090 1301 δέχεσθαι
1149 1229 1577 1304 συγκροτούντων
1636 1246 1758 1279 συν.

127 1315 331 1393 ἕδριον,
389 1321 480 1371 καὶ
523 1322 618 1378 τὴν
659 1317 836 1392 ψῆφον
889 1317 977 1371 ἐπὶ
1029 1317 1238 1379 πολλοῖς
1280 1324 1379 1369 τῶν
1430 1315 1562 1387 ἆγαν
1607 1312 1756 1368 ἑνδό-

133 1407 242 1472 ξων
289 1427 602 1480 περιφανων,
648 1405 700 1460 ἄν
763 1408 981 1479 ὑπονοίᾳ
1027 1413 1120 1460 τοῦ
1167 1408 1404 1460 τοιούτου
1451 1403 1755 1478 λειτουργήο

128 1517 304 1571 ματος
358 1502 536 1564 ὄντων,
592 1496 857 1564 ἑλκόντων,
904 1500 1084 1571 παρὼν
1126 1500 1216 1549 καὶ
1265 1494 1520 1556 Φαϐιανὸς
1571 1490 1752 1547 ούδενὶ

127 1591 226 1661 μὶν
277 1595 380 1641 τῶν
428 1585 725 1640 ἕπισκόπων
778 1586 847 1648 εἰς
907 1590 1117 1659 μνήμην
1164 1586 1248 1660 ᾔει
1287 1601 1301 1616 ⁶
1353 1586 1494 1658 ὅμως
1549 1580 1604 1637 δ’
1661 1580 1749 1636 οὖν

128 1677 323 1750 ἁθρόον
367 1678 522 1730 ποθεν
571 1677 856 1752 περιστερὰ
909 1679 1258 1741 καταπτᾶσα,
1299 1681 1361 1748 τῇ
1434 1673 1626 1726 έκείνου
1695 1685 1749 1725 τι

1863 512 2186 568 Pontianus
2213 515 2524 573 successit.
2556 517 2658 572 Hic
2695 517 2870 572 annis
2903 531 3006 571 sex
3064 512 3177 569 sub
3212 509 3512 568 Gordiano

1862 600 2219 672 episcopatu
2256 602 2362 658 rite
2419 603 2677 668 functus,
2735 607 3054 660 Anteroten
3099 613 3510 656 successorem

1863 687 2093 746 habuit.
2123 691 2248 756 Quo
2271 696 2406 763 post
2427 708 2698 748 mensem
2724 708 2912 748 unum
2937 692 2998 747 in
3019 688 3344 762 episcopali
3377 703 3517 744 mu-

1864 791 2004 831 nere
2048 782 2304 843 mortuo,
2373 779 2655 836 divinitus
2718 795 2892 836 sacra
2951 775 3390 836 administratio
3432 773 3513 830 ad

1864 864 2200 922 Fabianum
2229 872 2316 924 est
2345 867 2562 937 delata,
2589 885 2770 942 quem
2802 869 3010 924 dicunt
3059 871 3189 939 post
3218 863 3512 920 Anterotis

1865 960 2121 1012 mortem
2146 971 2218 1012 ex
2249 972 2395 1028 agro
2441 960 2692 1015 Romam
2723 958 2978 1024 venisse,
3026 962 3202 1028 atque
3250 953 3334 1010 ibi
3372 968 3511 1008 cum

1865 1042 1994 1100 aliis
2024 1050 2326 1102 versatum
2350 1062 2503 1102 esse.
2538 1049 2684 1104 Cum
2728 1063 2868 1104 vero
2920 1047 3122 1102 Romae
3151 1041 3421 1116 episcopi
3460 1047 3516 1098 et

1865 1132 2076 1189 fratres
2103 1150 2314 1190 omnes
2334 1135 2396 1190 in
2421 1135 2672 1192 ecclesia
2696 1135 2773 1192 ad
2804 1135 3159 1208 episcopum
3184 1131 3513 1188 creandum

1865 1223 2302 1292 convenissent,
2331 1231 2511 1298 atque
2533 1225 2820 1298 suffragia
2834 1222 3244 1295 deligentium,
3273 1221 3347 1277 de
3363 1219 3516 1275 mul-

1864 1311 1937 1369 tis
1959 1312 2261 1384 preeclaris
2291 1320 2348 1372 et
2375 1315 2701 1372 illustribus
2730 1315 2890 1384 viris,
2915 1314 3136 1387 quibus
3157 1327 3292 1368 eam
3325 1309 3516 1380 digni-

1864 1405 2044 1458 tatem
2075 1402 2357 1460 collatum
2383 1405 2453 1461 iri
2504 1405 2821 1461 hominum
2865 1403 3068 1476 opinio
3126 1405 3272 1465 erat,
3322 1399 3516 1455 varia-

1861 1495 2012 1557 rent,
2040 1491 2207 1548 aifuit
2241 1494 2421 1550 etiam
2467 1495 2764 1551 Fabianus
2817 1510 2829 1548 :
2872 1499 2929 1549 et
2981 1491 3262 1565 quamvis
3319 1488 3396 1544 de
3444 1503 3515 1544 eo

1859 1580 2005 1637 nulli
2033 1582 2455 1655 episcoporum
2497 1584 2559 1640 in
2593 1589 2856 1642 mentem
2887 1583 3132 1647 veniret,
3193 1580 3516 1649 derepente

1860 1673 2062 1726 tamen
2103 1670 2380 1728 alicunde
2418 1672 2707 1730 advolans
2750 1673 2827 1745 (l)
2861 1670 3161 1733 columba.
3203 1685 3273 1726 ac
3334 1664 3516 1738 capiti

137 1765 513 1819 ἓπικαθίσασα
565 1764 783 1838 κεφαλῇ,
842 1761 1002 1824 δῆλον
1036 1763 1194 1818 ἐποίει
1226 1767 1313 1817 τόν
1351 1759 1540 1838 ἄνδρα.
1591 1765 1743 1818 Ἐπα-

1857 1758 1986 1829 ejus
2006 1759 2292 1828 insidens,
2338 1777 2476 1818 eum
2522 1761 2878 1832 designavit,
2914 1766 2969 1816 et
3001 1760 3284 1832 Spiritum
3335 1757 3396 1812 in
3445 1770 3517 1811 eo

138 1856 473 1908 ναπαύεσθαι
525 1856 630 1929 γὰρ
679 1853 822 1926 αύτῷ
868 1857 927 1907 τό
972 1860 1183 1926 Πνεῦμα
1237 1853 1472 1927 ἐμήνυεν,
1523 1851 1574 1906 έν
1617 1850 1748 1906 εῖδει

127 1949 442 2017 περιστερᾶς
495 1943 678 2006 εἰωθὸς
716 1945 993 2016 φαίνεσθαι
1024 1962 1038 1977 ·
1096 1945 1236 1996 καθὰ
1286 1938 1354 2002 δὴ
1388 1947 1478 1996 καὶ
1515 1950 1587 2014 τῷ
1644 1950 1748 1996 Σω-

125 2040 256 2109 τῆρι
300 2033 463 2086 πάλαι
491 2031 757 2106 τᾶσφαλὲς
807 2039 1174 2108 μαρτυροῦσα,
1223 2036 1316 2092 τὴν
1368 2037 1537 2104 φωνὴν
1587 2032 1744 2085 εἷλκεν

123 2125 214 2175 ἰπὶ
269 2125 358 2175 τὸν
413 2122 583 2194 λογον.
639 2121 745 2194 Ἐφ’
910 2124 1083 2176 πάντα
1131 2125 1220 2175 τὸν
1271 2121 1394 2174 λαὸν
1460 2120 1748 2194 ἐφησθέντα

123 2219 202 2282 τῷ
241 2208 547 2285 παραδόξῳ,
592 2213 754 2285 ὁμόσε
811 2213 1236 2285 προθυμηθέντα,
1292 2215 1382 2264 καὶ
1428 2214 1511 2275 τὸ,
1541 2209 1741 2278 Ἀξιος,

123 2299 515 2372 ἀναϐοήσαντά,
571 2303 626 2354 ἔκ
678 2303 867 2354 τούτου
911 2297 1110 2374 σχεδόν
1140 2299 1224 2354 ἐπὶ
1252 2303 1338 2353 τὸν
1390 2307 1486 2363 τῆς
1528 2302 1740 2353 ἑπισκο·

121 2397 229 2452 πῆς
279 2391 456 2464 θρόνον
499 2387 885 2464 ἕγκαθιδρῦσαι
915 2404 930 2421 ⁸
974 2389 1030 2443 ὃν
1085 2393 1177 2444 καὶ
1234 2389 1319 2443 ἐπὶ
1357 2398 1431 2462 τῷ
1482 2392 1619 2443 κατὰ
1655 2394 1745 2443 Δέ-

124 2498 236 2531 κιον
286 2475 506 2552 διωγμῷ
568 2484 864 2552 μαρτυρίου
927 2480 1158 2552 στεφάνῳ
1232 2483 1327 2539 τὴν
1381 2484 1742 2550 πνευματικὴν

125 2567 534 2640 καταστέψαντα
596 2573 852 2642 κορυφὴν,
937 2567 1222 2642 Κορνήλιος
1279 2572 1374 2628 τὴν
1451 2567 1744 2628 ἐπισκοπὴν

125 2653 418 2721 διεδέξατο.
475 2659 620 2712 Κατὰ
665 2654 726 2712 δε
775 2662 868 2718 τὴν
933 2655 1328 2734 Ἀλεξάνδρειαν
1391 2655 1739 2732 Ἀλεξάνδρου

126 2753 222 2799 τοῦ
270 2754 364 2810 τῆς
459 2751 714 2822 Μαμαίας
777 2749 1202 2820 ἡγεμονεύοντος,
1272 2753 1567 2822 Δημήτριος
1639 2756 1740 2800 τῶν

129 2834 295 2888 ἐκεῖσε
344 2844 631 2910 παροικιῶν
705 2840 798 2896 τὴν
860 2836 1186 2912 λειτουργίαν
1261 2840 1393 2910 μετὰ
1457 2836 1740 2892 Ἰουλιανόν

127 2927 517 2999 τεσσαράκοντα
575 2931 667 2980 καὶ
727 2930 906 3000 τρισὶν
959 2929 1125 2980 ἔτεσιν
1184 2928 1332 3002 ἱερῶς
1383 2928 1741 3001 ἡγησάμενος,

125 3013 353 3089 Ἠρακλᾷ
402 3015 475 3086 τῷ
528 3015 799 3089 φιλοσόφῳ
863 3019 956 3069 καὶ
1027 3020 1214 3092 πρώτῳ
1265 3023 1364 3069 τῶν
1437 3018 1739 3089 Ὠριγένους

124 3101 478 3160 σπουδαστῶν
527 3105 832 3159 καταλείπει
881 3109 968 3159 τόν
1018 3107 1217 3180 θρόνον.
1279 3111 1380 3160 Καὶ
1436 3108 1620 3160 τούτου
1680 3103 1740 3162 δε

118 3197 253 3267 μετὰ
308 3199 483 3270 τρίτον
543 3199 635 3248 καὶ
699 3191 919 3249 δέκατον
973 3166 1086 3258 ἐτός
1138 3198 1197 3249 τό
1255 3193 1512 3270 βιώσιμον
1553 3195 1741 3269 μεταλ·
1774 3166 1815 3224 C

116 3282 389 3353 λάξαντος,
442 3284 470 3336 ό
532 3283 702 3345 πολύς
757 3287 1024 3347 Διονύσιος
1079 3287 1163 3340 ἰπὶ
1213 3293 1311 3338 τῶν
1360 3285 1738 3345 ἐκκλησιαστι-

116 3381 226 3425 κῶν
272 3374 460 3426 οἰάκων
532 3380 626 3434 τῆς
700 3369 1042 3447 Ἀλεξάνδρου
1112 3373 1389 3430 ἀνέϐαινεν.
1450 3371 1738 3448 Γορδιανοῦ

115 3459 510 3535 βασιλεύοντος.
544 3461 620 3515 Ού
665 3466 769 3536 μὴν
828 3459 887 3516 δε
925 3462 1052 3516 ἀλλὰ
1097 3469 1187 3518 καὶ
1230 3467 1367 3518 κατὰ
1412 3469 1506 3525 τὴν
1537 3465 1740 3519 Ἀντιό-

115 3571 230 3624 χου
277 3554 365 3604 τὸν
426 3548 838 3611 Ἀσκληπιάδην
893 3553 1114 3616 Φιλητός
1158 3550 1452 3627 διεδέχετο,
1502 3554 1739 3618 Ἀλεξάν-

114 3639 256 3716 δρου
287 3637 554 3706 διέποντος
600 3645 697 3701 τὴν
729 3639 905 3716 ἀρχὴν
939 3663 954 3677 ·
1008 3643 1070 3696 οὗ
1123 3643 1329 3706 Ζέϐενος
1367 3640 1520 3707 αὖθις
1550 3640 1740 3699 διάδο-

112 3750 222 3804 χος
275 3727 356 3789 ἧν.
435 3733 534 3784 Τὸν
620 3728 673 3784 δ’
739 3734 824 3784 ἰπὶ
896 3729 1192 3805 Γορδιαδοῦ
1257 3733 1657 3799 τελευτήσαντα,
1712 3743 1738 3794 ό

115 3822 440 3895 ἱερομάρτυς
498 3819 731 3883 Βαϐύλας
778 3823 876 3883 τὰς
938 3824 1076 3896 ἱερὰς
1135 3823 1286 3886 ἡνίας
1339 3819 1712 3896 διεχειρίζετοο

125 3909 189 3962 ὃν
247 3911 378 3982 μετὰ
445 3912 542 3968 τὴν
613 3909 892 3982 ὁμολογίαν
951 3913 1001 3964 ἓν
1055 3907 1404 3985 δεσμωτηρίῳ
1453 3915 1546 3972 τὴν
1607 3915 1738 3976 ζωήο

112 3997 478 4071 ἀμειψάμενον
514 4001 599 4052 ἐπὶ
657 4004 859 4067 Δεκίου,
893 3999 1085 4064 Φάϐιος
1141 4009 1236 4064 τῆς
1288 4001 1472 4055 αὐτόθι
1521 4001 1740 4060 Ἐκκλην

119 4092 244 4149 σίας
297 4089 607 4160 προίστατο.
669 4089 788 4141 Ἐπὶ
837 4094 972 4143 πᾶσι
1027 4091 1229 4152 τούτοις
1282 4094 1415 4164 μετὰ
1458 4095 1546 4144 τόν
1594 4110 1740 4164 περι-

115 4176 312 4236 ϐόητον
360 4175 408 4238 ές
457 4177 678 4252 ὕστερον
709 4179 1040 4252 Νάρκισσον,
1098 4179 1290 4252 μᾶλλον
1345 4177 1404 4235 δε
1437 4184 1530 4234 σύν
1578 4181 1742 4253 αὐτῷ.

118 4268 258 4341 μετὰ
304 4273 419 4320 Δῖον
469 4271 562 4320 καὶ
615 4270 948 4341 Γερμανίωνά
991 4287 1047 4323 τε
1101 4274 1192 4323 καὶ
1244 4267 1482 4346 Γόρδιον,
1523 4278 1612 4332 τῆς
1656 4270 1740 4337 Ἱε,

116 4355 430 4430 ροσολύμων
533 4361 814 4432 παροικίας
926 4361 1021 4417 τὴν
1113 4363 1464 4432 ποιμαντικήν
1544 4357 1742 4413 διεῖπεν

120 4440 490 4520 Ἀλέξανδρος,
548 4449 664 4520 περὶ
718 4445 780 4498 οὗ
825 4445 984 4500 πολύν
1040 4446 1192 4520 λόγον
1254 4447 1434 4502 ἁνόπιν
1492 4448 1746 4508 έποιησά·

119 4555 230 4608 μην
261 4553 275 4566 ·
335 4534 390 4596 ὃς
419 4530 488 4594 δὴ
540 4539 632 4588 καὶ
673 4535 926 4610 Ὠριγένει
954 4539 1048 4600 τὰς
1099 4544 1289 4613 χεῖρας
1341 4537 1618 4606 ἐπιϐαλὼν,
1670 4548 1744 4609 τῷ

119 4632 228 4677 τῶν
277 4621 642 4698 πρεσϐυτέρων
710 4631 892 4679 τοῦτον
947 4625 1280 4699 ἕγκαταλέγει
1360 4626 1582 4701 βαθμῷ.
1647 4627 1742 4692 ’ος

121 4713 374 4788 πρότερον
426 4721 490 4787 τῇ
575 4715 701 4789 ὑπὲρ
770 4721 1004 4790 Χριστοῦ
1087 4712 1386 4790 διαπρέψας
1463 4716 1735 4791 ὁμολογίᾳ,

120 4809 232 4864 τοίς
279 4806 526 4878 πρότερον
576 4797 846 4876 διωγμόις,
919 4806 1050 4877 μετὰ
1118 4808 1214 4864 τὴν
1268 4814 1370 4858 τῶν
1447 4805 1738 4883 Ἱεροσολύ-

121 4913 236 4965 μων
287 4887 593 4966 προεδρίαν,
652 4889 804 4965 βαθεῐ
857 4911 910 4946 τε
955 4897 1097 4969 γήρᾳ
1169 4897 1260 4946 καὶ
1324 4893 1533 4968 λιωαρῷ
1590 4915 1738 4949 κατε-

124 4985 409 5056 στεμμένος
466 4978 614 5043 αὖθις
669 4979 718 5034 έν
776 4987 1069 5057 Καισαρείᾳ
1139 4991 1245 5044 τοίς
1314 4985 1440 5058 ύπερ
1505 4993 1736 5040 Χοιστοῦ

124 5068 522 5146 δικαστὴρίοις,
572 5075 750 5124 Δεκίου
807 5075 894 5125 τόν
947 5067 1183 5145 διωγμόν
1233 5072 1306 5135 εἰς
1355 5080 1492 5147 μέγα
1529 5073 1736 5151 ἆναῤῥι-

121 5160 392 5224 πίζοντος,
457 5161 754 5234 παραστὰς,
832 5165 922 5214 καὶ
990 5170 1284 5236 περιφανῶς
1364 5168 1730 5237 μαρτυρήσας,

121 5251 216 5303 ἐπὶ
274 5257 369 5312 τῆς
415 5251 624 5324 εἱρκτῆς
672 5253 757 5303 τόν
803 5247 922 5322 βίον
967 5249 1216 5314 ὶξελιπεν.
1268 5251 1450 5306 Ἡνίκα
1498 5257 1588 5307 καὶ
1633 5260 1734 5309 Βα-

120 5339 292 5401 ϐύλας
343 5340 430 5392 τόν
483 5339 609 5412 ύπερ
675 5347 914 5415 Χριστοῦ
964 5338 1140 5412 ἀγῶνα
1188 5337 1458 5416 διήνεγκεν
1507 5346 1590 5398 ἐπὶ
1641 5352 1733 5407 τῆς

199 5527 284 5672 ξιξ
315 5523 610 5608 Eusebius
638 5524 792 5583 libro
817 5541 891 5593 vr,
925 5539 1059 5610 cap.
1088 5528 1177 5584 29.

225 5601 260 5652 2
315 5599 856 5671 Fabianusmartyr
877 5602 1177 5658 annislzc

225 5596 284 5671 2)
315 5598 614 5658 Fabianus
624 5601 856 5671 martyr
877 5596 1052 5658 annis
1071 5596 1494 5658 l2cathedram
1519 5602 1734 5660 Roma-

1856 1850 2240 1922 acquiescere
2269 1851 2652 1922 signiﬁcavit,
2687 1853 2749 1907 in
2776 1850 3068 1907 columbas
3099 1848 3294 1921 specie
3327 1860 3520 1918 appa-

1855 1953 1983 1995 rere
2015 1938 2254 1996 solitum
2288 1957 2300 1995 :
2330 1940 2849 2014 quemadmodum
2882 1939 3025 1996 olim
3057 1943 3281 1994 certum
3311 1937 3517 1992 Serva-

1856 2027 1966 2083 tori
1987 2028 2293 2100 perhibuit
2311 2029 2744 2096 testimonium,
2768 2044 2977 2085 vocem
3002 2027 3303 2083 caelestem
3332 2037 3516 2095 super

1855 2115 2053 2190 ipsum
2086 2119 2342 2176 Verbum
2370 2120 2738 2192 pertrahens.
2773 2121 2902 2186 Qua
2938 2135 3001 2175 re
3028 2134 3127 2174 am
3157 2113 3515 2174 admiranda

1857 2207 2170 2264 universus
2210 2208 2470 2283 populus
2521 2210 2869 2274 delectatus,
2919 2207 3134 2264 eadem
3184 2206 3509 2267 alacritate,

1855 2302 2034 2370 atque
2065 2298 2276 2355 eodem
2308 2298 2488 2355 simul
2535 2315 2637 2356 ore
2666 2314 2878 2356 omnes
2915 2297 3164 2369 dignum
3200 2311 3339 2352 eum
3378 2309 3511 2351 esse

1851 2391 1908 2443 et
1936 2387 2223 2444 idoneum
2260 2389 2763 2453 acclamaverunt,
2795 2392 2852 2444 et
2881 2387 3165 2444 continuo
3191 2385 3252 2442 in
3283 2385 3512 2457 episco-

1853 2475 1974 2548 pali
1997 2476 2251 2534 thorono
2282 2476 2667 2534 collocarunt.
2701 2479 2890 2549 Atque
2928 2476 2978 2531 is
2999 2476 3059 2532 in
3095 2473 3511 2547 persecutione

1853 2566 1968 2623 sub
2006 2567 2178 2623 Decio
2225 2567 2594 2640 spiritualem
2643 2568 2922 2624 verticem
2962 2563 3234 2636 martyrii
3281 2577 3506 2619 corona

1852 2662 2176 2713 exornatus
2209 2657 2308 2729 (2),
2358 2657 2766 2730 episcopatum
2792 2655 2870 2714 ad
2897 2654 3239 2712 Cornelium
3270 2667 3507 2708 succes-

1853 2761 2050 2802 sorem
2081 2746 2429 2803 transmisit.
2483 2745 2855 2803 Alexandriae
2903 2749 3126 2809 autem,
3160 2741 3500 2798 Alexandro

1849 2836 2175 2892 Mammaea:
2199 2834 2697 2908 ﬁlioimperaute,
2752 2839 2887 2908 post
2934 2833 3236 2890 Julianum
3292 2831 3504 2886 Deme-

1849 2924 2017 2990 trius,
2049 2924 2154 2998 qui
2178 2923 2584 2997 quadraginta
2627 2924 2816 2980 tribus
2854 2923 3029 2980 annis
3069 2935 3380 2978 sacrarum
3413 2932 3510 2973 ec-

1848 3012 2238 3070 ecclesiarum
2251 3015 2651 3085 regendarum
2670 3029 2893 3070 munus
2915 3012 3165 3069 obierat.
3191 3005 3504 3065 Heraclam

1846 3101 2300 3175 philosophum,
2324 3104 2800 3176 primariumque
2825 3101 3091 3173 Origenis
3121 3096 3506 3171 discipulum,

1848 3207 2260 3248 successorem
2293 3191 2526 3249 habuit.
2577 3193 2758 3266 376
2791 3192 2900 3250 Sed
2935 3197 2992 3249 et
3012 3190 3173 3255 huic,
3201 3204 3341 3246 cum
3365 3190 3508 3259 post

1849 3295 2078 3337 annum
2125 3281 2517 3338 tredecimum
2569 3285 2954 3355 episcopatus
3003 3282 3094 3336 sui
3119 3277 3504 3344 decessisset,

1848 3385 2110 3441 magnus
2140 3370 2465 3444 Dionysius
2493 3373 2796 3438 successit,
2830 3370 3125 3428 Gordiano
3155 3374 3282 3424 tum
3322 3366 3508 3437 impe-

1849 3464 2040 3517 rante.
2068 3461 2322 3516 Rursum
2352 3461 2679 3518 Antiochiae
2709 3461 2822 3517 sub
2875 3457 3198 3515 Alexandri
3247 3452 3504 3526 imperio

1849 3563 1909 3619 in
1939 3548 2266 3622 episcopali
2321 3549 2622 3607 iunctione
2671 3549 3041 3622 Asclepiades
3073 3545 3358 3602 suffectus
3418 3546 3508 3597 est

1849 3637 2150 3697 Philetus:
2195 3638 2370 3710 cujus
2411 3638 2628 3696 deinde
2683 3640 2952 3695 Zebenus
3009 3648 3321 3692 successor
3367 3631 3498 3686 fuit.

1851 3724 2143 3783 Caeterum
2183 3743 2254 3785 eo
2283 3744 2524 3801 quoque
2564 3729 2679 3784 sub
2723 3726 3024 3784 Gordiano
3064 3723 3363 3786 defuncto,
3398 3721 3509 3776 Ba-

1851 3815 2022 3888 bylas
2046 3831 2214 3873 sacer
2227 3821 2454 3889 martyr
2469 3817 2738 3874 Ecclesiae
2765 3813 3174 3888 gubernacula
3198 3812 3277 3868 ibi
3306 3824 3508 3866 susce-

1850 3905 1982 3976 pit:
2049 3905 2154 3977 qui
2203 3905 2316 3961 sub
2382 3905 2558 3962 Decio
2605 3911 2742 3978 post
2791 3903 3233 3961 confessionem
3281 3899 3506 3956 fortiter

1850 3995 2079 4052 obitam
2103 4000 2165 4050 in
2199 3994 2454 4051 vinculis
2491 3995 2762 4060 decessit,
2806 3993 3252 4063 Ecclesiamque
3320 3986 3502 4045 Fabio

1850 4084 2180 4155 regendam
2229 4083 2466 4158 reliquit
2502 4084 2604 4156 (3).
2659 4087 2841 4141 Porro
2894 4078 3325 4153 Hierosolymis
3370 4079 3505 4149 post

1851 4174 2236 4231 decantatum
2258 4173 2425 4231 illum
2447 4173 2809 4239 Narcissum,
2839 4189 2945 4229 seu
2969 4171 3169 4246 potius
3193 4184 3332 4225 cum
3360 4166 3502 4223 Nar-

1852 4262 2007 4318 cisso
2055 4263 2206 4334 (Dio,
2249 4263 2641 4319 Germanione
2681 4267 2739 4317 et
2792 4259 3010 4317 Gordio
3065 4253 3502 4314 intervenienti-

1851 4351 1988 4423 bus)
2056 4350 2341 4424 pastorali
2379 4365 2628 4406 munere
2687 4351 2746 4406 iu
2801 4349 3062 4406 Ecclesia
3125 4346 3364 4402 functus
3415 4346 3504 4398 est

1850 4440 2184 4498 Alexander
2215 4456 2227 4496 :
2262 4440 2335 4496 de
2351 4455 2466 4514 quo
2495 4439 2556 4495 in
2588 4439 2999 4512 superioribus
3036 4436 3224 4494 multa
3250 4435 3501 4492 fecimus

1775 4505 1821 4561 D
1853 4531 2051 4587 verba.
2084 4531 2138 4584 Is
2167 4530 2479 4601 Origenem
2509 4545 2613 4602 per
2633 4529 3081 4602 impositionem
3113 4540 3406 4582 manuum
3439 4522 3501 4578 in

1854 4619 2311 4692 presbyteorum
2351 4618 2624 4676 ordinem
2680 4619 2840 4690 legit.
2901 4621 2967 4675 Et
3024 4634 3161 4674 cum
3210 4619 3388 4672 antea
3437 4613 3500 4669 in

1852 4709 2150 4782 prioribus
2162 4709 2607 4783 persecutionib
2615 4726 2682 4766 us
2695 4709 3131 4766 confessionem
3147 4721 3256 4778 pro
3271 4704 3501 4762 Christo

1849 4813 1987 4854 cum
2015 4797 2195 4855 laude
2225 4798 2449 4855 fortiter
2502 4800 2863 4871 pertulisset,
2897 4803 3032 4870 post
3088 4792 3494 4868 episcopalem

1847 4887 2219 4959 dignitatem,
2251 4904 2374 4961 qua
2403 4887 2830 4960 Hierosolymis
2872 4892 2960 4942 est
2999 4885 3264 4952 functus,
3309 4882 3498 4939 multa

1839 4977 1969 5049 jam
1996 4983 2052 5033 et
2073 4993 2258 5050 prope
2279 4977 2586 5052 decrepita
2610 4981 2909 5034 senectute
2935 4975 3339 5040 venerandus,
3371 4988 3498 5028 rur-

1846 5083 1950 5122 sus
1982 5068 2264 5123 Cassarese
2293 5067 2467 5123 Decio
2490 5067 2814 5138 plurimum
2841 5065 3133 5122 adversus
3157 5064 3364 5121 ﬁdeles
3393 5079 3500 5120 saa-

1842 5156 2058 5223 viente,
2087 5155 2163 5212 ad
2188 5155 2463 5228 judicum
2492 5155 2771 5211 subsellia
2809 5171 2919 5228 pro
2977 5154 3204 5212 Christo
3253 5161 3496 5221 tractus,

1841 5245 2078 5317 egregie
2123 5244 2482 5318 martyrium
2527 5244 2693 5312 obiit,
2728 5250 2907 5318 atque
2946 5245 3007 5301 in
3036 5261 3272 5302 carcere
3297 5246 3499 5303 deces-

1841 5335 1940 5391 sit.
1969 5336 2094 5402 Quo
2125 5340 2393 5408 tempore
2421 5339 2476 5391 et
2501 5334 2758 5408 Babylas
2780 5335 2942 5408 apud
2963 5335 3369 5393 Nicomediam
3384 5351 3496 5408 pro

1841 5545 1989 5589 nam
2030 5529 2238 5595 tenuit,
2261 5528 2566 5588 Cornelius
2595 5532 2770 5588 annis
2802 5535 2855 5589 3.

1914 5604 1995 5676 (3)
2034 5602 2144 5660 Alii
2159 5602 2322 5660 hunc
2345 5601 2666 5662 Fabianum
2686 5605 2924 5662 vocant.
