4000 6220
493 273 630 330 1119

1791 260 2179 322 NICEPHORI
2221 257 2538 316 CALLISTI

3721 243 3846 298 H30

487 399 716 457 Christo
744 397 967 456 fortiter
1021 397 1360 455 decertavit.
1400 396 1563 453 Alius
1587 394 1696 450 hic
1745 390 2001 463 Babylas
2046 392 2140 444 est

2267 381 2583 457 Ἷικομήδους
2616 401 2629 415 ·
2679 381 2832 442 ἄλλος
2881 377 3029 440 οὗτος
3071 373 3308 435 Βόιϐύλας
3356 372 3507 445 παρὰ
3534 375 3630 423 τὸν
3661 368 3717 422 ἓν
3749 369 3850 423 Ἀυο

487 489 566 545 ab
611 505 702 555 eo,
735 490 837 561 qui
870 489 1191 544 Antiochiae
1251 487 1364 543 sub
1412 485 1774 543 Numeriano
1822 479 2139 552 pulchram

487 578 798 650 professus
856 583 946 634 est
1006 578 1460 650 professionem.
1520 570 1940 644 Hierosolymis
2008 569 2142 639 post

488 668 894 725 Alexandrum
915 668 1233 740 episcopus
1258 667 1367 722 fuit
1391 664 1802 727 Mazabbanes,
1836 659 1931 716 cui
1958 657 2140 726 longo

488 761 626 830 post
647 765 912 830 tempore
943 760 1299 830 Hymenmus
1344 753 1652 818 successit,
1699 765 1883 823 quem
1942 744 2142 802 multis

490 847 666 904 annis
691 852 937 904 narrant
962 847 1234 903 Ecclesiae
1277 844 1607 918 praefuisse.
1641 843 1772 898 Haec
1820 839 1896 895 de
1931 848 2141 893 eorum

489 946 836 1010 temporum
853 937 1118 1009 profanas
1139 935 1320 993 simul
1351 940 1406 990 et
1427 948 1615 990 sacrae
1641 929 1884 986 ditionis
1915 941 2144 983 succes-

491 1027 778 1084 sionibus.
803 1030 970 1083 Nunc
992 1027 1192 1083 denuo
1219 1025 1295 1083 ad
1324 1023 1633 1081 historiam
1655 1024 1920 1076 nostram
1950 1030 2139 1072 rever-

493 1117 766 1175 tendum.

960 1223 1130 1296 377
1185 1221 1412 1279 CAPUT
1447 1209 1648 1276 XXVII.

497 1332 580 1392 De
587 1331 1110 1404 persecutionesub
1128 1330 1295 1404 Decio
1310 1347 1327 1384 :
1342 1334 1393 1385 et
1409 1330 1473 1404 ut
1489 1325 2139 1404 Cyprianusepucopus

707 1403 1194 1477 Carthaginensis
1224 1400 1506 1473 martyrio
1546 1397 1623 1454 sit
1659 1397 1924 1470 affectus.

567 1582 776 1639 Decius
801 1581 878 1639 ad
907 1579 1278 1654 imperialem
1304 1581 1544 1635 evectus
1566 1575 1936 1646 dignitatem,
1963 1588 2141 1646 prop-

496 1675 586 1728 ter
625 1669 877 1743 Philippi
903 1671 978 1742 (1)
1006 1669 1234 1735 odium,
1262 1670 1365 1742 qui
1397 1667 1919 1723 Christianismum
1949 1663 2142 1719 fuerat

2247 480 2455 548 τιοχείᾳ
2509 476 2593 526 ἐπὶ
2634 475 2991 544 Νουμεριανοῦ
3045 472 3140 526 τὴν
3188 465 3350 522 καλὴν
3397 462 3705 548 ὁμολογίαν,
3753 463 3848 528 ὁμο.

2248 565 2565 636 λογήσαντᾱ.
2614 564 2712 615 Τὸν
2766 555 2826 613 δὲ
2876 560 3006 612 θεῖον
3045 564 3146 608 τῶν
3192 552 3567 628 Ἱεροσολύμων
3624 547 3842 609 Ἀλέξω-

2252 651 2375 728 δρόν
2431 649 2747 724 διαδέχεται
2811 645 3166 709 Μαζαϐϐάνης
3205 660 3219 673 '
3288 645 3375 696 τὸν
3457 637 3514 694 δ’
3599 639 3838 710 ’Υμένειῑζ

2250 743 2419 814 πολλῷ
2474 742 2685 816 ὕστερον
2728 739 3022 814 κληροῦχος
3086 736 3208 788 ἑτων
3273 728 3474 786 πολλῶν
3556 729 3842 801 ἰστορούξιεο

2251 852 2354 895 νος.
2411 836 2510 885 Καὶ
2561 829 2743 902 τὰμὲν
2795 837 2888 890 τῆς
2939 827 3291 898 κατὰχρόνον
3339 818 3628 892 διαδοχῆς
3661 825 3847 876 rigu-

2256 928 2452 995 σμικῆς
2478 939 2532 973 τε
2561 924 2650 972 καὶ
2694 921 2833 994 ἱερᾶς
2861 916 3038 991 ἀρχῆς
3076 913 3124 967 ἓν
3153 915 3355 974 τούτοις
3387 929 3401 944 ’
3429 912 3587 983 ἡμεῖς
3625 903 3692 961 δι
3726 906 3849 959 πίω

2253 1010 2338 1064 ἐπὶ
2365 1012 2432 1063 τὰ
2459 1008 2578 1073 ἱξῆς
2607 1016 2704 1070 τῆς
2739 1010 2976 1080 ἱστορίας
3000 1005 3280 1077 προΐωμεν.

2845 1207 3088 1257 ΚΕΦΔΛ,
3123 1199 3250 1257 ια’.

2252 1320 2403 1391 Περὶ
2439 1322 2548 1369 τοῦ
2589 1314 2750 1367 κατὰ
2783 1315 3000 1366 Δέκιον
3041 1305 3361 1391 διωγμοῦ·
3397 1307 3512 1356 καὶ
3551 1304 3643 1391 dan;
3691 1297 3861 1384 ἐξαρ-

2320 1375 2560 1477 ¹ξύρησε
2591 1386 2959 1459 Κυπριανὸς
2995 1389 3110 1444 τῆς
3138 1375 3391 1452 ’Ἄορων
3423 1375 3864 1448 Καρθατέηῖ

2323 1479 2603 1513 επισκοπ
2622 1477 2702 1519 ος.

2322 1571 2490 1628 Δέκιος
2531 1562 2590 1619 δὲ
2646 1564 2716 1627 εἰς
2760 1566 2852 1622 τήν
2892 1560 3070 1634 ἀρχὴν
3125 1556 3412 1633 παρελθὼν,
3469 1561 3538 1626 τῇ
3605 1553 3749 1626 πρὸς
3795 1553 3866 1600 τίη

2251 1657 2501 1712 ιβίλιππον
2547 1653 2824 1726 ἀπεχθείᾳ,
2869 1652 2955 1703 οἷα
3003 1646 3070 1708 δὴ
3122 1651 3188 1700 τὰ
3230 1652 3562 1721 Χριστιανῶν
3617 1640 3870 1693 ἀσπασὰ-

497 1761 866 1834 complexus,
891 1760 1310 1830 gravissimam
1325 1764 1532 1814 contra
1558 1755 1926 1812 Christianos
1947 1769 2142 1825 perse-

2267 1767 2414 1813 ιενον,
2497 1741 2730 1816 διωγμὸν
2837 1742 2972 1793 κατὰ
3064 1744 3392 1811 Χριστιανῶν
3475 1736 3542 1793 ὡς
3622 1734 3869 1804 μεγιστου

499 1851 796 1906 cutionem
831 1849 1122 1905 excitavit.
1159 1849 1221 1902 In
1251 1863 1374 1920 qua
1404 1846 1572 1902 multi
1613 1845 1860 1918 quidem
1901 1857 2141 1898 sacrum

500 1955 612 2012 pro
643 1939 870 1996 Christo
907 1938 1106 1994 obiere
1139 1943 1437 1992 certamen
1463 1943 1476 2002 ;
1500 1935 1559 1989 in
1581 1933 1788 2006 primis
1817 1938 2018 1988 tamen
2049 1947 2144 1987 ec-

498 2028 817 2084 clesiarum
847 2027 1149 2099 praesides,
1182 2033 1239 2082 et
1262 2026 1606 2098 quicunque
1630 2023 1782 2079 alios
1815 2021 1980 2093 apud
2032 2036 2143 2076 nos

499 2117 841 2190 eloquentia
861 2123 916 2173 et
946 2116 1240 2189 sapientia
1263 2112 1701 2176 antecellerent,
1733 2111 1982 2168 infanda
2011 2125 2147 2166 cru-

499 2205 778 2277 deliaque
809 2208 1099 2262 tormenta
1152 2203 1466 2259 tolerantes
1517 2201 1702 2257 vitam
1755 2199 2143 2270 reliquerunt.

498 2295 671 2352 Sicuti
702 2297 902 2350 Romae
932 2294 1254 2357 Fabianus,
1284 2293 1345 2348 in
1381 2291 1694 2347 Palaestina
1724 2287 2148 2361 Hierosolymis

499 2383 849 2449 Alexander,
883 2382 1208 2439 Antiochia:
1271 2386 1468 2437 autem
1527 2378 1780 2451 Babylas
1840 2380 2036 2449 (cujus
2085 2377 2147 2432 in

500 2474 850 2547 episcopatu
897 2472 1103 2529 Fabius
1151 2485 1459 2527 successor
1499 2469 1628 2539 fuit)
1680 2468 1912 2524 bonum
1954 2471 2147 2523 certa-

503 2578 644 2620 men
695 2563 1085 2626 decertantes,
1140 2559 1544 2633 episcopalem
1594 2558 1809 2614 stolam
1858 2557 2147 2626 sanguine

504 2653 690 2708 multo
721 2652 1083 2707 imbueruut.
1127 2651 1389 2706 Accessit
1435 2649 1511 2705 ad
1550 2649 1660 2704 hos
1691 2646 2045 2715 Carthagine
2084 2645 2147 2700 in

502 2742 796 2815 sapientia
812 2741 1009 2797 clarus
1038 2741 1391 2812 Cyprianus,
1416 2737 1521 2811 qui
1545 2737 1688 2793 olim
1712 2736 1962 2806 magicis
1979 2734 2146 2791 libris

500 2830 853 2885 incubuerat
877 2829 977 2900 (2).
1012 2826 1156 2884 Cum
1187 2843 1326 2883 vero
1351 2825 1623 2882 animum
1649 2840 1752 2896 per
1771 2839 2039 2881 amorem
2071 2823 2149 2880 ad

501 2919 822 2987 Justinam,
845 2917 1064 2973 eximia
1077 2917 1280 2972 formae
1308 2914 1747 2987 pulchritudine
1764 2917 2149 2987 praestantem

501 3008 786 3078 puellam,
814 3006 1154 3079 adjecisset,
1185 3005 1648 3077 cupidinemque
1679 3020 1855 3059 suam
1887 3001 2150 3058 daemoni

2251 1839 2471 1911 ἤγειρεν.
2521 1833 2683 1886 Ἔνθα
2735 1827 2802 1889 δὴ
2867 1828 3046 1883 πολλοὶ
3111 1830 3201 1900 μὲν
3271 1828 3358 1877 τὸν
3413 1823 3543 1894 ὑπὲρ
3635 1824 3870 1894 Χριστοῦ

2254 1926 2429 1998 ἀγῶνα
2487 1921 2766 1995 διήνεγκαν
2796 1937 2807 1950 ⁸
2859 1921 2908 1972 οἱ
2957 1915 3028 1971 ’δε
3080 1925 3179 1970 τῶν
3236 1913 3525 1970 ἇκκλησιῶν
3593 1912 3871 1980 ἧτιμόνες,

2253 2023 2340 2069 καὶ
2380 2016 2497 2068 ὅσοι
2521 2019 2612 2065 τοῦ
2637 2010 2753 2064 καθ’
2791 2011 2930 2079 ἡμᾶς
2961 2011 3009 2061 ἓν
3039 2007 3175 2078 λόγῳ
3199 2009 3290 2057 καὶ
3334 2005 3494 2074 σοφίᾳ
3518 2001 3871 2073 «peis-rma,

2254 2105 2435 2159 ἐκεῖνοι
2505 2101 2694 2176 μᾶλλον
2759 2101 2827 2152 τὰ
2902 2097 3164 2155 ἀνήκεστα
3217 2095 3539 2164 πάσχοντες,
3596 2096 3702 2141 τοῦ
3764 2086 3876 2160 βίον

2255 2175 2541 2260 ἐξίσταντο.
2603 2190 2776 2244 Ἐνθεν
2852 2205 2933 2240 τοι
2984 2189 3072 2238 καὶ
3118 2182 3202 2236 ἰπὶ
3411 2180 3628 2252 Ῥώμης
3687 2175 3878 2232 936::-

2255 2288 2356 2349 νὸς,
2424 2282 2508 2336 ἐπὶ
2578 2277 2638 2334 δὲ
2693 2277 3049 2338 Παλαιστίνης
3129 2275 3154 2324 ὀ
3191 2269 3565 2344 Ἱεροσολύμων
3643 2267 3878 2330 Ἀλέξα-

2259 2371 2400 2447 δρος,
2459 2376 2548 2424 καὶ
2613 2368 2661 2422 ἓν
2715 2369 3014 2438 Ἀντίοχείᾳ
3065 2360 3124 2417 δι
3174 2359 3424 2423 Βαϐύλας,
3480 2358 3544 2411 οὗ
3607 2353 3878 2426 διάδοχος

2258 2462 2468 2527 Φάϐιος,
2525 2463 2614 2513 τὸν
2667 2457 2820 2510 καλὸν
2879 2454 3057 2527 ἀγῶνα
3105 2451 3510 2524 ἀγωνισάμενοι,
3571 2453 3680 2504 τήν
3743 2449 3879 2518 ἱερα-

2256 2557 2406 2611 τικὴν
2470 2549 2658 2608 στολὴν
2736 2547 2804 2607 εἰς
2871 2543 3032 2618 βάθος
3115 2545 3486 2615 κατέχρωσαν.
3585 2540 3740 2610 Πρὸς
3815 2532 3878 2592 δή

2255 2645 2454 2702 τούτοις
2519 2638 2591 2701 είς
2662 2637 2993 2712 Καρθαγέναν
3068 2632 3093 2683 ὁ
3153 2634 3246 2688 τὴν
3304 2632 3491 2700 σοφίαν
3559 2625 3883 2699 περιϐόητος

2261 2735 2555 2806 Κυπριανὸς
2588 2766 2600 2779 .
2660 2727 2716 2788 ὃς
2770 2725 2930 2778 πάλαι
2971 2720 3172 2795 βίϐλοις
3229 2725 3346 2779 ταῖς
3393 2724 3658 2790 (aquai;
3710 2715 3882 2788 ἔντρα-

2259 2827 2387 2896 φεὶς,
2455 2819 2563 2872 ἐπεὶ
2618 2824 2708 2869 καὶ
2774 2816 3030 2885 Ἰουστίνρ
3109 2807 3476 2885 προσέϐαλλεν,
3563 2807 3782 2878 ἅφατόν
3838 2824 3884 2856 τι

2259 2891 2450 2985 χρῆμα
2511 2906 2696 2968 κάλλος
2761 2907 2901 2976 ἔχειν
2967 2902 3386 2974 μαρτυρουμένη,
3451 2902 3573 2985 θεῷ
3663 2891 3730 2948 δὲ
3797 2891 3882 2947 διά

2257 3002 2538 3074 παρθενίας
2593 2995 2920 3066 ἀνακειμένη,
2968 2995 3058 3042 καὶ
3113 2992 3201 3040 τὸν
3254 2990 3421 3060 ἔρωτα
3479 2981 3715 3057 δαίμονί
3788 3003 3883 3035 τινι

503 3077 745 3151 cuidam
805 3077 1028 3150 carnali
1058 3101 1115 3150 et
1158 3093 1482 3150 libidinoso
1530 3099 1586 3149 et
1643 3108 1880 3149 amores
1919 3090 2148 3148 illicitos

2267 3090 2558 3163 φίλοσάρκῳ
2613 3089 2703 3138 καὶ
2751 3079 2905 3152 δεξιῷ
2965 3084 3080 3154 περὶ
3137 3081 3203 3130 τὰ
3266 3084 3489 3130 τοιαῦτα
3554 3077 3881 3137 πιστεύσας,

502 3185 917 3242 conciliandos
957 3184 1248 3240 industrio
1300 3181 1669 3248 credidisset,
1713 3195 1909 3254 neque
1951 3187 2153 3236 tamen

509 3275 727 3348 optatis
753 3274 1063 3330 amoribus
1106 3273 1327 3345 perfrui
1376 3279 1596 3344 posset,
1624 3272 1789 3344 quod
1812 3269 2009 3344 puella
2037 3270 2156 3324 vir-

506 3365 815 3436 ginitatem
833 3379 1007 3419 suam
1033 3368 1169 3419 ante
1201 3363 1320 3418 Deo
1351 3368 1784 3426 consecrasset,
1815 3367 1870 3417 et
1897 3367 2021 3416 tum
2050 3361 2157 3428 (ita

517 3459 581 3511 ut
612 3469 721 3526 par
744 3453 889 3526 erat)
901 3453 1162 3524 jejuniis,
1196 3451 1637 3524 precationibus
1662 3455 1844 3524 atque
1860 3450 1989 3506 aliis
2016 3449 2156 3505 ﬁdei

511 3545 696 3602 armis
728 3544 1060 3599 castitatem
1094 3548 1354 3598 tueretur
1389 3558 1402 3598 :
1436 3557 1696 3598 errorem
1751 3557 1928 3597 suum
1973 3557 2156 3613 agno-

508 3635 593 3690 vit
621 3640 676 3690 et
701 3631 1053 3706 propalavit,
1079 3630 1475 3703 fraudemque
1506 3637 1562 3687 et
1592 3629 2003 3686 seductionem
2031 3631 2157 3686 diu-

510 3724 724 3788 tinam,
747 3721 915 3778 libris
957 3721 1208 3792 magicis
1232 3723 1294 3776 in
1323 3720 1526 3789 ignem
1556 3719 1860 3791 conjectis,
1894 3718 2156 3775 Vulcano

509 3812 731 3869 dicavit
759 3828 770 3868 :
805 3817 860 3867 et
889 3827 995 3883 per
1023 3826 1157 3867 eam
1189 3811 1478 3877 virginem
1511 3809 1739 3865 Christo
1766 3807 2158 3880 pulcherrime

510 3902 933 3974 desponsatus,
965 3915 1258 3972 sacraque
1280 3899 1752 3955 Christianorum
1783 3897 2154 3971 complexus,

513 4007 659 4049 mox
717 3993 779 4046 in
831 3991 1320 4063 presbyterorum
1385 3989 1656 4044 ordinem
1703 3988 1914 4059 templi
1953 3992 2156 4044 custos

516 4085 852 4153 cooptatus,
883 4095 953 4135 ac
1012 4080 1257 4135 tandem
1286 4080 1389 4135 toti
1420 4077 1626 4134 Africae
1658 4093 1971 4133 sacrorum
2009 4077 2157 4133 anti-

511 4176 631 4226 stes
660 4169 972 4242 praefectus
1001 4176 1110 4224 est.
1145 4169 1208 4223 ln
1247 4184 1370 4240 qua
1420 4167 1726 4222 functione
1778 4165 2157 4223 sermonibus

511 4259 865 4330 scriptisque
891 4258 1014 4312 suis
1039 4256 1453 4313 cohortatoriis
1487 4255 1815 4326 permultos
1867 4256 1944 4312 ad
1974 4263 2161 4312 certa-

2261 3183 2330 3241 ὡς
2381 3177 2558 3238 ἥκιστ’
2618 3174 2825 3249 ἀμύνειν
2879 3167 2993 3243 εἶχε
3043 3177 3116 3240 τῷ
3162 3170 3337 3241 ἔρωτι,
3379 3173 3471 3227 τῆς
3502 3167 3784 3238 παρθένον
3813 3164 3883 3215 εὖ·

2261 3276 2391 3343 χαίς
2453 3287 2508 3320 τε
2553 3270 2642 3318 καὶ
2691 3264 2960 3321 νηστείαις
3012 3260 3079 3319 ὡς
3130 3259 3301 3332 χρὲὼν
3365 3254 3737 3330 φραξαμένης,
3799 3258 3882 3343 καὶ

2263 3342 2368 3420 τοῖς
2418 3357 2589 3418 ἄλλοις
2619 3353 2797 3414 ὅπλοις
2850 3358 2939 3410 τῆς
2987 3351 3228 3412 πίστεως,
3287 3344 3580 3404 στηλιτεύει
3615 3348 3714 3400 τήν
3764 3342 3885 3393 πλέ-

2262 3469 2375 3514 νην,
2432 3451 2522 3498 καὶ
2573 3449 2666 3503 τήν
2723 3442 2926 3513 μακρὰν
2999 3435 3204 3495 ἀπάτην
3275 3439 3404 3508 πυρὶ
3470 3429 3725 3503 δαπανᾷ,
3798 3435 3884 3493 τὰς

2262 3538 2512 3610 γοητικὰς
2561 3531 2773 3608 βίϐλους
2823 3529 2972 3602 φλογὶ
3015 3523 3291 3601 παραδούς
3325 3541 3338 3554 ⁸
3397 3527 3490 3576 καὶ
3533 3531 3612 3594 τῷ
3669 3529 3880 3595 Χριστῷ

2266 3625 2360 3681 διὰ
2416 3634 2512 3688 τῆς
2572 3623 2828 3697 παρθένου
2867 3616 3045 3677 καλῶς·
3081 3615 3441 3688 μνηστευθεὶς,
3509 3612 3749 3665 τελεῖται
3803 3616 3879 3683 μιν

2262 3721 2327 3770 τὰ
2381 3720 2711 3788 Χριστιανῶν
2744 3727 2757 3740 ·
2815 3714 2904 3762 καὶ
2965 3709 3211 3778 νεωκόρος
3289 3709 3585 3775 γενόμενος,
3669 3702 3881 3773 ὕστερον

2264 3809 2442 3866 πάσῆς
2495 3805 2807 3873 καθηγεῖται
2854 3807 2951 3858 τῆς
2998 3797 3272 3869 Ἀφρικῆς.
3330 3798 3451 3854 Τοῖς
3507 3809 3569 3862 γε
3631 3796 3744 3863 μὲν
3795 3799 3879 3841 rs‘n

2264 3897 2427 3969 λόγων
2455 3896 2852 3968 προτρεπτικοῖς
2901 3885 3114 3946 πολλοὺς
3161 3893 3233 3954 τῷ
3263 3885 3398 3935 κατὰ
3455 3886 3700 3954 Χριστὸν
3730 3880 3881 3951 ἀγῶνι

2267 3983 2516 4061 ἓδράσας,
2549 3985 2689 4041 τέλος
2716 3983 2803 4031 καὶ
2841 3977 3013 4041 αὐτὸς,
3045 3977 3254 4046 σύναμα
3280 3980 3341 4045 τῇ
3377 3973 3675 4044 θαυμαστῇ
3708 3990 3881 4040 γυναι·

2267 4059 2368 4128 κῶν
2424 4073 2682 4143 ’ῐουστίνη
2738 4076 2810 4139 τῷ
2861 4067 2995 4119 κατὰ
3033 4067 3207 4117 Δέκιον
3239 4059 3457 4133 διωγμῶ
3513 4059 3746 4122 πολλαῖς
3772 4063 3882 4130 πρὸ·

2268 4183 2410 4239 τερον
2450 4160 2703 4236 βασάνοις
2758 4156 3068 4220 ἐξετασθείς,
3129 4161 3198 4224 τῷ
3234 4147 3328 4204 διὰ
3375 4150 3558 4222 ξίφους
3601 4154 3760 4224 μόρῳ
3804 4153 3881 4205 riu

2273 4255 2552 4329 ἱερωσύνην
2604 4251 2835 4318 ἃκόσμει.
2866 4245 2975 4317 Ἐφ’
3083 4247 3173 4296 καὶ
3205 4242 3578 4315 Χριστοφὸρος
3631 4241 3663 4291 ὁ
3697 4241 3880 4311 pip-rs;

515 4325 656 4405 men
687 4325 794 4418 pro
825 4347 1056 4404 Christo
1073 4325 1722 4416 fortiterperferendum
1746 4345 2148 4401 conﬁrmavit:

2271 4325 2360 4397 καὶ
2389 4345 2438 4396 οἱ
2468 4340 2515 4393 ἐν
2546 4339 2743 4412 Ἐφέσῳ
2773 4331 2981 4402 παῖδες,
3012 4338 3103 4386 καὶ
3127 4331 3272 4385 ἄλλοι
3302 4326 3503 4403 σχεδὸν
3527 4325 3654 4402 μηδ

517 4443 696 4509 atque
727 4436 805 4492 ad
848 4443 1224 4507 postremum
1278 4435 1406 4507 ipse
1452 4450 1697 4507 quoque
1743 4450 1862 4490 una
1891 4451 2027 4490 cum
2061 4435 2164 4491 ad-

2279 4435 2682 4495 ὑποπίπτοντες,
2738 4432 2847 4486 τοῖς
2888 4425 3013 4498 ὑπερ
3072 4427 3309 4493 Χριστοῦ
3361 4419 3539 4490 ἀγῶσι
3599 4413 3879 4492 διέπρεψεν

518 4505 799 4582 miranda
845 4505 944 4582 illa
992 4527 1241 4589 Justina,
1285 4505 1345 4581 in
1403 4505 1662 4581 Deciana
1699 4526 2132 4596 persecutione,
2196 4522 2400 4580 multis
2455 4519 2625 4593 prius
2679 4513 3025 4587 exploratus
3073 4507 3463 4572 cruciatibus,
3524 4505 3875 4578 dignitatem

510 4614 919 4686 episcopalem
966 4613 1204 4685 capitali
1260 4613 1554 4686 supplicio
1602 4613 2034 4669 cohonestavit.
2079 4615 2208 4679 Quo
2254 4617 2525 4682 tempore
2575 4608 2755 4664 etiam
2788 4601 3247 4672 Christophorus
3293 4605 3548 4668 martyr,
3597 4601 3667 4652 et
3717 4598 3878 4669 Ephe~

520 4705 594 4761 sii
645 4705 836 4776 pueri,
903 4708 960 4760 et
1025 4703 1127 4758 alii
1185 4718 1373 4776 prope
1435 4701 1928 4772 innumerabiles,
1978 4701 2410 4760 certaminibus
2463 4713 2571 4771 pro
2631 4694 2858 4752 Christo
2910 4691 3185 4764 peractis,
3231 4703 3369 4744 cum
3418 4700 3663 4756 magna
3721 4686 3873 4744 laude

520 4797 850 4851 innotuere.

1001 4903 1182 4977 37s
1211 4896 1433 4960 CAPUT
1460 4889 1692 4958 XXVIII.

533 5013 674 5083 Qua
695 5012 978 5084 Dionysio
1006 5012 1398 5071 Alexandriae
1426 5012 1696 5084 episcopo
1718 5011 1782 5066 in
1803 5025 1872 5067 ea
1897 4968 2198 5081 persecu-O

908 5085 1058 5141 tione
1096 5084 1204 5140 sub
1232 5084 1407 5142 Decio
1438 5083 1781 5140 acciderint.

593 5193 875 5266 Ejusdem
893 5191 1324 5266 persecutionis
1349 5193 1724 5263 tempestate,
1753 5205 1892 5246 cum
1921 5188 2170 5245 Alexan-

523 5284 670 5341 driaa
691 5283 874 5341 etiam
897 5282 955 5338 in
985 5281 1354 5338 Christianos
1375 5281 1636 5336 maxime
1657 5279 1984 5345 saaviretur,
2011 5293 2172 5334 mar-

2888 4885 3128 4944 ΚΕΦΔΛ.
3176 4885 3302 4940 m’.

2279 5007 2431 5080 Περὶ
2471 5009 2607 5088 ’,τῶν
2671 4995 3554 5088 σνμϐάντωνδΔιονυσίῳὲτῷ
3607 4993 3864 5058 Ἀλεξιν.

2934 5069 3102 5121 κατὰ
3141 5070 3358 5120 Δέκιον
3389 5050 3724 5138 orci-“1.9.3,

2354 5183 2503 5237 Κατὰ
2558 5176 2608 5233 δ’
2657 5182 2817 5233 ἐκεῖνο
2870 5182 3078 5252 καιροῦ,
3137 5176 3228 5227 τοῦ
3272 5167 3512 5244 διωγμοῦ
3561 5176 3662 5226 καὶ
3709 5179 3805 5234 τοῖς
3833 5168 3866 5221 ἓν

2279 5267 2645 5344 Ἀλεξανδρείᾳ
2695 5265 2860 5322 δεινὸν
2923 5265 3342 5337 ἐπακμάσαντος,
3429 5257 3493 5321 ἦν
3743 5280 3863 5315 συη-

519 5374 740 5446 tyrium
763 5373 844 5429 ibi
875 5386 1117 5446 quoque
1142 5371 1349 5426 obibat
1375 5368 1646 5425 Ecclesiae
1676 5368 1926 5424 antistes
1959 5367 2148 5438 Diony‘

2280 5353 2494 5436 κμάζων
2525 5353 2778 5419 τηνικάδε
2827 5364 2900 5429 τῷ
2947 5357 3074 5428 ὑπερ
3120 5358 3356 5427 Χριστοῦ
3403 5357 3688 5427 μαρτυρίῳ
3741 5348 3860 5402 uis

598 5500 674 5571 (l)
723 5497 846 5580 sub
894 5497 1123 5625 Phili}?

598 5569 1058 5625 IDUBIDRODUIU
1105 5583 1123 5624 ι

524 5563 720 5626 annus
746 5568 972 5640 ingenti
995 5563 1279 5625 ludorum
1308 5570 1605 5640 apparatu
1631 5563 1964 5622 celebratus
1993 5566 2098 5619 est.

1127 5513 1184 5562 ο,
1242 5493 1597 5552 millesimus
1665 5496 1947 5550 Romanis
2005 5490 2173 5546 urbis

2351 5489 2431 5554 (2)
2484 5483 2852 5559 Cyprianum
2904 5479 3440 5551 Carthaginensem
3496 5492 3646 5535 cum
3711 5475 3857 5534 Antio

2283 5559 2470 5617 chene
2495 5554 2828 5616 confundit,
