4000 6220
182 207 322 266 1121

155 343 263 395 τῆς
346 332 510 386 έκεῖσε
594 337 873 408 παροικίας
946 335 1225 406 ἡγούμενος
1298 335 1560 393 Διονύσιος
1619 351 1632 364 ·

155 426 299 496 μετά
342 421 608 498 Ἠρακλᾶν
658 428 688 482 ἠ
733 425 940 497 ἱστορία
981 421 1061 476 έπὶ
1102 427 1196 481 τὴν
1248 424 1385 497 ἱερὰν
1413 431 1504 484 τῆς
1545 420 1764 480 Ἐκκλη-

153 518 284 575 σίας
344 511 528 582 ἀνῆγεν
578 510 753 586 ἀρχήν
809 532 820 544 ·
875 517 1092 584 προνοίᾳ
1135 509 1194 565 δέ
1222 517 1475 585 κρείττονι
1527 519 1622 574 τῆς
1666 519 1764 564 τῶν

149 601 361 654 πολλῶν
435 601 670 676 ὠφελείας
741 603 905 676 χάριν
979 606 1070 654 καὶ
1126 599 1412 674 οἰκοδομῆς
1489 602 1764 676 ὑπέρτερον

148 699 258 753 τῆς
303 695 481 764 πείρας
520 687 720 744 ἐδείκνυ
774 695 918 752 Θεός.
976 695 1077 744 Καὶ
1129 698 1332 764 πρῶτον
1389 693 1499 764 μιν,
1542 691 1591 743 οἱ
1643 697 1768 742 τοῦ·

146 799 246 834 τον
301 778 634 854 έπέμφθησαν
695 779 947 846 έκζητεῖν,
993 779 1222 853 ἀορασίᾳ
1293 782 1381 841 τάς
1442 779 1589 851 ὄψεις
1633 778 1765 837 πλη-

145 874 350 940 γέντες,
391 874 576 947 καίπερ
618 868 695 922 ἔπ’
741 873 887 923 οἴκου
946 873 1068 922 ὅντα
1104 875 1194 922 καὶ
1242 874 1331 928 τὴν
1385 869 1550 922 αὐτῶν
1589 867 1763 941 ἄφιξιν

146 955 526 1032 ἒκδεχόμενον,
591 957 954 1031 ἀπετύγχανον
1016 967 1108 1020 τῆς
1150 956 1392 1020 σπουδῆς
1442 975 1456 989 ⁸
1517 959 1644 1012 έκὼν
1711 954 1763 1010 δ’

149 1047 424 1101 εἰσέπειτα
487 1054 594 1109 τοῖς
655 1049 954 1116 ἀπάγουσιν
1016 1045 1268 1115 έκδοθεὶς,
1308 1050 1480 1101 πάντα
1525 1051 1592 1100 τὰ
1647 1047 1764 1100 κατ’

146 1133 300 1190 οἶκον
353 1133 973 1210 ἐξανδραποδισαμένας,
1026 1134 1207 1196 ἐπειδὴ
1263 1157 1340 1198 τις
1375 1144 1484 1200 τοίς
1523 1133 1765 1209 ἀδελφοῖς

144 1227 316 1302 γάμῳ
389 1223 902 1300 διαπαννυχίςουσιν
995 1226 1283 1299 ἀπήγγελλε
1350 1230 1408 1280 τὸ
1501 1228 1759 1301 πραχθὲν,

147 1316 310 1380 εὐθύς
361 1317 492 1390 ὁρμῇ
548 1319 732 1378 πάντες
791 1323 890 1388 μιᾷ
955 1315 1142 1390 ἀθρόον
1206 1316 1592 1382 ἐξαναστάντες,
1670 1321 1763 1368 καὶ

147 1401 343 1480 δρόμῳ
416 1407 606 1468 θέοντες
680 1405 1025 1470 έπηλοίλαξαν.
1091 1413 1202 1459 Τῶν
1274 1402 1333 1458 δε
1411 1407 1764 1481 φρουρούντων

146 1495 232 1558 εἰς
288 1499 455 1568 φυγὴν
511 1498 824 1568 τραπέντων,
885 1499 973 1552 τὸν
1050 1498 1315 1549 Διονύσιον
1378 1494 1562 1555 ἐσθῆτι
1649 1494 1760 1571 λινῇ

143 1584 239 1638 ἐπ’
309 1584 582 1659 ἀστρώτου
659 1590 1028 1658 κατακείμενον
1097 1581 1408 1658 σκίμποδος,
1494 1583 1764 1647 ἐξανίστα-

150 1677 288 1728 σθαι
334 1679 420 1728 καὶ
471 1675 593 1727 ὅσον
644 1676 814 1749 τάχος
866 1677 1084 1728 ἕπεσθαι
1138 1677 1344 1737 τούτοις
1391 1678 1629 1746 ἤπειγον.
1666 1678 1766 1727 Τόν
1801 1704 1845 1760 Β

149 1761 218 1818 δὲ
267 1768 689 1839 προσπίπτοντα,
733 1767 904 1824 ἱκέτην
956 1762 1107 1832 εἶναι,
1140 1769 1170 1824 ἤ
1225 1763 1431 1818 ἀπιέναι
1469 1769 1559 1817 καὶ
1611 1763 1766 1816 αὐτὸν

147 1851 382 1926 ἀφεῖναι,
439 1857 470 1912 ἦ
529 1857 624 1912 τὴν
662 1853 884 1926 κεφαλὴν
921 1861 1028 1915 τοῖς
1076 1853 1372 1926 ἀπάγουσιν
1411 1853 1565 1906 αὐτόν
1607 1873 1762 1929 στραο

151 1947 374 2004 τιώταις
426 1941 580 1995 ἐᾶσαι
634 1941 825 1998 λαϐεῖν.
885 1947 1018 2005 Τοὺς
1069 1939 1129 1996 δὲ
1185 1940 1317 2016 μηδ’
1375 1943 1766 2015 ἀνασχομένους

139 2029 390 2108 ,ἀκοῦσαι
420 2048 438 2065 ⁸
485 2031 614 2085 ἀλλά
654 2037 840 2108 καίπερ
880 2033 1128 2092 πλείστην
1175 2035 1305 2091 ὅσην
1351 2034 1549 2085 ἱκεσίαν
1601 2051 1766 2107 προσ.

152 2122 375 2194 οίγοντα,
407 2119 461 2172 έκ
499 2129 693 2194 χειρῶν
744 2141 800 2175 τε
854 2121 965 2194 ἃμα
1015 2127 1105 2175 καὶ
1155 2118 1331 2175 ποδῶν
1386 2121 1548 2174 ἓλκειν
1604 2136 1619 2151 ·
1674 2125 1765 2173 καὶ

149 2219 226 2283 τῷ
298 2210 518 2284 οἱκισκῳ
572 2219 664 2272 τῆς
718 2213 1010 2274 ἐπισκοπῆς
1081 2208 1232 2274 αὖθις
1294 2213 1610 2284 ἱγκαθιστᾷν
1668 2214 1765 2282 ὄνῳ

151 2307 362 2374 γυμνῶ,
413 2300 499 2352 οἷοί
554 2319 671 2353 τινα
699 2305 884 2376 φόρτον
939 2303 1191 2373 θεμένους.
1259 2306 1360 2354 Καὶ
1402 2303 1472 2353 τά
1508 2303 1600 2373 μὲν
1628 2302 1766 2352 κατά

155 2392 427 2443 Διονύσιον
460 2386 600 2461 εἶχεν
654 2389 833 2451 οὕτως.
876 2388 1095 2443 Ἔπειτα
1159 2392 1208 2442 οἱ
1275 2388 1478 2450 ἀσεϐεῖς
1524 2395 1643 2451 ταῖς
1690 2388 1795 2440 οὶ-·

154 2483 297 2539 κίαις
367 2486 467 2531 τῶν
542 2477 1008 2552 προσηγγελμένων
1063 2486 1395 2554 Χριστιανῶν
1450 2477 1596 2539 ὅλαις
1671 2478 1764 2552 ῥύ-

161 2587 288 2642 μαις
345 2563 535 2626 ἀνέδην
595 2568 972 2640 εἰστρέχοντες,
1042 2569 1145 2621 ὅσα
1206 2571 1297 2637 μεν
1353 2564 1491 2628 ἦσαν
1548 2570 1762 2629 έκείνοις

159 2667 265 2710 τῶν
325 2657 626 2731 κειμηλίων,
691 2656 884 2710 έσύλων
942 2657 1262 2731 ἁρπάζοντες
1295 2674 1308 2688 ·
1367 2659 1470 2709 ὅσα
1526 2653 1755 2715 δἐύτελῆ

160 2765 216 2800 τε
249 2751 334 2800 καὶ
364 2747 457 2800 ούκ
499 2746 781 2819 εύοίγκαλα,
826 2743 1140 2808 διαθλῶντες
1194 2745 1602 2804 ἀπηλλάττοντο.
1649 2750 1759 2808 Καὶ

161 2838 193 2894 ἠ
245 2845 342 2888 τῶν
383 2840 746 2910 πραττομένων
793 2835 1054 2911 ἐλευθερία
1103 2841 1351 2908 σχήματι
1407 2835 1601 2898 πόλεως
1656 2836 1757 2888 ύπὸ

159 2925 413 2999 πολεμίων
474 2925 760 2988 ἑαλωκυίας
831 2926 998 2997 ἐῴκει.
1059 2932 1344 2998 Πανταχοῦ
1393 2927 1595 2998 θρῆνοι,
1666 2924 1756 2996 ἀρ-

1242 201 1814 263 ECCLESIASTICE
1853 199 2209 260 HISTORIIE
2248 202 2380 260 LIB.
2423 199 2488 262 ν.

1711 332 1766 384 ὃν
1798 333 1844 387 Α
1876 331 2018 398 sius,
2056 345 2239 404 quem
2269 337 2408 404 post
2445 331 2754 389 Heraclam
2795 332 2874 389 ad
2905 349 3128 390 munus
3179 334 3529 408 episcopale

3394 211 3532 268 1122

1874 425 2225 493 provectum
2283 437 2413 478 esse
2469 420 2755 477 diximus.
2812 424 3031 479 Verum
3075 423 3264 491 illum,
3323 425 3530 481 divino

1872 515 2023 566 nutu
2061 516 2118 565 et
2155 510 2552 581 providentia,
2588 511 2914 568 multorum
2955 512 3220 569 utilitatis
3259 518 3316 569 et
3345 514 3530 570 aediﬁ-

1874 599 2124 656 cationis
2149 599 2360 669 gratia,
2391 601 2600 672 coeptis
2615 601 3055 674 conatibusque
3075 607 3524 674 persecutorum

1873 689 2239 761 superiorem
2278 690 2537 746 ostendit
2570 693 2740 746 Deus.
2791 692 3052 748 Primum
3091 708 3378 765 namque,
3419 693 3527 765 qui

1873 777 1951 832 ad
1975 793 2114 834 eum
2165 778 2592 851 inquirendum
2631 779 2795 836 missi
2841 780 3093 849 fuerant,
3137 783 3392 838 caacitate
3443 782 3528 838 af-

1872 865 2032 932 ﬂicti,
2074 868 2349 940 quamvis
2376 869 2540 925 domi
2568 870 2616 924 is
2641 875 2816 936 esset,
2840 869 3286 944 adventumque
3314 887 3526 928 eorum

1873 961 2259 1028 exspectaret,
2311 958 2508 1014 studio
2555 964 2757 1014 tamen
2825 964 2878 1015 et
2936 965 3153 1016 conatu
3201 976 3310 1018 suo
3354 960 3531 1033 potiti

1873 1059 1995 1101 non
2025 1053 2182 1102 sunt.
2217 1046 2440 1103 Deinde
2470 1052 2692 1114 autem,
2725 1063 2864 1104 cum
2891 1065 3002 1104 sua
3044 1053 3256 1120 sponte
3290 1065 3352 1106 se
3375 1049 3524 1119 linis,

1870 1133 2054 1190 rebus
2098 1136 2380 1191 omnibus
2423 1136 2588 1192 domi
2618 1153 2739 1193 sum
2779 1153 2885 1209 per
2935 1153 3038 1194 eos
3067 1138 3331 1210 direptis,
3363 1143 3426 1194 ut
3465 1155 3528 1196 se

1874 1222 2242 1280 abducerent
2275 1225 2606 1290 obtulisset,
2650 1231 2706 1280 et
2747 1227 2996 1298 quidam
3039 1226 3102 1282 id
3150 1227 3373 1284 factum
3413 1228 3530 1285 fra-

1874 1313 2062 1368 tribus
2083 1313 2143 1369 in
2158 1314 2379 1384 nuptiis
2396 1321 2575 1371 noctu
2587 1315 3081 1388 pervigilantibus
3103 1319 3529 1388 renuntiasset,

1873 1401 2029 1458 illico
2055 1403 2368 1460 confertim
2400 1420 2519 1460 uno
2551 1405 2778 1476 impetu
2815 1421 3025 1461 omnes
3064 1413 3523 1478 consurgentes,

1875 1489 2046 1546 celeri
2077 1507 2253 1547 cursu
2284 1508 2421 1548 cum
2462 1493 2653 1564 jubilo
2696 1498 2751 1549 et
2787 1493 3210 1551 vociferatione
3239 1497 3524 1554 continua

1875 1580 1952 1636 ad
1980 1579 2182 1636 locum
2208 1597 2345 1636 cum
2376 1582 2826 1638 contenderunt.
2856 1585 3049 1655 Atque
3071 1583 3152 1640 ibi
3171 1585 3526 1642 custodibus

1875 1670 1935 1724 in
1965 1669 2171 1740 fugam
2203 1671 2410 1740 versis,
2446 1671 2796 1745 Dionysium
2849 1672 3007 1729 linea
3039 1678 3196 1730 veste
3222 1674 3522 1743 indutum,

1875 1763 1931 1814 et
1954 1759 2016 1814 in
2045 1759 2196 1814 lecto
2226 1775 2347 1815 non
2379 1764 2564 1816 strato
2609 1761 2962 1832 repositum,
3001 1777 3336 1832 exsurgere,
3368 1770 3426 1821 et
3463 1779 3528 1820 se

1875 1849 2329 1919 quamprimum
2357 1849 2526 1921 sequi
2571 1855 2911 1920 coegerunt.
2967 1854 3039 1906 At
3070 1850 3164 1907 ille
3216 1852 3297 1908 ad
3347 1853 3534 1924 pedes

1876 1950 2082 1991 eorum
2110 1937 2478 2008 provolutus,
2512 1937 2806 2004 obsecrat,
2844 1945 2905 1994 ut
2929 1939 3024 1996 vel
3057 1940 3310 2012 abirent,
3343 1957 3529 2014 seque

1874 2024 1956 2080 ibi
1981 2025 2383 2098 relinquerent
2411 2046 2422 2086 :
2465 2027 2560 2083 vel
2591 2031 2774 2099 caput
2802 2029 2926 2101 ejus
2965 2029 3204 2096 milites,
3237 2031 3344 2103 qui
3381 2047 3523 2088 eum

1874 2122 2118 2186 captum
2140 2115 2556 2182 adduxissent,
2573 2117 2809 2173 auferre
2829 2125 3191 2190 paterentur.
3226 2122 3415 2186 Quem
3437 2120 3522 2178 illi

1873 2205 2154 2277 quamvis
2204 2205 2394 2264 multa
2437 2213 2710 2263 orantem
2771 2213 2950 2279 atque
2997 2207 3417 2274 obtestantem,
3449 2225 3527 2268 ne

1874 2292 2080 2350 audire
2111 2295 2356 2366 quidem
2405 2296 2816 2352 sustinuerunt
2861 2313 2873 2352 :
2911 2297 3018 2352 sed
3047 2297 3332 2355 manibus
3358 2298 3526 2371 pedi-

1872 2383 2112 2455 busque
2170 2389 2558 2455 protractum,
2616 2390 2673 2440 et
2709 2385 3063 2442 clitellarum
3114 2388 3300 2443 instar
3350 2387 3526 2445 asino

1870 2473 2037 2528 nudo
2074 2473 2446 2545 impositum,
2479 2474 2541 2530 in
2561 2473 2963 2546 episcopalem
2985 2474 3418 2533 domunculam
3434 2493 3521 2534 re-

1870 2560 2190 2618 duxerunt.
2218 2568 2298 2618 Ac
2347 2564 2422 2618 de
2469 2563 2754 2636 Dionysio
2797 2563 3044 2635 quidem
3084 2564 3214 2621 haec
3260 2565 3346 2622 sic
3385 2571 3526 2624 sunt

1870 2657 1998 2710 acta
2033 2667 2045 2706 :
2089 2656 2298 2722 postea
2343 2658 2544 2709 autem
2582 2652 2752 2724 impii
2795 2652 3012 2709 milites
3052 2653 3113 2709 in
3143 2655 3384 2724 domos,
3417 2655 3524 2728 qui

1867 2756 1994 2796 rem
2030 2756 2166 2796 eam
2209 2741 2726 2808 denuntiaverant,
2761 2741 3261 2810 Christianorum,
3307 2759 3523 2816 propa-

1865 2827 1990 2885 lam
2016 2830 2420 2887 audacissime
2453 2846 2676 2901 magno
2706 2831 2933 2903 impetu
2962 2831 3279 2901 irruentes,
3309 2849 3404 2889 res
3426 2848 3524 2890 eo-

1866 2935 2000 2974 rum
2047 2921 2340 2990 pretiosas
2374 2925 2554 2992 atque
2610 2921 2906 2990 sepositas
2959 2919 3383 2992 diripuerunt:
3435 2922 3522 2980 eis

153 3017 427 3087 ποίγματα,
477 3018 548 3078 ὡς
597 3017 646 3068 ἂν
713 3013 896 3089 ἁμίλλῃ
958 3014 1158 3068 σκύλων
1211 3013 1600 3087 ἀγωνιζομένων
1651 3021 1752 3068 τῶν

1871 3024 2006 3064 vero
2041 3024 2178 3081 qum
2209 3008 2445 3065 viliores
2490 3014 2712 3074 essent,
2747 3025 2857 3066 nec
2889 3009 3060 3066 facile
3091 3010 3524 3082 comprehendi

154 3112 512 3180 στρατιωτῶν.
566 3104 688 3178 Οὐχ
735 3101 879 3170 ὁδός,
933 3104 992 3157 ού
1053 3104 1322 3178 λεωφόρος,
1378 3104 1437 3156 ού
1493 3106 1752 3164 στενωπὸς

147 3201 381 3266 παρεῖχε
445 3189 700 3256 διέξοδον.
767 3193 901 3246 Οὔτε
957 3191 1018 3246 δε
1071 3197 1293 3268 νύκτωρ,
1344 3189 1460 3245 οὐδ’
1501 3190 1550 3243 έν
1582 3194 1753 3267 ἡμέρᾳ

147 3285 210 3334 τό
273 3285 430 3334 κακὸν
468 3281 638 3354 ἔληγε.
698 3288 928 3357 Κήρυκες
976 3280 1131 3335 δ’ἀνὰ
1167 3289 1340 3335 πᾶσαν
1394 3280 1608 3353 έφοίτων
1654 3285 1749 3340 τὴν

145 3370 302 3423 πόλιν
358 3371 608 3444 μεγάλαις
670 3378 861 3444 φωναῖς
934 3370 1324 3445 έκρηγνύμενοι.
1397 3373 1466 3424 Τὸ
1525 3367 1584 3423 δε
1655 3389 1747 3428 κη-

145 3465 462 3534 ρυττόμενον
510 3458 571 3521 ἦν
606 3478 620 3493 ⁶
665 3463 732 3525 ὡς
772 3462 815 3515 εἰ
856 3466 928 3534 μή
979 3481 1058 3522 τις
1107 3464 1338 3536 Χριστόν
1386 3468 1560 3522 κακῶς
1607 3459 1750 3532 λέγοι

143 3554 214 3604 τὰ
267 3549 497 3622 μάλιστα
547 3549 750 3622 ἣαγέσι
804 3555 893 3603 καὶ
941 3547 1245 3623 δυσφήμοις
1302 3555 1511 3622 φωναῖς,
1570 3556 1750 3602 τοῦτον

147 3639 466 3712 ἁπανταχοῦ
499 3641 749 3716 σύρεσθαι
776 3658 790 3672 ο
847 3644 937 3692 καὶ
985 3639 1434 3714 περιελαυνόμενον
1485 3637 1746 3710 αἰσχρῶς,

144 3729 294 3792 τέλος
314 3735 442 3802 πυρὶ
465 3731 962 3804 καταπίμπρασθαι.

1864 3103 1968 3154 aut
1996 3098 2130 3154 ferri
2169 3103 2432 3170 possent,
2456 3097 2682 3163 fractis,
2711 3098 3007 3156 abierunt.
3038 3101 3180 3165 Quae
3220 3115 3367 3157 sane
3396 3101 3518 3157 mi-

1859 3185 2033 3244 litum
2064 3187 2302 3244 licentia
2331 3193 2389 3244 et
2416 3187 2770 3260 impunitas,
2795 3188 3012 3245 faciem
3042 3189 3206 3246 urbis
3235 3190 3314 3248 ab
3343 3189 3523 3247 hosti-

1859 3277 1977 3333 bus
2022 3283 2215 3349 captae
2246 3277 2521 3349 prmbuit.
2562 3278 2795 3350 Ubique
2850 3278 3050 3335 luctus
3097 3285 3242 3345 erat,
3297 3279 3524 3353 ubique

1861 3367 2242 3439 direptiones,
2278 3366 2561 3423 militibus
2594 3367 2670 3423 de
2715 3367 3045 3438 spoliorum
3077 3373 3134 3424 et
3162 3369 3518 3441 rapinarum

1861 3451 2238 3513 immanitate
2267 3457 2418 3512 inter
2464 3472 2526 3512 se
2557 3457 3060 3514 concertantibus.
3088 3460 3216 3514 Non
3242 3458 3368 3525 iter,
3396 3475 3521 3517 non

1861 3547 1979 3611 via,
2015 3562 2136 3602 non
2161 3546 2512 3617 angiportus
2533 3548 2759 3602 exitum
2790 3551 2847 3602 et
2880 3546 3090 3616 fugam
3117 3546 3474 3606 admittebat
3501 3563 3518 3608 :

1863 3636 1968 3691 diu
1999 3639 2302 3707 noctuque
2351 3634 2553 3691 clades
2587 3651 2660 3691 ea
2711 3635 2990 3692 durabat.
3047 3638 3355 3693 Prmcones
3414 3652 3524 3709 per

1866 3724 2076 3780 urbem
2120 3728 2305 3779 totam
2332 3723 2518 3789 ibant,
2551 3730 2606 3780 et
2636 3725 2874 3794 magnis
2907 3724 3274 3782 clamoribus
3306 3725 3523 3784 vocife-

139 3818 476 3875 rabantur:
515 3819 693 3891 379
727 3825 788 3875 ut
812 3820 863 3874 si
891 3818 1026 3891 quis
1049 3817 1350 3875 Christum
1378 3813 1830 3871 infaustissimis
1854 3812 2411 3884 impurissimisque
2435 3813 2780 3884 quibusque
2802 3812 3000 3869 verbis
3021 3828 3145 3871 non
3174 3815 3522 3887 proscindeo

141 3912 262 3974 ret,
293 3908 342 3964 is
370 3908 604 3981 passim
628 3912 988 3980 raptaretur,
1023 3913 1202 3980 atque
1225 3907 1309 3963 ita
1331 3903 1666 3962 foedissime
1695 3907 1990 3977 raptatus,
2023 3901 2271 3959 tandem
2299 3901 2428 3972 igni
2467 3903 2941 3958 combureretur.

752 4045 993 4096 ΚΕΦΔΛ.
1029 4037 1158 4096 ΚΘ’.

151 4152 468 4224 Περὶ-τῶν
499 4148 1037 4224 ἡττηθέντωνικαὶ
1069 4145 1559 4224 έξομοσαμένων
1588 4144 1655 4196 τὸ
1687 4145 1768 4196 σέ-

307 4219 420 4283 ϐας
456 4228 864 4294 Χριστιανῶν
904 4217 961 4272 έν
999 4225 1139 4280 τοίς
1176 4217 1617 4272 κατάίΔέκιόν-

231 4352 330 4400 Ἦν
384 4343 471 4399 οὖν
534 4342 664 4400 ἰδειν
712 4341 964 4404 τηνικάδε
1021 4343 1242 4405 πολλοὺς
1296 4345 1388 4416 μιν
1434 4342 1760 4416 ὠχριῶντας,

150 4442 360 4508 καὶτῷ
429 4432 536 4490 δέει
589 4435 932 4508 καταπλῆγας
996 4437 1388 4507 γεγενημένους,
1453 4430 1764 4494 ἐξίστασθαι

153 4530 373 4593 ἑαυτῶν,
427 4531 518 4580 καὶ
573 4533 690 4589 ταῖς
733 4532 952 4599 μιαραίς
993 4532 1094 4576 τῶν
1154 4525 1346 4577 θυσιῶν
1384 4526 1475 4574 καὶ
1523 4519 1762 4592 ἀνάγνοις

149 4626 261 4672 τῶν
311 4625 525 4689 τεγετῶν
564 4635 665 4691 προ
726 4620 947 4681 σιόντας,
1008 4615 1179 4686 ὥσπερ
1231 4612 1289 4666 ού
1335 4613 1608 4675 θύσοντας,
1651 4607 1759 4661 ἀλλ’

151 4707 350 4769 αὐτοὺς
379 4706 464 4759 οἶοί
501 4725 617 4758 τινα
658 4706 857 4778 σφάγια
892 4711 1003 4764 τοίς
1041 4699 1276 4764 εἰδώλοις
1313 4702 1756 4774 προσαγομένους.

147 4795 318 4849 Ὥστε
355 4800 444 4848 καὶ
484 4794 649 4867 χλεύη
680 4814 760 4857 τις
801 4790 862 4852 ἦν
891 4799 997 4854 τοῖς
1038 4790 1277 4845 ἀσεϐέσιν
1316 4789 1401 4844 ἐπὶ
1441 4797 1545 4850 τοίς
1583 4789 1760 4847 ἡττω-

153 4892 352 4962 μένοις.
416 4885 593 4939 ⁴Δλλοι
652 4882 712 4939 δε
775 4889 866 4938 καὶ
919 4888 1219 4959 προχείρως
1292 4884 1422 4956 ἤπερ
1490 4884 1581 4933 καὶ
1655 4877 1760 4931 έκε-

151 4978 382 5045 λεύοντο,
441 4978 793 5050 προσέτρεχον
839 4982 950 5035 τοῖς
1000 4971 1198 5047 βωμοῖς
1237 4989 1251 5004 ·
1311 4976 1401 5024 καὶ
1449 4969 1590 5044 μάλα
1641 4987 1759 5040 γεν-

152 5071 311 5130 ναίως
344 5065 767 5141 ἰσχυριζόμενοι,
822 5059 962 5136 μηδὲ
1012 5063 1038 5114 ὃ
1081 5081 1133 5114 τι
1187 5064 1312 5114 ποτέ
1364 5059 1504 5112 έστιν
1565 5053 1758 5111 εἰδέναι

154 5162 496 5232 Χριστιανοί.
544 5157 648 5211 Καὶ
687 5155 736 5206 οἱ
773 5155 864 5225 μεν
896 5151 1097 5204 εἵποντο
1133 5169 1146 5183 ·
1200 5152 1249 5202 οἱ
1302 5145 1361 5203 δε
1400 5151 1610 5221 ἔφευγον
1650 5163 1663 5177 ⁶
1708 5146 1758 5199 οἱ

158 5245 221 5302 δε
257 5247 536 5306 ἡλίσκοντο
578 5263 590 5276 ·
633 5248 723 5296 καὶ
761 5243 810 5295 οἱ
847 5244 938 5314 μέν
976 5240 1112 5314 ἄχρι
1151 5235 1357 5312 δεσμῶν
1397 5243 1488 5290 καὶ
1527 5235 1757 5310 φυλακῆς

155 5341 521 5413 χωρήσαντες,
587 5337 709 5407 πρὶν
784 5334 870 5385 επὶ
935 5326 1276 5402 δικαστήριον
1334 5327 1500 5400 έγθεῖν
1557 5325 1757 5398 ἐξωμό-

161 5445 322 5480 σαντο
362 5445 376 5459 ο
429 5427 478 5478 οἱ
509 5421 568 5478 δε
601 5427 690 5475 καὶ
723 5419 979 5496 βασάνοις
1029 5418 1276 5471 έπιποσόν
1325 5419 1752 5492 ἰγκαρτερήσαν-

157 5535 261 5586 τες,
315 5515 471 5572 ἔπειτ’
512 5515 729 5571 ἀπεῖπον
765 5515 898 5591 πρὸς
951 5511 1021 5566 τὰ
1074 5509 1212 5574 ἑξῆς.
1248 5507 1406 5562 Ὅσοι
1448 5503 1509 5562 δι
1550 5504 1756 5583 στερῤοί

1795 4275 1842 4333 D

2483 4035 2704 4092 CAPUT
2743 4036 2917 4092 XXIX.

1875 4142 1960 4199 De
1981 4141 2055 4200 iis
2081 4140 2184 4215 qui
2204 4141 2510 4200 tormentis
2526 4142 2787 4218 victisub
2813 4143 3009 4212 Decio,
3039 4143 3265 4202 Christi
3284 4143 3520 4218 religio-

2436 4229 2566 4271 nem
2595 4215 2985 4284 abjurarunt.

1947 4341 2146 4410 itaque
2175 4337 2502 4410 permultos
2544 4342 2673 4396 tum
2715 4339 2918 4396 videre
2956 4344 3082 4396 erat
3131 4340 3406 4414 pallidos.
3455 4344 3523 4398 ti-

1875 4443 2160 4500 moreque
2192 4427 2519 4499 perculsos,
2563 4433 2619 4484 et
2656 4443 2900 4500 prorsus
2943 4434 3374 4498 consternatos,
3421 4446 3522 4488 ne-

1871 4531 1990 4589 que
2040 4516 2131 4571 sui
2160 4519 2488 4589 compotes,
2520 4516 2598 4572 ad
2625 4514 2864 4588 impura
2893 4533 3066 4574 sacra
3103 4524 3159 4574 et
3205 4518 3397 4591 impia
3427 4535 3521 4578 sa-

1871 4605 2093 4662 criﬁcia
2123 4606 2427 4672 accedere,
2445 4621 2568 4663 non
2588 4605 2716 4663 illos
2732 4611 3024 4676 tanquam
3051 4607 3516 4676 sacriﬁcaturos,

1873 4695 1980 4752 ed
2009 4695 2188 4752 veluti
2215 4694 2390 4750 idolis
2406 4696 2552 4767 ipsis
2571 4695 2999 4752 sacriﬁcandos
3033 4711 3046 4752 :
3077 4695 3231 4752 adeo
3267 4701 3331 4753 ut
3349 4697 3521 4771 impii

1871 4785 1951 4841 illi
1968 4785 2266 4855 homines,
2301 4786 2504 4841 sannis
2536 4789 2594 4840 et
2628 4784 3047 4852 ludibriis,eos
3067 4786 3169 4858 qui
3185 4785 3264 4842 ita
3283 4787 3521 4844 animos

1867 4875 2349 4947 despondissent,
2363 4879 2882 4946 prosequerentur.
2901 4874 3158 4941 Quidam
3175 4875 3518 4948 promptius

1869 4967 2160 5037 citiusque
2189 4980 2375 5036 quam
2399 4964 2770 5035 juberentur,
2802 4963 2882 5019 ad
2924 4979 3060 5020 aras
3091 4965 3513 5034 accurrebant,

1867 5061 1924 5112 et
1953 5054 2188 5126 magnis
2214 5053 2452 5120 animis,
2493 5068 2555 5107 se
2584 5053 2882 5121 ignorare,
2914 5053 3208 5125 quidnam
3239 5053 3517 5112 Christia-

1865 5161 1981 5202 nus
2009 5149 2180 5208 esset,
2204 5141 2677 5200 asserverabant.
2701 5143 2892 5214 Atque
2923 5143 2960 5197 ii
2981 5142 3228 5215 quidem
3244 5148 3515 5215 raptores

1866 5233 2292 5307 sequebantur,
2356 5230 2457 5288 alii
2511 5229 2838 5298 fugiebant,
2893 5228 2992 5287 alii
3041 5233 3438 5305 capiebantur
3493 5250 3511 5296 :

1866 5322 2137 5380 nonnulli
2163 5321 2343 5378 etiam
2375 5333 2565 5391 usque
2592 5318 2669 5374 ad
2697 5335 3000 5376 carcerem
3013 5325 3070 5377 et
3107 5320 3348 5380 vincula
3379 5337 3515 5394 pro-

1866 5412 2072 5484 gressi,
2096 5410 2258 5483 prius
2278 5408 2459 5464 ﬁdem
2491 5406 2866 5480 abjurarunt,
2883 5424 3072 5480 quam
3085 5409 3161 5466 ad
3191 5410 3516 5470 tribunalia

1863 5501 2348 5575 protraherentur
2373 5513 2395 5570 ,'
2419 5495 2695 5556 nonnulli
2734 5501 2936 5558 autem
2977 5497 3356 5584 aliquantum
3391 5515 3520 5562 oru-
