4000 6220
545 266 684 322 1123

1853 249 1897 305 Ν
1903 244 2240 305 ICEPHORl
2278 241 2590 302 CALLlSTl

3741 242 3842 298 1124

545 390 800 448 ciatibus
845 393 904 446 et
956 383 1266 444 tormentis
1329 378 1611 446 toleratis,
1662 374 1990 450 suppliciis,
2058 385 2193 445 quin

2307 389 2436 431 τινες
2486 366 2620 428 ἦσαν
2676 364 2768 420 καὶ
2832 364 2950 420 ὅλον
3031 363 3441 438 εἰσοικισάμενοῖ
3495 365 3581 418 τὸν
3637 371 3841 439 Χριστὸν.

546 481 944 537 subsecutura
993 479 1182 540 erant,
1245 470 1412 530 fracti
1463 466 1841 526 deﬁciebant.
1886 463 2000 530 Qui
2055 476 2196 519 vero

546 570 708 626 ﬁrmi
755 567 1118 638 stabilesque
1162 567 1352 628 erant,
1411 564 1720 630 totumque
1774 554 2078 612 Christum
2134 551 2196 612 in

543 658 886 734 pectoribus
939 654 1064 710 suis
1112 651 1417 726 gerebant,
1471 647 1550 704 ab
1602 662 1672 703 eo
1725 640 2084 705 conﬁrmati,
2139 641 2202 700 οι

545 731 912 818 condignum
943 739 1433 815 inexpugnabilis
1457 736 1597 793 ﬁdei
1627 739 1685 792 et
1703 731 2054 790 constantia!
2068 743 2194 784 sua;

543 815 1080 898 roburiconsecuti,
1108 829 1421 904 praeclaros
1450 833 1630 899 atque
1654 823 1905 880 illustres
1936 835 2000 875 se
2026 815 2195 888 regni

545 928 673 999 ejus
703 925 1096 982 exhibuerunt
1137 925 1312 977 testes
1354 923 1411 974 et
1446 918 1760 986 martyres.
1804 909 1918 967 Sed
1945 909 2106 965 enim
2132 906 2194 963 in

542 995 865 1090 praesentia
883 1026 1094 1070 omnes
1119 1025 1222 1066 eos
1249 1007 1354 1080 qui
1378 1011 1503 1061 tum
1525 1018 1634 1076 pro
1647 1001 1876 1058 Christo
1907 995 2192 1069 martyrio

543 1087 733 1162 vitam
776 1102 1077 1166 ﬁnierunt,
1121 1110 1447 1160 recensere,
1483 1108 1555 1149 ac
1592 1097 1847 1162 tempus,
1872 1087 2092 1150 locum,
2137 1087 2213 1142 et

545 1193 798 1250 modum
824 1196 949 1247 tam
968 1187 1296 1259 insignium
1309 1181 1701 1240 certaminum
1728 1190 2047 1249 exponere,
2067 1178 2193 1230 tam

544 1283 607 1339 id
626 1279 756 1337 ﬁeri
785 1295 907 1336 non
932 1281 1146 1350 potest,
1176 1288 1361 1346 quam
1389 1284 1637 1328 arenam
1665 1265 1846 1324 maris
1875 1275 2194 1320 numerare

543 1387 669 1428 non
695 1374 801 1427 est.
833 1369 1036 1440 Itaque
1064 1377 1399 1436 perpaucas
1427 1363 1685 1424 tantum,
1726 1353 2027 1411 memoriae
2054 1365 2193 1422 gra-

549 1460 651 1528 tia,
682 1474 835 1530 quas
867 1474 901 1512 a
929 1452 1264 1528 majoribus
1312 1448 1488 1506 nobis
1537 1444 1780 1503 traditas
1823 1441 2190 1513 accepimus,

545 1554 884 1620 martyrum
910 1545 1100 1601 luctas
1126 1542 1240 1598 hoc
1264 1539 1396 1595 loco
1411 1540 1566 1594 recte
1596 1546 2028 1605 exsequemur:
2057 1543 2194 1602 quas

546 1616 804 1694 fortasse
830 1649 952 1690 non
983 1647 1116 1688 eam
1156 1629 1338 1685 ﬁdem
1378 1631 1434 1682 et
1454 1624 1799 1698 opinionem
1828 1620 1888 1676 in
1911 1616 2192 1684 Ecclesia,

2302 458 2389 513 ὑπ’
2438 457 2630 512 ἐκείνου
2677 457 3104 530 κραταιωθέντες,
3159 457 3250 507 καὶ
3305 461 3396 515 τῆς
3452 455 3499 506 ἓν
3553 453 3722 517 αὐτοῖς
3756 455 3844 507 (xu-

2306 552 2632 620 ταγωνίστου
2693 551 2922 608 πίστεως
2978 541 3126 608 ἀξίαν
3174 550 3266 604 τῆς
3317 546 3592 616 καρτερίας
3659 541 3844 606 λαϐόντες

2307 638 2490 710 ἰσχὺν,
2540 642 2834 712 περιφανεῖς
2899 642 2990 696 τῆς
3052 636 3244 687 ἐκείνου
3312 630 3584 707 βασιλείας
3656 630 3845 705 ἀνερώτ-

2307 745 2403 787 αν
2463 727 2741 800 μάρτυρες.
2802 722 2963 778 Ἀλλὰ
3022 727 3142 795 τόγε
3199 721 3288 774 νύν
3345 721 3470 794 ἕχον
3523 722 3712 782 πάντας
3764 727 3846 784 τοὺς

2301 811 2554 878 τηνικάδε
2617 822 2690 885 τῷ
2745 815 2874 888 ὑπερ
2934 819 3174 887 Χριστοῦ
3223 815 3497 887 μαρτυρίῳ
3553 810 3847 872 τελειωθέντις

2300 906 2421 959 καθ’
2475 905 2679 966 Wa
2733 907 2823 956 τὸν
2870 905 3052 976 καιρὸν
3109 906 3200 955 καὶ
3245 905 3402 955 τόπον
3443 905 3536 954 καί
3591 904 3763 974 τρόπον
3799 901 3849 964 ἐξ.

2301 995 2650 1070 «plagam
2706 991 2835 1047 πολὺ
2905 991 3096 1066 μᾶλλον
3177 987 3435 1045 ἀδύνατον
3510 991 3642 1062 ἡμῖν
3699 990 3725 1048 ἦ
3790 998 3847 1049 τῇ

2300 1086 2444 1158 παρὰ
2509 1090 2571 1157 τῇ
2643 1082 2884 1156 θαλάσσῃ
2965 1081 3182 1155 ψάμμον
3242 1078 3567 1154 ἁναμετρείν.
3617 1079 3785 1152 Ὀλίγα
3821 1079 3849 1132 a"

2301 1169 2390 1225 οὖν
2435 1174 2816 1246 ὑπομνήματα(
2856 1172 3042 1248 χάριν,
3107 1172 3210 1224 ὅσα
3259 1169 3384 1246 παρ’
3437 1168 3612 1222 αὐτῶν
3673 1169 3853 1242 πρεσϐυ-

2301 1266 2458 1336 τέρων
2498 1262 2567 1324 εἰς
2595 1264 2732 1334 ἡμᾶς
2783 1259 3017 1334 argum,
3069 1259 3129 1312 οὗ
3189 1260 3372 1332 φθόνος
3422 1265 3497 1329 τῷ
3535 1260 3747 1332 παρόντι
3776 1255 3856 1311 διας

2300 1349 2473 1404 λαϐεῖν
2503 1359 2602 1404 τῶν
2647 1357 2990 1425 μαρτυρικῶβ
3040 1347 3208 1404 ἄθλων
3241 1367 3256 1381 ·
3309 1345 3360 1400 οἳ
3409 1349 3581 1420 τυχὸν
3629 1349 3750 1409 ἴσως
3773 1345 3857 1402 ούδι

2303 1435 2462 1503 δόξης
2515 1447 2604 1501 τῆς
2674 1441 2816 1514 παρὰ
2871 1448 2963 1500 τῆς
3019 1437 3336 1501 Minoia;
3391 1439 3462 1499 ὡς
3520 1439 3552 1495 ἡ
3617 1433 3859 1511 παράδοσις

2303 1531 2514 1601 ἔτυχον.
2572 1533 2675 1582 Καὶ
2729 1527 2874 1582 ταῦτ’
2933 1529 3168 1601 έπιτὸμῳ
3210 1525 3346 1600 λόγῳ
3399 1526 3714 1600 ῥηθήσεται.
3761 1525 3860 1580 Ὁτι

2302 1613 2353 1671 δ’
2380 1614 2467 1670 οὖν
2523 1622 2615 1671 καὶ
2669 1622 2765 1676 τὴν
2842 1619 3095 1690 ἡμετέραν
3161 1613 3478 1688 διαπέφευγε
3536 1619 3758 1687 μνήμην,
3814 1625 3861 1687 τῷ

544 1743 728 1800 quam
773 1723 1011 1781 traditio
1061 1721 1212 1786 tulit,
1239 1723 1377 1774 sunt
1425 1717 1855 1772 consecutum.
1913 1711 1977 1765 Et
2019 1707 2193 1764 facie-

2485 1715 2584 1769 τῆς
2632 1708 2924 1800 θεαρχικῆς
2971 1711 3213 1778 γνώσεως
3257 1703 3532 1779 imago
3582 1700 3762 1756 εἰδέναι
3799 1709 3862 1756 ui

546 1833 682 1873 mus
704 1815 764 1870 id
795 1813 1068 1877 breviter,
1102 1815 1157 1866 et
1194 1805 1644 1880 compendiose.
1679 1803 1820 1868 Quae
1846 1803 2046 1856 autem
2072 1811 2194 1852 me-

543 1905 803 1962 'moriam
844 1908 1115 1960 nostram
1138 1895 1568 1964 subterfugere,
1596 1908 1698 1949 eas
1719 1894 1946 1947 secreto
1974 1886 2193 1942 divina

2305 1791 2547 1859 δοξάζειν
2598 1798 2668 1858 ὡς
2736 1793 3002 1870 βούλοισο.
3049 1794 3228 1868 Ἡμεῖς
3303 1789 3484 1854 δ’δσον
3533 1795 3731 1867 μέτριον
3773 1794 3863 1845 {m-
3954 1803 3955 1870 ᾖ

2301 1888 2617 1958 μτήσαντες,
2645 1888 2774 1959 πρὸς
2802 1885 2869 1938 τὰ
2894 1883 3007 1948 ἑξῆς
3037 1880 3391 1958 βαδιούμεθα.

551 1994 810 2052 scientiae
840 1997 897 2048 et
925 1987 1230 2064 opinionis
1274 1983 1692 2057 relinquimus.
1735 1982 1800 2036 Et
1841 1978 1927 2034 sic
1964 1973 2264 2048 agonibus
2301 1973 2724 2047 hujuscemodi
2768 1973 2980 2047 paucis
3009 1972 3528 2039 commemoratis,
3571 1969 3653 2038 ad
3675 1985 3740 2028 ea
3762 1987 3862 2044 qua

549 2086 878 2156 supersunt
906 2077 1380 2152 progrediemur.

1048 2184 1226 2258 330
1269 2181 1490 2240 CAPUT
1520 2178 1683 2235 xxx.

544 2299 631 2357 De
655 2298 728 2354 iis
750 2296 854 2369 qui
874 2302 998 2369 tum
1022 2291 1383 2369 martyrium
1400 2287 1800 2369 pertulerim},
1823 2281 2016 2369 Merra
2035 2293 2192 2369 servre,

619 2350 1719 2438 detrita/“femina,Apolloniayirgine,
1735 2353 2074 2417 Seravione,
2092 2350 2195 2406 Ju-

618 2430 802 2508 l'iano,
833 2430 1009 2504 Besa,
1042 2430 1305 2498 Machre,
1327 2435 1382 2489 et
1404 2430 1561 2488 aliis.

619 2547 731 2606 Sed
772 2547 1000 2620 primus
1027 2542 1298 2600 omnium
1331 2534 1726 2595 admirandus
1765 2532 1862 2590 ille
1883 2546 2062 2587 senex
2088 2529 2191 2585 de-

548 2619 906 2711 praadicetur
949 2636 1154 2690 Metras
1181 2630 1280 2703 (1),
1334 2643 1517 2701 quem
1564 2624 1778 2681 bellum
1833 2621 1948 2678 illa)
1977 2619 2195 2676 crude-

543 2728 772 2784 lissime
805 2729 1069 2797 raptum,
1097 2738 1166 2779 ea
1197 2721 1392 2777 dicere
1419 2715 1735 2787 cogebant,
1768 2728 1904 2786 quae
1933 2712 2005 2768 ad
2036 2725 2194 2766 sum-

546 2832 712 2873 mam
736 2815 1038 2886 injuriam,
1071 2806 1520 2873 contumeliam,
1557 2810 1614 2861 et
1651 2799 2099 2874 blasphemiam
2129 2798 2192 2853 in

546 2905 845 2962 Christum
884 2901 1030 2958 nihil
1067 2899 1329 2956 facerent
1367 2895 1594 2967 reliqui.
1639 2895 1709 2949 Ut
1738 2896 1938 2948 autem
1967 2888 2061 2946 ille
2086 2887 2192 2944 mi-

2909 2175 3154 2225 ΚΕΦΔΛ.
3196 2169 3280 2225 Λ’.

2301 2283 2453 2352 Περὶ
2491 2287 2610 2352 τῶν
2647 2281 2789 2352 τότε
2824 2278 3405 2352 μαρτυρησάντων,
3450 2281 3702 2352 Μιητρᾷ,
3732 2278 3868 2334 leh-

2369 2348 2496 2418 τας,
2536 2348 2987 2416 ’Δπολλωνίας,
3028 2348 3450 2422 Σερίαπίωνος,
3505 2348 3866 2418 Ἰουλιιινοῦ¹

2371 2428 2568 2488 Βησᾶ,
2610 2424 2936 2497 Μάκαρος,
2977 2421 3371 2497 καὶίέτέρων.

2370 2536 2553 2586 Τοίνυν
2607 2535 2700 2584 καὶ
2763 2537 2958 2605 πρῶτος
3023 2530 3149 2602 ἡμῖν
3229 2530 3485 2582 ἑκκείσθω
3555 2535 3632 2598 τῷ
3675 2527 3795 2600 λόγῳ
3843 2529 3861 2579 ὁ

2304 2623 2598 2696 θαυμάσιος
2657 2618 2963 2697 πρέσϐύμης
3007 2624 3230 2693 Μητρᾶς
3257 2637 3272 2649 ο
3319 2619 3373 2671 ὃν
3431 2619 3484 2671 οἱ
3537 2619 3688 2693 θῆρες
3725 2617 3869 2670 ἐκεῖνοι

2300 2717 2392 2766 καὶ
2460 2712 2722 2784 ὠμότατοι
2779 2705 3189 2782 διαρπάσαντος,
3255 2705 3423 2761 ἐκεῖνα
3488 2705 3655 2780 λέγειν
3716 2705 3870 2760 ἀνέπει-

2304 2803 2425 2867 θον,
2461 2801 2563 2852 ὅσα
2621 2794 2787 2872 μηδὲν
2839 2797 3080 2851 ἑλλείπειν
3149 2797 3222 2858 εἰς
3284 2799 3566 2870 παροινίαν
3615 2801 3706 2848 καὶ
3755 2793 3868 2868 ὖερο

2299 2895 2391 2944 καὶ
2445 2886 2784 2963 βλασφημίαν
2841 2893 3082 2960 Χριστοῦ
3144 2890 3322 2958 ᾤοντο.
3385 2883 3478 2948 Ὠς
3547 2880 3599 2938 δ’
3666 2879 3868 2955 οὐδαμῶς

544 3011 661 3052 nus
687 2995 771 3051 eis
791 2998 878 3050 est
897 2993 1238 3059 obsecutus,
1266 2990 1457 3044 totum
1478 2998 1697 3055 corpus
1718 2981 1846 3053 ejus
1868 2978 2192 3036 saevissime

2307 2981 2564 3042 πειθήνιος
2619 2974 2702 3048 ἦν,
2747 2975 2918 3040 ξύλοις
2973 2975 3086 3030 ὅλον
3141 2978 3201 3029 τὸ
3262 2982 3418 3047 σῶμα
3468 2979 3710 3036 παίοντες
3754 2972 3870 3046 ἀφει-

547 3082 804 3140 fustibus
863 3078 1332 3142 diverberarunt,
1390 3073 1606 3130 faciem
1676 3069 1968 3128 arundine
2018 3073 2196 3124 acuta

547 3172 988 3235 consciderunt,
1035 3166 1242 3224 oculos
1273 3162 1687 3225 confoderunt,
1740 3158 2023 3216 interiora
2049 3173 2196 3230 quo-

547 3277 666 3336 que
704 3265 763 3318 et
802 3259 1046 3316 latentia
1084 3254 1351 3328 corporis
1390 3252 1523 3308 loca
1541 3249 1876 3308 laniarunt:
1909 3253 2089 3320 atque
2118 3245 2198 3303 ad

549 3350 848 3417 ultimum,
882 3345 1240 3404 immanitati
1269 3359 1393 3398 suae
1419 3339 1594 3414 quasi
1637 3337 2068 3402 renuntiantes,
2105 3336 2200 3392 in-

550 3441 711 3507 genti
739 3440 798 3495 vi
843 3436 1117 3510 lapidum
1147 3449 1286 3489 eum
1325 3431 1671 3488 obruerunt.
1723 3426 2002 3492 Quintam
2031 3439 2195 3490 vero,

546 3529 837 3586 feminam
892 3523 1246 3598 quamdam,
1295 3520 1374 3578 ad
1418 3517 1811 3574 simulacrum
1851 3513 2195 3580 adductam,

547 3619 794 3676 adorare
821 3615 966 3672 illud
1004 3615 1330 3686 jusserunt.
1366 3607 1540 3676 Quod
1569 3607 1713 3680 quia
1745 3605 1847 3662 illa
1875 3604 2070 3660 facere
2095 3602 2202 3658 de-

549 3707 855 3770 trectabat,
889 3702 1144 3773 alligatis
1163 3705 1341 3772 atque
1359 3697 1674 3771 suspensis
1697 3711 1768 3752 ex
1796 3693 2052 3767 pedibus
2067 3691 2199 3764 ejus

548 3796 816 3862 funibus,
839 3809 944 3867 per
963 3791 1225 3849 mediam
1252 3805 1388 3846 eam
1413 3788 1738 3844 distraxere
1759 3782 2196 3840 Alexandriam.

552 3885 775 3942 Deinde
793 3881 1134 3940 durioribus
1160 3885 1340 3952 atque
1366 3876 1693 3934 acclivibus
1720 3873 2197 3945 loeisraptatam,

551 3975 802 4033 tandem
827 3973 889 4029 in
928 3969 1232 4036 eumdem,
1266 3983 1388 4040 quo
1427 3964 1609 4039 paulo
1648 3968 1783 4020 ante
1811 3963 2080 4023 Metram,
2111 3959 2198 4016 lo-

555 4081 694 4122 cum
707 4063 1077 4137 perductam,
1093 4058 1300 4114 itidem
1316 4061 1380 4112 ut
1406 4055 1599 4121 illum,
1631 4051 1938 4125 lapidibus
1962 4049 2200 4106 allisam

553 4168 780 4211 corona
809 4149 1076 4222 martyrii
1103 4148 1484 4204 decorarunt.
1506 4147 1641 4200 Post
1663 4143 1819 4199 hanc
1841 4137 2200 4197 admiranda

555 4242 878 4300 adducitur
905 4237 1241 4310 Apollonia,
1267 4234 1441 4305 virgo
1477 4235 1776 4290 senectute
1801 4230 1929 4302 jam
1963 4243 2202 4285 venera-

549 4332 708 4398 bilis,
750 4345 890 4386 esca
918 4327 1123 4384 bestiis
1163 4329 1469 4382 asservata
1500 4338 1512 4378 :
1545 4338 1682 4395 quas
1735 4336 1874 4376 cum
1929 4318 2200 4390 lapidum
2237 4347 2285 4402 ι)

551 4420 769 4478 ictibus
796 4417 976 4473 simul
1007 4421 1062 4473 et
1104 4414 1378 4471 maxillas
1406 4419 1462 4470 et
1489 4411 1700 4467 dentes
1721 4425 1932 4466 omnes
1975 4407 2202 4464 amisis-

553 4516 665 4576 set,
697 4507 862 4582 quod
913 4505 992 4563 ad
1030 4520 1200 4561 aram
1245 4501 1578 4558 sacriﬁcare
1604 4514 1853 4572 prorsus
1907 4496 2108 4566 nollet,
2141 4497 2203 4552 in

553 4615 792 4674 pyram,
826 4612 964 4670 qua:
994 4593 1170 4651 idolis
1197 4596 1412 4666 parata
1448 4591 1639 4647 fuerat
1677 4589 1958 4653 maxima,
1992 4602 2206 4644 accen-

557 4705 690 4747 sam
713 4686 938 4758 ingenti
969 4683 1277 4742 alacritate
1302 4679 1574 4754 prosiluit
1601 4696 1615 4747 ;
1641 4679 1818 4748 longe
1837 4676 2203 4750 praestantis-

553 4779 775 4836 simum
807 4791 935 4832 esse
965 4773 1212 4839 ducens,
1240 4776 1306 4827 ut
1339 4771 1426 4826 sic
1454 4770 1588 4842 ipsa
1621 4767 1740 4824 Deo
1765 4766 2006 4823 victima
2035 4764 2206 4822 oﬂer—

550 4874 732 4926 retur.
779 4867 879 4921 His
933 4862 1180 4921 accessit
1234 4860 1542 4932 Serapion,
1593 4857 1786 4930 patria
1838 4855 2129 4928 Ephesius
2187 4869 2201 4909 :

555 4958 728 5029 cujus
778 4971 917 5011 cum
965 4953 1242 5010 membra
1271 4949 1477 5006 omnia
1524 4962 1749 5018 magna
1790 4945 2115 5018 ﬂagrorum
2144 4944 2204 5001 vi

554 5045 976 5115 concidissent,
1022 5039 1419 5112 articulosque
1456 5037 1722 5110 corporis
1752 5035 1898 5092 locis
1935 5033 2207 5090 sedibus-

553 5151 671 5210 que
708 5134 831 5190 suis
871 5131 1287 5194 dimovissent,
1320 5133 1533 5198 postea
1561 5125 1926 5198 praecipitem
1960 5139 2100 5179 eum
2134 5139 2207 5180 ex

555 5223 863 5294 superiore
909 5221 1043 5278 loco
1081 5219 1379 5290 dejectum
1409 5219 1752 5273 enecarunt.
1787 5215 1934 5270 Tum
1963 5227 2206 5285 quoque

557 5305 856 5384 Julianus,
885 5311 968 5368 ita
992 5309 1248 5383 pedibus
1269 5323 1448 5378 aeger,
1467 5311 1532 5362 ut
1555 5319 1752 5376 neque
1771 5301 2083 5360 ambulare
2108 5317 2209 5358 ne-

554 5420 673 5480 que
700 5417 939 5461 movere
966 5415 1028 5457 se
1059 5402 1279 5472 posset,
1311 5412 1451 5453 cum
1480 5393 1721 5452 duobus
1755 5391 1910 5457 aliis,
1941 5390 2045 5463 qui
2069 5405 2210 5447 eum

629 5580 710 5656 (1)
735 5580 846 5638 Alii
873 5579 1036 5637 hunc
1070 5577 1398 5648 martyrem
1427 5571 1768 5632 Murenam
1803 5569 2137 5630 nominant.

2302 3067 2424 3136 δῶς,
2464 3066 2715 3140 καλάμοις
2753 3065 2894 3129 ὀξέσι
2934 3068 2994 3118 τὸ
3042 3069 3326 3139 πρόσωπον
3366 3066 3556 3137 ᾖκιζον
3607 3080 3622 3094 ’
3656 3067 3743 3116 καὶ
3778 3067 3869 3125 τοὺς

2303 3157 2596 3232 ὀφθαλμοὺς
2661 3158 3014 3222 κατεκέντουν,
3090 3158 3185 3213 τὴν
3254 3149 3401 3207 ἔνδον
3467 3151 3666 3206 πλάσιν
3731 3151 3864 3224 ἀμύσ-

2307 3264 2512 3308 σοντες’
2538 3245 2590 3308 ές
2663 3246 2878 3318 ὕστερον
2970 3240 3352 3311 δ’ἆπειπόντες,
3423 3242 3594 3304 λίθοις
3661 3240 3863 3314 ἀφθόνοις

2305 3334 2573 3412 βάλλοντες
2623 3336 2879 3408 ἔφθειραν.
2936 3335 3157 3388 Κοῖνταν
3213 3329 3274 3385 δέ
3347 3351 3469 3386 τινα
3527 3339 3752 3404 γυναῖκα
3807 3329 3868 3382 ἐπὶ

2305 3430 2364 3480 τὸ
2429 3421 2642 3480 εἴδωλον
2707 3423 3001 3496 ἀγαγόντες,
3075 3425 3170 3481 τὴν
3235 3423 3603 3497 προσκύνησιν
3663 3419 3868 3488 ἄφοσιοῦτ

2306 3518 2480 3588 εκείνῳ
2551 3515 2925 3589 προσέταττον.
2995 3511 3144 3566 Ἐπεὶ
3219 3506 3572 3586 δ’ἁπηγόρευε
3645 3510 3868 3582 πράττειν,

2310 3608 2561 3677 σχοίνους
2608 3609 2706 3656 τῶν
2753 3598 2932 3655 ποδὼν
2987 3600 3386 3675 ἕξάρτὴσαντες,
3441 3596 3539 3653 διὰ
3595 3602 3756 3672 μέσης
3799 3597 3870 3649 εἰλ-
3954 3649 3955 3672 ἦ

2307 3713 2396 3748 κον
2437 3701 2641 3770 πρῶτον
2703 3699 2799 3755 τῆς
2852 3687 3243 3764 Ἀλεξανδρείας
3289 3710 3306 3727 ο
3378 3691 3558 3743 ἔπειτα
3601 3696 3712 3752 τοῖς
3759 3686 3870 3740 bb-

2307 3802 2424 3836 τεσι
2485 3787 2576 3835 καὶ
2629 3784 2979 3855 τραχυτέροις
3029 3788 3130 3832 τῶν
3200 3782 3373 3833 τόπων
3445 3785 3738 3854 προσῆγον.
3799 3780 3870 3829 Καὶ

2307 3871 2445 3934 τέλος
2497 3871 2571 3934 εἰς
2625 3875 2780 3924 τόπον
2833 3868 2908 3943 ἄρ’
3072 3873 3163 3922 καὶ
3207 3871 3294 3922 τὸν
3346 3871 3718 3943 προειρημένον
3771 3863 3870 3936 ἆγε-

2307 3965 2483 4034 γόντες
2530 3966 2770 4035 Μητρᾶν,
2819 3962 2909 4012 τὸν
2964 3962 3080 4012 ἴσον
3131 3962 3224 4011 καὶ
3280 3957 3411 4031 αὐτῇ
3463 3954 3560 4011 διὰ
3613 3964 3710 4010 τῶν
3753 3954 3868 4007 λίθω

2309 4049 2681 4125 περιϐάλλουσι
2735 4052 3002 4122 στέφανον.
3071 4046 3189 4100 Ἐπὶ
3255 4043 3324 4106 δη
3373 4048 3538 4120 ταύτῃ
3601 4049 3690 4098 καὶ
3725 4044 3867 4102 ἑθεν-

2310 4145 2487 4214 μαστη
2573 4145 2664 4193 καὶ
2757 4138 3086 4214 ἁειπάρθενος
3177 4135 3520 4202 Ἀπολλωνία,
3611 4131 3862 4208 πρεσϐῦτις,

2312 4230 2571 4302 εἰσήγετο,
2616 4231 2815 4302 θηρίοις
2870 4224 3261 4302 διατηρουμένη
3317 4224 3474 4300 βορά.
3543 4226 3716 4279 Λίθων
3762 4215 3866 4275 δ’οῶ

2312 4321 2449 4392 ὅμως
2514 4315 2691 4392 βολαῖς
2751 4319 2841 4378 τὰς
2904 4321 3150 4389 σιαγόνας
3217 4313 3578 4388 συντρῖϐεῖσα,
3645 4317 3730 4366 καὶ
3781 4314 3866 4367 τοὺς

2313 4403 2534 4468 ὀδόντας
2600 4409 2902 4479 σύμπαντας
2964 4403 3364 4478 έκκρουσθείσα,
3438 4406 3552 4456 επεὶ
3619 4405 3678 4454 τὸ
3743 4397 3866 4452 τελευ·

2312 4504 2457 4550 ταῖον
2511 4492 2760 4568 οὐδαμῶς
2806 4493 3032 4548 έπιθύειν
3071 4500 3144 4563 τῷ
3185 4490 3351 4565 βωμῷ
3410 4491 3582 4558 ἤθελε,
3639 4497 3697 4562 τῇ
3738 4505 3866 4560 παρθ-

2314 4589 2520 4660 ιιειμένῃ
2571 4583 2777 4645 ἐκείνοις
2823 4587 3050 4656 μεγίστη
3106 4582 3394 4655 ἀναφθείσῃ
3441 4586 3592 4656 πυρᾷ
3649 4579 3866 4653 πρόθυμος

2315 4675 2496 4741 ἥλατο,
2549 4675 2710 4727 θυσία
2763 4671 2952 4746 μᾶλλον
3013 4670 3144 4730 αὐτὴ
3197 4673 3578 4744 προσαχθῆναι
3635 4670 3862 4742 «ipsum

2317 4771 2452 4835 Θεῷ.
2513 4765 2651 4837 Πρὸς
2703 4758 2764 4817 δι
2827 4765 2918 4814 καὶ
2982 4764 3244 4834 Σεραπίων
3301 4759 3533 4833 Ἐφέσιος
3596 4761 3736 4831 γένος
3793 4754 3863 4806 εἰσ·

2315 4859 2471 4925 ἡγετο
2514 4869 2530 4884 ο
2589 4851 2651 4904 οὗ
2697 4852 2766 4904 τὰ
2819 4850 2945 4923 μέλη
3014 4854 3126 4910 ταῖς
3175 4844 3434 4924 σφοδραῖς
3489 4856 3594 4902 τῶν
3648 4850 3862 4920 μαστίγων

2317 4941 2584 4996 έπιθέσεσι
2641 4937 3038 5004 διακλάσαντες,
3092 4939 3190 5001 τάς
3243 4957 3300 4992 τε
3343 4945 3443 4990 τῶν
3488 4937 3696 5011 ἄρθρων
3747 4935 3859 5006 ἁρμο-

2313 5036 2428 5095 νίας
2477 5038 2569 5091 τῆς
2615 5032 2754 5083 κατὰ
2804 5031 2959 5102 φύσιν
3014 5023 3174 5103 ἕδρας
3226 5029 3594 5093 ἐπιστήσαντες,
3661 5023 3762 5078 εἶτα
3803 5024 3860 5072 ui

2315 5129 2484 5195 πρηνῆ
2535 5119 2590 5182 ἐξ
2613 5119 2644 5171 ύ
2689 5123 2891 5193 περῴου
2935 5116 3340 5182 ’καταϐαλόντες,
3388 5114 3509 5190 βίου
3585 5121 3678 5169 τοῦ
3729 5112 3856 5175 έξέσπ

2319 5230 2434 5266 σαν.
2472 5209 2608 5265 Τότε
2655 5203 2722 5268 δὴ
2773 5213 2864 5261 καὶ
2890 5207 3166 5268 Ἰουλιανός
3207 5205 3373 5279 ἀλγῶν
3571 5208 3690 5267 τοὺς
3739 5196 3858 5255 πόδας

2319 5299 2470 5374 ἀνὴρ,
2508 5300 2768 5352 κινεῖσθαι
2795 5293 2855 5350 δὲ
2885 5296 2917 5356 ἣ
2957 5292 3202 5370 βαδίζειν
3229 5296 3337 5368 ούχ
3377 5296 3490 5357 σῖος
3525 5313 3585 5350 τε
3623 5295 3708 5360 ὧν,
3731 5293 3857 5362 ἄγειν

2320 5386 2451 5444 δυσὶ
2492 5394 2620 5458 τοῖς,
2674 5389 2726 5441 οἰ
2794 5386 2952 5441 αὐτὸν
3008 5385 3220 5460 ἀνεῖχον
3271 5388 3523 5462 μετέωρον
3561 5401 3577 5417 ·
3622 5384 3689 5436 ὧν
3738 5382 3762 5434 ὁ
3799 5381 3855 5451 μὶν
