4040 6224
163 251 306 308 1125

1207 257 1783 320 ECCLESIASTICAS
1827 259 2191 321 HISTORIA?!
2224 263 2361 323 LIB.
2404 266 2468 322 V.

3393 271 3533 328 1126

160 396 292 450 προς
337 382 396 432 τὸ
453 382 667 452 μέγεθος
719 384 949 436 άπειπὼν
997 391 1097 438 τῶν
1143 382 1344 456 δεινῶν,
1389 386 1645 461 ἐξώμνυτο
1674 391 1757 462 μὴ

1878 390 2199 449 sublimem
2255 391 2627 450 sustinebant
2673 394 3014 451 adducitur.
3069 397 3336 461 Quorum
3384 397 3533 455 alter

163 465 320 530 εὐθὺς
389 473 484 528 τὴν
562 475 764 537 πίστιν,
841 477 932 526 καὶ
999 474 1276 528 άπελύετο·
1337 475 1518 552 ἅτερος
1583 474 1662 544 δὲ,

164 554 452 631 Ἰσχυρίων
492 561 582 631 μὶν
621 563 800 634 ὄνομα,
834 565 1028 625 Εὔνους
1069 559 1128 616 δι
1177 567 1236 616 τὸ
1292 567 1578 638 ἓπώνυμον,
1635 563 1767 640 μηδ’

162 642 226 696 ἀν
277 648 321 697 εἴ
345 665 397 698 τι
440 652 532 701 καὶ
569 653 768 719 γένοιτο
811 653 1065 724 προέσθαι
1109 657 1204 712 τὴν
1250 654 1414 714 καλὴν
1464 655 1765 728 ὁμολογίαν,

161 734 208 787 εἰ
262 740 352 788 καὶ
397 739 642 810 μυριάκις
709 736 820 793 δέοι
883 743 1069 808 θανεῖν,
1126 743 1366 819 ἰσχυρῶς
1420 745 1766 818 ἐνιστάμενος,

161 828 264 876 σὺν
333 825 591 899 ἰουλιανῷ
644 832 730 882 τὸν
782 833 898 884 ἶσον
950 833 1224 904 ἰγκειμένῳ
1293 837 1505 908 τρόπον,
1580 837 1770 907 ἓποχοι

158 913 416 986 καμήλοις
469 922 818 991 γεγενημένοι,
871 925 961 973 καὶ
1025 925 1272 997 μετέωροι
1335 926 1765 996 μαστιγούμενοι,

161 1000 260 1056 δ’ιά
324 1009 491 1076 μέσης
557 1014 651 1070 τῆς
703 1007 896 1071 πόλεως
958 1010 1169 1082 ἧγοντο.
1238 1009 1372 1066 Εἶτα
1416 1020 1511 1064 τοῦ
1592 1009 1766 1086 δήμου

156 1093 346 1165 ἄγριον
405 1094 582 1157 αὐτοῖς
625 1102 1052 1170 καταιγίσαντος,
1110 1107 1184 1171 τῷ
1239 1106 1369 1174 πυρὶ
1410 1104 1764 1161 κατεκάησαν.

158 1179 321 1235 ’Δλλὰ
365 1188 454 1236 καί
511 1191 682 1248 Βησᾱς
724 1186 828 1240 έκεῖ
873 1192 967 1248 τὴν
1022 1189 1233 1259 κλῆσιν,
1280 1189 1570 1254 καλλίνικος
1617 1191 1766 1245 ὁπλο-

155 1274 340 1356 μάχος
407 1281 644 1348 Χριστοῦ
705 1285 778 1348 τῷ
832 1276 970 1351 λόγῳ
1033 1287 1129 1341 τῆς
1189 1279 1450 1342 εὐσεϐείας
1525 1279 1767 1356 ἀριστεὺς

157 1355 378 1433 δόκιμος
420 1363 672 1436 ἐκφανεὶς,
729 1369 825 1424 τήν
879 1375 974 1429 τῆς
1027 1367 1248 1440 κεφαλῆς
1311 1355 1568 1442 ὑφίστατο
1623 1369 1766 1423 έκτο-

157 1453 286 1520 μήν.
331 1455 431 1504 Καὶ
485 1453 512 1504 ὁ
567 1458 857 1526 φερώνυμος
903 1451 963 1509 δε
1000 1459 1211 1531 Μάκαρ,
1254 1457 1422 1520 Λίϐυς
1449 1460 1514 1510 τὰ
1542 1459 1761 1533 πάτρια,

154 1538 354 1600 πολλῆς
423 1540 561 1613 αὐτῷ
627 1539 909 1616 δεδομένης
982 1553 1278 1621 προτροπῆς
1373 1547 1442 1608 είς
1522 1546 1760 1620 ἄρνησιν,

155 1626 270 1681 ἐπεὶ
317 1627 586 1692 ἀνένδοτος
624 1628 707 1699 ἧν,
754 1633 854 1694 ζῶν
900 1639 1028 1708 πύρὶ
1057 1640 1476 1708 κατεπίμπρατο.
1523 1641 1628 1690 Ναὶ
1657 1641 1762 1709 μὴν

1879 482 2074 537 statim
2101 481 2181 538 ad
2205 486 2432 538 tantam
2460 483 2756 540 malorum
2788 484 3225 540 immanitatem
3257 486 3530 544 animum

1878 569 2217 642 despondit,
2245 570 2429 627 ﬁdem
2459 572 2781 643 abjuravit,
2818 578 2873 628 et
2900 572 3048 630 liber
3073 573 3362 630 dimissus
3393 580 3482 632 est
3513 593 3527 643 ;

1879 657 2025 714 alter
2053 664 2275 724 autem,
2318 660 2413 716 cui
2440 660 2806 733 Ischyrionis
2847 676 3090 728 nomen,
3135 662 3286 718 Euni
3331 670 3534 722 autem

1879 762 2214 818 cognomen
2240 747 2370 815 fuit,
2396 749 2594 822 reipsa
2617 749 2760 805 satis
2787 765 2890 805 eas
2914 749 3346 822 appellationes
3370 769 3533 810 com-

1876 837 2168 910 probans,
2214 841 2271 894 et
2316 839 2802 910 persecutoribus
2849 839 3076 895 fortiter
3121 855 3468 911 repugnans
3513 859 3528 899 :

1877 927 2100 998 quippe
2122 927 2450 983 sexcenties
2470 928 2668 999 potius
2689 929 2864 994 mori,
2889 944 3071 1000 quam
3095 928 3434 1001 quidquam
3455 933 3532 989 de

1877 1015 2040 1072 bona
2064 1015 2437 1088 professione
2462 1017 2759 1073 remittere
2785 1022 3062 1088 paratus;
3086 1017 3336 1091 ipseque
3354 1020 3535 1078 Julia-

1875 1119 2011 1170 nus,
2051 1105 2156 1176 qui
2183 1105 2243 1160 in
2283 1105 2496 1162 eadem
2528 1120 2712 1162 causa
2751 1108 2915 1170 erat;
2951 1106 3196 1162 camelis
3239 1108 3532 1166 sublimes

1875 1192 2160 1266 impositi,
2197 1197 2377 1266 atque
2415 1195 2498 1251 ita
2535 1210 2643 1267 per
2671 1193 2932 1251 mediam
2967 1195 3176 1251 urbem
3213 1197 3386 1264 vecti,
3425 1198 3532 1256 ﬂa-

1875 1281 1998 1352 gris
2034 1281 2176 1338 caesi
2211 1287 2368 1349 sunt,
2405 1283 2598 1340 donec
2632 1299 2669 1340 a
2703 1283 2880 1355 plebe
2914 1284 3168 1340 ferocius
3207 1285 3531 1344 insultante

1872 1372 1933 1426 in
1955 1370 2158 1440 ignem
2175 1372 2429 1443 conjecti
2450 1372 2916 1443 conﬂagrarunt.
2941 1373 3058 1444 38
3070 1375 3112 1444 1
3140 1375 3256 1430 Sed
3272 1379 3330 1431 et
3354 1378 3532 1432 Besas

1872 1458 1956 1514 ibi
1984 1458 2443 1530 hoplomachus,
2465 1476 2572 1516 seu
2604 1464 2872 1516 armatus
2895 1460 3084 1526 miles,
3111 1466 3165 1517 et
3194 1461 3386 1519 victor
3415 1478 3531 1536 ope

1874 1546 2082 1603 Christi
2121 1549 2416 1620 egregius,
2443 1549 2609 1622 quod
2649 1565 2712 1604 se
2746 1549 2807 1604 in
2842 1565 2993 1606 verae
3033 1550 3269 1622 pietatis
3306 1551 3532 1622 profes-

1873 1638 2039 1693 sione
2068 1636 2420 1695 bellatorem
2454 1643 2786 1710 spectatum
2833 1639 3174 1712 prmbuerit,
3207 1641 3418 1712 capitis
3441 1657 3530 1697 re-

154 1722 248 1769 καὶ
295 1719 609 1792 Ἐπίμαχος,
667 1727 758 1774 καὶ
815 1720 1177 1796 ⁹Αλέξσινδρος,
1230 1721 1423 1799 δεσμὰ,
1471 1725 1756 1800 κάθειρξιν,

1873 1726 2197 1782 sectionem
2227 1727 2522 1783 sustinuit.
2557 1727 2846 1784 Macarius
2879 1743 3144 1800 quoque,
3173 1744 3384 1785 verum
3413 1729 3530 1786 hoc

151 1807 338 1877 τᾶλλα,
405 1814 496 1863 καὶ
565 1809 828 1888 ξυστῆρας
891 1810 1094 1888 σιδήρῳ
1149 1815 1493 1887 τεθηγμένους
1567 1811 1762 1887 διενεγ-

154 1897 352 1963 κόντες,
425 1898 562 1961 τελος
633 1903 821 1974 τιτάνῳ
881 1907 1248 1977 προσριφέντες
1317 1904 1530 1978 ζεούσῃ,
1574 1900 1758 1968 δεινῶς

156 1985 548 2058 καταφλέγοντα.

1872 1814 2152 1871 obtinens
2195 1830 2441 1881 nomen,
2490 1816 2548 1870 in
2599 1815 2787 1889 Libya
2833 1821 3017 1883 ortus,
3064 1832 3205 1872 cum
3253 1817 3528 1889 plurimis
3567 1829 3571 1833 ‘

1871 1908 2030 1960 esset
2072 1903 2152 1960 ad
2183 1904 2567 1975 negationem
2616 1903 2863 1961 allectus
2905 1905 3123 1971 modis,
3151 1906 3278 1978 ipse
3326 1911 3528 1964 autem

1871 1993 2160 2049 immotus
2205 1997 2606 2065 permaneret,
2636 1994 2802 2050 vivus
2828 1997 2920 2050 est
2961 1996 3331 2052 combustus.
3369 1998 3526 2052 Prte-

156 2078 324 2132 terea
408 2077 772 2149 Epimachus
854 2085 910 2138 et
982 2081 1334 2147 Alexander,
1418 2086 1824 2155 posteaquam
1899 2097 2218 2148 carcerem,
2277 2083 2538 2150 vincula,
2603 2091 2658 2140 et
2730 2099 2911 2155 super
2997 2083 3117 2141 alia
3196 2084 3526 2143 novaculas

154 2161 318 2221 ferro
364 2167 738 2225 acuminatas
786 2169 1186 2241 pertulissent,
1236 2175 1544 2245 postremo
1590 2171 1652 2228 in
1699 2169 1926 2229 calcem
1958 2171 2267 2228 ardentem
2316 2172 2584 2244 projecti,
2645 2172 2996 2243 gravissime
3035 2177 3176 2230 sunt
3207 2173 3422 2233 exusti.

751 2288 974 2341 ΚΕΦΑΛ
985 2329 999 2345 .
1039 2286 1171 2342 ΛΑ’.

154 2374 314 2444 Περὶ
371 2370 571 2452 ἄλλων
622 2376 960 2452 μαρτύρων
1018 2375 1078 2428 ἐν
1133 2372 1599 2452 Ἀλεξανδρείᾳ
1651 2379 1758 2430 καὶ

448 2443 850 2519 Παλαιστίνη
891 2443 1481 2521 μαρτυρησάντων’.

225 2529 370 2585 Ἀλλ’
424 2529 548 2586 ούδε
611 2543 852 2606 γυναῖκες
903 2544 996 2589 τοῦ
1058 2537 1220 2590 καλοῦ
1299 2537 1492 2591 έκείνου
1562 2536 1760 2590 ἀπελεί-

151 2638 314 2673 ποντο
386 2629 698 2698 μαρτυρίου.
765 2624 1161 2701 Ἀῥρενωθεῖσαι
1228 2623 1288 2680 δὲ
1351 2631 1442 2680 καὶ
1477 2625 1632 2679 αὗται
1699 2628 1758 2678 τὸ

154 2712 417 2782 φρόνημα,
467 2709 728 2786 ἀνδρικῶς
777 2715 1118 2786 ἠγωνίζοντο.
1168 2720 1266 2768 1Ὧν
1318 2721 1496 2789 πρώτη
1543 2714 1758 2789 ’Δμμω-

153 2803 311 2871 ναρία
372 2796 455 2858 ἧν.
524 2800 791 2874 Ἀπήγετο
849 2806 952 2877 γὰρ
1013 2809 1110 2863 τὴν
1175 2804 1484 2877 επαγγελίαν
1546 2803 1754 2877 ἀψευδῆ

159 2895 432 2950 τηροῦσα·
487 2889 576 2944 άτε
631 2887 698 2950 δὴ
732 2889 898 2964 μηδεν
947 2894 1015 2944 ὧν
1071 2890 1329 2956 δικαστὴς
1383 2893 1578 2946 κελεύοι
1617 2893 1760 2966 φιλο-

155 2985 332 3029 νεικῶν
377 2985 494 3041 ταῖς
537 2977 793 3052 βασάνοις
839 2988 1007 3054 νικᾷν,
1067 2982 1474 3056 ἀποκριναμένη.
1532 2982 1650 3036 Ἐπὶ
1698 2981 1758 3037 δὲ

155 3068 320 3140 ταύτῃ
369 3072 460 3128 καὶ
521 3071 550 3127 ἡ
610 3072 887 3143 θαυμαστή
936 3080 1196 3144 γυναικῶν
1244 3077 1563 3147 Μερκουρία,
1605 3077 1695 3125 καὶ
1723 3075 1754 3131 ἡ

152 3154 416 3219 πολύπαις
460 3160 575 3231 μεν,
629 3163 689 3212 τὸ
744 3157 804 3213 δε
856 3161 1006 3214 πλέον
1070 3161 1301 3234 φιλόθεος
1340 3167 1605 3229 Διονυσία,
1665 3168 1758 3214 τοῦ

154 3242 469 3309 δικάζοντος
507 3250 556 3300 ἓν
596 3245 743 3302 αἰδοῖ
791 3254 1123 3323 ποιουμένου,
1173 3247 1246 3322 τῷ
1276 3250 1478 3326 ἄμετρα
1534 3249 1760 3324 βασανί-

154 3335 285 3403 ζειν,
333 3337 498 3400 οὕτως
544 3339 646 3391 ύπό
691 3347 949 3411 γυναικῶν
997 3345 1274 3415 καρτερίας
1332 3342 1612 3404 ἡττᾶσθαι,
1676 3358 1758 3393 σι-

154 3421 306 3500 δήρῳ
358 3429 619 3482 τεθνᾶσιν.
669 3429 787 3483 Ἐπὶ
834 3427 893 3484 δε
939 3433 1145 3493 τούτοις
1185 3429 1358 3506 Ἠρων
1404 3435 1494 3484 καὶ
1535 3429 1754 3505 Ἀστὴρ,

151 3513 436 3592 Ἰσίδωρος
480 3522 572 3571 καὶ
630 3523 928 3594 Διόσκορος,
988 3523 1131 3574 οὔπω
1184 3525 1416 3593 πέμπτον
1463 3524 1552 3573 καὶ
1606 3516 1759 3574 δέκα-

152 3623 240 3656 τον
277 3607 382 3666 ἕτος
421 3606 678 3671 έξηνυκώς
718 3623 731 3636 ⁶
779 3607 1036 3680 Αἰγύπτῳ
1081 3605 1140 3661 δε
1167 3616 1568 3681 προσοικοῦντες
1596 3605 1752 3668 ἦσαν.

152 3699 291 3767 Πυρὶ
344 3699 434 3768 μεν
482 3700 600 3759 τούς
647 3696 833 3761 ἄλλους
892 3697 1128 3772 έπίμπρα
1156 3718 1170 3732 ο
1218 3701 1305 3751 τόν
1354 3695 1413 3751 δὲ
1455 3702 1585 3765 νέον,
1638 3700 1758 3751 ἄτο-

145 3787 244 3836 πόν
286 3803 339 3837 τι
381 3785 577 3849 οἰηθεὶς
631 3793 750 3861 περὶ
803 3787 983 3854 αὐτοῦ,
1039 3793 1104 3849 ὡς
1155 3793 1225 3857 μὴ
1273 3787 1552 3863 ίῤῥωμένον
1598 3784 1754 3846 δῆθεν

141 3877 240 3925 καὶ
305 3871 552 3949 ἀνδρώδη
617 3875 966 3943 ἐξαπατῆσαι,
1025 3885 1230 3952 παρῆκε
1297 3880 1406 3948 μεν,
1479 3877 1753 3951 ὑπέρθεσιν

147 3965 324 4033 φήσας
384 3971 457 4035 τῷ
516 3969 610 4037 νέῳ
667 3964 952 4039 ἐπιμετρείν
997 3973 1090 4018 τοῦ
1148 3973 1236 4026 τῆς
1291 3965 1498 4027 ἡλικίας
1545 3963 1745 4037 ἀώρου.

142 4049 384 4126 Ἕτερος,
435 4058 703 4125 Νεμεσίων
745 4058 926 4126 ὄνομα,
986 4054 1264 4126 Αἰγύπτιος
1314 4050 1365 4106 δ’
1411 4055 1474 4112 ἦν
1522 4058 1610 4107 καὶ
1664 4053 1754 4106 αύ-

141 4145 254 4207 τός,
308 4147 596 4205 συνοικίαις
652 4140 812 4202 δῆθεν
862 4144 1064 4216 λῃστῶν
1112 4145 1386 4219 ἐντραφεὶς,
1447 4145 1549 4197 ὑπό
1597 4139 1752 4202 δίκην

147 4235 329 4303 ἤγετο.
377 4230 462 4293 Ὠς
509 4228 570 4285 δε
609 4241 702 4286 τοῦ
745 4232 1066 4305 ἐγκλήματος
1117 4236 1203 4286 τὸν
1246 4241 1424 4305 μῶμον
1480 4251 1752 4306 προσαπε-

141 4319 380 4392 τρίϐετο,
435 4324 500 4382 ὡς
563 4325 884 4396 Χριστιανὸς
938 4321 1115 4374 λοιπὸν
1172 4317 1390 4394 δέσμιος
1447 4325 1640 4394 εἴχετο.
1692 4321 1752 4374 ’0

2473 2287 2700 2346 CAPUT
2743 2289 2920 2345 XXXI.

1868 2376 1956 2434 De
1991 2377 2128 2434 aliis
2157 2377 2544 2447 martyribus,
2577 2378 2681 2450 qui
2709 2383 3008 2450 certamen
3037 2393 3211 2434 suum
3251 2379 3526 2438 obierunt

2222 2449 2616 2506 Alexandria!
2645 2456 2701 2506 et
2729 2451 2792 2504 in
2821 2449 3167 2506 Palzstina.

1938 2537 2204 2594 Mulieres
2248 2553 2492 2610 quoque
2526 2554 2563 2594 a
2601 2543 2728 2594 tam
2762 2537 3010 2610 pulchro
3041 2539 3364 2596 certamine
3402 2555 3524 2599 non

1867 2625 2138 2693 aberant,
2197 2642 2332 2698 quae
2382 2627 2610 2682 virilem
2675 2626 2967 2683 habentes
3028 2627 3322 2695 animum,
3379 2645 3524 2686 sane

1867 2730 2053 2787 quam
2102 2714 2328 2771 fortiter
2365 2714 2808 2787 depugnarunt.
2863 2717 3126 2782 Quarum
3183 2717 3378 2787 prima
3415 2717 3525 2775 fuit

1866 2803 1976 2858 Am
1985 2805 2285 2875 monaria;
2303 2804 2562 2861 abducta
2579 2805 2739 2860 enim
2756 2810 2863 2872 est,
2877 2806 3335 2877 promissionem
3349 2822 3524 2864 suam

1867 2897 2215 2950 constanter
2243 2909 2608 2949 conservans
2644 2915 2656 2949 :
2688 2911 2812 2967 qua
2841 2910 2903 2951 se
2934 2894 3080 2951 nihil
3110 2895 3402 2953 facturam
3432 2912 3524 2952 re-

1867 2987 2128 3054 ceperat,
2145 2982 2311 3054 quod
2328 2982 2518 3054 judex
2538 2984 2718 3038 variis
2745 2989 3178 3040 tormentorum
3202 2984 3523 3055 generibus

1867 3086 2006 3126 cum
2039 3087 2110 3126 ea
2143 3071 2533 3142 contendens,
2568 3087 2824 3144 eamque
2864 3087 3210 3144 expugnare
3250 3073 3521 3144 studens,

1860 3159 2157 3232 jussisset.
2199 3162 2334 3216 Post
2371 3159 2530 3216 hanc
2568 3165 2624 3217 et
2662 3161 3024 3217 admiranda
3061 3161 3162 3218 illa
3186 3163 3471 3220 Mercuria
3505 3181 3520 3219 :

1864 3264 1976 3305 nec
2006 3264 2128 3306 non
2157 3248 2485 3305 multorum
2516 3249 2844 3306 liberorum
2875 3255 3086 3315 mater,
3118 3255 3175 3306 et
3203 3251 3370 3324 quod
3397 3267 3524 3310 ma-

1861 3337 1961 3408 jus
1985 3342 2092 3404 est,
2118 3338 2220 3394 Dei
2243 3353 2458 3395 amans
2481 3338 2784 3411 Dionysia,
2810 3354 2949 3394 cum
2970 3339 3216 3412 quidem
3247 3325 3524 3411 quastio-

1864 3442 1993 3482 rem
2024 3427 2225 3499 ipsum
2250 3428 2376 3498 jam
2413 3428 2681 3500 puderet,
2713 3427 2881 3500 quod
2911 3428 2972 3483 in
3002 3428 3310 3484 immensis
3331 3430 3524 3486 carni-

1863 3514 2058 3571 ﬁcinis
2083 3516 2206 3572 suis
2227 3532 2264 3572 a
2293 3516 2611 3572 mulierum
2634 3515 2975 3572 constantia
2992 3518 3347 3584 vinceretur,
3367 3517 3522 3574 ferro

1865 3610 2003 3661 sunt
2039 3613 2285 3664 necatae.
2324 3607 2546 3663 Deinde
2588 3606 2804 3671 Heron,
2837 3610 2896 3661 et
2923 3607 3114 3674 Aster,
3147 3614 3204 3663 et
3239 3607 3519 3673 Isidorus,

1863 3697 1920 3749 et
1963 3694 2303 3759 Dioscorus,
2334 3695 2441 3767 qui
2470 3696 2744 3751 nondum
2783 3694 3087 3751 decimum
3118 3695 3393 3767 quintum
3425 3710 3523 3750 ex-

1861 3781 2129 3854 pleverat
2161 3799 2413 3851 annum,
2451 3784 2682 3856 Egypti
2716 3799 2950 3847 omnes,
2979 3784 3284 3856 producti;
3318 3789 3376 3840 et
3413 3799 3523 3840 cte-

1861 3872 1968 3928 teri
2009 3873 2254 3944 quidem
2295 3873 2419 3944 igni
2459 3879 2599 3930 sunt
2637 3873 2958 3939 combusti,
3008 3871 3521 3930 adolescentulum

1860 3964 2062 4016 autem
2089 3961 2276 4031 judex
2304 3962 2548 4027 dimisit,
2572 3961 2838 4017 absurda
2861 3961 3132 4032 quadam
3157 3960 3232 4016 de
3261 3975 3333 4017 eo
3373 3975 3520 4016 con-

1859 4053 2034 4120 cepta
2058 4049 2363 4121 opinione,
2395 4050 2562 4123 quod
2586 4049 2753 4106 illum
2777 4049 3053 4106 nondum
3086 4050 3227 4106 satis
3254 4049 3518 4115 ﬁrmum,

1859 4136 2121 4194 necdum
2153 4139 2367 4205 virum,
2403 4139 2600 4196 fraudi
2631 4144 2688 4195 et
2717 4138 3048 4195 seductioni
3079 4137 3360 4194 idoneum
3390 4153 3520 4195 esse

1860 4231 2132 4297 putaret;
2161 4245 2516 4302 moramque
2541 4232 2598 4285 et
2626 4232 2864 4300 tempus
2896 4228 2956 4284 in
2985 4243 3056 4284 eo
3082 4226 3521 4298 completurum

1861 4324 2102 4388 diceret,
2143 4319 2311 4393 quod
2360 4318 2519 4375 aetati
2564 4318 2818 4376 deesset.
2862 4321 2979 4374 Hos
3024 4321 3384 4374 consecutus
3431 4321 3521 4374 est

145 4408 212 4464 δε
258 4406 479 4476 ἀδίκως,
528 4415 618 4465 καὶ
670 4412 847 4483 μεῖξον
887 4411 917 4471 ἦ
962 4415 1082 4474 τοὺς
1129 4411 1330 4484 ληστάς
1376 4411 1748 4484 λυμηνάμενος,

1867 4411 2204 4476 Nemesion,
2227 4408 2538 4481 Egyptius
2562 4411 2618 4464 et
2642 4408 2791 4479 ipse,
2815 4411 2995 4479 atque
3019 4407 3170 4463 inter
3203 4405 3522 4478 prasdoues

142 4503 308 4572 μέσον
378 4498 577 4553 έκείνων
619 4503 780 4575 πυρὸς
836 4497 1075 4560 δαπάνηε
1126 4502 1285 4553 έποίει
1341 4503 1428 4553 τὸν
1486 4502 1750 4575 μάρτυρα.

143 4591 429 4661 Σύνταγμα
481 4585 530 4642 δ’
574 4587 624 4642 έν
680 4592 847 4662 τούτῳ
905 4597 1254 4664 στρατιωτῶν,
1300 4587 1494 4661 Ἀμὼν,
1551 4594 1749 4656 Ζήνων,

144 4676 482 4749 Πτολεμαῖος,
545 4677 792 4749 ’Ῑγγένης,
853 4682 943 4731 καί
1006 4698 1082 4739 τις
1146 4675 1443 4752 πρεσϐύτης
1502 4676 1752 4747 Θεόφιλος

143 4770 253 4841 πρὸ
321 4773 414 4819 τοῦ
477 4762 830 4841 δικαστηρίου
901 4766 1138 4831 έστῶτες,
1197 4770 1285 4820 καὶ
1349 4768 1749 4838 καταθροῦντες,

140 4860 268 4918 τούς
325 4854 754 4929 ἀγωνιζομένους,
814 4851 994 4914 έπειδή
1043 4875 1160 4910 τινα
1213 4858 1344 4930 πρὸς
1405 4857 1625 4929 ἄρνησιν
1670 4856 1752 4930 ῥέ-

139 4964 313 4999 ποντα
364 4945 554 5020 έὼρων,
597 4944 950 5018 ἀσχάλλοντας
989 4948 1078 5017 μὲν
1119 4941 1254 5004 ἦσαν
1293 4949 1383 4998 καὶ
1430 4940 1749 5019 διεπρίοντο,

139 5040 238 5088 καὶ
289 5041 362 5095 πῆ
416 5038 506 5108 μὲν
560 5033 809 5100 ἀνένευον,
840 5042 910 5094 πῆ
968 5030 1028 5087 δε
1065 5038 1154 5087 καὶ
1202 5037 1447 5095 τείνοντες
1479 5029 1614 5091 ἦσαν
1661 5036 1752 5094 τὰς

142 5131 358 5197 χεῖρας,
398 5127 457 5177 τὸ
499 5132 653 5196 σῶμα
678 5127 803 5197 πρὸς
833 5127 891 5176 τὸ
933 5119 1121 5177 δοκοῦν
1153 5119 1504 5194 διατιθέμενοι
1534 5121 1747 5194 εὐφυῶς.

143 5217 258 5266 έπεὶ
298 5209 358 5267 δι
394 5221 563 5266 ταῦτα
595 5214 908 5288 πράττοντες
946 5213 1308 5285 ἐφωράθησαν,
1351 5211 1438 5266 έπὶ
1484 5214 1544 5264 τὸ
1594 5208 1628 5264 δ
1635 5231 1750 5264 ικα-

145 5305 331 5357 στικὸν
376 5301 648 5375 ἀνήγοντο·
674 5299 842 5376 βῆμα.
900 5307 1002 5356 Καὶ
1053 5301 1352 5376 θαρσαλέως
1404 5303 1493 5374 μεν
1550 5300 1752 5374 ὡμολό-

140 5412 277 5466 γουν
305 5409 320 5424 ·
361 5391 410 5455 ές
465 5399 730 5456 τοσοῦτον,
779 5394 844 5452 ὡς
891 5394 976 5444 τὸν
1032 5391 1261 5464 ἠγεόμνα
1313 5395 1404 5444 καὶ
1459 5393 1578 5452 τοὺς
1631 5395 1751 5466 περὶ

146 5483 308 5536 αὐτὸν
361 5481 551 5555 μᾶλλον
607 5482 895 5555 θροεῖσθαι,
953 5478 1172 5540 ἐκείνους
1230 5477 1290 5534 δε
1343 5482 1571 5553 θάρσους
1624 5485 1751 5554 πίμ-

147 5572 388 5628 πλασθαι
416 5593 432 5608 ο
491 5575 583 5626 καὶ⁸
630 5573 749 5636 τοὺς
799 5572 890 5645 μεν
938 5566 1196 5631 δικαστὰς
1247 5569 1318 5633 εἰς
1371 5566 1489 5632 δέος
1526 5569 1751 5648 οῖρῥητον

1863 4503 2174 4565 educatus,
2217 4514 2339 4571 quo
2369 4497 2612 4554 nomine
2642 4496 2704 4552 in
2730 4495 3028 4568 judicium
3066 4495 3260 4551 fuerat
3296 4498 3520 4567 pertra-

1863 4594 1993 4646 ctus
2017 4609 2031 4646 :
2054 4594 2379 4662 postquam
2401 4593 2620 4652 autem,
2646 4601 2832 4641 causa
2857 4584 3036 4650 dicta,
3059 4584 3283 4640 crimen
3304 4582 3364 4638 id
3386 4598 3423 4639 a
3456 4598 3521 4639 se

1862 4684 1951 4737 est
1972 4677 2275 4743 amolitus,
2293 4675 2581 4748 deinceps
2604 4678 2670 4731 ut
2692 4673 3060 4730 Christianus
3081 4673 3141 4728 in
3161 4671 3412 4728 vinculis
3429 4676 3521 4728 est

1861 4769 2157 4826 detentus.
2176 4765 2464 4832 Quaasitor
2479 4779 2660 4838 porro
2676 4763 3111 4836 iniquissimus,
3128 4761 3321 4832 magis
3339 4760 3520 4819 etiam

1861 4859 1924 4914 in
1965 4858 2129 4913 hunc
2173 4870 2363 4928 quam
2405 4855 2466 4910 in
2505 4852 2636 4910 illos
2679 4852 2951 4916 saeviens,
2997 4855 3324 4919 martyrem
3366 4851 3520 4907 inter

1861 4946 2177 5020 praedones
2204 4944 2470 5000 medium
2493 4943 2619 5013 igni
2645 4941 2886 4999 exussit.
2909 4943 3129 4996 Turma
3148 4939 3365 4997 deinde
3386 4955 3519 4997 suc-

1862 5035 2018 5093 cedit
2047 5035 2302 5091 militum
2336 5049 2350 5088 :
2383 5037 2578 5088 Amon
2605 5031 2896 5096 videlicet,
2929 5028 3106 5095 Zeno,
3139 5029 3516 5096 Ptolemaaus,

1861 5128 2186 5196 lngenuus,
2211 5129 2266 5179 et
2285 5120 2539 5194 quidam
2565 5118 2776 5176 affecta
2797 5123 2969 5174 astate
2997 5117 3383 5189 Theophilus,
3406 5132 3517 5190 pro

1863 5213 2144 5270 tribunali
2183 5214 2541 5284 apparentes
2582 5225 2596 5264 :
2637 5208 2740 5280 qui
2781 5220 3040 5277 agonem
3080 5205 3516 5262 decertantium

1859 5307 2196 5374 martyrum
2218 5303 2572 5372 spectantes,
2597 5297 2645 5352 si
2664 5311 2845 5367 quem
2868 5295 3138 5350 viderent
3158 5295 3238 5350 ad
3257 5294 3518 5364 abnega-

1859 5392 2086 5449 tionem
2115 5392 2520 5464 'propensum,
2563 5385 2738 5458 382
2781 5384 3257 5454 indignationem
3295 5398 3415 5455 prae
3453 5398 3517 5440 se

1858 5480 2133 5550 ferentes,
2173 5477 2581 5550 riugebantur,
2620 5481 2679 5531 et
2725 5473 3052 5546 aliquando
3107 5471 3351 5545 quidem
3400 5471 3516 5529 illis

1859 5569 2196 5628 innuebant
2228 5584 2243 5625 :
2285 5564 2652 5640 quandoque
2688 5578 2832 5622 vero
2871 5575 3089 5621 manus
3133 5576 3274 5620 suas
3316 5564 3517 5621 exten-
