4040 6224
514 217 653 274 1127

1860 206 2245 268 NICEPHORI
2284 207 2602 268 CALLISTI

3733 209 3870 267 1128

516 342 746 412 dentes,
783 357 1002 415 corpus
1033 356 1210 396 suum
1245 355 1356 412 pro
1396 339 1642 396 arbitrio
1684 339 1864 394 variis
1904 337 2172 410 gestibus

2289 337 2539 410 ἴσχεσθαι
2572 355 2584 369 ’
2619 340 2742 399 τοὺς
2765 332 2820 389 δ’
2861 334 2910 388 έν
2959 334 3239 410 ἀπορρητῳ
3295 333 3710 408 ἅγαλλιωμένους
3765 330 3872 392 ἣδι-

514 431 905 488 inclinabant.
928 429 1099 496 Quod
1129 445 1267 485 cum
1293 430 1373 486 ita
1398 428 1591 485 facere
1621 428 1682 483 in
1708 426 1988 497 ﬂagranti
2017 426 2174 484 facto

516 521 871 594 deprehensi
916 523 1136 582 essent,
1181 518 1355 574 illicet
1398 518 1476 574 ad
1525 516 1863 590 quaesitoris
1913 515 2174 572 tribunal

519 615 658 666 sunt
697 609 960 680 abrepti;
1011 608 1114 664 ubi
1165 613 1329 664 tanta
1375 606 1596 662 ﬁducia
1645 605 2174 664 Christianismum

518 703 654 755 sunt
683 697 955 771 professi,
987 703 1049 753 ut
1078 697 1393 768 praefectus
1425 696 1551 768 ipse
1581 700 1638 751 et
1667 709 1999 750 assessores
2041 695 2172 765 ejus

514 787 899 844 vehementer
941 785 1456 851 eonturbarentur,
1493 788 1551 840 et
1587 782 1918 839 incredibili
1962 783 2173 839 timore

516 876 972 948 corriperentur,
1024 891 1161 930 cum
1210 874 1294 930 illi
1340 877 1550 930 contra
1600 871 1940 929 fortitudine
1989 871 2173 930 animi

515 965 710 1034 magis
746 964 1153 1037 implerentur,
1189 963 1539 1035 majoreque
1575 978 1764 1035 quam
1807 977 1942 1033 quin
1981 961 2173 1017 verbis

515 1054 800 1128 explicari
829 1055 1040 1126 possit,
1073 1053 1436 1110 exsultarent
1463 1052 1685 1117 laetitia,
1719 1055 1774 1107 et
1802 1057 1921 1107 tam
1945 1049 2173 1123 magni-

513 1145 630 1200 ﬁco
687 1144 993 1215 triumpho
1032 1143 1288 1199 victoriae
1329 1141 1696 1213 susciperent
1735 1157 2007 1197 coronas.
2058 1140 2173 1196 Nec

513 1233 716 1289 minus
746 1234 970 1289 interea
998 1233 1060 1288 in
1092 1231 1264 1303 pagis
1294 1236 1352 1288 et
1383 1231 1534 1286 villis
1571 1229 1813 1302 plurimi
1844 1229 1921 1286 ab
1959 1229 2174 1285 inﬁde-

516 1322 675 1378 libus
722 1327 860 1378 sunt
906 1320 1058 1378 male
1107 1321 1350 1392 accepti.
1409 1323 1471 1374 ln
1519 1318 1740 1390 quibus
1773 1325 1831 1375 et
1870 1319 2174 1390 lschyrion

516 1411 612 1467 ille
643 1411 770 1475 fuit,
793 1412 888 1466 cui
919 1428 954 1466 a
983 1410 1144 1467 claro
1171 1409 1441 1482 quodam
1472 1409 1602 1479 ejus
1631 1408 1748 1464 loci
1773 1408 1920 1475 viro,
1953 1409 2173 1464 domus

516 1501 860 1573 procuratio
907 1499 1194 1556 mandata
1223 1497 1434 1554 fuerat.
1485 1500 1630 1553 Eum
1673 1497 1960 1553 dominus
1998 1499 2173 1554 sacri-

517 1590 697 1646 ﬁcare
735 1589 813 1646 ad
853 1605 1024 1645 aram
1055 1588 1304 1644 deorum
1333 1588 1531 1658 jussit.
1566 1586 1634 1642 Et
1675 1603 1815 1643 cum
1857 1586 1918 1642 id
1958 1586 2052 1643 ille
2089 1602 2177 1643 re-

2283 430 2428 495 σθαι,
2482 428 2568 480 ἐπὶ
2615 427 2755 498 καλῷ
2801 435 2874 498 τῷ
2933 425 3171 501 θριάμϐῳ
3212 421 3600 498 ἀναδουμένους
3646 428 3736 478 τόν
3775 429 3870 477 στέ-

2283 537 2456 589 φανον.
2507 517 2753 570 Πλιῖστοι
2805 512 2865 569 δί
2916 520 3005 568 καὶ
3057 514 3204 568 ἄλλοι
3251 523 3351 570 τῶν
3395 514 3499 568 ἀπὸ
3549 520 3742 588 κώμης
3789 517 3870 567 ὑπὸ

2279 615 2380 660 τῶν
2436 606 2591 660 έθνῶν
2659 603 2952 659 διεσπῶντο
2983 622 2996 634 ·
3030 606 3098 656 ὧν
3128 607 3201 668 εἰς
3225 611 3317 658 καὶ
3360 604 3643 680 ’ἰσχυρίων
3702 604 3870 666 ἐκεῖνος

2282 692 2388 762 εῆν,
2443 695 2492 757 ὃς
2544 704 2642 748 τῶν
2688 694 2802 748 κατ’
2829 693 2968 748 οἶκον
3015 691 3129 767 εἶχε
3156 699 3252 754 τὴν
3301 693 3588 770 ἐπιτροπὴν
3637 702 3745 746 τῶν
3783 692 3873 745 ἑπι-

2283 790 2463 858 σὴμων
2525 781 2774 842 τηνικάδε
2837 789 3020 847 τινόςο
3081 784 3134 836 ὃν
3184 786 3212 837 ό
3269 792 3360 846 τῆς
3428 784 3596 846 οἰκίας
3627 781 3872 843 δεσπότις

2280 873 2505 929 ἐπιθύειν
2549 873 2742 928 ἐκέλευε
2787 881 2857 945 τῷ
2912 873 3097 947 βωμῷ,
3143 878 3235 927 καὶ
3278 879 3349 947 μὴ
3397 876 3702 946 πειθόμενον
3749 871 3874 942 ὕϐρι-

2282 965 2365 1026 ζεν
2407 985 2420 1001 ’
2480 962 2592 1017 εἶτα
2664 959 3001 1037 ἐλοιδορεῖτο.
3074 962 3163 1026 Ὡς
3221 959 3281 1016 δι
3350 967 3442 1017 καὶ
3498 965 3574 1016 ἔτι
3631 961 3876 1024 ένίστατσ,

2283 1053 2578 1128 βακτηρίαν
2632 1057 2886 1126 μεγίστην
2941 1051 3128 1118 λαϐὼν,
3195 1049 3291 1106 διὰ
3345 1060 3443 1106 τῶν
3518 1054 3740 1124 ἓντέρων
3809 1057 3879 1104 κει

2281 1153 2380 1196 τῶν
2440 1143 2755 1215 σπλάγχνων
2813 1139 3037 1212 διώσας,
3086 1141 3372 1196 πάέκτεινε.
3433 1147 3531 1196 Καὶ
3589 1145 3645 1194 τί
3703 1137 3791 1193 δεῖ
3834 1145 3878 1192 τό

2279 1232 2476 1294 πλῆθος
2550 1233 2910 1304 καταριθμεῖν,
2960 1233 3077 1285 ὅσοι
3139 1230 3357 1306 ἐρήμοις
3409 1235 3556 1305 ὄρεσι
3612 1229 3885 1286 πλανηθίν-

2280 1341 2359 1382 τες
2407 1323 2455 1374 οἱ
2513 1325 2602 1394 μεν
2658 1322 2811 1393 λιμῷ,
2861 1320 3007 1374 ἄλλοι
3065 1316 3124 1374 δε
3179 1317 3349 1392 δίψει,
3404 1325 3494 1374 καὶ
3545 1327 3624 1390 τῷ
3680 1315 3885 1390 σφοδῂ

2283 1414 2449 1484 κρύει,
2504 1415 2640 1482 νόσῳ
2703 1429 2759 1462 τε
2805 1414 2893 1463 καὶ
2943 1409 3180 1482 λῃσταῖς,
3241 1412 3366 1483 πρὸς
3416 1406 3478 1462 δί
3538 1413 3633 1461 καὶ
3702 1409 3885 1479 Θηρίοις

2284 1499 2488 1562 ἁλόντες
2533 1499 2874 1572 έφθάρησανς
2922 1504 3026 1552 Ὧν
3085 1501 3133 1552 οἱ
3175 1501 3553 1571 περιγενόμενοι
3619 1505 3724 1560 τῆς
3777 1496 3884 1549 iui-

2283 1610 2379 1643 νων
2453 1589 2583 1642 εἰσιν
2650 1588 2951 1652 ἀξιόπιστοι
3015 1590 3316 1663 μάρτυρες·
3370 1588 3436 1639 ὧν
3511 1586 3562 1640 ἓν
3618 1589 3776 1660 ἔργον
3832 1587 3890 1648 εἰς

518 1683 773 1742 cusaret,
815 1675 1192 1734 contumeliis
1231 1676 1516 1749 primum,
1559 1675 1776 1731 deinde
1818 1675 1999 1732 etiam
2039 1691 2178 1732 con-

2289 1676 2518 1738 δήλωσιν
2566 1681 2875 1752 παραθεῖναι
2921 1675 3030 1731 δεῖν
3083 1680 3282 1750 οἴομαι.
3333 1681 3627 1752 Χαιρήμων
3689 1672 3757 1734 ἦν
3817 1683 3892 1736 τῆς

517 1768 686 1823 viciis
712 1767 772 1822 in
800 1782 938 1822 eum
964 1771 1052 1822 est
1079 1767 1362 1822 invectus.
1391 1765 1505 1820 Sed
1541 1766 1696 1821 enim
1727 1781 1862 1820 cum
1893 1764 2092 1821 adhuc
2114 1766 2176 1820 in

519 1857 809 1913 sententia
858 1855 1158 1927 Ischyrion
1215 1854 1570 1926 persisteret,
1611 1854 1876 1926 scipione
1911 1855 2177 1912 maximo

510 1933 976 2017 comprehenso,
1004 1959 1110 2015 per
1137 1945 1418 2000 interiora
1448 1959 1587 1999 eum
1616 1943 1711 1998 ille
1739 1945 1962 2000 viscera
1992 1950 2179 2002 trans-

522 2033 750 2090 fossum
789 2034 1022 2089 occidit.
1059 2033 1173 2089 Sed
1202 2033 1349 2105 quid
1380 2048 1532 2104 opus
1559 2038 1647 2089 est
1694 2032 1928 2089 turbam
1967 2049 2177 2090 eorum

520 2138 849 2188 recensere,
872 2123 976 2195 qui
1012 2123 1070 2177 in
1110 2123 1249 2177 solis
1287 2122 1433 2178 locis
1468 2128 1524 2176 et
1559 2122 1863 2178 montibus
1897 2122 2179 2180 oberran-

522 2216 630 2278 tes,
663 2213 878 2284 partim
912 2212 1092 2276 fame,
1124 2211 1344 2284 partim
1377 2210 1490 2278 siti,
1522 2211 1770 2283 quidam
1809 2211 2036 2268 acriore
2074 2213 2177 2268 fri-

525 2318 665 2373 gore
725 2308 829 2359 aut
875 2302 1109 2369 morbo,
1157 2301 1429 2358 nonnulli
1477 2302 1656 2356 etiam
1699 2317 1737 2358 a
1792 2301 2178 2373 praedonibus

523 2392 818 2463 oppressi,
846 2396 949 2447 aut
974 2406 1009 2446 a
1040 2390 1243 2446 bestiis
1268 2390 1546 2462 discerpti
1582 2390 1889 2446 interiere?
1915 2392 2177 2456 Quorum

522 2481 813 2546 omnium,
839 2481 943 2552 qui
975 2495 1040 2536 ex
1075 2479 1160 2535 eis
1187 2480 1530 2552 superstites
1555 2478 1738 2546 fuere,
1763 2479 1965 2536 idonei
1995 2480 2178 2537 exsti-

2283 1768 2468 1822 Nsﬂtou
2529 1767 2848 1840 καλουμένης
2907 1766 3190 1829 ἐπίσκοπος
3255 1765 3470 1832 πόλεως,
3537 1763 3671 1839 ἀνὴρ
3749 1763 3893 1836 βαθιί

2284 1864 2428 1932 γήρᾳ
2469 1857 2699 1930 μάλιστα
2737 1854 3058 1931 διαπρέπων.
3112 1854 3282 1917 Οὗτος
3328 1858 3536 1927 σύναμα
3584 1863 3648 1927 τῇ
3715 1853 3892 1906 ἑαυτοῦ

2289 1946 2512 2021 συμϐίῳ,
2565 1951 2685 2020 περὶ
2728 1950 2808 2011 τὸ,
2866 1945 2892 1998 ὃ
2946 1944 3187 2019 Ἀράϐιον
3241 1949 3354 2019 ὅρος
3408 1947 3646 1997 καλεῖται
3699 1947 3892 2015 φυγὼν,

2286 2037 2380 2089 οὐκ
2439 2041 2689 2095 ἱπανῆκεν
2751 2031 2899 2096 αὖθις
2933 2051 2946 2067 ⁸
3023 2032 3147 2087 οὐδέ
3210 2054 3289 2095 τις
3346 2037 3547 2087 ἱκείνων
3619 2029 3759 2085 ἰδεῖν
3813 2038 3894 2084 τοῦ

2284 2125 2469 2180 λοιποῦ
2521 2121 2749 2184 έδυνήθη
2801 2124 2988 2185 αὐτούς
3020 2142 3032 2156 ο
3075 2122 3183 2176 ἀλλ’
3231 2119 3357 2177 οὐδὲ
3403 2125 3470 2176 τὰ
3500 2127 3736 2194 σώματα
3777 2120 3898 2174 iusi-

2285 2237 2382 2268 νων
2435 2217 2562 2268 ὅπου
2613 2222 2709 2286 γῆς
2761 2213 2884 2279 εἱσι,
2925 2214 2996 2284 τῷ
3046 2213 3307 2267 εἰσέπειτα
3353 2217 3530 2286 χρόνῳ
3578 2231 3684 2264 που
3732 2213 3897 2282 ὤφθη.

2287 2304 2472 2359 Πολλοὶ
2528 2300 2586 2359 δὲ
2629 2308 2719 2357 καὶ
2765 2302 2910 2357 ἄλλοι
2955 2305 3092 2355 κατὰ
3141 2305 3198 2355 τό
3250 2301 3512 2376 εἰρημένον
3563 2304 3687 2374 ὅρος
3740 2299 3901 2372 Ἀρέ-

2287 2393 2396 2446 ϐιον
2457 2393 2557 2446 ὑπὸ
2615 2401 2713 2445 τῶν
2769 2395 2928 2446 έκεῖνο
2983 2393 3400 2465 προσοικούντων
3470 2387 3763 2463 βαρϐάρων
3820 2389 3901 2441 ἐά-

2285 2483 2456 2536 λωσαν
2490 2500 2502 2512 ·
2548 2484 2597 2536 οἱ
2647 2486 2737 2555 μεν
2788 2482 2853 2555 τῇ
2903 2485 3181 2554 περιουσίᾳ
3233 2488 3330 2533 τῶν
3387 2481 3685 2552 χρημάτων
3733 2477 3902 2531 λυθένο

521 2578 640 2626 tere
679 2575 871 2626 testes.
905 2569 983 2623 De
1018 2567 1087 2623 iis
1117 2585 1188 2624 ex
1215 2568 1488 2640 pluribus
1520 2584 1708 2624 unum
1748 2567 1956 2625 saltem
1983 2585 2180 2625 exem-

521 2659 692 2732 plum
733 2658 949 2714 referre
989 2658 1402 2713 necessarium
1451 2673 1580 2713 esse
1623 2658 1786 2714 duxi.
1831 2657 2180 2715 Chaeremon

525 2753 675 2814 erat,
707 2749 836 2819 ejus
867 2747 1053 2812 urbis,
1081 2762 1215 2817 quae
1247 2745 1407 2802 Nilus
1438 2746 1670 2811 dicitur,
1704 2747 2046 2819 episcopus,
2088 2748 2181 2803 vir

523 2837 716 2894 multa
763 2841 1060 2892 senectute
1113 2835 1446 2891 admodum
1490 2837 1872 2892 venerandus
1913 2853 1927 2891 :
1972 2839 2018 2892 is
2059 2854 2179 2894 una

2289 2833 2436 2892 ἆθλοι
2475 2843 2565 2892 καὶ
2613 2841 2678 2891 τὰ
2715 2838 3070 2911 παλαίσματα.
3113 2838 3207 2891 Ὧν
3256 2840 3305 2891 οί
3353 2837 3591 2891 πλεῖστοι
3631 2843 3756 2898 τοῖς
3788 2854 3904 2908 xpo-

523 2943 661 2983 cum
706 2926 960 2996 conjuge
999 2940 1126 2992 sua,
1156 2941 1293 2979 cum
1331 2925 1390 2979 in
1428 2930 1714 2992 montem,
1755 2925 1853 2998 qui
1892 2927 2179 2983 Arabicus

2290 2936 2584 3003 τρεπτικοῖς
2657 2937 2756 2981 τῶν
2835 2929 3132 3004 Ὠριγένους
3213 2927 3377 3000 λόγων
3461 2923 3736 3000 ἀνδρικῶς
3825 2927 3905 2977 τὸν

522 3015 757 3083 dicitur,
797 3013 1175 3086 profugisset,
1226 3028 1540 3085 nunquam
1574 3014 1714 3070 inde
1757 3020 1844 3070 est
1880 3031 2177 3083 reversus,

2293 3017 2469 3090 ἀγῶνα
2503 3013 2757 3091 διέφερον.

513 3119 714 3176 neque
742 3104 1023 3175 cuiquam
1050 3117 1257 3158 eorum
1282 3106 1492 3173 postea
1520 3103 1831 3175 apparuit;
1862 3104 1970 3160 sed
1999 3121 2194 3178 neque
2220 3121 2490 3179 quonam
2519 3122 2774 3180 corpora
2802 3122 3012 3163 eorum
3042 3106 3436 3179 pervenerint,
3466 3103 3771 3176 cuiquam
3814 3109 3898 3161 est

522 3192 808 3264 deinceps
851 3192 1176 3261 cognitum.
1221 3191 1373 3256 Quin
1421 3191 1584 3247 multi
1617 3208 1861 3265 quoque
1896 3193 2015 3250 allii
2048 3193 2110 3250 in
2144 3196 2396 3254 Arabico
2441 3212 2511 3252 eo
2548 3201 2775 3264 monte,
2821 3196 2900 3252 ab
2944 3197 3028 3252 eis
3069 3195 3174 3268 qui
3217 3195 3386 3252 illum
3431 3192 3716 3250 incolunt
3772 3192 3904 3249 bar-

521 3282 686 3339 baris
715 3281 896 3352 capti,
926 3280 1019 3335 vel
1049 3279 1305 3351 pecunia
1335 3277 1413 3336 ab
1443 3281 1527 3335 eis
1557 3289 1695 3337 sunt
1722 3283 2035 3355 redempti,
2070 3283 2163 3340 vel
2196 3291 2437 3358 propter
2473 3286 2606 3342 aeris
2647 3285 2918 3358 inopiam
2955 3285 3172 3342 misere
3209 3285 3294 3341 ibi
3339 3283 3668 3358 perierunt.
3716 3283 3904 3354 Atque

524 3372 653 3428 huic
678 3371 924 3442 quidem
955 3368 1324 3425 Alexandriae
1355 3374 1411 3424 et
1438 3370 1499 3424 in
1528 3368 1785 3443 [Egypto
1815 3373 2159 3430 acciderunt
2185 3375 2458 3431 adversa.
2491 3375 2780 3431 Ceterum
2808 3390 2930 3432 non
2959 3375 3222 3430 minores
3249 3373 3423 3430 lucta
3475 3376 3534 3428 et
3568 3371 3908 3428 certamina

523 3459 586 3516 in
623 3459 937 3516 Palaestina
968 3458 1153 3514 fuere.
1189 3457 1281 3515 Sic
1320 3459 1547 3530 passim
1577 3459 1818 3532 plurimi
1857 3466 2148 3535 martyres
2188 3462 2604 3521 cohortatoriis
2647 3461 2916 3535 Origenis
2952 3462 3326 3521 orationibus
3385 3460 3635 3518 viriliter
3673 3473 3902 3533 agones

2285 2593 2368 2634 τες
2404 2589 2418 2604 ο
2462 2571 2641 2626 πολλοὶ
2682 2569 2741 2625 δὲ
2789 2576 2879 2624 καὶ
2917 2578 2990 2642 τῷ
3031 2569 3240 2645 ἀπορεῖν
3283 2578 3455 2632 κακῶς
3494 2567 3898 2643 παραπώλοντο.

2286 2662 2466 2714 Ταῦτα
2515 2664 2605 2734 μὶν
2658 2662 2734 2714 ἔπ’
2790 2663 3056 2732 Αἴγυπτον
3121 2665 3213 2713 καὶ
3264 2655 3660 2734 Ἀλεξάνδρειαν
3725 2656 3905 2731 ἐπράτ.

2287 2769 2436 2803 τοντο
2483 2752 2550 2802 τὰ
2607 2746 2754 2803 δεινά
2785 2769 2798 2782 ·
2852 2752 2934 2803 ίπὶ
2991 2747 3049 2802 δὲ
3110 2748 3459 2809 Παλαιστινης
3508 2747 3567 2800 οὗ
3623 2750 3808 2820 μείους
3859 2746 3904 2797 οἱ

531 3548 920 3622 pertulerunt.

1030 3635 1210 3708 333
1237 3637 1459 3694 CAPUT
1486 3637 1686 3693 xxxn.

541 3749 613 3806 Ut
643 3745 1004 3828 Qijigenesad
1029 3744 1941 3828 trjlgunqtmartyriiconsistens,
1969 3748 2189 3828 pietate

639 3817 988 3876 Christiana
1032 3817 1334 3886 abjurata,
1371 3832 1408 3873 a
1447 3817 1634 3888 seipse
1681 3817 2076 3890 degenerem.

601 3927 668 3984 Et
714 3925 808 3982 ille
856 3925 1102 3997 quidem
1148 3923 1478 3996 permultos
1525 3924 1662 3982 fecit
1702 3933 2032 4000 martyres;
2077 3929 2186 3986 sed

531 4032 671 4073 cum
701 4013 986 4071 omnibus
1009 4013 1128 4069 suis
1154 4015 1340 4086 copiis
1371 4014 1655 4072 hostiliter
1675 4018 1926 4074 Satanas
1960 4017 2184 4075 bellum

533 4105 586 4162 ei
626 4109 910 4170 moveret,
962 4103 1247 4174 omnique
1286 4103 1403 4158 viet
1441 4110 1659 4160 conatu
1703 4107 1993 4162 adversus
2043 4123 2183 4163 eum

531 4195 794 4262 duceret,
825 4197 881 4249 et
911 4193 1107 4248 acrius
1145 4190 1197 4247 ei
1223 4196 1348 4247 tum
1366 4206 1551 4264 quam
1591 4193 1843 4251 aliorum
1869 4195 2067 4261 alicui,
2098 4197 2186 4251 in-

532 4284 857 4355 festiusque
893 4281 1247 4347 immineret,
1277 4281 1536 4352 perfecta
1567 4287 1624 4338 et
1652 4283 1932 4340 absoluta
1968 4284 2184 4341 virtute

2893 3645 3138 3699 ΚΕΦΔΛ.
3182 3647 3304 3696 AB’.

2302 3749 2402 3824 :0;
2450 3756 2560 3805 καὶ
2605 3751 2944 3824 Ὠριγένης
2989 3759 3070 3824 τῷ
3127 3755 3503 3823 μαρτυρικῷ
3551 3748 3905 3824 παραστὰς

2295 3808 2569 3897 βήματι,
2629 3808 2698 3877 τό
2759 3808 2951 3886 σέϐας
3009 3808 3482 3896 ἐξομοσάμενος
3539 3808 3903 3895 διεφθάρη.

2365 3931 2498 3986 ’Δλλ’
2560 3931 2708 3994 οὗτος
2769 3934 2859 4005 μὶν
2906 3931 3123 3994 πολλοὺς
3173 3933 3338 3983 έποίει
3390 3931 3511 3991 τοὺς
3573 3929 3896 4002 μάρτυρας·

2294 4021 2434 4091 αὐτῷ
2497 4017 2556 4074 δι
2611 4025 2903 4094 πανστρατὶ
2954 4017 3236 4093 ἐφαμίλλως
3290 4025 3382 4071 τοῦ
3434 4018 3598 4070 Σστὸιν
3669 4034 3905 4090 παρατα-

2293 4110 2534 4182 ξαμένου,
2582 4111 2726 4182 πάσῃ
2774 4128 2826 4163 τι
2875 4117 3093 4182 μηχανῇ
3149 4113 3238 4162 καὶ
3290 4105 3511 4180 δυνάμει
3565 4106 3684 4158 κατ’
3748 4109 3904 4157 αὐτοῦ

2295 4204 2777 4272 στρατηγήσαντος,
2843 4203 2933 4251 καὶ
2997 4195 3344 4273 διαφερόντως
3390 4198 3536 4269 παρὰ
3589 4199 3718 4258 τοὺς
3773 4213 3906 4253 τηνι-

2289 4285 2423 4341 κάδε
2480 4290 2862 4361 ποθεμηθέντας
2911 4286 3103 4360 ἀγρίως
3151 4287 3289 4359 αὐτῷ
3351 4284 3772 4356 ἑπισκήψαντος,
3816 4290 3903 4336 τοῦ

531 4378 624 4430 est
650 4372 966 4428 destitutus
990 4387 1003 4436 ;
1031 4370 1316 4426 nimirum
1341 4371 1446 4442 qui
1470 4370 1756 4429 virtutum
1784 4374 2056 4431 omnium
2081 4391 2179 4448 pa-

2291 4379 2402 4432 κατ⁹
2452 4376 2637 4450 ἀρετὴν
2693 4376 3050 4450 ἀποτυγχάνει
3102 4375 3316 4446 τελείου,
3375 4377 3466 4428 ἅτε
3523 4371 3590 4433 δὴ
3646 4379 3746 4427 καὶ
3811 4382 3902 4426 τῶν

531 4467 697 4520 rente
727 4459 1130 4518 submissione
1159 4464 1216 4515 et
1243 4459 1598 4530 humilitate,
1631 4467 1685 4518 et
1713 4479 1850 4536 quae
1881 4480 1988 4536 per
2018 4464 2183 4520 illam

533 4551 812 4625 provenit
862 4547 1156 4604 immobili
1211 4552 1265 4602 et
1319 4555 1480 4605 recta
1531 4550 1718 4607 animi
1765 4553 2184 4611 constitutione

535 4646 717 4714 atque
758 4638 1087 4696 indolentia
1125 4636 1456 4693 excidisset.
1500 4640 1676 4696 Aiunt
1715 4642 1895 4709 enim,
1927 4643 2184 4701 Deciane.

531 4730 945 4807 persecutione
967 4733 1023 4784 et
1048 4729 1244 4800 ipsum
1269 4728 1768 4799 comprehensum
1792 4747 1944 4798 esse,
1976 4737 2034 4790 et
2053 4734 2185 4789 vin-

533 4823 681 4880 culis
708 4821 1111 4880 constrictum.
1141 4818 1406 4874 Primum
1432 4819 1634 4890 itaque
1663 4822 1969 4877 tormentis
1989 4823 2184 4892 gravi-

532 4914 648 4970 bus
679 4927 926 4985 corpore
957 4914 1083 4966 toto
1113 4905 1388 4974 afﬂictus,
1423 4923 1561 4964 mox
1592 4909 1808 4965 deinde
1837 4911 1897 4966 in
1930 4913 2185 4969 acerbis-

535 5005 759 5060 simum
784 4987 1079 5058 demissus
1106 5005 1192 5056 est
1220 5013 1537 5054 carcerem.
1570 4998 1657 5054 Ibi
1684 4999 1940 5070 ingentis
1963 5003 2186 5073 ponde-

531 5095 616 5151 ris
637 5094 1065 5150 ferramentum
1088 5105 1226 5146 eum
1257 5087 1668 5159 distringebat,
1699 5094 1754 5145 et
1775 5091 2020 5162 insuper
2040 5107 2188 5164 sup-

532 5184 778 5258 plicium
797 5183 954 5254 ignis
976 5182 1028 5237 ei
1042 5178 1463 5237 intendebatur
1483 5193 1493 5232 :
1517 5176 1754 5250 aliaque
1777 5180 1936 5236 mala
1967 5181 2185 5253 partim

526 5276 660 5350 jam
692 5283 816 5330 tum
841 5271 1267 5335 inferebantur,
1297 5269 1513 5340 partim
1541 5268 1724 5340 paulo
1748 5277 1886 5341 post
1914 5270 2186 5327 immine-

531 5365 700 5431 bant,
734 5381 803 5420 ac
833 5363 1045 5419 diebus
1077 5358 1346 5432 pluribus
1383 5363 1642 5430 quatuor
1685 5358 2064 5416 vinculorum
2093 5376 2187 5416 ca—

530 5460 688 5514 tasta
716 5455 898 5526 pedes
924 5451 1056 5524 ejus
1085 5448 1524 5506 distinebantur
1551 5447 1648 5519 (l).
1679 5446 1821 5515 Qum
1854 5449 2060 5508 omnia
2093 5464 2189 5521 ge-

609 5545 687 5620 (l)
717 5543 934 5604 Euseb.
969 5539 1074 5598 lib.
1108 5555 1190 5609 vi,
1226 5552 1359 5610 cap.
1401 5541 1491 5594 29.

2293 4465 2485 4542 ἀρετῶν
2545 4469 2745 4540 μητρὸς
2804 4474 2900 4528 τῆς
2965 4467 3456 4540 ταπεινοφροσύνης,
3509 4467 3601 4516 καὶ
3670 4471 3780 4525 τῆς
3835 4459 3903 4515 δι’

2291 4556 2454 4616 αὐτὴν
2509 4554 2763 4617 ἀπαθιίας
2833 4554 3129 4608 ἀποπεσὼν.
3211 4559 3313 4608 Καὶ
3389 4556 3514 4630 γὰρ,
3602 4557 3765 4625 φασὶ,
3834 4559 3898 4603 τῶ

2290 4649 2426 4699 κατὰ
2478 4649 2650 4699 Δέκιον
2705 4642 2923 4718 διωγμῷ
2979 4645 3334 4718 συλληφθέντα
3389 4647 3480 4696 καὶ
3530 4649 3722 4696 τοῦτον
3775 4649 3901 4715 φρῶ-

2290 4755 2358 4788 τα
2390 4737 2479 4808 μὶν
2520 4730 2694 4807 δεσμὰ
2736 4731 3076 4806 διελάμϐανον
3108 4749 3121 4763 ·
3180 4731 3434 4806 βασάνοις
3480 4729 3542 4785 δὲ
3579 4733 3702 4785 καθ’
3743 4731 3900 4784 ἁπιν-

2291 4843 2379 4888 τος
2425 4831 2516 4877 τοῦ
2565 4829 2806 4898 σώματος
2855 4823 3131 4890 αἰκισθεὶς,
3197 4824 3484 4896 πικροτάτη
3566 4821 3897 4897 ἐπερρίπτετο

2290 4923 2353 4988 τῇ
2407 4919 2624 4988 φρουρᾷ.
2664 4913 2850 4974 Κλοιὸς
2887 4911 2971 4966 ἐπὶ
3004 4915 3201 4973 τούτοις
3243 4908 3491 4987 σιδήρεος
3529 4915 3729 4975 πιέζων
3776 4908 3836 4970 ἦν
3876 4924 3888 4938 ⁸

2291 5011 2394 5076 πῦρ
2446 5022 2500 5056 τε
2552 5002 2807 5062 ἠπεὶλιτο.
2862 5006 2959 5056 Καὶ
3015 5001 3144 5055 ἄλλα
3191 5004 3259 5054 τὰ
3300 5004 3388 5073 μὶν
3431 4999 3678 5072 ἐπήγετο,
3728 5004 3798 5055 τὰ
3847 4995 3896 5053 δε

2293 5093 2482 5166 ἔμελλε.
2539 5091 2759 5154 Πολλαῖς
2811 5087 2861 5145 δ’
2901 5094 2950 5144 ἐν
2997 5094 3214 5165 ἡμέραις
3274 5094 3374 5144 ὑπὸ
3431 5094 3698 5165 τέσσαρσι
3751 5091 3893 5154 ξύλον

2295 5179 2514 5253 δεσμοῖς
2558 5184 2674 5242 τοὺς
2733 5177 2900 5242 πόδας
2964 5183 3309 5252 έντεινόμενος,
3367 5184 3613 5251 γενναίως
3671 5183 3888 5250 ἤνεγκεν.

2295 5273 2514 5333 Ἐκεῖνος
2560 5273 2649 5343 μὲν
2701 5266 2788 5323 οὖν
2837 5272 3002 5322 θανεῖν
3055 5271 3254 5342 ἕτοιμος
3288 5265 3350 5328 ἦν
3377 5283 3397 5302 ⁸
3429 5269 3500 5338 τῷ
3560 5265 3622 5322 δὲ
3667 5266 3885 5323 δικαστξ

2297 5360 2579 5434 φιλονεικια
2633 5359 2786 5413 πάλιν
2847 5359 3086 5434 ἑτέρωθεν
3151 5367 3246 5422 τῆς
3301 5361 3522 5431 ἐφέσεως
3601 5358 3886 5416 ἀποστῆναι

2294 5451 2725 5526 παρασκευάσαι,
2781 5453 2871 5504 καὶ
2931 5449 3065 5522 ξιφει
3133 5447 3370 5513 κολάζειν
3422 5450 3627 5512 ἣκιστα
3680 5449 3829 5511 ἢθελε
3866 5462 3878 5476 '
