4000 6220
125 260 270 318 1129
1164 257 1705 316 ECCLESIASTICA

1914 257 2144 314 I‘OBLE
2181 258 2320 314 LIB.
2374 261 2434 315 V.
3355 264 3494 320 1130

122 379 320 444 δεινοῖς
377 380 427 436 δ’
485 383 656 446 ἄλλοις
712 387 827 438 κατ’
888 382 1059 455 ὀλίγον
1112 383 1388 456 ὑπεξάγειν
1435 389 1528 436 τοῦ
1585 381 1702 456 βιοῦ

1921 397 2061 439 roso
2090 386 2145 440 et
2173 383 2309 440 forti
2330 385 2535 442 animo
2565 385 2822 458 pertulit.
2855 389 2919 443 Et
2948 386 3044 444 ille
3069 386 3318 460 quidem
3341 403 3498 444 mor-

120 475 385 545 ἓπειρᾶτο.
434 473 584 535 Τέλος
635 476 705 536 ὡς
761 472 944 526 ἀπεῖπε
1001 472 1256 537 κολάζων,
1319 470 1576 546 δαιμονίῳ
1627 471 1700 525 ἐπι

1917 489 1960 526 n
1996 471 2163 528 obire
2195 478 2444 544 puratus
2491 479 2635 532 erat.
2665 476 2972 541 Quaesitori
3021 481 3220 532 autem
3259 481 3497 533 conten-

121 561 300 615 ϐάλλει
361 569 424 635 τῇ
482 561 703 635 ἐπινοίᾳ.
773 566 926 623 Γνοὺς
990 565 1090 635 γὰρ
1150 565 1208 614 τό
1295 561 1571 636 φιλόσοφον
1643 582 1701 614 κο

1918 576 1994 617 ιεθ.
2025 561 2292 634 quadam
2327 562 2672 620 crudelitate
2712 564 2880 620 aliter
2919 565 3114 621 visum
3155 570 3262 632 est,
3306 565 3498 622 homi-

119 651 280 723 ἁγνὸν
335 658 425 704 τοῦ
475 649 681 727 ἀνδρὸς,
745 654 912 722 τούτῳ
954 658 1409 726 καταστρατηγεῖν
1464 651 1699 711 ήϐούλετι

1915 667 1982 706 ιω
2021 666 2056 707 a
2085 652 2378 708 sententia
2428 652 2848 727 desiderioque
2904 671 3015 711 suo
3061 654 3386 714 abducere.
3415 660 3495 711 Ac

120 744 226 795 Καὶ
271 748 370 793 τῶν
428 737 635 814 δεσμῶν
690 742 779 812 μεν
831 739 1035 806 ἀνίησι,
1090 749 1162 812 τῷ
1216 737 1275 794 δε
1325 739 1490 814 βωμῷ
1539 740 1694 812 ἀσελγ

1910 739 2042 796 adio
2091 741 2336 813 quidem
2362 742 2422 797 in
2489 744 2687 815 ipsum
2747 743 3223 800 animadvertere
3279 744 3490 812 noluit,

117 834 480 902 παραστήσας
536 830 782 895 Αἰθίοπα,
842 831 978 883 θύειν
1030 829 1391 902 παρεκελεύετο
1438 831 1697 905 Ὠριγένηι

1924 829 1972 884 is
1998 845 2136 886 vero
2157 832 2442 886 aerumnis
2460 832 2748 903 paulatim
2762 833 2884 890 vita
2910 850 3049 890 eum
3081 835 3318 905 privare
3359 849 3499 889 con-

117 922 213 970 καὶ
243 920 380 971 κατὰ
406 925 500 971 τοῦ
531 915 712 992 βωμοῦ
758 921 816 972 τὸ
859 917 1053 972 λιϐανω
1087 922 1174 971 τὸν
1235 917 1520 972 ἐπιϐάλλειν
1552 936 1566 948 ·
1599 920 1630 978 ἦ
1658 939 1696 991 μ

1920 918 2042 976 tuit.
2079 919 2166 975 Ad
2215 925 2610 993 postremum,
2647 938 2786 978 cum
2827 938 2889 978 se
2931 923 3244 979 tormentis
3277 923 3497 980 victum

115 1008 268 1060 τοῦθ’
327 1009 652 1081 αἱρούμενον,
699 1014 815 1070 ταῖς
860 1015 1128 1082 μυσαραῖς
1179 1007 1406 1080 ὁμιλίαις
1463 1011 1592 1083 πρὸς
1641 1027 1695 1061 το

1918 1007 2052 1064 ιΞΙΙο
2098 1009 2464 1080 intelligeret.
2489 1010 2565 1066 ad
2619 1010 2987 1068 diabolicum
3025 1028 3267 1085 prorsus
3305 1014 3498 1069 consi-

118 1095 378 1169 ἀσελγοῦς
430 1095 624 1150 ἐκείνου
684 1100 742 1150 τὸ
794 1105 948 1170 σῶμα
1022 1099 1479 1170 καταμιαίνεσθαι.
1542 1101 1643 1150 Καὶ

1914 1113 1985 1152 ιω
2019 1097 2290 1154 animum
2327 1098 2564 1170 adjecit.
2598 1101 2768 1166 Quod
2811 1101 2970 1157 enim
3011 1101 3494 1175 philosophicum

115 1187 212 1258 μεν
280 1184 426 1240 ταῦτ’
474 1185 636 1258 ἔλεγεν
669 1205 682 1218 ·
743 1188 769 1238 ό
829 1182 879 1239 δ’
939 1185 1122 1260 ἒκλογῇ
1177 1190 1268 1240 καὶ
1335 1188 1592 1258 ἐπικρίσει
1642 1205 1695 1239 το

1916 1201 2013 1241 ine
2043 1186 2316 1243 animum
2342 1188 2797 1262 castitatemque
2838 1191 2946 1245 viri
2979 1195 3206 1255 nosset,
3233 1206 3305 1247 ea
3328 1191 3496 1262 parie

117 1279 364 1350 χείρονος
413 1272 774 1347 ἐξομόσασθαι
802 1275 993 1347 μᾶλλον
1023 1276 1201 1343 εἵλετο,
1233 1279 1320 1329 τὸν
1348 1282 1465 1328 νοῦν
1505 1273 1697 1350 ἀχρείω

1908 1290 2193 1346 ipugnare
2217 1293 2351 1332 eum
2377 1276 2657 1334 decrevit.
2681 1280 2884 1350 Itaque
2905 1295 2938 1334 e
2964 1277 3214 1335 vinculis
3239 1279 3488 1352 quidem

115 1360 461 1430 κηλεδωθεὶς,
513 1367 543 1424 ἤ
611 1383 663 1418 τι
722 1363 1120 1440 καταρῥυπᾶναι
1157 1372 1250 1417 τοῦ
1310 1369 1569 1438 σώματος.
1625 1363 1695 1417 'E:

1920 1377 1978 1416 m
2001 1362 2240 1429 dimisit,
2266 1364 2370 1421 sed
2400 1365 2473 1421 ad
2510 1381 2700 1432 aram,
2732 1367 2894 1438 apud
2918 1382 3106 1439 quam
3137 1366 3493 1423 obscaenum

115 1454 301 1506 τεῦθεν
347 1457 437 1506 καὶ
490 1460 586 1515 τῆς
643 1454 784 1516 θείας
836 1449 994 1516 δόξης
1039 1453 1405 1516 ἁπολισθήσας
1445 1457 1536 1506 καὶ
1573 1454 1695 1527 χάρι

1916 1451 2336 1526 ιριιόὶοιιωᾳυθ
2379 1455 2709 1526 ιΕὼὶορθω
2762 1455 3084 1512 collocarat
3132 1457 3233 1527 (ι),
3266 1456 3496 1512 sacriﬁ-

115 1560 234 1607 τος,
270 1537 430 1605 δόξας
469 1540 798 1608 ἀλλοκότους,
832 1549 924 1595 τοῦ
957 1544 1121 1595 Σατάν
1153 1541 1527 1615 ἐνσπείροντος,
1561 1540 1695 1595 ἔπεια

1907 1555 1996 1604 .re,
2028 1545 2087 1596 et
2114 1541 2292 1598 thura
2337 1543 2399 1598 in
2438 1559 2606 1600 aram
2653 1544 2894 1616 injicere
2913 1545 3094 1617 jussit
3121 1563 3134 1600 :
3162 1546 3327 1618 quod
3354 1546 3487 1610 nisi,

121 1635 270 1705 φόρει
299 1651 312 1664 ·
366 1626 440 1684 δι’
493 1631 561 1683 ὧν
613 1636 704 1684 καὶ
754 1630 968 1693 πολλοὺς
1019 1640 1116 1694 τῆς
1145 1632 1328 1703 ὑγιοῦς
1360 1628 1520 1694 δόξης
1568 1651 1701 1706 παρα

1957 1629 2194 1695 faceret,
2235 1633 2508 1689 animum
2565 1633 2896 1704 induceret,
2929 1634 3051 1690 fore
3083 1635 3344 1690 minatus
3385 1639 3492 1700 est,

117 1725 325 1792 γαγῶν,
380 1724 558 1795 χρόνῳ
609 1720 778 1792 πολλῷ
834 1721 1051 1796 ὕστερον
1099 1721 1420 1796 ἐκκήρυκτος
1475 1729 1570 1785 τῆς
1617 1722 1697 1776 Ἐκ

1955 1735 2017 1775 re
2071 1719 2427 1778 detestanda
2484 1720 2748 1795 dirisque
2792 1723 3076 1780 omnibus
3102 1723 3492 1790 exsecranda,

119 1808 348 1872 κλησίας
419 1809 644 1882 ἐγεγόνει
709 1816 968 1884 Χριστοῦ.
1037 1832 1064 1860 ‹‹
1121 1809 1341 1872 Ὀποίας
1413 1807 1492 1877 δὲ,
1573 1816 1699 1883 φησὶ

1917 1823 2061 1880 rpus
2107 1809 2236 1882 ejus
2271 1811 2349 1865 ab
2399 1811 2704 1883 impudico
2736 1811 2835 1868 illo
2875 1814 3403 1869 contaminaretur.
3431 1812 3497 1868 Et

115 1898 393 1966 Εὐσέϐιος,
447 1901 578 1970 μετὰ
623 1905 789 1952 ταῦτα
841 1898 1138 1952 καταλείπει
1200 1902 1385 1972 φωνὰς,
1437 1903 1528 1953 καὶ
1575 1899 1695 1952 αὐτὸ

1917 1913 1935 1952 3
1965 1897 2210 1971 quidem
2235 1898 2363 1954 haec
2393 1900 2446 1954 ei
2464 1900 3088 1971 intentavit.0rigenes
3119 1917 3280 1968 vero,
3301 1903 3497 1974 optio-

122 1986 340 2062 πλήρεις
410 1995 521 2048 τοῖς
597 1986 900 2059 ἀναλήψεως
962 1984 1226 2061 δεομένοις
1273 1987 1533 2060 ὠφελείας,
1595 1988 1702 2041 πλεῖ

1967 1992 2147 2058 atque
2194 1986 2478 2044 electione
2503 1990 2587 2044 rei
2627 1989 2952 2055 deterioris,
3001 1991 3278 2062 abjurare
3310 1991 3494 2046 ﬁdem

123 2095 254 2134 σται
295 2077 418 2130 ὅσαι
474 2083 569 2129 τοῦ
623 2073 816 2150 ἀνδρὸς
861 2076 1136 2129 ἐπιστολαὶ
1188 2076 1402 2138 τάληθὲς
1459 2078 1588 2150 όμοῦ
1639 2097 1703 2130 κα

1914 2075 2070 2140 aluit,
2103 2076 2304 2134 animo
2334 2085 2546 2148 praeter
2583 2078 2895 2136 utilitatem
2927 2095 3174 2136 omnem
3205 2095 3494 2152 conspur-

123 2163 344 2240 ἀκριϐες
399 2168 766 2239 περιέχουσιν.
827 2186 856 2219 ››
897 2165 1033 2238 Ἐγὼ
1084 2161 1145 2218 δε
1189 2165 1341 2218 πάλιν
1394 2168 1488 2218 οῦκ
1526 2165 1703 2225 ὀκνήσι

1913 2170 1991 2232 to,
2017 2182 2202 2239 quam
2234 2167 2440 2223 sordes
2471 2167 2699 2241 aliquas
2725 2185 2972 2241 corpore
3004 2170 3493 2242 excipere.Atque

117 2259 215 2307 καὶ
289 2254 455 2318 αὐτὰς
511 2253 708 2307 ἑκείνου
765 2256 855 2315 τάς
919 2256 1090 2327 φωνὰς
1147 2256 1478 2328 παραθεῖναι,
1535 2251 1608 2308 δι’
1663 2257 1697 2307 ὦ

1914 2255 1978 2311 :le
1992 2255 2240 2311 adivina
2253 2257 2542 2314 sententia
2554 2259 2812 2327 etgratia
2824 2258 3359 2330 delapsus,alienas
3373 2261 3494 2330 opi-

120 2341 400 2416 ἰλέγχεται
477 2338 777 2418 προδήλως,
851 2347 924 2415 μὴ
984 2350 1096 2404 τοῖς
1157 2341 1526 2406 ἀποστολικοῑς
1593 2345 1700 2419 ὅροι

1913 2344 2149 2401 saniore
2178 2345 2472 2402 sententia
2493 2347 2748 2403 seductis
2777 2347 2961 2418 longo
2973 2352 3387 2421 posttempore
3413 2349 3492 2404 ab

123 2440 360 2504 στοιχῶν
389 2449 402 2462 ·
436 2432 520 2484 ἶνα
565 2433 668 2508 γὰρ
720 2434 810 2493 τὰς
844 2431 1005 2494 ἄλλας
1054 2430 1282 2495 ἀτόπους
1327 2437 1546 2508 παρήσω
1577 2429 1703 2496 δόξα

1913 2449 2072 2500 ones,
2108 2435 2326 2491 Satana
2351 2435 2962 2505 instigante,induxit;
2998 2452 3098 2509 per
3114 2453 3265 2510 quas
3293 2437 3493 2493 multis

123 2526 213 2575 καὶ
272 2519 632 2595 βλασφημίας,
688 2524 882 2575 τούτων
929 2525 1097 2595 μόνων
1149 2523 1546 2596 μνησθήσομαι.
1602 2525 1703 2596 Γρά

1919 2523 2097 2580 clesia
2137 2523 2344 2580 Christi
2383 2540 2489 2596 per
2522 2526 3209 2582 excommunicationem
3249 2532 3336 2582 est
3360 2543 3494 2599 pro-

123 2630 206 2684 φεε
235 2612 336 2685 γὰρ
367 2607 474 2664 ὧδέ
499 2630 610 2674 πως
637 2624 654 2642 ⁸

1909 2612 2094 2684 riptus
2129 2613 2226 2683 (2).
2263 2635 2292 2664 ε(
2321 2612 2540 2681 Quales
2571 2621 2795 2684 autem,
2836 2615 3126 2672 Eusebius
3164 2616 3359 2686 inquit
3391 2617 3489 2688 (3),

119 2703 333 2772 postea
360 2698 663 2772 reliquerit
683 2715 883 2767 voces,
911 2714 1135 2773 easque
1191 2699 1416 2772 plures,
1471 2700 1546 2756 ad
1602 2715 1702 2756 eos
1753 2701 1855 2773 qui
1887 2700 2110 2757 auxilio
2139 2707 2195 2757 et
2221 2701 2468 2760 utilitate
2498 2704 2832 2774 indigerent
2871 2704 3227 2776 receptionis
3271 2705 3330 2760 in
3361 2719 3494 2775 gra-

127 2789 300 2853 tiam,
329 2804 514 2862 quam
537 2787 811 2862 plurimm
859 2789 988 2861 ejus
1040 2794 1331 2845 testantur
1386 2788 1672 2860 epistolae,
1707 2789 1886 2863 384
1913 2791 2220 2847 veritatem
2261 2791 2458 2864 ipsam
2491 2798 2649 2848 certo
2678 2793 2822 2849 satis
2853 2793 3340 2866 complectentes.
3373 2797 3495 2865 Ego

128 2892 274 2934 vero
299 2893 416 2935 non
447 2882 694 2949 gravate
722 2877 964 2943 faciam,
992 2882 1049 2934 et
1079 2877 1264 2934 verba
1289 2879 1418 2952 ejus
1443 2893 1772 2951 apponam,
1813 2894 1919 2951 per
1947 2895 2083 2952 quae
2117 2879 2428 2937 manifeste
2471 2882 2762 2952 arguitur,
2779 2898 2917 2938 eum
2944 2882 3168 2939 ﬁnibus
3198 2888 3254 2940 et
3278 2883 3495 2940 consti-

128 2966 450 3024 tutionibus
492 2966 834 3040 apostolicis
863 2982 987 3022 non
1034 2967 1383 3038 perstitisse.
1418 2973 1608 3040 Atque
1659 2973 1720 3024 ut
1759 2967 1910 3025 alias
1942 2969 2071 3040 ejus
2105 2968 2402 3026 absurdas
2439 2971 2752 3044 opiniones
2790 2976 2848 3028 et
2884 2971 3297 3044 blasphemias
3322 2973 3495 3029 omit-

127 3060 272 3122 tam.
304 3056 520 3113 harum
556 3059 791 3113 tantum
823 3055 1018 3113 verbis
1045 3056 1236 3128 ipsius
1277 3057 1627 3114 meminero.
1656 3056 1749 3114 Sic
1777 3057 1940 3115 enim
1972 3058 2172 3115 scribit
2202 3075 2213 3113 :

734 3197 978 3246 ΚΕΦΔΛ.
1013 3189 1137 3244 ΛΓ’.
1763 3192 1806 3250 C

1763 3192 1806 3250 C
2429 3195 2652 3251 CAPUT
2694 3195 2917 3252 XXXIII.

121 3303 288 3372 Περὶ
327 3304 461 3373 Δτῶν
518 3297 887 3373 ’ῼριγένους
952 3294 1416 3373 βλασφημιῶν
1474 3302 1582 3351 καὶ
1655 3301 1695 3350 ὡ

1911 3301 2208 3372 eOm’genis
2227 3301 2530 3359 erroribus
2553 3309 2605 3358 et
2631 3302 3096 3373 blasphemiis,et
3115 3301 3300 3358 utsub
3313 3302 3491 3359 Gallo

319 3368 424 3424 ἐπὶ
462 3368 702 3422 Γάλλου
742 3372 812 3422 τό
853 3368 1042 3442 βιοῦν
1081 3368 1530 3444 ἆξεμίτρησεν.

1315 3389 1344 3444 ρ
1359 3389 1389 3428 η
1408 3387 1530 3426 σεν.
2046 3368 2065 3372 ⁷
2443 3374 2626 3431 vitam
2641 3368 2886 3443 ﬁnierit.

202 3496 234 3528 α
275 3480 417 3541 Νόες,
468 3479 646 3549 φησιν,
709 3472 845 3534 ἦσαν
875 3474 965 3528 ἀπ’
997 3474 1174 3551 ἀρχῆς
1211 3471 1350 3549 δίχα
1400 3479 1589 3537 παντὸς
1615 3474 1728 3550 ἀρι-

1913 3497 1941 3530 ‹‹
1971 3481 2214 3547 Mentes,
2248 3480 2458 3552 inquit,
2481 3497 2517 3536 a
2537 3481 2832 3552 principio
2863 3485 3050 3550 erant,
3078 3479 3307 3554 absque
3324 3479 3492 3536 omni

121 3567 262 3637 θμοῦ
310 3569 401 3618 καὶ⁵
444 3564 726 3638 ὀνόματος·
773 3567 838 3626 ὡς
891 3561 1054 3617 ἐνάδα
1104 3563 1280 3637 ἀρχὴν
1331 3566 1536 3617 πάντων
1597 3563 1701 3617 εἶνα

1908 3584 2088 3624 nmero
2128 3575 2184 3624 et
2211 3571 2475 3634 nomine,
2497 3585 2568 3624 ex
2591 3571 2814 3626 unitate
2840 3569 3199 3641 principium
3226 3568 3488 3625 ducenti-

115 3662 226 3707 τῶν
254 3653 470 3726 λογικῶν
519 3661 581 3726 τῇ
632 3657 918 3712 ταυτότητι
968 3662 1066 3716 τῆς
1114 3653 1300 3714 οὐσίας
1351 3658 1442 3706 καὶ
1472 3652 1695 3728 ἕνεργεία

1907 3656 2437 3723 Is,etrationalibus
2459 3657 2879 3714 exsistentibus
2896 3657 3487 3722 omnibus,substan-

116 3748 217 3797 καὶ
270 3751 333 3816 τῇ
367 3739 609 3816 δυνάμει.
668 3743 772 3798 Καὶ
812 3745 878 3804 ὡς
927 3747 1080 3818 κόρον
1115 3741 1370 3795 λαϐόντων
1424 3743 1592 3796 αὐτῶν
1631 3750 1693 3801 τῆ

1907 3745 2288 3811 ι,θτίὶοειοίει.θι
2313 3745 2524 3801 virtute
2545 3746 2777 3802 eadem.
2804 3749 2872 3802 Ut
2893 3750 3093 3802 autem
3117 3763 3221 3802 eas
3245 3747 3487 3802 satietas

119 3836 264 3894 θείας
319 3831 526 3905 ἀγάπης
576 3837 668 3885 καὶ
718 3833 954 3906 θεωρίας,
1005 3830 1120 3884 κατ’
1161 3829 1440 3902 ἀναλογίαν
1477 3838 1572 3893 τῆς
1612 3831 1699 3883 ἑκά

1909 3835 1988 3906 pit
2043 3834 2261 3890 divinae
2301 3834 2600 3891 charitatis
2647 3840 2704 3890 et
2740 3835 3277 3906 contemplationis,
3315 3836 3489 3907 juxta

119 3942 257 3977 στου
296 3921 381 3976 ἐπὶ
436 3925 495 3975 τό
546 3928 725 3995 χεῖρον
784 3929 1002 3996 τροπῆς,
1059 3920 1501 3994 λεπτομερέστερα
1554 3922 1583 3980 ἦ
1629 3940 1699 3973 πα

1908 3923 2279 3994 oportionem
2322 3924 2614 3995 cujusque
2654 3924 3073 3996 propensionis
3112 3925 3171 3980 in
3202 3925 3485 3993 deterius,

113 4015 488 4087 χυμερέστερα
565 4012 936 4084 ἀμφιάσασθαι
1011 4015 1249 4083 σώματα,
1329 4015 1419 4063 καὶ
1497 4008 1690 4083 ὀνόματ

1907 4011 1924 4066 I
1963 4013 2233 4067 tenuiora
2279 4011 2374 4068 vel
2417 4013 2715 4068 crassiora
2773 4028 3087 4084 sumpsere
3138 4029 3390 4084 corpora
3433 4020 3487 4071 et

113 4103 544 4176 κληρώσασθαι’
591 4103 864 4153 κάντεῦθεν
910 4102 1004 4162 τὰς
1061 4099 1306 4174 οὐρανίας
1361 4103 1451 4151 καὶ
1501 4098 1693 4171 λειτουρ

1907 4101 2104 4156 ιωὶηδ..
2147 4103 2310 4156 Unde
2335 4100 2603 4156 caelestes
2629 4101 2804 4156 etiam
2831 4107 2887 4156 et
2917 4101 3323 4158 ministrantes
3351 4104 3487 4158 sub-

111 4193 274 4265 γικάς
323 4192 618 4255 ὑποστῆναι
666 4186 937 4261 δυνάμεις,
992 4188 1121 4242 ἀλλά
1163 4192 1266 4262 μὴν
1323 4192 1411 4240 καὶ
1465 4187 1606 4247 ἣλιον
1635 4207 1691 4239 κο

1911 4196 2028 4246 tere
2060 4189 2332 4244 virtutes:
2357 4191 2483 4261 ipse
2530 4205 2772 4262 quoque
2801 4189 2891 4246 sol
2929 4197 2987 4246 et
3039 4190 3185 4246 luna
3213 4197 3268 4247 et
3302 4191 3486 4250 stellae

117 4281 344 4338 σελήνην
387 4283 478 4332 καὶ
523 4282 640 4341 τοὺς
693 4277 939 4354 ἀστέρας,
989 4283 1079 4331 καὶ
1133 4277 1270 4331 αῦτά
1303 4285 1394 4338 τῆς
1437 4277 1595 4337 αὐτῆς
1626 4284 1696 4329 τῶ

1907 4294 2045 4336 anes
2071 4279 2148 4334 ab
2180 4281 2398 4334 unitate
2417 4278 2517 4334 illa
2541 4277 2946 4344 rationalium,
2975 4295 3047 4335 ex
3086 4281 3487 4352 propensione

112 4370 342 4442 λογικῶν
373 4365 575 4435 ἱνάδος,
633 4367 688 4420 ἐκ
744 4375 842 4431 τῆς
901 4367 986 4420 ἐπὶ
1015 4369 1081 4420 τὰ
1118 4371 1285 4440 χείρω
1326 4374 1524 4439 τροπῆς
1570 4373 1692 4419 τοῦτ

1942 4368 2219 4433 deterius,
2272 4366 2386 4423 sub
2428 4366 2618 4423 factae.
2648 4369 2729 4422 Ea
2782 4383 2920 4423 vero
2967 4368 3307 4437 rationalia,
3348 4387 3485 4443 quas

110 4463 405 4533 γεγονίναι.
444 4461 523 4512 Τὰ
568 4453 628 4511 δε
675 4456 757 4511 ἐπὶ
815 4457 987 4511 πλεῖον
1025 4464 1122 4519 τῆς
1153 4458 1288 4518 θείας
1340 4455 1544 4527 ἀγάπης
1599 4455 1690 4508 ἀπε

1908 4457 2028 4526 agis
2057 4471 2094 4511 a
2121 4455 2325 4511 divina
2364 4455 2650 4512 charitate
2687 4454 3058 4523 refrixerant,
3087 4459 3304 4514 animae
3346 4464 3488 4514 sunt

110 4550 358 4622 ψυγίντα
407 4547 593 4621 λογικά
645 4546 832 4619 ψυχὰς
905 4546 1280 4619 ὀνομασθῆναι,
1346 4551 1438 4598 καὶ
1511 4552 1690 4618 σώμαο

1901 4544 2168 4616 ιρθΙΙειῑω.
2188 4550 2244 4601 et
2265 4545 2323 4599 in
2346 4544 2641 4600 crassiora
2670 4560 2922 4616 corpora
2952 4551 3156 4602 nostra
3177 4547 3481 4618 conjectae.

111 4641 444 4712 παχυτέροις
480 4644 585 4698 τοῖς
613 4636 734 4690 καθ’
766 4638 905 4708 ἡμᾶς
942 4635 1268 4708 ἐμϐληθῆναι
1296 4653 1310 4668 ·
1363 4639 1426 4688 τὰ
1457 4631 1516 4687 δὲ
1545 4634 1627 4687 ἐπὶ
1663 4654 1691 4687 τ

1902 4650 1974 4690 ιω
2004 4649 2139 4690 vero
2179 4634 2254 4689 ad
2287 4649 2589 4689 summam
2638 4633 2877 4690 malitiae
2908 4641 2963 4691 et
2990 4636 3324 4691 vitiositatis
3354 4635 3482 4692 fue-

113 4730 282 4802 ἅκρον
331 4735 427 4792 τῆς
472 4731 659 4788 κακίας
706 4725 1018 4792 ἑληλυθότα,
1074 4725 1312 4799 ψυχροῖς
1357 4727 1448 4776 καὶ
1492 4724 1693 4798 ζοφεροὶ

1904 4731 1967 4778 nt
1993 4738 2332 4796 progressa,
2360 4721 2589 4793 frigidis
2632 4727 2690 4779 et
2718 4722 3062 4793 caliginosis
3095 4723 3327 4781 inclusa
3357 4741 3484 4781 cor-

112 4814 392 4875 ἓνδεθήναι
443 4821 658 4889 σώμασι
683 4834 699 4849 ο
741 4820 833 4869 καὶ
881 4811 1138 4888 δαίμονας
1165 4817 1430 4886 γεγονέναι
1481 4817 1572 4866 καὶ
1616 4812 1692 4866 ὀνο

1905 4812 2098 4879 σῶος,
2130 4811 2438 4868 άωωοῑιθε
2459 4816 2516 4867 et
2544 4810 2680 4868 facti
2724 4816 2780 4868 et
2818 4812 3110 4868 nominati
3139 4819 3296 4869 sunt.
3335 4833 3362 4866 »
3393 4813 3485 4869 Ad

114 4907 412 4981 μασθῆναι.
462 4925 493 4959 η
540 4907 661 4960 Ἐτι
688 4909 779 4957 καὶ
824 4911 992 4958 ταῦτα
1019 4900 1248 4977 ληρωδεί
1275 4922 1288 4936 ο
1327 4923 1352 4954 ε
1404 4901 1523 4955 Ὀτι
1549 4901 1602 4965 ἐξ
1632 4904 1694 4974 ἀγ

1904 4919 1960 4958 ec
1988 4901 2088 4958 illa
2117 4917 2358 4974 quoque
2379 4906 2676 4971 nugatur:
2700 4923 2728 4952 «
2765 4900 2938 4966 Quod
2963 4918 3037 4957 ex
3065 4903 3334 4975 angelica
3347 4904 3484 4976 qui-

109 4995 326 5069 γελικῆς
371 4997 463 5068 μεν
519 4997 889 5056 καταστάσεως
933 4993 1145 5066 ψυχική
1204 4996 1407 5066 γίνεται
1459 4993 1689 5044 κατάστο

1900 5007 1969 5047 ιω
2000 4991 2422 5048 constitutione
2470 4989 2739 5046 animata
2776 4989 2934 5046 facta
2971 4997 3060 5046 est
3116 4992 3480 5058 constitutio,

119 5105 227 5150 σις,
257 5083 314 5137 ίκ
345 5080 404 5138 δε
431 5083 678 5157 ψυχικῆς
708 5079 1066 5156 δαιμονιώδης
1113 5086 1203 5134 καὶ
1270 5080 1564 5155 ἀνθρωπίνη
1591 5101 1605 5115 ο
1638 5081 1699 5134 ἔνι

1902 5131 1904 5137 .
1933 5081 2199 5138 animata
2228 5078 2841 5144 autem,daemoniaca
2862 5083 2950 5135 est
2977 5079 3266 5137 humana.
3293 5082 3482 5137 Unam

117 5172 182 5229 δε
232 5178 389 5249 μόνον
444 5180 561 5227 νοῦν
624 5175 680 5226 ἑκ
732 5174 910 5234 πάσης
963 5179 1058 5234 τῆς
1120 5167 1301 5233 ἕνάδος
1349 5178 1447 5224 τῶν
1502 5169 1697 5242 λογικῶ

1902 5185 2010 5226 prro
2061 5173 2320 5225 mentem
2373 5183 2446 5224 ex
2509 5167 2786 5224 universa
2819 5167 3206 5225 rationalium
3240 5170 3482 5236 unitate,

190 5356 270 5429 (1)
285 5355 506 5429 Eadem
538 5355 875 5429 deprigene
898 5350 1468 5429 Suidas.Cont_raest
1491 5349 1722 5429 Balleia
1829 5347 2077 5420 Reliqua
2116 5349 2318 5429 autem
2365 5343 2570 5429 omnia
2607 5359 2764 5429 cum“
2799 5350 3038 5429 auctore
3089 5361 3218 5429 δορὴ
3229 5345 3484 5429 dicimus

109 5415 264 5488 No‘t.’
288 5427 368 5485 ad
395 5427 594 5482 Vitam
615 5415 800 5496 Ori§.,
835 5424 940 5499 fol.
981 5424 1067 5490 39,
1095 5424 1259 5499 item.
1285 5422 1383 5479 fol.
1403 5425 1606 5499 35.36,
1629 5423 1718 5478 37.
1831 5415 2323 5499 esse'renuenda.
2360 5415 2579 5499 :(Dist:
2607 5421 2700 5499 lus,
2720 5415 2944 5499 sancta
2966 5419 3139 5499 ῌονῃ...
3164 5417 3480 5499 Ecclesia.)

191 5500 272 5572 (2)
304 5519 334 5552 (ι
357 5499 624 5568 Origenis
649 5487 1285 5572 nonnullappuscula,
1309 5510 1445 5567 quae
1469 5487 1555 5572 vir
1582 5487 1724 5550 bea-
1840 5568 1849 5572 Α
1906 5491 1987 5562 (3)
2013 5489 2312 5572 Eusebius
2370 5487 2684 5572 I’amphili,
2733 5487 2907 5544 sicuti
2945 5493 3002 5544 et
3029 5489 3143 5572 alii
3171 5489 3343 5546 multi
3380 5487 3484 5548 Pa-

109 5559 218 5632 tus
232 5559 762 5642 Hieronimusnon
775 5559 1720 5639 repudiitJegenda’suscipimus.
1837 5559 1978 5627 tres,
2009 5560 2330 5632 benignius
2358 5559 2433 5616 de
2459 5559 2706 5631 Origene
2731 5565 3063 5619 senserunt.

413 5667 658 5726 ΡΑτιιοι..
690 5669 794 5728 Gn.
833 5664 1054 5724 CXLV.

3127 5659 3196 5718 36
