  <div class='ocr_page' id='page_1' title='image "/cluster/home/n/w/nwhite01/storage/ocr_20150623/145/hvd.32044054086921/571.png"; bbox 0 0 4040 6224; ppageno 0'>
   <div class='ocr_carea' id='block_1_1' title="bbox 537 287 665 342">
    <p class='ocr_par' dir='ltr' id='par_1_1' title="bbox 537 287 665 342">
     <span class='ocr_line' id='line_1_1' title="bbox 537 287 665 342; baseline 0 0"><span class='ocrx_word' id='word_1_1' title='bbox 537 287 665 342; x_wconf 73' lang='grc'><strong>1131</strong></span> 
     </span>
    </p>
   </div>
   <div class='ocr_carea' id='block_1_2' title="bbox 1835 277 2582 337">
    <p class='ocr_par' dir='ltr' id='par_1_2' title="bbox 1835 277 2582 337">
     <span class='ocr_line' id='line_1_2' title="bbox 1835 277 2582 337; baseline -0.003 -1"><span class='ocrx_word' id='word_1_2' title='bbox 1835 279 2215 337; x_wconf 79' lang='lat' dir='ltr'><strong>NICEPHORI</strong></span> <span class='ocrx_word' id='word_1_3' title='bbox 2257 277 2582 334; x_wconf 80' lang='lat' dir='ltr'><strong>CALLISTI</strong></span> 
     </span>
    </p>
   </div>
   <div class='ocr_carea' id='block_1_3' title="bbox 3661 90 3970 150">
    <p class='ocr_par' dir='ltr' id='par_1_3' title="bbox 3661 90 3970 150">
     <span class='ocr_line' id='line_1_3' title="bbox 3661 90 3970 150; baseline 0 -31"><span class='ocrx_word' id='word_1_4' title='bbox 3661 90 3970 150; x_wconf 59' lang='grc' dir='ltr'><strong>...η-ι</strong></span> 
     </span>
    </p>
   </div>
   <div class='ocr_carea' id='block_1_4' title="bbox 3755 283 3880 339">
    <p class='ocr_par' dir='ltr' id='par_1_4' title="bbox 3755 283 3880 339">
     <span class='ocr_line' id='line_1_4' title="bbox 3755 283 3880 339; baseline 0 -1"><span class='ocrx_word' id='word_1_5' title='bbox 3755 283 3880 339; x_wconf 72' lang='lat'><strong>“32</strong></span> 
     </span>
    </p>
   </div>
   <div class='ocr_carea' id='block_1_5' title="bbox 530 401 2178 480">
    <p class='ocr_par' dir='ltr' id='par_1_5' title="bbox 530 405 2178 478">
     <span class='ocr_line' id='line_1_5' title="bbox 530 405 2178 478; baseline -0.002 -12"><span class='ocrx_word' id='word_1_6' title='bbox 530 411 953 468; x_wconf 87' lang='lat' dir='ltr'><strong>inconcussam</strong></span> <span class='ocrx_word' id='word_1_7' title='bbox 970 415 1027 466; x_wconf 91' lang='lat' dir='ltr'><strong>et</strong></span> <span class='ocrx_word' id='word_1_8' title='bbox 1046 409 1358 465; x_wconf 85' lang='lat' dir='ltr'><strong>immotam</strong></span> <span class='ocrx_word' id='word_1_9' title='bbox 1383 423 1417 465; x_wconf 88' lang='lat' dir='ltr'><strong>a</strong></span> <span class='ocrx_word' id='word_1_10' title='bbox 1441 407 1723 466; x_wconf 89' lang='lat' dir='ltr'><strong>charitate</strong></span> <span class='ocrx_word' id='word_1_11' title='bbox 1746 405 2178 478; x_wconf 89' lang='lat' dir='ltr'><strong>etcontempla-</strong></span> 
     </span>
    </p>
   </div>
   <div class='ocr_carea' id='block_1_6' title="bbox 2288 401 3882 480">
    <p class='ocr_par' dir='ltr' id='par_1_6' title="bbox 2293 401 3882 480">
     <span class='ocr_line' id='line_1_6' title="bbox 2293 401 3882 480; baseline 0.003 -24"><span class='ocrx_word' id='word_1_12' title='bbox 2293 404 2572 463; x_wconf 79' lang='grc' dir='ltr'>ἆκλόνητον</span> <span class='ocrx_word' id='word_1_13' title='bbox 2603 401 2889 477; x_wconf 86' lang='grc' dir='ltr'>διαμεῖναι,</span> <span class='ocrx_word' id='word_1_14' title='bbox 2929 409 3018 458; x_wconf 82' lang='grc' dir='ltr'>καὶ</span> <span class='ocrx_word' id='word_1_15' title='bbox 3069 405 3312 466; x_wconf 79' lang='grc' dir='ltr'>ἀκίνητον</span> <span class='ocrx_word' id='word_1_16' title='bbox 3367 415 3466 470; x_wconf 80' lang='grc' dir='ltr'>τῆς</span> <span class='ocrx_word' id='word_1_17' title='bbox 3503 410 3642 471; x_wconf 81' lang='grc' dir='ltr'>θείας</span> <span class='ocrx_word' id='word_1_18' title='bbox 3683 405 3882 480; x_wconf 63' lang='grc' dir='ltr'>ἀγάπης</span> 
     </span>
    </p>
   </div>
   <div class='ocr_carea' id='block_1_7' title="bbox 535 495 2186 571">
    <p class='ocr_par' dir='ltr' id='par_1_7' title="bbox 535 495 2186 571">
     <span class='ocr_line' id='line_1_7' title="bbox 535 495 2186 571; baseline -0.003 -15"><span class='ocrx_word' id='word_1_19' title='bbox 535 500 695 557; x_wconf 87' lang='lat' dir='ltr'><strong>tione</strong></span> <span class='ocrx_word' id='word_1_20' title='bbox 725 501 928 556; x_wconf 89' lang='lat' dir='ltr'><strong>divina</strong></span> <span class='ocrx_word' id='word_1_21' title='bbox 959 514 1331 571; x_wconf 81' lang='lat' dir='ltr'><strong>permanere.</strong></span> <span class='ocrx_word' id='word_1_22' title='bbox 1368 513 1504 570; x_wconf 65' lang='lat' dir='ltr'><strong>quas</strong></span> <span class='ocrx_word' id='word_1_23' title='bbox 1545 513 1714 552; x_wconf 88' lang='lat' dir='ltr'><strong>mens</strong></span> <span class='ocrx_word' id='word_1_24' title='bbox 1753 503 1810 552; x_wconf 89' lang='lat' dir='ltr'><strong>et</strong></span> <span class='ocrx_word' id='word_1_25' title='bbox 1831 495 2094 552; x_wconf 87' lang='lat' dir='ltr'><strong>Christus</strong></span> <span class='ocrx_word' id='word_1_26' title='bbox 2129 499 2186 551; x_wconf 90' lang='lat' dir='ltr'><strong>et</strong></span> 
     </span>
    </p>
   </div>
   <div class='ocr_carea' id='block_1_8' title="bbox 531 584 2186 659">
    <p class='ocr_par' dir='ltr' id='par_1_8' title="bbox 531 584 2186 659">
     <span class='ocr_line' id='line_1_8' title="bbox 531 584 2186 659; baseline -0.003 -14"><span class='ocrx_word' id='word_1_27' title='bbox 531 603 636 645; x_wconf 82' lang='lat' dir='ltr'><strong>rex</strong></span> <span class='ocrx_word' id='word_1_28' title='bbox 665 593 721 644; x_wconf 90' lang='lat' dir='ltr'><strong>et</strong></span> <span class='ocrx_word' id='word_1_29' title='bbox 749 589 932 644; x_wconf 89' lang='lat' dir='ltr'><strong>homo</strong></span> <span class='ocrx_word' id='word_1_30' title='bbox 959 587 1220 644; x_wconf 89' lang='lat' dir='ltr'><strong>sitfacta.</strong></span> <span class='ocrx_word' id='word_1_31' title='bbox 1249 589 1410 652; x_wconf 89' lang='lat' dir='ltr'><strong>Item,</strong></span> <span class='ocrx_word' id='word_1_32' title='bbox 1443 587 1606 659; x_wconf 88' lang='lat' dir='ltr'><strong>quod</strong></span> <span class='ocrx_word' id='word_1_33' title='bbox 1639 584 2186 657; x_wconf 85' lang='lat' dir='ltr'><strong>perfectusfuturus</strong></span> 
     </span>
    </p>
   </div>
   <div class='ocr_carea' id='block_1_9' title="bbox 532 674 2184 749">
    <p class='ocr_par' dir='ltr' id='par_1_9' title="bbox 532 674 2184 749">
     <span class='ocr_line' id='line_1_9' title="bbox 532 674 2184 749; baseline -0.003 -15"><span class='ocrx_word' id='word_1_34' title='bbox 532 679 606 734; x_wconf 90' lang='lat' dir='ltr'><strong>sit</strong></span> <span class='ocrx_word' id='word_1_35' title='bbox 635 677 1241 749; x_wconf 58' lang='lat' dir='ltr'><strong>corporumjintertius</strong></span> <span class='ocrx_word' id='word_1_36' title='bbox 1267 694 1281 744; x_wconf 92' lang='lat'><strong>;</strong></span> <span class='ocrx_word' id='word_1_37' title='bbox 1309 693 1446 732; x_wconf 91' lang='lat' dir='ltr'><strong>cum</strong></span> <span class='ocrx_word' id='word_1_38' title='bbox 1469 676 1588 748; x_wconf 89' lang='lat' dir='ltr'><strong>ipse</strong></span> <span class='ocrx_word' id='word_1_39' title='bbox 1609 675 1898 730; x_wconf 87' lang='lat' dir='ltr'><strong>Dominus</strong></span> <span class='ocrx_word' id='word_1_40' title='bbox 1923 674 2184 746; x_wconf 90' lang='lat' dir='ltr'><strong>primum</strong></span> 
     </span>
    </p>
   </div>
   <div class='ocr_carea' id='block_1_10' title="bbox 529 763 2184 839">
    <p class='ocr_par' dir='ltr' id='par_1_10' title="bbox 529 763 2184 839">
     <span class='ocr_line' id='line_1_10' title="bbox 529 763 2184 839; baseline -0.004 -17"><span class='ocrx_word' id='word_1_41' title='bbox 529 767 842 839; x_wconf 88' lang='lat' dir='ltr'><strong>proprium</strong></span> <span class='ocrx_word' id='word_1_42' title='bbox 860 767 1202 838; x_wconf 86' lang='lat' dir='ltr'><strong>deposuerit</strong></span> <span class='ocrx_word' id='word_1_43' title='bbox 1219 781 1459 838; x_wconf 89' lang='lat' dir='ltr'><strong>corpus,</strong></span> <span class='ocrx_word' id='word_1_44' title='bbox 1488 771 1542 820; x_wconf 95' lang='lat' dir='ltr'><strong>et</strong></span> <span class='ocrx_word' id='word_1_45' title='bbox 1567 763 1777 836; x_wconf 87' lang='lat' dir='ltr'><strong>reliqui</strong></span> <span class='ocrx_word' id='word_1_46' title='bbox 1793 764 1933 820; x_wconf 87' lang='lat' dir='ltr'><strong>item</strong></span> <span class='ocrx_word' id='word_1_47' title='bbox 1951 777 2184 819; x_wconf 89' lang='lat' dir='ltr'><strong>omnes.</strong></span> 
     </span>
    </p>
   </div>
   <div class='ocr_carea' id='block_1_11' title="bbox 531 850 2186 928">
    <p class='ocr_par' dir='ltr' id='par_1_11' title="bbox 531 850 2186 928">
     <span class='ocr_line' id='line_1_11' title="bbox 531 850 2186 928; baseline -0.004 -16"><span class='ocrx_word' id='word_1_48' title='bbox 531 857 1006 928; x_wconf 62' lang='lat' dir='ltr'><strong>Prasterea,quod</strong></span> <span class='ocrx_word' id='word_1_49' title='bbox 1031 854 1288 910; x_wconf 85' lang='lat' dir='ltr'><strong>universi</strong></span> <span class='ocrx_word' id='word_1_50' title='bbox 1317 853 1607 910; x_wconf 81' lang='lat' dir='ltr'><strong>reversuri</strong></span> <span class='ocrx_word' id='word_1_51' title='bbox 1631 853 1708 910; x_wconf 91' lang='lat' dir='ltr'><strong>ad</strong></span> <span class='ocrx_word' id='word_1_52' title='bbox 1730 851 2005 909; x_wconf 88' lang='lat' dir='ltr'><strong>eamdem</strong></span> <span class='ocrx_word' id='word_1_53' title='bbox 2025 850 2186 907; x_wconf 85' lang='lat' dir='ltr'><strong>illam</strong></span> 
     </span>
    </p>
   </div>
   <div class='ocr_carea' id='block_1_12' title="bbox 530 941 2186 1016">
    <p class='ocr_par' dir='ltr' id='par_1_12' title="bbox 530 941 2186 1016">
     <span class='ocr_line' id='line_1_12' title="bbox 530 941 2186 1016; baseline -0.005 -15"><span class='ocrx_word' id='word_1_54' title='bbox 530 945 842 1010; x_wconf 89' lang='lat' dir='ltr'><strong>unitatem,</strong></span> <span class='ocrx_word' id='word_1_55' title='bbox 871 949 1220 1016; x_wconf 75' lang='lat' dir='ltr'><strong>mentesque</strong></span> <span class='ocrx_word' id='word_1_56' title='bbox 1267 943 1448 1000; x_wconf 89' lang='lat' dir='ltr'><strong>futuri</strong></span> <span class='ocrx_word' id='word_1_57' title='bbox 1481 943 1617 1010; x_wconf 89' lang='lat' dir='ltr'><strong>sint,</strong></span> <span class='ocrx_word' id='word_1_58' title='bbox 1659 941 1871 1014; x_wconf 89' lang='lat' dir='ltr'><strong>quales</strong></span> <span class='ocrx_word' id='word_1_59' title='bbox 1914 945 2090 998; x_wconf 84' lang='lat' dir='ltr'><strong>antea</strong></span> <span class='ocrx_word' id='word_1_60' title='bbox 2126 941 2186 994; x_wconf 92' lang='lat' dir='ltr'><strong>in</strong></span> 
     </span>
    </p>
   </div>
   <div class='ocr_carea' id='block_1_13' title="bbox 529 1030 2187 1107">
    <p class='ocr_par' dir='ltr' id='par_1_13' title="bbox 529 1030 2187 1107">
     <span class='ocr_line' id='line_1_13' title="bbox 529 1030 2187 1107; baseline -0.002 -18"><span class='ocrx_word' id='word_1_61' title='bbox 529 1033 998 1107; x_wconf 69' lang='lat' dir='ltr'><strong>prasexsistentia</strong></span> <span class='ocrx_word' id='word_1_62' title='bbox 1027 1033 1243 1088; x_wconf 82' lang='lat' dir='ltr'><strong>fuerint</strong></span> <span class='ocrx_word' id='word_1_63' title='bbox 1277 1055 1288 1099; x_wconf 89' lang='lat'><strong>;</strong></span> <span class='ocrx_word' id='word_1_64' title='bbox 1321 1033 1453 1104; x_wconf 89' lang='lat' dir='ltr'><strong>ipso</strong></span> <span class='ocrx_word' id='word_1_65' title='bbox 1483 1031 1750 1087; x_wconf 81' lang='lat' dir='ltr'><strong>videlicet</strong></span> <span class='ocrx_word' id='word_1_66' title='bbox 1771 1030 2014 1086; x_wconf 85' lang='lat' dir='ltr'><strong>diabolo</strong></span> <span class='ocrx_word' id='word_1_67' title='bbox 2040 1045 2187 1102; x_wconf 87' lang='lat' dir='ltr'><strong>quo-</strong></span> 
     </span>
    </p>
   </div>
   <div class='ocr_carea' id='block_1_14' title="bbox 525 1118 2184 1196">
    <p class='ocr_par' dir='ltr' id='par_1_14' title="bbox 525 1118 2184 1196">
     <span class='ocr_line' id='line_1_14' title="bbox 525 1118 2184 1196; baseline -0.004 -17"><span class='ocrx_word' id='word_1_68' title='bbox 525 1139 646 1196; x_wconf 89' lang='lat' dir='ltr'><strong>que</strong></span> <span class='ocrx_word' id='word_1_69' title='bbox 677 1128 734 1179; x_wconf 90' lang='lat' dir='ltr'><strong>et</strong></span> <span class='ocrx_word' id='word_1_70' title='bbox 775 1123 1018 1195; x_wconf 89' lang='lat' dir='ltr'><strong>reliquis</strong></span> <span class='ocrx_word' id='word_1_71' title='bbox 1071 1122 1476 1188; x_wconf 72' lang='lat' dir='ltr'><strong>daemonibus,</strong></span> <span class='ocrx_word' id='word_1_72' title='bbox 1511 1127 1692 1194; x_wconf 89' lang='lat' dir='ltr'><strong>atque</strong></span> <span class='ocrx_word' id='word_1_73' title='bbox 1731 1121 1910 1176; x_wconf 91' lang='lat' dir='ltr'><strong>etiam</strong></span> <span class='ocrx_word' id='word_1_74' title='bbox 1943 1118 2184 1175; x_wconf 85' lang='lat' dir='ltr'><strong>nefariis</strong></span> 
     </span>
    </p>
   </div>
   <div class='ocr_carea' id='block_1_15' title="bbox 527 1207 2186 1285">
    <p class='ocr_par' dir='ltr' id='par_1_15' title="bbox 527 1207 2186 1285">
     <span class='ocr_line' id='line_1_15' title="bbox 527 1207 2186 1285; baseline -0.004 -16"><span class='ocrx_word' id='word_1_75' title='bbox 527 1219 584 1269; x_wconf 91' lang='lat' dir='ltr'><strong>et</strong></span> <span class='ocrx_word' id='word_1_76' title='bbox 617 1212 818 1285; x_wconf 87' lang='lat' dir='ltr'><strong>impiis</strong></span> <span class='ocrx_word' id='word_1_77' title='bbox 867 1211 1216 1268; x_wconf 89' lang='lat' dir='ltr'><strong>hominibus</strong></span> <span class='ocrx_word' id='word_1_78' title='bbox 1255 1211 1333 1267; x_wconf 89' lang='lat' dir='ltr'><strong>ad</strong></span> <span class='ocrx_word' id='word_1_79' title='bbox 1376 1210 1654 1268; x_wconf 88' lang='lat' dir='ltr'><strong>eamdem</strong></span> <span class='ocrx_word' id='word_1_80' title='bbox 1701 1210 1986 1265; x_wconf 90' lang='lat' dir='ltr'><strong>unitatem</strong></span> <span class='ocrx_word' id='word_1_81' title='bbox 2025 1207 2186 1263; x_wconf 89' lang='lat' dir='ltr'><strong>resti-</strong></span> 
     </span>
    </p>
   </div>
   <div class='ocr_carea' id='block_1_16' title="bbox 527 1295 2186 1372">
    <p class='ocr_par' dir='ltr' id='par_1_16' title="bbox 527 1295 2186 1372">
     <span class='ocr_line' id='line_1_16' title="bbox 527 1295 2186 1372; baseline -0.004 -15"><span class='ocrx_word' id='word_1_82' title='bbox 527 1301 792 1370; x_wconf 88' lang='lat' dir='ltr'><strong>tuendis,</strong></span> <span class='ocrx_word' id='word_1_83' title='bbox 817 1317 951 1356; x_wconf 90' lang='lat' dir='ltr'><strong>cum</strong></span> <span class='ocrx_word' id='word_1_84' title='bbox 977 1300 1195 1356; x_wconf 89' lang='lat' dir='ltr'><strong>divinis</strong></span> <span class='ocrx_word' id='word_1_85' title='bbox 1227 1300 1460 1372; x_wconf 90' lang='lat' dir='ltr'><strong>piisque</strong></span> <span class='ocrx_word' id='word_1_86' title='bbox 1491 1299 1651 1368; x_wconf 89' lang='lat' dir='ltr'><strong>viris,</strong></span> <span class='ocrx_word' id='word_1_87' title='bbox 1683 1303 1738 1354; x_wconf 91' lang='lat' dir='ltr'><strong>et</strong></span> <span class='ocrx_word' id='word_1_88' title='bbox 1765 1314 1902 1354; x_wconf 91' lang='lat' dir='ltr'><strong>cum</strong></span> <span class='ocrx_word' id='word_1_89' title='bbox 1935 1295 2186 1353; x_wconf 64' lang='lat' dir='ltr'><strong>caelesti-</strong></span> 
     </span>
    </p>
   </div>
   <div class='ocr_carea' id='block_1_17' title="bbox 529 1386 2186 1461">
    <p class='ocr_par' dir='ltr' id='par_1_17' title="bbox 529 1386 2186 1461">
     <span class='ocr_line' id='line_1_17' title="bbox 529 1386 2186 1461; baseline -0.004 -15"><span class='ocrx_word' id='word_1_90' title='bbox 529 1389 642 1446; x_wconf 90' lang='lat' dir='ltr'><strong>bus</strong></span> <span class='ocrx_word' id='word_1_91' title='bbox 671 1391 987 1446; x_wconf 80' lang='lat' dir='ltr'><strong>virtutibus</strong></span> <span class='ocrx_word' id='word_1_92' title='bbox 1014 1390 1290 1446; x_wconf 88' lang='lat' dir='ltr'><strong>eamdem</strong></span> <span class='ocrx_word' id='word_1_93' title='bbox 1333 1389 1509 1461; x_wconf 80' lang='lat'><strong>385</strong></span> <span class='ocrx_word' id='word_1_94' title='bbox 1541 1389 1823 1443; x_wconf 90' lang='lat' dir='ltr'><strong>unionem</strong></span> <span class='ocrx_word' id='word_1_95' title='bbox 1876 1387 1954 1442; x_wconf 90' lang='lat' dir='ltr'><strong>ad</strong></span> <span class='ocrx_word' id='word_1_96' title='bbox 1997 1386 2186 1441; x_wconf 90' lang='lat' dir='ltr'><strong>Deum</strong></span> 
     </span>
    </p>
   </div>
   <div class='ocr_carea' id='block_1_18' title="bbox 527 1475 2186 1552">
    <p class='ocr_par' dir='ltr' id='par_1_18' title="bbox 527 1475 2186 1552">
     <span class='ocr_line' id='line_1_18' title="bbox 527 1475 2186 1552; baseline -0.002 -19"><span class='ocrx_word' id='word_1_97' title='bbox 527 1479 839 1546; x_wconf 88' lang='lat' dir='ltr'><strong>habituris,</strong></span> <span class='ocrx_word' id='word_1_98' title='bbox 891 1495 1075 1552; x_wconf 91' lang='lat' dir='ltr'><strong>quam</strong></span> <span class='ocrx_word' id='word_1_99' title='bbox 1130 1483 1187 1534; x_wconf 89' lang='lat' dir='ltr'><strong>et</strong></span> <span class='ocrx_word' id='word_1_100' title='bbox 1233 1479 1492 1534; x_wconf 81' lang='lat' dir='ltr'><strong>Christus</strong></span> <span class='ocrx_word' id='word_1_101' title='bbox 1542 1475 2186 1548; x_wconf 83' lang='lat' dir='ltr'><strong>habuit,quemadmo-</strong></span> 
     </span>
    </p>
   </div>
   <div class='ocr_carea' id='block_1_19' title="bbox 525 1563 2184 1630">
    <p class='ocr_par' dir='ltr' id='par_1_19' title="bbox 525 1563 2184 1630">
     <span class='ocr_line' id='line_1_19' title="bbox 525 1563 2184 1630; baseline -0.004 -6"><span class='ocrx_word' id='word_1_102' title='bbox 525 1569 670 1624; x_wconf 90' lang='lat' dir='ltr'><strong>dum</strong></span> <span class='ocrx_word' id='word_1_103' title='bbox 701 1575 756 1624; x_wconf 93' lang='lat' dir='ltr'><strong>et</strong></span> <span class='ocrx_word' id='word_1_104' title='bbox 785 1571 960 1624; x_wconf 83' lang='lat' dir='ltr'><strong>antea</strong></span> <span class='ocrx_word' id='word_1_105' title='bbox 1015 1583 1146 1624; x_wconf 91' lang='lat' dir='ltr'><strong>eam</strong></span> <span class='ocrx_word' id='word_1_106' title='bbox 1199 1567 1485 1624; x_wconf 82' lang='lat' dir='ltr'><strong>habentes</strong></span> <span class='ocrx_word' id='word_1_107' title='bbox 1523 1565 1850 1622; x_wconf 78' lang='lat' dir='ltr'><strong>exstiterint</strong></span> <span class='ocrx_word' id='word_1_108' title='bbox 1877 1583 1892 1630; x_wconf 88' lang='lat'>;</span> <span class='ocrx_word' id='word_1_109' title='bbox 1925 1569 1988 1620; x_wconf 90' lang='lat' dir='ltr'><strong>ut</strong></span> <span class='ocrx_word' id='word_1_110' title='bbox 2018 1563 2184 1621; x_wconf 89' lang='lat' dir='ltr'><strong>Chri-</strong></span> 
     </span>
    </p>
   </div>
   <div class='ocr_carea' id='block_1_20' title="bbox 529 1653 2186 1730">
    <p class='ocr_par' dir='ltr' id='par_1_20' title="bbox 529 1653 2186 1730">
     <span class='ocr_line' id='line_1_20' title="bbox 529 1653 2186 1730; baseline -0.002 -18"><span class='ocrx_word' id='word_1_111' title='bbox 529 1663 656 1714; x_wconf 89' lang='lat' dir='ltr'><strong>stus</strong></span> <span class='ocrx_word' id='word_1_112' title='bbox 697 1657 840 1714; x_wconf 89' lang='lat' dir='ltr'><strong>nihil</strong></span> <span class='ocrx_word' id='word_1_113' title='bbox 885 1673 1133 1730; x_wconf 88' lang='lat' dir='ltr'><strong>prorsus</strong></span> <span class='ocrx_word' id='word_1_114' title='bbox 1183 1657 1254 1712; x_wconf 91' lang='lat' dir='ltr'><strong>sit</strong></span> <span class='ocrx_word' id='word_1_115' title='bbox 1282 1655 1596 1712; x_wconf 90' lang='lat' dir='ltr'><strong>habiturus</strong></span> <span class='ocrx_word' id='word_1_116' title='bbox 1629 1671 1750 1726; x_wconf 65' lang='lat' dir='ltr'><strong>prae</strong></span> <span class='ocrx_word' id='word_1_117' title='bbox 1795 1653 2186 1710; x_wconf 88' lang='lat' dir='ltr'><strong>rationalibus</strong></span> 
     </span>
    </p>
   </div>
   <div class='ocr_carea' id='block_1_21' title="bbox 2293 495 3884 570">
    <p class='ocr_par' dir='ltr' id='par_1_21' title="bbox 2293 495 3884 570">
     <span class='ocr_line' id='line_1_21' title="bbox 2293 495 3884 570; baseline 0.003 -24"><span class='ocrx_word' id='word_1_118' title='bbox 2293 499 2382 547; x_wconf 97' lang='lat' dir='ltr'><strong>xui</strong></span> <span class='ocrx_word' id='word_1_119' title='bbox 2435 497 2651 567; x_wconf 77' lang='grc' dir='ltr'><strong>θεωρίας</strong></span> <span class='ocrx_word' id='word_1_120' title='bbox 2685 511 2698 524; x_wconf 89' lang='grc'><em>’</em></span> <span class='ocrx_word' id='word_1_121' title='bbox 2725 495 2780 556; x_wconf 88' lang='grc' dir='ltr'>ὅς</span> <span class='ocrx_word' id='word_1_122' title='bbox 2825 499 2918 546; x_wconf 83' lang='grc' dir='ltr'>καὶ</span> <span class='ocrx_word' id='word_1_123' title='bbox 2965 499 3194 570; x_wconf 81' lang='grc' dir='ltr'>Χριστὸς</span> <span class='ocrx_word' id='word_1_124' title='bbox 3223 501 3310 550; x_wconf 82' lang='lat' dir='ltr'><strong>xui</strong></span> <span class='ocrx_word' id='word_1_125' title='bbox 3369 495 3614 570; x_wconf 68' lang='grc' dir='ltr'>βασιλεὺς</span> <span class='ocrx_word' id='word_1_126' title='bbox 3671 503 3762 550; x_wconf 78' lang='grc' dir='ltr'>καὶ</span> <span class='ocrx_word' id='word_1_127' title='bbox 3811 499 3884 550; x_wconf 73' lang='grc' dir='ltr'><strong>ἑν-</strong></span> 
     </span>
    </p>
   </div>
   <div class='ocr_carea' id='block_1_22' title="bbox 2297 585 3880 660">
    <p class='ocr_par' dir='ltr' id='par_1_22' title="bbox 2297 585 3880 660">
     <span class='ocr_line' id='line_1_22' title="bbox 2297 585 3880 660; baseline 0.001 -24"><span class='ocrx_word' id='word_1_128' title='bbox 2297 586 2497 658; x_wconf 86' lang='grc' dir='ltr'>θρωπος</span> <span class='ocrx_word' id='word_1_129' title='bbox 2528 587 2722 655; x_wconf 85' lang='grc' dir='ltr'>γέγονε.</span> <span class='ocrx_word' id='word_1_130' title='bbox 2785 587 2886 636; x_wconf 79' lang='grc' dir='ltr'>Καὶ</span> <span class='ocrx_word' id='word_1_131' title='bbox 2943 585 3022 636; x_wconf 88' lang='grc' dir='ltr'><strong>ὅτι</strong></span> <span class='ocrx_word' id='word_1_132' title='bbox 3061 585 3316 647; x_wconf 79' lang='grc' dir='ltr'>παντελὴς</span> <span class='ocrx_word' id='word_1_133' title='bbox 3369 587 3518 640; x_wconf 83' lang='grc' dir='ltr'>ἔσται</span> <span class='ocrx_word' id='word_1_134' title='bbox 3559 595 3662 639; x_wconf 81' lang='grc' dir='ltr'>τῶν</span> <span class='ocrx_word' id='word_1_135' title='bbox 3715 591 3880 660; x_wconf 78' lang='grc' dir='ltr'>σωμά-</span> 
     </span>
    </p>
   </div>
   <div class='ocr_carea' id='block_1_23' title="bbox 2293 671 3882 752">
    <p class='ocr_par' dir='ltr' id='par_1_23' title="bbox 2293 671 3882 752">
     <span class='ocr_line' id='line_1_23' title="bbox 2293 671 3882 752; baseline 0.003 -28"><span class='ocrx_word' id='word_1_136' title='bbox 2293 692 2394 724; x_wconf 87' lang='grc' dir='ltr'><strong>των</strong></span> <span class='ocrx_word' id='word_1_137' title='bbox 2443 671 2729 746; x_wconf 79' lang='grc' dir='ltr'>ἀναίρεσις,</span> <span class='ocrx_word' id='word_1_138' title='bbox 2785 672 2945 726; x_wconf 83' lang='grc' dir='ltr'>αύτοῡ</span> <span class='ocrx_word' id='word_1_139' title='bbox 3001 681 3094 727; x_wconf 82' lang='grc' dir='ltr'>τοῦ</span> <span class='ocrx_word' id='word_1_140' title='bbox 3151 679 3346 750; x_wconf 76' lang='grc' dir='ltr'>Κυρίου</span> <span class='ocrx_word' id='word_1_141' title='bbox 3403 684 3611 752; x_wconf 85' lang='grc' dir='ltr'>πρῶτον</span> <span class='ocrx_word' id='word_1_142' title='bbox 3659 674 3882 728; x_wconf 71' lang='grc' dir='ltr'>ἀποτιθε-</span> 
     </span>
    </p>
   </div>
   <div class='ocr_carea' id='block_1_24' title="bbox 2295 758 3882 834">
    <p class='ocr_par' dir='ltr' id='par_1_24' title="bbox 2295 758 3882 834">
     <span class='ocr_line' id='line_1_24' title="bbox 2295 758 3882 834; baseline 0.003 -20"><span class='ocrx_word' id='word_1_143' title='bbox 2295 766 2446 834; x_wconf 87' lang='grc' dir='ltr'>μένου</span> <span class='ocrx_word' id='word_1_144' title='bbox 2481 765 2539 814; x_wconf 86' lang='grc' dir='ltr'>τὸ</span> <span class='ocrx_word' id='word_1_145' title='bbox 2593 758 2728 814; x_wconf 81' lang='grc' dir='ltr'>ἴδιον</span> <span class='ocrx_word' id='word_1_146' title='bbox 2771 771 2940 834; x_wconf 82' lang='grc' dir='ltr'>σῶμα,</span> <span class='ocrx_word' id='word_1_147' title='bbox 2999 768 3218 816; x_wconf 84' lang='grc' dir='ltr'>καὶτῶν</span> <span class='ocrx_word' id='word_1_148' title='bbox 3269 764 3459 818; x_wconf 77' lang='grc' dir='ltr'><strong>λοιπῶν</strong></span> <span class='ocrx_word' id='word_1_149' title='bbox 3499 765 3766 820; x_wconf 78' lang='grc' dir='ltr'>ἁπάντων.</span> <span class='ocrx_word' id='word_1_150' title='bbox 3799 771 3882 818; x_wconf 71' lang='grc' dir='ltr'><strong>Καὶ</strong></span> 
     </span>
    </p>
   </div>
   <div class='ocr_carea' id='block_1_25' title="bbox 2295 849 3884 924">
    <p class='ocr_par' dir='ltr' id='par_1_25' title="bbox 2295 849 3884 924">
     <span class='ocr_line' id='line_1_25' title="bbox 2295 849 3884 924; baseline 0.001 -20"><span class='ocrx_word' id='word_1_151' title='bbox 2295 852 2376 904; x_wconf 89' lang='grc' dir='ltr'>ὃτι</span> <span class='ocrx_word' id='word_1_152' title='bbox 2433 849 2837 924; x_wconf 84' lang='grc' dir='ltr'>ἀνακομίζονται</span> <span class='ocrx_word' id='word_1_153' title='bbox 2887 851 3040 904; x_wconf 85' lang='grc' dir='ltr'>πάλιν</span> <span class='ocrx_word' id='word_1_154' title='bbox 3089 852 3308 915; x_wconf 79' lang='grc' dir='ltr'>ἅπαντες</span> <span class='ocrx_word' id='word_1_155' title='bbox 3341 853 3408 915; x_wconf 81' lang='grc' dir='ltr'>εἰς</span> <span class='ocrx_word' id='word_1_156' title='bbox 3445 859 3540 913; x_wconf 78' lang='grc' dir='ltr'>τὴν</span> <span class='ocrx_word' id='word_1_157' title='bbox 3589 855 3760 912; x_wconf 71' lang='grc' dir='ltr'>αὐτὴν</span> <span class='ocrx_word' id='word_1_158' title='bbox 3793 855 3884 906; x_wconf 67' lang='grc' dir='ltr'>ἐνά-</span> 
     </span>
    </p>
   </div>
   <div class='ocr_carea' id='block_1_26' title="bbox 2297 937 3882 1019">
    <p class='ocr_par' dir='ltr' id='par_1_26' title="bbox 2297 937 3882 1019">
     <span class='ocr_line' id='line_1_26' title="bbox 2297 937 3882 1019; baseline 0.003 -27"><span class='ocrx_word' id='word_1_159' title='bbox 2297 937 2386 1012; x_wconf 86' lang='grc' dir='ltr'><strong>δα,</strong></span> <span class='ocrx_word' id='word_1_160' title='bbox 2449 945 2538 993; x_wconf 80' lang='grc' dir='ltr'>καὶ</span> <span class='ocrx_word' id='word_1_161' title='bbox 2581 945 2814 1012; x_wconf 85' lang='grc' dir='ltr'>γίνονται</span> <span class='ocrx_word' id='word_1_162' title='bbox 2859 945 2969 1003; x_wconf 88' lang='grc' dir='ltr'>νόες</span> <span class='ocrx_word' id='word_1_163' title='bbox 3003 957 3016 972; x_wconf 79' lang='grc'><strong><em>⁸</em></strong></span> <span class='ocrx_word' id='word_1_164' title='bbox 3050 943 3189 995; x_wconf 85' lang='grc' dir='ltr'><strong>καθὰ</strong></span> <span class='ocrx_word' id='word_1_165' title='bbox 3235 947 3322 996; x_wconf 78' lang='grc' dir='ltr'>καὶ</span> <span class='ocrx_word' id='word_1_166' title='bbox 3355 945 3404 995; x_wconf 72' lang='grc' dir='ltr'>ἓν</span> <span class='ocrx_word' id='word_1_167' title='bbox 3455 940 3519 1016; x_wconf 73' lang='grc' dir='ltr'><strong>τῇ</strong></span> <span class='ocrx_word' id='word_1_168' title='bbox 3575 945 3882 1019; x_wconf 74' lang='grc' dir='ltr'>προῦπάρξει</span> 
     </span>
    </p>
   </div>
   <div class='ocr_carea' id='block_1_27' title="bbox 2295 1029 3883 1103">
    <p class='ocr_par' dir='ltr' id='par_1_27' title="bbox 2295 1029 3883 1103">
     <span class='ocr_line' id='line_1_27' title="bbox 2295 1029 3883 1103; baseline 0.001 -21"><span class='ocrx_word' id='word_1_169' title='bbox 2295 1029 2583 1102; x_wconf 73' lang='grc' dir='ltr'><strong>ἐτύγχανον</strong></span> <span class='ocrx_word' id='word_1_170' title='bbox 2615 1047 2630 1060; x_wconf 79' lang='grc'><strong><em>⁸</em></strong></span> <span class='ocrx_word' id='word_1_171' title='bbox 2691 1031 3182 1103; x_wconf 83' lang='grc' dir='ltr'>άποκαθισταμένου</span> <span class='ocrx_word' id='word_1_172' title='bbox 3255 1029 3500 1091; x_wconf 83' lang='grc' dir='ltr'>δηλονότι</span> <span class='ocrx_word' id='word_1_173' title='bbox 3563 1039 3658 1086; x_wconf 82' lang='grc' dir='ltr'>καὶ</span> <span class='ocrx_word' id='word_1_174' title='bbox 3741 1033 3883 1086; x_wconf 68' lang='grc' dir='ltr'>αὐτοῦ</span> 
     </span>
    </p>
   </div>
   <div class='ocr_carea' id='block_1_28' title="bbox 2293 1115 3886 1194">
    <p class='ocr_par' dir='ltr' id='par_1_28' title="bbox 2293 1115 3886 1194">
     <span class='ocr_line' id='line_1_28' title="bbox 2293 1115 3886 1194; baseline 0.002 -23"><span class='ocrx_word' id='word_1_175' title='bbox 2293 1126 2385 1171; x_wconf 86' lang='grc' dir='ltr'>τοῦ</span> <span class='ocrx_word' id='word_1_176' title='bbox 2418 1115 2688 1184; x_wconf 83' lang='grc' dir='ltr'>διαϐόλου,</span> <span class='ocrx_word' id='word_1_177' title='bbox 2719 1125 2810 1172; x_wconf 85' lang='grc' dir='ltr'>καὶ</span> <span class='ocrx_word' id='word_1_178' title='bbox 2863 1127 2960 1172; x_wconf 88' lang='grc' dir='ltr'>τῶν</span> <span class='ocrx_word' id='word_1_179' title='bbox 3014 1119 3206 1174; x_wconf 86' lang='grc' dir='ltr'>λοιπῶν</span> <span class='ocrx_word' id='word_1_180' title='bbox 3259 1117 3522 1194; x_wconf 80' lang='grc' dir='ltr'><strong>δαιμόνων</strong></span> <span class='ocrx_word' id='word_1_181' title='bbox 3555 1122 3632 1184; x_wconf 78' lang='grc' dir='ltr'><strong>εἰς</strong></span> <span class='ocrx_word' id='word_1_182' title='bbox 3687 1127 3784 1180; x_wconf 73' lang='grc' dir='ltr'>τὴν</span> <span class='ocrx_word' id='word_1_183' title='bbox 3813 1123 3886 1174; x_wconf 72' lang='grc' dir='ltr'><strong>αὖ·</strong></span> 
     </span>
    </p>
   </div>
   <div class='ocr_carea' id='block_1_29' title="bbox 2294 1205 3886 1286">
    <p class='ocr_par' dir='ltr' id='par_1_29' title="bbox 2294 1205 3886 1286">
     <span class='ocr_line' id='line_1_29' title="bbox 2294 1205 3886 1286; baseline 0.003 -27"><span class='ocrx_word' id='word_1_184' title='bbox 2294 1213 2388 1268; x_wconf 81' lang='grc' dir='ltr'>τὴν</span> <span class='ocrx_word' id='word_1_185' title='bbox 2441 1205 2642 1262; x_wconf 84' lang='grc' dir='ltr'>ἐνάδα·</span> <span class='ocrx_word' id='word_1_186' title='bbox 2697 1214 2926 1262; x_wconf 84' lang='grc' dir='ltr'>καὶτῶν</span> <span class='ocrx_word' id='word_1_187' title='bbox 2977 1209 3176 1263; x_wconf 80' lang='grc' dir='ltr'>ἀσεϐῶν</span> <span class='ocrx_word' id='word_1_188' title='bbox 3231 1216 3320 1264; x_wconf 81' lang='grc' dir='ltr'>καὶ</span> <span class='ocrx_word' id='word_1_189' title='bbox 3379 1210 3538 1264; x_wconf 78' lang='grc' dir='ltr'>ἀθέων</span> <span class='ocrx_word' id='word_1_190' title='bbox 3589 1210 3886 1286; x_wconf 77' lang='grc' dir='ltr'>ἀνθρώπων,</span> 
     </span>
    </p>
   </div>
   <div class='ocr_carea' id='block_1_30' title="bbox 2293 1297 3890 1376">
    <p class='ocr_par' dir='ltr' id='par_1_30' title="bbox 2293 1297 3890 1376">
     <span class='ocr_line' id='line_1_30' title="bbox 2293 1297 3890 1376; baseline 0.003 -27"><span class='ocrx_word' id='word_1_191' title='bbox 2293 1299 2426 1371; x_wconf 84' lang='grc' dir='ltr'>μετὰ</span> <span class='ocrx_word' id='word_1_192' title='bbox 2477 1305 2575 1350; x_wconf 83' lang='grc' dir='ltr'>τῶν</span> <span class='ocrx_word' id='word_1_193' title='bbox 2635 1300 2779 1350; x_wconf 89' lang='grc' dir='ltr'>θείων</span> <span class='ocrx_word' id='word_1_194' title='bbox 2833 1303 2924 1352; x_wconf 85' lang='grc' dir='ltr'><strong>καὶ</strong></span> <span class='ocrx_word' id='word_1_195' title='bbox 2973 1301 3228 1376; x_wconf 67' lang='grc' dir='ltr'>θεοφόρων</span> <span class='ocrx_word' id='word_1_196' title='bbox 3273 1297 3498 1374; x_wconf 83' lang='grc' dir='ltr'>ἀνδρῶν,</span> <span class='ocrx_word' id='word_1_197' title='bbox 3537 1305 3628 1353; x_wconf 85' lang='lat' dir='ltr'><strong>xui</strong></span> <span class='ocrx_word' id='word_1_198' title='bbox 3669 1309 3778 1353; x_wconf 86' lang='grc' dir='ltr'>τῶν</span> <span class='ocrx_word' id='word_1_199' title='bbox 3813 1301 3890 1353; x_wconf 79' lang='grc' dir='ltr'>ού-</span> 
     </span>
    </p>
   </div>
   <div class='ocr_carea' id='block_1_31' title="bbox 2295 1383 3892 1464">
    <p class='ocr_par' dir='ltr' id='par_1_31' title="bbox 2295 1383 3892 1464">
     <span class='ocr_line' id='line_1_31' title="bbox 2295 1383 3892 1464; baseline 0.002 -24"><span class='ocrx_word' id='word_1_200' title='bbox 2295 1393 2482 1461; x_wconf 89' lang='grc' dir='ltr'>ρανίων</span> <span class='ocrx_word' id='word_1_201' title='bbox 2541 1383 2830 1460; x_wconf 73' lang='grc' dir='ltr'><strong>δυνάμεων,</strong></span> <span class='ocrx_word' id='word_1_202' title='bbox 2901 1393 2996 1447; x_wconf 85' lang='grc' dir='ltr'>τὴν</span> <span class='ocrx_word' id='word_1_203' title='bbox 3048 1389 3206 1449; x_wconf 78' lang='grc' dir='ltr'>αὐτὴν</span> <span class='ocrx_word' id='word_1_204' title='bbox 3273 1389 3483 1453; x_wconf 81' lang='grc' dir='ltr'>ἐξόντων</span> <span class='ocrx_word' id='word_1_205' title='bbox 3531 1392 3724 1444; x_wconf 78' lang='grc' dir='ltr'>ἕνωσιν</span> <span class='ocrx_word' id='word_1_206' title='bbox 3785 1397 3892 1464; x_wconf 56' lang='lat'><strong>39&#39;};</strong></span> 
     </span>
    </p>
   </div>
   <div class='ocr_carea' id='block_1_32' title="bbox 2295 1479 3893 1556">
    <p class='ocr_par' dir='ltr' id='par_1_32' title="bbox 2295 1479 3893 1556">
     <span class='ocr_line' id='line_1_32' title="bbox 2295 1479 3893 1556; baseline 0.003 -28"><span class='ocrx_word' id='word_1_207' title='bbox 2295 1481 2382 1529; x_wconf 89' lang='grc' dir='ltr'>τὸν</span> <span class='ocrx_word' id='word_1_208' title='bbox 2444 1480 2594 1543; x_wconf 86' lang='grc' dir='ltr'>Θεὸν,</span> <span class='ocrx_word' id='word_1_209' title='bbox 2639 1479 2821 1530; x_wconf 83' lang='grc' dir='ltr'>ὁποίαν</span> <span class='ocrx_word' id='word_1_210' title='bbox 2874 1480 2988 1550; x_wconf 82' lang='grc' dir='ltr'>ἔχει</span> <span class='ocrx_word' id='word_1_211' title='bbox 3067 1484 3156 1532; x_wconf 82' lang='grc' dir='ltr'>καὶ</span> <span class='ocrx_word' id='word_1_212' title='bbox 3203 1481 3228 1532; x_wconf 86' lang='grc' dir='ltr'><strong><em>ὁ</em></strong></span> <span class='ocrx_word' id='word_1_213' title='bbox 3271 1485 3523 1556; x_wconf 83' lang='grc' dir='ltr'>Χριστὸς,</span> <span class='ocrx_word' id='word_1_214' title='bbox 3587 1483 3772 1542; x_wconf 84' lang='grc' dir='ltr'>καθως</span> <span class='ocrx_word' id='word_1_215' title='bbox 3819 1491 3893 1532; x_wconf 72' lang='lat' dir='ltr'><strong>xui</strong></span> 
     </span>
    </p>
   </div>
   <div class='ocr_carea' id='block_1_33' title="bbox 2295 1563 3896 1644">
    <p class='ocr_par' dir='ltr' id='par_1_33' title="bbox 2295 1563 3896 1644">
     <span class='ocr_line' id='line_1_33' title="bbox 2295 1563 3896 1644; baseline 0.001 -26"><span class='ocrx_word' id='word_1_216' title='bbox 2295 1566 2687 1640; x_wconf 72' lang='grc' dir='ltr'>προϋπῆρχονο</span> <span class='ocrx_word' id='word_1_217' title='bbox 2731 1570 2801 1630; x_wconf 84' lang='grc' dir='ltr'>ὡς</span> <span class='ocrx_word' id='word_1_218' title='bbox 2837 1563 3104 1640; x_wconf 81' lang='grc' dir='ltr'>μηδεμίαν</span> <span class='ocrx_word' id='word_1_219' title='bbox 3157 1565 3289 1621; x_wconf 86' lang='grc' dir='ltr'>εἶναι</span> <span class='ocrx_word' id='word_1_220' title='bbox 3343 1565 3602 1644; x_wconf 69' lang='grc' dir='ltr'>διαφορὰν</span> <span class='ocrx_word' id='word_1_221' title='bbox 3649 1577 3732 1640; x_wconf 80' lang='grc' dir='ltr'>τῷ</span> <span class='ocrx_word' id='word_1_222' title='bbox 3789 1577 3896 1640; x_wconf 73' lang='grc' dir='ltr'>Χρι-</span> 
     </span>
    </p>
   </div>
   <div class='ocr_carea' id='block_1_34' title="bbox 2301 1657 3898 1732">
    <p class='ocr_par' dir='ltr' id='par_1_34' title="bbox 2301 1657 3898 1732">
     <span class='ocr_line' id='line_1_34' title="bbox 2301 1657 3898 1732; baseline 0.001 -24"><span class='ocrx_word' id='word_1_223' title='bbox 2301 1663 2409 1728; x_wconf 83' lang='grc' dir='ltr'>στῷ</span> <span class='ocrx_word' id='word_1_224' title='bbox 2461 1659 2591 1730; x_wconf 88' lang='grc' dir='ltr'>πρὸς</span> <span class='ocrx_word' id='word_1_225' title='bbox 2640 1659 2705 1709; x_wconf 80' lang='grc' dir='ltr'>τὰ</span> <span class='ocrx_word' id='word_1_226' title='bbox 2757 1657 2942 1730; x_wconf 85' lang='grc' dir='ltr'>λογικὰ</span> <span class='ocrx_word' id='word_1_227' title='bbox 2993 1658 3254 1722; x_wconf 80' lang='grc' dir='ltr'>παντελῶς</span> <span class='ocrx_word' id='word_1_228' title='bbox 3293 1661 3408 1712; x_wconf 76' lang='grc' dir='ltr'>οὔτε</span> <span class='ocrx_word' id='word_1_229' title='bbox 3457 1666 3520 1732; x_wconf 72' lang='grc' dir='ltr'>τῇ</span> <span class='ocrx_word' id='word_1_230' title='bbox 3563 1659 3758 1731; x_wconf 70' lang='grc' dir='ltr'>οὐσίᾳ,</span> <span class='ocrx_word' id='word_1_231' title='bbox 3799 1661 3898 1711; x_wconf 73' lang='grc' dir='ltr'>οὔτε</span> 
     </span>
    </p>
   </div>
   <div class='ocr_carea' id='block_1_35' title="bbox 527 1742 2178 1822">
    <p class='ocr_par' dir='ltr' id='par_1_35' title="bbox 527 1743 2178 1820">
     <span class='ocr_line' id='line_1_35' title="bbox 527 1743 2178 1820; baseline -0.002 -18"><span class='ocrx_word' id='word_1_232' title='bbox 527 1748 921 1820; x_wconf 67' lang='lat' dir='ltr'><strong>praecipuum,</strong></span> <span class='ocrx_word' id='word_1_233' title='bbox 945 1762 1140 1818; x_wconf 90' lang='lat' dir='ltr'><strong>neque</strong></span> <span class='ocrx_word' id='word_1_234' title='bbox 1162 1746 1521 1811; x_wconf 82' lang='lat' dir='ltr'><strong>substantia,</strong></span> <span class='ocrx_word' id='word_1_235' title='bbox 1553 1761 1749 1816; x_wconf 91' lang='lat' dir='ltr'><strong>neque</strong></span> <span class='ocrx_word' id='word_1_236' title='bbox 1775 1743 2178 1816; x_wconf 82' lang='lat' dir='ltr'><strong>intelligentia,</strong></span> 
     </span>
    </p>
   </div>
   <div class='ocr_carea' id='block_1_36' title="bbox 2288 1742 3896 1822">
    <p class='ocr_par' dir='ltr' id='par_1_36' title="bbox 2297 1742 3896 1820">
     <span class='ocr_line' id='line_1_36' title="bbox 2297 1742 3896 1820; baseline 0.001 -22"><span class='ocrx_word' id='word_1_237' title='bbox 2297 1753 2359 1818; x_wconf 77' lang='grc' dir='ltr'>τῇ</span> <span class='ocrx_word' id='word_1_238' title='bbox 2401 1750 2612 1816; x_wconf 82' lang='grc' dir='ltr'>γνώσει,</span> <span class='ocrx_word' id='word_1_239' title='bbox 2663 1749 2779 1799; x_wconf 79' lang='grc' dir='ltr'>οὔτε</span> <span class='ocrx_word' id='word_1_240' title='bbox 2823 1755 2886 1820; x_wconf 76' lang='grc' dir='ltr'>τῇ</span> <span class='ocrx_word' id='word_1_241' title='bbox 2921 1742 3162 1819; x_wconf 81' lang='grc' dir='ltr'>δυνάμει.</span> <span class='ocrx_word' id='word_1_242' title='bbox 3222 1768 3247 1800; x_wconf 70' lang='grc' dir='ltr'><strong>ν</strong></span> <span class='ocrx_word' id='word_1_243' title='bbox 3285 1747 3443 1803; x_wconf 81' lang='grc' dir='ltr'>Ἀλλὰ</span> <span class='ocrx_word' id='word_1_244' title='bbox 3481 1755 3655 1800; x_wconf 80' lang='grc' dir='ltr'>ταῦτα</span> <span class='ocrx_word' id='word_1_245' title='bbox 3696 1751 3798 1820; x_wconf 73' lang='grc' dir='ltr'><strong>μεν</strong></span> <span class='ocrx_word' id='word_1_246' title='bbox 3825 1748 3896 1800; x_wconf 75' lang='grc' dir='ltr'><strong>οὗ·</strong></span> 
     </span>
    </p>
   </div>
   <div class='ocr_carea' id='block_1_37' title="bbox 527 1833 2188 1909">
    <p class='ocr_par' dir='ltr' id='par_1_37' title="bbox 527 1833 2188 1909">
     <span class='ocr_line' id='line_1_37' title="bbox 527 1833 2188 1909; baseline -0.003 -16"><span class='ocrx_word' id='word_1_247' title='bbox 527 1853 724 1909; x_wconf 89' lang='lat' dir='ltr'><strong>neque</strong></span> <span class='ocrx_word' id='word_1_248' title='bbox 751 1837 987 1892; x_wconf 89' lang='lat' dir='ltr'><strong>virtute.</strong></span> <span class='ocrx_word' id='word_1_249' title='bbox 1015 1839 1144 1892; x_wconf 75' lang='lat' dir='ltr'><strong>Haec</strong></span> <span class='ocrx_word' id='word_1_250' title='bbox 1179 1836 1292 1892; x_wconf 89' lang='lat' dir='ltr'><strong>ille.</strong></span> <span class='ocrx_word' id='word_1_251' title='bbox 1327 1859 1353 1886; x_wconf 86' lang='lat'><strong>»</strong></span> <span class='ocrx_word' id='word_1_252' title='bbox 1389 1835 1600 1891; x_wconf 88' lang='lat' dir='ltr'><strong>Decius</strong></span> <span class='ocrx_word' id='word_1_253' title='bbox 1629 1839 1832 1890; x_wconf 90' lang='lat' dir='ltr'><strong>autem</strong></span> <span class='ocrx_word' id='word_1_254' title='bbox 1869 1837 2005 1906; x_wconf 89' lang='lat' dir='ltr'><strong>post</strong></span> <span class='ocrx_word' id='word_1_255' title='bbox 2036 1833 2188 1889; x_wconf 90' lang='lat' dir='ltr'><strong>duos</strong></span> 
     </span>
    </p>
   </div>
   <div class='ocr_carea' id='block_1_38' title="bbox 526 1923 2190 1998">
    <p class='ocr_par' dir='ltr' id='par_1_38' title="bbox 526 1923 2190 1998">
     <span class='ocr_line' id='line_1_38' title="bbox 526 1923 2190 1998; baseline -0.002 -16"><span class='ocrx_word' id='word_1_256' title='bbox 526 1926 762 1998; x_wconf 90' lang='lat' dir='ltr'><strong>imperii</strong></span> <span class='ocrx_word' id='word_1_257' title='bbox 787 1925 882 1982; x_wconf 90' lang='lat' dir='ltr'><strong>sui</strong></span> <span class='ocrx_word' id='word_1_258' title='bbox 914 1925 1426 1991; x_wconf 87' lang='lat' dir='ltr'><strong>annos,adversus</strong></span> <span class='ocrx_word' id='word_1_259' title='bbox 1451 1925 1698 1997; x_wconf 86' lang='lat' dir='ltr'><strong>Scythas</strong></span> <span class='ocrx_word' id='word_1_260' title='bbox 1718 1923 1940 1996; x_wconf 80' lang='lat' dir='ltr'><strong>(l),qui</strong></span> <span class='ocrx_word' id='word_1_261' title='bbox 1973 1925 2190 1979; x_wconf 87' lang='lat' dir='ltr'><strong>Istrum</strong></span> 
     </span>
    </p>
   </div>
   <div class='ocr_carea' id='block_1_39' title="bbox 527 2013 2188 2084">
    <p class='ocr_par' dir='ltr' id='par_1_39' title="bbox 527 2013 2188 2084">
     <span class='ocr_line' id='line_1_39' title="bbox 527 2013 2188 2084; baseline -0.004 -11"><span class='ocrx_word' id='word_1_262' title='bbox 527 2015 966 2081; x_wconf 88' lang='lat' dir='ltr'><strong>transierant,et</strong></span> <span class='ocrx_word' id='word_1_263' title='bbox 997 2015 1284 2071; x_wconf 89' lang='lat' dir='ltr'><strong>ditionem</strong></span> <span class='ocrx_word' id='word_1_264' title='bbox 1323 2017 1656 2071; x_wconf 82' lang='lat' dir='ltr'><strong>Romanam</strong></span> <span class='ocrx_word' id='word_1_265' title='bbox 1683 2013 2021 2079; x_wconf 86' lang='lat' dir='ltr'><strong>vastabant,</strong></span> <span class='ocrx_word' id='word_1_266' title='bbox 2051 2028 2188 2084; x_wconf 88' lang='lat' dir='ltr'><strong>pro-</strong></span> 
     </span>
    </p>
   </div>
   <div class='ocr_carea' id='block_1_40' title="bbox 534 2103 2192 2178">
    <p class='ocr_par' dir='ltr' id='par_1_40' title="bbox 534 2103 2192 2178">
     <span class='ocr_line' id='line_1_40' title="bbox 534 2103 2192 2178; baseline -0.004 -16"><span class='ocrx_word' id='word_1_267' title='bbox 534 2121 799 2178; x_wconf 82' lang='lat' dir='ltr'><strong>gressus,</strong></span> <span class='ocrx_word' id='word_1_268' title='bbox 842 2121 1029 2178; x_wconf 87' lang='lat' dir='ltr'><strong>supra</strong></span> <span class='ocrx_word' id='word_1_269' title='bbox 1057 2105 1296 2176; x_wconf 83' lang='lat' dir='ltr'><strong>triginta</strong></span> <span class='ocrx_word' id='word_1_270' title='bbox 1315 2103 1504 2160; x_wconf 89' lang='lat' dir='ltr'><strong>millia</strong></span> <span class='ocrx_word' id='word_1_271' title='bbox 1531 2119 1595 2159; x_wconf 87' lang='lat' dir='ltr'><strong>ex</strong></span> <span class='ocrx_word' id='word_1_272' title='bbox 1615 2103 1697 2158; x_wconf 89' lang='lat' dir='ltr'><strong>eis</strong></span> <span class='ocrx_word' id='word_1_273' title='bbox 1719 2103 1982 2174; x_wconf 90' lang='lat' dir='ltr'><strong>primum</strong></span> <span class='ocrx_word' id='word_1_274' title='bbox 2003 2103 2192 2158; x_wconf 88' lang='lat' dir='ltr'><strong>victor</strong></span> 
     </span>
    </p>
   </div>
   <div class='ocr_carea' id='block_1_41' title="bbox 537 2191 2193 2264">
    <p class='ocr_par' dir='ltr' id='par_1_41' title="bbox 537 2191 2193 2264">
     <span class='ocr_line' id='line_1_41' title="bbox 537 2191 2193 2264; baseline -0.004 -12"><span class='ocrx_word' id='word_1_275' title='bbox 537 2195 818 2252; x_wconf 88' lang='lat' dir='ltr'><strong>concidit.</strong></span> <span class='ocrx_word' id='word_1_276' title='bbox 851 2194 1124 2252; x_wconf 88' lang='lat' dir='ltr'><strong>Secunda</strong></span> <span class='ocrx_word' id='word_1_277' title='bbox 1151 2199 1352 2250; x_wconf 89' lang='lat' dir='ltr'><strong>autem</strong></span> <span class='ocrx_word' id='word_1_278' title='bbox 1383 2208 1592 2264; x_wconf 87' lang='lat' dir='ltr'><strong>pugna</strong></span> <span class='ocrx_word' id='word_1_279' title='bbox 1621 2209 1758 2248; x_wconf 93' lang='lat' dir='ltr'><strong>cum</strong></span> <span class='ocrx_word' id='word_1_280' title='bbox 1785 2191 1896 2247; x_wconf 88' lang='lat' dir='ltr'><strong>illis</strong></span> <span class='ocrx_word' id='word_1_281' title='bbox 1917 2205 2193 2260; x_wconf 89' lang='lat' dir='ltr'><strong>congres-</strong></span> 
     </span>
    </p>
   </div>
   <div class='ocr_carea' id='block_1_42' title="bbox 535 2281 2183 2354">
    <p class='ocr_par' dir='ltr' id='par_1_42' title="bbox 535 2281 2183 2354">
     <span class='ocr_line' id='line_1_42' title="bbox 535 2281 2183 2354; baseline -0.001 -14"><span class='ocrx_word' id='word_1_282' title='bbox 535 2301 658 2350; x_wconf 90' lang='lat' dir='ltr'><strong>sus,</strong></span> <span class='ocrx_word' id='word_1_283' title='bbox 692 2284 882 2340; x_wconf 89' lang='lat' dir='ltr'><strong>victus</strong></span> <span class='ocrx_word' id='word_1_284' title='bbox 915 2286 991 2354; x_wconf 60' lang='grc' dir='ltr'><strong>(εὶ)</strong></span> <span class='ocrx_word' id='word_1_285' title='bbox 1016 2299 1133 2339; x_wconf 92' lang='lat' dir='ltr'><strong>una</strong></span> <span class='ocrx_word' id='word_1_286' title='bbox 1163 2299 1300 2338; x_wconf 92' lang='lat' dir='ltr'><strong>cum</strong></span> <span class='ocrx_word' id='word_1_287' title='bbox 1331 2283 1452 2338; x_wconf 87' lang='lat' dir='ltr'><strong>ﬁlio</strong></span> <span class='ocrx_word' id='word_1_288' title='bbox 1488 2281 1566 2337; x_wconf 91' lang='lat' dir='ltr'><strong>ab</strong></span> <span class='ocrx_word' id='word_1_289' title='bbox 1593 2282 1682 2338; x_wconf 90' lang='lat' dir='ltr'><strong>eis</strong></span> <span class='ocrx_word' id='word_1_290' title='bbox 1713 2287 1801 2336; x_wconf 90' lang='lat' dir='ltr'><strong>est</strong></span> <span class='ocrx_word' id='word_1_291' title='bbox 1819 2281 2183 2338; x_wconf 87' lang='lat' dir='ltr'><strong>interfectus.</strong></span> 
     </span>
    </p>
   </div>
   <div class='ocr_carea' id='block_1_43' title="bbox 541 2370 2188 2446">
    <p class='ocr_par' dir='ltr' id='par_1_43' title="bbox 541 2370 2188 2446">
     <span class='ocr_line' id='line_1_43' title="bbox 541 2370 2188 2446; baseline -0.006 -15"><span class='ocrx_word' id='word_1_292' title='bbox 541 2375 634 2431; x_wconf 89' lang='lat' dir='ltr'><strong>Sic</strong></span> <span class='ocrx_word' id='word_1_293' title='bbox 663 2374 982 2446; x_wconf 89' lang='lat' dir='ltr'><strong>imperium</strong></span> <span class='ocrx_word' id='word_1_294' title='bbox 1022 2373 1098 2428; x_wconf 92' lang='lat' dir='ltr'><strong>ad</strong></span> <span class='ocrx_word' id='word_1_295' title='bbox 1140 2371 1368 2430; x_wconf 89' lang='lat' dir='ltr'><strong>Gallum</strong></span> <span class='ocrx_word' id='word_1_296' title='bbox 1403 2377 1460 2427; x_wconf 91' lang='lat' dir='ltr'><strong>et</strong></span> <span class='ocrx_word' id='word_1_297' title='bbox 1499 2370 1882 2427; x_wconf 88' lang='lat' dir='ltr'><strong>Volusianum</strong></span> <span class='ocrx_word' id='word_1_298' title='bbox 1905 2371 2188 2440; x_wconf 88' lang='lat' dir='ltr'><strong>pervenit.</strong></span> 
     </span>
    </p>
   </div>
   <div class='ocr_carea' id='block_1_44' title="bbox 535 2459 2193 2535">
    <p class='ocr_par' dir='ltr' id='par_1_44' title="bbox 535 2459 2193 2535">
     <span class='ocr_line' id='line_1_44' title="bbox 535 2459 2193 2535; baseline -0.003 -16"><span class='ocrx_word' id='word_1_299' title='bbox 535 2463 736 2519; x_wconf 90' lang='lat' dir='ltr'><strong>Gallus</strong></span> <span class='ocrx_word' id='word_1_300' title='bbox 761 2479 963 2535; x_wconf 90' lang='lat' dir='ltr'><strong>porro,</strong></span> <span class='ocrx_word' id='word_1_301' title='bbox 1005 2461 1168 2535; x_wconf 91' lang='lat' dir='ltr'><strong>quod</strong></span> <span class='ocrx_word' id='word_1_302' title='bbox 1192 2461 1598 2517; x_wconf 89' lang='lat' dir='ltr'><strong>calamitatem</strong></span> <span class='ocrx_word' id='word_1_303' title='bbox 1629 2459 1784 2516; x_wconf 92' lang='lat' dir='ltr'><strong>Decii</strong></span> <span class='ocrx_word' id='word_1_304' title='bbox 1805 2475 1928 2516; x_wconf 91' lang='lat' dir='ltr'><strong>non</strong></span> <span class='ocrx_word' id='word_1_305' title='bbox 1956 2459 2193 2514; x_wconf 89' lang='lat' dir='ltr'><strong>didicis-</strong></span> 
     </span>
    </p>
   </div>
   <div class='ocr_carea' id='block_1_45' title="bbox 531 2549 2190 2624">
    <p class='ocr_par' dir='ltr' id='par_1_45' title="bbox 531 2549 2190 2624">
     <span class='ocr_line' id='line_1_45' title="bbox 531 2549 2190 2624; baseline -0.002 -16"><span class='ocrx_word' id='word_1_306' title='bbox 531 2559 638 2616; x_wconf 89' lang='lat' dir='ltr'><strong>set,</strong></span> <span class='ocrx_word' id='word_1_307' title='bbox 673 2568 867 2624; x_wconf 89' lang='lat' dir='ltr'><strong>neque</strong></span> <span class='ocrx_word' id='word_1_308' title='bbox 923 2551 1444 2608; x_wconf 89' lang='lat' dir='ltr'><strong>animadvertisset</strong></span> <span class='ocrx_word' id='word_1_309' title='bbox 1475 2565 1596 2622; x_wconf 91' lang='lat' dir='ltr'><strong>qua</strong></span> <span class='ocrx_word' id='word_1_310' title='bbox 1633 2550 1710 2606; x_wconf 90' lang='lat' dir='ltr'><strong>de</strong></span> <span class='ocrx_word' id='word_1_311' title='bbox 1755 2565 1939 2605; x_wconf 88' lang='lat' dir='ltr'><strong>causa</strong></span> <span class='ocrx_word' id='word_1_312' title='bbox 1974 2549 2034 2604; x_wconf 91' lang='lat' dir='ltr'><strong>in</strong></span> <span class='ocrx_word' id='word_1_313' title='bbox 2065 2553 2190 2604; x_wconf 88' lang='lat' dir='ltr'><strong>tan-</strong></span> 
     </span>
    </p>
   </div>
   <div class='ocr_carea' id='block_1_46' title="bbox 527 2637 2187 2712">
    <p class='ocr_par' dir='ltr' id='par_1_46' title="bbox 527 2637 2187 2712">
     <span class='ocr_line' id='line_1_46' title="bbox 527 2637 2187 2712; baseline -0.004 -14"><span class='ocrx_word' id='word_1_314' title='bbox 527 2645 653 2698; x_wconf 90' lang='lat' dir='ltr'><strong>tam</strong></span> <span class='ocrx_word' id='word_1_315' title='bbox 691 2641 924 2697; x_wconf 88' lang='lat' dir='ltr'><strong>cladem</strong></span> <span class='ocrx_word' id='word_1_316' title='bbox 971 2641 1294 2706; x_wconf 87' lang='lat' dir='ltr'><strong>incidisset,</strong></span> <span class='ocrx_word' id='word_1_317' title='bbox 1339 2639 1416 2695; x_wconf 87' lang='lat' dir='ltr'><strong>ad</strong></span> <span class='ocrx_word' id='word_1_318' title='bbox 1448 2639 1730 2694; x_wconf 91' lang='lat' dir='ltr'><strong>eumdem</strong></span> <span class='ocrx_word' id='word_1_319' title='bbox 1755 2639 2006 2712; x_wconf 84' lang='lat' dir='ltr'><strong>impegit</strong></span> <span class='ocrx_word' id='word_1_320' title='bbox 2038 2637 2187 2710; x_wconf 85' lang='lat' dir='ltr'><strong>lapi-</strong></span> 
     </span>
    </p>
   </div>
   <div class='ocr_carea' id='block_1_47' title="bbox 535 2727 2188 2800">
    <p class='ocr_par' dir='ltr' id='par_1_47' title="bbox 535 2727 2188 2800">
     <span class='ocr_line' id='line_1_47' title="bbox 535 2727 2188 2800; baseline -0.004 -12"><span class='ocrx_word' id='word_1_321' title='bbox 535 2731 695 2788; x_wconf 90' lang='lat' dir='ltr'><strong>dem.</strong></span> <span class='ocrx_word' id='word_1_322' title='bbox 729 2731 874 2786; x_wconf 86' lang='lat' dir='ltr'><strong>Cum</strong></span> <span class='ocrx_word' id='word_1_323' title='bbox 910 2731 1070 2786; x_wconf 91' lang='lat' dir='ltr'><strong>enim</strong></span> <span class='ocrx_word' id='word_1_324' title='bbox 1125 2729 1447 2800; x_wconf 89' lang='lat' dir='ltr'><strong>imperium</strong></span> <span class='ocrx_word' id='word_1_325' title='bbox 1495 2727 1743 2800; x_wconf 90' lang='lat' dir='ltr'><strong>pulchre</strong></span> <span class='ocrx_word' id='word_1_326' title='bbox 1768 2733 1965 2793; x_wconf 88' lang='lat' dir='ltr'><strong>staret,</strong></span> <span class='ocrx_word' id='word_1_327' title='bbox 1996 2733 2052 2782; x_wconf 91' lang='lat' dir='ltr'><strong>et</strong></span> <span class='ocrx_word' id='word_1_328' title='bbox 2092 2743 2188 2782; x_wconf 88' lang='lat' dir='ltr'><strong>res</strong></span> 
     </span>
    </p>
   </div>
   <div class='ocr_carea' id='block_1_48' title="bbox 525 2816 2182 2882">
    <p class='ocr_par' dir='ltr' id='par_1_48' title="bbox 525 2816 2182 2882">
     <span class='ocr_line' id='line_1_48' title="bbox 525 2816 2182 2882; baseline -0.004 -6"><span class='ocrx_word' id='word_1_329' title='bbox 525 2836 740 2876; x_wconf 89' lang='lat' dir='ltr'><strong>omnes</strong></span> <span class='ocrx_word' id='word_1_330' title='bbox 777 2819 829 2874; x_wconf 90' lang='lat' dir='ltr'><strong>ei</strong></span> <span class='ocrx_word' id='word_1_331' title='bbox 859 2835 930 2874; x_wconf 91' lang='lat' dir='ltr'><strong>ex</strong></span> <span class='ocrx_word' id='word_1_332' title='bbox 961 2819 1252 2873; x_wconf 88' lang='lat' dir='ltr'><strong>sententia</strong></span> <span class='ocrx_word' id='word_1_333' title='bbox 1281 2816 1685 2882; x_wconf 89' lang='lat' dir='ltr'><strong>succederent,</strong></span> <span class='ocrx_word' id='word_1_334' title='bbox 1727 2817 1883 2872; x_wconf 89' lang='lat' dir='ltr'><strong>viros</strong></span> <span class='ocrx_word' id='word_1_335' title='bbox 1921 2820 2182 2882; x_wconf 88' lang='lat' dir='ltr'><strong>sanctos,</strong></span> 
     </span>
    </p>
   </div>
   <div class='ocr_carea' id='block_1_49' title="bbox 528 2905 2188 2982">
    <p class='ocr_par' dir='ltr' id='par_1_49' title="bbox 528 2905 2188 2982">
     <span class='ocr_line' id='line_1_49' title="bbox 528 2905 2188 2982; baseline -0.002 -18"><span class='ocrx_word' id='word_1_336' title='bbox 528 2911 632 2982; x_wconf 91' lang='lat' dir='ltr'><strong>qui</strong></span> <span class='ocrx_word' id='word_1_337' title='bbox 679 2924 880 2980; x_wconf 86' lang='lat' dir='ltr'><strong>preces</strong></span> <span class='ocrx_word' id='word_1_338' title='bbox 917 2909 994 2963; x_wconf 93' lang='lat' dir='ltr'><strong>ad</strong></span> <span class='ocrx_word' id='word_1_339' title='bbox 1045 2909 1231 2962; x_wconf 92' lang='lat' dir='ltr'><strong>Deum</strong></span> <span class='ocrx_word' id='word_1_340' title='bbox 1285 2921 1392 2978; x_wconf 91' lang='lat' dir='ltr'><strong>pro</strong></span> <span class='ocrx_word' id='word_1_341' title='bbox 1429 2911 1643 2978; x_wconf 88' lang='lat' dir='ltr'><strong>pacata</strong></span> <span class='ocrx_word' id='word_1_342' title='bbox 1685 2905 2108 2978; x_wconf 87' lang='lat' dir='ltr'><strong>tranquillitate</strong></span> <span class='ocrx_word' id='word_1_343' title='bbox 2131 2909 2188 2960; x_wconf 92' lang='lat' dir='ltr'><strong>et</strong></span> 
     </span>
    </p>
   </div>
   <div class='ocr_carea' id='block_1_50' title="bbox 529 2993 2184 3068">
    <p class='ocr_par' dir='ltr' id='par_1_50' title="bbox 529 2993 2184 3068">
     <span class='ocr_line' id='line_1_50' title="bbox 529 2993 2184 3068; baseline -0.002 -14"><span class='ocrx_word' id='word_1_344' title='bbox 529 2997 876 3055; x_wconf 85' lang='lat' dir='ltr'><strong>valetudine</strong></span> <span class='ocrx_word' id='word_1_345' title='bbox 906 2997 1034 3068; x_wconf 91' lang='lat' dir='ltr'><strong>ejus</strong></span> <span class='ocrx_word' id='word_1_346' title='bbox 1071 2995 1338 3052; x_wconf 89' lang='lat' dir='ltr'><strong>secunda</strong></span> <span class='ocrx_word' id='word_1_347' title='bbox 1370 2995 1723 3059; x_wconf 87' lang='lat' dir='ltr'><strong>fundebant,</strong></span> <span class='ocrx_word' id='word_1_348' title='bbox 1754 2993 1982 3050; x_wconf 84' lang='lat' dir='ltr'><strong>afﬂixit.</strong></span> <span class='ocrx_word' id='word_1_349' title='bbox 2024 2995 2184 3060; x_wconf 88' lang='lat' dir='ltr'><strong>Qua-</strong></span> 
     </span>
    </p>
   </div>
   <div class='ocr_carea' id='block_1_51' title="bbox 2297 1831 3904 1910">
    <p class='ocr_par' dir='ltr' id='par_1_51' title="bbox 2297 1831 3904 1910">
     <span class='ocr_line' id='line_1_51' title="bbox 2297 1831 3904 1910; baseline 0.001 -23"><span class='ocrx_word' id='word_1_350' title='bbox 2297 1854 2382 1895; x_wconf 88' lang='grc' dir='ltr'><strong>τος</strong></span> <span class='ocrx_word' id='word_1_351' title='bbox 2407 1854 2420 1867; x_wconf 87' lang='grc'><strong>·</strong></span> <span class='ocrx_word' id='word_1_352' title='bbox 2461 1839 2636 1897; x_wconf 78' lang='grc' dir='ltr'><strong>Δέκιος</strong></span> <span class='ocrx_word' id='word_1_353' title='bbox 2666 1831 2718 1888; x_wconf 84' lang='grc' dir='ltr'>δ’</span> <span class='ocrx_word' id='word_1_354' title='bbox 2751 1835 2800 1888; x_wconf 76' lang='grc' dir='ltr'>ἓν</span> <span class='ocrx_word' id='word_1_355' title='bbox 2831 1831 2989 1888; x_wconf 81' lang='grc' dir='ltr'>δυσὶν</span> <span class='ocrx_word' id='word_1_356' title='bbox 3039 1839 3204 1889; x_wconf 84' lang='grc' dir='ltr'>ἔτεσιν</span> <span class='ocrx_word' id='word_1_357' title='bbox 3251 1839 3608 1910; x_wconf 76' lang='grc' dir='ltr'>ἡγησάμενος,</span> <span class='ocrx_word' id='word_1_358' title='bbox 3643 1845 3754 1890; x_wconf 81' lang='grc' dir='ltr'>τῶν</span> <span class='ocrx_word' id='word_1_359' title='bbox 3785 1845 3904 1890; x_wconf 68' lang='grc' dir='ltr'><strong>Σκυ-</strong></span> 
     </span>
    </p>
   </div>
   <div class='ocr_carea' id='block_1_52' title="bbox 2301 1921 3908 2000">
    <p class='ocr_par' dir='ltr' id='par_1_52' title="bbox 2301 1921 3908 2000">
     <span class='ocr_line' id='line_1_52' title="bbox 2301 1921 3908 2000; baseline 0.002 -24"><span class='ocrx_word' id='word_1_360' title='bbox 2301 1926 2400 1976; x_wconf 85' lang='grc' dir='ltr'>θῶν</span> <span class='ocrx_word' id='word_1_361' title='bbox 2471 1927 2558 1977; x_wconf 90' lang='grc' dir='ltr'>τόν</span> <span class='ocrx_word' id='word_1_362' title='bbox 2613 1923 2822 1998; x_wconf 86' lang='grc' dir='ltr'>Ἴστρον</span> <span class='ocrx_word' id='word_1_363' title='bbox 2898 1921 2934 1978; x_wconf 90' lang='grc' dir='ltr'><strong>δ</strong></span> <span class='ocrx_word' id='word_1_364' title='bbox 2939 1928 3398 1999; x_wconf 82' lang='grc' dir='ltr'>ιαπεραιωθέντων,</span> <span class='ocrx_word' id='word_1_365' title='bbox 3449 1931 3538 1980; x_wconf 87' lang='lat' dir='ltr'><strong>xui</strong></span> <span class='ocrx_word' id='word_1_366' title='bbox 3593 1927 3908 2000; x_wconf 73' lang='grc' dir='ltr'>λυμαινομέο</span> 
     </span>
    </p>
   </div>
   <div class='ocr_carea' id='block_1_53' title="bbox 2297 2013 3904 2090">
    <p class='ocr_par' dir='ltr' id='par_1_53' title="bbox 2297 2013 3904 2090">
     <span class='ocr_line' id='line_1_53' title="bbox 2297 2013 3904 2090; baseline 0.001 -24"><span class='ocrx_word' id='word_1_367' title='bbox 2297 2034 2396 2066; x_wconf 88' lang='grc' dir='ltr'><strong>νων</strong></span> <span class='ocrx_word' id='word_1_368' title='bbox 2452 2021 2558 2075; x_wconf 89' lang='grc' dir='ltr'>τοῖς</span> <span class='ocrx_word' id='word_1_369' title='bbox 2612 2013 2876 2086; x_wconf 81' lang='grc' dir='ltr'>Ῥωμαίων</span> <span class='ocrx_word' id='word_1_370' title='bbox 2933 2016 3262 2090; x_wconf 75' lang='grc' dir='ltr'>πράγμασιν,</span> <span class='ocrx_word' id='word_1_371' title='bbox 3345 2015 3511 2082; x_wconf 80' lang='grc' dir='ltr'>ἐξιὼν,</span> <span class='ocrx_word' id='word_1_372' title='bbox 3567 2017 3704 2090; x_wconf 69' lang='grc' dir='ltr'>ὑπὲρ</span> <span class='ocrx_word' id='word_1_373' title='bbox 3769 2035 3904 2090; x_wconf 82' lang='grc' dir='ltr'>τρισ-</span> 
     </span>
    </p>
   </div>
   <div class='ocr_carea' id='block_1_54' title="bbox 2297 2101 3902 2180">
    <p class='ocr_par' dir='ltr' id='par_1_54' title="bbox 2297 2101 3902 2180">
     <span class='ocr_line' id='line_1_54' title="bbox 2297 2101 3902 2180; baseline 0.002 -26"><span class='ocrx_word' id='word_1_374' title='bbox 2297 2107 2519 2176; x_wconf 85' lang='grc' dir='ltr'>μυρίους</span> <span class='ocrx_word' id='word_1_375' title='bbox 2577 2109 2824 2178; x_wconf 84' lang='grc' dir='ltr'>πρότερον</span> <span class='ocrx_word' id='word_1_376' title='bbox 2905 2109 3132 2158; x_wconf 85' lang='grc' dir='ltr'>κτείνει⁶</span> <span class='ocrx_word' id='word_1_377' title='bbox 3219 2101 3438 2180; x_wconf 82' lang='grc' dir='ltr'>δευτέρᾳ</span> <span class='ocrx_word' id='word_1_378' title='bbox 3517 2102 3580 2158; x_wconf 73' lang='grc' dir='ltr'><strong>δε</strong></span> <span class='ocrx_word' id='word_1_379' title='bbox 3667 2105 3902 2178; x_wconf 67' lang='grc' dir='ltr'>συμϐολῇ</span> 
     </span>
    </p>
   </div>
   <div class='ocr_carea' id='block_1_55' title="bbox 2299 2191 3908 2268">
    <p class='ocr_par' dir='ltr' id='par_1_55' title="bbox 2299 2191 3908 2268">
     <span class='ocr_line' id='line_1_55' title="bbox 2299 2191 3908 2268; baseline 0.001 -23"><span class='ocrx_word' id='word_1_380' title='bbox 2299 2191 2608 2268; x_wconf 87' lang='grc' dir='ltr'>προσϐαλὼν</span> <span class='ocrx_word' id='word_1_381' title='bbox 2660 2193 2856 2260; x_wconf 80' lang='grc' dir='ltr'>αὐτοῖς,</span> <span class='ocrx_word' id='word_1_382' title='bbox 2891 2196 3086 2253; x_wconf 72' lang='grc' dir='ltr'>ἥττητο</span> <span class='ocrx_word' id='word_1_383' title='bbox 3115 2212 3128 2224; x_wconf 84' lang='grc'><em>’</em></span> <span class='ocrx_word' id='word_1_384' title='bbox 3179 2201 3271 2248; x_wconf 84' lang='lat' dir='ltr'><strong>xui</strong></span> <span class='ocrx_word' id='word_1_385' title='bbox 3317 2199 3570 2248; x_wconf 81' lang='grc' dir='ltr'>κτείνεται</span> <span class='ocrx_word' id='word_1_386' title='bbox 3761 2197 3908 2254; x_wconf 71' lang='grc' dir='ltr'>αύτός</span> 
     </span>
    </p>
   </div>
   <div class='ocr_carea' id='block_1_56' title="bbox 2298 2279 3906 2356">
    <p class='ocr_par' dir='ltr' id='par_1_56' title="bbox 2298 2279 3906 2356">
     <span class='ocr_line' id='line_1_56' title="bbox 2298 2279 3906 2356; baseline 0.002 -23"><span class='ocrx_word' id='word_1_387' title='bbox 2298 2289 2360 2355; x_wconf 74' lang='grc' dir='ltr'><strong>τῇ</strong></span> <span class='ocrx_word' id='word_1_388' title='bbox 2395 2283 2572 2355; x_wconf 72' lang='grc' dir='ltr'>μάχῃ,</span> <span class='ocrx_word' id='word_1_389' title='bbox 2609 2285 2734 2356; x_wconf 87' lang='grc' dir='ltr'>πρὸς</span> <span class='ocrx_word' id='word_1_390' title='bbox 2793 2279 2853 2336; x_wconf 70' lang='grc' dir='ltr'><strong>δε</strong></span> <span class='ocrx_word' id='word_1_391' title='bbox 2881 2288 2969 2336; x_wconf 84' lang='grc' dir='ltr'>καὶ</span> <span class='ocrx_word' id='word_1_392' title='bbox 3000 2285 3025 2336; x_wconf 92' lang='grc' dir='ltr'><strong><em>ὁ</em></strong></span> <span class='ocrx_word' id='word_1_393' title='bbox 3065 2291 3190 2347; x_wconf 85' lang='grc' dir='ltr'>παῖς</span> <span class='ocrx_word' id='word_1_394' title='bbox 3239 2284 3420 2338; x_wconf 79' lang='grc' dir='ltr'>αὑτοῦ.</span> <span class='ocrx_word' id='word_1_395' title='bbox 3453 2286 3574 2338; x_wconf 81' lang='grc' dir='ltr'><strong>Ἐπὶ</strong></span> <span class='ocrx_word' id='word_1_396' title='bbox 3606 2283 3808 2337; x_wconf 79' lang='grc' dir='ltr'>Γάλλον</span> <span class='ocrx_word' id='word_1_397' title='bbox 3851 2281 3906 2336; x_wconf 68' lang='grc' dir='ltr'><strong>δί</strong></span> 
     </span>
    </p>
   </div>
   <div class='ocr_carea' id='block_1_57' title="bbox 2297 2371 3904 2448">
    <p class='ocr_par' dir='ltr' id='par_1_57' title="bbox 2297 2371 3904 2448">
     <span class='ocr_line' id='line_1_57' title="bbox 2297 2371 3904 2448; baseline 0.001 -25"><span class='ocrx_word' id='word_1_398' title='bbox 2297 2377 2388 2424; x_wconf 84' lang='grc' dir='ltr'>καὶ</span> <span class='ocrx_word' id='word_1_399' title='bbox 2419 2371 2758 2425; x_wconf 89' lang='grc' dir='ltr'>Βολουσιανόν</span> <span class='ocrx_word' id='word_1_400' title='bbox 2797 2374 2828 2431; x_wconf 82' lang='grc' dir='ltr'><strong>ἠ</strong></span> <span class='ocrx_word' id='word_1_401' title='bbox 2863 2371 3006 2448; x_wconf 77' lang='grc' dir='ltr'>ἁρχὴ</span> <span class='ocrx_word' id='word_1_402' title='bbox 3059 2379 3346 2448; x_wconf 82' lang='grc' dir='ltr'>μετεχώρει</span> <span class='ocrx_word' id='word_1_403' title='bbox 3379 2391 3392 2404; x_wconf 79' lang='grc'><strong>⁸</strong></span> <span class='ocrx_word' id='word_1_404' title='bbox 3429 2373 3454 2426; x_wconf 87' lang='grc' dir='ltr'><strong><em>ὃ</em></strong></span> <span class='ocrx_word' id='word_1_405' title='bbox 3485 2374 3677 2435; x_wconf 80' lang='grc' dir='ltr'>Γάλλος</span> <span class='ocrx_word' id='word_1_406' title='bbox 3733 2378 3810 2446; x_wconf 69' lang='grc' dir='ltr'>μὴ</span> <span class='ocrx_word' id='word_1_407' title='bbox 3851 2377 3904 2425; x_wconf 74' lang='grc' dir='ltr'>τό</span> 
     </span>
    </p>
   </div>
   <div class='ocr_carea' id='block_1_58' title="bbox 2300 2460 3906 2537">
    <p class='ocr_par' dir='ltr' id='par_1_58' title="bbox 2300 2460 3906 2537">
     <span class='ocr_line' id='line_1_58' title="bbox 2300 2460 3906 2537; baseline 0 -23"><span class='ocrx_word' id='word_1_408' title='bbox 2300 2465 2478 2514; x_wconf 87' lang='grc' dir='ltr'>Δεκίου</span> <span class='ocrx_word' id='word_1_409' title='bbox 2543 2465 2702 2514; x_wconf 85' lang='grc' dir='ltr'>κακὸν</span> <span class='ocrx_word' id='word_1_410' title='bbox 2745 2465 2915 2533; x_wconf 87' lang='grc' dir='ltr'>γνοὺς,</span> <span class='ocrx_word' id='word_1_411' title='bbox 2989 2460 3112 2516; x_wconf 75' lang='grc' dir='ltr'>ούδὶ</span> <span class='ocrx_word' id='word_1_412' title='bbox 3179 2465 3318 2525; x_wconf 84' lang='grc' dir='ltr'>ὅπως</span> <span class='ocrx_word' id='word_1_413' title='bbox 3386 2463 3626 2537; x_wconf 73' lang='grc' dir='ltr'>ἔσφηλεν,</span> <span class='ocrx_word' id='word_1_414' title='bbox 3683 2463 3776 2518; x_wconf 72' lang='grc' dir='ltr'><strong>ἐπὶ</strong></span> <span class='ocrx_word' id='word_1_415' title='bbox 3825 2467 3906 2516; x_wconf 76' lang='grc' dir='ltr'>τὸν</span> 
     </span>
    </p>
   </div>
   <div class='ocr_carea' id='block_1_59' title="bbox 2297 2549 3906 2628">
    <p class='ocr_par' dir='ltr' id='par_1_59' title="bbox 2297 2549 3906 2628">
     <span class='ocr_line' id='line_1_59' title="bbox 2297 2549 3906 2628; baseline 0.002 -26"><span class='ocrx_word' id='word_1_416' title='bbox 2297 2553 2453 2603; x_wconf 71' lang='grc' dir='ltr'>αὑτὸν</span> <span class='ocrx_word' id='word_1_417' title='bbox 2499 2549 2794 2625; x_wconf 69' lang='grc' dir='ltr'>προσέκοψε</span> <span class='ocrx_word' id='word_1_418' title='bbox 2861 2551 3021 2607; x_wconf 90' lang='grc' dir='ltr'>λίθον.</span> <span class='ocrx_word' id='word_1_419' title='bbox 3081 2559 3188 2614; x_wconf 86' lang='grc' dir='ltr'><strong>Τῆς</strong></span> <span class='ocrx_word' id='word_1_420' title='bbox 3261 2556 3362 2628; x_wconf 81' lang='grc' dir='ltr'><strong>γὰρ</strong></span> <span class='ocrx_word' id='word_1_421' title='bbox 3409 2552 3690 2627; x_wconf 83' lang='grc' dir='ltr'>βασιλείας</span> <span class='ocrx_word' id='word_1_422' title='bbox 3767 2553 3906 2624; x_wconf 76' lang='grc' dir='ltr'>αύτῷ</span> 
     </span>
    </p>
   </div>
   <div class='ocr_carea' id='block_1_60' title="bbox 2295 2640 3906 2718">
    <p class='ocr_par' dir='ltr' id='par_1_60' title="bbox 2295 2640 3906 2718">
     <span class='ocr_line' id='line_1_60' title="bbox 2295 2640 3906 2718; baseline 0.001 -26"><span class='ocrx_word' id='word_1_423' title='bbox 2295 2640 2464 2702; x_wconf 86' lang='grc' dir='ltr'>καλῶς</span> <span class='ocrx_word' id='word_1_424' title='bbox 2521 2645 2818 2714; x_wconf 76' lang='grc' dir='ltr'>φερομένης,</span> <span class='ocrx_word' id='word_1_425' title='bbox 2878 2646 2968 2694; x_wconf 85' lang='grc' dir='ltr'>καὶ</span> <span class='ocrx_word' id='word_1_426' title='bbox 3037 2649 3136 2694; x_wconf 88' lang='grc' dir='ltr'>τῶν</span> <span class='ocrx_word' id='word_1_427' title='bbox 3211 2645 3530 2718; x_wconf 84' lang='grc' dir='ltr'>πραγμάτων</span> <span class='ocrx_word' id='word_1_428' title='bbox 3587 2645 3734 2695; x_wconf 80' lang='grc' dir='ltr'>κατὰ</span> <span class='ocrx_word' id='word_1_429' title='bbox 3791 2649 3906 2694; x_wconf 72' lang='grc' dir='ltr'>νοῦν</span> 
     </span>
    </p>
   </div>
   <div class='ocr_carea' id='block_1_61' title="bbox 2293 2727 3902 2806">
    <p class='ocr_par' dir='ltr' id='par_1_61' title="bbox 2293 2727 3902 2806">
     <span class='ocr_line' id='line_1_61' title="bbox 2293 2727 3902 2806; baseline 0.002 -26"><span class='ocrx_word' id='word_1_430' title='bbox 2293 2731 2631 2803; x_wconf 86' lang='grc' dir='ltr'>χωρούντων,</span> <span class='ocrx_word' id='word_1_431' title='bbox 2690 2733 2811 2792; x_wconf 88' lang='grc' dir='ltr'>τούς</span> <span class='ocrx_word' id='word_1_432' title='bbox 2867 2733 3034 2802; x_wconf 82' lang='grc' dir='ltr'>ἱερούς</span> <span class='ocrx_word' id='word_1_433' title='bbox 3085 2727 3304 2806; x_wconf 78' lang='grc' dir='ltr'>ἄνδρας,</span> <span class='ocrx_word' id='word_1_434' title='bbox 3360 2735 3478 2794; x_wconf 84' lang='grc' dir='ltr'>τοὺς</span> <span class='ocrx_word' id='word_1_435' title='bbox 3531 2737 3656 2806; x_wconf 84' lang='grc' dir='ltr'>περὶ</span> <span class='ocrx_word' id='word_1_436' title='bbox 3707 2739 3812 2793; x_wconf 76' lang='grc' dir='ltr'>τῆς</span> <span class='ocrx_word' id='word_1_437' title='bbox 3841 2733 3902 2784; x_wconf 82' lang='grc' dir='ltr'><strong>εἰ·</strong></span> 
     </span>
    </p>
   </div>
   <div class='ocr_carea' id='block_1_62' title="bbox 2293 2819 3904 2906">
    <p class='ocr_par' dir='ltr' id='par_1_62' title="bbox 2293 2819 3904 2906">
     <span class='ocr_line' id='line_1_62' title="bbox 2293 2819 3904 2906; baseline 0.002 -36"><span class='ocrx_word' id='word_1_438' title='bbox 2293 2824 2456 2892; x_wconf 73' lang='grc' dir='ltr'>ρήνης</span> <span class='ocrx_word' id='word_1_439' title='bbox 2507 2819 2647 2890; x_wconf 85' lang='grc' dir='ltr'>αύτῷ</span> <span class='ocrx_word' id='word_1_440' title='bbox 2697 2824 2789 2906; x_wconf 58' lang='grc' dir='ltr'><strong>καὶ</strong></span> <span class='ocrx_word' id='word_1_441' title='bbox 2848 2828 2945 2882; x_wconf 83' lang='grc' dir='ltr'>τῆς</span> <span class='ocrx_word' id='word_1_442' title='bbox 2997 2821 3174 2892; x_wconf 82' lang='grc' dir='ltr'>ὑγείας</span> <span class='ocrx_word' id='word_1_443' title='bbox 3215 2821 3598 2895; x_wconf 86' lang='grc' dir='ltr'>πρεσϐεύοντας</span> <span class='ocrx_word' id='word_1_444' title='bbox 3647 2825 3786 2897; x_wconf 87' lang='grc' dir='ltr'>πρὸς</span> <span class='ocrx_word' id='word_1_445' title='bbox 3821 2825 3904 2874; x_wconf 79' lang='grc' dir='ltr'>τὸν</span> 
     </span>
    </p>
   </div>
   <div class='ocr_carea' id='block_1_63' title="bbox 2295 2907 3906 2979">
    <p class='ocr_par' dir='ltr' id='par_1_63' title="bbox 2295 2907 3906 2979">
     <span class='ocr_line' id='line_1_63' title="bbox 2295 2907 3906 2979; baseline 0.002 -19"><span class='ocrx_word' id='word_1_446' title='bbox 2295 2909 2450 2979; x_wconf 84' lang='grc' dir='ltr'>Θεὸν,</span> <span class='ocrx_word' id='word_1_447' title='bbox 2506 2908 2716 2967; x_wconf 78' lang='grc' dir='ltr'>ἤλασεν.</span> <span class='ocrx_word' id='word_1_448' title='bbox 2761 2909 2962 2962; x_wconf 85' lang='grc' dir='ltr'>Ούκοῦν</span> <span class='ocrx_word' id='word_1_449' title='bbox 3023 2914 3116 2963; x_wconf 84' lang='grc' dir='ltr'>σὺν</span> <span class='ocrx_word' id='word_1_450' title='bbox 3167 2909 3378 2974; x_wconf 73' lang='grc' dir='ltr'>ἐκείνοις</span> <span class='ocrx_word' id='word_1_451' title='bbox 3429 2907 3614 2974; x_wconf 69' lang='grc' dir='ltr'>ἐδίωξε</span> <span class='ocrx_word' id='word_1_452' title='bbox 3655 2917 3754 2964; x_wconf 79' lang='grc' dir='ltr'>καὶ</span> <span class='ocrx_word' id='word_1_453' title='bbox 3815 2917 3906 2973; x_wconf 74' lang='grc' dir='ltr'><strong>τας</strong></span> 
     </span>
    </p>
   </div>
   <div class='ocr_carea' id='block_1_64' title="bbox 2292 2997 3906 3072">
    <p class='ocr_par' dir='ltr' id='par_1_64' title="bbox 2292 2997 3906 3072">
     <span class='ocr_line' id='line_1_64' title="bbox 2292 2997 3906 3072; baseline 0.002 -23"><span class='ocrx_word' id='word_1_454' title='bbox 2292 2998 2418 3072; x_wconf 71' lang='grc' dir='ltr'>ὑπὲρ</span> <span class='ocrx_word' id='word_1_455' title='bbox 2461 2997 2656 3050; x_wconf 81' lang='grc' dir='ltr'>ἑαυτσῠ</span> <span class='ocrx_word' id='word_1_456' title='bbox 2707 3001 3013 3072; x_wconf 87' lang='grc' dir='ltr'>προσευχάς</span> <span class='ocrx_word' id='word_1_457' title='bbox 3055 3015 3067 3029; x_wconf 90' lang='grc'><strong>·</strong></span> <span class='ocrx_word' id='word_1_458' title='bbox 3121 3003 3210 3052; x_wconf 83' lang='lat' dir='ltr'><strong>xui</strong></span> <span class='ocrx_word' id='word_1_459' title='bbox 3250 3001 3393 3053; x_wconf 78' lang='grc' dir='ltr'>οὗτοι</span> <span class='ocrx_word' id='word_1_460' title='bbox 3448 2997 3500 3053; x_wconf 87' lang='grc' dir='ltr'>δ’</span> <span class='ocrx_word' id='word_1_461' title='bbox 3554 3003 3666 3061; x_wconf 80' lang='grc' dir='ltr'>ἔτος</span> <span class='ocrx_word' id='word_1_462' title='bbox 3707 3000 3762 3054; x_wconf 75' lang='grc' dir='ltr'>ἓν</span> <span class='ocrx_word' id='word_1_463' title='bbox 3821 3007 3906 3054; x_wconf 75' lang='lat' dir='ltr'><strong>xui</strong></span> 
     </span>
    </p>
   </div>
   <div class='ocr_carea' id='block_1_65' title="bbox 527 3082 2178 3180">
    <p class='ocr_par' dir='ltr' id='par_1_65' title="bbox 527 3084 2178 3158">
     <span class='ocr_line' id='line_1_65' title="bbox 527 3084 2178 3158; baseline -0.001 -16"><span class='ocrx_word' id='word_1_464' title='bbox 527 3091 772 3158; x_wconf 88' lang='lat' dir='ltr'><strong>propter</strong></span> <span class='ocrx_word' id='word_1_465' title='bbox 803 3087 862 3140; x_wconf 91' lang='lat' dir='ltr'><strong>in</strong></span> <span class='ocrx_word' id='word_1_466' title='bbox 905 3085 990 3140; x_wconf 91' lang='lat' dir='ltr'><strong>eis</strong></span> <span class='ocrx_word' id='word_1_467' title='bbox 1022 3084 1159 3140; x_wconf 90' lang='lat' dir='ltr'><strong>viris</strong></span> <span class='ocrx_word' id='word_1_468' title='bbox 1215 3084 1394 3140; x_wconf 86' lang='lat' dir='ltr'><strong>simul</strong></span> <span class='ocrx_word' id='word_1_469' title='bbox 1442 3086 1622 3140; x_wconf 90' lang='lat' dir='ltr'><strong>etiam</strong></span> <span class='ocrx_word' id='word_1_470' title='bbox 1655 3089 1809 3150; x_wconf 88' lang='lat' dir='ltr'><strong>vota,</strong></span> <span class='ocrx_word' id='word_1_471' title='bbox 1839 3089 1894 3139; x_wconf 89' lang='lat' dir='ltr'><strong>et</strong></span> <span class='ocrx_word' id='word_1_472' title='bbox 1921 3099 2056 3154; x_wconf 70' lang='lat' dir='ltr'><strong>qua:</strong></span> <span class='ocrx_word' id='word_1_473' title='bbox 2073 3099 2178 3156; x_wconf 86' lang='lat' dir='ltr'><strong>pro</strong></span> 
     </span>
    </p>
   </div>
   <div class='ocr_carea' id='block_1_66' title="bbox 2288 3082 3904 3180">
    <p class='ocr_par' dir='ltr' id='par_1_66' title="bbox 2291 3082 3904 3164">
     <span class='ocr_line' id='line_1_66' title="bbox 2291 3082 3904 3164; baseline 0.004 -28"><span class='ocrx_word' id='word_1_474' title='bbox 2291 3095 2459 3158; x_wconf 79' lang='grc' dir='ltr'>μῆνας</span> <span class='ocrx_word' id='word_1_475' title='bbox 2517 3083 2568 3138; x_wconf 80' lang='grc' dir='ltr'>δ’</span> <span class='ocrx_word' id='word_1_476' title='bbox 2617 3082 2995 3160; x_wconf 87' lang='grc' dir='ltr'>διαγεγονότες,</span> <span class='ocrx_word' id='word_1_477' title='bbox 3044 3090 3100 3153; x_wconf 80' lang='grc' dir='ltr'><strong>ἐξ</strong></span> <span class='ocrx_word' id='word_1_478' title='bbox 3165 3089 3446 3164; x_wconf 77' lang='grc' dir='ltr'>ἀνθρώπων</span> <span class='ocrx_word' id='word_1_479' title='bbox 3492 3095 3755 3163; x_wconf 86' lang='grc' dir='ltr'>γίνονται.</span> <span class='ocrx_word' id='word_1_480' title='bbox 3819 3099 3904 3144; x_wconf 76' lang='grc' dir='ltr'>Δι-</span> 
     </span>
    </p>
   </div>
   <div class='ocr_carea' id='block_1_67' title="bbox 526 3173 2180 3244">
    <p class='ocr_par' dir='ltr' id='par_1_67' title="bbox 526 3173 2180 3244">
     <span class='ocr_line' id='line_1_67' title="bbox 526 3173 2180 3244; baseline -0.002 -14"><span class='ocrx_word' id='word_1_481' title='bbox 526 3191 594 3231; x_wconf 94' lang='lat' dir='ltr'><strong>eo</strong></span> <span class='ocrx_word' id='word_1_482' title='bbox 629 3175 855 3231; x_wconf 86' lang='lat' dir='ltr'><strong>ﬁebant</strong></span> <span class='ocrx_word' id='word_1_483' title='bbox 892 3173 1192 3230; x_wconf 89' lang='lat' dir='ltr'><strong>orationes</strong></span> <span class='ocrx_word' id='word_1_484' title='bbox 1236 3177 1324 3228; x_wconf 87' lang='lat' dir='ltr'><strong>est</strong></span> <span class='ocrx_word' id='word_1_485' title='bbox 1362 3177 1734 3244; x_wconf 89' lang='lat' dir='ltr'><strong>persecutus.</strong></span> <span class='ocrx_word' id='word_1_486' title='bbox 1801 3173 1890 3228; x_wconf 92' lang='lat' dir='ltr'><strong>Sic</strong></span> <span class='ocrx_word' id='word_1_487' title='bbox 1938 3173 2055 3228; x_wconf 91' lang='lat' dir='ltr'><strong>duo</strong></span> <span class='ocrx_word' id='word_1_488' title='bbox 2087 3173 2180 3228; x_wconf 90' lang='lat' dir='ltr'><strong>isti</strong></span> 
     </span>
    </p>
   </div>
   <div class='ocr_carea' id='block_1_68' title="bbox 523 3261 2180 3334">
    <p class='ocr_par' dir='ltr' id='par_1_68' title="bbox 523 3261 2180 3334">
     <span class='ocr_line' id='line_1_68' title="bbox 523 3261 2180 3334; baseline -0.001 -15"><span class='ocrx_word' id='word_1_489' title='bbox 523 3264 745 3330; x_wconf 79' lang='lat' dir='ltr'><strong>statim,</strong></span> <span class='ocrx_word' id='word_1_490' title='bbox 790 3279 950 3318; x_wconf 91' lang='lat' dir='ltr'><strong>anno</strong></span> <span class='ocrx_word' id='word_1_491' title='bbox 993 3279 1114 3318; x_wconf 89' lang='lat' dir='ltr'><strong>uno</strong></span> <span class='ocrx_word' id='word_1_492' title='bbox 1167 3267 1223 3317; x_wconf 92' lang='lat' dir='ltr'><strong>et</strong></span> <span class='ocrx_word' id='word_1_493' title='bbox 1261 3261 1570 3316; x_wconf 89' lang='lat' dir='ltr'><strong>mensibus</strong></span> <span class='ocrx_word' id='word_1_494' title='bbox 1623 3267 1883 3332; x_wconf 89' lang='lat' dir='ltr'><strong>quatuor</strong></span> <span class='ocrx_word' id='word_1_495' title='bbox 1926 3261 2180 3334; x_wconf 90' lang='lat' dir='ltr'><strong>imperio</strong></span> 
     </span>
    </p>
   </div>
   <div class='ocr_carea' id='block_1_69' title="bbox 528 3349 2182 3417">
    <p class='ocr_par' dir='ltr' id='par_1_69' title="bbox 528 3349 2182 3417">
     <span class='ocr_line' id='line_1_69' title="bbox 528 3349 2182 3417; baseline -0.001 -9"><span class='ocrx_word' id='word_1_496' title='bbox 528 3353 964 3417; x_wconf 81' lang='lat' dir='ltr'><strong>administrata,</strong></span> <span class='ocrx_word' id='word_1_497' title='bbox 981 3353 1386 3407; x_wconf 90' lang='lat' dir='ltr'><strong>decesserunt.</strong></span> <span class='ocrx_word' id='word_1_498' title='bbox 1405 3349 1634 3415; x_wconf 88' lang='lat' dir='ltr'><strong>Quibus</strong></span> <span class='ocrx_word' id='word_1_499' title='bbox 1664 3349 1990 3405; x_wconf 90' lang='lat' dir='ltr'><strong>succedens</strong></span> <span class='ocrx_word' id='word_1_500' title='bbox 2005 3351 2182 3406; x_wconf 73' lang='lat' dir='ltr'><strong>Ailmi-</strong></span> 
     </span>
    </p>
   </div>
   <div class='ocr_carea' id='block_1_70' title="bbox 521 3441 2180 3514">
    <p class='ocr_par' dir='ltr' id='par_1_70' title="bbox 521 3441 2180 3514">
     <span class='ocr_line' id='line_1_70' title="bbox 521 3441 2180 3514; baseline -0.001 -16"><span class='ocrx_word' id='word_1_501' title='bbox 521 3441 718 3498; x_wconf 89' lang='lat' dir='ltr'><strong>lianus</strong></span> <span class='ocrx_word' id='word_1_502' title='bbox 761 3446 1022 3514; x_wconf 91' lang='lat' dir='ltr'><strong>quatuor</strong></span> <span class='ocrx_word' id='word_1_503' title='bbox 1051 3441 1368 3512; x_wconf 88' lang='lat' dir='ltr'><strong>imperavit</strong></span> <span class='ocrx_word' id='word_1_504' title='bbox 1410 3455 1668 3508; x_wconf 88' lang='lat' dir='ltr'><strong>menses,</strong></span> <span class='ocrx_word' id='word_1_505' title='bbox 1701 3445 1756 3494; x_wconf 91' lang='lat' dir='ltr'><strong>et</strong></span> <span class='ocrx_word' id='word_1_506' title='bbox 1789 3455 1986 3494; x_wconf 90' lang='lat' dir='ltr'><strong>rerum</strong></span> <span class='ocrx_word' id='word_1_507' title='bbox 2022 3457 2180 3496; x_wconf 88' lang='lat' dir='ltr'><strong>sum-</strong></span> 
     </span>
    </p>
   </div>
   <div class='ocr_carea' id='block_1_71' title="bbox 523 3527 2182 3587">
    <p class='ocr_par' dir='ltr' id='par_1_71' title="bbox 523 3527 2182 3587">
     <span class='ocr_line' id='line_1_71' title="bbox 523 3527 2182 3587; baseline -0.001 -1"><span class='ocrx_word' id='word_1_508' title='bbox 523 3547 688 3586; x_wconf 91' lang='lat' dir='ltr'><strong>mam</strong></span> <span class='ocrx_word' id='word_1_509' title='bbox 719 3535 795 3587; x_wconf 89' lang='lat' dir='ltr'><strong>ad</strong></span> <span class='ocrx_word' id='word_1_510' title='bbox 845 3529 1216 3586; x_wconf 88' lang='lat' dir='ltr'><strong>Valerianum</strong></span> <span class='ocrx_word' id='word_1_511' title='bbox 1269 3535 1324 3584; x_wconf 93' lang='lat' dir='ltr'><strong>et</strong></span> <span class='ocrx_word' id='word_1_512' title='bbox 1359 3527 1669 3584; x_wconf 89' lang='lat' dir='ltr'><strong>Galienum</strong></span> <span class='ocrx_word' id='word_1_513' title='bbox 1695 3528 1954 3584; x_wconf 84' lang='lat' dir='ltr'><strong>moriens</strong></span> <span class='ocrx_word' id='word_1_514' title='bbox 1985 3533 2182 3584; x_wconf 89' lang='lat' dir='ltr'><strong>trans-</strong></span> 
     </span>
    </p>
   </div>
   <div class='ocr_carea' id='block_1_72' title="bbox 521 3617 2180 3690">
    <p class='ocr_par' dir='ltr' id='par_1_72' title="bbox 521 3617 2180 3690">
     <span class='ocr_line' id='line_1_72' title="bbox 521 3617 2180 3690; baseline 0 -16"><span class='ocrx_word' id='word_1_515' title='bbox 521 3621 705 3677; x_wconf 89' lang='lat' dir='ltr'><strong>misit.</strong></span> <span class='ocrx_word' id='word_1_516' title='bbox 739 3619 900 3676; x_wconf 86' lang='lat' dir='ltr'><strong>Gallo</strong></span> <span class='ocrx_word' id='word_1_517' title='bbox 933 3619 1196 3674; x_wconf 89' lang='lat' dir='ltr'><strong>sedenim</strong></span> <span class='ocrx_word' id='word_1_518' title='bbox 1231 3623 1366 3690; x_wconf 88' lang='lat' dir='ltr'><strong>post</strong></span> <span class='ocrx_word' id='word_1_519' title='bbox 1395 3619 1636 3672; x_wconf 89' lang='lat' dir='ltr'><strong>Decium</strong></span> <span class='ocrx_word' id='word_1_520' title='bbox 1663 3617 2016 3689; x_wconf 90' lang='lat' dir='ltr'><strong>imperante,</strong></span> <span class='ocrx_word' id='word_1_521' title='bbox 2050 3619 2180 3674; x_wconf 89' lang='lat' dir='ltr'><strong>Ori-</strong></span> 
     </span>
    </p>
   </div>
   <div class='ocr_carea' id='block_1_73' title="bbox 519 3705 2179 3780">
    <p class='ocr_par' dir='ltr' id='par_1_73' title="bbox 519 3705 2179 3780">
     <span class='ocr_line' id='line_1_73' title="bbox 519 3705 2179 3780; baseline -0.001 -15"><span class='ocrx_word' id='word_1_522' title='bbox 519 3723 702 3779; x_wconf 82' lang='lat' dir='ltr'><strong>genes</strong></span> <span class='ocrx_word' id='word_1_523' title='bbox 729 3708 1278 3780; x_wconf 85' lang='lat' dir='ltr'><strong>undeseptuaginta</strong></span> <span class='ocrx_word' id='word_1_524' title='bbox 1309 3705 1482 3762; x_wconf 91' lang='lat' dir='ltr'><strong>annis</strong></span> <span class='ocrx_word' id='word_1_525' title='bbox 1523 3707 1778 3778; x_wconf 85' lang='lat' dir='ltr'><strong>peractis</strong></span> <span class='ocrx_word' id='word_1_526' title='bbox 1808 3707 1904 3778; x_wconf 90' lang='lat'><strong>(3),</strong></span> <span class='ocrx_word' id='word_1_527' title='bbox 1938 3707 2179 3763; x_wconf 79' lang='lat' dir='ltr'><strong>misera-</strong></span> 
     </span>
    </p>
   </div>
   <div class='ocr_carea' id='block_1_74' title="bbox 519 3796 2177 3868">
    <p class='ocr_par' dir='ltr' id='par_1_74' title="bbox 519 3796 2177 3868">
     <span class='ocr_line' id='line_1_74' title="bbox 519 3796 2177 3868; baseline -0.002 -14"><span class='ocrx_word' id='word_1_528' title='bbox 519 3797 711 3854; x_wconf 90' lang='lat' dir='ltr'><strong>biliter</strong></span> <span class='ocrx_word' id='word_1_529' title='bbox 755 3797 956 3852; x_wconf 81' lang='lat' dir='ltr'><strong>infelix</strong></span> <span class='ocrx_word' id='word_1_530' title='bbox 1001 3796 1168 3852; x_wconf 90' lang='lat' dir='ltr'><strong>obiit.</strong></span> <span class='ocrx_word' id='word_1_531' title='bbox 1203 3799 1264 3850; x_wconf 92' lang='lat' dir='ltr'><strong>ln</strong></span> <span class='ocrx_word' id='word_1_532' title='bbox 1296 3812 1416 3868; x_wconf 91' lang='lat' dir='ltr'><strong>quo</strong></span> <span class='ocrx_word' id='word_1_533' title='bbox 1448 3802 1504 3850; x_wconf 90' lang='lat' dir='ltr'><strong>et</strong></span> <span class='ocrx_word' id='word_1_534' title='bbox 1536 3811 1647 3852; x_wconf 90' lang='lat' dir='ltr'><strong>nos</strong></span> <span class='ocrx_word' id='word_1_535' title='bbox 1687 3797 1964 3850; x_wconf 89' lang='lat' dir='ltr'><strong>convenit</strong></span> <span class='ocrx_word' id='word_1_536' title='bbox 1992 3796 2177 3852; x_wconf 87' lang='lat' dir='ltr'><strong>ﬁnem</strong></span> 
     </span>
    </p>
   </div>
   <div class='ocr_carea' id='block_1_75' title="bbox 519 3883 2177 3957">
    <p class='ocr_par' dir='ltr' id='par_1_75' title="bbox 519 3883 2177 3957">
     <span class='ocr_line' id='line_1_75' title="bbox 519 3883 2177 3957; baseline -0.001 -15"><span class='ocrx_word' id='word_1_537' title='bbox 519 3905 696 3942; x_wconf 88' lang='lat' dir='ltr'><strong>suum</strong></span> <span class='ocrx_word' id='word_1_538' title='bbox 750 3887 903 3942; x_wconf 88' lang='lat' dir='ltr'><strong>libro</strong></span> <span class='ocrx_word' id='word_1_539' title='bbox 951 3887 1088 3942; x_wconf 89' lang='lat' dir='ltr'><strong>huic</strong></span> <span class='ocrx_word' id='word_1_540' title='bbox 1121 3887 1464 3957; x_wconf 86' lang='lat' dir='ltr'><strong>imponere:</strong></span> <span class='ocrx_word' id='word_1_541' title='bbox 1499 3885 1598 3940; x_wconf 86' lang='lat' dir='ltr'><strong>cui</strong></span> <span class='ocrx_word' id='word_1_542' title='bbox 1638 3883 1886 3956; x_wconf 88' lang='lat' dir='ltr'><strong>quidem</strong></span> <span class='ocrx_word' id='word_1_543' title='bbox 1947 3885 2177 3942; x_wconf 88' lang='lat' dir='ltr'><strong>bonum</strong></span> 
     </span>
    </p>
   </div>
   <div class='ocr_carea' id='block_1_76' title="bbox 517 3973 2178 4046">
    <p class='ocr_par' dir='ltr' id='par_1_76' title="bbox 517 3973 2178 4046">
     <span class='ocr_line' id='line_1_76' title="bbox 517 3973 2178 4046; baseline -0.001 -14"><span class='ocrx_word' id='word_1_544' title='bbox 517 3977 752 4032; x_wconf 91' lang='lat' dir='ltr'><strong>initium</strong></span> <span class='ocrx_word' id='word_1_545' title='bbox 787 3976 1070 4045; x_wconf 85' lang='lat' dir='ltr'><strong>Origenes</strong></span> <span class='ocrx_word' id='word_1_546' title='bbox 1095 3974 1362 4046; x_wconf 74' lang='lat' dir='ltr'><strong>praebuit,</strong></span> <span class='ocrx_word' id='word_1_547' title='bbox 1393 3973 1668 4046; x_wconf 87' lang='lat' dir='ltr'><strong>quamvis</strong></span> <span class='ocrx_word' id='word_1_548' title='bbox 1694 3974 1829 4028; x_wconf 87' lang='lat' dir='ltr'><strong>ﬁnis</strong></span> <span class='ocrx_word' id='word_1_549' title='bbox 1858 3975 1986 4044; x_wconf 89' lang='lat' dir='ltr'><strong>ejus</strong></span> <span class='ocrx_word' id='word_1_550' title='bbox 2017 3975 2178 4046; x_wconf 88' lang='lat' dir='ltr'><strong>prin-</strong></span> 
     </span>
    </p>
   </div>
   <div class='ocr_carea' id='block_1_77' title="bbox 519 4063 2175 4138">
    <p class='ocr_par' dir='ltr' id='par_1_77' title="bbox 519 4063 2175 4138">
     <span class='ocr_line' id='line_1_77' title="bbox 519 4063 2175 4138; baseline -0.002 -15"><span class='ocrx_word' id='word_1_551' title='bbox 519 4067 675 4138; x_wconf 90' lang='lat' dir='ltr'><strong>cipio</strong></span> <span class='ocrx_word' id='word_1_552' title='bbox 717 4082 838 4122; x_wconf 90' lang='lat' dir='ltr'><strong>non</strong></span> <span class='ocrx_word' id='word_1_553' title='bbox 886 4065 1280 4136; x_wconf 88' lang='lat' dir='ltr'><strong>responderit.</strong></span> <span class='ocrx_word' id='word_1_554' title='bbox 1343 4063 1526 4119; x_wconf 87' lang='lat' dir='ltr'><strong>Habet</strong></span> <span class='ocrx_word' id='word_1_555' title='bbox 1585 4069 1784 4119; x_wconf 90' lang='lat' dir='ltr'><strong>autem</strong></span> <span class='ocrx_word' id='word_1_556' title='bbox 1839 4063 1933 4118; x_wconf 90' lang='lat' dir='ltr'><strong>hic</strong></span> <span class='ocrx_word' id='word_1_557' title='bbox 1975 4068 2175 4120; x_wconf 90' lang='lat' dir='ltr'><strong>tomus</strong></span> 
     </span>
    </p>
   </div>
   <div class='ocr_carea' id='block_1_78' title="bbox 519 4151 2174 4224">
    <p class='ocr_par' dir='ltr' id='par_1_78' title="bbox 519 4151 2174 4224">
     <span class='ocr_line' id='line_1_78' title="bbox 519 4151 2174 4224; baseline -0.001 -13"><span class='ocrx_word' id='word_1_558' title='bbox 519 4171 712 4212; x_wconf 90' lang='lat' dir='ltr'><strong>annos</strong></span> <span class='ocrx_word' id='word_1_559' title='bbox 741 4155 1050 4224; x_wconf 87' lang='lat' dir='ltr'><strong>sexaginta</strong></span> <span class='ocrx_word' id='word_1_560' title='bbox 1077 4161 1133 4209; x_wconf 88' lang='lat' dir='ltr'><strong>et</strong></span> <span class='ocrx_word' id='word_1_561' title='bbox 1156 4153 1334 4218; x_wconf 86' lang='lat' dir='ltr'><strong>duos,</strong></span> <span class='ocrx_word' id='word_1_562' title='bbox 1363 4152 1534 4223; x_wconf 89' lang='lat' dir='ltr'><strong>cujus</strong></span> <span class='ocrx_word' id='word_1_563' title='bbox 1566 4152 1876 4208; x_wconf 86' lang='lat' dir='ltr'><strong>exordium</strong></span> <span class='ocrx_word' id='word_1_564' title='bbox 1911 4168 1946 4208; x_wconf 87' lang='lat' dir='ltr'><strong>a</strong></span> <span class='ocrx_word' id='word_1_565' title='bbox 1977 4151 2174 4223; x_wconf 90' lang='lat' dir='ltr'><strong>primo</strong></span> 
     </span>
    </p>
   </div>
   <div class='ocr_carea' id='block_1_79' title="bbox 591 4257 2172 4332">
    <p class='ocr_par' dir='ltr' id='par_1_79' title="bbox 591 4257 2172 4332">
     <span class='ocr_line' id='line_1_79' title="bbox 591 4257 2172 4332; baseline 0 -18"><span class='ocrx_word' id='word_1_566' title='bbox 591 4261 668 4332; x_wconf 83' lang='lat' dir='ltr'><strong>(l)</strong></span> <span class='ocrx_word' id='word_1_567' title='bbox 709 4263 845 4332; x_wconf 88' lang='lat' dir='ltr'><strong>Non</strong></span> <span class='ocrx_word' id='word_1_568' title='bbox 876 4259 1060 4332; x_wconf 86' lang='lat' dir='ltr'><strong>semel</strong></span> <span class='ocrx_word' id='word_1_569' title='bbox 1093 4259 1150 4314; x_wconf 89' lang='lat' dir='ltr'><strong>in</strong></span> <span class='ocrx_word' id='word_1_570' title='bbox 1182 4259 1506 4332; x_wconf 18' lang='lat' dir='ltr'><strong>hoc‘opere</strong></span> <span class='ocrx_word' id='word_1_571' title='bbox 1539 4257 1902 4332; x_wconf 81' lang='lat' dir='ltr'><strong>Nicephorus</strong></span> <span class='ocrx_word' id='word_1_572' title='bbox 1933 4259 2172 4316; x_wconf 89' lang='lat' dir='ltr'><strong>Gotthos</strong></span> 
     </span>
    </p>
   </div>
   <div class='ocr_carea' id='block_1_80' title="bbox 517 4329 1735 4406">
    <p class='ocr_par' dir='ltr' id='par_1_80' title="bbox 517 4329 1735 4406">
     <span class='ocr_line' id='line_1_80' title="bbox 517 4329 1735 4406; baseline -0.004 -18"><span class='ocrx_word' id='word_1_573' title='bbox 517 4329 626 4406; x_wconf 81' lang='lat' dir='ltr'><strong>pro</strong></span> <span class='ocrx_word' id='word_1_574' title='bbox 649 4329 886 4406; x_wconf 80' lang='lat' dir='ltr'><strong>Scythis</strong></span> <span class='ocrx_word' id='word_1_575' title='bbox 913 4331 1115 4406; x_wconf 78' lang='lat' dir='ltr'><strong>habet,</strong></span> <span class='ocrx_word' id='word_1_576' title='bbox 1144 4329 1314 4406; x_wconf 83' lang='lat' dir='ltr'><strong>sicuti</strong></span> <span class='ocrx_word' id='word_1_577' title='bbox 1347 4335 1402 4384; x_wconf 94' lang='lat' dir='ltr'><strong>et</strong></span> <span class='ocrx_word' id='word_1_578' title='bbox 1430 4329 1735 4406; x_wconf 76' lang='lat' dir='ltr'><strong>hoc_loc_o.</strong></span> 
     </span>
    </p>
   </div>
   <div class='ocr_carea' id='block_1_81' title="bbox 591 4399 2170 4529">
    <p class='ocr_par' dir='ltr' id='par_1_81' title="bbox 591 4399 2170 4529">
     <span class='ocr_line' id='line_1_81' title="bbox 591 4399 2170 4529; baseline -0.001 -71"><span class='ocrx_word' id='word_1_579' title='bbox 591 4403 666 4529; x_wconf 49' lang='lat'><strong>$2)</strong></span> <span class='ocrx_word' id='word_1_580' title='bbox 695 4399 964 4458; x_wconf 57' lang='lat' dir='ltr'><strong>«&#39;Decius</strong></span> <span class='ocrx_word' id='word_1_581' title='bbox 1003 4401 1159 4456; x_wconf 90' lang='lat' dir='ltr'><strong>bello</strong></span> <span class='ocrx_word' id='word_1_582' title='bbox 1190 4401 1476 4456; x_wconf 83' lang='lat' dir='ltr'><strong>adversus</strong></span> <span class='ocrx_word' id='word_1_583' title='bbox 1531 4399 1773 4456; x_wconf 88' lang='lat' dir='ltr'><strong>Gotthos</strong></span> <span class='ocrx_word' id='word_1_584' title='bbox 1813 4399 1872 4456; x_wconf 90' lang='lat' dir='ltr'><strong>in</strong></span> <span class='ocrx_word' id='word_1_585' title='bbox 1910 4399 2170 4458; x_wconf 65' lang='lat' dir='ltr'><strong>Thracia</strong></span> 
     </span>
     <span class='ocr_line' id='line_1_82' title="bbox 591 4471 2168 4529; baseline -0.003 0"><span class='ocrx_word' id='word_1_586' title='bbox 591 4475 736 4529; x_wconf 91' lang='lat' dir='ltr'><strong>.ude</strong></span> <span class='ocrx_word' id='word_1_587' title='bbox 794 4473 1165 4529; x_wconf 86' lang='lat' dir='ltr'><strong>submersus.</strong></span> <span class='ocrx_word' id='word_1_588' title='bbox 1219 4479 1275 4527; x_wconf 91' lang='lat' dir='ltr'><strong>et</strong></span> <span class='ocrx_word' id='word_1_589' title='bbox 1317 4471 1474 4527; x_wconf 87' lang='lat' dir='ltr'><strong>ﬁlius</strong></span> <span class='ocrx_word' id='word_1_590' title='bbox 1533 4472 1662 4529; x_wconf 87' lang='lat' dir='ltr'><strong>eius</strong></span> <span class='ocrx_word' id='word_1_591' title='bbox 1719 4471 1954 4527; x_wconf 89' lang='lat' dir='ltr'><strong>occisus</strong></span> <span class='ocrx_word' id='word_1_592' title='bbox 1999 4479 2106 4527; x_wconf 90' lang='lat' dir='ltr'><strong>est.</strong></span> <span class='ocrx_word' id='word_1_593' title='bbox 2142 4495 2168 4522; x_wconf 75' lang='grc' dir='ltr'><strong>υ</strong></span> 
     </span>
    </p>
   </div>
   <div class='ocr_carea' id='block_1_82' title="bbox 2289 3173 3902 3254">
    <p class='ocr_par' dir='ltr' id='par_1_82' title="bbox 2289 3173 3902 3254">
     <span class='ocr_line' id='line_1_83' title="bbox 2289 3173 3902 3254; baseline 0.005 -28"><span class='ocrx_word' id='word_1_594' title='bbox 2289 3174 2534 3246; x_wconf 84' lang='grc' dir='ltr'>μυλιανός</span> <span class='ocrx_word' id='word_1_595' title='bbox 2564 3173 2616 3228; x_wconf 84' lang='grc' dir='ltr'>δ’</span> <span class='ocrx_word' id='word_1_596' title='bbox 2669 3175 2753 3229; x_wconf 79' lang='grc' dir='ltr'><strong>ἐπὶ</strong></span> <span class='ocrx_word' id='word_1_597' title='bbox 2802 3181 3007 3240; x_wconf 82' lang='grc' dir='ltr'>τούτοις</span> <span class='ocrx_word' id='word_1_598' title='bbox 3037 3179 3144 3252; x_wconf 85' lang='grc' dir='ltr'><strong>ούχ</strong></span> <span class='ocrx_word' id='word_1_599' title='bbox 3173 3181 3328 3238; x_wconf 77' lang='grc' dir='ltr'>ἧττον</span> <span class='ocrx_word' id='word_1_600' title='bbox 3357 3181 3388 3239; x_wconf 78' lang='grc' dir='ltr'><strong>ἣ</strong></span> <span class='ocrx_word' id='word_1_601' title='bbox 3421 3184 3686 3254; x_wconf 86' lang='grc' dir='ltr'>τέσσαρας</span> <span class='ocrx_word' id='word_1_602' title='bbox 3731 3190 3902 3254; x_wconf 75' lang='grc' dir='ltr'>μῆνας</span> 
     </span>
    </p>
   </div>
   <div class='ocr_carea' id='block_1_83' title="bbox 2289 3263 3900 3348">
    <p class='ocr_par' dir='ltr' id='par_1_83' title="bbox 2289 3263 3900 3348">
     <span class='ocr_line' id='line_1_84' title="bbox 2289 3263 3900 3348; baseline 0.005 -31"><span class='ocrx_word' id='word_1_603' title='bbox 2289 3263 2541 3330; x_wconf 77' lang='grc' dir='ltr'>ἐπιϐιοὺς,</span> <span class='ocrx_word' id='word_1_604' title='bbox 2581 3267 2666 3320; x_wconf 72' lang='grc' dir='ltr'><strong>ἐπὶ</strong></span> <span class='ocrx_word' id='word_1_605' title='bbox 2729 3266 3100 3342; x_wconf 83' lang='grc' dir='ltr'>Ούαλλεριανὸν</span> <span class='ocrx_word' id='word_1_606' title='bbox 3147 3275 3236 3322; x_wconf 82' lang='grc' dir='ltr'>καὶ</span> <span class='ocrx_word' id='word_1_607' title='bbox 3289 3269 3537 3330; x_wconf 76' lang='grc' dir='ltr'>Γαλιῆνον</span> <span class='ocrx_word' id='word_1_608' title='bbox 3593 3275 3654 3323; x_wconf 83' lang='grc' dir='ltr'>τὸ</span> <span class='ocrx_word' id='word_1_609' title='bbox 3713 3277 3900 3348; x_wconf 75' lang='grc' dir='ltr'>κράτος</span> 
     </span>
    </p>
   </div>
   <div class='ocr_carea' id='block_1_84' title="bbox 2289 3353 3900 3434">
    <p class='ocr_par' dir='ltr' id='par_1_84' title="bbox 2289 3353 3900 3434">
     <span class='ocr_line' id='line_1_85' title="bbox 2289 3353 3900 3434; baseline 0.004 -28"><span class='ocrx_word' id='word_1_610' title='bbox 2289 3359 2609 3428; x_wconf 84' lang='grc' dir='ltr'>παρέπεμπε.</span> <span class='ocrx_word' id='word_1_611' title='bbox 2672 3361 2774 3408; x_wconf 84' lang='grc' dir='ltr'><strong>Τοῦ</strong></span> <span class='ocrx_word' id='word_1_612' title='bbox 2833 3353 2892 3410; x_wconf 70' lang='grc' dir='ltr'>δὲ</span> <span class='ocrx_word' id='word_1_613' title='bbox 2949 3357 3217 3434; x_wconf 78' lang='grc' dir='ltr'>εἰρημένου</span> <span class='ocrx_word' id='word_1_614' title='bbox 3277 3363 3409 3432; x_wconf 84' lang='grc' dir='ltr'>μετὰ</span> <span class='ocrx_word' id='word_1_615' title='bbox 3465 3365 3642 3414; x_wconf 84' lang='grc' dir='ltr'>Δέκιον</span> <span class='ocrx_word' id='word_1_616' title='bbox 3699 3361 3900 3414; x_wconf 77' lang='grc' dir='ltr'>Γάλλον</span> 
     </span>
    </p>
   </div>
   <div class='ocr_carea' id='block_1_85' title="bbox 2291 3439 3894 3522">
    <p class='ocr_par' dir='ltr' id='par_1_85' title="bbox 2291 3439 3894 3522">
     <span class='ocr_line' id='line_1_86' title="bbox 2291 3439 3894 3522; baseline 0.005 -27"><span class='ocrx_word' id='word_1_617' title='bbox 2291 3439 2550 3504; x_wconf 77' lang='grc' dir='ltr'>διέποντες</span> <span class='ocrx_word' id='word_1_618' title='bbox 2597 3448 2690 3502; x_wconf 77' lang='grc' dir='ltr'>τὴν</span> <span class='ocrx_word' id='word_1_619' title='bbox 2741 3443 2936 3517; x_wconf 80' lang='grc' dir='ltr'>ἀρχὴν,</span> <span class='ocrx_word' id='word_1_620' title='bbox 2999 3445 3270 3522; x_wconf 81' lang='grc' dir='ltr'>Ὠριγένης</span> <span class='ocrx_word' id='word_1_621' title='bbox 3313 3447 3422 3510; x_wconf 78' lang='grc' dir='ltr'>ἑνὸς</span> <span class='ocrx_word' id='word_1_622' title='bbox 3467 3445 3678 3511; x_wconf 82' lang='grc' dir='ltr'>δέοντος</span> <span class='ocrx_word' id='word_1_623' title='bbox 3709 3457 3756 3502; x_wconf 80' lang='lat' dir='ltr'><strong>o‘</strong></span> <span class='ocrx_word' id='word_1_624' title='bbox 3813 3452 3894 3508; x_wconf 70' lang='grc' dir='ltr'><strong>ἔτι</strong></span> 
     </span>
    </p>
   </div>
   <div class='ocr_carea' id='block_1_86' title="bbox 2290 3529 3896 3614">
    <p class='ocr_par' dir='ltr' id='par_1_86' title="bbox 2290 3529 3896 3614">
     <span class='ocr_line' id='line_1_87' title="bbox 2290 3529 3896 3614; baseline 0.005 -30"><span class='ocrx_word' id='word_1_625' title='bbox 2290 3529 2554 3595; x_wconf 83' lang='grc' dir='ltr'>διηνυκώς</span> <span class='ocrx_word' id='word_1_626' title='bbox 2611 3533 2867 3600; x_wconf 76' lang='grc' dir='ltr'>ἐτελεύτα,</span> <span class='ocrx_word' id='word_1_627' title='bbox 2917 3534 3108 3597; x_wconf 79' lang='grc' dir='ltr'>ἀθλίως</span> <span class='ocrx_word' id='word_1_628' title='bbox 3159 3541 3248 3596; x_wconf 77' lang='grc' dir='ltr'>τὴν</span> <span class='ocrx_word' id='word_1_629' title='bbox 3297 3536 3483 3610; x_wconf 68' lang='grc' dir='ltr'>ψυχὴν</span> <span class='ocrx_word' id='word_1_630' title='bbox 3533 3537 3896 3614; x_wconf 64' lang='grc' dir='ltr'>ἀπορρήξαςᾱ</span> 
     </span>
    </p>
   </div>
   <div class='ocr_carea' id='block_1_87' title="bbox 2290 3617 3892 3704">
    <p class='ocr_par' dir='ltr' id='par_1_87' title="bbox 2290 3617 3892 3704">
     <span class='ocr_line' id='line_1_88' title="bbox 2290 3617 3892 3704; baseline 0.004 -30"><span class='ocrx_word' id='word_1_631' title='bbox 2290 3617 2532 3682; x_wconf 87' lang='grc' dir='ltr'>δείλαιος.</span> <span class='ocrx_word' id='word_1_632' title='bbox 2564 3623 2648 3676; x_wconf 85' lang='grc' dir='ltr'><strong>Ἐν</strong></span> <span class='ocrx_word' id='word_1_633' title='bbox 2698 3624 2737 3694; x_wconf 83' lang='grc' dir='ltr'><em>ᾧ</em></span> <span class='ocrx_word' id='word_1_634' title='bbox 2796 3619 2878 3676; x_wconf 87' lang='grc' dir='ltr'>δεῖ</span> <span class='ocrx_word' id='word_1_635' title='bbox 2923 3629 3014 3678; x_wconf 80' lang='grc' dir='ltr'>καὶ</span> <span class='ocrx_word' id='word_1_636' title='bbox 3055 3627 3196 3698; x_wconf 78' lang='grc' dir='ltr'>ἡμᾶς</span> <span class='ocrx_word' id='word_1_637' title='bbox 3226 3631 3385 3702; x_wconf 86' lang='grc' dir='ltr'>πέρας</span> <span class='ocrx_word' id='word_1_638' title='bbox 3415 3633 3506 3680; x_wconf 87' lang='grc' dir='ltr'>καὶ</span> <span class='ocrx_word' id='word_1_639' title='bbox 3545 3635 3610 3702; x_wconf 74' lang='grc' dir='ltr'>τῇ</span> <span class='ocrx_word' id='word_1_640' title='bbox 3645 3635 3892 3704; x_wconf 65' lang='grc' dir='ltr'>παρούσης</span> 
     </span>
    </p>
   </div>
   <div class='ocr_carea' id='block_1_88' title="bbox 2289 3708 3894 3792">
    <p class='ocr_par' dir='ltr' id='par_1_88' title="bbox 2289 3708 3894 3792">
     <span class='ocr_line' id='line_1_89' title="bbox 2289 3708 3894 3792; baseline 0.006 -30"><span class='ocrx_word' id='word_1_641' title='bbox 2289 3713 2502 3786; x_wconf 81' lang='grc' dir='ltr'>ἱστορίᾳ</span> <span class='ocrx_word' id='word_1_642' title='bbox 2579 3708 2832 3764; x_wconf 76' lang='grc' dir='ltr'>διδόναιο</span> <span class='ocrx_word' id='word_1_643' title='bbox 2893 3713 3064 3789; x_wconf 77' lang='grc' dir='ltr'>ἀρχὴν</span> <span class='ocrx_word' id='word_1_644' title='bbox 3126 3719 3217 3788; x_wconf 61' lang='grc' dir='ltr'>μὲν</span> <span class='ocrx_word' id='word_1_645' title='bbox 3293 3721 3540 3792; x_wconf 72' lang='grc' dir='ltr'>χρηστὴν</span> <span class='ocrx_word' id='word_1_646' title='bbox 3591 3717 3894 3792; x_wconf 64' lang='grc' dir='ltr'>’.Ωριγὸους</span> 
     </span>
    </p>
   </div>
   <div class='ocr_carea' id='block_1_89' title="bbox 2285 3799 3892 3880">
    <p class='ocr_par' dir='ltr' id='par_1_89' title="bbox 2285 3799 3892 3880">
     <span class='ocr_line' id='line_1_90' title="bbox 2285 3799 3892 3880; baseline 0.005 -28"><span class='ocrx_word' id='word_1_647' title='bbox 2285 3799 2612 3862; x_wconf 77' lang='grc' dir='ltr'>επιϐαλόντος</span> <span class='ocrx_word' id='word_1_648' title='bbox 2689 3801 2843 3874; x_wconf 75' lang='grc' dir='ltr'>αὐτῇ,</span> <span class='ocrx_word' id='word_1_649' title='bbox 2931 3801 3026 3854; x_wconf 81' lang='grc' dir='ltr'>κᾶν</span> <span class='ocrx_word' id='word_1_650' title='bbox 3104 3809 3196 3856; x_wconf 88' lang='lat' dir='ltr'><strong>xui</strong></span> <span class='ocrx_word' id='word_1_651' title='bbox 3258 3808 3316 3856; x_wconf 89' lang='grc' dir='ltr'>τὸ</span> <span class='ocrx_word' id='word_1_652' title='bbox 3371 3805 3513 3868; x_wconf 81' lang='grc' dir='ltr'>τέλος</span> <span class='ocrx_word' id='word_1_653' title='bbox 3577 3805 3892 3880; x_wconf 72' lang='grc' dir='ltr'>ἀσύμφωνον</span> 
     </span>
    </p>
   </div>
   <div class='ocr_carea' id='block_1_90' title="bbox 2287 3885 3888 3968">
    <p class='ocr_par' dir='ltr' id='par_1_90' title="bbox 2287 3885 3888 3968">
     <span class='ocr_line' id='line_1_91' title="bbox 2287 3885 3888 3968; baseline 0.006 -27"><span class='ocrx_word' id='word_1_654' title='bbox 2287 3885 2514 3942; x_wconf 79' lang='grc' dir='ltr'>ἐπέδωκε</span> <span class='ocrx_word' id='word_1_655' title='bbox 2561 3897 2623 3962; x_wconf 75' lang='grc' dir='ltr'>τῇ</span> <span class='ocrx_word' id='word_1_656' title='bbox 2676 3889 2824 3965; x_wconf 74' lang='grc' dir='ltr'>ἀρχῇ</span> <span class='ocrx_word' id='word_1_657' title='bbox 2859 3908 2870 3920; x_wconf 91' lang='grc'><strong>·</strong></span> <span class='ocrx_word' id='word_1_658' title='bbox 2901 3897 3136 3965; x_wconf 87' lang='grc' dir='ltr'>περιέχει</span> <span class='ocrx_word' id='word_1_659' title='bbox 3195 3889 3253 3946; x_wconf 74' lang='grc' dir='ltr'><strong>δε</strong></span> <span class='ocrx_word' id='word_1_660' title='bbox 3285 3895 3409 3968; x_wconf 77' lang='grc' dir='ltr'>ἡμῖν</span> <span class='ocrx_word' id='word_1_661' title='bbox 3439 3901 3530 3948; x_wconf 84' lang='grc' dir='ltr'>καὶ</span> <span class='ocrx_word' id='word_1_662' title='bbox 3577 3897 3608 3954; x_wconf 79' lang='grc' dir='ltr'>ἡ</span> <span class='ocrx_word' id='word_1_663' title='bbox 3667 3895 3705 3950; x_wconf 87' lang='grc' dir='ltr'>ε’</span> <span class='ocrx_word' id='word_1_664' title='bbox 3759 3899 3888 3955; x_wconf 64' lang='grc' dir='ltr'>αὖτε</span> 
     </span>
    </p>
   </div>
   <div class='ocr_carea' id='block_1_91' title="bbox 2284 3974 3890 4060">
    <p class='ocr_par' dir='ltr' id='par_1_91' title="bbox 2284 3974 3890 4060">
     <span class='ocr_line' id='line_1_92' title="bbox 2284 3974 3890 4060; baseline 0.006 -31"><span class='ocrx_word' id='word_1_665' title='bbox 2284 3998 2370 4050; x_wconf 87' lang='grc' dir='ltr'><strong>μοι</strong></span> <span class='ocrx_word' id='word_1_666' title='bbox 2425 3974 2602 4052; x_wconf 83' lang='grc' dir='ltr'>βίϐλος</span> <span class='ocrx_word' id='word_1_667' title='bbox 2658 3984 2850 4052; x_wconf 86' lang='grc' dir='ltr'>χρόνον</span> <span class='ocrx_word' id='word_1_668' title='bbox 2898 3981 3022 4034; x_wconf 84' lang='grc' dir='ltr'>έτών</span> <span class='ocrx_word' id='word_1_669' title='bbox 3076 3981 3116 4044; x_wconf 80' lang='grc' dir='ltr'><strong>ξ’</strong></span> <span class='ocrx_word' id='word_1_670' title='bbox 3164 3988 3250 4036; x_wconf 84' lang='lat' dir='ltr'><strong>xui</strong></span> <span class='ocrx_word' id='word_1_671' title='bbox 3308 3980 3427 4050; x_wconf 83' lang='grc' dir='ltr'>δύο,</span> <span class='ocrx_word' id='word_1_672' title='bbox 3485 3983 3752 4060; x_wconf 76' lang='grc' dir='ltr'>ἀρξαμένη</span> 
     </span>
    </p>
   </div>
   <div class='ocr_carea' id='block_1_92' title="bbox 2284 4067 3890 4149">
    <p class='ocr_par' dir='ltr' id='par_1_92' title="bbox 2284 4067 3890 4149">
     <span class='ocr_line' id='line_1_93' title="bbox 2284 4067 3890 4149; baseline 0.007 -31"><span class='ocrx_word' id='word_1_673' title='bbox 2284 4067 2386 4122; x_wconf 83' lang='grc' dir='ltr'>ἀπὸ</span> <span class='ocrx_word' id='word_1_674' title='bbox 2416 4076 2508 4120; x_wconf 86' lang='grc' dir='ltr'>τοῦ</span> <span class='ocrx_word' id='word_1_675' title='bbox 2555 4074 2763 4144; x_wconf 81' lang='grc' dir='ltr'>πρώτου</span> <span class='ocrx_word' id='word_1_676' title='bbox 2809 4071 2948 4132; x_wconf 82' lang='grc' dir='ltr'>ἔτους</span> <span class='ocrx_word' id='word_1_677' title='bbox 2980 4076 3226 4144; x_wconf 82' lang='grc' dir='ltr'>Σευήρου,</span> <span class='ocrx_word' id='word_1_678' title='bbox 3279 4073 3627 4138; x_wconf 78' lang='grc' dir='ltr'>καταλήξασα</span> <span class='ocrx_word' id='word_1_679' title='bbox 3665 4073 3728 4128; x_wconf 63' lang='grc' dir='ltr'>δὲ</span> <span class='ocrx_word' id='word_1_680' title='bbox 3759 4079 3890 4149; x_wconf 69' lang='grc' dir='ltr'>ἄχρι</span> 
     </span>
    </p>
   </div>
   <div class='ocr_carea' id='block_1_93' title="bbox 2284 4152 3886 4236">
    <p class='ocr_par' dir='ltr' id='par_1_93' title="bbox 2284 4152 3886 4236">
     <span class='ocr_line' id='line_1_94' title="bbox 2284 4152 3886 4236; baseline 0.007 -29"><span class='ocrx_word' id='word_1_681' title='bbox 2284 4152 2350 4214; x_wconf 80' lang='grc' dir='ltr'>δὴ</span> <span class='ocrx_word' id='word_1_682' title='bbox 2409 4161 2498 4208; x_wconf 82' lang='grc' dir='ltr'>καὶ</span> <span class='ocrx_word' id='word_1_683' title='bbox 2555 4157 2718 4217; x_wconf 76' lang='grc' dir='ltr'>αὐτῆς</span> <span class='ocrx_word' id='word_1_684' title='bbox 2770 4156 2948 4230; x_wconf 78' lang='grc' dir='ltr'>ἀρχῆς</span> <span class='ocrx_word' id='word_1_685' title='bbox 2999 4160 3378 4236; x_wconf 83' lang='grc' dir='ltr'>Ούαλλεριανοῦ</span> <span class='ocrx_word' id='word_1_686' title='bbox 3431 4169 3522 4217; x_wconf 85' lang='grc' dir='ltr'>καὶ</span> <span class='ocrx_word' id='word_1_687' title='bbox 3580 4165 3842 4223; x_wconf 73' lang='grc' dir='ltr'>Γαλιήνου</span> <span class='ocrx_word' id='word_1_688' title='bbox 3873 4186 3886 4200; x_wconf 89' lang='grc'><strong>·</strong></span> 
     </span>
    </p>
   </div>
   <div class='ocr_carea' id='block_1_94' title="bbox 2281 4263 3884 4342">
    <p class='ocr_par' dir='ltr' id='par_1_94' title="bbox 2281 4263 3884 4342">
     <span class='ocr_line' id='line_1_95' title="bbox 2281 4263 3884 4342; baseline 0.006 -24"><span class='ocrx_word' id='word_1_689' title='bbox 2281 4263 2404 4334; x_wconf 90' lang='lat' dir='ltr'><strong>pia.</strong></span> <span class='ocrx_word' id='word_1_690' title='bbox 2427 4265 2562 4342; x_wconf 73' lang='lat' dir='ltr'><strong>Non</strong></span> <span class='ocrx_word' id='word_1_691' title='bbox 2577 4263 2680 4342; x_wconf 83' lang='lat' dir='ltr'><strong>ille</strong></span> <span class='ocrx_word' id='word_1_692' title='bbox 2721 4265 3105 4342; x_wconf 78' lang='lat' dir='ltr'><strong>Salomonem</strong></span> <span class='ocrx_word' id='word_1_693' title='bbox 3133 4269 3327 4324; x_wconf 87' lang='lat' dir='ltr'><strong>audiit</strong></span> <span class='ocrx_word' id='word_1_694' title='bbox 3355 4269 3696 4326; x_wconf 88' lang='lat' dir='ltr'><strong>dicentem:</strong></span> <span class='ocrx_word' id='word_1_695' title='bbox 3721 4294 3748 4324; x_wconf 75' lang='grc' dir='ltr'><strong>ε</strong></span> <span class='ocrx_word' id='word_1_696' title='bbox 3767 4273 3884 4342; x_wconf 83' lang='lat' dir='ltr'><strong>Fili,</strong></span> 
     </span>
    </p>
   </div>
   <div class='ocr_carea' id='block_1_95' title="bbox 2283 4333 3886 4415">
    <p class='ocr_par' dir='ltr' id='par_1_95' title="bbox 2283 4333 3886 4415">
     <span class='ocr_line' id='line_1_96' title="bbox 2283 4333 3886 4415; baseline 0.007 -27"><span class='ocrx_word' id='word_1_697' title='bbox 2283 4333 2426 4415; x_wconf 64' lang='lat' dir='ltr'><strong>eave</strong></span> <span class='ocrx_word' id='word_1_698' title='bbox 2441 4333 2662 4391; x_wconf 89' lang='lat' dir='ltr'><strong>multos</strong></span> <span class='ocrx_word' id='word_1_699' title='bbox 2694 4351 3026 4415; x_wconf 79' lang='lat' dir='ltr'><strong>componas</strong></span> <span class='ocrx_word' id='word_1_700' title='bbox 3039 4339 3245 4415; x_wconf 72' lang='lat' dir='ltr'><strong>libros,</strong></span> <span class='ocrx_word' id='word_1_701' title='bbox 3263 4345 3326 4396; x_wconf 91' lang='lat' dir='ltr'><strong>ut</strong></span> <span class='ocrx_word' id='word_1_702' title='bbox 3339 4355 3440 4415; x_wconf 77' lang='lat' dir='ltr'><strong>ore</strong></span> <span class='ocrx_word' id='word_1_703' title='bbox 3455 4347 3560 4398; x_wconf 93' lang='lat' dir='ltr'><strong>tuo</strong></span> <span class='ocrx_word' id='word_1_704' title='bbox 3571 4333 3886 4415; x_wconf 70' lang='lat' dir='ltr'><strong>prOperes,</strong></span> 
     </span>
    </p>
   </div>
   <div class='ocr_carea' id='block_1_96' title="bbox 2282 4407 3884 4482">
    <p class='ocr_par' dir='ltr' id='par_1_96' title="bbox 2282 4407 3884 4482">
     <span class='ocr_line' id='line_1_97' title="bbox 2282 4407 3884 4482; baseline 0.006 -20"><span class='ocrx_word' id='word_1_705' title='bbox 2282 4407 2393 4462; x_wconf 89' lang='lat' dir='ltr'><strong>Cor</strong></span> <span class='ocrx_word' id='word_1_706' title='bbox 2408 4411 2574 4482; x_wconf 65' lang='lat' dir='ltr'><strong>tuum</strong></span> <span class='ocrx_word' id='word_1_707' title='bbox 2591 4407 2800 4482; x_wconf 14' lang='lat' dir='ltr'><strong>nonﬂsit</strong></span> <span class='ocrx_word' id='word_1_708' title='bbox 2821 4407 2988 4465; x_wconf 82' lang='lat' dir='ltr'><strong>velox</strong></span> <span class='ocrx_word' id='word_1_709' title='bbox 3001 4410 3076 4466; x_wconf 90' lang='lat' dir='ltr'><strong>ad</strong></span> <span class='ocrx_word' id='word_1_710' title='bbox 3091 4411 3518 4482; x_wconf 87' lang='lat' dir='ltr'><strong>proferendum</strong></span> <span class='ocrx_word' id='word_1_711' title='bbox 3541 4407 3884 4472; x_wconf 74' lang='lat' dir='ltr'><strong>sermonem</strong></span> 
     </span>
    </p>
   </div>
   <div class='ocr_carea' id='block_1_97' title="bbox 515 4471 3884 4553">
    <p class='ocr_par' dir='ltr' id='par_1_97' title="bbox 515 4471 3884 4553">
     <span class='ocr_line' id='line_1_98' title="bbox 515 4471 3884 4553; baseline -0.002 -23"><span class='ocrx_word' id='word_1_712' title='bbox 515 4471 736 4553; x_wconf 57' lang='lat' dir='ltr'><strong>palude</strong></span> <span class='ocrx_word' id='word_1_713' title='bbox 787 4473 1165 4553; x_wconf 74' lang='lat' dir='ltr'><strong>submersus,</strong></span> <span class='ocrx_word' id='word_1_714' title='bbox 1219 4479 1275 4527; x_wconf 91' lang='lat' dir='ltr'><strong>et</strong></span> <span class='ocrx_word' id='word_1_715' title='bbox 1317 4471 1474 4527; x_wconf 87' lang='lat' dir='ltr'><strong>ﬁlius</strong></span> <span class='ocrx_word' id='word_1_716' title='bbox 1533 4472 1662 4542; x_wconf 88' lang='lat' dir='ltr'><strong>ejus</strong></span> <span class='ocrx_word' id='word_1_717' title='bbox 1719 4471 1954 4527; x_wconf 90' lang='lat' dir='ltr'><strong>occisus</strong></span> <span class='ocrx_word' id='word_1_718' title='bbox 1999 4479 2106 4527; x_wconf 91' lang='lat' dir='ltr'><strong>est.</strong></span> <span class='ocrx_word' id='word_1_719' title='bbox 2142 4495 2168 4522; x_wconf 75' lang='grc' dir='ltr'><strong>υ</strong></span> <span class='ocrx_word' id='word_1_720' title='bbox 2202 4478 2248 4534; x_wconf 87' lang='lat' dir='ltr'><strong>D</strong></span> <span class='ocrx_word' id='word_1_721' title='bbox 2280 4477 2646 4553; x_wconf 68' lang='grc' dir='ltr'>ροτθιιιυερ,</span> <span class='ocrx_word' id='word_1_722' title='bbox 2697 4479 2850 4534; x_wconf 76' lang='lat' dir='ltr'><strong>Deus</strong></span> <span class='ocrx_word' id='word_1_723' title='bbox 2881 4471 3144 4553; x_wconf 52' lang='grc' dir='ltr'>Ψωφίς,</span> <span class='ocrx_word' id='word_1_724' title='bbox 3171 4483 3231 4538; x_wconf 73' lang='lat' dir='ltr'><strong>in</strong></span> <span class='ocrx_word' id='word_1_725' title='bbox 3264 4483 3410 4540; x_wconf 68' lang='grc' dir='ltr'><strong>οωιο</strong></span> <span class='ocrx_word' id='word_1_726' title='bbox 3449 4500 3718 4552; x_wconf 51' lang='lat' dir='ltr'><strong>sursum.</strong></span> <span class='ocrx_word' id='word_1_727' title='bbox 3751 4471 3884 4543; x_wconf 65' lang='lat' dir='ltr'><strong>etin</strong></span> 
     </span>
    </p>
   </div>
   <div class='ocr_carea' id='block_1_98' title="bbox 541 4547 802 4615">
    <p class='ocr_par' dir='ltr' id='par_1_98' title="bbox 541 4547 802 4615">
     <span class='ocr_line' id='line_1_99' title="bbox 541 4547 802 4615; baseline -0.011 -13"><span class='ocrx_word' id='word_1_728' title='bbox 541 4547 802 4615; x_wconf 85' lang='lat' dir='ltr'><strong>Eutrop.)</strong></span> 
     </span>
    </p>
   </div>
   <div class='ocr_carea' id='block_1_99' title="bbox 519 4552 2170 4690">
    <p class='ocr_par' dir='ltr' id='par_1_99' title="bbox 519 4552 2170 4690">
     <span class='ocr_line' id='line_1_100' title="bbox 519 4552 2170 4690; baseline -0.001 -16"><span class='ocrx_word' id='word_1_729' title='bbox 519 4552 926 4690; x_wconf 41' lang='lat' dir='ltr'><strong>(Etlg‘gi‘igeni</strong></span> <span class='ocrx_word' id='word_1_730' title='bbox 953 4615 1248 4690; x_wconf 72' lang='lat' dir='ltr'><strong>industria</strong></span> <span class='ocrx_word' id='word_1_731' title='bbox 1274 4619 1331 4668; x_wconf 92' lang='lat' dir='ltr'><strong>et</strong></span> <span class='ocrx_word' id='word_1_732' title='bbox 1360 4614 1673 4690; x_wconf 62' lang='lat' dir='ltr'><strong>curiositas</strong></span> <span class='ocrx_word' id='word_1_733' title='bbox 1690 4629 1896 4690; x_wconf 55' lang='lat' dir='ltr'><strong>causa</strong></span> <span class='ocrx_word' id='word_1_734' title='bbox 1920 4619 1975 4670; x_wconf 91' lang='lat' dir='ltr'><strong>et</strong></span> <span class='ocrx_word' id='word_1_735' title='bbox 2015 4615 2170 4690; x_wconf 71' lang='lat' dir='ltr'><strong>foede</strong></span> 
     </span>
    </p>
   </div>
   <div class='ocr_carea' id='block_1_100' title="bbox 513 4685 2169 4758">
    <p class='ocr_par' dir='ltr' id='par_1_100' title="bbox 513 4685 2169 4758">
     <span class='ocr_line' id='line_1_101' title="bbox 513 4685 2169 4758; baseline -0.002 -13"><span class='ocrx_word' id='word_1_736' title='bbox 513 4685 833 4752; x_wconf 69' lang='lat' dir='ltr'><strong>laberetur,</strong></span> <span class='ocrx_word' id='word_1_737' title='bbox 867 4695 920 4742; x_wconf 92' lang='lat' dir='ltr'><strong>et</strong></span> <span class='ocrx_word' id='word_1_738' title='bbox 948 4687 1147 4742; x_wconf 90' lang='lat' dir='ltr'><strong>multis</strong></span> <span class='ocrx_word' id='word_1_739' title='bbox 1179 4691 1464 4758; x_wconf 63' lang='lat' dir='ltr'><strong>praeterea</strong></span> <span class='ocrx_word' id='word_1_740' title='bbox 1505 4685 1934 4758; x_wconf 80' lang='lat' dir='ltr'><strong>oﬂ‘endiculum</strong></span> <span class='ocrx_word' id='word_1_741' title='bbox 1987 4688 2169 4742; x_wconf 85' lang='lat' dir='ltr'><strong>exitii-</strong></span> 
     </span>
    </p>
   </div>
   <div class='ocr_carea' id='block_1_101' title="bbox 513 4757 2166 4833">
    <p class='ocr_par' dir='ltr' id='par_1_101' title="bbox 513 4757 2166 4833">
     <span class='ocr_line' id='line_1_102' title="bbox 513 4757 2166 4833; baseline -0.001 -17"><span class='ocrx_word' id='word_1_742' title='bbox 513 4777 632 4833; x_wconf 91' lang='lat' dir='ltr'><strong>que</strong></span> <span class='ocrx_word' id='word_1_743' title='bbox 673 4759 908 4816; x_wconf 89' lang='lat' dir='ltr'><strong>occasio</strong></span> <span class='ocrx_word' id='word_1_744' title='bbox 958 4758 1082 4812; x_wconf 84' lang='lat' dir='ltr'><strong>fuit.</strong></span> <span class='ocrx_word' id='word_1_745' title='bbox 1119 4757 1264 4833; x_wconf 78' lang='lat' dir='ltr'><strong>Cum</strong></span> <span class='ocrx_word' id='word_1_746' title='bbox 1306 4757 1463 4833; x_wconf 88' lang='lat' dir='ltr'><strong>enim</strong></span> <span class='ocrx_word' id='word_1_747' title='bbox 1523 4757 1668 4833; x_wconf 84' lang='lat' dir='ltr'><strong>nihil</strong></span> <span class='ocrx_word' id='word_1_748' title='bbox 1711 4773 1832 4812; x_wconf 91' lang='lat' dir='ltr'><strong>non</strong></span> <span class='ocrx_word' id='word_1_749' title='bbox 1873 4757 1932 4812; x_wconf 91' lang='lat' dir='ltr'><strong>in</strong></span> <span class='ocrx_word' id='word_1_750' title='bbox 1981 4761 2166 4814; x_wconf 88' lang='lat' dir='ltr'><strong>sacris</strong></span> 
     </span>
    </p>
   </div>
   <div class='ocr_carea' id='block_1_102' title="bbox 517 4829 2170 4900">
    <p class='ocr_par' dir='ltr' id='par_1_102' title="bbox 517 4829 2170 4900">
     <span class='ocr_line' id='line_1_103' title="bbox 517 4829 2170 4900; baseline -0.002 -12"><span class='ocrx_word' id='word_1_751' title='bbox 517 4829 738 4888; x_wconf 72' lang='lat' dir='ltr'><strong>Litteris</strong></span> <span class='ocrx_word' id='word_1_752' title='bbox 778 4845 1076 4900; x_wconf 87' lang='lat' dir='ltr'><strong>exponere</strong></span> <span class='ocrx_word' id='word_1_753' title='bbox 1107 4829 1300 4893; x_wconf 89' lang='lat' dir='ltr'><strong>vellet,</strong></span> <span class='ocrx_word' id='word_1_754' title='bbox 1341 4829 1608 4900; x_wconf 89' lang='lat' dir='ltr'><strong>seipsum</strong></span> <span class='ocrx_word' id='word_1_755' title='bbox 1649 4829 1707 4882; x_wconf 91' lang='lat' dir='ltr'><strong>in</strong></span> <span class='ocrx_word' id='word_1_756' title='bbox 1735 4845 1996 4900; x_wconf 84' lang='lat' dir='ltr'><strong>errorem</strong></span> <span class='ocrx_word' id='word_1_757' title='bbox 2029 4846 2170 4885; x_wconf 89' lang='lat' dir='ltr'><strong>con-</strong></span> 
     </span>
    </p>
   </div>
   <div class='ocr_carea' id='block_1_103' title="bbox 511 4899 2168 4975">
    <p class='ocr_par' dir='ltr' id='par_1_103' title="bbox 511 4899 2168 4975">
     <span class='ocr_line' id='line_1_104' title="bbox 511 4899 2168 4975; baseline -0.001 -16"><span class='ocrx_word' id='word_1_758' title='bbox 511 4904 670 4975; x_wconf 90' lang='lat' dir='ltr'><strong>jecit.</strong></span> <span class='ocrx_word' id='word_1_759' title='bbox 723 4899 886 4958; x_wconf 83' lang='lat' dir='ltr'><strong>Unde</strong></span> <span class='ocrx_word' id='word_1_760' title='bbox 932 4901 1124 4975; x_wconf 83' lang='lat' dir='ltr'><strong>multa</strong></span> <span class='ocrx_word' id='word_1_761' title='bbox 1161 4899 1446 4975; x_wconf 78' lang='lat' dir='ltr'><strong>nefanda</strong></span> <span class='ocrx_word' id='word_1_762' title='bbox 1495 4905 1550 4954; x_wconf 93' lang='lat' dir='ltr'><strong>et</strong></span> <span class='ocrx_word' id='word_1_763' title='bbox 1610 4899 1859 4975; x_wconf 84' lang='lat' dir='ltr'><strong>exitiosa</strong></span> <span class='ocrx_word' id='word_1_764' title='bbox 1907 4901 2168 4975; x_wconf 78' lang='lat' dir='ltr'><strong>protulit</strong></span> 
     </span>
    </p>
   </div>
   <div class='ocr_carea' id='block_1_104' title="bbox 515 4972 2167 5044">
    <p class='ocr_par' dir='ltr' id='par_1_104' title="bbox 515 4972 2167 5044">
     <span class='ocr_line' id='line_1_105' title="bbox 515 4972 2167 5044; baseline -0.002 -13"><span class='ocrx_word' id='word_1_765' title='bbox 515 4972 714 5030; x_wconf 77' lang='lat' dir='ltr'><strong>verba.</strong></span> <span class='ocrx_word' id='word_1_766' title='bbox 749 4975 826 5029; x_wconf 88' lang='lat' dir='ltr'><strong>Ex</strong></span> <span class='ocrx_word' id='word_1_767' title='bbox 841 4973 1060 5044; x_wconf 89' lang='lat' dir='ltr'><strong>quibus</strong></span> <span class='ocrx_word' id='word_1_768' title='bbox 1077 4972 1267 5036; x_wconf 82' lang='lat' dir='ltr'><strong>Arius,</strong></span> <span class='ocrx_word' id='word_1_769' title='bbox 1301 4977 1744 5042; x_wconf 89' lang='lat' dir='ltr'><strong>sectatoresque</strong></span> <span class='ocrx_word' id='word_1_770' title='bbox 1761 4973 2167 5044; x_wconf 51' lang='lat' dir='ltr'><strong>ejusinaaquae</strong></span> 
     </span>
    </p>
   </div>
   <div class='ocr_carea' id='block_1_105' title="bbox 511 5043 2166 5116">
    <p class='ocr_par' dir='ltr' id='par_1_105' title="bbox 511 5043 2166 5116">
     <span class='ocr_line' id='line_1_106' title="bbox 511 5043 2166 5116; baseline -0.002 -14"><span class='ocrx_word' id='word_1_771' title='bbox 511 5047 628 5102; x_wconf 87' lang='lat' dir='ltr'><strong>lem</strong></span> <span class='ocrx_word' id='word_1_772' title='bbox 659 5047 810 5101; x_wconf 87' lang='lat' dir='ltr'><strong>Patri</strong></span> <span class='ocrx_word' id='word_1_773' title='bbox 839 5043 1044 5100; x_wconf 75' lang='lat' dir='ltr'><strong>Filium</strong></span> <span class='ocrx_word' id='word_1_774' title='bbox 1094 5060 1224 5099; x_wconf 90' lang='lat' dir='ltr'><strong>esse</strong></span> <span class='ocrx_word' id='word_1_775' title='bbox 1264 5049 1588 5098; x_wconf 86' lang='lat' dir='ltr'><strong>asserentes</strong></span> <span class='ocrx_word' id='word_1_776' title='bbox 1622 5059 1637 5116; x_wconf 66' lang='grc' dir='ltr'><strong>ς</strong></span> <span class='ocrx_word' id='word_1_777' title='bbox 1668 5047 1724 5098; x_wconf 92' lang='lat' dir='ltr'><strong>et</strong></span> <span class='ocrx_word' id='word_1_778' title='bbox 1753 5043 1962 5114; x_wconf 89' lang='lat' dir='ltr'><strong>reliqui</strong></span> <span class='ocrx_word' id='word_1_779' title='bbox 1997 5043 2166 5116; x_wconf 86' lang='lat' dir='ltr'><strong>impii</strong></span> 
     </span>
    </p>
   </div>
   <div class='ocr_carea' id='block_1_106' title="bbox 510 5115 2161 5186">
    <p class='ocr_par' dir='ltr' id='par_1_106' title="bbox 510 5115 2161 5186">
     <span class='ocr_line' id='line_1_107' title="bbox 510 5115 2161 5186; baseline -0.002 -12"><span class='ocrx_word' id='word_1_780' title='bbox 510 5117 767 5174; x_wconf 66' lang='lat' dir='ltr'><strong>haeretici</strong></span> <span class='ocrx_word' id='word_1_781' title='bbox 782 5117 1134 5186; x_wconf 86' lang='lat' dir='ltr'><strong>dogmatum</strong></span> <span class='ocrx_word' id='word_1_782' title='bbox 1158 5127 1405 5170; x_wconf 85' lang='lat' dir='ltr'><strong>suorum</strong></span> <span class='ocrx_word' id='word_1_783' title='bbox 1427 5115 1736 5170; x_wconf 91' lang='lat' dir='ltr'><strong>materiam</strong></span> <span class='ocrx_word' id='word_1_784' title='bbox 1757 5115 2161 5186; x_wconf 85' lang='lat' dir='ltr'><strong>sumpserunt.</strong></span> 
     </span>
    </p>
   </div>
   <div class='ocr_carea' id='block_1_107' title="bbox 511 5185 2168 5254">
    <p class='ocr_par' dir='ltr' id='par_1_107' title="bbox 511 5185 2168 5254">
     <span class='ocr_line' id='line_1_108' title="bbox 511 5185 2168 5254; baseline -0.002 -8"><span class='ocrx_word' id='word_1_785' title='bbox 511 5189 778 5246; x_wconf 88' lang='lat' dir='ltr'><strong>Proﬁteri</strong></span> <span class='ocrx_word' id='word_1_786' title='bbox 815 5185 974 5244; x_wconf 83' lang='lat' dir='ltr'><strong>enim</strong></span> <span class='ocrx_word' id='word_1_787' title='bbox 1028 5193 1114 5243; x_wconf 93' lang='lat' dir='ltr'><strong>est</strong></span> <span class='ocrx_word' id='word_1_788' title='bbox 1141 5203 1345 5250; x_wconf 88' lang='lat' dir='ltr'><strong>ausus,</strong></span> <span class='ocrx_word' id='word_1_789' title='bbox 1391 5187 1766 5254; x_wconf 84' lang='lat' dir='ltr'><strong>unigenitum</strong></span> <span class='ocrx_word' id='word_1_790' title='bbox 1805 5185 2012 5242; x_wconf 89' lang='lat' dir='ltr'><strong>Filium</strong></span> <span class='ocrx_word' id='word_1_791' title='bbox 2043 5203 2168 5242; x_wconf 82' lang='lat' dir='ltr'><strong>cer-</strong></span> 
     </span>
    </p>
   </div>
   <div class='ocr_carea' id='block_1_108' title="bbox 511 5257 2164 5330">
    <p class='ocr_par' dir='ltr' id='par_1_108' title="bbox 511 5257 2164 5330">
     <span class='ocr_line' id='line_1_109' title="bbox 511 5257 2164 5330; baseline -0.002 -12"><span class='ocrx_word' id='word_1_792' title='bbox 511 5279 648 5318; x_wconf 88' lang='lat' dir='ltr'><strong>nere</strong></span> <span class='ocrx_word' id='word_1_793' title='bbox 681 5265 910 5317; x_wconf 90' lang='lat' dir='ltr'><strong>Patrem</strong></span> <span class='ocrx_word' id='word_1_794' title='bbox 942 5274 1062 5314; x_wconf 90' lang='lat' dir='ltr'><strong>non</strong></span> <span class='ocrx_word' id='word_1_795' title='bbox 1107 5273 1308 5330; x_wconf 89' lang='lat' dir='ltr'><strong>posse,</strong></span> <span class='ocrx_word' id='word_1_796' title='bbox 1341 5273 1532 5330; x_wconf 90' lang='lat' dir='ltr'><strong>neque</strong></span> <span class='ocrx_word' id='word_1_797' title='bbox 1563 5257 1848 5330; x_wconf 83' lang='lat' dir='ltr'><strong>Spiritum</strong></span> <span class='ocrx_word' id='word_1_798' title='bbox 1872 5263 2164 5330; x_wconf 83' lang='lat' dir='ltr'><strong>sanctum</strong></span> 
     </span>
    </p>
   </div>
   <div class='ocr_carea' id='block_1_109' title="bbox 507 5328 2160 5405">
    <p class='ocr_par' dir='ltr' id='par_1_109' title="bbox 507 5328 2160 5405">
     <span class='ocr_line' id='line_1_110' title="bbox 507 5328 2160 5405; baseline -0.002 -17"><span class='ocrx_word' id='word_1_799' title='bbox 507 5333 706 5405; x_wconf 91' lang='lat' dir='ltr'><strong>ipsum</strong></span> <span class='ocrx_word' id='word_1_800' title='bbox 759 5333 964 5405; x_wconf 84' lang='lat' dir='ltr'><strong>Filium</strong></span> <span class='ocrx_word' id='word_1_801' title='bbox 1018 5348 1030 5386; x_wconf 94' lang='lat'>:</span> <span class='ocrx_word' id='word_1_802' title='bbox 1099 5328 1268 5405; x_wconf 77' lang='lat' dir='ltr'><strong>sicuti</strong></span> <span class='ocrx_word' id='word_1_803' title='bbox 1315 5328 1808 5405; x_wconf 80' lang='lat' dir='ltr'><strong>neque__a_ngelos</strong></span> <span class='ocrx_word' id='word_1_804' title='bbox 1857 5329 2160 5400; x_wconf 89' lang='lat' dir='ltr'><strong>Spiritum,</strong></span> 
     </span>
    </p>
   </div>
   <div class='ocr_carea' id='block_1_110' title="bbox 507 5399 2164 5478">
    <p class='ocr_par' dir='ltr' id='par_1_110' title="bbox 507 5399 2164 5478">
     <span class='ocr_line' id='line_1_111' title="bbox 507 5399 2164 5478; baseline -0.003 -17"><span class='ocrx_word' id='word_1_805' title='bbox 507 5399 702 5478; x_wconf 80' lang='lat' dir='ltr'><strong>neque</strong></span> <span class='ocrx_word' id='word_1_806' title='bbox 749 5404 1037 5478; x_wconf 80' lang='lat' dir='ltr'><strong>homines</strong></span> <span class='ocrx_word' id='word_1_807' title='bbox 1082 5403 1348 5478; x_wconf 84' lang='lat' dir='ltr'><strong>angelos.</strong></span> <span class='ocrx_word' id='word_1_808' title='bbox 1383 5399 1445 5478; x_wconf 83' lang='lat' dir='ltr'><strong>Et</strong></span> <span class='ocrx_word' id='word_1_809' title='bbox 1503 5399 1709 5457; x_wconf 85' lang='lat' dir='ltr'><strong>Filium</strong></span> <span class='ocrx_word' id='word_1_810' title='bbox 1749 5417 1870 5456; x_wconf 89' lang='lat' dir='ltr'><strong>non</strong></span> <span class='ocrx_word' id='word_1_811' title='bbox 1900 5399 2048 5456; x_wconf 77' lang='lat' dir='ltr'><strong>esse</strong></span> <span class='ocrx_word' id='word_1_812' title='bbox 2090 5399 2164 5478; x_wconf 82' lang='lat' dir='ltr'><strong>ex</strong></span> 
     </span>
    </p>
   </div>
   <div class='ocr_carea' id='block_1_111' title="bbox 510 5473 2164 5544">
    <p class='ocr_par' dir='ltr' id='par_1_111' title="bbox 510 5473 2164 5544">
     <span class='ocr_line' id='line_1_112' title="bbox 510 5473 2164 5544; baseline -0.002 -13"><span class='ocrx_word' id='word_1_813' title='bbox 510 5473 850 5534; x_wconf 78' lang='lat' dir='ltr'><strong>substantia</strong></span> <span class='ocrx_word' id='word_1_814' title='bbox 891 5475 1094 5538; x_wconf 88' lang='lat' dir='ltr'><strong>Patris,</strong></span> <span class='ocrx_word' id='word_1_815' title='bbox 1139 5475 1242 5528; x_wconf 88' lang='lat' dir='ltr'><strong>sed</strong></span> <span class='ocrx_word' id='word_1_816' title='bbox 1278 5477 1614 5528; x_wconf 84' lang='lat' dir='ltr'><strong>creaturam</strong></span> <span class='ocrx_word' id='word_1_817' title='bbox 1649 5487 1942 5544; x_wconf 87' lang='lat' dir='ltr'><strong>;eumque</strong></span> <span class='ocrx_word' id='word_1_818' title='bbox 1973 5473 2164 5542; x_wconf 87' lang='lat' dir='ltr'><strong>gratia</strong></span> 
     </span>
    </p>
   </div>
   <div class='ocr_carea' id='block_1_112' title="bbox 507 5543 2164 5614">
    <p class='ocr_par' dir='ltr' id='par_1_112' title="bbox 507 5543 2164 5614">
     <span class='ocr_line' id='line_1_113' title="bbox 507 5543 2164 5614; baseline -0.002 -10"><span class='ocrx_word' id='word_1_819' title='bbox 507 5555 738 5604; x_wconf 88' lang='lat' dir='ltr'><strong>tantum</strong></span> <span class='ocrx_word' id='word_1_820' title='bbox 759 5548 950 5602; x_wconf 91' lang='lat' dir='ltr'><strong>ﬁlium</strong></span> <span class='ocrx_word' id='word_1_821' title='bbox 981 5547 1116 5610; x_wconf 91' lang='lat' dir='ltr'><strong>dici,</strong></span> <span class='ocrx_word' id='word_1_822' title='bbox 1149 5551 1206 5600; x_wconf 91' lang='lat' dir='ltr'><strong>et</strong></span> <span class='ocrx_word' id='word_1_823' title='bbox 1251 5545 1488 5600; x_wconf 89' lang='lat' dir='ltr'><strong>animas</strong></span> <span class='ocrx_word' id='word_1_824' title='bbox 1537 5543 1861 5614; x_wconf 82' lang='lat' dir='ltr'><strong>hominum</strong></span> <span class='ocrx_word' id='word_1_825' title='bbox 1888 5545 2164 5614; x_wconf 83' lang='lat' dir='ltr'><strong>praeexsi-</strong></span> 
     </span>
    </p>
   </div>
   <div class='ocr_carea' id='block_1_113' title="bbox 506 5613 2163 5696">
    <p class='ocr_par' dir='ltr' id='par_1_113' title="bbox 506 5613 2163 5696">
     <span class='ocr_line' id='line_1_114' title="bbox 506 5613 2163 5696; baseline -0.007 -14"><span class='ocrx_word' id='word_1_826' title='bbox 506 5627 676 5684; x_wconf 66' lang='lat' dir='ltr'><strong>atere.</strong></span> <span class='ocrx_word' id='word_1_827' title='bbox 719 5623 910 5696; x_wconf 83' lang='lat' dir='ltr'><strong>Atque</strong></span> <span class='ocrx_word' id='word_1_828' title='bbox 926 5617 1044 5674; x_wconf 83' lang='lat' dir='ltr'><strong>alia</strong></span> <span class='ocrx_word' id='word_1_829' title='bbox 1072 5617 1214 5674; x_wconf 90' lang='lat' dir='ltr'><strong>item</strong></span> <span class='ocrx_word' id='word_1_830' title='bbox 1237 5614 1526 5684; x_wconf 87' lang='lat' dir='ltr'><strong>absurda,</strong></span> <span class='ocrx_word' id='word_1_831' title='bbox 1561 5613 1938 5688; x_wconf 81' lang='lat' dir='ltr'><strong>blasphema,</strong></span> <span class='ocrx_word' id='word_1_832' title='bbox 1973 5619 2029 5673; x_wconf 90' lang='lat' dir='ltr'><strong>et</strong></span> <span class='ocrx_word' id='word_1_833' title='bbox 2055 5615 2163 5672; x_wconf 88' lang='lat' dir='ltr'><strong>im-</strong></span> 
     </span>
    </p>
   </div>
   <div class='ocr_carea' id='block_1_114' title="bbox 2279 4549 3880 4627">
    <p class='ocr_par' dir='ltr' id='par_1_114' title="bbox 2279 4549 3880 4627">
     <span class='ocr_line' id='line_1_115' title="bbox 2279 4549 3880 4627; baseline 0.009 -26"><span class='ocrx_word' id='word_1_834' title='bbox 2279 4549 2338 4627; x_wconf 79' lang='lat' dir='ltr'><strong>i_n</strong></span> <span class='ocrx_word' id='word_1_835' title='bbox 2376 4555 2528 4627; x_wconf 73' lang='lat' dir='ltr'><strong>terra</strong></span> <span class='ocrx_word' id='word_1_836' title='bbox 2555 4549 2865 4627; x_wconf 79' lang='lat' dir='ltr'><strong>deorsum.</strong></span> <span class='ocrx_word' id='word_1_837' title='bbox 2891 4549 3147 4627; x_wconf 73' lang='lat' dir='ltr'><strong>Proinde</strong></span> <span class='ocrx_word' id='word_1_838' title='bbox 3178 4554 3364 4610; x_wconf 84' lang='lat' dir='ltr'><strong>verba</strong></span> <span class='ocrx_word' id='word_1_839' title='bbox 3383 4559 3496 4627; x_wconf 83' lang='lat' dir='ltr'><strong>tua</strong></span> <span class='ocrx_word' id='word_1_840' title='bbox 3517 4549 3718 4627; x_wconf 75' lang='lat' dir='ltr'><strong>pauca</strong></span> <span class='ocrx_word' id='word_1_841' title='bbox 3749 4559 3880 4616; x_wconf 85' lang='lat' dir='ltr'><strong>sint.</strong></span> 
     </span>
    </p>
   </div>
   <div class='ocr_carea' id='block_1_115' title="bbox 2283 4618 3882 4694">
    <p class='ocr_par' dir='ltr' id='par_1_115' title="bbox 2283 4618 3882 4694">
     <span class='ocr_line' id='line_1_116' title="bbox 2283 4618 3882 4694; baseline 0.008 -21"><span class='ocrx_word' id='word_1_842' title='bbox 2283 4618 2457 4694; x_wconf 72' lang='lat' dir='ltr'><strong>Multa</strong></span> <span class='ocrx_word' id='word_1_843' title='bbox 2474 4621 2630 4694; x_wconf 84' lang='lat' dir='ltr'><strong>enim</strong></span> <span class='ocrx_word' id='word_1_844' title='bbox 2647 4619 3242 4694; x_wconf 86' lang='lat' dir='ltr'><strong>verbamultiplicant</strong></span> <span class='ocrx_word' id='word_1_845' title='bbox 3259 4618 3742 4684; x_wconf 75' lang='lat' dir='ltr'><strong>vanitatein.Noli</strong></span> <span class='ocrx_word' id='word_1_846' title='bbox 3756 4645 3882 4686; x_wconf 78' lang='lat' dir='ltr'><strong>esse</strong></span> 
     </span>
    </p>
   </div>
   <div class='ocr_carea' id='block_1_116' title="bbox 2279 4691 3878 4770">
    <p class='ocr_par' dir='ltr' id='par_1_116' title="bbox 2279 4691 3878 4770">
     <span class='ocr_line' id='line_1_117' title="bbox 2279 4691 3878 4770; baseline 0.005 -26"><span class='ocrx_word' id='word_1_847' title='bbox 2279 4691 2475 4770; x_wconf 73' lang='lat' dir='ltr'><strong>justus</strong></span> <span class='ocrx_word' id='word_1_848' title='bbox 2497 4708 2554 4745; x_wconf 92' lang='lat' dir='ltr'><strong>m</strong></span> <span class='ocrx_word' id='word_1_849' title='bbox 2567 4691 2788 4770; x_wconf 61' lang='lat' dir='ltr'><strong>ultum,</strong></span> <span class='ocrx_word' id='word_1_850' title='bbox 2805 4709 2914 4748; x_wconf 90' lang='lat' dir='ltr'><strong>nec</strong></span> <span class='ocrx_word' id='word_1_851' title='bbox 2935 4691 3070 4770; x_wconf 74' lang='lat' dir='ltr'><strong>plus</strong></span> <span class='ocrx_word' id='word_1_852' title='bbox 3087 4697 3303 4770; x_wconf 75' lang='lat' dir='ltr'><strong>sapias</strong></span> <span class='ocrx_word' id='word_1_853' title='bbox 3307 4713 3490 4770; x_wconf 90' lang='lat' dir='ltr'><strong>quam</strong></span> <span class='ocrx_word' id='word_1_854' title='bbox 3519 4715 3766 4756; x_wconf 81' lang='lat' dir='ltr'><strong>necesse</strong></span> <span class='ocrx_word' id='word_1_855' title='bbox 3781 4709 3878 4756; x_wconf 84' lang='lat' dir='ltr'><strong>est.</strong></span> 
     </span>
    </p>
   </div>
   <div class='ocr_carea' id='block_1_117' title="bbox 2280 4763 3878 4838">
    <p class='ocr_par' dir='ltr' id='par_1_117' title="bbox 2280 4763 3878 4838">
     <span class='ocr_line' id='line_1_118' title="bbox 2280 4763 3878 4838; baseline 0.008 -23"><span class='ocrx_word' id='word_1_856' title='bbox 2280 4763 2498 4838; x_wconf 55' lang='lat' dir='ltr'><strong>{ustus</strong></span> <span class='ocrx_word' id='word_1_857' title='bbox 2521 4763 2682 4818; x_wconf 90' lang='lat' dir='ltr'><strong>enim</strong></span> <span class='ocrx_word' id='word_1_858' title='bbox 2729 4763 2983 4838; x_wconf 79' lang='lat' dir='ltr'><strong>disperit</strong></span> <span class='ocrx_word' id='word_1_859' title='bbox 3017 4768 3076 4821; x_wconf 90' lang='lat' dir='ltr'><strong>in</strong></span> <span class='ocrx_word' id='word_1_860' title='bbox 3119 4763 3544 4838; x_wconf 78' lang='lat' dir='ltr'><strong>justiﬁéatione</strong></span> <span class='ocrx_word' id='word_1_861' title='bbox 3571 4787 3704 4826; x_wconf 83' lang='lat' dir='ltr'><strong>sua.</strong></span> <span class='ocrx_word' id='word_1_862' title='bbox 3739 4795 3770 4824; x_wconf 71' lang='grc' dir='ltr'><strong>υ</strong></span> <span class='ocrx_word' id='word_1_863' title='bbox 3801 4773 3878 4828; x_wconf 79' lang='lat' dir='ltr'><strong>Ab</strong></span> 
     </span>
    </p>
   </div>
   <div class='ocr_carea' id='block_1_118' title="bbox 2283 4833 3876 4910">
    <p class='ocr_par' dir='ltr' id='par_1_118' title="bbox 2283 4833 3876 4910">
     <span class='ocr_line' id='line_1_119' title="bbox 2283 4833 3876 4910; baseline 0.008 -23"><span class='ocrx_word' id='word_1_864' title='bbox 2283 4833 2551 4910; x_wconf 62' lang='lat' dir='ltr'><strong>Ecclesia</strong></span> <span class='ocrx_word' id='word_1_865' title='bbox 2572 4849 2747 4910; x_wconf 88' lang='lat' dir='ltr'><strong>porro</strong></span> <span class='ocrx_word' id='word_1_866' title='bbox 2763 4833 3157 4910; x_wconf 49' lang='lat' dir='ltr'><strong>proscriptus,</strong></span> <span class='ocrx_word' id='word_1_867' title='bbox 3170 4841 3596 4897; x_wconf 88' lang='lat' dir='ltr'><strong>contumeliam</strong></span> <span class='ocrx_word' id='word_1_868' title='bbox 3611 4859 3750 4898; x_wconf 89' lang='lat' dir='ltr'><strong>eam</strong></span> <span class='ocrx_word' id='word_1_869' title='bbox 3767 4859 3876 4899; x_wconf 89' lang='lat' dir='ltr'><strong>non</strong></span> 
     </span>
    </p>
   </div>
   <div class='ocr_carea' id='block_1_119' title="bbox 2281 4849 3878 4986">
    <p class='ocr_par' dir='ltr' id='par_1_119' title="bbox 2281 4849 3878 4986">
     <span class='ocr_line' id='line_1_120' title="bbox 2283 4849 3876 4960; baseline 0.007 -72"><span class='ocrx_word' id='word_1_870' title='bbox 2283 4849 2541 4888; x_wconf 70' lang='lat' dir='ltr'><strong>uccresna</strong></span> <span class='ocrx_word' id='word_1_871' title='bbox 2572 4849 3152 4960; x_wconf 49' lang='lat' dir='ltr'><strong>porrogroscriptus,</strong></span> <span class='ocrx_word' id='word_1_872' title='bbox 3170 4849 3596 4897; x_wconf 79' lang='lat' dir='ltr'><strong>contumeliam</strong></span> <span class='ocrx_word' id='word_1_873' title='bbox 3611 4859 3750 4898; x_wconf 90' lang='lat' dir='ltr'><strong>eam</strong></span> <span class='ocrx_word' id='word_1_874' title='bbox 3767 4859 3876 4899; x_wconf 89' lang='lat' dir='ltr'><strong>non</strong></span> 
     </span>
     <span class='ocr_line' id='line_1_121' title="bbox 2281 4903 3878 4986; baseline 0.008 -29"><span class='ocrx_word' id='word_1_875' title='bbox 2281 4903 2748 4986; x_wconf 39' lang='lat' dir='ltr'><strong>{creuaéexan</strong></span> <span class='ocrx_word' id='word_1_876' title='bbox 2775 4906 2885 4986; x_wconf 84' lang='lat' dir='ltr'><strong>_ria</strong></span> <span class='ocrx_word' id='word_1_877' title='bbox 2910 4909 3114 4966; x_wconf 87' lang='lat' dir='ltr'><strong>relicta</strong></span> <span class='ocrx_word' id='word_1_878' title='bbox 3147 4909 3208 4966; x_wconf 92' lang='lat' dir='ltr'><strong>in</strong></span> <span class='ocrx_word' id='word_1_879' title='bbox 3245 4910 3531 4986; x_wconf 61' lang='lat' dir='ltr'><strong>Judmam</strong></span> <span class='ocrx_word' id='word_1_880' title='bbox 3547 4919 3638 4968; x_wconf 89' lang='lat' dir='ltr'><strong>est</strong></span> <span class='ocrx_word' id='word_1_881' title='bbox 3665 4915 3878 4986; x_wconf 78' lang='lat' dir='ltr'><strong>pmic-</strong></span> 
     </span>
    </p>
   </div>
   <div class='ocr_carea' id='block_1_120' title="bbox 2279 4977 3874 5057">
    <p class='ocr_par' dir='ltr' id='par_1_120' title="bbox 2279 4977 3874 5057">
     <span class='ocr_line' id='line_1_122' title="bbox 2279 4977 3874 5057; baseline 0.008 -27"><span class='ocrx_word' id='word_1_882' title='bbox 2279 4981 2427 5057; x_wconf 84' lang='lat' dir='ltr'><strong>ctus_.</strong></span> <span class='ocrx_word' id='word_1_883' title='bbox 2455 4977 3002 5057; x_wconf 63' lang='lat' dir='ltr'><strong>Etljlierosolymam</strong></span> <span class='ocrx_word' id='word_1_884' title='bbox 3021 4996 3160 5057; x_wconf 85' lang='lat' dir='ltr'><strong>cum</strong></span> <span class='ocrx_word' id='word_1_885' title='bbox 3182 4983 3455 5057; x_wconf 77' lang='lat' dir='ltr'><strong>venisset,</strong></span> <span class='ocrx_word' id='word_1_886' title='bbox 3477 4977 3784 5042; x_wconf 85' lang='lat' dir='ltr'><strong>abordine</strong></span> <span class='ocrx_word' id='word_1_887' title='bbox 3797 5003 3874 5041; x_wconf 83' lang='lat' dir='ltr'><strong>sa-</strong></span> 
     </span>
    </p>
   </div>
   <div class='ocr_carea' id='block_1_121' title="bbox 2277 5047 3870 5120">
    <p class='ocr_par' dir='ltr' id='par_1_121' title="bbox 2277 5047 3870 5120">
     <span class='ocr_line' id='line_1_123' title="bbox 2277 5047 3870 5120; baseline 0.007 -18"><span class='ocrx_word' id='word_1_888' title='bbox 2277 5047 2595 5120; x_wconf 86' lang='lat' dir='ltr'><strong>cerdotali,</strong></span> <span class='ocrx_word' id='word_1_889' title='bbox 2615 5052 2678 5102; x_wconf 88' lang='lat' dir='ltr'><strong>ut</strong></span> <span class='ocrx_word' id='word_1_890' title='bbox 2701 5047 2880 5106; x_wconf 74' lang='lat' dir='ltr'><strong>verba</strong></span> <span class='ocrx_word' id='word_1_891' title='bbox 2911 5051 2970 5106; x_wconf 88' lang='lat' dir='ltr'><strong>in</strong></span> <span class='ocrx_word' id='word_1_892' title='bbox 3001 5053 3257 5109; x_wconf 87' lang='lat' dir='ltr'><strong>ecclesia</strong></span> <span class='ocrx_word' id='word_1_893' title='bbox 3285 5047 3506 5111; x_wconf 82' lang='lat' dir='ltr'><strong>faceret</strong></span> <span class='ocrx_word' id='word_1_894' title='bbox 3525 5057 3682 5120; x_wconf 85' lang='lat' dir='ltr'><strong>(erat</strong></span> <span class='ocrx_word' id='word_1_895' title='bbox 3721 5059 3870 5113; x_wconf 87' lang='lat' dir='ltr'><strong>enim</strong></span> 
     </span>
    </p>
   </div>
   <div class='ocr_carea' id='block_1_122' title="bbox 2275 5119 3868 5199">
    <p class='ocr_par' dir='ltr' id='par_1_122' title="bbox 2275 5119 3868 5199">
     <span class='ocr_line' id='line_1_124' title="bbox 2275 5119 3868 5199; baseline 0.007 -28"><span class='ocrx_word' id='word_1_896' title='bbox 2275 5119 2608 5199; x_wconf 73' lang='lat' dir='ltr'><strong>presbyter)</strong></span> <span class='ocrx_word' id='word_1_897' title='bbox 2621 5123 3034 5199; x_wconf 77' lang='lat' dir='ltr'><strong>_roga_tus_p_rim</strong></span> <span class='ocrx_word' id='word_1_898' title='bbox 3045 5141 3141 5178; x_wconf 92' lang='lat' dir='ltr'><strong>um</strong></span> <span class='ocrx_word' id='word_1_899' title='bbox 3153 5165 3166 5190; x_wconf 92' lang='lat'><strong>,</strong></span> <span class='ocrx_word' id='word_1_900' title='bbox 3181 5125 3396 5180; x_wconf 88' lang='lat' dir='ltr'><strong>deinde</strong></span> <span class='ocrx_word' id='word_1_901' title='bbox 3414 5119 3596 5182; x_wconf 87' lang='lat' dir='ltr'><strong>etiam</strong></span> <span class='ocrx_word' id='word_1_902' title='bbox 3611 5137 3868 5194; x_wconf 85' lang='lat' dir='ltr'><strong>coactus,</strong></span> 
     </span>
    </p>
   </div>
   <div class='ocr_carea' id='block_1_123' title="bbox 2277 5191 3870 5270">
    <p class='ocr_par' dir='ltr' id='par_1_123' title="bbox 2277 5191 3870 5270">
     <span class='ocr_line' id='line_1_125' title="bbox 2277 5191 3870 5270; baseline 0.007 -27"><span class='ocrx_word' id='word_1_903' title='bbox 2277 5191 2552 5270; x_wconf 73' lang='lat' dir='ltr'><strong>surrexit,</strong></span> <span class='ocrx_word' id='word_1_904' title='bbox 2581 5196 2637 5270; x_wconf 74' lang='lat' dir='ltr'><strong>et</strong></span> <span class='ocrx_word' id='word_1_905' title='bbox 2670 5191 2850 5270; x_wconf 81' lang='lat' dir='ltr'><strong>ver_ba</strong></span> <span class='ocrx_word' id='word_1_906' title='bbox 2877 5191 2981 5270; x_wconf 69' lang='lat' dir='ltr'><strong>illa</strong></span> <span class='ocrx_word' id='word_1_907' title='bbox 3011 5201 3236 5270; x_wconf 83' lang='lat' dir='ltr'><strong>tantum</strong></span> <span class='ocrx_word' id='word_1_908' title='bbox 3264 5199 3532 5254; x_wconf 84' lang='lat' dir='ltr'><strong>recitavit</strong></span> <span class='ocrx_word' id='word_1_909' title='bbox 3561 5215 3632 5270; x_wconf 12' lang='lat'><strong>:7:</strong></span> <span class='ocrx_word' id='word_1_910' title='bbox 3671 5191 3870 5256; x_wconf 60' lang='lat' dir='ltr'><strong>Neceaé</strong></span> 
     </span>
    </p>
   </div>
   <div class='ocr_carea' id='block_1_124' title="bbox 2277 5261 3866 5342">
    <p class='ocr_par' dir='ltr' id='par_1_124' title="bbox 2277 5261 3866 5342">
     <span class='ocr_line' id='line_1_126' title="bbox 2277 5261 3866 5342; baseline 0.008 -28"><span class='ocrx_word' id='word_1_911' title='bbox 2277 5261 2554 5342; x_wconf 33' lang='lat' dir='ltr'><strong>tori‘vero</strong></span> <span class='ocrx_word' id='word_1_912' title='bbox 2581 5261 2724 5317; x_wconf 83' lang='lat' dir='ltr'><strong>dixit</strong></span> <span class='ocrx_word' id='word_1_913' title='bbox 2752 5263 2927 5332; x_wconf 89' lang='lat' dir='ltr'><strong>Deus,</strong></span> <span class='ocrx_word' id='word_1_914' title='bbox 2949 5267 3244 5331; x_wconf 88' lang='lat' dir='ltr'><strong>Quidnam</strong></span> <span class='ocrx_word' id='word_1_915' title='bbox 3273 5275 3330 5322; x_wconf 90' lang='lat' dir='ltr'><strong>tu</strong></span> <span class='ocrx_word' id='word_1_916' title='bbox 3349 5269 3682 5326; x_wconf 84' lang='lat' dir='ltr'><strong>annuntias</strong></span> <span class='ocrx_word' id='word_1_917' title='bbox 3707 5271 3866 5342; x_wconf 84' lang='lat' dir='ltr'><strong>justi-</strong></span> 
     </span>
    </p>
   </div>
   <div class='ocr_carea' id='block_1_125' title="bbox 2273 5331 3864 5409">
    <p class='ocr_par' dir='ltr' id='par_1_125' title="bbox 2273 5331 3864 5409">
     <span class='ocr_line' id='line_1_127' title="bbox 2273 5331 3864 5409; baseline 0.006 -23"><span class='ocrx_word' id='word_1_918' title='bbox 2273 5331 2580 5409; x_wconf 74' lang='lat' dir='ltr'><strong>ﬁcationes</strong></span> <span class='ocrx_word' id='word_1_919' title='bbox 2605 5349 2794 5409; x_wconf 70' lang='lat' dir='ltr'><strong>meas,</strong></span> <span class='ocrx_word' id='word_1_920' title='bbox 2819 5343 2874 5390; x_wconf 86' lang='lat' dir='ltr'><strong>et.</strong></span> <span class='ocrx_word' id='word_1_921' title='bbox 2895 5331 3152 5409; x_wconf 86' lang='lat' dir='ltr'><strong>usurpas</strong></span> <span class='ocrx_word' id='word_1_922' title='bbox 3169 5344 3582 5398; x_wconf 83' lang='lat' dir='ltr'><strong>testamentum</strong></span> <span class='ocrx_word' id='word_1_923' title='bbox 3597 5331 3864 5399; x_wconf 70' lang='lat' dir='ltr'><strong>meﬁmiu</strong></span> 
     </span>
    </p>
   </div>
   <div class='ocr_carea' id='block_1_126' title="bbox 2273 5403 3866 5486">
    <p class='ocr_par' dir='ltr' id='par_1_126' title="bbox 2273 5403 3866 5486">
     <span class='ocr_line' id='line_1_128' title="bbox 2273 5403 3866 5486; baseline 0.006 -28"><span class='ocrx_word' id='word_1_924' title='bbox 2273 5409 2482 5486; x_wconf 33' lang='lat' dir='ltr'><strong>ore‘tu-o</strong></span> <span class='ocrx_word' id='word_1_925' title='bbox 2512 5403 2540 5460; x_wconf 67' lang='grc' dir='ltr'><em>Ἰ</em></span> <span class='ocrx_word' id='word_1_926' title='bbox 2562 5423 2589 5456; x_wconf 85' lang='grc'><strong>››</strong></span> <span class='ocrx_word' id='word_1_927' title='bbox 2623 5403 2914 5486; x_wconf 54' lang='lat' dir='ltr'><strong>bibroque</strong></span> <span class='ocrx_word' id='word_1_928' title='bbox 2935 5403 3318 5486; x_wconf 71' lang='lat' dir='ltr'><strong>complicato,</strong></span> <span class='ocrx_word' id='word_1_929' title='bbox 3346 5427 3486 5468; x_wconf 88' lang='lat' dir='ltr'><strong>cum</strong></span> <span class='ocrx_word' id='word_1_930' title='bbox 3505 5411 3798 5486; x_wconf 82' lang='lat' dir='ltr'><strong>lacrymis</strong></span> <span class='ocrx_word' id='word_1_931' title='bbox 3817 5417 3866 5468; x_wconf 88' lang='lat' dir='ltr'><strong>et</strong></span> 
     </span>
    </p>
   </div>
   <div class='ocr_carea' id='block_1_127' title="bbox 2274 5474 3862 5557">
    <p class='ocr_par' dir='ltr' id='par_1_127' title="bbox 2274 5474 3862 5557">
     <span class='ocr_line' id='line_1_129' title="bbox 2274 5474 3862 5557; baseline 0.006 -27"><span class='ocrx_word' id='word_1_932' title='bbox 2274 5474 2498 5557; x_wconf 67' lang='lat' dir='ltr'><strong>ejulatu</strong></span> <span class='ocrx_word' id='word_1_933' title='bbox 2520 5475 2708 5557; x_wconf 63' lang='lat' dir='ltr'><strong>multo</strong></span> <span class='ocrx_word' id='word_1_934' title='bbox 2725 5474 3019 5557; x_wconf 75' lang='lat' dir='ltr'><strong>consedit,</strong></span> <span class='ocrx_word' id='word_1_935' title='bbox 3038 5474 3464 5557; x_wconf 66' lang='lat' dir='ltr'><strong>omnibusque.</strong></span> <span class='ocrx_word' id='word_1_936' title='bbox 3489 5474 3728 5557; x_wconf 61' lang='lat' dir='ltr'><strong>cum&#39;eo</strong></span> <span class='ocrx_word' id='word_1_937' title='bbox 3747 5485 3862 5557; x_wconf 86' lang='lat' dir='ltr'><strong>plo-</strong></span> 
     </span>
    </p>
   </div>
   <div class='ocr_carea' id='block_1_128' title="bbox 2273 5547 3606 5626">
    <p class='ocr_par' dir='ltr' id='par_1_128' title="bbox 2273 5547 3606 5626">
     <span class='ocr_line' id='line_1_130' title="bbox 2273 5547 3606 5626; baseline 0.008 -24"><span class='ocrx_word' id='word_1_938' title='bbox 2273 5547 2566 5605; x_wconf 85' lang='lat' dir='ltr'><strong>rantibus.</strong></span> <span class='ocrx_word' id='word_1_939' title='bbox 2601 5547 2878 5621; x_wconf 88' lang='lat' dir='ltr'><strong>Sepultus</strong></span> <span class='ocrx_word' id='word_1_940' title='bbox 2901 5547 3228 5612; x_wconf 35' lang='lat' dir='ltr'><strong>est&#39;autem</strong></span> <span class='ocrx_word' id='word_1_941' title='bbox 3257 5555 3406 5626; x_wconf 82' lang='lat' dir='ltr'><strong>Tyri.</strong></span> <span class='ocrx_word' id='word_1_942' title='bbox 3437 5555 3606 5614; x_wconf 91' lang='lat' dir='ltr'><strong>Suid.</strong></span> 
     </span>
    </p>
   </div>
  </div>
