4040 6224
195 321 334 376 1133
381 307 387 314 ’

1261 321 1840 382 ECCLESIASTICJE
1877 323 2239 382 HISTORIE
2275 326 2412 384 LIB.
2453 327 2543 382 VI.

3418 331 3550 387 1134

190 448 420 505 ὁπηνίκα
469 467 670 520 κοσμου
727 451 816 521 μὲν
868 451 982 511 ἔτος
1037 447 1227 521 νεψξγς
1279 449 1380 503 ἀπὸ
1434 448 1493 504 δὲ
1553 459 1648 512 τῆς
1706 459 1839 508 τοῦε

1920 453 2100 510 Severi
2140 469 2302 510 anno
2344 454 2582 526 incepit,
2619 454 2753 509 ﬁnis
2793 458 2995 511 autem
3045 455 3104 510 in
3153 455 3446 512 Valeriani
3496 461 3557 514 et

193 542 390 608 Κυρίου
461 539 600 600 θείας
664 543 946 610 γεννήσεως
1009 535 1378 593 διακοσιοστὸν
1447 545 1794 601 πεντηκοστὸν

190 628 250 697 ὄγ
258 623 379 679 δοον
410 625 719 701 ἐπεραίνετο.

1905 543 2126 599 Galieni
2159 542 2476 615 imperium
2504 543 2746 599 incidit:
2780 559 2941 599 anno
2973 561 3008 600 a
3039 545 3268 600 mundo
3312 546 3555 604 condito

1903 631 2226 704 quinquies
2266 631 2582 688 millesimo
2610 633 3140 703 septingentesimo
3171 635 3554 704 sexagesimo

1905 721 2072 778 tertio
2125 720 2222 793 (t),
2273 737 2310 777 a
2349 721 2654 777 nativitate
2690 736 2833 778 vero
2877 720 3090 778 Christi
3141 722 3552 783 ducentesimo

1865 872 1874 882 .
1903 810 2407 883 quinquagesimo
2437 814 2667 867 octavo.

3263 1015 3552 1031 _

910 1259 1835 1380 ΝΙΚΗΦΟΡΟΥ
1910 1255 2806 1380 ΚΑΔΛΙΣΤΟΥ

1419 1529 1430 1542 ,
1540 1487 1671 1534 ΤΟΥ
1705 1481 2213 1535 ΞΔΝΘΟΠΟΥΛΟΥ

804 1650 2161 1740 ΕΚΚΑΗΣΙΑΣΤΙΚΗΣ
2238 1649 2944 1739 ΙΣΤΟΡΙΑΣ

1620 1813 2158 1898 ΤΟΜΟΣςῆ

1097 2121 1899 2247 NICEPHORI
1990 2127 2161 2246 CA
2186 2127 2640 2248 LLISTI

1621 2365 2125 2428 XANTHOPULI

1181 2559 1985 2655 ECCLESIASTICIE
2039 2561 2534 2652 HISTOBUE

1711 2763 2014 2863 TOMUS
2059 2764 2149 2863 Vl

823 3139 1064 3190 ΚΕΦΑΛ.
1102 3131 1182 3190 Α¹.

203 3239 658 3317 ιΙροδιήγησις
710 3245 1078 3317 τοῦ-τόμον
1143 3239 1550 3314 ἂφηγουμένη
1605 3236 1803 3310 ἀδια-

853 3312 1152 3373 λήψεται.

275 3421 334 3475 '0
385 3425 476 3495 μὶν
528 3418 596 3482 δὴ
655 3426 890 3496 πέμπτος
945 3424 1070 3495 ἡμῖν
1127 3421 1318 3494 τόμων,
1374 3418 1430 3472 ἐκ
1469 3428 1570 3472 τῶν
1601 3421 1804 3494 Ὠριγέ-

204 3531 323 3572 νους
382 3516 472 3565 καὶ
526 3518 637 3574 τοῖς
671 3516 791 3585 περὶ
847 3511 1000 3564 αὐτὸν
1055 3513 1346 3583 γενομένοις
1383 3518 1455 3580 τῷ
1515 3509 1630 3562 κατ’
1678 3509 1804 3562 ἐκεῖ·

204 3621 288 3655 νον
311 3605 488 3675 χρόνῳ
540 3604 637 3665 τὰς
690 3600 812 3663 ὕλας
863 3609 957 3662 τῆς
1016 3600 1251 3673 ἱστορίας
1281 3601 1458 3660 ἱκανὰς
1486 3603 1800 3673 παρασχὼν,

206 3701 279 3764 τῷ
312 3695 504 3745 ἐκείνου
559 3690 690 3744 τέλει
741 3694 832 3746 καὶ
885 3690 1036 3751 αὐτὸς
1086 3688 1370 3760 καταλήγει
1398 3705 1412 3718 ·
1481 3692 1568 3740 τὸν
1622 3685 1672 3740 δ’
1721 3691 1806 3740 ἔκ-

204 3802 292 3836 τον
331 3801 422 3853 μοι
474 3777 542 3839 δὴ
594 3787 796 3850 τοῦτον,
827 3781 854 3834 ὀ
909 3785 1068 3854 μέγας
1117 3787 1213 3841 τῆς
1265 3773 1656 3852 Ἀλεξανδρείας
1690 3776 1804 3829 ἐπί-

208 3889 407 3933 σκοπος
462 3872 749 3936 Διονύσιος,
807 3868 882 3922 δι’
937 3868 1004 3922 ὧν
1058 3866 1392 3920 καταλέλοιπε
1455 3867 1807 3939 συγγραμμά-

202 3981 325 4027 των,
378 3960 506 4024 ὕλας
559 3959 879 4034 ὄιποχρὼσας
929 3965 993 4030 τῇ
1049 3956 1178 4030 μετὰ
1234 3963 1422 4027 χεῖρας
1471 3958 1808 4030 πραγματείᾳ

208 4047 444 4122 δαψιλῶς
498 4051 856 4125 χορηγούσας,
909 4053 1026 4110 ταῖς
1083 4043 1243 4106 ἰδίαις
1293 4048 1665 4102 συνεκπονήσει
1708 4065 1808 4116 φω-

207 4146 342 4201 ναῖς.
399 4145 561 4192 Δὼσει
603 4145 877 4214 τοιγαροῦν
933 4139 1000 4189 τὰ
1051 4137 1183 4208 μετὰ
1221 4138 1310 4187 τὸν
1363 4129 1596 4206 διωμγὸν
1645 4137 1808 4192 Σευή-

208 4249 326 4303 ρου,
377 4228 670 4301 Μαξιμίνου
707 4246 761 4279 τε
812 4230 902 4278 καὶ
954 4228 1133 4278 Δεκίου
1186 4226 1495 4296 γεγενημένα
1525 4239 1538 4253 ·
1600 4223 1710 4275 ὃθεν
1755 4240 1810 4275 τι

207 4324 300 4373 καὶ
342 4324 578 4380 Ναυᾶτος
640 4315 940 4392 ἀρξάμενος,
998 4320 1183 4373 καινῆς
1215 4314 1465 4388 αἱρέσεως
1510 4319 1609 4364 τῶν
1643 4314 1810 4365 Καθα-

208 4416 314 4484 ρῶν
367 4406 608 4481 ἀρχηγὸν
661 4405 841 4458 ἑαυτὸν
891 4402 1084 4456 ἀνεῖπε.
1143 4405 1243 4454 Καὶ
1297 4403 1372 4455 ἔτι
1431 4403 1500 4462 ὡς
1563 4398 1812 4458 ἀπελήλα-

209 4517 322 4567 ται,
379 4501 470 4550 καὶ
525 4497 572 4548 οἱ
625 4496 675 4547 ἐν
729 4502 802 4565 τῷ
869 4489 1089 4564 διωγμῷ
1163 4493 1564 4564 παραπεσόντες,
1622 4489 1811 4562 μᾶλλον

208 4583 534 4663 παραδοχῆς
589 4583 856 4647 ἠξίωνται.
887 4580 1006 4634 Ἔτι
1045 4576 1104 4633 δὲ
1141 4583 1231 4631 καὶ
1285 4583 1404 4653 περὶ
1433 4585 1525 4632 τοῦ
1571 4581 1703 4650 μετὰ
1725 4581 1813 4630 τὸν

211 4675 449 4750 διωγμὸν
502 4677 636 4728 θείου
695 4671 913 4748 λουτροῦ
945 4687 958 4700 ⁸
1035 4677 1136 4722 τῶν
1197 4687 1250 4721 τε
1322 4667 1484 4720 ἄλλων
1544 4669 1811 4743 αἱρέσεων.

212 4772 343 4841 Περί
379 4785 434 4820 τι
483 4773 582 4818 τῶν
641 4762 756 4815 κατ’
801 4764 1068 4833 Αἴγυπτον
1123 4762 1213 4811 καὶ
1267 4756 1618 4816 Παλαιστίνην
1664 4757 1817 4819 αὖθις

208 4865 324 4919 τοῖς
390 4855 648 4908 ιίσίπειτα
712 4847 1172 4925 διαπεπραγμένων
1234 4848 1523 4922 τυράννοις.
1583 4846 1686 4900 Καί
1740 4866 1818 4899 τι-

209 4967 312 4998 νων
370 4941 429 4997 δι
469 4943 694 5017 τεράτων
732 4941 1184 5013 ἐπιμνησθήσεται
1218 4956 1231 4970 ’
1286 4944 1387 4989 τῶν
1430 4955 1483 4989 τι
1541 4940 1813 4989 Διονυσίου

210 5033 520 5088 ἐπιστολῶν.
576 5035 711 5106 Πρὸς
761 5027 828 5088 δὴ
885 5031 1087 5088 τούτοις
1133 5031 1252 5100 περί
1303 5045 1354 5078 τε
1400 5029 1658 5090 Νέπωτος,
1727 5029 1817 5078 καὶ

209 5132 306 5177 τοῦ
365 5125 420 5175 ἐκ
473 5127 786 5194 Σαμοσάτων
832 5117 1060 5182 Παύλου,
1096 5121 1187 5168 καὶ
1239 5123 1333 5178 τῆς
1365 5111 1665 5188 ἑτεροδοξου
1715 5122 1815 5166 τῶν

209 5217 530 5285 Μανιχαίων
574 5207 921 5282 διαστροφῆς.
977 5212 1081 5260 Καὶ
1133 5205 1275 5267 τέλος
1328 5209 1445 5276 περὶ
1497 5212 1595 5256 τῶν
1651 5223 1768 5261 τηνι
1797 5219 1812 5233 ο

208 5311 387 5356 καύτα
441 5299 840 5374 διαπριψοίντων
904 5299 1050 5350 Θείων
1104 5291 1307 5369 ἀνδρῶν
1361 5289 1695 5364 διαλήψεται,
1769 5293 1818 5345 οἱ

208 5398 305 5447 καὶ
338 5393 474 5466 ἄχρι
516 5399 611 5453 τῆς
655 5391 792 5443 κατὰ
821 5386 1184 5444 Διοκλητιανόν
1231 5388 1319 5436 καὶ
1366 5383 1688 5456 Μαξιμιανὸν
1718 5391 1816 5435 τῶν

207 5483 473 5542 ὄκλησιῶν
498 5480 799 5554 πολιορκίας
817 5480 1150 5553 παρέμειναν.
1179 5469 1439 5545 Ἃρξομαι
1466 5468 1526 5525 δι
1556 5471 1799 5527 ἐντεῦθεν.

288 5620 375 5694 (1)
418 5616 758 5674 Secundum
781 5613 1096 5686 chronicos
1123 5613 1360 5668 nostros
1375 5609 1533 5666 4236.

2479 3138 2658 3212 339
2699 3140 2921 3196 CAPUT
2958 3141 2999 3194 ι.

2194 3245 2482 3315 Ρνωΐαιίο
2503 3246 2644 3303 tomi
2671 3246 2925 3304 dicenda
2955 3262 3272 3318 exponens.

1985 3422 2238 3490 Quintus
2267 3423 2416 3481 liber
2431 3441 2526 3481 res
2557 3427 2844 3495 Origenis,
2870 3431 2927 3482 et
2947 3425 3097 3484 alias
3119 3430 3407 3498 praeterea
3424 3443 3560 3499 quas

1912 3518 2086 3569 aetate
2131 3514 2261 3583 ejus
2286 3514 2573 3580 accidere,
2609 3516 2980 3586 complexus,
3022 3530 3141 3570 una
3193 3531 3329 3570 cum
3369 3521 3560 3571 morte

1914 3603 2043 3673 ejus
2085 3602 2267 3657 ﬁnem
2307 3618 2549 3675 quoque
2581 3619 2758 3658 suum
2799 3604 3046 3675 accepit.
3092 3605 3302 3659 Sextus
3334 3609 3559 3673 autem,

1913 3692 2018 3763 qui
2075 3691 2248 3746 nobis
2280 3697 2367 3747 est
2415 3692 2476 3747 in
2515 3692 2818 3758 manibus,
2861 3697 3284 3762 argumentum
3318 3691 3565 3748 habebit

1915 3795 2205 3849 magnum
2230 3779 2600 3836 Alexandriae
2625 3781 2975 3853 episcopum
3009 3781 3380 3851 Dionysium,
3422 3781 3564 3835 scri-

1915 3868 2031 3940 ptis
2063 3869 2192 3939 ejus
2239 3884 2372 3941 quae
2403 3876 2536 3940 post
2578 3885 2642 3925 se
2681 3869 2938 3941 reliquit,
2968 3884 3074 3940 per
3106 3868 3381 3940 prOprias
3431 3870 3562 3939 ejus

1917 3973 2113 4022 voces,
2149 3957 2412 4012 materiae
2440 3957 2581 4013 satis
2607 3957 3156 4030 suppeditantibus.
3179 3957 3562 4028 Exponemus

1917 4062 2159 4119 quoque
2187 4046 2245 4100 in
2278 4062 2367 4111 eo,
2395 4061 2531 4118 quae
2561 4052 2696 4118 post
2726 4047 2944 4112 Severi,
2977 4047 3280 4102 Maximini
3322 4052 3378 4103 et
3408 4048 3562 4103 Decii

1917 4135 2379 4207 persecutiones,
2435 4135 2493 4190 in
2533 4135 2790 4192 Ecclesia
2837 4137 2952 4192 sint
2991 4142 3142 4192 acta.
3185 4134 3350 4192 Unde
3384 4137 3565 4194 etiam

1918 4225 2180 4281 Novatus
2197 4239 2567 4297 progressus,
2594 4226 2871 4297 seipsum
2884 4241 3054 4281 novae
3081 4225 3324 4280 haeresis
3355 4227 3565 4282 Catha-

1920 4330 2123 4370 rorum
2145 4313 2268 4368 sive
2284 4315 2568 4368 Purorum
2596 4314 2809 4368 ducem
2836 4314 3247 4386 promulgarit.
3279 4314 3568 4372 Praeterea

1921 4403 2230 4476 quomodo
2263 4403 2312 4458 is
2342 4402 2594 4474 rejectus
2623 4403 2716 4468 sit,
2750 4408 2805 4459 et
2842 4404 2920 4458 illi
2955 4405 3159 4476 potius
3188 4407 3293 4475 qui
3338 4405 3397 4459 in
3438 4421 3567 4476 per-

1851 4499 1892 4554 C
1921 4494 2222 4550 secutione
2250 4491 2404 4564 lapsi
2435 4493 2685 4556 fuerant,
2715 4493 2772 4548 in
2803 4493 3122 4549 Ecclesiam
3152 4493 3388 4565 recepti.
3421 4495 3565 4550 item

1921 4583 1995 4638 de
2033 4581 2238 4636 divino
2275 4580 2536 4646 lavacro,
2560 4581 2727 4654 quod
2754 4582 3024 4637 nonnulli
3057 4589 3188 4654 post
3209 4582 3568 4653 persecutio-

1922 4687 2058 4727 nem
2112 4669 2496 4734 inducebant,
2542 4676 2599 4726 et
2643 4672 2718 4725 de
2766 4670 2878 4725 illis
2917 4670 3262 4726 haeresibus.
3295 4675 3435 4726 Item
3493 4672 3569 4727 de

1923 4767 2316 4832 tyrannorum
2342 4759 2574 4831 Egypti
2596 4765 2650 4815 et
2673 4760 2992 4816 Palaestina:
3018 4759 3188 4816 actis.
3209 4759 3567 4817 Mentionem

1923 4864 2164 4922 quoque
2184 4847 2474 4904 faciemus
2501 4849 2906 4918 quorumdam
2939 4847 3346 4918 prodigiorum
3381 4866 3396 4918 ;
3425 4848 3567 4905 item

1926 4938 2189 5010 Dionysii
2214 4935 2603 5008 epistolarum
2619 4955 2630 4992 :
2649 4936 3153 5007 adhaec.Nepotis,
3179 4936 3345 4992 Pauli
3368 4938 3572 4992 Samo-

1925 5027 2134 5092 sateni,
2169 5031 2223 5082 et
2250 5041 2548 5097 perversae
2565 5026 3022 5082 Manichaeorum
3039 5025 3361 5096 opinionis.
3395 5025 3573 5096 390

1926 5117 2230 5170 Postremo
2258 5114 2494 5169 divinos
2525 5113 2966 5169 recensebimus
3002 5113 3170 5178 viros,
3198 5113 3302 5184 qui
3327 5130 3398 5168 ea
3430 5120 3573 5169 tem-

1927 5209 2153 5275 pestate
2172 5219 2359 5276 usque
2372 5203 2447 5258 ad
2465 5201 2893 5257 Diocletianum
2917 5209 2972 5258 et
3007 5202 3450 5268 Maximianum,
3468 5202 3573 5274 qui

1927 5291 2172 5365 quidem
2211 5291 2598 5348 acerbissime
2649 5289 2931 5346 ecclesias
2967 5294 3420 5362 oppugnarunt,
3455 5292 3576 5347 eni-

1927 5387 2110 5438 tuere.
2144 5381 2380 5438 Initium
2407 5385 2607 5437 autem
2638 5379 2776 5436 inde
2807 5380 3192 5438 sumendum.
