4000 6220
535 295 672 353 1135

1181 421 1406 479 CAPUT
1444 421 1516 477 II.

515 528 587 586 Ut
609 529 889 599 episcopi,
920 529 1171 600 quitum
1203 527 1462 585 ecclesiis
1497 527 1894 600 prefuerunt,
1926 539 2018 582 eos
2053 525 2157 594 qui

579 597 688 655 sub
718 597 891 656 Decio
927 597 998 656 'z'n
1043 602 1448 670 persecutione
1497 599 1651 667 lapsi
1705 597 1973 670 fuerant,
2027 604 2156 666 post

568 673 801 741 justam
820 668 1231 742 paenitentiam
1257 672 1322 726 in
1348 670 1676 727 Ecclesiam
1706 668 2058 738 receperint.

571 779 635 834 In
695 779 1226 850 persecutionibus,
1287 794 1438 851 quas
1490 775 1926 846 recensuimus,
1985 773 2156 830 multi

505 867 973 924 Christianorum
1014 868 1238 924 fortiter
1263 883 1369 939 per
1398 865 1687 937 martyris.
1714 881 1852 920 cum
1883 863 2153 920 hostibus

502 958 829 1026 congressi,
843 957 1116 1014 debitum
1133 958 1392 1013 victoriae
1405 956 1723 1028 praemium
1750 957 2151 1025 reportarunt.

503 1034 746 1101 Plurimi
793 1051 952 1102 etam
995 1052 1238 1118 propter
1285 1045 1630 1102 animorum
1684 1042 2151 1108 imbecilitatem,

501 1134 746 1191 obviam
777 1136 1024 1208 quidem
1069 1135 1150 1191 illi
1200 1133 1476 1206 periculis
1526 1137 1663 1188 sunt
1693 1131 2014 1204 progressi,
2047 1129 2153 1185 sed

500 1239 641 1278 cum
668 1239 740 1280 ea
769 1224 1028 1296 perferre
1059 1240 1178 1280 non
1211 1227 1478 1296 possent,
1506 1221 1686 1277 simul
1703 1219 1949 1277 etidolis
1977 1219 2153 1274 sacri-

499 1311 774 1379 ﬁcarunt,
816 1318 872 1368 et
919 1329 1076 1368 verae
1131 1313 1370 1385 pietatis
1414 1310 1642 1368 cultum
1698 1309 2072 1380 abjurarunt.
2113 1307 2153 1364 li

498 1417 662 1468 vero,
684 1403 1113 1473 persecutionis
1130 1408 1296 1457 motu
1312 1408 1364 1457 et
1380 1415 1652 1457 aerumna
1665 1399 2147 1470 conquiescente,

503 1506 640 1546 cum
684 1492 744 1546 in
794 1491 1010 1546 animis
1035 1507 1240 1546 secum
1267 1491 1379 1562 ipsi
1419 1490 1540 1546 suis
1588 1504 1857 1560 quonam
1901 1487 2152 1542 miserias

501 1578 854 1635 calamitatis
904 1581 1337 1652 pervenissent,
1393 1578 1846 1651 perpenderent,
1896 1575 2153 1645 graviter

501 1667 734 1724 afﬂictis
787 1669 1112 1724 vehemens
1171 1670 1412 1724 incessit
1457 1667 1630 1724 dolor
1675 1673 1732 1722 et
1782 1664 2148 1738 paenitentia.

501 1760 707 1829 Itaque
740 1758 817 1813 ad
861 1757 1251 1814 ecclesiarum
1282 1757 1414 1828 ejus
1455 1757 1738 1827 temporis
1770 1754 2059 1810 antistites
2089 1769 2151 1808 se

502 1849 896 1913 contulerunt,
928 1847 1213 1918 paenitere
1250 1862 1311 1902 se
1342 1850 1522 1918 atque
1553 1844 1926 1916 resipiscere,
1973 1858 2149 1915 para-

499 1939 714 2006 tosque
745 1951 876 1991 esse
903 1935 1200 2008 quidquid
1228 1936 1341 1992 illis
1383 1936 1742 2006 imperatum
1774 1949 1905 1988 esse
1935 1931 2149 1999 facere,

499 2025 864 2095 proﬁtentes.
902 2028 1077 2080 Porro
1109 2025 1292 2080 divini
1335 2024 1414 2080 illi
1456 2023 1587 2088 viri,
1628 2023 2064 2078 humanitatem
2095 2028 2153 2078 et

499 2112 877 2170 clementiam
908 2115 1007 2169 Dei
1036 2114 1265 2182 imitati,
1307 2129 1431 2169 non
1460 2119 1702 2183 gravate
1735 2126 1840 2166 eos
1871 2125 2151 2182 suscepe-

501 2209 641 2258 runt
696 2208 751 2258 et
808 2203 1104 2273 complexi
1155 2208 1313 2268 sunt,
1371 2208 1427 2258 et
1476 2218 1612 2257 cum
1661 2200 1928 2270 legitima
1971 2205 2151 2271 atque

499 2292 859 2364 competenti
892 2291 1242 2362 poenitentia
1269 2292 1550 2347 invitatos
1569 2291 1628 2345 in
1657 2289 1978 2345 Ecclesiam
2019 2304 2151 2360 pro-

498 2381 818 2446 duxerunt,
860 2385 986 2436 tum
1025 2385 1293 2452 tempore
1324 2395 1566 2452 quoque
1599 2394 1710 2434 suo
1744 2377 2062 2433 stationem
2096 2381 2152 2432 et

497 2470 698 2526 locum
712 2472 795 2524 eis
819 2470 970 2524 inter
982 2469 1188 2524 ﬁdeles
1205 2469 1305 2541 (l),
1327 2468 1752 2524 interveniente
1767 2466 2150 2523 solummodo

499 2559 790 2624 oratione,
808 2574 928 2614 una
941 2573 1077 2613 cum
1096 2574 1385 2614 manuum
1405 2557 1810 2629 impositione,
1825 2555 2147 2612 dederunt:

498 2649 560 2704 id
609 2647 772 2720 quod
812 2648 891 2704 ita
951 2663 1023 2702 ex
1074 2647 1505 2703 consuetudine
1543 2645 1725 2715 longa
1779 2645 1839 2700 in
1894 2643 2154 2700 Ecclesia

497 2736 948 2792 observabatur.
984 2737 1177 2801 Quam
1221 2735 1718 2792 consuetudinem
1758 2733 1991 2806 primus
2043 2734 2154 2806 Cy-

1847 289 2234 348 NICEPHORI
2273 289 2588 348 CALLISTI

3711 294 3806 348 H35

2921 419 3165 470 ΚΕΦΔΛ.
3204 412 3285 470 B'.

2266 521 2368 584 Ὠς
2417 525 2479 576 οἱ
2524 526 2668 576 τότε
2717 531 2834 575 τῶν
2884 521 3242 594 ἐκκλησίῶν
3280 523 3580 594 ἡγεμόνες
3617 527 3805 584 nisi:

2342 603 2428 667 τῷ
2459 597 2624 667 κατά
2654 599 2873 648 Δέκιον
2905 591 3172 666 διωγμῷ
3211 591 3692 667 παραπεσόντας
3720 602 3804 667 μετί

2338 666 2684 739 ἀξιολόγου
2736 671 3083 739 μετανοίας
3122 666 3492 738 προσίεντο.

2187 421 2233 473 Α

2339 774 2542 827 Πολλῶν
2605 776 2653 826 ἑν
2708 782 2814 835 τοῖς
2867 771 3219 846 προλαϐοῦσιν
3278 769 3550 846 διγωμοίς,
3613 780 3700 825 τῶν
3750 779 3807 844 με)

2261 872 2504 936 γεννικῶς
2569 864 3028 939 παραταξαμένων,
3110 865 3198 914 καὶ
3257 865 3315 914 τό
3369 872 3461 923 τῆς
3511 866 3652 924 νίκης
3713 861 3808 933 βρε-

2263 951 2397 1006 ϐεῖον
2435 954 2868 1028 κληρωσαμένων,
2927 960 3026 1003 τῶν
3066 949 3127 1004 δε
3172 955 3262 1004 καὶ
3316 950 3567 1004 πλείστων
3614 949 3678 1022 τῷ

2260 1049 2334 1094 νεῖ
2384 1050 2475 1103 τῆς
2528 1042 2712 1114 ψυχῆς
2772 1043 2932 1113 ὁμόσε
2990 1042 3079 1112 μεν
3132 1047 3244 1102 τοῖς
3315 1036 3576 1100 κινδύνοις
3628 1043 3811 1112 χωρούν-

2259 1149 2381 1197 των,
2441 1130 2534 1183 ούκ
2583 1130 2802 1184 εἰσάπαν
2855 1126 2915 1182 δὲ
2969 1147 3134 1202 φερειν
3187 1129 3306 1181 οἵων
3335 1148 3391 1181 τε
3427 1132 3600 1191 ὄντων,
3649 1134 3723 1180 καὶ
3750 1125 3812 1181 διὰ

2259 1227 2412 1272 τοῦτο
2467 1219 2799 1288 έπιθυόντων,
2847 1224 2938 1291 κᾳὶ
2994 1221 3052 1271 τό
3113 1220 3245 1271 θεῖον
3303 1217 3455 1279 σέϐας
3495 1218 3810 1290 ἓξομνυμένων,

2257 1307 2588 1380 λωφήσαντος
2630 1314 2721 1360 τοῦ
2765 1303 2956 1372 δεινοῦ,
3015 1307 3071 1360 οἵ
3120 1313 3288 1359 κακοῦ
3335 1311 3562 1378 γένοιντο
3618 1302 3810 1375 διαγνόν-

2259 1417 2357 1462 τες,
2411 1395 2591 1460 δεινῶς
2643 1417 2696 1450 τε
2748 1396 3078 1463 έπλήττοντο,
3132 1401 3222 1449 καὶ
3277 1396 3446 1467 πολλῷ
3510 1397 3721 1469 ἐχρῶντο
3765 1405 3815 1466 τῷ

2259 1487 2543 1560 μεταμέλῳ.
2598 1485 2771 1540 Ἔνθεν
2826 1506 2908 1540 τοι
2955 1491 3046 1539 καὶ
3098 1494 3202 1546 τοῖς
3257 1482 3509 1544 τηνικάδε
3552 1505 3646 1538 των
3679 1483 3816 1540 ἐκκλη-

2261 1585 2386 1628 σιῶν
2433 1578 2659 1649 ἡγεμόσι
2700 1579 3021 1650 προσιόντες,
3072 1583 3334 1648 μετανοεῖν
3391 1576 3585 1647 ἔλεγον,
3635 1581 3714 1627 καὶ
3743 1580 3816 1626 πᾶν

2258 1668 2429 1718 ὁτιοῦν
2473 1667 2714 1740 πράττειν
2763 1663 2812 1716 έν
2855 1664 3044 1737 ἑτοίμῳ
3101 1668 3245 1737 ἔχειν
3292 1667 3506 1718 ἁνύσαι.
3551 1666 3613 1716 Οἱ
3754 1659 3817 1714 οὖν

2261 1763 2394 1810 Θεοῦ
2459 1755 2844 1828 φιλανθρωπίαν
2917 1757 3250 1826 μιμούμενοι,
3297 1759 3388 1807 καὶ
3454 1758 3672 1826 γνησίως
3713 1753 3818 1825 μάλα

2257 1847 2530 1916 προσίεντο
2580 1848 2671 1896 καὶ
2723 1843 3026 1905 ἠσπάζοντο
3060 1861 3074 1873 '
3128 1849 3219 1897 καὶ
3273 1843 3512 1915 ἀναλόγῳ
3580 1850 3638 1915 τῇ
3699 1861 3820 1914 μετα-

2257 1937 2373 2004 νοίᾳ
2419 1932 2774 1986 εἰσεκαλοῦντο
2798 1951 2811 1965 ο
2856 1938 2946 1985 και
3005 1935 3141 1986 κατά
3197 1935 3283 1986 τόν
3350 1937 3677 2006 προσήκοντα
3725 1937 3821 2005 χρό-

2258 2039 2341 2072 νον
2393 2025 2484 2074 καὶ
2549 2028 2645 2083 τῆς
2686 2024 2819 2094 μετὰ
2868 2029 2967 2074 τῶν
3019 2029 3220 2074 πιστῶν
3292 2023 3528 2084 στάσεως
3584 2020 3818 2084 κατηξίουν

2256 2118 2318 2183 τῇ
2353 2106 2449 2163 διὰ
2498 2113 2685 2184 χειρός
2731 2130 2860 2186 μόνη
2917 2111 3075 2184 εὐχῇ.
3119 2110 3269 2172 Ἐθος
3310 2111 3458 2165 τοῦθ’
3497 2110 3553 2163 ἐκ
3579 2108 3821 2184 μακροῦτῇ

2259 2197 2544 2271 Ἐκκλησίᾲ
2604 2203 2905 2272 μεμενηκὸς,
2973 2202 2999 2253 ὅ
3058 2197 3126 2260 δὴ
3177 2208 3383 2273 πρῶτος
3471 2203 3743 2272 Κυπριανός
3804 2199 3822 2249 ό

2258 2295 2354 2350 τῆς
2421 2284 2804 2360 Καρχηδονίων
2854 2292 3051 2361 ποιμὴν
3124 2287 3442 2342 ἐναλλάττειν
3532 2292 3652 2360 ᾤετο
3706 2283 3822 2339 δεῖν’

2258 2381 2349 2429 καὶ
2401 2374 2530 2449 μηδ’
2581 2377 2742 2439 ἄλλως
2789 2379 2818 2437 ἢ
2855 2375 2950 2431 διὰ
3001 2377 3221 2451 λουτροῦ
3282 2382 3376 2436 τὴν
3432 2377 3630 2436 πλάνην
3673 2376 3825 2428 imau-

2262 2467 2618 2541 θαιρομένους,
2673 2472 2762 2520 καὶ
2813 2470 2935 2529 τοὺς
2988 2466 3044 2530 έξ
3096 2465 3566 2525 όποιασδηποτοῡν
3628 2468 3824 2539 αἱρέσεως

2259 2559 2575 2630 προσιόντας
2614 2551 2982 2628 εἰσδέχεσθαι.
3017 2560 3115 2609 Καὶ
3145 2558 3194 2608 οἱ
3241 2557 3332 2628 μεν
3360 2556 3526 2618 οὕτως
3557 2554 3691 2627 εἶχον
3719 2574 3730 2586 -
3757 2559 3823 2604 καὶ

2259 2646 2592 2702 καθεκάστην
2684 2641 2847 2706 ἀδεῶς
2925 2649 3047 2708 τοὺς
3138 2641 3457 2704 όθενδήποτε
3559 2661 3825 2720 προσιόντας

2263 2732 2497 2805 ἀσμένως
2524 2730 2789 2806 ἐδέχοντο.

2183 1722 2230 1778 Β

497 2825 748 2897 prianus
771 2823 1260 2895 Carthaginensis
1286 2828 1492 2896 pastor
1517 2822 1874 2879 mutandam
1901 2838 2033 2877 esse
2056 2820 2286 2877 censuit
2323 2821 2424 2894 (2),
2471 2837 2594 2878 non
2621 2822 2790 2879 aliter
2819 2826 2878 2878 et
2910 2821 3134 2894 lapsos,
3185 2838 3373 2896 quam
3404 2839 3515 2895 per
3567 2823 3827 2879 lavacrum

497 2912 878 2984 exipiandos,
912 2919 968 2968 et
997 2928 1394 2986 quoscunque
1421 2928 1494 2968 ex
1524 2911 1934 2985 qualicunque
1972 2909 2190 2966 hmresi
2218 2911 2658 2982 resipiscentes,
2701 2911 3107 2968 admittendos
3132 2928 3262 2968 esse
3299 2911 3644 2969 arbitratus.
3671 2913 3823 2983 Atque

501 3002 892 3058 ecclesiarum
921 3002 1169 3073 quidem
1209 3002 1477 3074 episcOpi
1508 3002 1589 3057 ita
1642 3015 1707 3056 se
1750 3000 2058 3072 gerebant,
2098 3005 2155 3056 et

504 3095 693 3148 tentes
725 3090 1156 3162 suscipiebant.

1049 3215 1220 3287 391
1267 3215 1488 3271 CAPUT
1521 3215 1613 3270 IlI.

500 3324 587 3381 De
613 3322 849 3395 impuro
878 3322 1132 3388 Novato,
1157 3322 1447 3395 rebusque
1475 3323 1603 3395 ejus
1631 3321 1923 3387 narratio,
1939 3326 1994 3378 et
2019 3335 2151 3393 quae

1001 3397 1128 3464 ejus
1147 3395 1339 3464 fuerit
1368 3393 1665 3450 doctrina.

571 3504 775 3558 Romae
803 3505 1004 3557 autem
1033 3501 1117 3556 eis
1148 3499 1522 3573 temporibus
1547 3499 1859 3572 presbyter
1889 3505 2013 3555 erat
2037 3501 2152 3555 No-

498 3595 678 3648 vatus
710 3590 974 3646 nomine.
1004 3593 1057 3644 ls
1095 3590 1252 3645 fastu
1281 3595 1337 3645 et
1353 3589 1647 3660 jactantia
1668 3588 1830 3644 inani
1856 3587 2147 3654 sublatus,

496 3695 741 3737 omnem
783 3680 867 3749 (ut
899 3679 958 3734 in
991 3679 1309 3750 proverbio
1339 3679 1447 3750 est)
1479 3683 1748 3734 moverat
1770 3677 2055 3749 lapidem,
2088 3683 2153 3733 ut

493 3771 779 3824 Romanae
821 3768 1094 3823 Ecclesiae
1134 3767 1634 3836 gubernationem
1665 3772 2149 3838 consequeretur.

496 3858 604 3915 Ubi
651 3863 852 3913 autem
883 3858 1090 3913 omnia
1135 3862 1432 3928 expertus,
1468 3856 1616 3912 nihil
1645 3857 1767 3926 egit
1803 3856 1952 3927 (erat
1989 3855 2148 3910 enim

497 3953 748 4012 tumore,
779 3945 1129 4011 ambitione,
1162 3950 1219 4001 et
1257 3945 1462 4015 glorias
1501 3945 1824 4016 cupiditate
1852 3946 2153 4001 immensa

493 4035 847 4107 correptus),
893 4035 951 4090 in
1009 4035 1488 4106 desperationem
1536 4034 1742 4090 incidit
1774 4051 1788 4090 :
1823 4039 1879 4090 et
1909 4033 2153 4090 tandem

493 4124 652 4181 aliud
703 4123 869 4195 quod
917 4123 1139 4179 faceret
1191 4139 1314 4179 non
1340 4123 1592 4191 habens,
1625 4123 1702 4178 ab
1753 4123 2012 4179 Ecclesia
2058 4139 2153 4178 se-

493 4213 694 4283 ipsum
726 4228 1071 4283 segregans,
1089 4215 1362 4284 proprios
1381 4217 1567 4268 coetus
1593 4226 1824 4280 cogere,
1857 4217 2152 4269 etnovam

493 4303 830 4374 quamdam
853 4300 1132 4356 haeresim
1161 4317 1265 4372 per
1287 4300 1683 4357 defectionem
1706 4302 2012 4356 instituere
2039 4317 2153 4358 cos-

491 4396 578 4462 pit
619 4389 1010 4446 :secessionis
1055 4405 1178 4445 sure
1227 4389 1537 4445 obtentum
1582 4389 1749 4445 illum
1796 4395 2148 4462 praetexens.

493 4479 660 4554 quod
701 4479 969 4550 episcopi
1015 4494 1119 4534 eos
1159 4479 1263 4550 qui
1300 4479 1555 4534 Deciana
1593 4479 2004 4549 persecutione
2038 4478 2151 4534 diis

495 4568 954 4632 sacriﬁcassent,
984 4582 1090 4638 per
1115 4567 1480 4636 condignam
1498 4567 1912 4639 paenitentiam
1933 4568 1992 4623 in
2017 4583 2153 4637 gra-

494 4659 639 4715 tiam
670 4656 1050 4728 recepissent.
1099 4656 1269 4712 Brevi
1315 4671 1461 4712 sane
1518 4663 1786 4727 tempore
1843 4657 2152 4729 permultis

495 4746 778 4811 seductis,
812 4762 990 4801 suum
1030 4745 1146 4801 sibi
1196 4746 1502 4801 constituit
1539 4746 2062 4805 conventiculum:
2096 4752 2154 4803 et

495 4851 704 4892 eorum
749 4835 853 4906 qui
909 4839 1153 4906 propter
1196 4834 1397 4890 sordes
1447 4832 1686 4890 Cathari
1726 4834 1848 4890 sive
1893 4835 2026 4906 puri
2072 4836 2149 4907 (3)

494 4923 910 4993 nominantur,
942 4923 1159 4980 ducem
1183 4938 1247 4979 se
1275 4922 1431 4980 fecit.
1464 4924 1613 4979 Cum
1632 4928 1833 4980 autem
1863 4940 2001 4980 eum
2031 4925 2153 4996 epi-

571 5051 617 5120 (1

568 5051 649 5193 tit

498 5191 813 5264 Numidiae,
853 5191 1337 5264 Mauritaniaeque
1385 5191 1670 5264 epicopis.
1722 5193 1928 5263 Ipsum
1970 5195 2150 5250 etiam

498 5209 813 5254 numinum,
853 5209 1337 5264 mauruamaeque
1385 5209 1415 5247 e
1464 5209 1670 5264 Icopis.
1722 5209 1928 5263 ipsum
1970 5209 2149 5250 etiam

495 5265 740 5320 beatum
766 5263 1049 5319 Hilarium
1071 5264 1396 5334 aliquando
1420 5209 1602 5334 Eujus
1619 5264 1925 5319 sententiae
1947 5264 2149 5330 fuisse,

500 5342 562 5391 ut
602 5336 679 5391 ab
701 5337 938 5408 iArianis
964 5335 1293 5408 baptizatos
1314 5351 1433 5391 non
1462 5336 1769 5408 reciperet,
1797 5336 1912 5408 nisi
1943 5352 2150 5408 rursus

498 5408 576 5462 ab
606 5407 953 5463 orthodoxis
982 5406 1447 5477 baptizarentur,
1491 5406 1694 5477 palam
1727 5407 1929 5462 scribit
1954 5407 2146 5463 Hiero-

495 5480 860 5550 nymus.Ab
891 5478 1004 5550 hoc
1042 5477 1324 5550 dogmate
1357 5477 1532 5550 hodie
1561 5478 2145 5550 dissentitEcclesia,

499 5548 554 5606 et.
575 5549 946 5621 iterationem
979 5549 1263 5621 baptismi
1299 5549 1616 5619 prohibent
1645 5548 1985 5621 imperiales
2011 5565 2148 5621 con-

494 5618 846 5682 stitutiones.
886 5621 1003 5675 Nec
1044 5619 1186 5677 satis
1217 5618 1375 5677 esset
1403 5625 1602 5678 tutum
1634 5618 1772 5679 eam
1803 5620 2033 5694 aperire
2071 5620 2147 5679 de

683 5049 1103 5118 Exomologesi
1145 5053 1385 5120 peracta
1409 5047 1651 5104 scilicet.

680 5121 902 5176 Placuit
929 5121 1043 5175 hoc
1073 5119 1255 5176 etiam
1278 5121 1576 5192 plerisque
1602 5119 1887 5176 omnibus
1919 5119 2147 5188 Africa,

2193 2999 2458 3073 quotidie
2489 3000 2806 3073 propalam
2844 3000 3206 3073 perlibenter
3249 3016 3654 3074 quoscunque
3681 3014 3830 3057 rever-

2893 3171 3144 3270 rem.
3177 3213 3255 3271 ιη’.

2261 3323 2416 3396 Περᾍὶ
2453 3321 2757 3396 Ναυάτου
2798 3328 2908 3374 τοῦ
2965 3320 3528 3396 ἀκαθάρτουλκαὶ
3565 3330 3682 3375 τῶν
3708 3319 3824 3396 κατ’

2330 3389 2522 3446 αὐτόν
2586 3389 2911 3465 διήγησις
2965 3410 2979 3423 °
3053 3389 3196 3447 καὶ’
3238 3399 3300 3447 τί
3350 3389 3771 3467 νέδογμάτιζε.

2189 3213 2231 3266 C

2331 3499 2426 3552 Ἦν
2481 3495 2541 3552 δέ
2587 3519 2668 3561 τις
2719 3499 2835 3553 κατ’
2893 3498 3053 3553 έκεῖνο
3105 3508 3294 3574 καιροῦ
3339 3509 3402 3574 τῷ
3447 3501 3618 3575 Ῥώμη
3662 3496 3825 3571 διατρί-

2261 3588 2361 3642 ϐων
2414 3588 2760 3664 πρεσϐύτερος
2786 3629 2799 3641 .
2861 3595 3101 3653 Ναυᾶτος
3153 3590 3315 3664 ὄνομα
3364 3599 3438 3662 τῷ
3485 3588 3640 3665 ἀνδρί
3667 3607 3682 3621 ο
3710 3588 3826 3647 οὗτος

2259 3683 2427 3732 τοίνυν
2512 3681 2656 3751 τύφῳ
2754 3684 2844 3732 καὶ
2922 3676 3145 3752 διακένῳ
3231 3681 3541 3753 φρυάγματι
3605 3679 3820 3753 metu,

2258 3771 2434 3822 πάντα
2483 3768 2672 3835 κάλων,
2735 3773 2793 3822 τὸ
2844 3776 2936 3822 τοῦ
2988 3769 3168 3841 λόγου,
3223 3767 3378 3822 έκίνει
3430 3777 3528 3832 τῆς
3574 3771 3699 3822 κατά
3732 3767 3825 3819 Ῥώ-

2259 3877 2363 3931 μην
2413 3856 2728 3920 Ἐκκλησίας
2766 3859 3098 3928 ἡγήσασθαι.
3163 3859 3303 3911 Ἐπεὶ
3362 3855 3422 3912 δε
3467 3862 3638 3912 πάντα
3699 3856 3826 3930 πράτ-

2258 3965 2360 4000 των
2405 3955 2498 3999 τοῦ
2543 3955 2742 4000 σκοποῦ
2800 3943 3144 4022 διημάρτανε,
3201 3950 3346 4020 τύφῳ
3388 3949 3490 4023 γὰρ
3540 3953 3628 4000 καὶ
3655 3941 3824 4019 φιλοδο-

2260 4035 2370 4099 ξίας
2421 4037 2570 4108 ἔρωτι
2623 4034 2826 4110 ἀμέτρῳ
2888 4038 3217 4108 κατάσχετος
3270 4037 3358 4104 ὢν,
3412 4037 3486 4100 εἰς
3541 4038 3824 4108 κατάγνωσιν

2257 4127 2534 4197 προύκειτο
2568 4141 2582 4155 ’
2650 4125 2792 4188 τέλος
2837 4130 2909 4198 μή
2965 4145 3017 4178 τι
3073 4127 3320 4201 πράττειν
3382 4128 3544 4199 ἔχων,
3596 4135 3684 4188 τῆς
3726 4121 3819 4178 Ἐκ·

2258 4213 2484 4276 κλησίας
2548 4213 2730 4267 ἑαυτὸν
2777 4212 3097 4290 ἀπορρήξας,
3159 4212 3276 4288 ἰδίᾳ
3324 4215 3611 4274 έκκλησίαν
3648 4220 3820 4282 συνῆγε,

2259 4309 2348 4356 καὶ
2404 4307 2586 4361 καινήν
2631 4323 2749 4356 τινα
2797 4303 3209 4380 έπικαινουργεῖν
3267 4305 3466 4378 αἰρεσιν
3527 4303 3686 4367 ἤθελε,
3729 4300 3824 4373 πρὸ·

2262 4411 2455 4465 σχημα
2509 4388 2667 4452 δῆθεν
2730 4395 2866 4465 ἔχων
2920 4402 3018 4455 τῆς
3082 4390 3437 4459 διαστάσεως,
3510 4397 3681 4467 ὅτιπερ
3731 4393 3824 4448 τοὺς

2260 4480 2611 4544 έπιθύσαντας
2661 4484 2712 4534 ἓν
2763 4490 2836 4553 τῷ
2880 4485 3016 4535 κατά
3066 4487 3239 4536 Δέκιον
3295 4479 3520 4556 διωγμῷ
3572 4480 3662 4536 διὰ
3705 4497 3826 4553 μετα·

2184 4561 2230 4618 D
2258 4575 2394 4632 νοίας
2447 4570 2723 4643 ἀξιολόγου
2775 4576 3072 4646 προσίεντο.
3103 4574 3194 4628 Ἐν
3245 4572 3400 4645 ὀλίγῳ
3435 4570 3494 4626 δε
3549 4579 3705 4646 καῐρῷ
3729 4566 3824 4622 πολ·

2259 4659 2380 4722 λούς
2421 4658 2721 4732 ἀπατήσας,
2789 4662 2870 4733 ὑφ’
2927 4660 3106 4714 ἑαυτὸν
3162 4666 3382 4720 συνίστη
3446 4659 3709 4737 συνέδρων
3758 4660 3823 4708 ad

2261 4757 2359 4802 τῶν
2435 4746 2530 4803 διὰ
2590 4748 2851 4825 ῥυπαρίαν
2922 4752 3173 4826 Καθαρῶν
3257 4753 3646 4823 ὀνομασθέντων
3704 4748 3822 4800 auai-

2261 4858 2422 4892 στατο
2473 4838 2730 4913 ἀρχηγός.
2788 4838 2927 4893 Ἐπεὶ
2993 4836 3054 4893 δε
3090 4845 3183 4893 καὶ
3233 4847 3330 4902 τῆς
3379 4842 3437 4893 εκ
3475 4839 3662 4894 πολλοῦ
3712 4834 3821 4909 γΰως

2263 4930 2544 5001 ἱερωσύνης
2602 4928 2742 5001 αύτῷ
2781 4933 3018 5002 μετέχειν
3076 4929 3260 5004 ἐχρῆν,
3295 4926 3394 4984 δύο
3445 4938 3548 4982 τῶν
3591 4946 3718 4987 τινας
3738 4924 3821 4978 ειν·

2261 5053 2446 5108 sacris
2471 5053 2844 5109 caeremoniis
2871 5053 3215 5120 fenestram,
3249 5060 3312 5111 ut
3343 5054 3624 5111 sacerdos
3646 5048 3818 5121 impius

2261 5125 2407 5198 nihil
2434 5139 2609 5198 agere
2646 5125 2944 5180 credatur.
2971 5127 3161 5198 Quam
3187 5125 3537 5198 opinionem
3564 5125 3818 5197 obtinuere

2260 5196 2594 5268 Donatistae.
2625 5199 2731 5268 sed
2761 5197 3000 5268 enimin
3018 5196 3268 5253 Polonia
3297 5213 3458 5253 nunc
3489 5211 3718 5268 quoque
3731 5196 3819 5261 ept-

2263 5269 2449 5338 scopi,
2471 5267 2751 5324 homines
2766 5267 2844 5324 ab
2866 5268 3265 5326 Orientalibus
3287 5267 3689 5338 sacerdotibus
3709 5276 3817 5335 qua-

2261 5337 2346 5412 les
2375 5337 2517 5395 sunt
2545 5339 2613 5412 in
2645 5339 2937 5412 Moscovia
2987 5341 3286 5412 etrRussia
3315 5341 3480 5397 omni
3535 5337 3816 5412 baptizatos

2261 5409 2462 5482 denuo
2521 5409 2776 5480 tingunt,
2828 5411 2940 5467 illis
2969 5411 3218 5482 adjectis
3278 5411 3496 5478 verbis,
3549 5409 3814 5482 Sinone!

2263 5480 2616 5609 ἓὲρξίεαιαε.
2649 5481 2827 5537 Adfui
2863 5483 2996 5554 ipse
3024 5480 3314 5540 ablutioni
3362 5481 3698 5554 huiusmodi
3722 5490 3813 5534 Ius-

2336 5569 2372 5609 υ
2402 5569 2492 5608 or.

2333 5569 2492 5623 ptor.

2331 5615 2413 5698 '(3)
2446 5624 2552 5684 Per
2575 5615 2950 5700 antiphrasin
2978 5621 3273 5684 videlicet.
