4000 6220
188 282 328 338 H37

178 414 279 460 τοῦ
330 403 640 467 ἀποστείλας
701 411 921 478 πάμπαν
971 408 1062 464 τῆς
1135 400 1330 456 ἑαυτῶν
1384 411 1646 480 σωτηρίας
1692 407 1790 460 ἀπ-
1819 414 1867 467 Α

180 501 488 567 εγνωκότας,
573 502 708 569 τρεῖς
763 494 817 556 ἓξ
879 492 1104 555 Ἰταλίας
1172 491 1383 566 ἀφανεῖς
1435 495 1791 567 μετεστέλλετο

179 586 510 646 ἐπισκόπους
539 584 607 644 εἰς
650 583 874 654 Ῥώμην,
930 581 1228 643 ἀπλάστους
1255 584 1420 641 πάντη
1478 589 1568 636 καὶ
1616 583 1794 658 ἀγροι-

84 719 92 725 .
178 679 276 747 κίᾳ
330 674 600 736 συζῶντας
633 692 646 706 ·
695 676 786 725 καὶ
844 674 874 730 ἡ
927 676 1189 745 πρόφασις
1236 671 1465 744 εὔλογος,
1508 676 1572 734 ὡς
1618 675 1680 726 ἄν
1708 695 1787 745 γε,

181 768 336 836 φησὶ,
394 767 490 822 τὴν
556 761 750 836 μεταξύ
817 759 1010 814 ὶκείνου
1074 766 1164 813 καὶ
1219 768 1318 813 τῶν
1375 761 1670 815 ἐπισκόπων
1736 767 1791 816 ἓκ

177 851 410 905 παλαιοῦ
469 849 800 905 διαλύσωσιν
855 852 1054 924 ἔχθραν
1094 856 1307 922 μεσῖται
1362 856 1644 923 γενόμενοι.
1687 853 1790 907 Καὶ

178 943 231 994 οἱ
272 943 362 1013 μεν
418 941 545 999 ἧκον
575 939 832 999 ἁπλότητι
883 943 1096 1010 γνώμης
1141 942 1214 1010 μή
1254 957 1305 991 τι
1357 947 1458 990 τῶν
1507 947 1598 992 τοῦ
1626 939 1792 993 πλάσ-

175 1049 346 1101 ματος
394 1029 443 1082 ὶν
499 1029 569 1100 νῷ
605 1031 825 1100 θέμενοι.
873 1027 1287 1098 Ἐγκλεισθεῖσιν
1340 1025 1429 1080 οὖν
1484 1025 1606 1102 βίαν
1661 1031 1786 1089 ἐπῆ·

174 1124 274 1191 γόν
326 1137 456 1180 τινες
505 1125 599 1179 τῆς
653 1115 846 1170 ἑκείνου
929 1121 1247 1189 συμμορίας,
1309 1119 1439 1190 μέθῃ
1497 1123 1588 1170 καὶ
1641 1137 1786 1191 κραι-

171 1208 317 1282 πάλη
399 1211 766 1280 κεκαρωμένοι,
840 1214 1036 1280 χειρῶν
1105 1205 1323 1277 εὶκονινῇ
1383 1204 1612 1259 ἕπιθέσει
1682 1211 1789 1259 ἑπι-

184 1305 396 1358 σκοπῆς
455 1295 625 1367 ἄκείνῳ
679 1298 930 1368 παρεχειν
1011 1294 1235 1367 ἀξίωμα.
1295 1297 1361 1346 Οἱ
1421 1298 1512 1366 μὶν
1563 1292 1650 1348 οὖν
1697 1299 1788 1348 καὶ

181 1387 399 1448 ἄκοντες
471 1381 676 1459 σφόδρα
757 1383 1167 1456 ἐκϐεϐιασμένοι,
1225 1386 1320 1446 τάς
1373 1391 1558 1458 χεῖρας
1614 1383 1788 1456 ἐκείνῳ

181 1478 424 1530 ἐπέθεντο
456 1491 471 1506 ·
502 1478 599 1534 τὴν
648 1476 812 1548 χάριν
879 1469 930 1525 δ’
1007 1469 1155 1534 οὗτος
1211 1475 1280 1533 ὡς
1335 1469 1507 1525 ἆδόκει
1567 1472 1789 1536 ἀνοσίως

177 1564 374 1629 λαϐὼν,
419 1562 734 1616 ἀντεποιεῖτο
763 1565 977 1632 ταύτης,
1033 1566 1124 1614 καὶ
1163 1558 1199 1614 δ
1205 1558 1449 1614 ιεκδικεῖν
1485 1561 1725 1634 ἐπειρᾶτο
1763 1579 1776 1591 ’

174 1656 470 1730 ἄνθρωπος,
597 1657 687 1704 καὶ
733 1655 792 1704 τό
845 1650 913 1712 εἰς
955 1653 1190 1723 Χριστὸν
1245 1658 1531 1704 πιστεῦσαι
1584 1656 1788 1726 πρόφα-

172 1763 269 1805 σις
309 1745 336 1795 ό
384 1747 608 1802 Σατανᾶς
655 1737 717 1800 ἦν
767 1742 1098 1802 ενσκηνώσας
1156 1741 1317 1810 αύτῷ.
1379 1743 1788 1813 Κατηχούμενος
1817 1765 1860 1820 Β

171 1836 284 1905 γὰρ
345 1833 447 1884 ύπό
495 1839 596 1883 τῶν
647 1829 971 1904 ἕπορκιστῶν
1008 1833 1147 1900 νόσῳ
1205 1834 1477 1903 περιέπεσε
1526 1829 1733 1902 χαλεπῇ
1769 1847 1781 1860 ’

170 1922 304 1974 ὥστ’
361 1919 737 1974 ἀποθανεῖσθαι
790 1915 1153 1994 προσδόκιμον
1207 1922 1348 1984 ὄντα,
1390 1922 1449 1972 τό
1508 1915 1654 1991 ὕδωρ
1708 1918 1788 1970 αί-

170 2017 343 2068 τῆσαι
370 2007 542 2062 λαϐεῖν
578 2027 590 2038 ·
648 2008 674 2060 ὃ
721 2012 812 2060 καὶ
872 2006 919 2059 ἐν
973 2007 1105 2080 αὐτῇ
1161 2014 1222 2080 τῇ
1255 2007 1468 2081 κλίνηῇ
1517 2010 1678 2060 ἔκειτο
1706 2026 1788 2060 πε·

172 2101 420 2176 ριχυθὶν,
492 2095 652 2157 δῆθεν
718 2097 990 2158 ἐϐάπτιζεν
1024 2114 1042 2128 ·
1098 2099 1198 2168 εἶγε
1263 2101 1373 2170 χρὴ
1441 2101 1499 2150 τό
1551 2104 1786 2150 τοιοῦτον

184 2186 475 2260 βάπτισμα
531 2185 789 2258 ὀνομάσαι
818 2201 832 2217 ⁸
901 2187 928 2237 ὅ
978 2204 1038 2258 γε
1086 2181 1210 2238 οὐδὲ
1268 2193 1369 2238 τῶν
1433 2186 1625 2238 λοιπῶν
1693 2194 1786 2248 τῆς

176 2276 509 2336 Ἐκκλησίας
551 2273 822 2347 συμϐόλων
862 2273 1076 2337 ἠξίωτο.
1117 2274 1184 2324 ὧν
1221 2279 1391 2348 χρεὼν
1441 2277 1568 2336 τούς
1613 2277 1784 2328 τοιού-

170 2384 302 2428 τους
359 2363 771 2438 μεταλαμϐάνειν
829 2366 966 2415 κατά
1006 2365 1093 2414 τόν
1150 2369 1246 2425 τῆς
1304 2362 1620 2425 Ἐκκλησίας
1672 2365 1786 2416 θεσ.

169 2459 290 2526 μόν.
325 2453 467 2507 Ἀλλ’
499 2448 624 2505 ούδε
677 2453 777 2504 ύπό
809 2454 1129 2520 ἱπισκόπων,
1171 2457 1266 2510 τὴν
1296 2455 1447 2505 νόσον
1491 2449 1779 2525 διαφυγὼν,

177 2544 512 2619 ἔσφραγίσθη
589 2541 638 2604 ἐς
699 2542 934 2614 ὕστερον.
994 2543 1201 2594 Τούτων
1256 2537 1315 2594 δε
1367 2549 1464 2594 τῶν
1517 2549 1786 2614 μυστικῶν

175 2637 250 2706 μὴ
303 2636 506 2704 τυχὼν,
561 2638 670 2693 πῶς
725 2629 785 2682 ἀν
830 2629 983 2701 ἁγίου
1038 2633 1337 2702 Πνεύματος
1371 2633 1585 2702 ἓτυχεν;
1629 2629 1788 2685 Ἀλλά

176 2721 274 2774 κάν
322 2728 396 2791 τῷ
425 2727 593 2794 καιρῷ
622 2726 714 2772 τοῦ
763 2715 1002 2790 διωγμοῦ
1044 2715 1217 2792 δειλίᾳ
1255 2721 1486 2792 σχεθεὶς,
1529 2720 1786 2792 ἓξώμνυτο

177 2814 272 2870 τὴν
320 2816 412 2863 τοῦ
465 2807 824 2884 πρεσϐυτέρου
884 2812 1063 2880 τιμήν.
1119 2807 1241 2862 ⁶Υπό
1300 2812 1402 2884 γαρ
1449 2817 1547 2862 τῶν
1602 2806 1786 2862 διακό-

183 2920 278 2952 νων
347 2898 670 2972 ἀξιούμενος,
722 2899 823 2950 ὅσα
880 2899 1021 2970 θέμις
1085 2900 1210 2971 ἱερεῖ
1260 2896 1473 2971 βοηθεῖν
1523 2895 1783 2968 ἀδελφοῖς,

179 2992 229 3042 ἐν
293 2996 460 3063 καιρῷ
525 2995 599 3059 τῷ
678 2994 779 3039 τῶν
857 2983 1106 3058 διωγμῶν
1186 2989 1482 3060 ἓπικουρίας
1554 2988 1788 3060 μάλιστα

172 3079 469 3151 χρήζουσι,
519 3083 769 3130 τοσοῦτον
823 3074 1032 3148 ἀπέσχε
1087 3077 1482 3151 πειθαρχῆσαι,
1555 3079 1624 3139 ὡς
1694 3081 1785 3130 καὶ

173 3167 562 3240 χαλεπαίνοντα
644 3164 1088 3231 ἀπαλλάττεσθαι,
1143 3170 1233 3218 καὶ⁹
1289 3170 1362 3239 μὴ
1452 3174 1545 3220 τοῦ
1596 3165 1785 3220 λοιποῦ

169 3255 523 3331 πρεσϐύτερον
582 3254 766 3308 ἐθέλειν
830 3251 984 3320 εἶναι,
1046 3254 1193 3329 ἑτέρᾳ
1233 3255 1510 3329 φιλοσοφίᾳ
1556 3259 1623 3310 τὰ
1667 3266 1784 3308 κατ’

170 3346 331 3399 αύτὸν
379 3343 751 3420 ἕπιτρέψαντα.
807 3349 907 3397 Καὶ
959 3343 1082 3397 ἄλλο
1132 3341 1191 3397 δέ
1245 3364 1296 3397 τι
1341 3342 1545 3416 ἀπᾷδον
1591 3346 1785 3397 παντά-

176 3453 316 3488 πασι
372 3431 733 3508 διεπράττετο.
794 3439 960 3486 ῐΙοιῶν
1013 3435 1111 3508 γὰρ
1188 3437 1511 3510 προσφορὰς,
1557 3436 1622 3495 ὡς
1670 3436 1784 3497 ἔθος

174 3528 372 3600 ἱερεῦσι
418 3530 603 3590 ποιεῖν,
637 3521 749 3576 εἶτα
806 3525 936 3595 πρός
997 3528 1092 3582 τὴν
1137 3532 1228 3576 τοῦ
1284 3525 1446 3599 ἄρτου
1497 3520 1783 3596 μετάδοσιν

169 3618 452 3687 γινόμενος,
494 3608 774 3673 ἐπιδιδούς
825 3611 1030 3684 ἑκάστῳ
1087 3615 1147 3664 τὸ
1197 3616 1372 3685 μέρος,
1432 3612 1639 3684 ὀμνύειν
1670 3617 1784 3674 τοὺς

172 3703 536 3776 ταλαιπώρους
586 3701 900 3774 ἠνάγκαζεν,
957 3699 1072 3754 ἀντὶ
1128 3709 1219 3754 τοῦ
1277 3701 1383 3774 μετ’
1437 3701 1785 3775 εὐχαριστίας

169 3791 490 3866 λαμϐάνειν·
532 3796 774 3863 κατέχων
826 3792 927 3865 γὰρ
989 3795 1079 3843 καὶ
1121 3791 1274 3862 ἄμφω
1326 3793 1417 3854 τὰς
1463 3799 1645 3864 χεῖρας
1692 3797 1783 3844 τοῦ

167 3880 438 3948 λαϐόντος,
503 3880 562 3933 ού
618 3883 866 3955 πρότερον
926 3877 1056 3931 ἀνίει
1121 3880 1215 3940 ἕως
1266 3888 1432 3932 ταῦτα
1488 3879 1732 3952 ὀμόσαιεν
1765 3898 1779 3912 ο

178 3976 461 4045 χρήσομαι
514 3972 617 4045 γὰρ
667 3977 774 4031 τοῖς
829 3973 1023 4023 ἐκείνου
1073 3969 1344 4044 ῥήμασιν’
1408 3968 1642 4038 Ὀμοσόν
1695 3989 1783 4041 μοι

181 4063 319 4114 κατά
366 4067 457 4114 τοῦ
520 4061 743 4131 αἳματος
806 4064 894 4112 καὶ
949 4066 1042 4112 τοῦ
1111 4064 1354 4132 σώματος
1437 4066 1527 4111 τοῦ
1589 4063 1784 4133 Κυρίου

183 4153 330 4223 ἡμῶν
369 4149 548 4208 Ἰησοῦ
602 4155 861 4223 Χριστοῦ,
901 4167 973 4221 μη
1008 4144 1192 4201 δέποτέ
1245 4167 1308 4221 με
1346 4147 1640 4201 καταλιπεῖν
1693 4153 1784 4201 καὶ

184 4239 501 4312 ἐπιστρέψαι
549 4241 680 4311 πρός
741 4237 1021 4310 Κορνήλιον
1054 4254 1069 4268 ⁸
1119 4237 1321 4310 Ῥώμης
1374 4234 1425 4291 δ’
1477 4237 1622 4298 οὗτος
1678 4237 1785 4290 ἐπί-

183 4347 400 4390 σκοπος.
468 4329 534 4381 Οἱ
613 4324 672 4380 δι
728 4326 900 4380 ἄθλιοι
973 4325 1174 4394 ἐκεῖνοι,
1249 4327 1308 4379 ού
1363 4330 1609 4401 πρότερον
1665 4325 1786 4380 ἀπε-

179 4421 412 4491 γεύοντο,
465 4416 509 4469 εἰ
557 4420 628 4489 μὴ
687 4419 931 4492 πρότερον
989 4414 1160 4488 ἐκείνῳ
1215 4413 1588 4491 δήκατηρῶντο
1641 4435 1654 4449 ’
1695 4420 1786 4468 καὶ

183 4507 298 4560 ἀντὶ
378 4513 471 4558 τοῦ
538 4505 709 4578 Ἀμήν
782 4505 958 4570 εἰπεῖν,
1018 4508 1076 4557 τό
1130 4509 1200 4578 μὴ
1261 4504 1532 4564 ἐπανήκειν
1594 4504 1783 4577 ἔλεγον.

179 4599 380 4651 Τούτου
434 4599 530 4654 τήν
578 4598 766 4647 κακίαν
825 4600 912 4648 καὶ
954 4598 1012 4647 τό
1070 4597 1324 4657 κακόηθες
1371 4602 1466 4655 τῆς
1521 4596 1783 4666 αἱρέσεως,

183 4684 423 4758 Μάξιμος
491 4681 844 4759 πρεσϐύτερος
890 4687 976 4735 καὶ
1021 4681 1307 4757 Ούρϐανός,
1363 4679 1450 4744 δὶς
1504 4685 1591 4734 τόν
1653 4689 1784 4756 Χρι-

185 4777 308 4828 στόν
365 4772 880 4848 παῤῥησιασάμενοι,
922 4769 1080 4836 δόξαν
1129 4791 1180 4825 τε
1238 4773 1332 4824 ούκ
1390 4771 1679 4844 ἐλαχίστην
1732 4770 1786 4822 ἐκ

179 4872 273 4918 τοῦ
333 4863 661 4936 ὁμολογῆσαι
709 4863 1131 4935 καρπωσάμενοι,
1188 4864 1263 4915 ἔτι
1314 4858 1374 4915 δι
1433 4857 1682 4921 Σιδώνιός
1734 4879 1787 4913 τε

178 4958 273 5007 καὶ
357 4952 622 5026 Κελερῖνος
675 4957 764 5005 καὶ
815 4951 960 5005 αὐτοὶ
1014 4955 1100 5004 τόν
1155 4953 1268 5004 ἶσον
1328 4951 1504 5022 ἀγῶνα
1564 4947 1788 5024 διαδρα-

185 5049 392 5118 μόντες,
484 5050 684 5116 πρῶτοι
765 5043 1108 5113 φωράσαντες,
1191 5048 1389 5117 πρῶτοι
1466 5044 1784 5114 προσιόντες,

180 5133 232 5196 ἐς
286 5129 538 5206 θρίαμϐον
609 5129 693 5183 ἰπὶ
743 5133 906 5203 μίσου
967 5138 1056 5191 τῆς
1111 5129 1389 5192 ἐκκλησίας
1450 5127 1783 5202 προύτίθουν.

178 5229 295 5278 Τῶν
365 5217 424 5274 δε
475 5221 959 5295 χειροτονησάντων
1017 5219 1151 5272 αύτά
1199 5220 1265 5281 εἷς
1325 5219 1419 5272 ούκ
1465 5218 1538 5280 εἰς
1583 5220 1788 5294 μακρὰν

1817 3122 1859 3179 C

1821 4474 1865 4530 D

256 5380 338 5453 (1)
375 5377 707 5453 Talesolim
741 5376 945 5453 Clinici
963 5375 1129 5453 dicti,

260 5449 339 5524 (2)
383 5450 600 5524 Euseb.
631 5449 738 5524 lib_.
789 5451 874 5515 vl,
915 5463 1047 5524 cap.
1073 5450 1168 5505 43.

258 5520 342 5593 (3)
382 5521 908 5593 Conﬁrmationem
934 5520 1049 5576 hoc
1082 5534 1237 5593 nunc
1268 5535 1582 5593 vocamus.

259 5589 335 5664 (4)
376 5596 571 5648 Τούτου
599 5590 659 5648 δι
696 5596 768 5665 μὴ
819 5595 1020 5664 τυχὼν,
1054 5599 1164 5652 πῶς
1192 5589 1253 5642 ἃν
1299 5597 1395 5643 τοῦ
1438 5590 1590 5663 ἀγίου
1634 5592 1791 5644 Πνεύ-

1223 280 1803 340 ECCLESIASTICE
1845 282 2211 340 HISTORIA?
2253 285 2391 341 LIB.
2432 287 2527 342 Vl.

3421 290 3556 347 1138

1901 409 2127 481 scopali
2154 409 2462 478 dignitate,
2487 424 2671 482 quam
2701 413 3011 483 tantopere
3041 411 3272 470 dudum
3313 415 3561 470 adama-

1899 497 2265 570 verat,potiri
2293 503 2611 568 oporteret,
2628 515 2733 570 per
2757 500 2910 556 duos
2925 501 3224 572 quosdam
3248 510 3421 558 secta;
3434 518 3556 558 suas

1899 585 2193 653 homines,
2227 587 2330 659 qui
2361 587 2619 643 salutam
2647 605 2818 644 suam
2847 604 3094 660 prorsus
3121 590 3248 660 jam
3279 590 3558 662 despera-

1899 680 2050 745 rant,
2084 681 2201 731 tres
2233 674 2312 730 ad
2339 691 2403 730 se
2439 679 2691 732 Romam
2721 677 2960 734 obscuri
2988 679 3248 734 nominis
3279 695 3351 736 ex
3387 679 3555 737 Italia

1899 765 2236 837 episcopos,
2258 780 2482 837 eosque
2507 765 2878 837 simplicibus
2913 773 3092 839 atque
3123 769 3276 824 adeo
3317 769 3554 826 rusticis

1899 855 2187 919 moribus,
2204 854 2280 910 ad
2309 853 2723 910 simulandum
2743 855 3316 914 etdissimulandum
3331 859 3555 914 scilicet

1897 943 2144 999 minime
2197 943 2466 1009 idoneos,
2529 944 2813 1016 pertrahit
2845 961 2858 999 :
2894 945 2993 1000 illo
3045 945 3360 1017 splendido
3400 963 3554 1020 pra;-

1897 1036 2056 1088 textu
2077 1048 2242 1097 usus,
2285 1036 2348 1087 ut
2377 1031 2510 1103 ipsi,
2552 1033 2824 1104 partibus
2856 1034 2978 1088 suis
3010 1035 3396 1106 interpositis,
3431 1052 3556 1092 me-

1897 1119 2156 1175 diatores
2203 1119 2356 1175 inter
2389 1135 2451 1174 se
2495 1125 2550 1175 et
2597 1120 2935 1192 episcopos,
2965 1127 3188 1178 veteres
3227 1125 3560 1180 simultates

1897 1212 1954 1265 et
1974 1208 2312 1264 inimicitias
2333 1215 2782 1281 componerent.
2813 1210 2892 1266 llli
2919 1227 3120 1282 porro,
3152 1217 3396 1284 propter
3433 1215 3554 1268 ani-

1896 1313 2136 1354 morum
2167 1297 2607 1370 simplicitatem
2651 1299 2797 1354 nihil
2817 1299 2932 1355 tale
2954 1301 3142 1369 veriti,
3174 1301 3252 1357 ad
3283 1317 3421 1358 eum
3451 1319 3552 1359 ve-

1897 1402 2059 1442 nere.
2093 1385 2174 1442 lbi
2193 1387 2277 1442 eis
2309 1387 2368 1442 in
2393 1386 2662 1443 conclavi
2695 1387 2996 1443 conclusis
3027 1389 3280 1462 quidam
3315 1406 3386 1446 ex
3418 1391 3547 1462 ejus

1897 1475 2228 1541 sodalitate,
2253 1491 2359 1546 per
2384 1476 2726 1531 animorum
2749 1476 3010 1548 crapulae
3031 1482 3087 1532 et
3103 1477 3403 1534 ebrietatis
3424 1495 3555 1547 gra-

1894 1565 2196 1629 vedinem,
2223 1565 2343 1619 vim
2365 1563 2640 1628 afferunt,
2660 1570 2716 1620 et
2738 1565 3098 1634 imaginaria
3125 1582 3415 1623 manuum
3440 1569 3546 1623 im-

1894 1654 2190 1726 positione
2215 1653 2621 1726 episcopalem
2639 1652 2992 1722 dignitatem
3014 1655 3242 1710 homini
3271 1657 3537 1713 conferre

1895 1749 2135 1812 cogunt.
2189 1743 2356 1808 Quod
2377 1758 2520 1799 sane
2542 1741 2645 1808 illi,
2680 1742 2770 1798 vel
2817 1743 3004 1809 inviti,
3041 1745 3095 1798 vi
3129 1753 3307 1816 atque
3346 1762 3545 1802 neces-

1896 1833 2066 1888 sitate
2096 1831 2360 1891 adducti.
2395 1831 2604 1886 fecere.
2651 1833 2715 1886 Et
2761 1833 3022 1888 Novatus
3052 1834 3343 1890 honorem
3383 1851 3544 1900 eum,

1894 1937 2070 1993 quem
2133 1927 2258 1977 tam
2305 1920 2610 1988 scelerate,
2671 1926 2735 1976 ut
2793 1921 3129 1990 videbatur,
3187 1931 3544 1980 consecutus

1895 2010 2465 2083 fuerat,usurpabat,
2483 2009 2887 2082 eumdemque
2901 2016 3110 2067 contra
3121 2012 3548 2069 obtrectatores

1893 2099 2212 2157 defendere
2250 2098 2504 2170 parabat
2531 2117 2543 2154 :
2569 2099 2773 2160 homo,
2805 2099 2864 2153 in
2901 2114 3023 2171 quo
3053 2099 3308 2157 Satanas
3359 2102 3557 2159 domi-

1894 2189 2096 2246 cilium
2126 2189 2379 2252 habens,
2413 2187 2628 2244 Christi
2651 2203 2871 2242 nomen
2899 2193 2954 2243 et
2985 2188 3167 2245 ﬁdem
3195 2190 3273 2246 ad
3300 2197 3548 2261 praatex-

1894 2285 2041 2342 tum,
2073 2278 2287 2333 saltem
2325 2282 2581 2332 uteretur
2613 2279 2715 2348 (l).
2759 2277 2904 2332 Cum
2941 2279 3100 2332 enim
3137 2279 3215 2334 ab
3243 2281 3557 2336 exorcistis

1894 2367 1968 2422 de
2001 2367 2117 2422 fide
2155 2367 2576 2431 institueretur,
2604 2364 2818 2420 morbo
2865 2370 2952 2420 est
2980 2374 3291 2437 correptus
3337 2369 3506 2438 gravi
3543 2385 3556 2423 :

1893 2471 2152 2528 cumque
2174 2455 2300 2526 jam
2324 2453 2383 2508 in
2415 2455 2857 2525 exspectatione
2883 2455 3090 2510 mortis
3119 2464 3290 2522 esset,
3325 2473 3554 2530 aquam

1893 2545 2207 2617 petiit,qua
2242 2543 2301 2598 in
2331 2543 2463 2614 ipso
2491 2543 2661 2608 lecto,
2702 2544 2782 2599 ita
2809 2549 2868 2600 ut
2909 2544 3334 2611 decumbebat,
3360 2546 3559 2616 perfu-

1895 2651 2015 2700 sus,
2047 2633 2382 2704 baptizatus
2425 2631 2643 2688 scilicet
2673 2633 2872 2689 estzsi
2918 2633 3163 2704 quidem
3206 2634 3555 2690 tinctionem

1894 2721 2240 2794 hujusmodi
2273 2721 2642 2792 baptismum
2663 2737 2872 2779 vocare
2888 2721 3040 2778 licet.
3067 2723 3244 2794 392
3275 2723 3558 2780 Sedenim

1893 2811 1986 2868 ille
2017 2815 2224 2884 postea
2248 2810 2492 2882 reliquis
2534 2810 2806 2866 Ecclesias
2839 2811 3135 2882 symbolis
3167 2818 3346 2884 atque
3380 2827 3560 2868 σωτε-

1895 2901 2114 2956 moniis
2132 2899 2232 2972 (2),
2255 2900 2477 2972 quibus
2503 2899 2580 2956 ad
2611 2915 2751 2956 eum
2785 2900 3036 2955 modum
3060 2901 3221 2956 tincti
3243 2901 3418 2972 juxta
3443 2904 3549 2957 Ec-

1894 2989 2087 3046 clesim
2140 2989 2480 3046 sanctiones
2526 2987 2603 3044 uti
2646 2988 2859 3054 solent,
2891 2988 3135 3044 minime
3182 2989 3404 3061 dignus
3457 2995 3548 3046 est

1893 3079 2136 3135 habitus
2163 3095 2182 3134 :
2212 3093 2408 3150 neque
2438 3093 2575 3133 cum
2609 3077 3025 3144 convaluisset,
3061 3078 3440 3149 signaculum
3473 3079 3551 3136 ab

1893 3168 2180 3242 episcopo
2230 3166 2446 3223 deinde
2501 3167 2720 3238 recepit
2769 3165 2874 3238 (3).
2903 3169 3078 3222 Porro
3131 3183 3268 3222 cum
3298 3168 3554 3240 mystica

1891 3256 2240 3329 hujusmodi
2271 3256 2549 3328 symbola
2587 3271 2709 3312 non
2743 3255 2818 3311 sit
2845 3256 3087 3312 sortitus
3114 3256 3212 3328 (4),
3242 3257 3554 3330 quomodo

1895 3347 2174 3419 Spiritum
2208 3350 2486 3401 sanctum
2512 3349 2600 3400 est
2628 3349 2942 3401 assecutus
2972 3345 3002 3403 ?
3035 3345 3149 3401 Sed
3188 3350 3245 3401 et
3274 3361 3551 3417 persecu-

1893 3436 2070 3497 tionis
2105 3433 2494 3507 temporibus,
2519 3449 2624 3505 per
2657 3434 3055 3498 timiditatem,
3090 3435 3426 3506 presbyteri
3443 3434 3561 3492 ho-

1893 3540 2101 3581 norem
2115 3523 2758 3593 abjuravit.Postquam
2777 3524 2938 3578 enim
2959 3539 2994 3579 a
3015 3522 3284 3578 diaconis
3309 3529 3557 3593 rogatus

1893 3619 2002 3682 est,
2041 3619 2103 3669 ut
2152 3610 2626 3685 periclitantibus
2677 3611 2979 3679 fratribus,
3013 3611 3071 3666 in
3119 3616 3553 3667 tormentorum

1891 3701 2232 3758 discrimine
2266 3701 2524 3755 maxime
2558 3699 2780 3755 auxilio
2812 3699 3245 3772 indigentibus,
3273 3701 3352 3755 ita
3381 3706 3441 3755 ut
3463 3717 3552 3758 sa-

1893 3790 2193 3846 cerdotem
2248 3787 2504 3852 deceret,
2545 3793 2760 3857 praesto
2801 3787 3042 3842 adesset
3076 3805 3088 3843 :
3121 3792 3351 3843 tantum
3389 3787 3552 3845 abest

1894 3884 1958 3936 ut
1987 3878 2101 3934 illis
2125 3878 2199 3932 sit
2237 3876 2579 3942 obsecutus,
2613 3881 2676 3931 ut
2713 3893 2852 3932 cum
2892 3877 3303 3947 indignatione
3331 3893 3554 3947 magna

1894 3983 1956 4024 se
1985 3964 2352 4028 subduxerit,
2378 3965 2528 4020 etde
2583 3969 2798 4020 caetero
2850 3965 3158 4037 presbyter
3205 3981 3338 4021 esse
3371 3965 3550 4022 nolu-

1893 4055 2187 4122 erit,aliud
2217 4053 2438 4110 scilicet
2468 4053 2866 4126 philosophiae
2885 4070 3074 4124 genus
3089 4055 3553 4112 secutus.Aliam

1893 4159 2136 4218 quoque
2171 4143 2503 4199 absurdam
2549 4142 2881 4198 admodum
2925 4159 3051 4198 rem
3088 4144 3148 4199 in
3171 4160 3232 4198 se
3277 4144 3542 4202 admisit.

1895 4236 2041 4290 Cum
2067 4233 2226 4289 enim
2241 4232 2574 4289 oblationes
2592 4231 2844 4304 offerret,
2870 4232 2972 4305 qui
2993 4249 3123 4288 mos
3143 4233 3554 4290 sacerdotibus

1895 4328 2002 4387 est,
2036 4328 2090 4378 et
2118 4324 2248 4394 jam
2295 4322 2370 4378 ad
2413 4321 2898 4378 distributionem
2942 4323 3118 4394 panis
3155 4323 3546 4395 pervenisset.

1894 4413 2036 4470 data
2060 4411 2303 4468 cuilibet
2347 4415 2515 4483 parte
2547 4426 2678 4477 sua,
2705 4426 2814 4482 pro
2845 4427 2915 4466 eo
2974 4411 3142 4483 quod
3172 4428 3308 4468 eum
3339 4414 3556 4484 gratia-

1895 4518 2028 4559 rum
2062 4516 2197 4556 eam
2220 4500 2451 4556 actione
2485 4499 2784 4571 percipere
2815 4499 3356 4572 debebant,jurare
3379 4502 3555 4557 mise-

1895 4607 1992 4647 ros
2009 4590 2235 4660 coegit:
2270 4594 2586 4661 utramque
2608 4589 2768 4645 enim
2821 4589 3277 4661 percipientium
3307 4604 3556 4647 manum

1896 4679 2303 4752 comprimens
2369 4679 2470 4750 (ὅ),
2539 4693 2659 4734 non
2714 4679 2880 4751 prius
2947 4695 3048 4734 eas
3079 4679 3321 4744 remisit,
3368 4695 3555 4752 quam

1892 4770 2159 4841 juratum
2179 4767 2256 4824 ab
2295 4767 2378 4823 eis
2419 4773 2574 4823 esset
2616 4767 2772 4840 (utar
2801 4773 3003 4824 autem
3033 4768 3228 4823 verbis
3258 4769 3387 4839 ejus
3418 4783 3557 4824 con-

1897 4857 2241 4930 ceptis):Adj
2254 4873 2358 4913 ura
2373 4857 2504 4912 mihi
2522 4873 2627 4929 per
2646 4857 3008 4926 sanguinem
3021 4862 3306 4929 etcorpus
3324 4857 3554 4912 Domini

1895 4947 2084 5004 nostri
2112 4945 2826 5017 JesuChristi,nunquam
2860 4952 2914 5000 te
2933 4964 2968 5000 a
3001 4962 3096 5001 me
3119 4946 3550 5002 discessurum.

1896 5042 1952 5093 et
2001 5037 2079 5092 ad
2127 5034 2466 5092 Cornelium
2521 5035 2849 5105 (Romanus
2897 5035 2991 5090 hic
3050 5035 3157 5091 fuit
3209 5036 3554 5108 episcopus)

1896 5124 2227 5183 rediturum
2275 5140 2425 5180 esse.
2469 5123 2656 5180 Miseri
2705 5129 2901 5179 autem
2942 5124 3022 5180 illi
3041 5140 3164 5180 non
3193 5125 3356 5196 prius
3383 5125 3549 5197 quod

1897 5217 2275 5287 acceperant,
2295 5211 2706 5284 degustarunt,
2735 5228 2920 5284 quam
2951 5228 3012 5270 se
3040 5213 3121 5269 illi
3152 5214 3554 5271 devoverant:

1899 5395 2064 5450 ματος
2101 5377 2282 5450 ῖτυχιν
2307 5392 2323 5445 ;
2365 5372 2680 5450 Eusebius.

1973 5449 2054 5519 (5)
2095 5444 2565 5519 Εδ”ιθωροειοιθ
2629 5444 2798 5519 laicis
2853 5445 3035 5519 etiam
3089 5445 3450 5519 eucharistia
3496 5446 3560 5503 in

1902 5517 2118 5646 rtnttmus
2151 5517 2450 5574 dabatur:
2483 5517 2648 5588 quod
2680 5520 2890 5589 postea
2917 5518 2977 5573 in
3017 5517 3275 5575 Ecclesia
3303 5523 3391 5574 est
3425 5535 3560 5575 mu-

1927 5605 1964 5648 a
1991 5605 2116 5646 um.
