4040 6224
466 227 599 284 H39

1736 228 2123 286 NICEPHORI
2165 228 2485 286 CALLISTI

3659 87 3932 120 T9:-

3675 232 3810 288 1140

457 359 510 408 et
550 368 659 424 pro
702 367 773 409 eo
799 351 964 425 quod
994 353 1200 417 Amen,
1241 367 1584 408 reversuros
1639 352 1861 408 scilicet
1900 368 1963 408 se
2018 353 2098 408 ad

2226 351 2474 410 ἐπανήκων
2535 361 2596 426 τῇ
2673 352 2959 427 Ἐκκλησία
3003 357 3062 408 τό
3132 353 3368 429 ἔγκλημα
3447 352 3759 431 ἀπωδύρετο
3797 397 3811 410 .

455 441 794 498 Cornelium
847 441 1206 514 proﬁtentes,
1255 441 1448 498 dicere
1491 441 1816 506 debebant,
1875 442 2102 498 minine

454 547 518 588 se
547 531 840 588 redituros
889 531 1187 586 dixerunt.
1220 531 1402 602 llujus
1441 529 1738 598 fraudem,
1772 531 2103 604 malignita-

454 627 598 686 tem,
630 627 685 676 et
704 619 1013 676 cacoethes
1065 619 1329 676 haeresis.
1359 620 1648 675 Maximus
1674 620 2005 692 presbyter,
2046 625 2104 675 et

2211 446 2300 493 καὶ
2363 439 2644 514 εἰσεδέχθη
2702 443 2885 497 λαῖκού
2936 450 3119 518 χώραν
3171 441 3376 507 δούσης
3415 445 3582 524 αύτῷ.
3635 445 3726 508 Εἰς
3756 441 3809 498 δι

2211 533 2334 591 τοὺς
2387 535 2576 594 τόπους
2633 539 2733 585 τῶν
2790 532 3086 587 ἐπισκόπων
3133 533 3315 596 ἄλλους
3379 537 3814 610 χειροθετήσασα

2213 617 2432 672 ἔστελλε.

456 710 756 778 Urbanus,
776 709 986 781 quibis
1011 708 1310 764 liberrime
1344 725 1453 781 pro
1486 709 1718 766 Christo
1750 709 2150 776 decertarunt,
2189 712 2244 764 et
2281 709 2582 778 ingentem
2622 710 2875 781 gloriam
2902 728 2975 768 ex
3003 711 3382 770 confessione
3411 717 3811 784 reportarunt,

454 804 742 870 praeterea
764 797 1044 853 Sidonius
1063 805 1118 852 et
1135 797 1569 869 Celerinus,qui
1592 798 1653 852 in
1679 797 1892 853 eodem
1910 797 2102 852 stadio
2131 795 2540 862 decurrerunt,
2564 800 2739 871 primi
2770 800 3328 873 deprehenderunt:
3354 802 3662 875 primique
3674 818 3812 858 cum

452 903 526 945 eo
551 889 876 958 congressi,
903 887 978 942 de
1017 902 1088 941 eo
1121 886 1492 958 triumphum
1549 887 1608 941 in
1664 886 1922 942 Ecclesia
1971 888 2240 954 egerunt.
2282 887 2362 940 Ex
2414 885 2499 941 eis
2543 894 2741 944 autem
2791 891 2895 962 qui
2951 890 3238 960 suﬂragio
3277 897 3335 947 et
3363 892 3813 948 consecratione

453 993 566 1034 sua
608 980 906 1033 Novatum
955 977 1306 1048 episcopum
1354 975 1725 1039 ordinarant,
1778 991 1933 1030 unus
1983 989 2107 1030 non
2127 974 2306 1044 longe
2350 983 2488 1046 post
2529 977 2607 1033 ad
2647 977 2904 1035 Ecelesia
2953 995 3251 1046 reversus,
3282 979 3534 1036 crimine
3555 996 3664 1052 per
3693 996 3814 1053 pca-

453 1067 762 1123 nitentiam
784 1071 840 1121 et
864 1065 1092 1121 luctum
1113 1065 1646 1137 abolito,receptus
1672 1063 1941 1137 quidem,
1975 1063 2078 1119 sed
2123 1063 2238 1120 laci
2267 1067 2498 1120 tantum
2545 1065 2600 1120 ei
2647 1081 2937 1124 concessa
2979 1083 3108 1124 sors
3149 1075 3259 1134 est,
3301 1084 3372 1126 ac
3403 1069 3464 1126 in
3504 1069 3816 1142 episcopo-

453 1171 589 1213 rum
629 1171 838 1213 eorum
867 1155 1068 1212 locum
1103 1154 1203 1210 alii
1234 1158 1372 1209 sunt
1401 1152 1657 1211 suffecti.

1001 1317 1175 1390 393
1205 1316 1436 1373 CAPUT
1476 1319 1563 1373 iV.

460 1443 759 1511 Quomodo
786 1443 1105 1514 Dionysius
1130 1444 1433 1512 lapsorum
1451 1442 1703 1498 suaserit
1723 1441 2105 1509 receptum,et

853 1515 1104 1586 epistola
1128 1514 1250 1584 ejus
1288 1514 1369 1571 ad
1395 1515 1712 1570 Novatum.

530 1695 748 1751 Haeresi
777 1709 848 1750 ea
868 1695 1043 1764 longe
1074 1694 1308 1766 lateque
1338 1693 1600 1764 vulgata,
1633 1693 1843 1764 ingens
1869 1695 1994 1747 erat
2019 1695 2103 1745 tu-

453 1784 679 1842 multus
708 1801 719 1840 :
750 1788 805 1839 et
835 1784 1001 1839 multi
1040 1783 1412 1840 orationibus
1442 1784 1696 1856 scriptis,
1730 1781 1899 1838 multi
1929 1779 2107 1836 etiam

455 1873 586 1930 aliis
617 1873 814 1929 modis
848 1874 1112 1942 aggressi
1139 1879 1279 1928 sunt
1309 1873 1703 1928 fundamenta
1735 1871 1862 1942 ejus
1893 1869 2108 1925 erroris

456 1969 738 2018 evertere.
781 1964 925 2028 Quae
944 1977 1084 2018 vero
1114 1963 1175 2017 in
1199 1961 1449 2034 epistola
1468 1962 1734 2034 quadam
1757 1957 2107 2015 Alexandri-

452 2066 570 2108 nus
595 2051 909 2123 Dionysius
953 2051 1276 2124 scripserit,
1319 2051 1659 2106 audiamus.
1695 2069 1724 2102 α
1756 2049 1954 2105 Sancti
1991 2045 2106 2119 ipsi

454 2141 617 2213 apud
659 2155 768 2196 nos
819 2145 1137 2212 martyres,
1169 2141 1377 2196 Christi
1418 2155 1579 2196 nunc
1616 2143 1973 2202 assessores',
2013 2152 2105 2191 re-

455 2230 678 2302 gnique
703 2230 832 2300 ejus
860 2229 1200 2302 participes,
1229 2228 1549 2300 participes
1580 2229 1756 2284 etiam
1789 2226 2020 2298 judicii,
2052 2230 2108 2280 et

454 2335 564 2391 pro
603 2318 881 2374 tribunali
931 2334 1070 2373 cum
1101 2334 1170 2373 eo
1221 2317 1511 2382 sedentes,
1547 2316 1750 2389 lapsos
1807 2315 2108 2388 quosdam

452 2409 668 2466 fratres
704 2407 1253 2480 sacriﬁciorumque
1292 2407 1519 2463 crimen
1554 2401 1908 2462 sustinentes
1949 2419 2109 2459 rece-

453 2498 1270 2571 peruntzconversionemque
1301 2496 1710 2568 etpmnitentin
1724 2512 1778 2550 m
1807 2509 2016 2549 eorum
2029 2494 2108 2547 vi-

452 2588 866 2657 dentes,atque
879 2591 1185 2658 acceptam
1205 2593 1549 2658 gratamque
1563 2585 1686 2642 fore
1698 2585 1752 2640 ei
1765 2584 2109 2640 existiman-

453 2681 561 2742 tes,
591 2676 694 2748 qui
725 2691 846 2731 non
870 2675 952 2730 ita
965 2675 1356 2731 vultmortem
1377 2673 2110 2746 peccatoris,atqueipsius

452 2766 884 2838 paenitentiam,
900 2764 1207 2836 explorata
1219 2781 1291 2820 ea
1313 2770 1490 2836 atque
1504 2763 1920 2834 comprobata,
1936 2764 1996 2817 in
2011 2761 2110 2816 Ec-

453 2853 696 2910 clesiam
729 2853 1119 2918 admiserunt,
1151 2860 1207 2908 et
1228 2854 1303 2909 ad
1323 2869 1462 2909 eum
1491 2852 1739 2908 modum
1766 2849 2110 2924 receptislo-

454 2958 592 2998 cum
624 2958 801 2997 suum
827 2941 1139 3010 dederunt,
1164 2944 1621 3015 orationemque
1652 2940 2109 2997 simuletcibum

455 3047 594 3088 cum
626 3033 710 3086 eis
741 3032 1286 3088 communicarunt.
1312 3032 1627 3097 Quodnam
1650 3032 1848 3101 igitur,
1879 3030 2107 3097 fratres,

2849 1325 3090 1375 ΚΕΦΔΛ.
3119 1319 3186 1375 Δ’.

2217 1445 2368 1516 Περὶ
2406 1442 2482 1493 ὧν
2548 1443 2922 1516 εἰσηγεῖται
2984 1448 3320 1508 Διονύσιος
3379 1446 3469 1508 εἰς
3511 1442 3827 1517 ,παραδο-

2287 1517 2412 1584 χὴν
2450 1521 2566 1588 τῷν
2627 1521 3269 1588 παραπεπτωκότων·
3327 1523 3437 1571 καὶ
3499 1516 3821 1576 ὶπιστολὲ

2287 1592 2396 1636 τοῦ
2433 1585 2630 1638 αὐτοῦ
2668 1585 2823 1662 πρὸς
2863 1595 3188 1647 Ναυᾶτον.

2287 1695 2393 1752 Τῆς
2436 1687 2494 1744 δε
2555 1694 2671 1745 κατ’
2721 1693 2875 1746 αὐτόν
2914 1695 3162 1769 αἱρέσεως
3213 1694 3623 1767 πλατυνομένης,
3656 1695 3832 1757 πολὺς

2220 1780 2452 1852 τάραχος
2501 1778 2583 1845 ἦν,
2624 1787 2714 1835 καὶ
2768 1781 2944 1836 πολλοὶ
3001 1786 3091 1856 μεν
3146 1783 3339 1856 λόγοις,
3398 1783 3575 1838 πολλοὶ
3631 1781 3693 1838 δε
3734 1790 3832 1837 καὶ

2215 1874 2404 1941 τρόπον
2443 1871 2630 1943 ἓτερον,
2685 1871 2956 1924 καταλύειν
3013 1871 3316 1947 ἐπεχείρουν
3367 1877 3425 1926 τό
3470 1882 3566 1934 τῆς
3622 1873 3832 1936 πλάνης

2218 1957 2464 2028 θεμέλιον.
2518 1961 2620 2012 Οἷα
2663 1957 2715 2013 δ’
2760 1957 2848 2013 οὖν
2898 1966 2988 2014 καὶ
3039 1964 3065 2014 ό
3114 1970 3211 2024 τῆς
3257 1959 3655 2038 Ἀλεξανδρείας
3712 1962 3831 2016 ἑπέ-

2219 2046 2390 2100 στελλε
2437 2051 2717 2115 Διονύσιος,
2779 2046 3164 2123 διακούσωμεν.
3226 2071 3254 2103 ι(
3311 2051 3471 2106 Αύτοὶ
3525 2057 3699 2104 τοίνυν
3778 2053 3828 2104 οἰ

2219 2136 2346 2188 θεῖοι
2377 2139 2655 2211 μάρτυρες,
2697 2141 2746 2192 οἱ
2795 2147 2884 2191 νῦν
2921 2141 3044 2214 παρ’
3089 2141 3214 2214 ἡμῖν
3266 2148 3355 2194 τοῦ
3403 2148 3639 2214 Χριστοῦ
3687 2143 3828 2214 πάρ-

2217 2221 2383 2300 εδροι,
2436 2231 2522 2279 καὶ
2576 2236 2669 2290 τῆς
2725 2226 3002 2300 βασιλείας
3051 2229 3212 2282 αὐτοῦ
3259 2235 3514 2296 κοινωνοὶ,
3555 2235 3648 2283 καὶ
3700 2236 3829 2304 μέτ-

2218 2333 2344 2386 οχοι
2399 2322 2494 2376 τῆς
2543 2321 2764 2388 κρίσεως
2819 2317 2981 2370 αὐτοῦ
3038 2323 3129 2372 καὶ
3201 2315 3609 2381 σννδικάζοντες
3655 2321 3830 2391 αὐτῷ,

2219 2411 2320 2455 τῶν
2411 2411 2897 2478 παραπεπτωκότων
2983 2403 3214 2481 ἀδελφῶν
3293 2429 3433 2470 τινας
3503 2410 3830 2471 ὑπευθύνους

2219 2499 2324 2553 τοῖς
2400 2501 2500 2545 τῶν
2557 2496 2750 2547 θυσιῶν
2839 2494 3137 2568 ίγκλήμασι
3202 2501 3505 2570 γενομένόυς
3566 2498 3834 2572 προσελά-

2221 2580 2369 2634 ϐοντο
2403 2599 2415 2612 °
2487 2588 2578 2636 καὶ
2632 2588 2726 2642 τὴν
2791 2586 3107 2658 ἓπιστροφήν
3172 2591 3262 2639 καὶ
3317 2590 3588 2659 μετάνοιαν
3656 2587 3830 2641 αὐτῶν

2224 2669 2435 2736 ἰδόντες,
2491 2669 2680 2732 δεκτήν
2735 2676 2976 2744 γενέσθαι
3045 2672 3334 2749 δυναμένην
3395 2685 3466 2748 τῷ
3520 2681 3593 2750 μὴ
3641 2674 3833 2750 βουλο-

2220 2764 2354 2834 μένῳ
2405 2761 2627 2814 καθόλου
2677 2766 2764 2814 τόν
2817 2765 3031 2818 θάνατον
3077 2772 3168 2818 τοῦ
3231 2765 3556 2842 ἀμαρτωλού,
3606 2769 3673 2827 ὡς
3731 2771 3833 2826 τὴν

2221 2851 2490 2922 μετάνοιαν
2547 2848 2946 2924 δοκιμάσαντες,
3019 2851 3368 2922 εἰσεδέξαντο,
3431 2860 3521 2908 καὶ
3600 2861 3832 2928 συνήγα-

2221 2959 2334 3010 γον,
2390 2944 2481 2992 καὶ
2533 2944 2878 3008 συνέστησαν,
2941 2947 3027 2996 καὶ
3067 2952 3381 3017 προσευχῶν
3425 2944 3605 3008 αὐτοῖς
3656 2950 3753 2998 καὶ
3787 2945 3834 2998 ἑ-

2224 3031 2481 3090 στιάσεως
2536 3028 2899 3089 ἐκοινώνησαν.
2940 3036 3005 3085 Τί
3059 3029 3148 3084 οὖν
3195 3035 3342 3106 ἡμῖν,
3397 3029 3634 3106 ἀδελφοὶ,
3692 3053 3834 3107 συμ-

453 3119 630 3176 nobis
642 3120 716 3175 de
729 3120 812 3174 eis
827 3118 1144 3174 consilium
1159 3119 1496 3192 datis?quid
1509 3120 1743 3176 faciend
1753 3135 1845 3174 um
1858 3115 2111 3190 putatis?

2226 3117 2484 3171 ϐουλεύετε
2566 3124 2685 3192 περὶ
2749 3123 2980 3187 tauro»;
3047 3125 3098 3174 τί
3162 3123 3286 3195 ἡμῖν
3339 3127 3643 3197 πρακτέονς
3690 3128 3833 3196 Σύμ-

454 3207 959 3278 suﬁ'ragatoresne
993 3213 1050 3264 et
1074 3209 1506 3280 subscriptores
1536 3208 1773 3264 illorum
1805 3207 2110 3264 sententia

453 3298 695 3363 erimus,
722 3296 1140 3369 judiciumque
1171 3303 1227 3352 et
1257 3299 1508 3368 gratiam
1542 3313 1750 3354 eorum
1782 3301 2109 3360 servantes,

451 3386 752 3456 benignos
798 3402 910 3442 nos
955 3401 1096 3456 erga
1128 3402 1250 3452 eos,
1291 3402 1549 3459 quorum
1583 3386 1661 3442 illi
1702 3386 1928 3442 miserti
1953 3390 2110 3450 sunt,

453 3475 900 3532 exhibebimus?
914 3491 989 3530 an
999 3475 1018 3545 j
1031 3476 1296 3531 udicium
1311 3492 1520 3532 eorum
1540 3475 1720 3531 veluti
1735 3475 2007 3548 iniquum
2028 3489 2112 3529 re-

455 3565 1037 3638 probabirnus,atque
1055 3565 1114 3619 in
1131 3567 1470 3621 sententiam
1487 3581 1689 3621 eorum
1703 3565 2012 3636 iniquirem
2024 3580 2110 3630 us,

456 3654 1007 3725 benignitatemque
1035 3653 1626 3720 contristabimus,et
1657 3653 1822 3724 quod
1853 3655 1998 3709 bene
2029 3659 2115 3707 est

458 3744 842 3800 constitutum
867 3747 926 3798 et
952 3742 1298 3798 ordinatum
1320 3743 2114 3814 retractabimus,Deumque

456 3833 657 3904 ipsum
671 3830 1361 3888 exacerbabimus‘imzec
1377 3832 1692 3904 Dionysius
1706 3832 1780 3888 de
1793 3833 1878 3888 ei
1895 3833 1995 3904 qui
2011 3847 2116 3903 per

456 3921 865 3978 inﬁrmitatem
897 3921 1386 3992 persecutionum
1411 3922 1784 3993 temporibus
1813 3922 1962 3993 lapsi
1993 3921 2115 3977 fue-

455 4016 612 4078 rant,
635 4010 886 4081 scripsit.
912 4010 1119 4076 Qualia
1134 4026 1273 4067 vero
1291 4011 1371 4067 ad
1400 4011 1600 4082 ipsum
1616 4014 1906 4068 Novatum
1928 4011 2116 4066 Eccle-

461 4101 613 4155 siam
631 4100 838 4155 Romae
853 4100 1298 4170 perturbantem
1322 4100 1642 4169 scripserit,
1669 4117 1912 4172 aequum
1937 4107 2028 4156 est
2058 4107 2118 4155 ut

460 4188 558 4244 hic
577 4189 928 4260 proferatur.
955 4190 1100 4245 Cum
1119 4189 1408 4254 enimille,
1435 4189 1548 4244 sub
1565 4189 1810 4245 obtentu
1824 4189 2114 4260 quodam,

460 4277 516 4333 in
550 4278 868 4334 nonnullos
898 4278 1108 4334 fratres
1141 4277 1478 4334 schismatis
1503 4286 1559 4334 et
1587 4277 1816 4334 dissidii
1843 4293 2114 4343 causam,

462 4367 710 4438 perinde
735 4373 916 4439 atque
937 4367 1014 4422 ab
1056 4366 1168 4421 illis
1199 4368 1277 4423 ab
1311 4368 1558 4422 consilia
1593 4375 1908 4440 captaque
1957 4367 2117 4438 ejus—

465 4456 654 4521 modi,
689 4471 794 4528 per
814 4457 935 4512 vim
958 4456 1324 4513 descendere
1350 4464 1591 4512 coactus
1604 4463 1778 4524 esset,
1805 4457 2116 4522 conferret,
2156 4442 2196 4496 ί)

467 4545 622 4613 vide,
661 4561 887 4617 quaeso,
920 4547 1144 4618 quibus
1170 4546 1246 4601 ad
1274 4561 1413 4601 eum
1438 4551 1638 4601 utatur
1671 4547 1860 4602 verbis
1893 4564 1906 4602 :
1937 4566 1965 4598 «
1992 4547 2120 4601 Dio-

470 4634 678 4706 nysius
709 4637 933 4690 Novato
960 4635 1124 4691 fratri
1154 4634 1428 4690 salutem.
1459 4635 1513 4690 Si
1559 4636 1875 4696 invitus,ut
1899 4635 2118 4707 inquis,

467 4723 584 4780 hoc
611 4723 841 4779 consilii
869 4725 1094 4796 cepisti,
1127 4723 1412 4796 idipsum,
1433 4724 1479 4778 si
1509 4725 1808 4780 voluntate
1834 4732 1890 4780 et
1911 4729 2121 4794 sponte

471 4817 575 4869 tua
605 4812 663 4868 in
707 4813 870 4868 viam
925 4812 1189 4881 redieris,
1220 4813 1574 4869 declarabis.
1607 4816 1670 4868 Et
1716 4828 1835 4868 non
1872 4814 2120 4870 minoris

468 4903 736 4975 martyrii
772 4902 966 4958 laudis
997 4908 1053 4958 et
1096 4903 1298 4971 gloriae
1330 4902 1539 4968 fuerat,
1574 4903 1696 4958 imo
1738 4918 1873 4959 meo
1895 4904 2121 4973 judicio

469 4992 650 5048 etiam
677 4991 944 5064 majoris,
966 4990 1279 5049 Ecclesiam
1306 5006 1428 5047 non
1459 4992 1747 5055 scindere,
1780 5007 1966 5064 quam
1997 4993 2122 5049 ido-

465 5081 540 5138 lis
566 5097 687 5138 non
728 5082 1080 5137 sacriﬁcare.
1114 5082 1234 5137 Hac
1261 5082 1421 5137 enim
1448 5085 1616 5152 parte
1655 5081 1832 5136 alicui
1862 5082 1938 5137 de
1978 5097 2116 5147 una,

466 5186 658 5243 eaque
691 5187 804 5226 sua
833 5170 1020 5243 ipsius
1050 5171 1272 5237 anima,
1315 5168 1639 5241 suscipitur
1677 5175 1978 5227 certamen
2014 5190 2026 5227 :
2061 5173 2120 5226 in

468 5259 572 5316 illa
601 5265 823 5327 autem,
853 5261 926 5316 de
957 5260 1212 5317 Ecclesia
1253 5261 1528 5316 universa
1564 5260 1834 5333 martyrii
1865 5261 2124 5316 subeun-

470 5349 583 5406 dus
615 5355 705 5406 est
733 5365 911 5421 agon.
956 5349 1207 5406 Proinde
1251 5351 1297 5405 si
1329 5350 1419 5405 vel
1467 5349 1851 5420 persuaseris,
1875 5349 1968 5406 vel
1994 5365 2123 5407 coe-

474 5439 630 5509 geris
658 5439 866 5496 fratres
897 5440 974 5496 ad
1026 5440 1412 5496 concordiam
1445 5439 1654 5505 redire,
1689 5439 1972 5496 illustrior
2015 5441 2122 5496 tibi

475 5528 608 5602 ipso
634 5528 806 5602 lapsu
833 5529 1005 5586 fuerit
1034 5528 1475 5601 resipiscentia:
1508 5527 1686 5601 394
1714 5535 1770 5584 et
1801 5545 1937 5586 cum
1971 5546 2124 5587 erra-

2220 3206 2389 3279 ψηφοι
2465 3212 2555 3260 καὶ
2611 3209 2963 3282 ὁμογνώμονες
3039 3210 3213 3272 αὐτοῖς
3298 3221 3662 3284 καταστῶμεν,
3737 3217 3833 3266 καὶ

2220 3301 2314 3354 τὴν
2390 3301 2562 3372 κρίσιν
2617 3297 2789 3350 αύτῶν
2841 3304 2931 3351 καὶ
2982 3304 3075 3359 τὴν
3133 3303 3295 3376 χάριν
3348 3301 3683 3374 φυλάξομενς
3735 3307 3831 3354 καὶ

2220 3393 2325 3446 τοῖς
2377 3385 2658 3444 ἐλεηθείσιν
2710 3387 2797 3439 ὑπ’
2859 3388 3026 3440 αὐτῶν
3075 3392 3565 3464 χρηστευσόμεθα;
3627 3393 3660 3450 ἠ
3732 3397 3832 3450 τὴν

2220 3481 2395 3548 κρίσιν
2448 3475 2616 3528 αὐτῶν
2672 3473 2858 3530 ἄδικον
2908 3481 3286 3551 ποιησόμεθα;
3339 3486 3428 3533 καὶ
3495 3477 3834 3553 δοκιμαστὰς

2221 3564 2406 3626 αύτούς
2462 3573 2557 3626 τῆς
2597 3568 2797 3618 ἐκείνων
2847 3571 3058 3638 γνώμης
3123 3567 3523 3641 ἐπιστήσομενς
3580 3575 3676 3623 καὶ
3732 3576 3831 3630 τήν

2221 3657 2571 3726 χρηστότητα
2616 3654 2964 3726 λυπήσομεν;
3030 3662 3119 3710 καὶ
3175 3663 3268 3716 τὴν
3334 3658 3477 3722 τάξιν
3535 3657 3832 3713 ἀνασκευά-

2225 3761 2378 3815 σομεν
2413 3761 2426 3811 ;
2475 3748 2565 3796 καὶ
2612 3747 2699 3796 τόν
2744 3748 2872 3798 Θεὸν
2919 3745 3305 3819 παροξυνοῦμεν
3337 3765 3353 3818 ;
3385 3770 3412 3796 ››
3467 3755 3652 3802 Ταῦτα
3807 3752 3831 3802 ό

2225 3835 2491 3895 Διονύσιος
2551 3837 2670 3904 περὶ
2729 3841 2827 3886 τῶν
2888 3834 3307 3897 ἑξησθενηκότων
3363 3835 3411 3888 ἕν
3464 3845 3537 3908 τῷ
3605 3835 3832 3910 διωγμῷ

2222 3926 2475 3994 γέγραφεν
2515 3938 2528 3951 °
2593 3923 2748 3974 όποὶα
2794 3919 2853 3976 δε
2891 3928 2978 3976 καὶ
3029 3924 3171 3995 αύτῷ
3211 3923 3382 3996 ἐκείνῳ
3445 3928 3677 3999 Ναυάτῳ
3735 3933 3831 3985 τὴν

2225 4008 2273 4062 ἐν
2327 4010 2496 4084 Ῥώμῃ
2554 4010 2864 4069 Ἐκκλησίαν
2937 4009 3304 4066 διασαλεύοντι
3356 4019 3603 4090 γέγραφε,
3662 4035 3832 4090 παρα-

2229 4101 2412 4180 θέσθαι
2477 4097 2704 4155 δίκαιον.
2782 4099 2994 4161 Ἐπειδὴ
3049 4104 3148 4178 γάρ
3223 4122 3363 4164 τινας
3431 4113 3529 4156 τῶν
3592 4102 3827 4178 ἀδελφῶν

2225 4187 2579 4262 προύϐίϐλητο
2645 4190 2729 4242 ἐπὶ
2784 4193 3041 4265 προφάσει
3091 4200 3182 4244 τοῦ
3241 4197 3569 4266 σχίσματος,
3628 4198 3697 4256 ὡς
3757 4192 3824 4253 δή

2227 4283 2356 4352 πρός
2431 4278 2600 4331 αὐτῶν
2682 4278 2882 4332 ἐκείνων
2998 4279 3390 4355 ἐκϐεϐιασμένος
3483 4283 3645 4337 ἓλθεῐν
3747 4289 3830 4338 ἐπὶ

2227 4376 2412 4432 ταῦτα,
2445 4369 2540 4440 ὅρα
2575 4373 2690 4421 τίνα
2729 4374 2918 4443 τρόπον
2961 4375 3053 4423 καὶ
3091 4371 3232 4432 αύτῷ
3282 4374 3471 4445 γράφει
3514 4389 3526 4403 ·
3567 4393 3596 4423 ‹‹
3649 4378 3830 4428 Διονύ-

2231 4476 2343 4519 σιος
2389 4464 2700 4529 Ναυατιανῷ
2749 4455 2950 4532 ἀδελφῷ
2997 4464 3205 4535 χαίρειν
3247 4478 3260 4490 '
3287 4461 3333 4514 εἰ
3383 4462 3544 4526 οἰκων,
3587 4465 3657 4524 ὡς
3713 4467 3829 4535 φης,

2229 4549 2424 4618 ἣχθης,
2503 4542 2704 4614 δείξεις,
2755 4546 2814 4600 ἀν
2882 4547 3232 4622 ἀναχωρησης
3300 4549 3448 4604 ἐκων.
3525 4547 3673 4604 Ἔδει
3742 4556 3828 4623 μεν

2228 4640 2328 4709 γὰρ
2379 4640 2469 4688 καὶ
2523 4643 2622 4688 πᾶν
2681 4637 2852 4690 ὁτιοῦν
2899 4640 3100 4706 παθεῖν,
3153 4640 3280 4712 ὑπὲρ
3313 4647 3404 4692 τοῦ
3448 4643 3520 4714 μὴ
3569 4637 3829 4712 διακόψαι

2229 4731 2320 4784 την
2373 4724 2688 4784 Ἐκκλησίαν
2746 4733 2837 4778 τού
2890 4734 3023 4780 Θεοῦ
3059 4744 3071 4756 ·
3122 4732 3213 4780 καὶ
3267 4724 3328 4786 ἦν
3395 4728 3489 4781 ούκ
3542 4725 3830 4802 ἀδοξοτὲρα

2229 4821 2326 4875 τῆς
2389 4814 2546 4866 ἕνεκεν
2620 4821 2712 4866 τοῦ
2795 4818 2867 4886 μὴ
2953 4811 3402 4891 εἰδωλοληρῆσαι
3463 4821 3746 4890 γενομένης
3799 4819 3824 4874 ἑ

2231 4904 2376 4956 ἕνεκα
2429 4909 2518 4955 τού
2557 4907 2628 4974 μὴ
2694 4907 2890 4974 σχίσαι
2943 4909 3235 4978 μαρτυρίου
3269 4922 3282 4935 ·
3323 4907 3440 4959 κατ’
3484 4909 3573 4978 εμὲ
3625 4904 3690 4960 δε
3749 4912 3828 4960 καὶ

2231 4993 2442 5065 μείζων.
2493 4992 2633 5044 Ἐκεῖ
2685 4996 2773 5064 μεν
2838 4995 2936 5066 γὰρ
2999 4995 3125 5066 ύπερ
3183 5000 3310 5066 μιᾶς
3363 5014 3445 5058 τις
3499 5004 3592 5056 τῆς
3646 4996 3828 5050 ἑαυτοῦ

2229 5081 2434 5153 ψυχῆς,
2481 5080 2701 5134 ἐνταῦθα
2749 5077 2809 5135 δε
2860 5083 2984 5158 ύπερ
3029 5085 3147 5145 ὅλης
3197 5092 3287 5145 τῆς
3335 5083 3646 5146 Ἐκκλησίας
3697 5105 3829 5158 μαρ-

2231 5179 2396 5246 τυρεῖ.
2439 5176 2538 5225 Καὶ
2588 5178 2676 5223 νῦν
2717 5167 2776 5224 δε
2815 5172 2857 5224 εἰ
2905 5177 3121 5238 πείσεις,
3163 5174 3192 5232 ἦ
3242 5171 3459 5247 βιάσαιο
3510 5179 3630 5236 τοὺς
3686 5172 3826 5228 ἀδελ·

2234 5265 2356 5333 φούς
2389 5260 2454 5322 εἰς
2502 5263 2739 5333 ὁμόνοιαν
2788 5260 2969 5326 ἓλθιῖν,
3011 5262 3188 5335 μεῖξον
3237 5265 3387 5316 ἔσται
3432 5283 3516 5318 σοι
3546 5272 3641 5318 τοῦ
3675 5263 3826 5337 σφάλ·

2233 5370 2393 5423 ματος
2445 5353 2503 5402 τό
2558 5352 2904 5422 κατόρθωμα·
2939 5356 3028 5404 καὶ
3075 5356 3132 5404 τό
3179 5355 3268 5425 μεν
3320 5353 3379 5406 ού
3427 5354 3820 5426 λόγισθὴσεται,

2232 5442 2298 5492 τά
2369 5436 2427 5492 δε
2495 5438 2908 5498 ἐπαινεθήσεται.
2958 5441 3019 5494 Εἰ
3084 5437 3142 5494 δε
3208 5439 3558 5496 ἀπειθούντων
3633 5439 3824 5496 ἀδυνα-

2235 5533 2400 5596 “rotat,
2468 5529 2647 5591 σώζων
2726 5532 2862 5593 σῶζε
2935 5534 3028 5589 τὴν
3109 5538 3330 5585 σεαυτοῦ
3392 5532 3600 5605 ψυχήν.
3660 5531 3820 5607 Ἐρρι-
