4000 6220
138 272 164 326 1
181 273 274 328 Mt
1197 277 1718 338 ECCLESIASTIC:

1919 281 2155 337 ιΤΟΒΙΕ
2196 283 2322 336 LIB.
2370 283 2464 338 Vl.
3366 282 3499 337 1142

133 401 266 452 σθαι
328 419 386 453 σε
443 399 690 476 ἰχόμενον
757 411 853 466 τῆς
918 405 1145 478 εἰρήνης,
1215 404 1262 457 ἓν
1325 411 1500 482 Κυρίῳ
1575 410 1713 480 εύχο·

1920 424 1970 464 m
2015 408 2118 464 tibi
2171 410 2312 466 vitio
2373 411 2618 468 minime
2683 415 2957 479 vertetur,
3017 415 3141 468 tum
3185 410 3500 481 castigatio

131 509 254 560 μαι·
295 511 314 539 ι
1841 499 2102 554 maxime
2126 497 2290 555 laudi
2315 502 2440 556 erit.
2474 501 2646 566 Quod
2677 503 2722 556 si
2755 502 2887 558 illos
2921 517 3135 574 parum
3177 501 3281 557 tibi
3321 499 3498 556 obse-

129 583 389 650 quentes
414 580 472 635 in
501 585 792 653 potestate
824 585 924 638 tua
953 597 1075 639 non
1101 582 1305 652 habes,
1342 590 1512 643 tuam
1549 585 1762 644 saltem
1793 587 1981 660 ipsius
2022 591 2290 646 animam
2345 605 2610 656 servans,
2644 596 2901 649 servato.
2934 591 3142 648 Valere
3167 595 3242 661 te,
3288 593 3498 662 quate-

128 681 252 723 nus
293 683 506 741 pacem
534 671 919 740 consectaris,
950 671 1011 728 in
1035 672 1290 730 Domino
1321 680 1484 747 opto.
1515 695 1539 728 υ

765 792 1011 842 ΚΕΦΑΛ.
1046 788 1119 844 Ε’.

2504 796 2727 853 CAPUT
2774 799 2836 852 V.

131 895 291 965 Περὶ
482 890 540 945 ἓν
576 892 779 976 Ῥιώμη
826 901 933 950 καὶ
972 895 1030 976 ἐν
1070 896 1346 976 ’ᾼφριμκῇ
1389 903 1701 976 γενολμίνω

1916 902 2191 972 esynodis
2210 903 2407 976 Romae
2431 909 2486 959 et
2517 903 2579 976 in
2601 903 2813 971 Africa
2841 904 3058 959 coactis
3078 918 3208 976 quae
3226 902 3496 960 haresim

209 960 542 1045 συνόδωνέ
603 964 656 1017 αἱ
701 960 828 1026 ’την
892 975 1015 1022 τοῦ
1089 960 1408 1024 Νιὲιυοίτου⁷
1471 960 1737 1045 αἵρεσιν

1471 991 1504 1023 α
1526 960 1585 1045 ἶρ
1603 991 1737 1024 εσιν
1983 960 2008 972 ν
2341 975 2565 1032 Novati
2612 960 3000 1032 damnarunt.

206 1034 649 1112 ἀπεκήρυξαν.

203 1148 450 1204 Ναυᾶτος
517 1140 576 1197 δὲ
639 1153 702 1217 τῇ
753 1146 862 1213 [τῆς
918 1145 1106 1218 ψυχῆς
1150 1148 1476 1222 ὑπερηφανίᾳ
1537 1149 1731 1224 ἀρθεὶς,

1919 1155 2176 1208 Novatus
2220 1157 2420 1209 autem
2461 1154 2646 1210 animi
2700 1153 3043 1223 arrogantia
3105 1153 3496 1210 transversim

125 1230 320 1308 ὀνέδην
387 1237 654 1310 κηρύττων
719 1239 809 1288 καὶ
879 1235 1362 1311 παρρησιαζόμενος
1418 1240 1600 1311 μηκέτ’
1664 1236 1705 1292 εἳ

1922 1245 2036 1307 tus,
2070 1241 2385 1314 propalam
2432 1247 2488 1298 et
2539 1243 2918 1314 impudenter
2969 1258 3193 1314 magna
3229 1242 3499 1298 libertate

121 1342 216 1374 ναι
279 1329 546 1398 σωτηρίας
593 1319 782 1376 ἓλπίδα
832 1331 939 1387 τοῖς
997 1326 1045 1376 ἐν
1103 1333 1176 1397 τῷ
1245 1321 1464 1400 διωγμῷ
1504 1347 1701 1400 παραπι

1920 1331 2181 1386 ωάἱοειηε
2206 1330 2480 1396 docebat,
2512 1332 2740 1388 nullam
2767 1348 2898 1388 esse
2930 1331 3136 1388 salutis
3163 1347 3332 1403 spem
3364 1331 3500 1387 reli-

127 1419 315 1479 σοῦσι,
347 1415 442 1465 κᾶν
474 1415 646 1466 πάντα
693 1413 796 1467 ὃσα
850 1418 973 1486 πρὸς
1025 1413 1342 1490 ἐπιστροφὴν
1379 1422 1597 1488 γνησίαν
1645 1438 1707 1470 κα

1916 1437 2031 1476 Iam
2046 1421 2127 1476 eis
2139 1421 2241 1492 qui
2257 1422 2728 1492 persecutionum
2743 1422 3102 1494 temporibus
3114 1421 3266 1492 lapsi
3280 1429 3496 1488 essent,

128 1499 504 1574 ἐξομολόγησιν
546 1499 960 1577 διαπράξωνται,
1002 1505 1288 1576 εἰσηγεῖτο.
1331 1513 1433 1560 Καὶ
1481 1509 1708 1580 σύστημι

1919 1511 2124 1565 iamvis
2153 1510 2359 1565 omnia
2379 1525 2515 1582 quae
2540 1515 2617 1566 ad
2647 1510 2976 1580 legitimam
2999 1515 3054 1566 et
3079 1526 3282 1565 veram
3310 1509 3499 1581 perti-

126 1594 227 1641 οῦκ
282 1589 480 1662 ἀγεννὲς
540 1591 681 1662 αύτῷ
743 1593 1114 1665 συνηθροίζετο
1170 1611 1182 1624 ⁶
1247 1601 1336 1647 καὶ
1387 1595 1566 1648 πολλοὶ
1634 1605 1704 1648 τῶ

1915 1603 1986 1653 ent
2015 1598 2472 1653 conversionem
2515 1603 2570 1652 et
2611 1597 3077 1663 confessionem,
3123 1597 3495 1668 perfecerint.

127 1682 403 1752 ἑπισήμων
433 1688 495 1752 τῇ
539 1680 731 1734 ἐκείνου
773 1684 1139 1754 καθυπήγοντο
1179 1683 1341 1758 πλάνη
1380 1704 1393 1717 ·
1439 1684 1488 1737 οἳ
1530 1682 1597 1744 δὴ
1644 1707 1707 1738 κα

1919 1703 1958 1741 ιο
1988 1686 2494 1742 contemnendam
2524 1687 2602 1741 ad
2635 1702 2695 1741 se
2722 1691 3090 1757 pertraxerat
3121 1693 3300 1758 atque
3327 1686 3499 1742 colle-

129 1771 270 1820 κατὰ
348 1773 606 1842 φυσίωσιν
679 1769 934 1842 λογισμοῦ
996 1774 1266 1845 Καθαροὺς
1332 1773 1548 1836 ἑαυτούς
1618 1777 1704 1827 ἐπέ

1920 1781 2010 1831 rat
2043 1775 2506 1839 multitudinem,
2540 1781 2595 1830 et
2633 1748 2831 1847 plures
2876 1791 2948 1830 ex
2987 1776 3127 1830 viris
3166 1748 3498 1830 celebribus

129 1876 348 1930 γραφον,
405 1859 504 1910 ὑπό
556 1877 659 1910 τινι
720 1857 943 1932 όιρχηγῷ
987 1865 1076 1913 καὶ
1146 1864 1459 1936 στρατάρχη
1528 1883 1709 1915 σατανι

1916 1881 1974 1919 us
2004 1866 2410 1936 sequebantur
2431 1879 2691 1919 errorem
2725 1880 2863 1937 :qui
2895 1881 3000 1936 per
3031 1864 3266 1919 inﬂatas
3289 1879 3496 1919 eorum

131 1953 224 1997 κοῦ
310 1945 654 2019 ἐξηγουμένου
732 1957 958 2022 στρατοῦ
1033 1958 1104 2020 τῷ
1190 1953 1414 2022 Ναυάτῳ
1486 1953 1707 2027 ρυπαρώ

1916 1959 2100 2018 entes,
2117 1953 2402 2010 Catharos
2427 1958 2482 2007 et
2501 1969 2686 2024 puros
2699 1953 2928 2025 seipsos
2950 1952 3268 2018 vocabant,
3290 1968 3326 2008 a
3343 1952 3496 2009 duce

137 2038 608 2108 στρατηγούμενοι.
671 2036 914 2112 Ὁρῶντες
1005 2044 1176 2090 τοίνυν
1251 2041 1300 2091 οἱ
1383 2049 1482 2092 τῶν
1552 2039 1717 2100 ὶκκλη·

1955 2044 2312 2114 imperatore
2359 2041 2640 2097 diabolici
2671 2041 2962 2098 examinis
2992 2045 3214 2098 Novato
3248 2043 3498 2114 turpiter

137 2132 263 2176 σιῶν
316 2125 560 2197 ἡγεμόνες
612 2129 706 2184 τὴν
761 2126 928 2196 λύμην
993 2127 1128 2179 οὕτω
1175 2127 1580 2201 προϐαίνουσαν,
1647 2151 1713 2182 κα

1933 2133 2166 2202 impure
2192 2130 2371 2186 ducti.
2395 2130 2594 2186 Talem
2624 2137 2823 2186 autem
2851 2130 3119 2185 Ecclesiae
3151 2130 3384 2186 cladem
3413 2130 3495 2186 la-

133 2212 326 2284 μᾶλλον
384 2215 410 2265 ό
471 2213 668 2286 Ῥώμης
733 2215 1030 2289 Κορνήλιος,
1098 2222 1187 2269 καὶ
1270 2219 1296 2269 ό
1358 2227 1454 2280 τῆς
1527 2218 1713 2293 Ἀφρωε

1917 2237 1960 2275 IS
1991 2226 2348 2292 serpentem,
2383 2236 2517 2274 cum
2550 2219 2937 2276 ecclesiarum
2961 2219 3274 2286 antistites,
3297 2220 3355 2274 in
3381 2220 3497 2290 pri-

136 2304 471 2376 Καρθαγένης
529 2308 822 2378 Κυπριανός
876 2305 1042 2376 (ούπω
1097 2307 1198 2378 γὰρ
1241 2303 1302 2364 ἦν
1335 2315 1405 2378 τῷ
1444 2310 1562 2380 θείῳ
1599 2328 1716 2381 μαρ-

1915 2313 1960 2366 is
1993 2327 2133 2365 vero
2167 2312 2448 2365 Romanae
2489 2309 2812 2371 Cornelius,
2841 2316 2895 2364 et
2923 2309 3404 2378 Carthaginensis
3436 2310 3495 2365 in

135 2397 295 2465 τυρίῳ
342 2394 615 2464 στεφθεὶς),
667 2395 692 2444 ό
755 2396 844 2465 μεν
903 2391 1122 2448 σύνοδον
1192 2395 1274 2448 ἐπὶ
1338 2395 1539 2468 Ῥώμης
1591 2408 1711 2470 μεγί

1916 2401 2039 2455 'rica
2067 2400 2146 2470 (1)
2176 2399 2528 2471 Cyprianus,
2561 2399 2855 2470 (nondum
2883 2399 3040 2452 enim
3069 2414 3238 2454 sacro
3268 2402 3496 2470 marty-

140 2499 288 2545 στην,
330 2481 623 2553 Κυπριανός
672 2479 731 2535 δὲ
787 2486 922 2535 κατὰ
973 2488 1065 2542 τὴν
1113 2483 1321 2560 Ἀφρων
1377 2489 1720 2558 Καρθοίγενανε

1914 2506 1931 2540 δ
1952 2495 2271 2544 coronatus
2295 2488 2506 2556 fuerat)
2534 2487 2797 2560 episcopi
2819 2488 3110 2549 viderent,
3129 2487 3222 2542 ille
3248 2487 3494 2559 quidem

137 2576 512 2644 συνεκρότουν
565 2572 632 2622 ὧν
664 2571 794 2644 ξ’μὲν
847 2569 982 2632 ἦσαν
1038 2577 1337 2643 ἐπίσκοποι¹
1392 2581 1482 2628 καὶ
1528 2575 1717 2629 πλείονι

1915 2595 2066 2644 imae,
2094 2577 2189 2632 hic
2211 2583 2412 2632 autem
2426 2575 2782 2646 Carthagine
2805 2576 3070 2648 synodos
3091 2582 3148 2631 et
3167 2583 3495 2632 conventus

136 2655 194 2712 δε
247 2660 295 2712 οἱ
339 2658 698 2734 πρεσϐυτέρων
762 2666 851 2714 καὶ
911 2659 1166 2714 διακόνων
1218 2663 1428 2736 ἐπεῖχον
1470 2662 1672 2738 βαθμὸν

1914 2667 2143 2723 aximos
2175 2681 2347 2736 egere
2399 2667 2502 2722 :in
2533 2666 2750 2737 quibus
2797 2666 3106 2735 sexaginta
3162 2665 3320 2720 fuere
3367 2666 3494 2738 epi-

133 2752 222 2800 καὶ
280 2744 395 2820 ἰδίᾳ
438 2745 497 2802 δὲ
545 2749 696 2802 illa:
746 2753 882 2802 κατὰ
925 2755 1114 2814 τόπους
1165 2757 1255 2804 καὶ
1311 2753 1595 2828 ἐπαρχίας.
1641 2756 1713 2807 Οἳ

1910 2757 2008 2828 opi
2035 2757 2136 2828 (2),
2158 2755 2478 2828 presbyteri
2509 2761 2708 2810 autem
2733 2759 2788 2810 et
2814 2755 3052 2810 diaconi
3073 2754 3249 2823 longe
3275 2755 3490 2825 plures.

137 2833 575 2911 διασνεψαμένοις
637 2844 733 2911 μία
797 2839 970 2914 ψῆφος
1033 2848 1139 2903 τοῖς
1203 2848 1338 2894 πᾶσι
1413 2848 1710 2918 παρίστατο

1917 2845 2147 2901 lebrata
2175 2859 2419 2916 quoque
2450 2843 2568 2899 alia
2621 2844 2871 2899 seorsim
2915 2844 2976 2898 in
3013 2844 3218 2901 multis
3256 2843 3401 2899 locis
3441 2847 3497 2899 et

136 2932 375 2979 Ναυᾶτον
435 2929 528 3000 μεν
576 2933 666 2981 καὶ
727 2932 844 2990 τοὺς
893 2933 986 2982 σὺν
1046 2929 1182 3002 αύτῷ
1252 2930 1586 3000 ἐπισκόπους,
1644 2954 1712 2986 κα

1917 2933 2166 2990 ovinciis
2199 2933 2452 2989 concilia
2483 2949 2496 2988 :
2526 2948 2787 3004 quorum
2817 2932 3089 2988 omnium
3119 2931 3350 2988 calculo
3375 2948 3495 2988 uno

136 3016 254 3068 ὅσοι
322 3024 380 3089 τῇ
457 3016 786 3092 ἀπανθρώπῳ
851 3025 1030 3092 γνώμη
1114 3019 1282 3072 αὐτῶν
1347 3019 1709 3080 συνηυδόκουν

1915 3028 2146 3079 cretum
2164 3026 2270 3087 est,
2295 3025 2588 3078 Novatum
2611 3023 2692 3093 (3)
2716 3021 2963 3094 quidem
2993 3021 3495 3093 adhmrentesque

131 3104 434 3178 ἀλλοτρίους
487 3089 702 3179 πάμπαν
756 3089 846 3168 τῆς
900 3089 1211 3171 Ἐκκλησίας
1269 3113 1514 3182 ἡγεῖσθαι
1549 3129 1563 3142 ⁶
1613 3117 1703 3166 τοῦ

1917 3113 2258 3184 episcopos,
2285 3116 2339 3168 et
2358 3111 2704 3183 quicunque
2755 3116 3043 3182 praeterea
3070 3111 3495 3166 inhumaniore

132 3192 194 3248 δε
254 3203 354 3247 τῶν
415 3192 648 3267 ἀδελφῶν
711 3203 1192 3271 παραπεπτωκότας
1258 3205 1349 3252 καὶ
1419 3204 1711 3274 προσίεσθα

1914 3201 2130 3257 utentia
2183 3200 2530 3270 opinionem
2579 3199 2816 3254 illorum
2869 3199 3354 3270 comprobarent,
3415 3200 3494 3254 ab

127 3289 219 3337 καὶ
272 3286 566 3358 θεραπεύειν
629 3281 682 3338 εὖ
739 3285 900 3357 μάλα,
960 3286 1083 3350 ἄξια
1139 3297 1230 3349 τῆς
1283 3294 1554 3360 μετανοίας
1619 3291 1702 3343 ἐπι

1920 3290 2100 3346 clesia
2121 3288 2588 3360 proscribendos
2616 3304 2885 3360 prorsus,
2916 3289 3119 3360 lapsos
3145 3293 3348 3344 autem
3379 3287 3496 3345 ira-

129 3370 496 3444 δεικνυμένους
556 3377 623 3426 τὰ
687 3377 953 3447 φάρμακα.
1016 3376 1241 3435 Δηλουσι
1311 3381 1378 3430 τὰ
1445 3383 1580 3432 κατά
1631 3385 1709 3438 riu

1914 3398 1958 3434 ιε
1998 3379 2422 3442 admittendos,
2461 3378 2920 3449 humaniterque
2970 3379 3314 3434 tractandos
3339 3394 3494 3445 esse,

131 3459 358 3518 σύνοδον
403 3461 452 3515 ἐν
511 3463 678 3536 Ῥώμη
739 3467 1163 3535 συγκροτηθέντα
1207 3486 1219 3498 ·
1277 3470 1352 3519 ἔτι
1414 3464 1474 3521 δὲ
1529 3473 1616 3521 καὶ
1669 3474 1711 3521 τι

1917 3469 2172 3539 ndignos
2191 3468 2535 3539 poenitentia
2556 3468 2905 3522 exhibentes
2928 3467 3176 3524 fructus.
3206 3468 3358 3523 Satis
3378 3467 3492 3522 hoc

128 3557 234 3627 πρὸ
283 3555 480 3614 ταύτης
517 3552 565 3605 ἐν
615 3553 810 3626 Ἰταλίᾳ
840 3559 929 3606 καὶ
990 3555 1232 3629 Ἀφρικῇ,
1292 3558 1356 3618 ἧς
1413 3563 1708 3630 Κυπριανός

1914 3558 2162 3613 tendunt
2189 3559 2472 3612 Romanis
2495 3555 2730 3628 synodi,
2755 3562 2934 3627 atque
2956 3555 3134 3611 etiam
3152 3570 3359 3610 eorum
3390 3556 3494 3625 qui

129 3645 202 3706 ὡς
247 3647 468 3716 εἴρηται,
518 3644 797 3713 καθηγεῖτο
854 3661 866 3672 '
933 3645 1214 3717 Κορνηλίου
1252 3665 1307 3698 τε
1341 3654 1432 3698 τοῦ
1467 3646 1709 3720 Ῥωμαίωε

1914 3654 1976 3701 te
2007 3661 2140 3701 eam
2181 3646 2240 3700 iu
2269 3645 2433 3700 Italia
2463 3650 2518 3699 et
2560 3643 2755 3698 Africa
2785 3644 2871 3716 (in
2897 3659 3020 3713 qua
3047 3659 3352 3698 sacrorum
3384 3659 3494 3697 an-

125 3730 418 3785 ἔπισκόπου
476 3737 672 3806 γραφαί
715 3752 728 3764 ·
780 3737 868 3784 καὶ
915 3733 1068 3785 ἄλλαι
1098 3730 1157 3787 δε
1210 3733 1493 3806 Ῥωμὰῑστὶ
1561 3757 1705 3790 συντε

1912 3741 2024 3801 stes,
2077 3741 2142 3790 ut
2189 3734 2477 3796 diximus,
2539 3733 2869 3803 Cyprianus
2925 3732 3054 3802 fuit)
3107 3732 3295 3786 coacti
3331 3738 3492 3800 sunt,

125 3827 384 3893 ταγμὲναι
449 3828 748 3895 Κυπριανοῦ
812 3828 900 3874 καὶ
971 3830 1070 3874 τῶν
1137 3824 1246 3894 οἶμα
1313 3824 1448 3894 αύτῷ
1522 3824 1705 3878 ἐπισκό

1916 3831 2244 3879 nventuum
2271 3827 2404 3877 acta
2430 3825 2486 3876 et
2514 3821 2784 3876 decreta:
2821 3836 2928 3876 nec
2959 3836 3079 3876 non
3110 3820 3359 3875 Cornelii
3385 3822 3494 3875 Ro-

125 3930 240 3964 πων
275 3929 286 3940 ·
333 3907 406 3964 δι’
455 3912 522 3962 ὧν
579 3911 880 3984 ἕμφαίνεται
923 3908 1253 3964 συνευδοκεῖν
1307 3913 1542 3973 ἅπαντας
1595 3923 1702 3989 χρῇ

1913 3913 2003 3969 ani
2043 3913 2332 3982 episcopi,
2360 3917 2540 3982 atque
2571 3910 2752 3965 etiam
2783 3909 3086 3980 Cypriani,
3115 3909 3493 3980 aliorumque

124 4018 214 4050 ναι
245 3995 454 4070 βοηθεῖν
507 4006 614 4060 τοῖς
663 4001 937 4057 ἡττηθεῖσι
991 4007 1062 4069 τῷ
1131 4008 1424 4072 πειρασμῷ,
1488 4006 1576 4054 καὶ
1642 4011 1702 4060 τῆ

1913 4005 1944 4058 ιὶ
1971 4018 2108 4057 cum
2140 4016 2211 4055 eo
2246 3999 2408 4054 fuere
2453 3998 2878 4069 episcoporum
2922 3999 3122 4053 Latine
3153 3996 3493 4069 composita

132 4086 433 4150 ἀνηκούσης
477 4087 778 4160 ἐπικουρίας
840 4091 1256 4161 κατατυγχάνειν
1318 4111 1330 4124 ο
1409 4092 1486 4144 ἔτι
1537 4089 1595 4144 δὲ
1642 4112 1710 4144 κα

1912 4093 2080 4162 ripta,
2111 4095 2272 4145 certo
2316 4087 2754 4152 conﬁrmantia,
2795 4087 3082 4142 omnibus
3123 4094 3249 4142 tum
3295 4087 3492 4141 visum

132 4179 198 4238 ὡς
241 4182 414 4252 χρεών
466 4175 780 4249 ἇκκήρυκτον
830 4174 958 4230 εἶναι
1017 4181 1104 4230 τόν
1152 4187 1248 4242 τῆς
1300 4183 1544 4254 αἱρέσεως
1601 4183 1712 4251 ἡγηη

1909 4197 1993 4245 se,
2051 4185 2112 4234 ut
2163 4184 2219 4232 et
2275 4177 2459 4247 lapsis
2492 4177 2550 4230 in
2590 4176 3002 4246 persecutione
3045 4175 3487 4238 subveniretur,

139 4267 380 4336 σάμενον,
432 4270 521 4317 καὶ
592 4267 790 4328 πάντας
848 4270 962 4328 τοὺς
1015 4267 1199 4329 ἐπίσης
1261 4268 1433 4341 ἐκείνῳ
1492 4278 1719 4342 φρονοῦν·

1910 4270 2232 4340 :bitumque
2260 4265 2548 4322 auxilium
2589 4263 3008 4334 impertiretur,
3050 4271 3106 4320 et
3137 4271 3345 4320 auctor
3365 4264 3490 4320 hae-

135 4374 226 4416 τας
260 4371 272 4384 ⁸
316 4358 405 4406 καὶ
460 4353 587 4413 α’λλη
640 4353 924 4429 Κορνηλίου
963 4362 1136 4429 γραφὴ
1178 4362 1305 4430 πρὸς
1350 4359 1531 4411 λεπτόν
1571 4363 1636 4412 τὰ

1913 4359 2009 4423 sis,
2039 4357 2120 4413 ita
2159 4362 2220 4411 ut
2264 4370 2374 4426 par
2413 4359 2558 4419 erat,
2593 4369 2716 4409 una
2758 4369 2896 4408 cum
2923 4353 3205 4409 omnibus
3237 4358 3493 4409 sectato-

135 4440 342 4515 συνόδῳ
383 4439 608 4506 δόξαντα
650 4441 869 4497 διιοῦσα
901 4464 913 4477 ο
964 4451 1054 4498 καὶ
1093 4443 1239 4508 αὖθις
1296 4447 1442 4522 ἑτέρα
1486 4452 1552 4500 τὰ
1596 4453 1715 4502 κατε

1908 4465 2004 4503 )us
2027 4447 2150 4502 suis
2168 4461 2272 4516 per
2284 4443 2970 4498 excommunicationem
3001 4442 3488 4514 proscriberetur.

129 4539 371 4586 Ναυᾶτον
427 4528 699 4595 διεξιοῦσα
747 4551 758 4563 ⁸
816 4532 877 4591 ἣν
933 4533 1106 4607 Φαϐίῳ
1162 4532 1233 4606 τῷ
1273 4537 1364 4597 τῆς
1403 4536 1709 4609 Ἀντιοχεία

1913 4542 2037 4592 :stat
2057 4533 2474 4604 aliudquoque
2491 4533 2781 4602 scriptum
2793 4531 3158 4601 Cornelii“),
3176 4532 3234 4585 in
3257 4548 3377 4602 quo
3396 4548 3493 4587 co-

135 4629 377 4694 ἀρχιερεῖ
423 4622 736 4694 ἐνεχάραττε
773 4628 1013 4676 Ναυᾶτον
1069 4626 1241 4685 ὁποῖός
1281 4644 1360 4686 τις
1388 4622 1469 4684 ἦν.
1523 4627 1613 4689 Ἐξ
1665 4629 1715 4696 ἧς

1912 4641 2002 4682 sse
2027 4627 2357 4680 conventus
2388 4621 3050 4691 consultaexponuntur
3081 4636 3093 4684 ;
3123 4620 3299 4692 395
3328 4621 3492 4676 aliud

134 4716 226 4763 καὶ
284 4713 346 4763 τὰ
400 4712 556 4764 πλείω
611 4720 703 4773 τῆς
759 4715 1004 4766 Ναυάτου
1077 4710 1362 4788 βδελυρίας
1415 4717 1444 4773 η
1519 4718 1714 4789 ὶστορίο

1916 4713 2160 4786 m,quod
2176 4714 2250 4767 ad
2268 4709 3022 4767 FabianumAntiochenum
3039 4711 3392 4780 episcopum
3406 4715 3494 4766 est

132 4805 420 4872 συνήγαγε.
1837 4805 2068 4867 datum,
2090 4803 2149 4857 in
2179 4816 2301 4873 quo
2328 4816 2420 4855 res
2442 4802 2649 4855 Novati
2685 4815 2804 4854 una
2832 4814 2968 4852 cum
2997 4798 3127 4870 ipso
3145 4799 3493 4855 describun-

125 4894 246 4945 tur.
276 4889 440 4945 Unde
466 4891 645 4947 etiam
686 4890 972 4964 pleraque
1010 4892 1084 4947 de
1124 4892 1360 4963 ineptiis
1399 4898 1455 4947 et
1511 4892 2005 4951 detestationibus
2054 4893 2182 4962 ejus
2250 4891 2307 4946 in
2363 4895 2628 4944 nostram
2667 4887 2822 4942 hanc
2859 4887 3276 4942 transtulimus
3308 4889 3488 4944 histo-

128 4993 311 5034 riam.

162 5155 174 5167 _
205 5085 287 5156 (t)
306 5087 476 5169 Recte
493 5099 636 5169 ergo
667 5086 1018 5142 Prudentius
1049 5089 1412 5169 Cyprianum
1443 5089 1554 5144 sub
1577 5090 1740 5144 Vale-
1857 5161 1906 5169 __
1919 5089 2268 5169 Schismala,
2301 5085 2625 5169 catholicis
2646 5084 2871 5140 reddite
2891 5087 3274 5169 vosnpopulis.

127 5155 306 5230 riano
332 5161 388 5230 et
418 5155 661 5212 Galieno
691 5173 936 5230 passum
978 5155 1230 5230 scripsit.
1854 5161 1985 5218 Una
2008 5161 2153 5227 ﬁdes
2181 5160 2394 5230 vigeat,
2450 5158 2642 5230 prisco
2687 5171 2813 5227 quae
2845 5156 3083 5230 condita
3127 5156 3337 5230 templo
3383 5163 3488 5230 est,

207 5228 288 5298 (2)
313 5229 430 5284 Hoc
453 5228 783 5285 tantum’de
805 5232 972 5285 Rom.
1000 5228 1256 5287 concilio
1295 5231 1468 5288 refert
1498 5232 1735 5301 Euseb.,
1921 5233 2108 5298 Quam
2135 5228 2357 5288 Paulus
2379 5229 2609 5301 retinet,
2639 5243 2932 5301 quamque
2953 5228 3242 5301 cathedra
3270 5228 3452 5284 Petri.

129 5299 240 5372 lib.
276 5315 523 5372 vi,_rcap._
554 5303 639 5356 43.
699 5370 727 5372 ξ
998 5371 1002 5372 ν
1721 5299 1728 5301 ’
1848 5303 1984 5368 Quae
2010 5304 2206 5368 docui,
2236 5301 2500 5358 docuisse
2524 5300 2704 5372 piget.
2747 5299 3090 5372 Venerabile
3109 5305 3342 5372 martyr

209 5371 289 5442 (3)
315 5369 672 5448 Hippolytus
699 5370 1039 5427 Portuensis
1067 5374 1381 5445 episcopus
1411 5380 1467 5430 et
1509 5381 1737 5448 martyr
1919 5375 2110 5448 Cerno
2136 5374 2294 5448 quod
2326 5388 2362 5428 a
2393 5373 2555 5427 cultu
2583 5369 2759 5448 rebar
2784 5374 2982 5448 abesse
3011 5371 3135 5428 Dei.

132 5459 293 5519 cum-
310 5442 387 5499 ad
421 5441 784 5514 supplicium
810 5441 1142 5515 raperetur,
1178 5452 1239 5501 ut
1273 5441 1362 5502 est
1395 5447 1558 5518 apud
1593 5441 1736 5503 Pru-
1916 5447 1991 5519 (4)
2071 5441 2332 5519 insigne
2409 5443 2839 5499 retractationis
2917 5458 3022 5498 seu
3095 5441 3492 5498 revocationis

131 5514 463 5592 dentium_,__
523 5585 564 5592 _
661 5586 693 5592 η
887 5514 937 5592 λ
1046 5588 1056 5592 _
1434 5514 1452 5592 ξ
1523 5589 1574 5592 _
1726 5590 1734 5592 ᾗ
1844 5514 2214 5592 exemplum.

131 5585 481 5656 Respondit,
514 5585 746 5658 Fugite,
790 5602 822 5643 ο
854 5586 1072 5650 miseri.
1115 5590 1484 5647 exsecranda
1515 5589 1736 5648 Novati
