4040 6224
529 266 662 322 1143

1160 382 1387 440 CAPUT
1428 383 1513 439 VI.

518 490 606 546 De
616 489 888 562 Dionysii
901 489 1161 562 epistolis
1175 491 1248 547 de
1261 489 1602 562 paenitentia
1618 506 1637 544 :
1651 494 1704 546 et
1724 503 1879 562 nova
1900 490 2170 546 narratio

589 561 663 617 de
707 563 960 632 quodam
991 561 1328 633 Serapione,
1358 562 1461 633 qui
1491 564 1551 616 in
1577 561 1921 632 paenitentia
1975 575 2173 618 sacro-

588 640 797 689 sancta
827 634 1129 704 mysteria,
1163 639 1489 690 extremum
1509 635 1784 701 spiritum
1817 647 2017 704 agens,
2041 646 2173 703 per-

593 704 763 774 cepit.

592 809 680 864 Ad
714 810 963 866 Fabium
1003 826 1141 867 eum
1171 813 1274 883 (t),
1307 811 1366 866 in
1398 810 1603 866 Novati
1637 813 1859 867 sectam
1895 810 2171 882 aliquan-

519 898 712 954 tulum
744 900 1151 966 inclinantem,
1185 915 1367 972 quem
1396 899 1578 955 modo
1618 898 1900 964 diximus,
1932 899 2171 956 divinus

521 989 611 1042 vir
659 988 976 1062 Dionysius
1034 989 1322 1053 scribens,
1380 989 1638 1060 plurima
1693 989 1767 1044 de
1823 989 2172 1060 poenitentia.

520 1076 792 1133 disserit:
827 1083 882 1134 et
915 1083 1244 1150 martyrum
1274 1078 1604 1134 certamina
1639 1079 1765 1148 jam
1791 1078 1928 1134 inde
1960 1079 2038 1134 ab
2063 1077 2172 1133 ini-

524 1166 602 1222 tio
642 1167 1005 1232 discernens,
1066 1168 1237 1223 siculi
1292 1174 1348 1222 et
1391 1183 1503 1222 nos
1555 1168 1963 1238 eXposuimus,
1992 1172 2171 1240 atque

522 1255 638 1311 alia
664 1255 852 1311 multa
877 1254 1152 1321 efferens,
1181 1256 1575 1312 admiratione
1598 1256 1890 1328 quiddam
1916 1257 2170 1328 dignum

521 1349 838 1411 memorat,
872 1345 1037 1418 quod
1064 1345 1179 1401 hoc
1208 1360 1452 1418 quoque
1480 1345 1613 1402 loco
1640 1348 1986 1416 tempestive
2019 1347 2169 1404 refe-

521 1435 777 1490 rendum
800 1435 964 1490 duxi.
991 1457 1018 1484 «
1044 1436 1236 1490 Unum
1251 1434 1376 1499 tibi,
1396 1434 1608 1507 inquit,
1632 1435 1975 1507 exemplum
2003 1435 2171 1508 quod

522 1523 686 1594 apud
718 1538 828 1578 nos
855 1523 1069 1589 evenit,
1108 1539 1431 1594 exponam.
1464 1523 1751 1595 Serapion
1791 1525 2038 1597 quidam
2067 1541 2172 1581 no-

518 1611 757 1667 biscum
784 1611 894 1666 fuit
941 1627 1122 1666 senex
1172 1611 1382 1680 ﬁdelis,
1417 1619 1474 1667 et
1510 1613 1613 1684 qui
1653 1613 1778 1668 sine
1817 1614 2062 1670 crimine
2091 1613 2172 1670 ad

1831 262 2218 320 NICEPHOBI
2256 261 2574 320 CALLlSTI

3751 260 3868 316 1144

2879 377 3132 434 ΚΕΦᾹΛ.

2282 491 2434 562 Περὶ
2463 493 2578 538 τῶν
2605 483 3356 562 ἐπιστολῶν-Διονυσίου
3389 491 3506 536 τῶν
3527 487 3676 558 περὶ
3704 501 3874 556 μετα-

2347 553 2550 618 νόίας·
2591 561 2700 610 καὶ
2739 556 2920 620 ξένον
2960 553 3267 628 διήγημα
3303 560 3458 630 περί
3495 553 3676 616 τινος
3705 553 3875 627 ’Σερα-

2350 635 2599 691 πίωνος,
2621 632 3282 712 μετανοήσαὶντοςκκαὶ
3303 632 3876 712 μετασχόντοςτῶν

2351 704 2530 754 θείων
2552 699 3047 772 ἁγιασμάτωνέν
3067 700 3447 754 τελιυταίαι
3468 719 3490 760 ς
3514 699 3874 760 ἀναπνοαῖς.

2347 810 2525 880 Τούτῳ
2581 804 2641 861 δὲ
2694 807 2836 878 αύτῷ
2872 814 2946 878 τῷ
2990 805 3166 878 Φαϐίῳ
3223 807 3391 882 ἡρέμα
3453 825 3561 868 πως
3630 806 3879 859 ὑποκατα-

2277 897 2552 972 κλινομένῳ
2600 906 2672 970 τῷ
2723 898 2970 951 Ναυάτου
3025 901 3297 969 σχίσματι
3349 900 3442 949 καὶ
3495 897 3524 948 ὁ
3565 903 3658 948 νῦν
3693 895 3884 969 si,”de

2276 1007 2356 1048 νος
2400 989 2533 1049 θεῖος
2589 985 2718 1062 ἀνὴρ
2783 989 3053 1047 Διονύσιος
3113 984 3444 1052 ἐπιστέλλων,
3482 984 3713 1038 πλεῖστα
3775 990 3880 1057 περὶ

2278 1079 2549 1148 μετανοίας
2587 1072 2898 1148 διέρχεται·
2947 1076 3071 1137 τούς
3108 1092 3163 1127 τε
3210 1082 3311 1126 τῶν
3351 1076 3633 1148 μαρτύρων
3687 1072 3883 1144 ἀγῶνας

2278 1167 2469 1218 ἄνωθεν
2522 1162 2765 1241 διαιρῶν,
2814 1166 2881 1225 ὡς
2940 1168 3031 1216 καὶ
3079 1165 3228 1236 ἡμεῖς
3291 1161 3596 1236 διελάϐομεν
3652 1167 3744 1215 καὶ
3786 1161 3883 1214 ἀλλ’

2277 1255 2411 1307 ἄττα
2448 1253 2650 1326 έπάγων
2682 1269 2698 1284 ⁸
2740 1256 2790 1306 ἓν
2825 1253 2900 1316 οἷς
2943 1257 3034 1304 καί
3083 1271 3136 1305 τι
3177 1253 3441 1325 θαύματος
3477 1251 3628 1315 ἄξιον
3675 1253 3882 1324 ἱστορεῖ,

2277 1345 2304 1395 ὅ
2342 1347 2432 1396 καὶ
2480 1352 2541 1414 τῇ
2583 1345 2828 1416 παρούσῃ
2879 1346 3217 1415 πραγματείᾳ
3259 1343 3558 1394 συντάττειν
3597 1340 3698 1394 οὐκ
3740 1343 3889 1393 ἐκαι-

2277 1453 2365 1507 ρον
2405 1433 2631 1506 ἣγημαι.
2665 1436 2819 1504 Λέγει
2860 1428 2919 1485 δὲ
2950 1431 3112 1493 οὕτως
3144 1451 3156 1464 ’
3203 1451 3233 1483 (ι
3270 1429 3360 1484 Ἐν
3392 1427 3453 1485 δέ
3491 1451 3579 1485 σοι
3616 1435 3712 1484 καὶ
3744 1437 3889 1483 τοῦτο

2279 1519 2622 1596 παράδειγμα
2708 1523 2831 1597 παρ’
2918 1523 3043 1593 ἡμῖν
3132 1519 3464 1594 συμϐεϐηκὸς
3568 1523 3885 1591 ἐκθήσομαι.

2281 1616 2539 1686 Σεραπίων
2591 1631 2674 1672 τις
2724 1607 2784 1669 ἧν
2837 1612 2888 1662 ἓν
2941 1612 3067 1681 ἡμῖν
3123 1613 3318 1672 πιστὸς
3368 1613 3555 1684 γέρων,
3617 1610 3892 1682 ἄμεμπτος

521 1701 776 1756 multum
799 1700 1036 1756 vixisset
1060 1706 1322 1772 tempus,
1348 1701 1778 1772 persecutionis
1801 1708 1999 1758 autem
2024 1708 2159 1760 tem-

2280 1702 2371 1771 μεν
2401 1704 2487 1754 τὸν
2538 1700 2694 1753 πολύν
2747 1695 3043 1762 διαϐιώσας
3077 1703 3290 1773 χρόνον,
3325 1697 3372 1752 έν
3404 1695 3464 1751 δε
3496 1705 3570 1769 τῷ
3612 1705 3887 1770 πειρασμῷ

520 1795 746 1860 pestate
781 1789 986 1862 lapsus
1014 1796 1188 1845 esset.
1215 1790 1271 1844 Is
1311 1805 1471 1862 saepe
1501 1791 1748 1862 quidem
1782 1797 1844 1848 ut
1874 1793 2169 1865 recipere-

522 1883 615 1934 tur
651 1879 986 1934 obtestatus
1017 1879 1230 1946 fuerat,
1273 1880 1376 1935 sed
1408 1895 1586 1936 nemo
1637 1880 1717 1936 illi
1764 1880 2016 1938 advertit
2045 1882 2170 1938 ani-

523 1983 711 2022 mum.
775 1967 954 2024 Idolis
1006 1967 1168 2023 enim
1232 1969 1690 2026 sacriﬁcaverat.
1751 1970 1952 2026 Morbo
2027 1987 2169 2028 vero

521 2055 736 2111 deinde
766 2072 1117 2129 oppressus,
1151 2060 1265 2113 tres
1296 2057 1612 2114 continuos
1640 2058 1766 2114 dies
1795 2059 1922 2115 sine
1948 2076 2091 2116 voce
2111 2066 2170 2119 et

521 2160 699 2201 sensu
725 2145 914 2216 jacuit
958 2163 970 2202 :
1005 2145 1319 2218 paululum
1354 2162 1494 2202 vero
1525 2147 1750 2204 viribus
1781 2151 2165 2221 recuperatis,

519 2239 734 2307 quarto
781 2234 876 2290 die
931 2241 1213 2307 nepotem
1240 2251 1308 2291 ex
1369 2235 1492 2292 ﬁlia
1547 2236 1624 2292 ad
1683 2253 1744 2293 se
1802 2240 2055 2305 vocavit,
2089 2246 2164 2306 et,

521 2323 792 2389 Quandiu
822 2339 916 2379 me
968 2324 1234 2389 tandem,
1292 2325 1507 2397 inquit,
1557 2342 1593 2381 o
1650 2325 1775 2392 ﬁlii,
1826 2327 2167 2385 distinetis?

519 2411 864 2479 accelerate,
897 2428 1125 2485 quaeso,
1160 2418 1214 2469 et
1239 2430 1336 2470 me
1371 2416 1824 2486 quamprimum
1850 2417 2166 2489 absolvite,

518 2501 1126 2574 presbyterorumque
1169 2502 1430 2576 aliquem
1477 2509 1538 2560 tu
1597 2506 1676 2560 ad
1709 2523 1802 2561 me
1845 2522 2009 2562 voca.
2072 2508 2168 2564 His

518 2589 707 2655 dictis,
739 2607 979 2646 rursum
1008 2591 1324 2648 obmutuit.
1368 2594 1514 2664 Puer
1543 2609 1722 2648 cursu
1759 2595 1836 2650 ad
1865 2595 2169 2669 presbyte-

515 2693 648 2735 rum
680 2680 983 2736 contendit
1027 2697 1040 2736 :
1084 2686 1206 2737 erat
1241 2685 1441 2737 autem
1488 2697 1624 2752 nox,
1668 2687 1724 2739 et
1763 2682 1856 2740 ille
1882 2700 2040 2754 aager
2068 2687 2168 2742 de-

516 2768 861 2825 cumbebat.
887 2770 1262 2842 Quapropter
1299 2787 1438 2826 cum
1469 2772 1547 2827 ad
1573 2787 1778 2829 senem
1818 2775 2018 2830 venire
2041 2791 2166 2832 non

515 2864 738 2928 posset,
773 2858 1248 2931 mandatumque
1280 2875 1315 2915 a
1346 2875 1441 2915 me
1469 2860 1740 2926 haberet,
1776 2867 1836 2919 ut
1863 2879 1894 2919 e
1924 2864 2047 2920 vita
2067 2865 2165 2922 de-

516 2947 736 3002 cessuri
775 2947 876 3018 (2),
911 2947 960 3002 si
990 2963 1145 3019 opus
1192 2954 1369 3013 esset,
1402 2953 1460 3004 et
1502 2951 1762 3006 maxime
1811 2951 1858 3006 si
1910 2953 2164 3010 antehac

517 3035 860 3125 suppliciter
893 3037 1168 3108 precibus
1208 3037 1269 3093 id
1315 3038 1705 3108 ﬂagitassent,
1754 3044 1817 3096 ut
1845 3041 2065 3100 scilicet
2092 3059 2163 3100 eo
2198 3067 2240 3125 ρ

519 3123 761 3180 meliore
815 3140 920 3197 spe
982 3125 1115 3180 fatis
1175 3126 1589 3193 concederent,
1651 3127 2158 3188 absolverentur:

518 3211 830 3283 paululum
859 3229 1043 3285 puero
1075 3215 1452 3271 Eucharistiaa
1491 3215 1654 3272 dedit
1710 3217 1808 3290 (3),
1851 3219 2163 3277 infundere

518 3305 695 3372 atque
722 3301 1000 3358 instillare
1023 3303 1081 3358 id
1113 3304 1174 3358 in
1225 3319 1292 3359 os
1322 3305 1447 3360 seni
1494 3305 1734 3375 jubens.
1768 3309 1914 3363 Puer
1963 3309 2158 3367 redit:

521 3391 700 3464 396
726 3407 864 3448 cum
890 3407 1011 3448 non
1033 3393 1206 3464 longe
1231 3393 1484 3460 abesset,
1511 3395 1866 3468 priusquam
1893 3397 1970 3454 ad
1993 3398 2161 3457 illum

518 3480 942 3550 ingrederetur,
1011 3483 1244 3555 erigens
1304 3499 1365 3538 se
1421 3500 1660 3540 rursum
1693 3487 2000 3558 Serapion.
2054 3491 2161 3547 Ve-

516 3571 675 3640 nisti,
702 3571 912 3643 inquit,
946 3570 1082 3626 ﬁli?
1120 3571 1431 3644 Presbyter
1459 3573 1703 3646 quidem
1733 3576 1930 3632 venire
1959 3580 2036 3634 ad
2065 3595 2160 3636 me

510 3675 632 3716 non
662 3661 850 3731 potuit
879 3677 891 3715 :
923 3664 1059 3716 attu
1081 3661 1362 3727 celeriter,
1395 3665 1558 3734 quod
1585 3663 1792 3734 jussus
1825 3681 1887 3720 es
1916 3667 2155 3739 perﬁce,

512 3754 567 3805 et
593 3765 688 3805 me
735 3749 989 3805 dimitte.
1021 3749 1329 3806 Instillavit
1354 3749 1405 3806 ei
1438 3766 1586 3822 puer
1611 3753 2067 3823 Eucharistiam,
2101 3761 2158 3813 et

511 3839 870 3912 simulatque
918 3838 1004 3894 ori
1017 3839 1069 3910 ej
1080 3855 1147 3894 us
1175 3839 1410 3904 infudit,
1430 3845 1607 3914 atque
1631 3841 1728 3898 ille
1754 3843 2069 3916 paululum
2095 3847 2156 3903 id

508 3927 814 3999 glutiendo
835 3928 1096 3994 demisit,
1129 3928 1440 3986 confestim
1471 3929 2040 4003 reddiditspiritum.
2066 3941 2154 3991 An

506 4033 627 4074 non
652 4023 850 4090 aperte
881 4023 1269 4074 conservatus
1307 4034 1378 4074 eo
1410 4035 1599 4092 usque
1626 4019 1687 4074 in
1715 4020 1832 4078 vita
1870 4037 2153 4094 perman-

506 4107 598 4171 sit,
632 4106 824 4162 donec
839 4105 1265 4172 absolveretur,
1287 4108 1664 4181 peccatisque
1682 4125 1787 4182 per
1813 4111 1998 4167 multa
2015 4128 2150 4184 qua

503 4195 619 4267 egit
650 4195 812 4252 bona
834 4211 1017 4267 opera
1044 4196 1367 4261 exstinctis,
1400 4197 1667 4252 conﬁteri
1681 4204 1880 4268 posset
1907 4199 1934 4254 ?
1958 4222 1986 4253 »
2018 4203 2150 4258 Haec

502 4285 576 4340 de
617 4286 956 4356 Serapione.
1016 4284 1177 4340 Idem
1235 4301 1412 4356 porro
1469 4286 1782 4358 Dionysius
1833 4289 2146 4361 epistolam

500 4373 681 4432 aliam
710 4374 784 4431 de
815 4375 1164 4447 paenitentia
1190 4375 1266 4430 ad
1305 4376 1618 4448 Egyptios
1657 4378 1910 4450 scripsit,
1944 4379 2002 4435 in
2026 4396 2149 4452 qua

494 4463 784 4536 judicium
817 4480 997 4520 suum
1026 4464 1100 4519 de
1126 4464 1332 4534 lapsis,
1353 4465 1595 4521 ordines
1627 4481 1832 4522 eorum
1863 4468 2144 4525 etdiscri-

499 4553 664 4609 mina
684 4569 1068 4626 persequens,
1084 4553 1347 4625 exponit.
1368 4553 1556 4611 Aliam
1569 4570 1833 4627 rursum,
1868 4558 2144 4615 eamdem

496 4642 946 4715 inscriptionem
978 4643 1052 4699 de
1079 4643 1426 4715 poenitentia
1457 4643 1803 4711 habentem,
1847 4646 1924 4702 ad
1960 4648 2148 4704 Cono-

497 4747 633 4788 nem
694 4733 1045 4804 episcopum
1089 4731 1578 4804 Hermopolitam.
1631 4732 1820 4791 Aliam
1862 4741 2146 4806 praeterea

495 4821 956 4878 cohortatoriam
981 4822 1058 4878 ad
1080 4836 1323 4892 gregem
1346 4838 1522 4877 suum
1537 4821 2026 4880 Alexandrinum.
2053 4827 2144 4881 Est

491 4910 634 4966 item
671 4911 798 4982 ejus
821 4911 936 4967 alia
962 4910 1212 4983 epistola
1241 4911 1316 4966 ad
1350 4911 1669 4982 Originem,
1711 4912 1786 4968 de
1814 4915 2098 4986 martyrio
2127 4934 2139 4971 :

491 5000 608 5056 alia
637 5001 714 5057 ad
745 5000 1160 5067 Laodicenses,
1198 5015 1456 5072 quorum
1497 5000 1816 5073 episcopus
1855 5002 1963 5058 fuit
2002 5004 2143 5060 The-

487 5088 761 5162 lymidris
795 5108 806 5147 :
851 5088 1023 5145 sicuti
1053 5089 1171 5144 alia
1195 5088 1377 5146 etiam
1409 5088 1483 5146 de
1527 5088 1898 5160 pmnitentia,
1932 5093 2011 5148 ad
2040 5093 2143 5149 Ar-

489 5177 743 5244 menios,
812 5194 1070 5251 quorum
1121 5177 1385 5235 ecclesiae
1441 5178 1678 5250 praafuit
1741 5180 2138 5239 Merdazanes.

586 5305 635 5372 1)
666 5303 775 5360 Alii
801 5303 1133 5360 Fabianum
1167 5302 1501 5360 nominant.

586 5305 635 5372 1)
666 5305 775 5360 Alii
801 5305 1133 5360 Fabianum
1167 5305 1501 5360 nominant.

557 5305 635 5450 E2)
659 5375 813 5458 plim
832 5375 1133 5432 morituris
1145 5391 1389 5449 quoque
1405 5375 1782 5432 Eucharistiaa
1809 5377 2138 5434 communio

486 5464 851 5589 ﬁgitﬁgit)
871 5519 1035 5590 quod
1062 5519 1287 5590 dicant,
1305 5520 1623 5589 mysticam
1638 5518 2134 5586 benedictionem,

488 5592 541 5648 si
571 5608 644 5649 ex
673 5607 746 5649 ea
775 5589 1170 5649 remanserint
1190 5589 1251 5647 in
1283 5595 1634 5662 sequentem
1663 5590 1823 5647 diem
1851 5592 2134 5665 reliquiae,

2278 1795 2470 1843 πεσών.
2527 1789 2696 1852 Οὗτος
2743 1787 2992 1850 πολλάκις
3047 1785 3216 1840 ἐδεῖτο
3275 1805 3288 1818 ·
3351 1792 3442 1840 καὶ
3497 1783 3681 1850 οὐδεὶς
3731 1805 3886 1860 προο-

2278 1889 2417 1954 εῖχεν
2471 1878 2612 1950 αύτῷ
2647 1897 2660 1908 ⁸
2703 1883 2790 1931 καὶ
2847 1879 2949 1951 γὰρ
3010 1878 3257 1932 ἑτεθύκει.
3314 1875 3394 1930 Ἐν
3442 1881 3578 1949 νόσῳ
3637 1872 3700 1930 δὲ
3745 1879 3884 1946 γενόμ

2277 1989 2448 2044 μενος,
2506 1977 2660 2042 τριῶν
2715 1967 2831 2031 ἑξῆς
2876 1968 3104 2041 ἡμερῶν,
3153 1967 3355 2038 ἄφωνος
3405 1971 3497 2019 καὶ
3565 1965 3883 2026 ἀναίσθητος

2279 2057 2552 2112 διετέλεσε.
2612 2059 2797 2132 Βραχύ
2850 2051 2910 2108 δὲ
2963 2054 3286 2128 ἀνασφήλας,
3323 2062 3386 2129 τῇ
3443 2057 3670 2130 τετάρτῃ
3730 2073 3887 2128 προε-

2279 2148 2618 2202 ανεκαλέσατο
2661 2149 2748 2198 τὸν
2803 2141 3154 2219 θυγατριδοῦν
3182 2160 3196 2175 °
3238 2149 3352 2214 καὶ,
3392 2148 3573 2220 Μέχρι
3618 2163 3684 2217 με
3722 2148 3880 2208 τίνις,

2278 2242 2458 2311 φησὶν,
2499 2233 2538 2288 ὦ
2587 2239 2781 2301 τέκνον,
2835 2237 3087 2306 κατέχετε
3129 2250 3144 2301 ;
3189 2237 3399 2306 Δέομαι,
3461 2237 3753 2300 σπεύσατε,
3812 2237 3886 2285 καί

2277 2347 2340 2399 με
2423 2327 2607 2378 θᾶττον
2691 2321 3016 2378 ἀπολύσατε.
3108 2329 3220 2376 Τῶν
3314 2320 3681 2398 πρεσϐυτέρων
3778 2325 3886 2376 τινὰ

2277 2415 2511 2469 κάλεσον.
2605 2417 2705 2467 Καὶ
2791 2419 2961 2465 ταῦτα
3034 2412 3208 2484 εἰπὼν,
3286 2411 3439 2464 πάλιν
3515 2409 3578 2471 ἦν
3665 2413 3881 2484 ἄφωνος.

2276 2501 2538 2576 ’Ἐδραμεν
2577 2503 2602 2554 ὁ
2658 2507 2783 2563 παῖς
2811 2503 2896 2554 ἐπὶ
2947 2504 3032 2553 τὸν
3077 2499 3446 2576 πρεσϐύτερον.
3495 2499 3608 2563 Νύξ
3651 2496 3713 2553 δε
3765 2497 3832 2558 ἦν
3872 2518 3886 2532 ο

2275 2592 2508 2654 κάκεῖνος
2569 2592 2774 2650 ἠσθένει
2842 2608 2857 2622 ο
2942 2587 3224 2662 ἀφικέσθαι
3287 2591 3378 2661 μεν
3447 2585 3535 2642 οὖν
3605 2589 3707 2642 ούκ
3764 2585 3894 2642 ἔδυ-

2274 2685 2406 2742 νήθη
2443 2701 2454 2714 ·
2489 2680 2691 2742 ἓντολῆς
2731 2676 2790 2732 δὲ
2820 2679 2908 2732 ὑπ’
2939 2679 3071 2752 ἐμοῦ
3112 2674 3401 2752 δεδομένης
3454 2682 3574 2741 τοὺς
3611 2678 3891 2732 ἀπαλλατ-

2275 2776 2519 2845 τομένους
2567 2777 2658 2822 τοῦ
2700 2766 2840 2844 βίου,
2895 2767 2939 2821 εἰ
2992 2764 3212 2836 δέοιντο,
3269 2772 3360 2821 καὶ
3409 2768 3648 2841 μάλιστα
3701 2768 3745 2820 εἰ
3801 2772 3892 2820 καὶ

2273 2865 2520 2934 πρότερον
2569 2861 2915 2919 ἱκετεύσαντες
2960 2860 3193 2930 τύχοιεν,
3253 2856 3498 2930 ἀφίεσθαι
3538 2874 3554 2889 ·
3617 2859 3705 2910 ἱνα
3747 2857 3893 2911 εὐέλ-

2276 2947 2417 3010 πίδες
2505 2947 2955 3012 ἀπαλλάττωνται,
3046 2944 3235 3020 βραχύ
3325 2955 3421 3010 τῆς
3517 2944 3888 3020 Εύχαριστίας

2273 3035 2434 3091 ἔδωκε
2489 3044 2561 3108 τῷ
2633 3032 2922 3111 παιδαρίῳ,
2993 3033 3275 3108 ἀποϐρέξαι
3329 3033 3591 3100 κελεύσας,
3665 3040 3757 3088 καὶ
3816 3043 3888 3105 τῷ

2271 3126 2536 3200 πρεσϐύτῃ
2587 3127 2723 3178 κατὰ
2765 3131 2856 3177 τοῦ
2915 3128 3172 3196 στόματος
3229 3123 3532 3188 έπιστάξαι.
3591 3123 3885 3182 Έπανῆιιεν

2273 3218 2298 3268 ὁ
2354 3224 2474 3278 παῖς
2519 3219 2680 3289 φέρων
2716 3230 2728 3244 ⁶
2781 3212 2932 3286 ἔγγὺς
2984 3209 3046 3266 δι
3096 3217 3369 3285 γενομένου
3438 3218 3556 3286 πρὶν
3611 3213 3882 3279 εἰσελθεῖν,

2271 3305 2537 3378 ἀνενέγκας
2579 3303 2732 3356 πάλιν
2792 3304 2818 3356 ὁ
2867 3305 3152 3375 Σεραπίων,
3201 3301 3224 3322 τ
3253 3309 3404 3367 Haec,
3468 3304 3587 3374 ἔφη,
3639 3306 3820 3356 τέχναν
3861 3320 3877 3367 ;

2271 3400 2359 3448 καὶ
2407 3397 2432 3447 ὁ
2485 3397 2574 3467 μεν
2645 3391 2994 3467 πρεσϐύτερος
3059 3390 3220 3444 έλθείν
3280 3394 3375 3444 ούκ
3443 3387 3694 3450 ἠδυνήθη
3736 3407 3750 3420 ·
3817 3397 3881 3445 σύ

2273 3482 2330 3538 δε
2388 3489 2608 3543 ποίησον
2659 3486 2858 3555 ταχέως
2915 3485 2972 3533 τὸ
3021 3482 3380 3555 προσταχθεν,
3433 3486 3523 3534 καὶ
3579 3479 3878 3534 ἂπάλλαττέ

2269 3594 2350 3647 με.
2399 3573 2701 3646 Ἀπίϐρεξεν
2751 3573 2775 3624 ὁ
2827 3577 2951 3633 παῖς
3007 3586 3021 3601 ·
3072 3575 3160 3623 καὶ
3216 3569 3329 3642 ἄμα
3356 3588 3411 3622 τε
3435 3568 3608 3642 ἐνέχει
3635 3569 3716 3643 τῷ
3762 3577 3879 3624 στό-

2268 3683 2393 3736 ματι
2439 3679 2452 3694 ⁶
2506 3668 2594 3716 καὶ
2651 3664 2838 3735 μικρὸν
2905 3659 3094 3722 ἐκεῖνος
3163 3657 3619 3731 καταϐροχθίσας,
3694 3659 3879 3722 εὐθέως

2267 3751 2429 3806 ἔδωκε
2465 3755 2523 3805 τὸ
2573 3758 2791 3824 πνεῦμα.
2842 3749 2955 3823 Ἆρ’
2989 3748 3082 3802 ούκ
3134 3751 3362 3824 ἐναργῶς
3419 3745 3738 3824 διηρήθη,
3787 3756 3874 3802 καὶ

2264 3846 2561 3916 παρέμεινεν
2641 3844 2728 3901 ἔως
2803 3839 2956 3912 λυθῇ,
3040 3842 3130 3891 καὶ
3192 3857 3284 3899 της
3353 3837 3621 3913 ἁμαρτίας
3689 3838 3874 3903 ἔξαλα·

2265 3933 2483 4004 φθείσης
2521 3929 2603 3983 έπὶ
2648 3929 2856 3991 πολλοῖς
2901 3929 2975 3990 οἷς
3023 3926 3209 4001 ἔπραξε
3250 3927 3446 3991 καλοῖς,
3477 3927 3870 4000 ὁμολογηθῆναι

2264 4018 2466 4092 δυνηθῇ
2502 4037 2516 4087 ;
2568 4040 2591 4070 υ
2649 4025 2828 4072 Ταῦτα
2859 4020 2949 4090 μὲν
2997 4021 3117 4092 περὶ
3148 4019 3334 4068 τούτου
3379 4037 3392 4050 ·
3432 4017 3460 4068 ὁ
3494 4012 3717 4080 δἀὐτὸς
3750 4025 3869 4071 Διο-

2259 4112 2439 4172 νύσιος
2472 4114 2561 4162 καὶ
2601 4116 2711 4170 τοῖς
2756 4107 2873 4160 κατ’
2930 4108 3193 4179 Αἴγυπτον
3222 4104 3383 4165 ἄλλην
3428 4110 3550 4181 περὶ
3593 4112 3863 4178 μετανοίας

2259 4200 2466 4273 γράφει,
2511 4200 2558 4251 ἐν
2604 4205 2634 4257 ἢ
2668 4199 2734 4249 τά
2776 4198 2825 4249 οἱ
2879 4191 3138 4249 δοκοῦντα
3192 4199 3308 4268 περὶ
3353 4202 3455 4246 τῶν
3517 4214 3862 4268 παραπεπτω-

2258 4293 2418 4342 κότων
2475 4287 2752 4351 ἐκτίθεται,
2813 4286 2984 4349 τάξεις
3030 4284 3196 4337 αὐτῶν
3244 4286 3335 4336 καὶ
3393 4279 3692 4358 διαιρέσεις
3745 4287 3860 4338 ﬁxo-

2256 4385 2454 4430 τυπῶν.
2517 4380 2616 4429 Καὶ
2665 4383 2736 4446 τῷ
2802 4381 2899 4436 τῆς
2945 4370 3361 4447 Ἐρμουπολιτῶν
3429 4371 3632 4426 Κόνωνι
3709 4373 3862 4432 ἄλλην

2259 4465 2472 4531 στέλλει,
2537 4468 2661 4536 Περὶ
2735 4466 3012 4536 μετανοίας
3075 4465 3165 4514 καὶ
3235 4459 3367 4518 «om
3418 4464 3513 4519 τὴν
3567 4463 3860 4536 ἑπιγραφήν

2256 4558 2461 4627 ἔχουσα
2505 4571 2522 4588 ⁸
2572 4556 2920 4628 προτρεπτική
2978 4547 3181 4624 δ’ὶτέρα
3231 4553 3356 4623 πρὸς
3407 4554 3504 4608 τήν
3555 4550 3671 4603 κατ’
3731 4552 3859 4605 Ἀλε-

2256 4641 2527 4719 ξάνδρειαν
2555 4647 2776 4714 ποίμνην
2829 4640 3010 4694 αὑτοῦ.
3044 4640 3157 4692 Ἐπὶ
3187 4636 3247 4692 δε
3295 4640 3497 4700 τούτοις
3537 4644 3633 4692 καὶ
3675 4642 3708 4700 ἡ
3742 4644 3858 4712 πρὸς

2255 4732 2523 4805 Ὠριγένην
2569 4732 2831 4806 γραφεῐσά
2881 4733 2994 4783 ἔστι
3044 4733 3162 4801 περὶ
3210 4731 3502 4802 μαρτυρίου
3551 4746 3565 4760 ·
3623 4735 3856 4790 καὶτοῖς

2253 4824 2388 4874 κατὰ
2445 4817 2779 4885 Λαοδίκειαν,
2823 4819 2890 4870 ὧν
2938 4821 3133 4891 ποιμὴν
3185 4812 3516 4890 Θηλύμιδρις
3571 4815 3852 4879 ἐπίσκοπος

2253 4909 2552 4984 ἐγνωρίζετο
2617 4926 2630 4940 ³
2702 4911 2766 4970 ὡς
2815 4905 2875 4961 δι
2925 4912 3015 4960 καὶ
3065 4913 3172 4969 τοῖς
3235 4907 3348 4959 κατ’
3407 4905 3692 4979 Ἀρμενίαν
3745 4911 3850 4979 περὶ

2251 5004 2526 5072 μετανοίας
2587 5020 2600 5032 ο
2657 4998 2724 5050 ὧν
2792 4993 2954 5070 ἦρχεν
3018 4998 3164 5071 ίερῶς
3227 4995 3604 5069 Μερουαζάνης
3665 5000 3838 5066 ὄνομα.

2256 5096 2355 5143 Καὶ
2407 5087 2672 5163 Κορνηλίῳ
2741 5083 2799 5140 δὲ
2849 5084 2918 5159 τῷ
2972 5087 3108 5139 κατὰ
3149 5085 3349 5158 Ῥώμην
3407 5085 3600 5158 γράφει
3645 5082 3844 5158 δεξάμε-

2251 5199 2333 5242 νος
2414 5183 2507 5237 τὴν
2560 5178 2696 5230 κατὰ
2756 5177 3003 5229 Ναυάτου
3049 5173 3241 5229 ἐκείνου
3285 5171 3563 5232 ἐπιστολήν
3610 5186 3626 5203 ⁶
3674 5174 3715 5244 ᾧ
3765 5179 3841 5226 καὶ

2251 5304 2331 5361 ad
2360 5302 2895 5360 sanctiﬁcationem
2925 5301 3197 5358 inutilem
3224 5315 3370 5357 esse.
3401 5300 3517 5357 Sed
3544 5299 3839 5360 insaniunt

2249 5376 2379 5432 haec
2402 5374 2688 5452 dicentes.
2715 5377 2840 5430 Non
2871 5375 3030 5452 enim
3063 5372 3305 5452 alius-ﬁt
3342 5371 3628 5452 Christus,
3662 5384 3834 5452 neque

2250 5452 2526 5503 sanctum
2549 5446 2598 5516 ej
2610 5463 2677 5500 ns
2691 5461 2910 5516 corpus
2927 5443 3472 5507 immutabitur,sed
3489 5443 3834 5516 benedictio-

2249 5519 2340 5575 nis
2368 5519 2551 5574 virtus
2576 5513 2635 5572 et
2653 5513 2876 5574 viviﬁ‘ca
2898 5518 3090 5586 gratia
3116 5521 3407 5588 perpetua
3426 5522 3631 5572 manet
3649 5514 3711 5572 in
3722 5513 3828 5570 illo.

2251 5589 2500 5664 Cyrillus
2523 5588 2602 5647 ad
2633 5588 3009 5662 Calosyrium
3032 5589 3408 5661 episcopum.
