4000 6220
188 289 332 346 1145

1279 292 1852 351 ECCLESIASTICIE
1890 295 2252 353 HISTORIA?
2291 297 2422 354 LIB.
2464 299 2557 354 VI.

3412 293 3551 349 1146

180 408 339 471 δηλοῖ
385 412 718 488 παράκλησιν
776 414 1032 489 εἰληφέναι
1105 417 1206 470 ύπό
1279 417 1504 486 Ἑλένου,
1569 426 1774 492 Ταρσοῦ

1899 422 2144 494 Scripsit
2169 437 2413 496 quoque
2441 423 2519 481 ad
2550 423 2885 480 Cornelium
2918 425 3119 480 Romae
3161 419 3552 494 episcopum,

179 509 280 562 τῆς
325 501 564 566 Κιλικίας
612 503 1040 569 έπισκοποῦντος,
1087 506 1426 580 Φιρμιλιανοῦ
1475 527 1529 561 τε
1590 515 1685 561 τοῦ
1733 511 1786 561 ἐκ

183 587 562 664 Καππαδοκίᾳ,
617 599 708 647 καὶ
784 601 876 647 τοῦ
941 597 1078 648 κατὰ
1151 596 1504 656 Παλαιστίνην
1573 602 1785 651 Θεοκτίο

185 697 338 746 στου,
386 683 451 742 ὡς
479 680 540 732 ἂν
574 681 658 735 έπὶ
707 687 802 742 τὴν
832 684 948 737 κατ’
998 683 1326 757 Ἀντιόχειαν
1367 683 1586 740 σύνοδον
1631 687 1789 740 ύπαν-

178 773 340 827 τήσοι
371 786 385 799 °
427 770 556 823 ὅπου
605 768 672 830 δή
740 791 875 836 τινες
927 775 1194 848 κρατύνειν
1255 778 1312 827 τό
1362 778 1499 828 κατὰ
1548 782 1789 829 Ναυᾶτον

184 854 492 933 ἰπεχείρουν
549 864 786 933 σχίσμα.
859 863 1181 916 Ἐπιστέλλει
1238 867 1368 937 πρὸς
1441 867 1609 936 τούτῳ
1689 884 1790 937 μη-

182 949 407 1006 νυθῆναι
468 948 628 1021 αύτῷ,
680 949 870 1004 ⁴Ιιάϐιον
926 955 1018 1024 μεν
1068 955 1439 1026 κεκοιμῆσθαι,
1494 960 1790 1028 Δημητρια-

183 1039 274 1088 νὺν
323 1032 382 1090 δε
423 1033 688 1111 διάδοχον
732 1039 928 1094 ἐκείνου
967 1041 1042 1112 τῷ
1096 1043 1258 1115 θρόνῳ
1314 1049 1411 1104 τῆς
1467 1042 1789 1114 Ἀντιοχείας

183 1127 595 1196 ἱγκαταστῆναι.
639 1133 764 1202 Περὶ
808 1125 868 1182 δε
923 1137 1016 1183 τοῦ
1071 1128 1121 1182 iv
1174 1130 1557 1204 Ἰεροσολύμοις
1611 1131 1788 1196 αὐτοῖς

181 1215 395 1289 ῥήμασι
454 1223 622 1270 ταῦτα
673 1214 922 1282 διέξεισιν
949 1235 965 1252 ο
1002 1241 1030 1269 ‹‹
1085 1219 1145 1273 Ὀ
1201 1223 1292 1293 μιν
1343 1223 1446 1296 γὰρ
1494 1223 1790 1294 θαυμάσιος

181 1301 527 1381 Ἀλέξανδρος
605 1309 654 1360 iv
719 1315 920 1382 φρουροὶ
987 1314 1274 1381 γενόμενος,
1353 1315 1620 1384 μακαρίως
1673 1309 1789 1364 ἆνε-

183 1396 453 1450 παύσατο.
507 1417 535 1445 ››
572 1395 662 1460 Ἐξ
718 1398 783 1459 ἧς
839 1402 930 1451 καὶ
990 1399 1160 1471 ἕτεραι
1207 1397 1306 1452 δύο
1353 1406 1462 1463 τοῖς
1513 1399 1562 1452 iv
1617 1400 1782 1474 Ῥώμη

185 1479 591 1551 διατυποῦνται,
651 1485 718 1536 ὧν
777 1487 808 1544 ἡ
874 1489 965 1558 μιν
1017 1493 1137 1562 περὶ
1186 1488 1416 1561 εἰρήνης,
1475 1490 1506 1548 ἡ
1560 1485 1620 1542 δὲ
1667 1493 1787 1563 περὶ

181 1577 463 1644 μετανοίας
514 1578 605 1633 τὴν
661 1575 954 1648 έπιγραφήν
1025 1579 1207 1648 ἔσχον.
1284 1582 1518 1653 Θατέραν
1561 1576 1622 1632 δι
1677 1585 1787 1642 τοῖς

177 1660 352 1715 έκεῖσε
384 1663 756 1736 όμολογηταῖς,
797 1672 858 1737 τῇ
914 1673 1005 1719 τοῦ
1056 1668 1303 1720 Ναυάτου
1348 1663 1476 1741 δόξη
1531 1669 1608 1720 ἔτι
1647 1686 1786 1740 συμ-

176 1753 542 1846 φερομένοιςᾲ
573 1750 766 1846 οίςῇδή
819 1757 1312 1846 καὶ-μετατεθεῖσιν
1367 1759 1452 1809 ini.
1521 1760 1615 1815 την
1671 1756 1786 1810 Ἐκ·
1817 1789 1862 1846 Β

176 1839 411 1898 κλησίαν
461 1840 622 1903 ἄλλας
663 1844 857 1916 ἔπεμπε
910 1839 1008 1896 δύο
1043 1861 1056 1876 ·
1105 1850 1197 1898 καὶ
1261 1844 1436 1908 ἄλλοις
1496 1842 1556 1899 δε
1615 1844 1783 1898 πλείο-

175 1947 270 2070 ἷιν
391 1928 716 1999 ἐπιστέλλων,
841 1937 1098 2006 μεγίστην
1198 1934 1441 2007 ὠφέλειαν
1569 1934 1784 1990 καταλέ-

206 2036 346 2070 οιπε.

206 2036 346 2072 οιπε.

807 2133 1027 2184 ΚΕΦΔΛ
1038 2172 1051 2185 .
1083 2128 1158 2185 Ζ’.

176 2237 334 2308 Περὶ
381 2240 504 2311 τοῦ
543 2236 923 2311 κινηθέντος
979 2245 1350 2296 τηνικαῦτα
1406 2239 1784 2311 ζητήματος

250 2306 396 2381 περὶ
439 2314 550 2359 τοῦ
591 2308 764 2381 θείου
814 2306 1311 2381 βαπτίσματος·
1363 2315 1472 2364 καὶ
1528 2306 1604 2372 ὡς
1641 2312 1779 2364 κατ’

251 2375 459 2430 έκεῖνο
498 2375 730 2452 καιροῦ
769 2375 961 2452 ἱῲάνη
1005 2379 1376 2445 Σαϐέλλιος.

251 2483 540 2559 Κορνήλιον
607 2481 666 2539 δέ
739 2493 834 2548 τῆς
903 2487 1107 2561 Ῥώμης
1171 2485 1432 2563 προέδρου
1513 2491 1598 2542 τόν
1665 2486 1780 2563 βίον

177 2570 528 2637 ἀπολιπόντος
602 2577 736 2648 μετὰ
813 2581 989 2649 τρίτον
1064 2580 1191 2643 ἔτος,
1278 2581 1503 2641 Λούκιος
1550 2583 1776 2638 κατέστη

175 2657 447 2736 διάδοχος
475 2681 489 2694 ’
531 2663 582 2726 ὃς
627 2671 794 2738 μησὶν
849 2663 966 2720 οὐδ’
1020 2667 1153 2728 ὅλοις
1190 2666 1316 2720 έπτὰ
1363 2668 1775 2741 ἓξυπηριτήσας,

176 2755 427 2824 Στέφανον
478 2755 609 2826 ῖσχε
663 2751 929 2828 διάδοχον
960 2772 974 2786 ·
1026 2757 1066 2828 ᾧ
1111 2753 1179 2816 δὴ
1239 2759 1470 2830 Στεφάνῳ
1510 2760 1780 2821 Διονύσιος

178 2845 274 2899 τὴν
329 2846 444 2916 περὶ
507 2850 599 2896 τοῦ
656 2839 1027 2918 βαπτίσματος
1076 2851 1285 2920 πρώτην
1338 2843 1622 2918 σχεδιάζει
1673 2847 1777 2900 im.-

181 2929 384 2989 στολήν.
439 2938 544 2985 Τοῦ
609 2934 712 3008 γὰρ
786 2942 878 2996 τῆς
943 2933 1155 3009 ’Ἄφρων
1218 2942 1516 3012 Κυπριανοῦ
1569 2943 1777 3009 πρώτου

177 3015 216 3072 δ
221 3020 274 3071 ιά
323 3018 541 3095 λούτρου
615 3024 933 3096 προσίεσθαι
997 3027 1116 3086 τοὺς
1194 3023 1294 3077 ἀπὸ
1364 3033 1464 3078 τῶν
1530 3027 1776 3098 αἱρέσεων

1897 525 2035 565 cum
2066 510 2144 566 ab
2187 527 2258 566 eo
2308 511 2595 568 adversus
2627 514 2919 569 Novatum
2959 511 3289 583 accepisset
3325 508 3552 580 episto-

1897 598 2039 654 lam.
2074 600 2175 655 Cui
2213 601 2392 656 etiam
2441 601 2759 671 signiﬁcat,
2787 606 3067 672 rogatum
3096 617 3157 656 se
3180 615 3308 655 esse
3340 598 3418 654 ab
3446 600 3552 653 lie-

1897 687 2031 744 leno
2072 689 2230 744 Tarsi
2263 687 2493 754 Ciliciae,
2527 694 2582 746 et
2635 706 2671 746 a
2696 689 3042 746 Firmiliano
3094 688 3546 761 Cappadocum,

1897 792 2006 833 nec
2033 793 2152 834 non
2193 795 2230 835 a
2266 779 2598 836 Theoctisto
2637 779 3084 836 Palaestinorum
3123 777 3441 851 episcopis,
3484 779 3550 831 ut

1896 866 2330 924 Antiochenam
2360 868 2663 940 synodum
2698 868 2907 932 adiret,
2950 869 3048 923 ubi
3082 865 3355 923 nonnulli
3395 864 3547 922 obti-

1895 971 2036 1012 nere
2062 962 2241 1030 atque
2269 957 2626 1013 conﬁrmare
2665 959 2868 1014 Novati
2907 957 3186 1013 haeresim
3242 957 3549 1012 conaban-

1896 1051 2007 1102 tur.
2043 1046 2269 1103 lndicat
2297 1047 2492 1102 eidem
2523 1046 2670 1102 illud
2700 1062 2962 1119 quoque.
3007 1046 3259 1102 Fabium
3298 1044 3546 1117 quidem

1895 1134 2352 1200 obdormivisse,
2387 1137 2828 1192 Demetrianum
2860 1150 3002 1191 vero
3035 1149 3145 1206 pro
3182 1149 3253 1190 eo
3283 1132 3548 1189 ecclesias

1898 1225 2277 1281 Antiochense
2307 1225 2650 1298 praefectum
2692 1241 2848 1282 esse.
2895 1227 2972 1280 De
3007 1222 3547 1294 Hierosolymitano

1895 1319 2097 1369 autem
2151 1315 2435 1387 episcopo
2483 1315 2558 1372 ad
2607 1330 2746 1370 eum
2799 1313 2962 1370 hisce
3035 1312 3230 1368 verbis
3284 1311 3546 1367 scribit:

1899 1422 1928 1455 α
1965 1403 2367 1460 Admirandus
2413 1402 2509 1459 ille
2552 1403 2886 1460 Alexander
2909 1403 2970 1457 in
3025 1415 3262 1458 carcere
3306 1399 3550 1456 feliciter

1895 1497 1983 1548 est
2012 1492 2348 1549 defunctus.
2381 1511 2408 1544 »
2443 1493 2665 1548 Deinde
2698 1496 2754 1547 et
2778 1491 2926 1547 alias
2953 1491 3106 1546 duas
3137 1491 3215 1546 ad
3241 1491 3548 1545 Romanos

1893 1581 2126 1654 scripsit
2177 1581 2480 1654 epistolas,
2531 1580 2779 1637 alteram
2833 1580 2908 1636 de
2962 1595 3129 1652 pace,
3176 1579 3421 1635 alteram
3471 1577 3548 1633 de

1892 1671 2262 1743 paenitentia.
2293 1671 2484 1727 Aliam
2515 1673 2654 1727 item
2687 1670 2763 1726 ad
2803 1685 2908 1726 eos
2937 1669 3042 1740 qui
3083 1668 3164 1724 ibi
3197 1667 3377 1723 fidem
3409 1671 3549 1724 sunt

1893 1760 2170 1826 confessi,
2203 1762 2405 1817 Novati
2431 1760 2699 1832 opinioni
2721 1759 2920 1815 adhuc
2938 1758 3347 1814 adhmrentes:
3379 1762 3437 1812 et
3467 1755 3547 1811 ad

1891 1850 2134 1907 eosdem
2165 1865 2426 1915 rursum,
2457 1865 2594 1905 cum
2617 1851 2692 1905 ad
2717 1848 3043 1904 Ecclesiam
3075 1850 3279 1903 essent
3301 1845 3543 1908 reversi,

1891 1939 2040 1995 alias
2064 1939 2236 1994 duas.
2296 1939 2386 1994 Ad
2416 1939 2565 1994 alios
2596 1953 2841 2011 quoque
2880 1936 3080 2008 plures
3109 1935 3316 1992 litteris
3367 1933 3544 2000 datis,

1892 2027 2218 2101 plurimum
2249 2028 2535 2085 omnibus
2569 2028 2763 2085 attulit
2791 2026 3080 2083 utilitatis.

2424 2135 2596 2208 397
2636 2135 2860 2192 CAPUT
2906 2135 3017 2189 vn.

1890 2243 1977 2301 De
2004 2242 2325 2316 quastione
2366 2249 2490 2299 tum
2545 2245 2824 2316 temporis
2846 2241 2926 2316 de
2950 2239 3152 2316 divino
3187 2239 3542 2309 baptismate

2067 2321 2291 2381 coorta,
2321 2319 2375 2372 et
2415 2321 2479 2371 ut
2518 2320 2638 2370 tum
2658 2312 2973 2371 Sabellius
3003 2312 3077 2368 sit
3103 2319 3360 2368 coortus.

1963 2495 2140 2551 Porro
2196 2509 2334 2550 cum
2390 2491 2694 2550 Cornelius
2742 2495 2945 2549 Romm
2986 2495 3127 2564 post
3170 2489 3407 2547 tertium
3439 2505 3543 2546 an-

1889 2599 2034 2639 num
2093 2583 2476 2656 episcopatus
2524 2583 2613 2637 sui
2663 2581 3035 2647 decessisset,
3091 2579 3306 2636 Lucius
3365 2579 3416 2635 ei
3457 2582 3545 2636 est

1889 2673 2194 2729 suﬁlectus
2221 2686 2232 2726 :
2262 2673 2366 2745 qui
2395 2687 2516 2728 non
2543 2671 2788 2742 integris
2826 2675 3055 2742 septem
3088 2668 3401 2724 mensibus
3442 2670 3546 2724 Ec-

1888 2761 2068 2820 clesia
2104 2760 2539 2826 administrata,
2584 2760 2952 2832 Stephanum
2993 2759 3205 2815 habuit
3239 2773 3546 2813 successo-

1886 2867 2012 2908 rem
2029 2867 2042 2907 :
2059 2850 2136 2907 ad
2150 2866 2331 2923 quem
2345 2850 2659 2922 Dionysius
2671 2849 2929 2920 primam
2944 2847 3018 2903 de
3031 2847 3336 2919 baptismo
3360 2845 3548 2917 scrip-

1886 2941 1960 2996 sit
1978 2939 2316 3012 epistolam.
2342 2939 2675 3012 Cyprianus
2694 2939 2918 3011 quippe
2931 2937 3068 2992 Afer
3089 2936 3322 3008 primus
3334 2935 3548 3008 opina-

1886 3034 1982 3087 tus
1998 3034 2106 3094 est,
2135 3033 2410 3102 oportere
2436 3043 2538 3084 eos
2559 3029 2657 3100 qui
2692 3027 2770 3084 ab
2794 3026 3004 3083 haeresi
3034 3029 3542 3090 converterentur,

171 3108 393 3170 ἣκοντας
470 3106 578 3163 δεῖν
662 3113 976 3183 ἡγουμένου,
1036 3116 1286 3186 Στέφανος
1350 3119 1423 3186 μὴ
1499 3117 1644 3186 παρὰ
1716 3119 1774 3167 τό

1886 3119 2128 3175 lavacro
2158 3118 2386 3191 expiari
2435 3122 2492 3174 et
2535 3117 2740 3190 recipi.
2777 3115 3116 3189 Stephanus
3147 3119 3354 3171 contra
3395 3113 3545 3170 nihil

164 3206 436 3271 κρατῆσαι
487 3200 596 3260 ἔθος
643 3201 962 3276 νεωτερίζειν
1012 3201 1178 3274 ῖλιγεν
1205 3220 1219 3234 ·
1278 3200 1556 3277 ἀρκεῖσθαι
1603 3199 1662 3257 δε
1710 3210 1771 3276 τῇ

165 3283 267 3341 διὰ
295 3291 479 3364 χειρὸς
529 3288 662 3363 εύχῇ
712 3294 867 3364 μόνη,
903 3293 967 3352 ὡς
996 3293 1106 3352 ἔθος
1155 3288 1236 3350 ἦν.
1294 3297 1394 3346 Καὶ
1443 3296 1614 3345 τοίνυν
1646 3293 1773 3366 ύπὶρ

160 3379 357 3432 τούτου
443 3377 841 3452 ἀγανακτοῦντι,
926 3383 1196 3444 Διονύσιος
1271 3381 1493 3435 πλεῖστα
1564 3385 1775 3455 γράφων

165 3463 205 3520 δ
213 3467 473 3540 ιωμιλεῖτο
504 3485 516 3499 ·
579 3473 668 3522 καὶ
708 3468 849 3533 τελος
878 3467 1084 3538 έδήλου,
1131 3473 1201 3534 ὡς
1249 3473 1353 3546 ἄρα
1401 3479 1493 3525 τοῦ
1533 3468 1774 3544 διωγμοῦ

160 3555 542 3629 λελωφηκότος,
616 3560 672 3611 αἱ
739 3563 1044 3632 πανταχόσε
1121 3560 1398 3620 ἐκκλησίαι
1468 3565 1562 3621 τὴν
1639 3563 1776 3614 κατὰ

160 3651 411 3699 Ναυᾶτον
515 3653 904 3723 νεωτεροποιίαν
1010 3648 1450 3723 ἁποστραφεῖσαι,
1567 3651 1774 3722 εἰρήνην

160 3737 333 3808 ἔσχον
362 3738 486 3811 πρός
535 3736 738 3798 ἑαυτάς.
771 3739 960 3811 Γράφει
1009 3735 1068 3792 δε
1118 3735 1245 3796 ὧδε.
1303 3757 1332 3790 ‹‹
1375 3737 1518 3792 Ἵσθι
1550 3735 1609 3793 δε
1661 3747 1770 3805 νῦν,

160 3820 378 3897 ἀδελφέ,
428 3827 507 3878 ὃτι
564 3829 788 3885 ἣνωνται
830 3833 1001 3880 πᾶσαι
1047 3829 1101 3880 αἱ
1152 3832 1398 3902 πρότερον
1461 3824 1774 3902 διεσχισμέ-

156 3933 252 3966 ναι
303 3915 438 3968 κατά
482 3933 537 3968 τε
589 3920 683 3975 τὴν
747 3913 996 3975 ἀνατολὴν
1053 3914 1325 3976 έκκλησίαι
1385 3922 1474 3970 καὶ
1525 3920 1602 3970 ῖτι
1647 3937 1773 3991 προ·

158 4007 378 4080 σωτέρω
411 4023 424 4037 ο
478 4009 565 4058 καὶ
619 4007 809 4066 πάντες
867 4007 998 4059 εἰσὶν
1055 4007 1330 4078 ὁμόφρονες
1391 4006 1442 4059 οἰ
1495 4015 1772 4079 πανταχοῦ

153 4103 508 4167 προεστῶτες,
563 4099 840 4170 χαίροντες
895 4095 1014 4147 καθ’
1065 4094 1352 4168 ὑπερϐολὴν
1405 4095 1487 4149 ἐπὶ
1526 4104 1588 4169 τῇ
1629 4099 1774 4170 παρὰ

157 4179 498 4259 προσδοκίαν
549 4184 724 4258 εἰρήνῃ
784 4187 1028 4258 γενομένῃ
1065 4203 1078 4217 ·
1137 4190 1432 4258 Δημήτριος
1483 4187 1530 4237 έν
1575 4185 1774 4240 Ἀντιο-

155 4277 313 4348 χείᾳ,
405 4277 722 4338 Θεόκτιστος
791 4274 841 4326 iv
925 4279 1238 4348 Καισαρείᾳ,
1325 4273 1650 4337 Μαζαϐάνης
1723 4273 1771 4325 έν

158 4363 341 4436 Αἰλίᾳ,
393 4369 623 4439 Μαρῖνος
681 4363 731 4416 έν
789 4365 958 4439 Τύρῳ,
1013 4365 1352 4436 κοιμηθέντος
1403 4360 1770 4438 Ἀλεξάνδρου,

1886 3224 1957 3264 ea
1984 3209 2043 3265 in
2075 3224 2137 3264 re
2174 3215 2386 3280 praeter
2429 3212 2730 3278 receptam
2773 3203 3279 3262 consuetudinem
3312 3218 3543 3260 novan-

1885 3297 2032 3355 dum
2082 3313 2211 3354 esse
2259 3297 2474 3353 duxit:
2532 3296 2804 3352 sufﬁcere
2849 3294 3072 3352 scilicet
3127 3293 3186 3349 in
3231 3294 3315 3350 eis
3364 3292 3543 3350 veteri

1885 3402 2052 3444 more
2073 3387 2402 3444 orationem
2421 3384 2633 3451 solam,
2655 3401 2792 3442 cum
2811 3399 3106 3439 manuum
3132 3381 3539 3455 impositione.

1885 3477 2089 3548 Itaque
2112 3475 2190 3532 ad
2219 3491 2357 3530 eum
2398 3489 2555 3544 aegre
2585 3473 3022 3529 dissensionem
3067 3488 3200 3528 eam
3251 3471 3538 3527 ferentem

1885 3566 2202 3638 Dionysius
2247 3563 2522 3637 pluribus
2576 3562 2829 3632 scripsit,
2861 3568 2916 3617 et
2975 3567 3282 3634 postremo
3333 3559 3542 3615 certio-

1883 3670 2010 3711 rem
2041 3670 2178 3709 eum
2211 3653 2366 3719 facit,
2396 3651 2808 3724 persecutione
2841 3651 3058 3722 sopita,
3093 3647 3373 3704 ecclesias
3412 3663 3543 3702 om-

1884 3760 2006 3808 nes,
2043 3743 2209 3800 novis
2235 3741 2416 3798 rebus
2447 3740 2656 3797 Novati
2687 3739 3034 3811 repudiatis,
3063 3753 3277 3810 pacem
3301 3737 3449 3792 inter
3477 3749 3538 3790 se

1881 3833 2126 3889 habere.
2154 3832 2345 3888 Verba
2361 3831 2490 3902 ejus
2517 3829 2646 3886 hmc
2675 3836 2816 3884 sunt
2851 3847 2862 3884 :
2893 3847 2921 3878 «
2945 3827 3099 3884 Scito
3119 3842 3301 3890 nunc,
3335 3825 3537 3891 frater,

1884 3923 2208 3979 Orientales
2247 3926 2427 3992 atque
2479 3919 2659 3976 etiam
2711 3918 3014 3973 ulteriores
3063 3915 3368 3984 ecclesias,
3402 3929 3538 3987 quas

1881 4017 2060 4068 antea
2089 4009 2489 4078 dissidebant,
2509 4008 2585 4064 ad
2614 4007 2902 4062 unitatem
2934 4021 3063 4062 esse
3094 4004 3391 4070 redactas,
3411 4018 3540 4058 om-

1882 4117 2106 4174 nesque
2141 4099 2362 4171 ubique
2395 4113 2603 4154 earum
2627 4096 2917 4152 antistites
2959 4095 3276 4150 unanimes
3303 4098 3359 4150 et
3398 4107 3540 4149 con-

1882 4191 2202 4247 sentientes
2219 4203 2402 4261 supra
2432 4185 2682 4243 modum
2699 4185 2773 4240 de
2789 4199 2939 4258 pace
2966 4189 3021 4239 et
3037 4183 3380 4247 concordia,
3400 4197 3536 4255 quas

1881 4284 2094 4353 praeter
2149 4277 2655 4350 exspectationem
2691 4273 2928 4340 accidit,
2958 4273 3168 4329 laetari.
3209 4271 3538 4329 Demetria-

1881 4385 2028 4424 num
2059 4369 2118 4423 in
2163 4366 2374 4440 primis
2403 4363 2859 4426 Antiochenum.
2911 4362 3312 4418 Theoctistum
3345 4362 3537 4418 Cassa-

152 4449 480 4527 ἸΙλιόδωρος
557 4455 607 4505 iv
664 4449 974 4525 Λαοδικείᾳ,
1032 4451 1468 4527 ἀναπαυσαμένου
1538 4452 1772 4525 Θηλυμί-

1886 4458 2158 4522 riensem,
2175 4455 2553 4512 Mazabanem
2568 4452 2904 4521 Ailiensem,
2928 4451 3244 4508 Alexandri
3266 4451 3534 4508 defuncti

157 4539 324 4616 δρου,
353 4540 556 4606 Ἕλενος
586 4545 634 4596 iv
681 4548 872 4618 Ταρσῷ
917 4547 1005 4596 καὶ
1061 4549 1230 4596 πᾶσαι
1267 4545 1324 4595 αἱ
1367 4542 1641 4601 έκκλησίαι
1679 4551 1770 4603 τῆς

153 4632 424 4698 Κιλικίας,
485 4631 840 4706 Φιρμιλιανός,
916 4636 1006 4686 καὶ
1074 4637 1223 4685 πᾶσα
1296 4633 1323 4691 ὁ
1388 4628 1763 4686 Καππαδοκία.

151 4725 292 4784 Τούς
346 4725 447 4797 γὰρ
520 4725 981 4798 περιφανεστέρους
1055 4725 1245 4795 μόνους
1299 4730 1399 4774 τῶν
1469 4719 1765 4774 ίπισκόπων

152 4813 430 4884 ὠνόμασα,
478 4814 560 4864 ἶνα
608 4817 736 4884 μήτε
782 4819 950 4884 μῆκος
996 4819 1058 4884 τῇ
1110 4810 1381 4884 ἐπιστολῇ,
1433 4815 1563 4884 μήτε
1603 4809 1764 4886 βάρος

148 4899 422 4975 προσάψω
461 4909 532 4972 τῷ
568 4899 726 4973 λόγῳ.
761 4901 830 4954 Ai
854 4902 1030 4972 μέντοι
1070 4905 1249 4974 Συρίαι
1280 4899 1395 4953 όλαι
1419 4904 1509 4952 καὶ
1538 4900 1568 4957 ἡ
1613 4899 1764 4972 ’Δρα-

148 4990 273 5056 ϐία,
338 4991 415 5053 οἷς
476 4988 744 5062 ἐπαρκεῖτε
803 4988 1050 5042 ἑκάστοτε
1122 4993 1212 5042 καὶ
1265 4990 1334 5054 οἵ,
1398 4995 1486 5040 νῦν
1537 4991 1758 5042 ἐπιστεί.

143 5081 278 5133 λατε
310 5095 326 5111 ⁸
356 5082 387 5138 ἧ
417 5097 470 5132 τε
493 5083 896 5151 Μεσοποταμία,
942 5082 1135 5140 Πόντος
1168 5098 1221 5132 τε
1250 5083 1337 5132 καὶ
1379 5079 1593 5131 Βιθυνία
1623 5095 1636 5109 ο
1670 5084 1759 5132 καὶ

150 5167 424 5223 συνελόντι
475 5167 652 5235 εἰπεῖν,
688 5165 1031 5239 ἁγαλλιῶνται
1079 5169 1265 5230 πάντες
1312 5171 1402 5219 καὶ
1457 5167 1754 5233 πανταχοῦ,

147 5266 220 5332 τῇ
276 5260 492 5332 ὁμονοίᾳ
546 5263 635 5310 καὶ
681 5253 990 5331 φιλαδέλφίᾳ
1042 5252 1349 5320 δοξάζοντες
1399 5259 1484 5309 τὸν
1537 5260 1684 5310 Θεόν.
1728 5277 1752 5308 ι

149 5350 390 5421 Στεφάνῳ
420 5350 511 5421 μεν
542 5345 611 5406 δὴ
639 5355 808 5401 ταῦτα
845 5347 871 5399 ὀ
903 5350 1164 5408 Διονύσιος
1194 5364 1208 5377 ·
1259 5354 1332 5416 τῷ
1364 5342 1422 5400 δε
1459 5347 1568 5418 μετ’
1601 5348 1756 5399 αύτόν

147 5440 344 5512 Ξύστῳ
384 5435 630 5514 δευτέραν
674 5439 702 5490 ό
761 5439 1025 5500 Διονύσιος
1071 5441 1190 5512 περὶ
1239 5435 1333 5490 τοῦ
1383 5433 1756 5510 βαπτίσματος

145 5531 345 5605 γράφει
415 5527 706 5594 επιστολὴν,
767 5527 815 5580 iv
884 5529 1046 5601 ταύτῂ
1095 5527 1352 5599 Στεφάνου
1398 5545 1453 5580 τε
1507 5531 1598 5580 καὶ
1652 5535 1754 5580 τῶν

147 5621 348 5674 λοιπῶν
405 5621 499 5677 τήν
544 5621 720 5691 κρίσιν
792 5615 1065 5690 έμφαίνων.
1126 5615 1461 5671 Ἐπεστάλκει
1529 5619 1619 5690 μεν
1665 5612 1756 5670 οὖν

1879 4562 2308 4611 successorem,
2365 4545 2656 4600 Marinum
2696 4543 2959 4615 Tyrium,
3011 4558 3148 4598 cum
3199 4541 3534 4596 Alexander

1877 4637 2144 4702 obiisset,
2179 4633 2560 4692 Heliodorum
2595 4631 3039 4696 Laodicensem,
3071 4630 3172 4703 qui
3226 4631 3286 4685 in
3324 4629 3526 4685 locum

1875 4721 2267 4796 Thelymidris
2297 4720 2660 4788 subrogatus
2699 4725 2803 4782 est,
2834 4716 3116 4772 Helenum
3155 4717 3524 4782 Tarsensem,

1876 4815 1932 4867 et
1987 4809 2268 4866 ecclesias
2309 4808 2518 4864 Ciliciae
2567 4822 2799 4869 omnes,
2831 4803 3265 4868 Firmilianum,
3295 4807 3350 4858 et
3381 4803 3528 4875 Cap-

1875 4899 2196 4972 padociam
2220 4913 2464 4954 omnem
2496 4915 2508 4955 :
2552 4895 2890 4968 praecipuos
2913 4894 3073 4949 enim
3101 4894 3524 4965 episcoporum

1871 4989 2200 5053 nominavi,
2243 5003 2316 5042 ne
2369 4983 2618 5058 epistola
2669 4983 2904 5054 longior
2954 4983 3078 5047 ﬁat,
3127 4998 3275 5038 neve
3317 4981 3522 5038 multis

1871 5078 2068 5134 verbis
2121 5077 2234 5133 sim
2270 5075 2593 5132 molestior.
2653 5073 2765 5130 Sed
2803 5077 2860 5127 et
2901 5073 3197 5128 universae
3242 5071 3429 5144 Syrim
3468 5076 3524 5127 et

1868 5167 2122 5233 Arabiae,
2163 5165 2383 5238 quibus
2409 5178 2644 5235 semper
2675 5161 2903 5233 aliquid
2957 5161 3351 5233 suppeditatis
3383 5161 3526 5217 doc-

1867 5257 2058 5322 trinae,
2080 5260 2137 5312 et
2161 5271 2323 5311 nunc
2347 5254 2524 5309 etiam
2548 5251 2880 5323 scripsistis.
2911 5249 3344 5322 Mesopotamia
3366 5251 3519 5320 ipsa,

1867 5347 2102 5412 Pontus,
2147 5343 2443 5416 Bithynia,
2500 5348 2553 5396 et
2589 5341 2680 5413 (ut
2719 5340 2904 5397 semel
2952 5340 3177 5410 dicam)
3218 5339 3522 5395 exsultant

1866 5436 2089 5509 ubique
2142 5449 2375 5499 omnes,
2424 5429 2748 5488 concordia
2803 5434 2861 5486 et
2914 5430 3174 5487 fraterna
3230 5428 3518 5486 charitate

1864 5525 2258 5597 glorificantes
2274 5525 2478 5578 Deum.
2499 5540 2524 5571 ι
2552 5521 2678 5576 Haec
2703 5519 3018 5592 Dionysius
3032 5519 3108 5574 ad
3122 5517 3514 5590 Stephanum.

1863 5615 1954 5673 Ad
1986 5618 2230 5688 Xystum
2263 5615 2484 5676 autem,
2513 5609 2618 5683 qui
2649 5607 2730 5666 illi
2759 5607 3060 5676 successit,
3090 5607 3422 5666 secundam
3441 5607 3516 5665 de
