4000 6220
511 234 646 290 1147

1820 231 2208 291 NICEPHORI
2244 227 2570 289 CALLISTI

3696 241 3800 296 1H8

503 359 809 432 baptismo
851 361 1165 433 epistolam
1209 361 1367 420 idem
1403 360 1584 428 dedit,
1617 361 1902 433 Stephani
1939 365 1992 415 et
2021 357 2149 414 reli-

2266 361 2506 431 πρότερον
2575 362 2664 411 καὶ
2711 362 2829 432 περὶ
2892 356 3093 414 Ἑλένου
3169 361 3258 411 καὶ
3344 358 3679 431 Φιρμιλιανοῦ,
3738 385 3803 419 και

503 463 766 522 quorum
825 451 1118 522 judicium
1185 453 1244 507 in
1298 468 1369 508 ea
1420 451 1761 508 ostendens.
1825 450 2150 522 Scripserat

502 553 770 612 namque
801 541 1138 612 Stephanus
1166 542 1330 613 prius
1358 541 1432 598 de
1455 541 1670 598 Heleno
1701 546 1757 596 et
1790 538 2150 596 Firmiliano.

503 629 907 701 omnibusqne
951 629 1218 687 ﬁnitimis
1263 630 1526 703 populis,
1559 629 1739 702 398
1770 645 1832 684 se
1870 643 2009 684 cum
2040 625 2153 682 illis

502 731 627 772 non
667 720 1276 789 communicaturum,
1329 736 1464 777 eam
1505 721 1700 792 ipsam
1750 719 1828 774 ob
1881 731 2152 784 causam,

504 805 671 877 quod
699 806 1008 864 haereticos
1043 809 1499 882 rebaptizarent.
1529 829 1558 862 ι(
1598 811 1660 864 Et
1690 807 2022 869 considera,
2064 806 2150 860 in-

504 895 653 966 quit,
697 897 1174 966 magnitudinem
1213 899 1316 954 rei.
1350 899 1583 954 Certum
1621 897 1781 954 enim
1811 900 1922 966 est,
1969 894 2044 950 de
2083 909 2155 950 ea

505 987 570 1042 tn
610 985 888 1042 maximis
927 987 1345 1059 episcoporum
1386 986 1805 1051 conventibus,
1841 989 1904 1041 ut
1950 983 2150 1050 audio,

505 1073 744 1130 decreta
782 1091 916 1131 esse
971 1075 1148 1144 facta,
1192 1077 1479 1143 videlicet,
1511 1081 1572 1132 ut
1609 1076 1712 1148 qui
1755 1091 1826 1130 ex
1856 1072 2154 1130 haereticis

505 1178 614 1235 per
647 1164 1057 1235 paenitentiam
1101 1170 1545 1230 convertuntur,
1579 1165 1843 1238 primum
1874 1164 1947 1218 de
1991 1166 2156 1218 recta

505 1251 626 1307 ﬁde
652 1253 1124 1324 percatechesim
1148 1256 1548 1322 instituantur,
1573 1253 1790 1310 deinde
1805 1252 2153 1316 abluantur,

505 1341 724 1397 veteris
774 1347 830 1398 et
877 1343 1094 1415 impuri
1140 1344 1410 1400 fermenti
1449 1344 1816 1416 deponentes
1847 1342 2073 1398 sordes.
2124 1359 2152 1392 »

505 1432 574 1487 Et
603 1430 785 1502 paulo
809 1437 942 1503 post
974 1450 986 1488 :
1023 1456 1049 1483 ‹‹
1075 1433 1228 1499 Quin
1261 1439 1314 1490 et
1341 1433 1569 1489 dilectis
1600 1434 1816 1490 nostris
1848 1447 2156 1504 compres-

507 1519 733 1592 byteris
764 1521 1042 1593 Dionysio
1069 1528 1125 1578 et
1151 1522 1496 1591 Philemoni,
1538 1523 1643 1595 qui
1669 1521 1921 1578 antehac
1948 1517 2156 1576 suffra-

508 1613 743 1680 gatores
776 1612 1057 1682 Stephani
1081 1612 1264 1677 fuere,
1293 1628 1430 1668 cum
1451 1613 1528 1669 ad
1561 1627 1655 1668 me
1689 1612 1764 1667 de
1789 1611 1950 1666 hisce
1977 1610 2157 1666 rebus

2259 449 2462 500 πάντων
2520 455 2618 499 τῶν
2693 449 3019 522 ὁμορούντων
3099 447 3278 512 ὶθνῶν,
3360 451 3424 510 ὡς
3478 447 3595 504 οὐδε
3649 451 3804 516 ἐκείνοις

2259 541 2586 595 κοινωνήσων
2641 533 2736 590 διὰ
2807 541 2900 596 τὴν
2958 536 3121 595 αὐτὴν
3178 539 3374 596 ταύτην
3415 539 3617 591 αἰτίαν·
3665 539 3801 602 ἕπιιδὲ

2259 630 2382 688 τοὺς
2436 629 2746 700 αἰρετικοὺς,
2808 631 2988 699 φησὶν,
3048 625 3487 691 ἀναϐαπτίζουσι.
3522 648 3550 680 α
3593 630 3686 685 Καὶ
3719 641 3805 686 mi-

2259 734 2344 769 πει
2373 719 2432 768 τό
2488 719 2703 787 μέγεθος
2741 723 2834 769 τοῦ
2882 717 3212 789 πράγματος.
3254 715 3447 778 Ὄντως
3484 719 3583 792 γὰρ
3612 715 3807 792 δόγματι

2260 808 2379 876 περὶ
2433 807 2621 857 τούτου
2673 808 2880 877 γέγονεν
2949 805 2996 857 έν
3076 812 3189 866 ταῖς
3237 810 3508 878 μεγίσταις
3575 818 3667 860 τῶν
3727 809 3807 862 im-

2265 899 2473 946 σκόπων
2525 891 2786 964 συνόδοις,
2826 896 2894 958 ὡς
2933 896 3260 966 πυνθάνομαι
3289 914 3301 927 ·
3349 897 3483 948 ὥστε
3524 901 3640 959 τοὺς
3683 918 3808 972 προσ-

2264 986 2434 1044 ιόντας
2497 982 2597 1036 ἀπὸ
2661 986 2906 1056 αἱρέσεων
2981 987 3501 1057 προκατηχηθέντας,
3573 983 3657 1039 εἶτ’
3714 988 3810 1044 ἁπο-

2259 1071 2506 1127 λούεσθαι
2565 1080 2654 1126 καὶ
2712 1073 3155 1150 ἀνακαθαίρεσθαι
3211 1079 3298 1128 τὸν
3358 1085 3451 1137 τῆς
3503 1076 3710 1140 παλαιᾶς
3747 1085 3810 1132 καὶ

2261 1160 2560 1238 ἀκαθάρτου
2616 1164 2782 1236 ζύμης
2821 1165 3006 1239 ῥύπον.
3059 1185 3083 1216 ι
3143 1169 3244 1218 Καὶ
3299 1165 3410 1238 μετ’
3455 1165 3637 1237 ὀλίγα·
3682 1189 3707 1217 ι
3738 1174 3811 1222 Καὶ

2260 1258 2370 1314 τοῖς
2426 1251 2714 1324 ἀγαπητοῖς
2767 1250 2826 1306 δι
2878 1256 3023 1326 ἡμῶν
3071 1259 3162 1307 καὶ
3215 1254 3685 1330 συμπρεσϐυτέροις
3730 1264 3812 1310 Διο-

2261 1345 2425 1413 νυσίῳ
2472 1347 2558 1395 καὶ
2614 1343 2884 1416 Φιλήμονι,
2969 1343 3275 1416 συμψήφοις
3330 1350 3578 1418 πρότερον
3627 1349 3814 1418 Στεφάνῳ

2262 1435 2574 1503 γενομένοις,
2659 1437 2748 1485 καὶ
2823 1437 2939 1505 περὶ
3002 1441 3101 1485 τῶν
3182 1437 3356 1485 αὐτῶν
3421 1454 3516 1506 μοι
3577 1437 3816 1506 γράφουσι,

2263 1527 2510 1595 πρότερον
2559 1523 2648 1593 μεν
2705 1520 2875 1593 ὀλίγα,
2928 1528 3015 1573 νῦν
3073 1518 3132 1574 δὲ
3186 1526 3277 1574 καὶ
3330 1519 3427 1575 διὰ
3480 1522 3706 1576 πλειόνων
3730 1522 3818 1577 έπέ-

2269 1609 2464 1664 στειλα.
2500 1633 2528 1660 »
2608 1615 2708 1663 Καὶ
2755 1615 2872 1686 περὶ
2940 1615 3028 1683 μὲν
3081 1618 3172 1663 τοῦ
3247 1611 3607 1685 βαπτίσματος
3653 1621 3815 1666 ταῦτα·

510 1699 911 1770 scripsissent,
953 1701 1116 1773 prius
1155 1702 1397 1774 quidem
1462 1701 1693 1773 paucis,
1736 1716 1896 1756 nunc
1957 1704 2156 1756 autem

2266 1700 2521 1772 ἱμφαίνων
2562 1697 2640 1767 δὲ,
2691 1703 2755 1762 ὡς
2801 1708 3090 1758 τηνικαῦτα
3144 1705 3236 1754 καὶ
3311 1703 3342 1760 ἡ
3410 1705 3550 1754 κατὰ
3599 1701 3817 1755 Σαϐέλλιον

507 1787 783 1860 pluribus
823 1790 1124 1862 respondi.
1169 1810 1196 1843 ›
1232 1791 1294 1845 Ει
1331 1791 1407 1847 de
1439 1792 1734 1863 baptismo
1767 1805 1927 1846 nunc
1966 1789 2160 1844 hacte-

510 1892 649 1933 nus.
679 1878 760 1934 De
790 1879 1002 1934 hairesi
1033 1884 1230 1936 autem
1265 1880 1481 1936 Sabelli
1511 1880 1611 1953 (t),
1645 1895 1779 1952 qum
1812 1885 1934 1935 tum
1962 1894 2158 1934 emer-

511 1967 709 2037 gebat,
737 1968 1102 2024 mentionem
1141 1969 1381 2036 faciens,
1425 1969 1566 2052 «‘De
1593 1970 1896 2040 dogmate,
1943 1967 2154 2041 inquit,

503 2058 668 2129 quod
703 2058 1080 2128 Ptolemaide,
1109 2075 1242 2132 quas
1276 2076 1394 2116 una
1417 2076 1490 2115 ex
1511 2060 1779 2132 quinque
1807 2057 2151 2114 civitatibus

504 2154 613 2211 est,
646 2162 850 2202 recens
877 2154 1025 2214 orto,
1057 2149 1245 2220 impio
1268 2165 1536 2220 prorsus,
1568 2150 1792 2220 quippe
1814 2147 1980 2220 quod
2009 2145 2155 2202 mul-

502 2240 626 2292 tam
648 2235 1092 2308 blasphemiam
1117 2239 1175 2294 in
1199 2239 1674 2310 omnipotentem
1697 2240 1903 2302 Deum,
1919 2237 2152 2292 Patrem

505 2325 739 2381 Domini
786 2328 970 2382 nostri
1015 2327 1153 2382 Jesu
1187 2329 1418 2393 Christi,
1454 2327 1704 2382 multam
1743 2326 2156 2382 inﬁdelitatem

505 2414 565 2469 in
598 2415 972 2484 unigenitum
1011 2417 1138 2486 ejus
1179 2417 1410 2484 Filium,
1445 2416 1910 2488 primogenitum
1960 2415 2156 2471 omnis

505 2510 812 2573 creaturae,
843 2505 1304 2562 inhumanatum
1326 2507 1607 2571 Verbum,
1636 2503 2153 2561 insensibilitatem

505 2598 704 2651 autem
740 2595 988 2667 Spiritus
1023 2596 1213 2652 sancti
1265 2597 1543 2661 continet,
1586 2612 1724 2651 cum
1770 2595 2048 2667 utrinque
2078 2598 2156 2649 ad

503 2699 601 2740 me
633 2685 1042 2754 pervenissent
1080 2691 1136 2740 et
1159 2685 1417 2752 decreta,
1445 2689 1503 2740 et
1531 2684 1744 2740 fratres
1771 2682 2153 2756 disputaturi,

505 2773 788 2848 quaedam
828 2774 1036 2845 scripsi
1057 2790 1166 2846 pro
1189 2773 1337 2828 virili
1366 2790 1519 2842 mea,
1552 2775 1672 2832 Deo
1712 2772 2154 2846 suppeditante,

503 2861 878 2934 explanatius
899 2877 1205 2935 exponens
1229 2863 1452 2920 omnia.
1490 2885 1512 2914 ι

1140 3024 1366 3081 CAPUT
1405 3024 1544 3079 VllI.

775 3151 858 3206 De
878 3149 1098 3207 visione
1117 3165 1244 3223 qum
1265 3149 1552 3220 Dionysio
1578 3151 1886 3222 apparuit.

579 3293 644 3347 In
676 3293 845 3348 tertia
883 3294 1134 3365 epistola
1162 3295 1236 3351 de
1277 3294 1604 3366 baptismo,
1645 3312 1830 3368 quam
1859 3295 1936 3352 ad
1970 3294 2156 3352 Phile-

507 3396 752 3438 monem
795 3383 1208 3456 presbyterum
1252 3387 1588 3440 Romanum
1621 3385 1855 3456 scripsit
1905 3386 2032 3440 huic
2071 3401 2159 3441 re-

506 3471 646 3527 fert:
683 3493 708 3522 ‹ι
743 3474 863 3542 Ego
887 3489 1026 3528 vero
1056 3475 1233 3530 etiam
1269 3474 1328 3528 in
1363 3474 1614 3545 scriptis,
1650 3478 1708 3529 et
1739 3473 2158 3530 traditionibus

504 3559 920 3618 haereticorum
958 3561 1209 3618 lectione
1259 3569 1527 3618 versatus
1576 3579 1734 3632 sum,
1775 3563 2154 3636 opinionibus

508 3665 716 3706 eorum
760 3651 1191 3722 impurissimis
1234 3653 1609 3724 aliquantum
1642 3653 1912 3708 animum
1956 3670 2155 3709 meum

506 3739 802 3811 polluens,
849 3741 1157 3797 utilitatem
1199 3747 1401 3797 autem
1441 3741 1603 3796 illam
1647 3741 1723 3798 ab
1767 3743 1852 3797 eis
1893 3742 2154 3813 capiens,

507 3834 574 3884 ut
612 3827 843 3884 facilius
875 3844 978 3885 eos
1010 3829 1173 3902 apud
1206 3846 1300 3886 me
1328 3831 1523 3902 ipsum
1557 3831 1822 3886 refellam
1854 3838 2032 3904 atque
2064 3847 2156 3887 re-

509 3917 778 3990 pudiem,
811 3920 1124 3991 magisque
1145 3920 1323 3975 etiam
1352 3936 1620 3976 exsecrer
1651 3937 1720 3976 ac
1758 3920 2033 3977 detester.
2062 3924 2158 3976 Αι-

508 4021 626 4078 que
663 4007 941 4078 equidem
981 4007 1160 4064 frater
1188 4008 1440 4080 quidam
1482 4009 1792 4082 presbyter
1832 4009 1909 4065 ab
1949 4010 2033 4064 eis
2071 4009 2156 4065 le-

510 4095 721 4165 gendis
773 4112 868 4152 me
908 4097 1168 4160 arcebat,
1211 4101 1376 4169 quod
1426 4104 1745 4164 vereretur,
1782 4114 1856 4154 ne
1887 4099 1947 4153 in
1985 4114 2157 4154 caeno

507 4183 749 4240 malitiae
779 4201 898 4240 una
929 4201 1065 4240 cum
1089 4185 1199 4242 illis
1228 4187 1580 4253 involverer,
1614 4203 1762 4243 neve
1787 4188 1988 4243 anima
2022 4203 2160 4243 mea

509 4287 730 4328 novam
785 4281 839 4328 et
879 4275 1199 4346 perniciem
1253 4276 1648 4334 contraheret.
1705 4279 1973 4349 Eumque
2021 4292 2158 4331 cum

510 4377 654 4418 vera
699 4362 894 4418 dicere
943 4365 1242 4428 sentirem,
1295 4365 1473 4436 399
1507 4366 1653 4421 visio
1692 4365 1976 4438 quaedam
2013 4365 2160 4420 divi-

2269 1791 2472 1863 αίρεσις
2521 1788 2943 1863 έπιπολοίρξουσα
2993 1787 3074 1855 ἦν,
3100 1793 3267 1843 ταῦτα
3307 1810 3438 1863 φησι
3464 1809 3477 1821 ·
3534 1812 3562 1844 (ι
3592 1799 3701 1864 Περὶ
3740 1795 3815 1865 γὰρ

2265 1886 2356 1931 τοῦ
2400 1886 2487 1930 νῦν
2543 1881 2836 1941 κινηθέντος
2894 1877 2943 1931 έν
2999 1886 3062 1952 τῇ
3115 1877 3437 1951 Πτολεμαίδι
3471 1890 3563 1941 τῆς
3609 1885 3819 1934 Πενταπό-

2266 1965 2385 2028 λεως
2425 1965 2711 2041 δογματος,
2763 1967 2983 2030 ἀσεϐοῦς
3026 1973 3169 2032 ὄντος
3217 1975 3306 2022 καὶ
3353 1967 3683 2044 βλασφημίαν
3724 1970 3819 2022 πολ-

2265 2056 2358 2116 λὴν
2408 2061 2742 2130 περιέχοντος
2807 2062 2925 2132 περὶ
2978 2065 3069 2111 τοῦ
3125 2062 3542 2134 παντοκράτορος
3593 2066 3713 2113 Θεοῦ
3750 2066 3817 2110 τοῦ

2268 2150 2470 2219 Πατρός
2509 2155 2598 2199 τοῦ
2651 2152 2844 2220 Κυρίου
2897 2149 3042 2220 ἡμῶν
3097 2147 3276 2206 Ἰησοῦ
3317 2156 3574 2220 Χριστοῦ,
3615 2148 3816 2202 ἀπιστίαν

2265 2256 2319 2290 τε
2365 2236 2554 2295 πολλὴν
2611 2243 2727 2311 περὶ
2786 2245 2877 2290 τοῦ
2935 2246 3244 2309 μονογενοῦς
3301 2235 3507 2302 Παιδὸς
3557 2238 3704 2291 αὑτοῦ
3751 2247 3818 2290 τοῦ

2264 2331 2598 2401 πρωτοτόκου
2670 2328 2847 2390 πάσης
2907 2333 3143 2392 κτίσεως,
3201 2336 3294 2380 τοῦ
3372 2328 3818 2401 ένανθρωπήσαντος

2266 2421 2462 2488 Λόγου,
2515 2415 2866 2475 ἀναισθησίαν
2925 2414 2984 2470 δε
3035 2425 3125 2470 τοῦ
3183 2417 3336 2490 ἁγίου
3406 2421 3713 2490 Πνεῦματος,
3761 2417 3817 2468 i1-

2268 2508 2455 2558 θόντων
2535 2505 2841 2576 ἑκατέρωθεν
2906 2511 3030 2580 πρὸς
3115 2505 3203 2580 ἔμε
3267 2511 3357 2560 καὶ
3413 2508 3816 2581 προγραμμάτων,

2265 2601 2354 2648 καὶ
2405 2603 2504 2647 τῶν
2554 2591 2924 2668 διαλεξομένων
2972 2592 3224 2669 ἀδελφῶν,
3295 2597 3568 2650 ἐπέστειλα
3628 2615 3730 2649 τινα
3769 2599 3820 2656 ὡς

2266 2679 2537 2742 ἠδυνήθην
2589 2686 2959 2758 παρασχόντος
3017 2692 3109 2737 τοῦ
3161 2689 3292 2738 Θεοῦ
3346 2681 3821 2759 διδασκαλικώτερον

2267 2773 2642 2844 ὑφηγούμενος.
2672 2795 2699 2821 ››

2888 3028 3106 3077 ΚΕΦΑΛ
3121 3065 3133 3079 .
3180 3021 3256 3078 Η’.

2353 3152 2506 3220 Περὶ
2543 3147 2655 3210 τῆς
2692 3148 2980 3222 ὁράσεως
3018 3148 3088 3206 ἦν
3126 3143 3300 3201 εἶδεν
3339 3149 3366 3200 o'
3407 3151 3755 3209 Διονύσιος.

2341 3295 2441 3344 Καὶ
2471 3288 2519 3342 έν
2549 3297 2609 3363 τῇ
2662 3293 2809 3364 τρίτῃ
2862 3298 2960 3341 τῶν
3007 3293 3125 3362 περὶ
3174 3288 3571 3362 βαπτίσματος,
3626 3290 3680 3348 ἣν
3704 3288 3821 3345 Φιλή-

2266 3399 2384 3452 μονι
2427 3387 2499 3450 τῷ
2551 3380 2686 3430 κατά
2728 3377 2928 3450 Ῥώμην
2986 3378 3319 3454 πρεσϐυτέρῳ
3375 3378 3635 3444 ἐκτίθησι,
3690 3379 3823 3431 ταῦτα

2268 3488 2425 3541 φησιν
2455 3486 2468 3497 ·
2540 3490 2567 3517 α
2622 3469 2756 3540 Ἐγὼ
2806 3464 2865 3520 δε
2932 3472 3020 3520 καὶ
3071 3475 3180 3529 τοῖς
3225 3470 3565 3541 συντάγμασι
3615 3474 3697 3520 καὶ
3737 3473 3824 3526 ταῖς

2265 3555 2600 3632 παραδόσεσι
2659 3566 2756 3609 τῶν
2822 3559 3092 3630 αἰρετικῶν
3171 3556 3437 3630 ένέτυχον,
3497 3563 3717 3632 χραίνων
3757 3559 3823 3626 μιν

2266 3667 2365 3721 μου
2402 3650 2526 3720 πρὸς
2570 3646 2740 3718 ὀλίγον
2785 3651 2879 3705 τὴν
2929 3646 3116 3718 ψυχήν
3151 3654 3263 3708 ταῖς
3320 3649 3646 3721 παμμιοίροις
3692 3649 3822 3697 αῦτὼν

2266 3739 2632 3809 ἑνθυμήσεσιν,
2687 3738 2866 3795 ὄνησιν
2907 3733 2958 3789 δ’
3012 3733 3099 3788 οὖν
3149 3734 3237 3787 ἀπ’
3293 3735 3463 3788 αὐτῶν
3513 3739 3698 3794 ταύτην
3722 3735 3823 3805 λαμ-

2267 3825 2450 3893 ϐάνων,
2529 3828 2586 3878 τὸ
2664 3825 2948 3896 ἐξελέγχειν
3029 3825 3219 3888 αὐτοὺς
3295 3825 3419 3899 παρ’
3483 3827 3703 3898 ἐμαυτῷ,
3759 3827 3822 3873 καὶ

2265 3914 2396 3968 πολὺ
2477 3913 2626 3967 πλέον
2693 3910 3092 3987 βδελύττεσθαι.
3159 3919 3259 3966 Καὶ
3331 3910 3399 3972 δή
3456 3934 3590 3974 τινος
3644 3910 3822 3983 ἀδελφοῦ

2265 4013 2366 4057 τῶν
2419 4003 2779 4077 πρεσϐυτέρων
2832 4023 2896 4076 με
2957 4002 3291 4078 ἀπείργοντος
3342 4009 3432 4056 καὶ
3503 4000 3821 4075 δεδιττομένου

2270 4099 2627 4170 συμφέρεσθαι
2681 4105 2750 4168 τῷ
2803 4105 2898 4159 τῆς
2950 4102 3202 4169 πονηρίας
3247 4100 3416 4149 αὐτῶν
3477 4094 3722 4171 βορϐόρῳ,
3761 4093 3822 4143 lu-

2268 4189 2544 4258 μανείσθαι
2585 4189 2686 4260 γὰρ
2726 4191 2814 4244 τὴν
2869 4185 3056 4258 ψυχήν
3105 4191 3197 4244 τήν
3247 4191 3492 4258 ἰμαυτοῦ,
3552 4191 3638 4237 καὶ
3691 4182 3817 4239 sint:

2267 4297 2328 4349 γε
2363 4277 2600 4349 λέγοντος
2647 4278 2712 4336 ὡς
2764 4276 3004 4349 ᾐσθόμην
3039 4292 3050 4304 ·
3095 4277 3268 4350 ὅραμα
3342 4277 3657 4347 θεόπεμπτον
3699 4290 3819 4344 προσ·

2271 4367 2411 4420 ελθόν
2461 4364 2717 4440 ἐπέῥρωσέ
2753 4385 2817 4437 με
2849 4382 2862 4394 θ
2929 4369 3018 4417 καὶ
3073 4365 3227 4436 λόγος
3286 4367 3415 4437 πρὸς
3470 4385 3534 4437 με
3585 4368 3820 4436 γενόμενος,

511 4451 669 4507 nitus
723 4453 988 4508 exhibita
1042 4460 1098 4508 et
1146 4470 1255 4509 vox
1325 4471 1418 4509 me
1475 4455 1873 4511 conﬁrmavit.
1940 4455 2156 4511 Diserte

2271 4439 2560 4530 προσέταξε
2592 4450 2891 4529 διαρρήδην
2941 4453 3101 4525 λέγων
3130 4473 3142 4486 ο
3205 4459 3374 4506 Πᾶσιν
3432 4454 3723 4526 ἔντῦγχανε,
3766 4449 3822 4508 οἷς

511 4556 775 4614 namque
789 4541 1013 4598 etclare
1041 4543 1587 4610 mandavit,dicens
1611 4562 1623 4600 :
1646 4545 1866 4601 Omnes
1902 4553 2158 4609 versato,

511 4630 753 4703 quos'in
785 4647 1003 4687 manus
1031 4633 1349 4703 acceperis,
1383 4632 1568 4688 libros
1596 4634 1952 4706 :disquirere
1973 4634 2157 4701 enim,

515 4721 808 4790 castigare
826 4727 881 4775 et
909 4721 1221 4793 explorare
1248 4722 1453 4776 omnia
1478 4727 1670 4794 potes,
1694 4738 1829 4795 quae
1853 4723 1957 4778 tibi
1981 4724 2157 4780 etiam

513 4811 591 4866 ab
623 4809 786 4864 initio
813 4809 948 4865 ﬁdei
976 4809 1442 4881 complectenda;
1481 4827 1667 4868 causa
1691 4812 1817 4866 fuit.
1865 4813 2160 4868 Visionem

511 4913 649 4954 eam
674 4899 875 4970 accepi
903 4899 1248 4970 apostolica:
1270 4899 1399 4954 voci
1428 4904 1878 4970 congruentem,
1903 4917 2039 4974 quas
2072 4901 2164 4956 ﬁr-

515 4987 806 5043 mioribus
837 4988 978 5042 dicit
1008 5005 1022 5042 :
1070 4991 1262 5044 Estote
1292 4991 1536 5062 spectati
1568 4997 1746 5062 atque
1778 4991 2016 5062 probati
2040 4997 2164 5046 tra-

515 5077 721 5150 pezitae
754 5078 854 5150 (2).
884 5097 913 5130 ››
946 5077 1166 5134 Deinde
1206 5093 1342 5134 cum
1388 5078 1671 5151 quaedam
1719 5079 1793 5135 de
1833 5080 2164 5137 haeresibus

516 5166 800 5225 omnibus
826 5167 1089 5232 dixisset,
1124 5167 1264 5225 talia
1294 5167 1486 5224 infert.

590 5403 662 5476 (1)
709 5401 1080 5476 Νθεανὶιλὶε,
1127 5400 1420 5458 Christum
1463 5401 1672 5476 Filium
1724 5403 1822 5476 Dei
1863 5408 1920 5460 et
1947 5405 2171 5476 primo-

518 5474 784 5548 genitum
825 5472 1022 5548 omnis
1046 5478 1341 5548 creaturas
1380 5489 1516 5530 esse
1548 5490 1560 5528 :
1587 5474 1883 5546 simulque
1915 5472 2167 5548 Spiritus

520 5543 710 5601 sancti
747 5543 1108 5600 intellectum
1135 5544 1377 5600 ademit.

2276 4553 2454 4620 χεῖρας
2516 4542 2714 4604 λάϐοις.
2776 4545 3061 4596 Διευθύνειν
3104 4545 3204 4615 γὰρ
3255 4544 3454 4597 ἕκαστα
3507 4548 3596 4595 καὶ
3646 4538 3821 4610 δοκιμήν

2274 4637 2379 4696 ζειν
2426 4637 2597 4695 ἱκανὸς
2654 4629 2716 4686 εἶ.
2792 4637 2891 4686 Καὶ
2941 4637 3026 4685 σοὶ
3080 4636 3258 4704 γέγονε
3307 4640 3458 4685 τοῦτο
3510 4632 3722 4705 ἐξαρχῆς
3758 4631 3821 4678 καὶ

2272 4732 2369 4786 τῆς
2433 4727 2658 4785 πίστεως
2725 4725 2909 4776 αἶτιον.
2980 4718 3340 4794 Ἀπεδεξοίμην
3415 4724 3474 4774 τὸ
3561 4723 3719 4795 ὅραμα
3774 4719 3821 4772 ὡς

2275 4813 2592 4886 ἀποστολικῇ
2637 4821 2774 4886 φωνῇ
2831 4815 3138 4884 συντρέχον,
3188 4819 3249 4884 τῇ
3308 4811 3534 4884 λεγούσῃ
3576 4812 3693 4884 πρὸς
3734 4809 3820 4863 τοὺς

2276 4901 2685 4975 δυνατωτέρους,
2741 4903 3002 4955 Γίνεσθε
3070 4899 3336 4974 δόκιμοι
3407 4900 3816 4974 τραπεζῖται»

2275 4992 2422 5062 Εἶτα,
2470 4995 2587 5046 τινὰ
2615 4997 2732 5068 περὶ
2778 4999 2959 5044 πασῶν
2999 4990 3152 5044 εἰπὼν
3190 4999 3286 5043 τῶν
3335 4993 3600 5067 αἱρέσεων,
3644 4990 3818 5059 ἐπιφέρει

2274 5083 2433 5157 λέγων
2465 5099 2478 5113 ⁶

2347 5405 2426 5476 (2)
2467 5403 2682 5460 Euseb.
2709 5401 2811 5458 lib.
2845 5417 2943 5466 vn,
2967 5407 3197 5476 capﬂ:
3237 5399 3812 5476 «aniale_gite,qute

2276 5471 2442 5534 bona
2489 5483 2628 5532 sunt
2674 5479 2885 5556 tenete.
2923 5495 2943 5522 ι
2993 5471 3230 5530 Ruﬁn:
3280 5471 3428 5530 Utile
3453 5477 3542 5528 est
3569 5471 3812 5528 heretico-

2281 5565 2417 5606 rum
2443 5563 2623 5606 [10886
2652 5559 2990 5621 opiniones.

3929 5425 3939 5490 i
