4040 6224
119 243 264 298 1149

743 365 966 421 ΚΕΦΑΔ
979 407 990 421 .
1033 361 1111 420 6⁷.

114 479 275 544 Περὶ
310 483 422 548 τ-ῆς
453 475 830 546 παμμιάρου
869 481 987 548 τῶν
1027 475 1380 548 αἱρε-τικῶν
1416 475 1669 538 πλάνης
1709 493 1721 505 ·

190 543 286 598 ἔτι
326 543 394 598 δι
426 543 852 619 καὶπερίτοῦ
885 543 1071 598 ἀθέου
1103 543 1310 599 αὐτῶν
1350 545 1726 619 βαπτίσμα-

192 622 531 693 τοςχκαὶ
609 616 765 679 ὅσας
829 616 1180 680 ἐπιστολὰς
1265 616 1420 693 ὑπὲρ
1488 616 1724 672 τούτου

192 688 498 764 ἔγραψεν.

198 816 228 847 (ι
290 802 484 849 Τοῦτον
532 797 632 868 ἐγὼ
685 797 770 848 τόν
832 796 1021 848 κανόνα
1071 801 1162 848 xui
1217 799 1304 849 τὸν
1368 799 1526 850 τύπον
1588 800 1730 872 παρὰ

115 892 214 938 τοῦ
253 889 511 958 μακαρίου
568 886 714 956 ήμῶν
760 886 912 937 πάπα
961 884 1193 959 Ἠρακλᾶ
1247 884 1572 959 παρέλαϐον’
1613 891 1729 948 τοὺς

115 976 225 1047 γὰρ
300 978 614 1046 προσιόντας
695 972 796 1025 ἀπὸ
870 981 971 1026 τῶν
1047 976 1313 1048 αἱρέσεων,
1381 979 1554 1028 καίτοι
1619 985 1728 1040 ταῖς

116 1063 429 1125 ἐκκλησίαις
482 1061 831 1127 ἀποστάντας,
861 1062 1052 1135 μᾶλλον
1101 1059 1160 1116 δὲ
1200 1061 1322 1117 ούδέ
1371 1065 1722 1128 ἀποστάντας,

115 1151 251 1205 ἀλλὰ
316 1153 636 1224 συνάγεσθαι
717 1153 807 1224 μὶν
885 1149 1189 1218 δοκοῦντας,
1275 1156 1727 1227 καταμηνυθέντας

117 1238 182 1295 δέ
233 1243 300 1303 ὡς
351 1242 769 1315 προσφοιτῶντάς
815 1261 918 1294 τινι
965 1249 1066 1294 τῶν
1119 1239 1727 1317 ἐτεροδιδασκαλούντων

113 1330 379 1392 ἀπελάσας
433 1339 528 1393 τῆς
569 1329 905 1398 Ἐκκλησίας,
962 1328 1238 1404 δεομένους
1283 1332 1341 1385 ού
1394 1338 1722 1405 προσήκατο,

114 1422 207 1481 ἕως
263 1415 501 1492 δημοσίᾳ
554 1426 725 1472 πάντα
775 1420 878 1473 ὅσα
934 1420 1198 1479 ἀκηκόασι
1244 1423 1388 1494 παρά
1427 1429 1538 1484 τοῖς
1586 1421 1723 1474 ἀντι-

117 1504 502 1580 διατιθεμένοις
561 1507 864 1582 ἐξέφρασαν.
927 1514 1028 1562 Καὶ
1093 1513 1210 1563 τότε
1268 1514 1560 1582 συνήγαγεν
1629 1510 1727 1563 αύ-

111 1601 257 1663 τούς,
312 1597 372 1650 οῦ
435 1593 640 1658 δεηθεὶς
705 1597 786 1651 ἐπ’
857 1597 1026 1650 αὐτῶν
1090 1598 1262 1672 ἑτέρου
1339 1597 1722 1673 βαπτίσματος.

1154 239 1718 299 ECCLESIASTICE
1757 241 2122 298 HISTORIIE
2160 246 2296 302 LIB.
2348 249 2444 305 Vl.

1757 369 1801 422 A

3351 245 3490 303 1150

2484 375 2715 433 CAPUT
2757 378 2842 433 lx.

1838 459 1922 515 De
1940 458 2203 528 improbo
2221 462 2630 522 haereticorum
2652 481 2853 522 errore
2877 471 2932 522 et
2953 463 3291 521 seductione
3311 483 3330 518 :
3348 463 3483 518 item

1907 529 1979 586 de
2001 532 2182 609 impio
2207 549 2408 609 eorum
2439 536 2743 605 baptismo,
2769 544 2821 594 et
2849 552 2996 609 quas
3019 535 3296 605 epistolas
3323 549 3390 590 ea
3411 534 3484 590 de

1908 617 1974 658 re
2001 603 2310 676 Dionysius
2335 603 2660 678 scripserit.

1911 786 2073 841 Hanc
2111 801 2223 856 ego
2262 786 2533 857 regulam
2583 791 2639 844 et
2692 787 2950 843 formam
2991 803 3027 842 a
3075 785 3248 842 beato
3279 786 3484 840 nostro

1837 889 2000 946 papa
2029 875 2273 932 Heracla
2325 877 2548 949 accepi.
2581 876 2682 933 Ille
2714 876 3009 949 siquidem
3057 874 3356 946 quosdam
3408 873 3486 929 ab

1835 963 2166 1020 hmresibus
2217 970 2598 1031 revertentes,
2629 965 2793 1038 quod
2833 965 2911 1021 ab
2951 964 3209 1020 Ecclesia
3242 962 3487 1018 defecis-

1839 1058 1990 1119 sent,
2024 1070 2130 1110 seu
2175 1056 2372 1127 potius
2422 1071 2545 1111 non
2591 1054 2966 1118 defecissent,
2999 1053 3104 1109 sed
3144 1051 3308 1125 quod
3351 1066 3490 1106 con-

1835 1143 2038 1198 venire
2076 1148 2133 1200 et
2182 1144 2630 1201 communicare
2677 1144 2920 1217 quidem
2975 1142 3290 1198 nobiscum
3323 1140 3484 1196 vide-

1835 1240 2054 1304 rentur,
2090 1233 2357 1290 inducati
2385 1239 2586 1290 autem
2633 1233 2866 1290 fuerant
2912 1232 3240 1304 quemdam
3282 1229 3481 1286 aliena

1836 1322 2151 1378 docentem
2183 1324 2538 1394 consectari,
2568 1339 2692 1396 qua
2733 1323 2807 1378 de
2851 1338 3039 1378 causa
3084 1321 3162 1378 ab
3216 1319 3480 1375 Ecclesia

1836 1417 2002 1468 erant
2031 1413 2344 1485 repudiati,
2374 1413 2736 1469 obtestantes
2756 1427 2859 1468 eos
2888 1426 3010 1467 non
3032 1411 3197 1482 prius
3221 1408 3484 1472 admisit,

1833 1517 2020 1573 quam
2065 1502 2302 1573 publice
2350 1518 2484 1575 quae
2546 1501 2624 1558 ab
2672 1501 3035 1558 adversariis
3091 1498 3484 1565 audivissent,

1835 1591 2042 1646 omnia
2074 1592 2487 1664 exposuissent
2513 1593 2613 1662 (1).
2646 1593 2711 1645 Ει
2742 1595 2865 1645 tum
2893 1589 3156 1661 primum
3184 1587 3262 1643 ad
3293 1585 3486 1642 Eccle-

113 1693 221 1740 Τοῦ
263 1689 364 1762 γὰρ
417 1687 570 1760 ἁγίου
612 1689 859 1762 πρότερον
913 1689 1037 1761 παρ’
1087 1689 1247 1740 αὐτοῦ
1281 1695 1664 1761 τετυχήκεσαν.
1693 1711 1722 1744 η

1838 1679 1989 1735 siam
2020 1696 2123 1736 eos
2155 1680 2450 1752 perduxit,
2485 1679 2628 1735 nihil
2671 1695 2918 1751 prorsus
2969 1677 3027 1733 in
3059 1677 3145 1733 eis
3175 1692 3328 1748 opus
3357 1690 3487 1730 esse

119 1782 224 1830 Καὶ
282 1779 472 1838 ἱκανῶς
519 1779 794 1849 γυμνάσας
836 1779 894 1829 τὸ
963 1775 1262 1851 πρόϐλημα,
1346 1780 1571 1851 ἐπιφέρει
1643 1780 1722 1832 λε-

117 1887 224 1939 γων
246 1883 260 1896 ο
298 1885 328 1918 ιι
357 1866 652 1939 Μεμάθηκα
678 1871 768 1918 καὶ
797 1873 971 1932 τοῦτο,
1017 1868 1095 1918 ὅτι
1137 1871 1209 1940 μή
1241 1874 1329 1918 νῦν
1361 1869 1409 1920 οἱ
1456 1870 1504 1920 ἓν
1534 1868 1723 1941 Ἀφρι-

119 1965 183 2028 κῇ
242 1959 395 2027 μόνον
459 1961 613 2007 τοῦτο
672 1959 1083 2027 παρεισήγαγον,
1161 1953 1290 2008 ἀλλά
1365 1961 1454 2009 καὶ
1520 1959 1568 2010 oi
1624 1961 1724 2030 πρὸ

114 2045 306 2098 πολλοῦ
360 2045 496 2096 κατά
550 2047 673 2106 τοὺς
726 2047 827 2119 πρὸ
888 2046 1033 2117 ἡμῶν
1112 2044 1436 2106 ἐπισκόπους
1492 2045 1540 2098 ἐν
1609 2055 1726 2111 ταῖς

109 2134 678 2206 πολυανθρωποτάταις
747 2132 1052 2197 ἐκκλησίαις
1125 2139 1215 2186 καὶ
1289 2143 1398 2196 ταῖς
1481 2133 1727 2200 συνόδοις

108 2233 213 2278 τῶν
266 2220 520 2295 ἀδελφῶν,
583 2221 632 2274 ἐν
713 2223 914 2294 Ἰκονίῳ
970 2228 1060 2276 καὶ
1115 2219 1384 2292 Συνάδοις,
1444 2229 1532 2278 καὶ
1584 2229 1729 2300 πσρά

108 2312 324 2375 πολλοῖς
392 2319 541 2364 τοῦτο
597 2308 769 2375 ἔδοξεν
805 2330 817 2342 ·
878 2312 946 2364 ὧν
1001 2315 1092 2373 τὰς
1163 2311 1354 2382 βουλὰς
1410 2311 1726 2390 ἀνατρέπων,

112 2403 183 2464 εἰς
234 2405 341 2478 ἔριν
388 2406 479 2454 καὶ
535 2401 844 2474 φιλονεικίαν
901 2401 1089 2464 αὐτοὺς
1146 2401 1412 2474 ἐμϐάλλειν
1460 2403 1566 2476 οὐχ
1605 2405 1730 2458 ύπο-

111 2497 270 2564 μένω.
318 2490 402 2544 Οὐ
448 2492 570 2564 γὰρ
615 2497 1097 2562 μετακινήσεις,
1155 2496 1335 2564 φησὶν,
1389 2491 1536 2566 ὃρια
1618 2501 1728 2546 τοῦ

112 2580 392 2639 πλησίον
451 2598 564 2633 σου
593 2579 630 2632 ἄ
662 2581 876 2632 ἔθεντο
917 2582 974 2632 οἱ
1012 2584 1286 2654 πατέρες
1328 2601 1460 2637 σου.
1497 2606 1524 2632 ››
1552 2582 1610 2636 Ἠ
1641 2579 1726 2636 diu

110 2677 294 2744 πρώτη
340 2670 501 2722 αὑτοῦ
559 2674 676 2741 περὶ
735 2689 826 2721 του
885 2668 1260 2742 βαπτίσματος
1309 2681 1380 2744 τῷ
1437 2675 1573 2725 κατὰ
1608 2671 1727 2725 Ῥώ-

113 2780 216 2833 μην
272 2763 554 2830 Διονουσίῳ
611 2757 826 2824 ἐστάλη,
882 2761 959 2811 ἔτι
1010 2763 1125 2812 τότε
1180 2768 1290 2822 τοῖς
1350 2761 1725 2837 πρεσϐυτέροις

109 2847 501 2922 κατειλεγμένῳ.
578 2847 700 2900 Ὀτι
773 2845 832 2901 δί
910 2849 1079 2920 λόγιός
1162 2869 1217 2903 τε
1275 2856 1364 2903 καὶ
1434 2853 1723 2924 θαυμάσιος

112 2941 366 3008 κάκεῖνος,
416 2939 780 3010 τεκμήρασθαι
836 2937 1030 3001 ἔξεστιν
1081 2939 1133 3001 ἓξ
1183 2939 1250 2990 ὧν
1309 2940 1455 3001 οὗτος
1515 2943 1720 3014 γράφει.

119 3027 199 3081 Ἐν
256 3023 316 3080 δι
344 3034 407 3100 τῇ
471 3030 602 3099 πρὸς
652 3025 838 3079 ἐκεῖνον
895 3027 1138 3100 ἐπιστολῇ
1193 3032 1283 3080 καὶ
1330 3031 1577 3082 Ναυάτου
1628 3035 1722 3102 μέ-

110 3135 312 3190 μνηται
362 3115 497 3168 οὕτω
543 3115 701 3186 λέγων
728 3133 739 3144 ·
787 3138 814 3165 ‹‹
848 3122 1161 3187 Ναυατιανῷ
1213 3119 1304 3189 μὲν
1355 3120 1453 3192 γὰρ
1500 3117 1724 3192 εὐλόγως

112 3204 542 3278 ἀπεχθανόμεθα,
626 3201 943 3276 διακόψαντι
1035 3210 1129 3264 τήν
1209 3206 1544 3274 Ἐκκλησίαν,
1634 3214 1723 3261 καί

109 3315 262 3357 τινας
340 3301 440 3346 τῶν
520 3291 754 3367 ἀδελφῶν
802 3293 876 3355 εἰς
937 3293 1174 3358 ἀσεϐείας
1240 3301 1329 3349 καὶ
1390 3295 1723 3370 βλασφημίας

112 3386 413 3450 ἑλκύσαντι,
463 3389 552 3437 καὶ
600 3388 717 3458 περὶ
770 3390 902 3438 Θεοῦ
963 3381 1317 3438 διδασκαλίαν
1365 3385 1722 3446 ἀνοσιωτάτην

113 3472 592 3531 ἐπεισκυκλήσαντι
645 3491 658 3504 ·
728 3477 818 3525 καὶ
897 3475 983 3524 τὸν
1067 3481 1436 3548 χρηστότατον
1533 3479 1722 3549 Κύριον

115 3567 267 3636 ἡμῶν
313 3564 519 3620 Ἰησοῦν
585 3564 812 3635 Χριστόν
877 3565 941 3622 ὡς
994 3561 1164 3622 ἀνελεῆ
1239 3573 1647 3638 συκοφαντοῦντι
1707 3583 1719 3596 °

116 3657 212 3705 xui
282 3653 365 3704 ἐπὶ
429 3658 561 3704 πᾶσι
637 3653 841 3713 τούτοις
911 3654 969 3704 τό
1045 3652 1256 3728 λοῦτρον
1333 3653 1598 3707 ἀθετοῦντι
1665 3659 1722 3707 τὸ

116 3742 293 3813 ἅγιον,
341 3744 430 3793 καὶ
479 3745 573 3799 τήν
626 3759 678 3793 τε
718 3743 848 3813 πρὸς
891 3739 1052 3793 αύτοῦ
1093 3746 1272 3794 πίστιν
1312 3747 1403 3796 καὶ
1445 3743 1723 3816 ὁμολογίαν

117 3831 457 3905 ἀνατρέποντι
488 3847 500 3859 ·
547 3831 606 3882 τό
653 3848 706 3882 τε
750 3835 958 3900 Πνεῦμα
1011 3833 1069 3882 τὸ
1111 3831 1258 3902 ἅγιον
1309 3829 1362 3895 ἐξ
1395 3833 1584 3897 αὐτῶν,
1635 3837 1725 3885 καί

119 3939 202 3983 τις
288 3916 348 3978 ἦν
410 3917 552 3981 ἐλπίς
627 3925 718 3971 τοῦ
787 3925 1104 3992 παραμεῖναι
1188 3920 1217 3978 ἢ
1278 3925 1368 3973 καὶ
1438 3919 1724 3975 ἐπανελθεῖν

115 4011 252 4084 πρὸς
322 4008 530 4074 αὐτοὺς,
596 4007 850 4069 παντελῶς
894 4005 1256 4080 φυγαδεύοντι.
1309 4032 1328 4058 ι
1385 4008 1451 4063 Ἤ
1511 4029 1571 4080 γε
1623 4015 1725 4083 μὴν

114 4103 332 4171 πέμπτη
387 4101 526 4168 αύτῷ
572 4101 697 4171 πρὸς
745 4099 830 4149 τὸν
873 4095 1074 4170 Ῥώμης
1119 4100 1318 4151 Ξύστον
1368 4100 1564 4174 ἐγράφη
1601 4117 1614 4131 ο
1676 4103 1725 4152 ἓν

117 4189 150 4260 ᾖ
208 4185 375 4239 πολλὰ
415 4188 550 4239 κατὰ
629 4194 729 4238 τῶν
783 4187 1054 4260 αἱρετικῶν
1113 4186 1287 4252 εἰπὼν,
1345 4191 1436 4240 καὶ
1492 4193 1726 4241 τοιοῦτόν

117 4296 170 4329 τι
212 4277 425 4347 γεγονὸς
484 4273 738 4328 ἐκτίθεται
811 4275 926 4326 κατ’
1006 4274 1182 4340 utSt-6v,
1255 4278 1409 4347 λέγων
1453 4296 1467 4310 ·
1526 4297 1554 4326 ‹‹
1624 4281 1724 4331 Καὶ

554 4361 760 4436 ἀδελφὴ,
833 4368 921 4416 καὶ
992 4364 1288 4436 συμϐουλῆς
1347 4362 1530 4440 δέομρι
1559 4385 1571 4398 ·
1637 4370 1726 4418 καὶ

115 4459 334 4527 γνώμην
392 4452 520 4505 αἰτῶ
581 4455 724 4528 παρά
778 4460 894 4517 σοῦ,
944 4456 1181 4506 τοιούτου
1225 4457 1362 4515 τινὸς
1412 4453 1728 4528 προσελθόν-

116 4562 210 4604 τος
275 4560 365 4614 μοι
434 4543 756 4614 πράγματος,
821 4537 1013 4606 δεδιὼς
1069 4546 1142 4615 μή
1200 4543 1304 4617 ἄρα
1385 4543 1716 4616 σφάλλωμαι,

115 4639 233 4686 Τῶν
285 4635 643 4703 συναγομένων
704 4633 805 4706 γὰρ
857 4628 1091 4702 ἀδελφῶν
1148 4651 1224 4693 τις
1274 4636 1464 4695 πιστὸς
1518 4633 1726 4705 νομιζό·

117 4739 277 4795 μενος
345 4719 588 4796 ἀρχαῖος,
663 4725 753 4774 καὶ
833 4724 934 4793 πρὸ
1013 4729 1104 4782 τῆς
1187 4721 1317 4793 ἐμῆς
1378 4727 1721 4795 χειροτονίας,

119 4813 274 4884 οἶμαι
350 4807 408 4864 δὲ
461 4814 550 4863 καὶ
596 4813 696 4886 πρὸ
744 4819 838 4871 τῆς
889 4816 980 4863 τοῦ
1035 4815 1296 4884 μακαρίου
1355 4811 1586 4886 Ἦρακλᾶ
1636 4831 1726 4864 κα-

120 4900 451 4966 ταστάσεως,
507 4907 602 4961 τῆς
653 4906 960 4971 συναγωγῆς
1035 4905 1339 4972 μετασχὼν,
1422 4907 1532 4964 τοῖς
1604 4902 1726 4954 ὑπό-

119 5009 252 5063 γυον
319 4987 714 5062 βαπτιζομένοις
792 4995 1132 5064 παρατυχὼν,
1202 4995 1291 5043 καὶ
1365 4998 1463 5043 τῶν
1538 4991 1727 5062 ἐρωτή-

126 5097 258 5132 σεων
322 5085 412 5132 καὶ
489 5086 590 5132 τῶν
667 5078 990 5155 ἀποκρίσεων
1057 5079 1368 5145 ἐπακούσας,
1465 5077 1729 5154 προσῆλθέ

122 5187 216 5243 μοι
298 5167 486 5222 κλαίων
556 5173 645 5222 καὶ
699 5171 1037 5244 καταθρηνῶν
1110 5169 1310 5236 ἐαυτὸν,
1382 5175 1470 5223 καὶ
1526 5174 1728 5222 πίπτων

123 5262 228 5333 πρὸ
277 5265 377 5312 τῶν
428 5255 603 5311 ποδῶν
645 5277 764 5331 μου¹
817 5257 1279 5332 ἐξομολογούμίνος
1336 5263 1426 5334 μὶν
1485 5265 1568 5313 καὶ
1617 5259 1726 5324 ἐξο-

115 4368 222 4440 γὰρ
298 4365 472 4434 ὅντως,

206 5387 256 5422 ⁵⁸
285 5385 458 5442 Prov.
489 5400 630 5452 χιιι,
656 5387 744 5440 28.

199 5509 280 5582 (1)
320 5509 463 5565 Inde
493 5513 598 5582 est,
638 5507 805 5582 quod
840 5507 1157 5582 hucusque
1192 5509 1606 5582 resipiscentes
1652 5511 1730 5568 ab

123 5580 340 5640 haéresi
371 5580 688 5656 propalam
717 5581 779 5638 in
815 5580 1076 5637 ecclesia
1106 5595 1214 5653 per
1239 5580 1727 5655 recantationem,

1763 3075 1805 3132 C

1764 4424 1806 4478 D

1836 1769 2141 1840 baptismo
2166 1770 2281 1826 alio
2305 1770 2589 1842 judicans
2620 1789 2632 1828 :
2668 1773 2945 1826 sanctum
2983 1767 3142 1823 enim
3201 1765 3485 1837 Spiritum

1835 1859 2087 1916 antehac
2144 1859 2222 1915 ab
2269 1875 2339 1916 eo
2395 1860 2797 1915 obtinuerant.
2857 1861 2936 1912 Ac
2989 1855 3326 1928 quaestione
3373 1853 3489 1909 hac

1836 1949 2108 2022 pluribus
2140 1953 2410 2015 tractata,
2434 1950 2516 2005 ita
2540 1948 2748 2004 infert:
2773 1967 2796 1999 ε
2833 1946 3014 2002 Didici
3044 1945 3192 2000 illud
3222 1959 3484 2016 quoque,

1834 2054 1956 2095 non
1973 2038 2169 2095 solum
2192 2054 2353 2094 nunc
2371 2038 2677 2094 Africanos
2687 2037 2803 2093 hoc
2820 2051 3136 2108 perperam
3156 2034 3485 2097 induxisse,

1837 2128 1942 2184 sed
1967 2134 2023 2185 et
2065 2129 2142 2184 ab
2174 2129 2256 2184 eis
2286 2128 2391 2200 qui
2432 2128 2660 2183 dudum
2691 2131 2828 2182 ante
2854 2141 2964 2181 nos
2998 2124 3260 2196 episcopi
3283 2125 3342 2177 in
3376 2121 3488 2177 fre-

1837 2218 2244 2292 quentissimis
2275 2217 2536 2274 ecclesiis
2581 2216 2762 2280 fuere,
2813 2216 2871 2270 in
2924 2213 3316 2270 conventibus
3370 2211 3489 2266 fra-

1839 2315 2018 2374 trum,
2049 2309 2230 2364 lconii
2261 2313 2318 2362 et
2359 2305 2637 2380 Synadis,
2667 2310 2724 2361 et
2747 2309 3034 2377 praeterea
3060 2303 3223 2375 apud
3263 2301 3485 2357 multos

1836 2399 1918 2455 ita
1947 2399 2254 2453 decretum
2286 2396 2486 2452 fuisse.
2531 2397 2795 2462 Quorum
2836 2392 3152 2450 consilium
3192 2391 3484 2462 rejiciens,

1838 2488 1897 2544 in
1930 2487 2371 2542 contentionem
2423 2489 2480 2540 et
2509 2483 2740 2541 rixandi
2772 2481 3036 2538 studium
3067 2497 3168 2537 eos
3190 2481 3485 2551 conjicere

1837 2575 2218 2648 supersedeo.
2264 2575 2400 2630 Non
2439 2575 2597 2630 enim
2643 2571 2918 2638 movebis,
2966 2572 3179 2642 inquit,
3208 2571 3486 2626 terminos

1833 2666 2098 2736 proximi
2141 2665 2249 2732 tui,
2298 2680 2442 2736 quos
2476 2663 2910 2722 constituerunt
2952 2666 3156 2733 patres
3187 2661 3275 2715 tui
3307 2661 3375 2714 ⁵⁸.
3454 2679 3482 2707 ››

1837 2758 2124 2822 Quartam
2147 2760 2347 2811 autem
2365 2770 2551 2827 quam
2569 2753 2646 2809 ad
2674 2751 3023 2824 Dionysium
3054 2753 3393 2806 Romanum
3410 2747 3486 2803 de

1833 2845 2137 2916 baptismo
2156 2842 2669 2915 deditepistolam.
2691 2858 2828 2897 cum
2857 2841 3054 2897 adhuc
3079 2839 3128 2894 is
3159 2839 3217 2894 in
3242 2837 3486 2911 presby-

1835 2938 2096 2989 terorum
2127 2933 2338 2990 ordine
2362 2937 2536 2998 esset,
2571 2931 2840 3003 scripsit:
2895 2945 3076 3002 quem
3138 2926 3486 2999 Dionysium

1834 3025 2172 3080 Romanum
2196 3023 2484 3079 eximium
2499 3026 2556 3077 et
2576 3020 3005 3076 admirandum
3026 3032 3267 3091 quoque
3284 3017 3483 3080 fuisse,

1834 3113 1978 3169 satis
2023 3129 2093 3169 ex
2124 3113 2309 3169 nostri
2347 3111 2514 3169 istius
2563 3109 2831 3182 Dionysii
2870 3108 3104 3180 scriptis
3155 3106 3478 3176 colligitur.

1835 3203 2011 3260 Porro
2041 3203 2101 3258 in
2150 3202 2404 3274 epistola
2433 3216 2620 3274 quam
2664 3199 2741 3255 ad
2773 3215 2912 3254 eum
2961 3197 3149 3267 dedit,
3181 3196 3266 3251 sic
3305 3195 3485 3251 etiam

1834 3293 2041 3349 Novati
2093 3291 2365 3348 meminit
2406 3308 2418 3346 :
2467 3309 2495 3341 ‹‹
2541 3293 2831 3347 Novatum
2875 3287 3054 3358 justis
3107 3285 3373 3357 profecto
3411 3284 3486 3338 de

1834 3383 2030 3439 causis
2057 3381 2317 3447 odimus,
2347 3381 2448 3452 qui
2490 3379 2816 3436 Ecclesium
2866 3377 3122 3443 discidit,
3157 3375 3487 3445 fratresque

1833 3472 2133 3545 quosdam
2162 3471 2238 3528 ad
2260 3471 2627 3542 impietatem
2651 3475 2707 3524 et
2737 3467 3145 3539 blasphemias
3177 3465 3484 3536 pertraxit,

1834 3566 1891 3616 et
1919 3561 2360 3632 impurissimas
2389 3559 2464 3614 de
2514 3559 2634 3614 Deo
2679 3557 2982 3612 doctrinas
3009 3555 3248 3610 invexit.
3305 3553 3484 3626 400

1833 3653 1982 3707 Nam
2036 3648 2542 3718 benignissimum
2601 3647 2917 3701 Dominum
2973 3649 3240 3700 nostrum
3281 3645 3484 3698 Iesum

1835 3739 2148 3802 Christum,
2197 3742 2259 3792 ut
2297 3735 2850 3797 immisericordem,
2887 3747 3051 3788 more
3096 3731 3486 3804 sycophantae

1834 3827 2108 3884 traducit.
2155 3827 2244 3881 Ad
2273 3825 2402 3882 haec
2432 3840 2665 3880 sacrum
2699 3822 2895 3879 abolet
2939 3822 3270 3885 lavacrum,
3303 3819 3485 3875 ﬁdem

1837 3916 2231 3974 Christianam
2263 3919 2320 3970 et
2366 3912 2802 3970 confessionem
2849 3911 3071 3975 evertit,
3105 3914 3162 3964 et
3205 3908 3484 3981 Spiritum

1837 4011 2112 4062 sanctum
2139 4021 2210 4060 ex
2235 4005 2551 4060 hominum
2583 4001 2888 4067 cordibus,
2923 4001 2968 4055 si
2997 4015 3120 4072 qua
3147 4014 3284 4070 spes
3328 4001 3486 4053 esset

1836 4101 1902 4152 ut
1948 4094 2038 4150 vel
2085 4095 2142 4150 in
2183 4094 2268 4150 eis
2317 4096 2600 4158 maneret,
2654 4090 2746 4146 vel
2802 4090 2880 4146 ad
2920 4105 3022 4146 eos
3070 4091 3480 4151 reverteretur,

1835 4200 2080 4258 prorsus
2135 4182 2487 4256 propellit.»
2549 4184 2611 4236 In
2658 4181 2869 4254 quinta
2913 4195 3054 4236 vero
3107 4176 3359 4250 epistola
3406 4173 3484 4232 ad

1835 4278 2078 4348 Xystum
2112 4275 2450 4329 Romanum
2487 4271 2649 4336 data,
2679 4269 2824 4325 dum
2859 4269 3046 4325 multa
3072 4271 3282 4324 contra
3302 4267 3486 4322 haere-

1836 4365 1981 4421 ticos
2020 4363 2240 4426 scribit,
2281 4360 2650 4432 ejuscemodi
2694 4360 2988 4433 quiddam
3039 4358 3153 4414 sibi
3195 4357 3484 4414 accidisse

1834 4455 1996 4510 hisce
2047 4453 2244 4508 verbis
2287 4450 2509 4507 refert:
2569 4471 2598 4503 «
2631 4451 2928 4514 Sededim,
2981 4447 3183 4515 frater,
3235 4446 3485 4502 consilia

1835 4544 2096 4616 indigeo,
2125 4547 2182 4598 et
2211 4541 2565 4597 sententiam
2586 4540 3004 4612 iudiciumque
3023 4544 3193 4594 tuum
3223 4537 3483 4608 requiro,

1835 4639 2234 4706 posteaquam
2260 4630 2606 4702 hujusmodi
2622 4630 2902 4702 quaedam
2924 4628 3086 4700 apud
3104 4641 3319 4682 nosres
3334 4625 3485 4681 acci-

1836 4723 1956 4779 dit:
1990 4736 2197 4777 vereor
2221 4720 2404 4788 enim,
2436 4735 2510 4774 ne
2539 4719 2890 4776 halluciner.
2935 4717 3232 4774 Fratribus
3260 4715 3484 4788 quippe

1836 4811 2234 4881 congregatis,
2265 4809 2456 4864 ﬁdelis
2473 4808 2722 4882 quidam
2734 4807 3098 4880 jamdudum
3121 4810 3258 4861 ante
3284 4819 3484 4860 meam

1836 4901 2039 4968 etiam,
2070 4900 2193 4955 imo
2224 4915 2465 4971 quoque
2493 4899 2579 4970 (ut
2607 4895 2842 4969 opinor)
2875 4901 3010 4951 ante
3040 4894 3198 4950 beati
3221 4892 3482 4949 Heraclea

1836 4991 2276 5047 ordinationem
2299 4989 2562 5054 habitus,
2587 5003 2723 5042 cum
2749 4987 2805 5041 in
2830 4990 3049 5042 costum
3083 4988 3355 5039 nostrum
3390 4997 3482 5037 ve-

1836 5082 2041 5148 nisset,
2065 5086 2119 5136 et
2148 5095 2250 5136 eos
2275 5080 2377 5152 qui
2413 5083 2534 5134 tum
2566 5078 3010 5149 baptizarentur
3031 5075 3272 5139 videret,
3307 5073 3483 5128 inter-

1835 5171 2297 5241 rogationesque
2326 5173 2382 5224 et
2410 5167 2834 5238 responsiones
2861 5179 3070 5220 eorum
3101 5162 3356 5228 audiret,
3379 5177 3483 5217 ac-

1838 5259 2016 5316 cessit
2041 5258 2120 5316 ad
2148 5274 2243 5314 me
2263 5257 2432 5322 ﬂens,
2456 5257 2846 5327 seipsumque
2867 5252 3269 5326 complorans,
3305 5257 3484 5324 atque

1843 5510 1967 5566 sive
1997 5507 2455 5637 reyocationem,
2489 5518 2749 5561 errorem
2793 5519 2970 5560 suum
3002 5502 3350 5561 conﬁtentes
3388 5520 3485 5562 ex-

1845 5597 2096 5637 nonun.

1845 5597 2096 5656 ponunn
