4040 6224
555 263 688 319 1151

1893 261 2278 321 NICEPHORI
2317 261 2634 319 CALLISTI

3752 265 3853 320 HS!

556 389 634 446 ad
661 389 847 462 pedes
885 404 1052 446 meos
1102 388 1474 461 provolutus,
1534 390 1822 446 confitens
1860 389 2109 462 quidem
2146 394 2204 444 et

2331 391 2560 460 ινύμενος
2637 391 2695 440 τό
2753 387 3057 461 βάπτισμα,
3116 389 3144 442 ὃ
3227 390 3372 465 ποιρά
3451 394 3558 450 τοῖς
3639 390 3856 461 «ipsum;

557 478 848 552 abjurans
873 478 1265 550 baptismum,
1289 494 1468 551 quem
1494 479 1571 535 ab
1604 479 1900 535 haereticis
1931 493 2204 551 suscepe-

560 573 672 634 rat,
701 584 821 624 non
843 568 1017 624 talem
1041 584 1176 624 eum
1201 584 1332 623 esse
1363 583 1634 640 prorsus,
1650 584 1845 641 neque
1867 569 2201 640 quidquam

560 673 698 713 cum
732 657 845 712 hoc
893 656 1116 712 habere
1159 658 1606 713 communionis
1642 657 1808 721 dixit,
1841 658 1984 728 quin
2025 657 2202 712 etiam

561 746 959 819 blasphemiis
988 745 1155 802 illum
1173 746 1453 802 refertum
1479 763 1612 803 esse
1659 747 2032 802 asseveravit.
2072 746 2206 802 Ani-

563 851 726 892 mam
743 850 879 891 vero
893 851 1067 891 suam
1081 835 1156 891 ad
1167 835 1414 892 modum
1431 842 1856 908 compunctam
1869 851 2208 907 esse,seque

561 940 684 982 non
718 924 939 981 audere
979 924 1186 980 oculos
1217 941 1357 980 suos
1387 925 1464 981 ad
1519 925 1729 990 Deum,
1761 931 2005 997 propter
2041 923 2208 980 nefa—

559 1015 713 1070 riam
744 1014 1150 1086 impuritatem
1208 1014 1427 1070 scilicet
1463 1014 1757 1071 dictorum
1797 1014 2208 1086 factorumque

558 1102 798 1158 illorum
847 1102 1068 1174 quibus
1099 1103 1360 1159 initiatus
1399 1110 1574 1170 esset,
1618 1103 1815 1160 tollere
1846 1103 2071 1170 dicens,
2099 1103 2207 1160 ob-

558 1191 889 1248 testabatur
921 1196 982 1247 ut
1013 1192 1393 1264 reciperetur,
1433 1197 1491 1248 et
1527 1192 1605 1248 ad
1643 1192 2034 1264 purissimum
2063 1192 2212 1264 bap-

560 1281 720 1336 tismi
759 1280 946 1336 nostri
997 1280 1306 1337 lavacrum
1361 1282 1737 1354 gratiamque
1767 1281 2202 1340 admitteretur.

562 1368 735 1435 Quod
765 1385 908 1425 sane
948 1385 1060 1440 ego
1091 1368 1281 1425 facere
1311 1386 1432 1426 non
1464 1387 1671 1435 ausus,
1703 1370 1826 1426 dixi
1859 1369 2131 1426 sufﬁcere
2159 1370 2213 1425 ei

561 1464 685 1515 tam
717 1457 1064 1514 diuturnam
1087 1458 1403 1515 nobiscum
1429 1459 1942 1526 communionem,
1963 1459 2066 1532 qui
2082 1474 2214 1532 gra-

565 1547 781 1605 tiarum
822 1547 1056 1604 actione
1102 1548 1407 1617 exaudita,
1441 1548 1617 1604 simul
1664 1547 1982 1605 nobiscum
2023 1550 2214 1604 Amen

560 1636 903 1702 accinuerit,
963 1636 1188 1710 quique
1242 1653 1468 1693 mensae
1521 1637 1806 1693 assistens
1852 1652 2074 1692 manus
2136 1635 2216 1692 ad

2318 475 2662 549 βεϐάπτιστο,
2756 481 2828 546 μὴ
2913 485 3145 531 τοιοῦτον
3192 476 3341 544 εἶναι,
3402 475 3542 550 μηδὶ
3594 475 3708 537 ὃλως
3759 481 3856 549 ἶχιῐν

2315 570 2431 619 τινὰ
2475 569 2606 642 πρὸς
2647 574 2801 619 τοῦτο
2851 571 3118 620 κοινωνίαν
3147 586 3158 598 ·
3213 567 3455 628 ἀσεϐείας
3489 569 3590 640 γὰρ
3628 565 3768 619 έκεῖνο
3799 577 3854 619 καὶ

2318 653 2662 730 βλασφημιῶν
2721 655 3092 730 πεπληρῶσθαι
3124 675 3136 688 ·
3209 659 3366 730 λέγων
3427 653 3485 709 δι
3540 657 3672 726 πάνυ
3713 675 3756 708 τι
3798 662 3855 714 τὴν

2316 745 2502 817 ψυχὴν
2567 748 2974 818 κατανενύχθαι,
3053 752 3143 800 καὶ
3219 743 3358 821 μηδε
3428 744 3720 820 παρῥησίαν
3764 749 3857 816 ἰχιτι

2319 838 2506 909 ἐπᾶραι
2563 838 2683 897 τοὺς
2749 834 3040 908 ὀφθαλμούς
3100 855 3200 909 μου
3256 839 3391 909 πρὸς
3445 839 3532 888 τόν
3599 835 3738 898 Θεόν,
3793 833 3858 887 ἀπὸ

2317 930 2418 976 τῶν
2503 922 2722 976 ἀνοσίων
2807 924 3005 978 ἐκείνων
3087 927 3333 1001 ῥημάτων
3422 929 3512 976 καὶ
3602 925 3860 996 πραγμάτσι

2319 1013 2629 1084 ὁρμώμενος,
2704 1017 2795 1067 καὶ
2863 1009 2958 1066 διὰ
3002 1021 3157 1067 τοῦτο
3212 1011 3453 1086 δεόμενος
3511 1019 3604 1072 τῆς
3664 1011 3863 1086 είλικρινε·

2321 1104 2517 1166 στάτης
2563 1105 2761 1164 ταύτης
2811 1105 3114 1177 καθάρσεως
3179 1108 3270 1156 καὶ
3309 1098 3634 1176 παραδοχῆς
3681 1106 3760 1153 καὶ
3795 1107 3866 1171 χά-

2315 1211 2460 1266 ριτος
2505 1198 2707 1264 τυχεῖν.
2764 1190 2924 1267 Ὅπερ
2977 1191 3076 1263 ἐγὼ
3129 1196 3220 1265 μεν
3275 1191 3370 1244 οὐκ
3444 1190 3713 1263 ἐτόλμησα
3758 1198 3868 1248 ποιῆ-

2319 1301 2430 1347 σαι,
2479 1285 2652 1354 φήσας
2705 1281 2937 1356 αὐτάρκη
2992 1286 3087 1342 τὴν
3141 1281 3492 1356 πολυχρόνιον
3548 1279 3685 1348 αὐτῷ
3735 1297 3869 1330 κοινω-

2316 1376 2428 1423 νίαν
2476 1371 2547 1433 εἰς
2589 1377 2741 1424 τοῦτο
2804 1375 3084 1442 γεγονέναι.
3144 1370 3509 1445 Εὐχαριστίας
3564 1372 3665 1442 γὰρ
3701 1369 3870 1420 iuno-i-

2321 1479 2486 1512 σαντα
2553 1464 2642 1512 καὶ
2709 1460 3237 1533 συνεπιφθεγξάμενον
3300 1459 3359 1512 τὸ
3403 1460 3596 1532 Ἀμην,
3658 1464 3740 1508 καὶ
3783 1476 3874 1530 τρε-

2318 1549 2448 1622 πέζη
2530 1550 2895 1622 παραστάντα,
2973 1554 3064 1603 καὶ
3115 1556 3300 1624 χεῖρας
3363 1547 3436 1610 εἰς
3493 1543 3762 1617 ὑποδοχὴν
3807 1552 3874 1606 τῆς

2322 1637 2477 1710 ἁγίας
2539 1645 2732 1712 τροφῆς
2795 1643 3154 1711 προτείναντα,
3213 1643 3303 1691 καὶ
3381 1639 3576 1699 ταύτης
3640 1631 3876 1698 καταδεξά-

560 1726 973 1798 exceptionem
1006 1727 1199 1782 sancti
1254 1726 1518 1782 alimenti
1567 1727 1886 1798 porrexerit
1937 1726 2036 1798 (t),
2067 1731 2120 1782 et
2153 1726 2216 1782 id

2331 1747 2489 1799 μενον,
2521 1733 2611 1780 καὶ
2668 1735 2759 1781 τοῦ
2812 1733 3055 1801 σώματος
3106 1732 3195 1781 καὶ
3253 1734 3345 1780 τοῦ
3395 1727 3618 1799 αἵματος
3665 1731 3748 1776 τοῦ
3805 1730 3878 1776 Κν-

564 1817 914 1886 susceperit,
943 1816 1336 1887 corporisque
1363 1820 1420 1871 et
1477 1816 1788 1886 sanguinis
1843 1815 2075 1871 Domini
2113 1831 2217 1871 no-

563 1905 667 1960 stri
691 1903 832 1960 Jesu
862 1905 1004 1960 satis
1025 1905 1206 1975 longo
1233 1912 1500 1977 tempore
1531 1905 1828 1976 particeps
1859 1905 2052 1960 fuerit.
2087 1904 2218 1960 Pro-

564 1993 828 2065 indeque
854 1993 1100 2050 minime
1139 1994 1482 2050 faciendum
1520 1995 1748 2066 putavi,
1775 1999 1838 2050 ut
1863 1993 1992 2049 haec
2017 1993 2218 2050 denuo

569 2101 602 2139 a
643 2082 934 2155 principio
1000 2087 1328 2138 retexerem
1381 2089 1560 2154 atque
1607 2098 1988 2140 renovarem.
2053 2084 2218 2140 Bono

567 2176 768 2229 autem
785 2171 988 2228 animo
1009 2187 1128 2227 eun
1149 2187 1280 2228 esse
1309 2172 1480 2243 jussi,
1506 2179 1561 2227 et
1578 2171 1892 2238 conﬁdere,
1922 2171 2218 2244 ﬁrmaque

567 2261 686 2318 ﬁde
712 2266 769 2317 et
794 2261 1160 2317 conscientia
1181 2261 1342 2318 bona
1362 2262 1440 2317 ad
1469 2261 1957 2317 communionem
1985 2268 2219 2318 sancto-

568 2367 701 2406 rum
761 2351 1188 2422 mysteriorum
1256 2351 1561 2407 accedere.
1617 2350 1717 2407 flle
1773 2357 1972 2406 autem
2023 2367 2218 2424 neque

571 2440 755 2496 luctui
782 2439 1032 2496 modum
1065 2438 1220 2506 fecit,
1246 2455 1442 2512 neque
1494 2455 1616 2512 prae
1645 2441 1853 2496 timore
1879 2446 1935 2495 et
1965 2443 2220 2496 tremore

570 2529 648 2588 ad
685 2545 958 2586 mensam
1015 2530 1286 2586 accessit.
1329 2535 1519 2602 Atque
1549 2543 1706 2599 aegre
1735 2529 1978 2584 tandem
2011 2544 2081 2584 eo
2132 2534 2222 2585 est

571 2618 1082 2676 cohortationibus
1138 2619 1482 2690 perductus,
1538 2623 1602 2674 ut
1652 2617 2019 2674 orationibus
2073 2618 2220 2674 assi-

571 2713 726 2766 stere
754 2709 1059 2763 sustineat.
1093 2729 1114 2756 ι
1151 2706 1323 2780 ha]
1348 2707 1475 2762 Alia
1501 2721 1744 2779 quoque
1769 2710 1961 2762 exstat
1978 2706 2053 2762 ad
2075 2708 2222 2779 Xys-

570 2804 694 2854 tum
755 2796 1022 2868 epistola,
1074 2797 1135 2852 in
1185 2813 1309 2868 qua
1358 2795 1547 2852 multa
1602 2795 1677 2851 de
1726 2794 1840 2851 hac
1891 2795 2220 2867 quaestione

568 2886 755 2943 verba
805 2886 962 2942 facit.
1017 2885 1223 2941 Itidem
1283 2890 1338 2941 et
1393 2884 1509 2941 alia
1565 2884 1640 2940 de
1704 2884 1982 2948 Luciano,
2035 2889 2092 2940 et
2145 2885 2220 2940 de

2324 1821 2439 1889 ρίου
2496 1819 2643 1888 ἡμῶν
2697 1819 2876 1876 Ἰησοῦ
2938 1821 3277 1891 μετασχόντα
3340 1818 3499 1888 ἱκανῷ
3565 1817 3754 1887 χρόνῳ,
3811 1813 3878 1864 οὐκ
3972 1867 3973 1888 η

2325 1908 2386 1958 ἄν
2469 1905 2523 1970 ἐξ
2603 1907 2854 1980 ὑπαρχῆς
2946 1905 3321 1968 ἀνασκευάζειν
3400 1907 3476 1958 ἔτι
3566 1903 3870 1974 τολμήσαιμι.

2326 2002 2552 2070 Θαρσεῖν
2627 1992 2686 2049 δε
2759 1995 2984 2050 ἐκέλευον
3049 2001 3134 2049 καὶ
3210 1997 3343 2068 μετά
3422 1991 3641 2067 βεϐαίας
3712 1996 3878 2050 πίστεως

2324 2089 2409 2150 καὶ
2485 2083 2689 2156 ἀγαθῆς
2765 2082 3111 2147 συνειδήσεως
3179 2093 3242 2158 τῇ
3318 2090 3522 2157 μετοχῇ
3600 2090 3694 2134 τῶν
3754 2080 3878 2152 ἁγίων

2324 2177 2614 2246 προσιέναι.
2679 2173 2738 2227 Ὀ
2811 2171 2869 2227 δε
2942 2177 3059 2228 οὔτε
3123 2175 3318 2226 πενθῶν
3375 2177 3662 2235 πέπαυται,
3713 2172 3880 2242 πέφρικέ

2325 2281 2380 2314 τε
2429 2270 2490 2336 τῇ
2543 2259 2773 2337 τραπίζξι
2827 2267 3099 2336 προσιέναι
3132 2280 3142 2291 ·

2325 2370 2426 2418 νος,
2481 2354 2792 2405 συνεστάναι
2838 2360 2950 2414 ταῖς
3008 2353 3339 2426 προσευχάῖς
3416 2350 3684 2423 ἀνέχεται.
3736 2368 3762 2400 η
3809 2351 3883 2400 Καὶ

2327 2440 2453 2498 ἄλλη
2505 2436 2564 2494 δε
2615 2443 2800 2514 Ξύστῳ
2857 2441 3102 2501 ἐπιστολή
3146 2445 3367 2516 φέρεται,
3423 2441 3471 2493 ἓν
3601 2443 3714 2512 περὶ
3743 2439 3883 2488 τούτου

2326 2529 2484 2582 πολὺν
2537 2536 2836 2604 παρατείνει
2906 2530 3077 2604 λόγον.
3150 2530 3370 2603 Ὁμοίως
3435 2533 3529 2581 καὶ
3607 2526 3728 2583 άλλη
3798 2528 3885 2594 περὶ

2332 2624 2624 2673 Λουκιανοῦ
2679 2625 2795 2694 περὶ
2839 2628 2930 2674 τοῦ
2979 2622 3217 2673 τοιούτου
3287 2623 3618 2690 ζητήματος,
3684 2617 3888 2683 Διονυσίῳ

2329 2716 2401 2778 τῷ
2463 2707 2672 2781 Ῥώμης
2729 2715 3230 2784 προσπιφωνημένη.
3299 2712 3398 2762 Καὶ
3469 2711 3594 2780 περὶ
3681 2708 3762 2774 μιν
3815 2711 3887 2752 τῶν

2330 2798 2612 2851 ἐπιστολῶν
2681 2804 2953 2853 Διονυσίου
3026 2807 3127 2852 τῶν
3192 2802 3310 2873 περὶ
3402 2802 3494 2850 τοῦ
3567 2794 3887 2869 βαπτίσματος

2329 2905 2514 2942 ταυτα.

570 2975 904 3050 quaestione
945 2975 1156 3032 eadem
1196 2974 1275 3031 ad
1333 2974 1679 3046 Dionysium
1711 2975 2050 3030 Romanum
2097 2974 2446 3048 episcopum
2494 2976 2656 3035 data.
2690 2979 2770 3034 De
2797 2976 3060 3049 Dionysii
3087 2976 3352 3051 epistolis
3394 2975 3455 3031 in
3497 2988 3690 3031 causa
3736 2969 3884 3042 bapti-

573 3065 708 3130 smi,
750 3065 914 3120 satis.

1253 3192 1479 3247 CAPUT
1521 3191 1581 3245 Χ.

574 3285 659 3340 De
687 3280 1091 3350 persecutione
1131 3279 1436 3336 Valeriani
1465 3296 1484 3333 :
1514 3285 1568 3335 et
1596 3292 1720 3350 qua
1761 3286 1882 3332 tum
1912 3277 2227 3350 Dionysius

843 3351 1298 3410 Alexandrinus
1323 3349 1624 3422 episcopus
1644 3365 1856 3420 passus
1881 3349 1974 3406 sit.

641 3533 1012 3598 Valerianus,
1047 3537 1182 3604 post
1221 3531 1456 3587 Gallum
1485 3529 1738 3601 imperio
1779 3532 2080 3601 suscepto,
2112 3527 2230 3600 pri-

573 3640 741 3680 mum
781 3623 1042 3679 clemens
1073 3627 1129 3677 et
1157 3619 1352 3677 bonus
1393 3620 1556 3675 visus
1586 3623 1696 3687 est,
1729 3623 1908 3690 atque
1947 3633 2088 3688 erga
2127 3617 2230 3673 ho-

573 3714 765 3769 mines
794 3713 891 3768 Dei
924 3710 1250 3767 benevolus
1278 3715 1455 3782 atque
1485 3709 1803 3778 benignus.
1837 3707 2037 3780 Neque
2067 3707 2229 3764 enim

573 3803 726 3860 alius
765 3802 1111 3873 quisquam,
1144 3799 1246 3872 qui
1281 3803 1418 3854 ante
1456 3814 1593 3853 eum
1634 3797 1870 3853 fuerant
1913 3797 2230 3868 imperato-

573 3909 730 3959 rum,
761 3892 820 3947 in
849 3890 982 3946 illos
1014 3887 1373 3962 propensior
1401 3885 1842 3957 humaniorque
1873 3885 2002 3952 fuit,
2035 3900 2108 3940 ne
2146 3883 2230 3940 illi

571 3982 819 4054 quidem
847 3980 949 4052 qui
979 3977 1293 4034 manifesto
1316 3975 1838 4032 Christianismum
1861 3979 2026 4030 erant
2065 3989 2230 4029 com-

573 4070 754 4144 plexit
786 4087 799 4125 :
834 4069 988 4126 adeo
1018 4083 1080 4123 se
1107 4067 1185 4122 ab
1213 4065 1381 4121 initio
1407 4065 1612 4120 mitem
1640 4068 1698 4119 et
1719 4063 2022 4135 placidum
2051 4062 2230 4118 nobis

572 4159 841 4233 praebuit.
874 4161 1019 4214 Tota
1047 4171 1310 4227 namque
1342 4155 1562 4210 domus
1593 4153 1723 4223 eius
1752 4152 1939 4208 divini
1969 4152 2232 4207 numinis

573 4247 902 4306 cultoribus
944 4246 1122 4318 plena
1159 4249 1307 4314 erat,
1351 4259 1543 4316 eaque
1582 4258 1828 4314 prorsus
1869 4239 2014 4296 nihil
2067 4239 2230 4297 aliud

575 4354 760 4410 quam
794 4337 892 4392 Dei
941 4334 1194 4391 ecclesia
1236 4348 1365 4388 esse
1415 4331 1746 4388 videbatur.
1781 4329 2063 4386 Sedenim
2106 4345 2231 4386 ma-

575 4443 786 4499 gorum
817 4425 1231 4498 Egyptiorum
1261 4437 1588 4494 synagoga?
1613 4419 1891 4493 princeps
1915 4425 1972 4475 et
2000 4418 2225 4478 doctor.

574 4519 940 4589 imposturas
971 4519 1026 4570 et
1053 4512 1382 4586 prmstigias
1426 4510 1691 4580 magicas
1744 4509 1988 4575 docens,
2020 4509 2072 4562 ei
2104 4523 2234 4578 per-

576 4606 808 4670 suadet,
852 4610 913 4661 ut
953 4608 1192 4660 sanctos
1246 4603 1404 4656 viros
1455 4615 1574 4655 non
1623 4603 1857 4655 tantum
1895 4598 2078 4653 domo
2126 4612 2233 4652 sua

576 4696 792 4767 exigat,
851 4698 909 4750 et
959 4707 1144 4765 quam
1198 4689 1548 4760 longissime
1601 4687 1865 4759 repellat,
1921 4686 2024 4741 sed
2080 4685 2235 4741 ferro

575 4801 818 4858 quoque
861 4782 1052 4846 tollat,
1093 4789 1156 4836 ut
1194 4779 1296 4852 qui
1337 4779 1564 4834 artibus
1609 4775 2236 4847 incantationibusque

576 4875 816 4932 illorum
856 4872 1165 4929 obstarent
1209 4872 1266 4924 et
1301 4868 1662 4924 resisterent.
1715 4865 2036 4922 Restabant
2077 4863 2238 4920 enim

577 4965 800 5030 adhuc,
825 4963 930 5036 qui
954 4961 1430 5035 perniciosorum
1461 4957 1995 5029 pestiferorumque
2017 4953 2238 5009 daemo-

577 5071 726 5112 num
761 5054 1028 5111 actiones
1066 5051 1193 5107 solo
1226 5053 1474 5120 aspectu
1516 5063 1626 5102 suo
1657 5061 1726 5102 ac
1753 5060 1895 5100 voce
1937 5044 2125 5100 missa
2155 5058 2241 5098 re-

574 5144 924 5217 primerent.
999 5141 1242 5198 Talibus
1306 5139 1486 5208 igitur
1556 5133 1995 5192 consultoribus
2071 5147 2237 5198 usus,

581 5235 877 5294 Christum
915 5230 1264 5289 conﬁtentes
1301 5225 1709 5284 crudelissime
1753 5227 2095 5296 persecutus
2127 5226 2239 5286 est,

578 5332 634 5382 et
676 5323 754 5381 ad
785 5320 1244 5379 sceleratissima
1273 5333 1445 5374 sacra
1473 5316 1746 5373 animum
1778 5313 2085 5384 adjiciens,
2126 5311 2241 5366 im-

577 5415 712 5488 pias
755 5411 969 5471 obtulit
1016 5410 1312 5474 victimas,
1360 5421 1577 5480 pueros
1626 5404 1880 5460 miseros
1936 5401 2240 5464 occidens,

2963 3193 3211 3248 KE<l>AA.
3253 3190 3313 3246 I'.

2338 3286 2490 3367 Περὶ
2536 3288 2646 3367 τοῦ
2689 3285 2851 3367 κατὰ
2897 3281 3389 3367 Οὐάλὶ-εριαλὸνν
3423 3277 3764 3367 διξοχμοῦζ

2408 3347 2526 3406 ὅσα
2581 3352 2638 3406 ἓν
2690 3352 2906 3426 ἕκείνῳ
2968 3356 2994 3407 ό
3047 3347 3160 3416 τῆς
3211 3347 3682 3423 Α’λεξανδρὲων
3741 3347 3891 3400 ἔπαθε

2409 3427 2768 3488 Διονύσιος.

2410 3514 2755 3589 Οὐαλεριανὸς
2802 3511 2862 3568 δε
2913 3522 3012 3568 τῶν
3066 3518 3184 3589 περὶ
3251 3513 3440 3567 Γάλλον
3506 3509 3740 3566 ἐκποδὼν
3784 3524 3892 3580 7r]:-

2337 3607 2584 3676 νημίνων,
2641 3602 2725 3655 ἐπὶ
2775 3607 2868 3662 τὴν
2927 3602 3102 3678 ἀρχὴν
3149 3602 3436 3675 παρελθὼν,
3489 3605 3557 3654 τὰ
3607 3605 3696 3674 μὲν
3755 3605 3890 3672 πρῶτα
3972 3605 3973 3664 ξ

2339 3697 2494 3756 ἤπιός
2526 3712 2606 3754 τις
2655 3688 2825 3744 ἐδόκει
2863 3696 2953 3744 καὶ
3011 3691 3230 3760 ἀγαθὸς.
3261 3698 3368 3754 τοῖς
3406 3696 3526 3764 περὶ
3576 3694 3704 3745 Θεὸν
3730 3689 3886 3757 b996-

2339 3802 2456 3846 ποις
2500 3782 2622 3855 φίλα
2674 3790 2888 3854 φρονῶν.
2949 3777 3089 3834 Οὐδὲ
3139 3783 3238 3854 γὰρ
3297 3780 3447 3843 ἀλλος
3499 3799 3578 3842 τις
3643 3779 3770 3833 οὕτω
3820 3781 3887 3824 τῶν

2338 3875 2438 3947 πρὸ
2517 3871 2678 3924 αὐτοῦ
2749 3869 3005 3943 βασιλέων
3084 3870 3303 3942 εὐμενῶς
3381 3875 3471 3922 καὶ
3549 3865 3728 3932 δεξιῶς
3800 3865 3889 3935 πρὸς

2340 3962 2528 4024 αὐτοὺς
2577 3963 2754 4032 ἔσχεν,
2795 3956 2918 4013 οὐδε
2983 3961 3032 4012 οἱ
3080 3967 3344 4033 προῦπτον
3402 3962 3489 4012 τὸν
3521 3954 3886 4033 Χριστιανισμὸν

2339 4049 2722 4122 ἀσπασάμενοι,
2791 4052 2855 4109 ὡς
2919 4051 3106 4111 ἑκείνος
3183 4047 3476 4120 προσφιλῶς
3543 4050 3604 4099 τὸ
3669 4041 3889 4114 καταρχὰς
3972 4041 3973 4106 l

2341 4139 2569 4198 διετέθη.
2624 4145 2730 4200 Πᾶς
2780 4141 2882 4212 γὰρ
2936 4140 2963 4190 ό
3015 4134 3156 4200 οἶκος
3201 4137 3361 4190 αὐτοῦ
3415 4135 3666 4189 θεοσεϐῶν
3715 4129 3889 4205 ἔμπλῑως

2339 4226 2400 4289 ἦν
2433 4249 2446 4262 ·
2502 4233 2592 4281 καὶ
2647 4228 2886 4302 ἄντικρυς
2935 4226 3189 4299 ἐκκλησίᾳ
3231 4225 3374 4297 ἐῴκει
3421 4231 3573 4280 Θεοῦ.
3643 4220 3785 4279 Ἀλλά
3819 4226 3887 4270 τῶν

2341 4319 2427 4372 ἀπ’
2485 4318 2761 4390 Αὐγύπτου
2791 4318 2983 4389 Μάγων
3027 4317 3054 4368 ὁ
3103 4314 3565 4388 ἀρχισυνάγωγος,
3617 4307 3890 4367 διδάσκαλός

2339 4427 2397 4480 γε
2455 4412 2522 4460 ὤν
2579 4416 2675 4469 τῆς
2721 4411 3046 4480 μαγγανείας
3101 4410 3191 4457 καὶ
3248 4409 3538 4479 τερατείας,
3600 4403 3751 4456 πείθει
3807 4399 3889 4452 τοὺς

2340 4502 2430 4570 μὲν
2482 4499 2662 4558 ὁσίους
2713 4492 2911 4569 ἄνδρας
2959 4499 3030 4568 μὴ
3084 4498 3237 4562 μόνον
3290 4503 3380 4555 τῆς
3427 4493 3596 4554 οἰκίας
3646 4490 3888 4554 ἐξελαύνετε.

2341 4593 2431 4640 καὶ
2475 4590 2538 4648 ὡς
2585 4586 2902 4662 πορρωτάτω
2960 4592 3145 4649 ποιεῖν,
3202 4583 3332 4636 ἀλλὰ
3377 4587 3465 4636 καὶ
3516 4587 3652 4654 φόνῳ
3704 4579 3885 4646 ὑπάγω.

2343 4681 2407 4739 ὡς
2487 4672 2730 4749 ἐμποδὼν
2789 4676 3204 4747 καθισταμένους
3277 4679 3392 4735 ταῖς
3461 4672 3664 4724 ἐκείνων
3741 4682 3887 4739 μαγία-

2343 4771 2502 4829 νείαις
2561 4784 2613 4819 τε
2669 4769 2752 4818 καὶ
2816 4760 3113 4826 ἔπαοιδίαις
3141 4780 3154 4793 ’
3219 4768 3308 4815 καὶ
3360 4763 3462 4836 γάρ
3525 4780 3627 4814 που
3692 4763 3885 4831 nupti!”

2346 4859 2442 4924 ἔτι,
2508 4857 2558 4909 οἱ
2617 4861 2707 4909 καὶ
2765 4858 2917 4927 μόνον
2992 4855 3239 4926 ὁρώμενοι
3300 4855 3390 4905 καὶ
3449 4852 3773 4923 φθεγγόμενοι
3827 4845 3885 4898 τὰς

2346 4955 2445 5001 τῶν
2536 4944 2871 5018 παλαμναίων
2967 4939 3228 5015 δαιμόνων
3330 4939 3544 5013 πράξεις
3636 4932 3882 4990 ἀνέστελλον·

2348 5037 2566 5098 Τούτοις
2618 5041 2744 5106 γοῦν
2795 5031 3112 5106 συμϐούλοις
3183 5035 3616 5104 προσχρώμενος,
3685 5028 3787 5086 τοὺς

2347 5129 2432 5181 τὸν
2502 5126 2730 5198 Χριστὸν
2797 5122 3172 5196 ὁμολογοῦντας
3230 5119 3444 5180 ἀπηνῶς
3505 5113 3774 5180 ἐξεδίοιηιε⁹
3827 5109 3883 5198 ᾧ·

2352 5221 2495 5278 σίαις
2533 5212 2583 5268 δ’
2637 5213 2929 5286 ἐξαγίστοις
2978 5209 3228 5277 ἕπέκειτο,
3283 5213 3371 5262 καὶ
3423 5206 3674 5280 ἀνάγνους
3729 5197 3882 5255 ixmil!

2354 5309 2668 5378 ἱερουργίας,
2723 5298 2918 5362 παῖδας
2973 5298 3184 5362 ἀθλίους
3244 5297 3611 5370 ἀποσφάττων,
3661 5297 3739 5346 καὶ
3786 5291 3882 5341 tibi

2351 5399 2580 5471 πατέρων
2649 5389 2923 5452 δυστήνων
2987 5385 3215 5463 ἀφειδῶς
3279 5389 3569 5453 καταθέοων,
3643 5382 3798 5454 νεογνά
3847 5389 3878 5422 τι

649 5595 726 5667 (1)
754 5593 822 5649 In
854 5605 1072 5650 manus
1098 5589 1240 5648 olim
1271 5581 1864 5644 communicantibus
1895 5577 2265 5638 Euoharistia
2288 5576 2447 5635 data.

3198 2267 3288 2316 καὶ
3341 2261 3485 2334 μόλις
3540 2259 3882 2334 παρακαλούμε-
3972 2259 3973 2308 ἴ
