4016 6224
184 303 329 360 1153
1225 299 1796 360 ECCLESIASTICAE
1838 300 2198 382 HISTORUE
2235 299 2378 362 LIB.
2421 303 2510 363 Vl.
3402 305 3545 362 1154

183 425 408 504 διαιρῶν
477 428 813 501 σπλάγχνα,
854 433 944 482 καὶ
1006 431 1074 482 τὰ
1135 436 1224 482 τοῦ
1294 433 1424 482 Θεοῦ
1501 427 1769 501 πλάσματι

1957 427 2214 485 felicium
2242 433 2560 501 parentum
2587 428 2808 486 liberos
2837 428 3333 487 inhumanissime
3365 431 3543 489 sacri-

179 516 233 578 ἒς
290 517 471 571 λεπτὸν
534 513 862 584 διακόπτων,
926 517 1162 591 αίόμενος
1228 519 1457 571 ἐντεῦθεν
1540 514 1761 592 εύδαιμο

1954 533 2104 584 :ans,
2144 533 2352 574 recens
2384 517 2541 574 edita
2569 519 2802 574 viscera
2830 517 3121 583 dividens,
3152 525 3205 574 et
3237 524 3540 576 creaturas

175 610 377 665 νήσειν.
442 609 529 660 Διὸ
593 611 683 658 καὶ
744 616 832 668 τῆς
884 610 972 679 μὲν
1045 607 1354 668 Ἐκκλησίας
1408 607 1651 680 πολέμιος
1705 613 1761 679 γέ

1955 606 1994 661 3i
2023 608 2084 662 in
2124 606 2554 664 minutissimas
2595 613 2795 680 partes
2841 607 3186 664 concidens.
3219 613 3406 680 Atque
3453 609 3541 664 bis

174 715 298 765 γονε
328 710 340 722 ·
373 698 578 769 μακρὰν
632 692 692 749 δέ
745 715 844 749 που
894 696 1074 750 ἑαυτὸν
1117 702 1208 750 καὶ
1261 705 1354 759 τῆς
1401 699 1456 749 ἒκ
1514 704 1647 750 Θεοῦ
1695 717 1760 770 φο

1957 693 2070 750 bus
2094 693 2324 751 felicem
2353 711 2414 752 se
2444 701 2502 751 et
2528 698 2773 751 beatum
2804 695 2928 752 fore
2953 702 3042 752 est
3068 698 3371 768 opinatus.
3395 699 3543 762 Qua-

172 779 507 854 λανθρωπίας
568 783 746 834 ἓποίει.
808 785 990 835 Τοίνυν
1046 786 1208 854 μέγαν
1281 787 1369 835 καὶ
1449 780 1600 844 οὗτος
1674 780 1758 834 ἀνε

1956 790 2133 854 ὀρῑθι-
2153 790 2210 840 et
2250 784 2522 840 Ecclesiae
2547 784 2732 840 hostis
2775 784 2968 840 factus
2997 791 3108 850 est,
3136 791 3192 842 et
3225 785 3542 856 indignum

171 874 341 943 γείρει
405 873 492 922 τὸν
555 867 807 944 διωγμόν.
878 875 979 925 Καὶ
1044 873 1160 924 ὅσοι
1236 878 1525 930 τηνικαῦτα
1598 868 1757 925 δεινοί

1994 871 2359 942 benignitate
2401 873 2502 929 Dei
2540 873 2750 928 effecit.
2798 873 2881 929 Ita
2927 874 3144 930 scilicet
3173 890 3461 946 magnam
3495 876 3543 930 is

177 960 574 1026 συνηλοίθησαν,
631 959 784 1022 ἄλλης
831 958 892 1013 ἃν
949 963 1185 1034 ἱστορίας
1225 957 1562 1037 προσδέοιτο,
1613 965 1655 1014 εἶ
1702 980 1763 1013 τι(

1957 976 2133 1033 toque
2163 961 2482 1018 concitavit
2511 963 3004 1034 persecutionem.
3035 966 3098 1018 Et
3128 965 3230 1036 qui
3257 962 3543 1036 tempori-

170 1049 315 1100 κατά
373 1047 556 1101 λεπτὸν
619 1047 918 1121 ἐκλέγεσθαι
983 1048 1248 1122 βούλοιτο.
1315 1054 1449 1111 Τέως
1511 1054 1602 1102 καὶ
1673 1057 1756 1102 Διο

1958 1065 2004 1104 ts
2034 1050 2139 1117 eis,
2171 1050 2598 1108 certaminibus
2627 1052 2925 1108 obeundis
2955 1059 3094 1108 sunt
3122 1051 3462 1119 conﬂictati,
3497 1053 3544 1108 si

170 1131 358 1199 νύσιος
427 1139 454 1189 ὁ
522 1137 722 1212 ῥηθεὶς,
785 1145 878 1191 τοῦ
955 1147 1120 1191 κακοῦ
1191 1137 1598 1212 ἐπακμάζοντος,
1679 1146 1756 1192 τοὶ

1956 1137 1968 1193 l
2015 1137 2262 1210 plenum
2305 1156 2517 1196 omnes
2554 1141 2755 1197 referri
2796 1141 3101 1207 deberent,
3136 1141 3420 1213 peculiari
3460 1141 3542 1197 illi

172 1222 516 1288 δικαστικοῖς
569 1229 843 1302 παραστὰς
932 1224 1187 1300 βήμασιν,
1241 1227 1538 1294 ἐξητάζετο,
1620 1232 1757 1301 Αίμυ

1957 1227 2224 1297 digerent
2262 1229 2529 1286 historia.
2561 1231 2707 1286 Tum
2738 1245 2884 1286 sane
2908 1235 2965 1286 et
2993 1231 3329 1303 Dionysius,
3359 1246 3543 1304 quem

168 1311 358 1367 λιανοῡ
431 1320 527 1374 τὴν
609 1315 729 1369 κατ’
806 1319 1066 1389 Αἴγυπτον
1133 1319 1410 1389 ἠγεμονίαν
1492 1314 1754 1380 διέποντος

1955 1319 2174 1384 ximus,
2219 1318 2382 1374 malo
2430 1335 2500 1375 eo
2543 1318 2966 1386 invalescente,
3010 1337 3146 1374 cum
3190 1320 3541 1376 Emiliauus

177 1411 348 1464 Συνῆν
396 1401 455 1458 δὲ
509 1409 650 1476 αὐτῷ
703 1410 793 1459 καὶ
850 1407 876 1458 ὁ
933 1405 1283 1482 πρεσϐύτερος
1332 1407 1610 1480 Μάξιμος’
1667 1404 1763 1459 διάη

1959 1405 2204 1461 infectus
2231 1409 2555 1480 Egyptum
2600 1409 2970 1479 provinciam
3003 1415 3245 1479 teneret,
3296 1426 3404 1481 pro
3449 1411 3545 1466 tri-

173 1499 326 1546 κονοί
379 1512 434 1545 τε
496 1491 612 1561 δύο,
671 1500 908 1557 Φαῦστος
970 1515 1025 1548 τε
1070 1499 1157 1548 καὶ
1210 1495 1490 1557 Εὐσέϐιος·
1546 1501 1636 1549 καὶ
1691 1499 1759 1548 σὺ

1957 1495 2097 1550 mali
2137 1511 2382 1553 causam
2428 1497 2594 1563 dixit,
2639 1496 2816 1570 402
2868 1504 2923 1554 et
2965 1515 3102 1552 cum
3141 1515 3210 1555 eo
3255 1501 3543 1555 Maximus

169 1586 477 1656 Χαιρήμονι
531 1583 728 1658 ⁸ἔτερος·
786 1589 875 1637 καὶ
935 1580 1114 1643 ἐπειδὴ
1178 1587 1384 1657 σύναμα
1437 1593 1507 1656 τῷ
1559 1587 1755 1659 ίεροίρχτ

1960 1583 2202 1655 ’θεὺγιθι-
2234 1602 2247 1640 :
2281 1592 2569 1657 praterea
2588 1589 2710 1642 duo
2737 1586 2996 1651 diaconi,
3024 1589 3269 1643 Faustus
3292 1593 3348 1644 et
3373 1590 3546 1646 Euse-

173 1675 320 1726 θύειν
382 1668 746 1740 διεκελεύοντο,
813 1673 1074 1746 ἀντέλεγον
1135 1677 1203 1727 τὰ
1257 1683 1471 1748 πρῶτα·
1531 1682 1759 1749 Χριστια

1961 1689 2048 1738 us,
2080 1679 2136 1728 et
2181 1690 2320 1729 cum
2366 1675 2747 1730 Chasremone
2792 1675 2938 1730 alter
2983 1677 3254 1748 quidam.
3301 1680 3365 1732 Et
3405 1695 3545 1735 cum

171 1765 309 1824 νούς-
354 1756 413 1814 δι
465 1768 598 1834 σφᾶς
650 1760 780 1816 εἶναι
843 1761 1229 1836 ὁμολογοῦντες,
1271 1768 1342 1836 μὴ
1399 1760 1617 1817 δυνατὸν
1656 1759 1757 1816 εἶνα

1972 1777 2092 1816 una
2129 1777 2266 1818 cum
2296 1762 2610 1819 hierarcha
2640 1779 2750 1820 suo
2781 1764 3113 1821 sacriﬁcare
3137 1766 3290 1836 jussi
3328 1774 3545 1838 essent,

175 1855 333 1928 ἑτέρῳ
387 1859 503 1921 Θεῷ
557 1851 712 1914 σέϐας
761 1857 927 1925 νέμειν
961 1869 973 1883 ο
1000 1851 1124 1925 μήτ’
1179 1848 1243 1904 αὖ
1313 1848 1542 1906 δεδιέναι
1595 1851 1761 1927 ἓτερον

1961 1857 2219 1906 nuerunt
2247 1852 2307 1906 id
2342 1853 2626 1923 primum,
2661 1853 2877 1909 deinde
2908 1855 3267 1912 Christianos
3298 1873 3360 1912 se
3391 1873 3545 1925 esse,

175 1953 370 2000 Τοῦτον
419 1948 520 2018 γὰρ
575 1940 705 1998 εἶναι
773 1942 992 2016 ούρανοῦ
1043 1961 1098 1995 τε
1144 1947 1233 1995 καὶ
1284 1951 1382 2014 γῆς
1437 1939 1761 2017 δημιουργὸν

1961 1939 2142 2012 ιτὶᾳυθ
2177 1941 2426 1996 omnino
2464 1956 2588 1996 non
2619 1956 2792 2013 posse
2833 1947 2897 1998 ut
2928 1945 3111 1998 Deum
3142 1944 3328 2001 alium
3361 1946 3453 2002 vel
3484 1948 3547 2002 ti-

174 2042 270 2090 καί
327 2034 636 2110 βασιλεῦσιν
707 2034 1014 2106 ὡρισμένοις
1093 2033 1258 2084 ἔτεσιν
1323 2030 1407 2084 έπὶ
1466 2039 1563 2103 γῆς
1632 2035 1760 2106 παρέ

1963 2033 2127 2084 erent
2159 2029 2252 2084 vel
2281 2029 2562 2094 colerent,
2600 2029 2849 2101 professi
2897 2037 3055 2087 sunt.
3089 2032 3252 2089 Hanc
3282 2050 3547 2109 namque

172 2145 351 2198 χοντα
415 2127 474 2178 τὸ
537 2127 764 2196 κρατεῖν.
823 2121 916 2183 Ὠς
976 2116 1063 2174 οὖν
1111 2124 1200 2173 καὶ
1258 2119 1388 2173 ἄλλα
1452 2119 1758 2194 έπισυνείρω

1966 2134 2024 2173 se
2054 2118 2156 2190 qui
2188 2118 2407 2174 caelum
2437 2124 2493 2174 et
2523 2124 2743 2175 terram
2774 2121 3110 2177 condiderit
3141 2138 3152 2175 :
3186 2128 3240 2178 et
3259 2125 3363 2196 qui
3391 2127 3552 2197 prin-

171 2215 421 2284 πλεῖστα,
494 2212 681 2266 ἀπεῖπε
753 2213 811 2263 τὸ
883 2211 1097 2276 πείθειν,
1177 2206 1344 2281 μηδεν
1427 2211 1757 2283 ὑπερθέμενος

1965 2207 2152 2279 pibus,
2185 2207 2512 2278 designatis
2542 2210 2836 2281 certisque
2867 2211 3255 2282 temporibus,
3292 2215 3350 2269 in
3383 2217 3551 2272 terris

168 2309 367 2378 καίπερ
436 2307 572 2374 νόσῳ
638 2301 971 2372 κατάσχετον
1033 2302 1155 2351 ὄντα
1206 2301 1292 2351 τὸν
1355 2301 1642 2365 Διονύσιον,
1704 2297 1754 2351 ἔτι

1966 2301 2251 2354 ιῑθείαῑθω
2286 2303 2342 2352 et
2367 2297 2688 2370 imperium
2715 2299 3025 2355 concedat.
3061 2303 3192 2358 Haec
3225 2309 3405 2376 atque
3435 2304 3552 2364 alia

171 2412 296 2446 τινα
365 2399 454 2453 τῆς
527 2389 726 2450 Λιϐύης
793 2393 949 2441 τόπον
1014 2389 1204 2462 ἔρημον
1267 2392 1359 2440 καὶ
1444 2386 1757 2460 ἀπάνθρωπο

1963 2401 2035 2440 ιω
2088 2385 2167 2442 ab
2211 2387 2294 2441 eis
2345 2385 2701 2442 aﬂ‘errentur
2750 2387 3030 2460 plurima,
3079 2390 3431 2448 Emilianus
3490 2394 3549 2450 in

174 2479 515 2557 ἔφυγοὶδευεν.
573 2477 736 2533 Ἔνθα
796 2473 863 2536 δὴ
922 2476 1100 2530 πολλοὶ
1157 2485 1257 2530 τῶν
1319 2479 1374 2530 ἑκ
1428 2486 1519 2538 τῆς
1577 2476 1760 2538 πόλεως

1966 2474 2190 2531 utentia
2220 2475 2490 2546 perstitit,
2521 2481 2574 2531 et
2607 2491 2743 2530 cum
2778 2491 2840 2532 se
2883 2476 2999 2533 hoc
3041 2478 3156 2533 illis
3187 2481 3551 2552 persuadere

175 2571 275 2625 οὐκ
328 2569 607 2643 έλάχιστοι
656 2564 716 2621 δε
768 2571 860 2620 καὶ
909 2574 1009 2619 τῶν
1071 2565 1160 2619 ἀπ’
1229 2566 1494 2638 Αἰγύπτου
1548 2565 1761 2629 ἐξιόντες

1968 2579 2020 2619 ιη
2052 2579 2231 2636 posse
2262 2563 2506 2629 videret,
2540 2564 2706 2620 nulla
2732 2565 3084 2638 interposita
3109 2585 3300 2626 mora.
3333 2570 3554 2645 Diony-

176 2668 252 2731 τῷ
322 2667 418 2722 τῆς
471 2657 586 2712 κατ’
649 2661 806 2710 αὐτὸν
875 2660 1104 2718 πίστεως
1156 2655 1294 2727 λόγῳ
1360 2652 1762 2728 οἰκοδομούμενο

1967 2669 2077 2719 um,
2136 2652 2529 2725 quantumvis
2588 2652 2801 2710 morbo
2843 2665 3203 2728 correptum,
3257 2661 3319 2715 in
3389 2660 3553 2719 solos

184 2746 462 2803 διετέλουν.
541 2743 670 2801 Εἶτα
735 2746 924 2798 ῖκεῖθεν
982 2744 1055 2807 εἰς
1116 2747 1331 2817 μείζονα
1392 2748 1484 2797 καὶ
1552 2744 1768 2816 χαλεπω

1965 2741 2200 2798 iosdam
2231 2746 2287 2797 et
2325 2757 2361 2798 a
2396 2741 2729 2815 frequentia
2757 2743 3072 2801 hominum
3099 2746 3277 2819 longe
3309 2747 3551 2806 dissitos

185 2842 336 2912 τέραν
396 2833 606 2891 δίαιταν
663 2837 934 2911 ὑπερόριον
997 2835 1135 2887 κατά
1192 2837 1288 2892 τὴν
1350 2839 1530 2906 Κεφρῷ
1586 2832 1771 2906 λεγομέ

1969 2845 2064 2886 cos
2093 2831 2152 2886 in
2184 2830 2436 2902 Libyam
2489 2830 2790 2902 relegavit.
2833 2833 2921 2888 Ad
2961 2849 3141 2906 quem
3173 2839 3452 2908 permulti
3483 2854 3555 2896 ex

185 2948 280 2987 νην
332 2927 580 3000 ἀπήγετο.
635 2926 886 2980 Κολύθιον
941 2921 1002 2984 ἦν
1055 2927 1214 2997 ὄνομα
1273 2931 1346 2994 τῷ
1401 2928 1563 2995 τόπῳ.
1620 2922 1680 2976 Ὁ
1734 2920 1771 2976 δ

1968 2919 2072 2989 δὺο,
2102 2935 2222 2976 non
2256 2920 2607 2992 paucissimi
2637 2937 2777 2977 vero
2807 2923 2982 2978 etiam
3024 2939 3095 2980 ex
3125 2923 3380 2998 )Egypto
3410 2943 3554 2985 con-

183 3020 442 3092 μακάριος
530 3017 800 3076 Διονύσιος
881 3015 1053 3067 πάντα
1135 3016 1377 3085 γενναίως
1471 3008 1769 3087 διεκαρτέρε

1968 3013 2213 3074 inerunt,
2251 3015 2432 3081 atque
2471 3009 2554 3065 ibi
2593 3025 2731 3066 cum
2771 3026 2842 3066 eo
2880 3011 3216 3070 doctrinam
3255 3016 3394 3072 ﬁdei
3425 3017 3554 3089 ejus

180 3110 368 3181 φέρων.
421 3107 546 3178 Οὐχ
589 3104 744 3175 ἧττον
796 3099 846 3155 δ’
897 3099 1030 3161 ἦσαν
1079 3105 1168 3154 καὶ
1208 3109 1310 3155 τῶν
1353 3096 1587 3173 ἀδελφῶν
1629 3119 1766 3163 τινες

1972 3097 2282 3154 [discentes
2313 3103 2683 3155 manserunt.
2719 3100 2938 3157 Deinde
2968 3117 3110 3158 vero
3140 3104 3218 3160 ad
3242 3104 3420 3175 longe
3450 3106 3558 3162 du-

179 3203 246 3268 τῇ
319 3200 536 3267 συνεχεῖ
596 3189 855 3265 έπιδημιᾳ
916 3194 974 3245 τὸ
1007 3190 1233 3264 σκληρὸν
1289 3197 1386 3243 τοῦ
1443 3193 1602 3242 τόπου
1659 3189 1765 3242 λεαί

1970 3201 2121 3242 )rem
2148 3186 2606 3259 gravioremque
2636 3203 2996 3256 aerumnam,
3032 3191 3092 3246 in
3121 3192 3432 3262 regionem
3461 3195 3556 3251 cui

177 3303 374 3350 νοντες,
443 3287 533 3336 καὶ
599 3281 977 3356 παρακλήσεως
1059 3279 1412 3353 ἓμπιπλῶντες
1475 3282 1562 3332 τὸν
1625 3280 1763 3332 ὅσιον

1966 3291 2126 3332 )men
2159 3279 2255 3331 est
2293 3275 2545 3348 Cephro,
2595 3281 2653 3332 et
2697 3275 2900 3333 locum
2932 3279 3271 3352 Colythium
3300 3281 3552 3352 dictum,

175 3375 254 3447 Ψῼ
297 3370 360 3427 δε
411 3371 708 3446 βουλόμένῳ
755 3370 869 3424 ἐστὶ
933 3371 1115 3443 μαθεῖν
1173 3370 1274 3423 ὅσα
1328 3375 1434 3430 τοῖς
1472 3369 1589 3421 κατ’
1635 3367 1761 3421 έκείν

1975 3364 2074 3421 .sul
2099 3369 2190 3421 est
2225 3363 2594 3437 deportatus.
2628 3368 2807 3422 Porro
2835 3367 3050 3424 beatus
3092 3371 3413 3443 Dionysius
3450 3373 3561 3430 ad-

177 3468 378 3538 καιροῦ
443 3463 662 3515 πέπονθε
746 3456 1025 3532 διωγμοῖς,
1097 3458 1191 3512 οὐκ
1257 3457 1418 3520 αὐτὸς
1489 3455 1550 3510 δὲ
1622 3461 1763 3530 μόνος

1971 3469 2076 3510 ιΓΒὸ.
2103 3453 2306 3510 omnia
2360 3469 2585 3524 magno
2627 3453 2882 3528 fortique
2919 3457 3160 3529 pertulit
3187 3461 3410 3518 animo.
3444 3465 3557 3518 Nec

180 3552 319 3606 ἀλλὰ
395 3556 486 3604 καὶ
572 3548 717 3602 ἄλλοι
805 3547 1031 3622 ἀριθμοῦ
1116 3551 1380 3621 κρείττους
1463 3546 1766 3618 ἐντυγχάνει

1973 3544 2106 3598 inus
2161 3547 2217 3599 et
2244 3540 2454 3598 fratres
2483 3543 2732 3614 quidam
2789 3547 3074 3603 continua
3123 3549 3559 3607 consuetudine

177 3643 541 3714 προτρέπομεν
615 3639 702 3700 αἷς
765 3636 924 3700 αὐτὸς
995 3643 1186 3709 φωναῖς
1246 3639 1591 3710 κεχρημένος,
1667 3654 1763 3709 προ

1970 3647 2019 3687 ta
2069 3632 2182 3687 loci
2231 3632 2618 3704 asperitatem
2647 3633 2958 3701 lenierunt,
3007 3637 3556 3712 consolationisque

182 3749 308 3783 τινα
362 3737 464 3781 τῶν
523 3728 639 3782 κατ’
704 3727 860 3779 αὐτὸν
915 3729 1232 3791 ἑπῖσκοπων,
1382 3728 1543 3796 ὄνομα
1603 3729 1768 3796 Γερμα

1986 3726 2192 3776 atatem
2222 3721 2275 3776 ei
2307 3721 2728 3792 praastiterunt.
2779 3723 2888 3787 Qui
2932 3739 3072 3780 vero
3098 3727 3437 3784 accuratius
3468 3744 3572 3784 co-

181 3823 298 3884 νὸς,
374 3826 549 3879 κακῶς
617 3816 773 3869 αύτὸν
842 3814 1105 3888 ἀγορεύειν
1177 3812 1510 3886 βουλόμενον,
1589 3815 1766 3865 ἁποτεί

1987 3825 2198 3866 ιοεοθτθ
2241 3809 2472 3875 volunt,
2503 3826 2640 3883 quas
2670 3827 2741 3867 ea
2768 3815 3197 3883 persecutionis
3249 3821 3573 3888 tempesta-

181 3927 353 3970 νεται,
419 3909 628 3979 φάσκων
678 3906 874 3958 οὑτωσὶ
925 3904 1230 3977 καταρχάς·
1286 3922 1311 3953 α
1362 3902 1450 3963 Εἰς
1505 3899 1767 3975 ἀφροσύνη

2021 3915 2143 3954 non
2201 3899 2332 3970 ipse
2385 3904 2616 3955 tantum
2678 3901 3013 3973 Dionysius,
3075 3903 3180 3960 sed
3231 3905 3330 3961 alii
3387 3907 3567 3963 etiam

182 3993 481 4050 κινδυνεύω
541 3994 734 4053 πολλὴν
799 3999 889 4046 καὶ
955 3991 1304 4050 ἀναισθησίαν
1373 3995 1527 4052 ὅντως
1604 3997 1768 4043 πεσεῖν

1986 3987 2215 4044 numeri
2244 3987 2454 4044 fratres
2486 3987 2739 4045 adversa
2768 3991 3134 4060 pertulerint,
3168 3992 3208 4049 ii
3237 3993 3434 4064 legere
3463 4011 3572 4064 po-

186 4087 270 4148 εἰς
318 4085 550 4157 ἀνάγκην
615 4082 1022 4156 ἱμϐιϐαζόμενος
1077 4078 1384 4152 διηγεῖσθαι
1447 4084 1543 4139 τὴν
1605 4082 1772 4153 θαυμα

1986 4080 2131 4141 runt,
2155 4092 2290 4150 quas
2318 4077 2448 4148 ipse
2472 4077 2549 4134 ad
2567 4079 2854 4150 temporis
2877 4079 2966 4134 sui
2989 4080 3340 4155 episcopum
3363 4100 3572 4157 quem-

190 4180 330 4234 στὴν
391 4179 511 4242 περὶ
572 4176 714 4247 ἡμᾶς
763 4172 1065 4243 οἰκονομίαν
1123 4177 1216 4222 τοῦ
1275 4177 1429 4224 Θεοῦ.
1489 4169 1625 4223 Ἀλλ’
1697 4171 1776 4222 ἓπε

1986 4183 2084 4236 ιω,
2155 4165 2401 4222 nomine
2461 4167 2847 4238 Germanum,
2900 4167 3360 4229 obtrectatorem
3419 4174 3572 4246 ejus,

188 4268 512 4339 μυστήριον,
575 4242 727 4334 φησὶ,
784 4242 1044 4334 βασιλέως
1091 4262 1340 4333 κρύπτειν
1394 4258 1568 4324 καλὸν,
1635 4261 1702 4311 τά
1752 4255 1774 4310 ὁ

1990 4256 2175 4329 ripsit,
2211 4255 2293 4312 ita
2321 4271 2568 4312 exorsus
2608 4255 2723 4327 (2):
2759 4279 2786 4308 α
2823 4258 3045 4315 Stultus
3099 4277 3244 4318 sane
3276 4242 3467 4336 atque
3485 4263 3575 4320 in-

189 4357 327 4426 ἔργα
380 4359 474 4405 τοῦ
528 4357 664 4405 Θεοῦ
716 4348 1086 4424 ἀνακηρύττειν
1145 4345 1379 4414 ἔνδοξον,
1429 4349 1589 4420 ὁμόσε
1633 4352 1775 4421 χωρή

1988 4361 2111 4402 .nus
2140 4345 2372 4411 fuerim,
2395 4345 2444 4400 si
2465 4346 2878 4403 necessitatem
2897 4363 3030 4405 eam
3061 4351 3207 4406 mihi
3235 4351 3574 4424 imponam.

190 4463 276 4496 σω
299 4449 362 4515 τῇ
393 4439 665 4514 διηγήσει·
704 4460 732 4490 n
773 4443 863 4492 καὶ
887 4441 954 4490 τά
982 4436 1118 4500 έξῆς.

1989 4452 1993 4491 ι
2021 4433 2445 4491 admirandam
2477 4434 2551 4490 de
2577 4434 2751 4490 nobis
2781 4437 2881 4492 Dei
2912 4453 3119 4496 curam
3154 4449 3334 4514 atque
3372 4442 3575 4515 dispo-

188 4532 478 4588 sitionem
516 4530 749 4600 scriptis
779 4542 1125 4601 persequar.
1163 4525 1440 4582 Sedenim
1491 4540 1628 4581 cum
1679 4524 1875 4597 (sicuti
1920 4525 2222 4596 Scriptura
2274 4524 2356 4580 ait
2383 4524 2458 4595 ⁸⁵)
2484 4539 2773 4580 arcanum
2817 4527 2973 4597 regis
3004 4529 3194 4585 celare
3247 4531 3568 4603 pulchrum

187 4622 290 4692 sit,
341 4634 527 4693 opera
578 4624 781 4676 autem
829 4617 929 4672 Dei
979 4614 1384 4688 deprmdicare
1445 4613 1800 4685 gloriosum,
1855 4613 1934 4672 ad
1963 4613 2366 4670 narrationem
2397 4627 2597 4669 rerum
2647 4614 2897 4686 propius
2928 4617 3237 4688 accedam,
3291 4639 3320 4672 »
3358 4627 3415 4677 et
3467 4637 3576 4677 cae-

193 4716 348 4768 tera.

805 4828 1048 4878 ΚΕΦΑΛ.
1101 4819 1208 4878 ῙΑ’.

2571 4819 2793 4876 CAPUT
2833 4820 2919 4875 XI.

194 4955 356 5026 Περὶ
419 4958 541 5004 τῶν
612 4947 671 5002 έν
735 4951 1114 5035 Καισαρείᾳ.
1181 4954 1293 5009 τῆς
1359 4944 1764 5005 Παλαιστίνη

1749 4965 1764 5005 υ
1789 4964 1811 5008 ς
2153 4942 2237 5000 De
2264 4941 2632 5014 martyribus
2663 4945 2949 5002 Czsarez
2976 4947 3335 5008 Palaestinas.

721 5038 1313 5096 μαρτυρησαντων.

272 5144 359 5210 Τῷ
420 5134 480 5192 δε
535 5139 672 5190 κατά
738 5136 1114 5210 Ούαλλεριανόν
1184 5130 1404 5207 διωγμῷ
1469 5131 1648 5187 πολλοὶ
1721 5135 1810 5204 μεν

1994 5129 2304 5188 Valeriana
2357 5135 2558 5187 autem
2613 5132 3026 5202 persecutione
3056 5133 3297 5207 plurimi
3327 5135 3574 5212 quidem

195 5232 292 5281 καὶ
343 5226 492 5280 ἄλλοι
537 5230 626 5279 τὸν
670 5233 765 5278 τοῦ
819 5229 1109 5299 μαρτυρίου
1156 5227 1401 5296 στέφανον
1455 5219 1776 5280 ἀνεδήσαντο

1989 5221 2020 5276 ii
2077 5219 2346 5292 martyrii
2393 5235 2680 5276 coronam
2713 5221 2989 5278 tulerunt.
3037 5224 3318 5282 Ctesareaa
3372 5234 3575 5285 autem

200 5317 252 5370 έν
314 5313 374 5370 δε
426 5316 488 5390 τῇ
548 5318 685 5369 κατά
732 5315 1082 5372 Παλαιστίνην
1146 5317 1458 5390 Καισαρείᾳ,
1519 5318 1655 5387 τρεῖς
1699 5330 1786 5384 γεν

1992 5309 2104 5382 03
2137 5309 2491 5377 Palaestina,
2525 5313 2640 5364 tres
2691 5308 2915 5366 fortiter
2939 5328 3079 5370 cum
3123 5315 3301 5374 laude
3351 5331 3578 5389 magna

277 5415 327 5451 ⁵⁸
353 5415 496 5473 Tob.
525 5431 627 5482 xu,
655 5420 710 5472 7.

312 5551 362 5632 ε)
387 5549 902 5632 gmnispotestas
927 5561 965 5603 a
991 5546 1113 5632 pec
1133 5551 1239 5602 est.
1352 5615 1369 5632 Ἰ
1406 5616 1475 5632 ἣν
1534 5615 1586 5632 Α

312 5551 362 5622 t)
387 5551 613 5613 Omnis
641 5553 902 5620 potestas
927 5561 965 5603 a
991 5551 1113 5602 Deo
1133 5551 1239 5602 est.

281 5551 369 5697 ΣΞ)
399 5622 716 5698 Reperitur
742 5621 860 5680 hoc
895 5617 1187 5694 scriptum
1209 5615 1375 5691 apud
1404 5615 1620 5674 Euseb.
1647 5613 1758 5674 lib.
1783 5629 1884 5685 vn,
1915 5629 2050 5690 cap.
2081 5613 2137 5673 2.
