4016 6224
562 321 701 377 1155

1885 319 2275 379 NICEPHORJ
2313 322 2638 382 CALLISTI
3738 340 3827 396 “56

556 446 1000 504 confessionem
1035 446 1246 502 Christi
1268 445 1651 518 perferentes,
1684 445 1743 501 in
1771 445 1972 503 divino
1999 446 2188 503 decur

2313 455 2469 513 ναίως
2547 453 2610 524 τῇ
2684 455 2816 506 κατά
2879 459 3110 528 Χριστὸν
3176 456 3426 529 ὁμολογίᾳ
3480 455 3826 533 ἓνδιαπρέψῇτες

552 553 680 593 rere
721 536 935 603 stadio,
976 535 1054 592 ad
1091 535 1318 592 bestias
1357 536 1648 593 damnati.
1690 535 1945 593 Nomina
1995 551 2205 594 eorum

555 632 692 682 sunt
718 643 732 682 :
767 626 1022 692 Priscus,
1054 625 1342 691 Malchus,
1371 633 1426 680 et
1463 625 1818 682 Alexander.
1852 624 1894 683 li
1923 624 2206 682 dicuntur

553 715 614 771 in
658 731 805 787 agro
833 715 1198 780 habitantes,
1244 715 1478 786 seipsos
1508 720 1573 770 ut
1601 729 1817 784 segnes
1867 720 1924 772 et
1953 715 2204 786 ignavos

550 805 610 860 in
650 821 714 860 re
751 805 1021 860 omnium
1062 803 1464 876 pulcherrima
1501 819 1852 860 accusasse:
1887 804 2055 876 quod
2095 804 2205 861 sci-

547 892 683 950 licet
709 894 927 950 divinis
959 893 1286 966 propositis
1314 893 1595 965 praemiis,
1625 909 1729 964 per
1757 893 2100 950 socordiam
2130 908 2206 951 ea

549 984 810 1056 arripere
840 982 1222 1054 negligerent,
1253 983 1520 1054 martyrii
1546 998 1831 1038 coronam
1877 983 2202 1053 designan-

549 1076 661 1127 tes.
705 1073 909 1144 Itaque
952 1087 1014 1128 re
1067 1072 1150 1127 sic
1210 1071 1454 1142 pulchre
1507 1070 1852 1138 deliberata,
1886 1072 2200 1128 confestim

547 1160 953 1217 festinabundi
980 1163 1316 1218 Cmsaream
1345 1162 1797 1228 contenderunt,
1825 1167 1881 1217 et
1911 1161 2074 1233 apud
2101 1161 2198 1231 ju-

549 1249 743 1307 dicem
761 1251 835 1306 de
857 1250 1225 1324 professione
1252 1250 1482 1316 Christi,
1500 1266 1635 1323 quae
1653 1265 1806 1322 opus
1827 1256 2016 1316 erant,
2036 1249 2199 1306 dixe-

547 1346 720 1396 runt:
754 1356 826 1396 ac
869 1357 1004 1396 mox
1039 1340 1245 1396 bestiis
1297 1339 1536 1409 objecti,
1566 1339 1795 1395 felicem
1824 1344 1961 1395 sunt
1990 1353 2196 1395 conse-

547 1429 665 1485 cuti
695 1429 898 1484 ﬁnem.
934 1430 997 1484 In
1029 1428 1241 1484 eadem
1275 1427 1420 1482 urbe
1444 1427 1666 1484 femina
1696 1428 1873 1484 etiam
1913 1427 2198 1501 quaedam

547 1519 860 1576 Marcionis
913 1524 1117 1575 secuta
1159 1517 1455 1585 haeresim,
1505 1522 1568 1572 ut
1605 1517 1808 1585 fertur,
1861 1519 2076 1574 eodem
2107 1522 2200 1575 est

545 1609 868 1666 certamine
898 1607 1198 1664 defuncta.

1173 1891 1401 1948 CAPUT
1440 1891 1550 1947 XII.

547 2001 633 2057 De
668 2014 820 2071 pace
865 1999 973 2055 sub
1005 1999 1251 2071 Galieno
1271 2005 1390 2071 :ﬂet
1420 1997 1672 2071 epistola
1701 1999 1827 2071 eius
1864 2013 2045 2071 quam
2077 2013 2193 2070 pro

762 2071 1126 2130 Christianis
1158 2069 1360 2136 edidit,
1390 2076 1443 2126 et
1467 2069 1668 2141 qualis
1692 2069 1741 2126 is
1764 2069 1975 2140 fuerit.

612 2177 960 2235 Valerianus
996 2178 1073 2250 (1)
1101 2183 1304 2234 autem
1330 2177 1409 2233 ad
1443 2193 1582 2232 eum
1615 2177 1864 2233 modum
1905 2181 2194 2234 transver-

546 2270 660 2324 sim
690 2275 917 2341 raptus,
959 2283 1083 2323 non
1135 2267 1240 2322 diu
1282 2265 1756 2338 persecutionem
1786 2266 2182 2323 continuavit.

542 2365 589 2414 A
618 2358 898 2415 Barbaris
927 2358 1088 2413 enim
1137 2360 1348 2428 captus
1384 2355 1482 2426 (2),
1516 2359 1575 2410 et
1620 2355 1681 2410 in
1711 2356 2052 2411 servitutem
2101 2371 2192 2411 re-

541 2447 776 2515 dactus,
795 2447 1113 2520 imperium
1141 2445 1220 2502 ad
1245 2444 1434 2500 ﬁlium
1461 2443 1777 2500 Galienum
1807 2445 1888 2514 (3)
1915 2445 2192 2501 transmi-

539 2539 632 2594 sit.
665 2539 772 2604 Qui
806 2553 915 2609 pro
937 2535 1309 2592 humanitate
1335 2549 1446 2589 sua
1468 2535 1667 2590 statim
1695 2533 1901 2589 edictis
1928 2533 2192 2606 promul-

541 2627 712 2698 gatis,
800 2625 1267 2683 Christianorum
1347 2623 1824 2695 persecutionem
1911 2623 2188 2688 inhibuit,

537 2715 903 2787 liberiusque
952 2713 1118 2770 verbi
1149 2711 1508 2770 antistitibus
1543 2716 1695 2768 stata
1733 2711 2027 2784 solitaque
2057 2712 2190 2768 ofﬁ-

542 2805 635 2861 cia
693 2821 805 2861 sua
852 2819 1138 2877 peragere
1193 2801 1479 2874 permisit.
1516 2801 1741 2857 Litteris
1787 2802 1918 2872 ejus
1948 2801 2010 2856 in
2061 2802 2192 2859 haec

537 2895 662 2951 fere
717 2894 903 2950 verba
959 2899 1100 2948 sunt
1154 2896 1489 2963 conceptae:
1550 2889 1940 2962 «Imperator
1977 2891 2188 2956 Caisar,

543 2984 780 3040 Publius
823 2983 1076 3039 Licinius
1114 2981 1411 3047 Galienus,
1464 2978 1638 3045 Felix,
1681 2979 1834 3045 Pius,
1866 2983 2186 3050 Augustus,

540 3073 846 3145 Dionysio,
877 3071 1098 3138 Pinnae,
1146 3075 1202 3126 et
1235 3069 1526 3125 Demetrio
1553 3069 1872 3142 episcopis.
1915 3068 2189 3126 Ofﬁcium

2313 544 2370 592 τὸ
2430 544 2562 594 θεῖον
2616 539 2875 602 διήνυσαν
2918 543 3155 613 στάδιον,
3221 548 3416 620 θηρίων
3471 544 3668 606 δαπάνη
3713 560 3823 625 γτδιοιτιε

2311 649 2418 683 νοι⁹
2487 637 2721 708 Πρίσκος
2783 639 2875 687 καὶ
2935 635 3162 709 Μάλχος
3224 641 3315 690 καὶ
3367 634 3692 712 Ἀλέξανδρος
3746 639 3823 699 im

2311 720 2490 784 αὐτοῖς
2550 725 2617 775 τὰ
2675 722 2926 796 ὀνόματα.
2982 730 3201 788 Τούτοις
3259 732 3387 800 φασὶ
3453 727 3564 780 καν’
3619 726 3750 801 ἀγρὸν
3787 733 3828 784 si-

2311 817 2522 872 κοῦντας
2585 816 2652 875 ὡς
2706 811 2974 887 ἀνειμένως
3030 820 3151 888 περὶ
3206 819 3264 868 τό
3325 815 3480 869 καλὸν
3532 819 3744 889 ἔχοντας,
3790 825 3830 873 ὑπ

2311 899 2484 961 αἰτίας
2544 900 2755 964 ἑαυτοὺς
2815 904 2984 975 ἄγεινο
3045 907 3113 968 ὡς
3185 902 3253 964 δὴ
3329 903 3584 981 βραϐείων
3651 907 3831 981 ούρενίιο

2307 995 2689 1064 περικειμένων,
2777 993 3072 1069 ὄλιγωροῖεν
3146 995 3288 1048 οὗτοι
3369 996 3614 1070 ῥᾳθύμῶς
3691 999 3835 1070 ἔχοντες

2308 1074 2641 1154 διαρπάζειν,
2707 1086 2793 1135 τόν
2853 1091 2944 1136 τοῦ
2999 1089 3290 1160 μαρτυρίου
3350 1081 3561 1144 δηλαδή
3638 1092 3837 1158 nim.

2305 1173 2487 1222 Ταῦτα
2541 1165 2603 1224 δε
2650 1170 2820 1234 καλῶς
2875 1168 3207 1244 διαγνόντας,
3261 1173 3408 1234 εύθύς
3459 1172 3540 1226 ἐπὶ
3591 1179 3839 1248 Καισάρεια

2306 1259 2542 1330 ὁρμῆσαι
2918 1267 3008 1315 καὶ
3084 1261 3168 1315 έπὶ
3218 1265 3305 1315 τὸν
3371 1260 3632 1323 δικαστήν
3696 1274 3842 1339 γινομέ-

2305 1367 2444 1414 νους,
2499 1353 2589 1402 καὶ
2645 1353 2705 1403 τό
2761 1351 2894 1414 εἰκὸς
2944 1356 3385 1426 παρασχομένους
3434 1360 3547 1413 ταῖς
3601 1353 3714 1427 ύπὶρ
3757 1362 3844 1428 Χρι-

2308 1445 2436 1489 στοῦ
2510 1437 2848 1513 ἀποκρίσεσι⁹
2925 1448 3017 1496 τοῦ
3089 1446 3349 1516 μακαρίου
3436 1442 3612 1505 τέλους
3689 1453 3843 1516 τυχεῖν,

2309 1528 2500 1597 θηρίων
2564 1533 2858 1601 γενομένους
2924 1527 3106 1605 βοράν.
3177 1537 3281 1584 Ναὶ
3333 1536 3438 1604 μὴν
3493 1537 3584 1585 καὶ
3635 1539 3748 1605 γυνή
3793 1554 3846 1597 τις

2305 1619 2440 1670 κατὰ
2490 1622 2585 1676 τὴν
2632 1619 2794 1678 αὐτὴν
2850 1619 2997 1672 πόλιν
3045 1623 3134 1676 τὸν
3165 1623 3276 1680 ἴσον
3305 1620 3486 1693 ἀγῶνα
3509 1618 3745 1698 διέδραμε
3769 1639 3779 1652 ·
3805 1629 3847 1677 τὰ

2303 1710 2613 1780 Μαρκίωνος
2671 1704 2723 1760 δ’
2775 1704 2858 1775 ἦν,
2915 1711 2980 1770 ὡς
3023 1708 3202 1782 λόγος,
3246 1714 3339 1770 καὶ
3388 1712 3665 1786 αἱρουμένη
3713 1719 3846 1767 τεκαὶ

2227 1804 2273 1862 Β
2303 1803 2581 1870 φρονοῦσα.

2910 1892 3152 1944 ΚΕΦΛΔ.
3194 1889 3295 1943 ΙΒ’.

2303 1998 2456 2080 {lupi
2511 2002 2647 2080 τῆς-
2680 1997 2844 2080 κατὰ
2897 1995 3228 2080 Γαλιῆνον.
3264 1997 3563 2069 εἰρήνης,
3625 2005 3722 2080 κ-αὶ
3765 2009 3845 2080 τῆς

2301 2067 2453 2140 ὑπερ
2519 2067 2693 2138 ἡμῶν
2748 2068 3096 2132 ἱπιστολῆς
3152 2067 3374 2136 αύτοῦ,
3443 2067 3555 2126 καε
3608 2074 3729 2134 οἷος
3780 2070 3844 2130 ἓν.

2369 2180 2601 2228 Τοιαῦτα
2708 2175 3078 2248 Ούαλλεριανός
3195 2184 3581 2252 μεταστραφεὶς
3651 2176 3841 2240 διετέλει.

2302 2263 2414 2316 Ούκ
2471 2263 2543 2326 είς
2595 2267 2801 2340 μακρὰν
2860 2261 2938 2330 δε,
2986 2261 3223 2319 δουλείαν
3259 2269 3406 2341 παρὰ
3446 2265 3723 2344 βαρϐάροις
3762 2273 3850 2324 ὕει-

2299 2358 2508 2424 νεγκὼν,
2550 2355 2825 2426 μονάρχην
2865 2352 3052 2426 ἀφίησι
3087 2359 3173 2408 τὸν
3211 2358 3322 2409 υἱὸν
3363 2357 3633 2417 Γαλιῆνον·
3683 2360 3734 2422 ὃς
3777 2380 3849 2414 ευ-

2300 2447 2634 2516 φρονέστερον
2707 2439 2986 2508 διατεθεὶς,
3058 2446 3340 2518 γράμμασι
3569 2448 3713 2510 εὐθὺς
3766 2449 3849 2502 ἐσί-

2303 2531 2468 2585 στειλε
2512 2536 2598 2586 τὸν
2645 2531 2762 2584 καθ’
2817 2536 2963 2604 ἡμῶν
3019 2529 3272 2606 διωγμόν.
3328 2534 3661 2611 Ἐλευθερέως
3690 2534 3742 2591 δε
3774 2546 3849 2591 τοῦ

2298 2628 2389 2674 τοῦ
2439 2621 2598 2692 λόγου
2652 2629 2951 2694 προεστῶσι
2999 2624 3066 2675 τὰ
3122 2625 3340 2677 είωθότα
3391 2627 3642 2698 πράττειν
3687 2626 3850 2700 ἀφίησι.

2298 2714 2378 2765 Τὰ
2446 2707 2506 2764 δε
2578 2713 2866 2786 γράμματα
2933 2711 3068 2764 οὕτω
3136 2731 3243 2774 πως
3325 2712 3413 2766 έπὶ
3470 2713 3652 2778 λέξεως
3710 2712 3850 2788 εἶχεν·

2305 2823 2326 2851 ε
2383 2799 2729 2876 Αὐτοκράτωρ
2785 2807 2989 2875 Καῖσαρ
3035 2801 3294 2865 Πούπλιος
3335 2808 3591 2868 Λικίννιος
3637 2806 3852 2873 Palam,

2299 2889 2554 2964 εὐτυχὴς,
2607 2888 2840 2957 εύσεϐὴς,
2915 2889 3189 2960 σεϐαστός,
3261 2898 3522 2966 Διονυσίῳ
3591 2900 3679 2948 καὶ
3733 2901 3856 2948 [Ima

2299 2985 2390 3034 καὶ
2437 2984 2718 3055 Δημητρίῳ
2760 2979 3087 3043 έπισκόποις.
3131 2985 3237 3040 Τήν
3289 2983 3590 3056 εὐεργεσίαν
3635 2993 3722 3048 τῆς
3760 2989 3854 3057 iiii;

2302 3067 2501 3142 δωρεᾶς
2551 3066 2646 3122 διὰ
2691 3072 2882 3132 παντὸς
2925 3077 3017 3123 τοῦ
3061 3089 3263 3144 κόσμου
3311 3071 3691 3134 έκϐιϐασθῆναι
3732 3093 3855 3150 προσ·

541 3167 600 3218 et
621 3161 1054 3232 benignitatem
1085 3157 1454 3214 liberalitatis
1487 3172 1631 3212 mea:
1651 3172 1758 3228 per
1786 3163 2076 3214 terrarum
2098 3173 2188 3214 or-

2300 3159 2473 3226 έταξα,
2545 3161 2683 3222 ὅπως
2757 3157 2857 3212 ἀπὸ
2927 3167 3028 3211 τῶν
3093 3164 3263 3213 τόπων
3327 3169 3427 3214 τῶν
3497 3165 3853 3236 θρησκευσίμω

536 3250 678 3307 hem
709 3265 953 3306 omnem
1007 3246 1257 3320 produci
1282 3245 1593 3318 imperavi,
1629 3251 1692 3300 ut
1729 3262 1800 3302 ex
1824 3245 1972 3302 locis
2000 3247 2190 3304 omni-

535 3338 674 3406 bus,
706 3339 768 3394 in
819 3337 1041 3411 quibus
1095 3336 1190 3408 pie
1233 3335 1440 3391 divina
1497 3333 1790 3401 coluntur,
1831 3335 2180 3395 decedatur.

537 3430 914 3500 Quapropter
944 3433 1000 3482 et
1047 3442 1152 3482 vos
1199 3423 1466 3496 rescripti
1497 3423 1615 3480 mei
1646 3425 1922 3496 exemplo
1975 3427 2057 3481 uti
2085 3442 2189 3498 po-

536 3519 719 3584 testis,
770 3523 833 3572 ut
869 3533 943 3572 ne
973 3515 1298 3588 quisquam
1331 3513 1502 3568 vobis
1559 3514 1635 3569 sit
1662 3513 1862 3584 gravis
1915 3519 1970 3570 et
1997 3514 2190 3571 mole-

535 3612 697 3664 stus:
740 3612 796 3663 et
821 3606 882 3662 id
912 3604 1118 3676 quoad
1148 3604 1279 3675 ejus
1331 3602 1457 3658 ﬁeri
1486 3607 1700 3674 potest,
1732 3619 1769 3659 a
1798 3602 1968 3659 vobis
1993 3604 2190 3661 adim-

536 3697 790 3769 pleatur,
817 3696 982 3769 quod
1015 3712 1052 3751 a
1081 3711 1176 3749 me
1201 3693 1434 3748 dudum
1453 3701 1536 3748 est
1559 3693 1945 3765 permissum.
1983 3695 2188 3767 Itaque

535 3785 808 3842 Aurelius
851 3785 1137 3857 Cyrenius
1188 3783 1408 3838 summi
1460 3782 1688 3838 ordinis
1729 3782 2046 3853 praefectus
2084 3785 2186 3857 (4),

536 3876 1029 3934 constitutionem
1057 3891 1094 3930 a
1120 3889 1214 3929 me
1242 3871 1688 3944 promulgatam
1711 3873 1990 3929 servabit.
2010 3895 2039 3926 ν
2071 3875 2188 3931 Cir-

535 3966 860 4022 cumfertur
885 3965 1063 4020 etiam
1091 3962 1211 4018 alia
1239 3962 1368 4033 ejus
1400 3961 1741 4017 constitutio
1766 3963 1840 4016 ad
1873 3963 2188 4036 episcopos

537 4057 689 4114 alios
720 4055 884 4120 data,
925 4069 1031 4126 per
1055 4069 1263 4124 quam,
1295 4059 1355 4106 ut
1386 4050 1699 4106 Christiani
1728 4049 1862 4106 loco
1905 4059 2187 4111 cmmete-

535 4147 764 4203 riorum
793 4160 1038 4200 suorum
1060 4142 1406 4212 reciperent,
1441 4139 1730 4211 permisit.
1761 4141 1914 4197 Talis
1938 4143 2186 4214 quidem

539 4234 813 4292 Galienus
842 4232 971 4288 fuit.
998 4231 1077 4286 De
1121 4245 1244 4302 quo
1299 4228 1616 4301 Dionysius
1655 4228 1780 4285 haec
1815 4245 2058 4303 quoque
2099 4247 2186 4288 re-

535 4323 686 4380 fert:
745 4347 766 4372 ι
802 4327 989 4393 Atque
1037 4320 1117 4392 (ὅ)
1149 4319 1242 4375 ille
1277 4334 1485 4374 eorum
1533 4318 1638 4390 qui
1685 4324 1822 4374 ante
1855 4335 1918 4375 se
1948 4319 2186 4378 fuerunt

535 4415 990 4486 imperatorum,
1013 4410 1175 4464 hunc
1196 4407 1442 4480 quidem
1468 4407 1749 4463 deserens
1774 4408 1850 4480 (6)
1879 4414 2056 4481 atque
2086 4410 2184 4467 de-

2299 3247 2719 3321 ἁποχωρήσωσι.
2783 3253 2882 3302 Καὶ
2934 3245 3030 3301 διὰ
3076 3255 3230 3303 τοῦτο
3286 3257 3376 3304 καί
3424 3253 3574 3324 ύμεῖς
3623 3262 3714 3314 τῆς
3752 3253 3853 3304 ἐστι·

2296 3345 2497 3411 γραφῆς
2541 3345 2635 3400 τῆς
2688 3336 2816 3411 ὶμῆς
2862 3346 2935 3408 τῷ
2982 3341 3128 3410 τύπῳ
3177 3342 3423 3412 χρῆσθαι
3470 3339 3719 3408 δύνασθε,
3757 3346 3855 3395 ὥστε

2297 3423 2500 3499 μηδένα
2540 3428 2662 3499 ὑμῖν
2705 3424 2953 3499 ἐνοχλεῖν*
3002 3432 3093 3480 καὶ
3136 3436 3289 3481 τοῦτο
3337 3432 3461 3504 ὅπερ
3509 3434 3647 3485 κατὰ
3693 3436 3742 3484 τὸ
3773 3433 3854 3494 ἰξόν

2298 3513 2522 3570 δύναται
2581 3515 2664 3590 ὑφ’
2720 3517 2862 3591 ὑμῶν
2919 3515 3367 3590 ἀναπληροῦσθαι·
3425 3519 3453 3572 ὃ
3505 3517 3570 3574 δὲ
3630 3523 3714 3574 ὑπ’
3762 3525 3854 3593 ἱροῦ

2297 3609 2396 3681 πρὸ
2438 3604 2628 3659 πολλοῦ
2677 3611 3102 3680 συγκεχώρηται.
3153 3611 3253 3660 Καὶ
3301 3605 3395 3661 διὰ
3440 3613 3597 3663 τούτο
3650 3609 3852 3683 Αὐρήλιος

2299 3701 2549 3769 Κυρήνιος
2623 3697 2650 3746 ὁ
2723 3703 2814 3748 τοῦ
2877 3700 3130 3768 μεγίστου
3201 3699 3464 3770 τάγματος
3520 3701 3600 3771 (4)
3668 3719 3852 3774 προστι-

2296 3788 2454 3838 τεύων
2496 3788 2583 3838 τὸν
2636 3787 2795 3838 τύπον
2838 3788 2924 3836 τὸν
2954 3787 3039 3838 ὑπ’
3084 3783 3210 3857 ἐμοῦ
3255 3783 3474 3841 δοθέντα
3506 3784 3851 3862 διαφυλάξει..

2297 3880 2507 3947 Φέρεται
2557 3869 2616 3927 δε
2666 3879 2756 3926 καὶ
2807 3873 2933 3932 ἄλλη
2983 3877 3145 3927 αὑτοῦ
3193 3871 3439 3940 διάταξις
3476 3877 3655 3940 ἄλλοις
3692 3877 3854 3932 irini-
3934 3911 3935 3946 ρ

2295 3981 2414 4026 ποις
2473 3959 2811 4034 ἐκδεδομένη,
2869 3963 3075 4034 έφιεῖσα
3123 3965 3190 4016 τὰ
3233 3971 3413 4038 χωρία
3458 3975 3560 4019 τῶν
3608 3968 3725 4041 παρ’
3761 3971 3852 4018 ὶιιεὶ-
3934 3989 3935 4041 ἢ

2295 4071 2403 4114 νοις
2459 4054 2815 4124 κοιμητηρίων
2891 4049 3186 4105 ἀπολαϐεῖν.
3253 4059 3503 4117 Τοιοῦτος
3577 4059 3666 4128 μὲν
3720 4050 3851 4108 οὖνὸ

2297 4140 2545 4201 Γαλιῆνος
2588 4137 2668 4199 ἦν’
2720 4141 2846 4212 ὑπερ
2879 4135 2938 4193 οὗ
2969 4144 3056 4193 καὶ
3105 4143 3372 4205 Διονύσιός
3415 4152 3592 4198 ταῦτα
3630 4141 3848 4207 διέξεισιν·

2299 4009 2414 4026 ⁷⁷⁷⁷*
2474 4009 2811 4034 ⁷⁷⁷⁷⁷⁷⁷Γ⁷“⁷’¹²
2870 4009 3075 4034 “Ῐ’⁷⁷””
3131 4009 3190 4016 “”
3233 4009 3413 4038 h—r'"
3464 4009 3556 4019 '—'
3613 4009 3707 4041 ""r
3761 4009 3835 4018 ”””

2299 4071 2403 4114 νοις
2459 4054 2815 4124 κοιμητηρίων
2891 4049 3186 4105 ἀπολαϐεῖν.
3253 4059 3503 4117 Τοιοῦτος
3577 4059 3666 4128 μὲν
3720 4050 3851 4108 οὖνὸ

2299 4140 2545 4201 Γαλιῆνος
2588 4137 2668 4199 ἦν’
2720 4141 2846 4212 ὑπερ
2879 4135 2938 4193 οὗ
2969 4144 3056 4193 καὶ
3105 4143 3372 4205 Διονύσιός
3415 4152 3592 4198 ταῦτα
3630 4141 3848 4207 διέξεισιν·

2299 4251 2323 4282 (ι
2375 4230 2591 4290 Ἐκεῖνος
2639 4232 2730 4302 μὲν
2788 4237 2887 4281 τῶν
2937 4233 3037 4303 πρὸ
3099 4231 3261 4283 αύτόύ
3321 4229 3610 4303 βασιλέων,
3665 4238 3741 4286 τόν
3786 4249 3849 4303 μιν

2292 4324 2588 4393 προέμενος,
2634 4325 2705 4389 τῷ
2761 4314 2820 4371 δε
2876 4317 3190 4392 ἐπιθέμενος,
3257 4328 3501 4393 παγγενεὶ
3546 4327 3738 4396 ταχέως
3786 4327 3849 4371 ut

2293 4407 2571 4484 πρόρριζος
2627 4406 2966 4480 ἐξηφανίσθη.
3027 4405 3335 4481 Ἀνεδείχθο
3401 4407 3462 4464 δε
3515 4417 3611 4465 καὶ
3673 4429 3849 4464 συνανθ-

536 4505 804 4566 stituens,
859 4500 1026 4556 illum
1070 4514 1210 4554 vero
1259 4497 1338 4570 (7)
1396 4513 1533 4552 cum
1587 4497 1813 4568 impetu
1869 4497 2180 4569 invadens,

2299 4497 2558 4569 μολογήθη
2624 4499 2766 4570 παρὰ
2830 4499 3034 4550 πάντων
3103 4499 3130 4550 ὁ
3199 4498 3447 4563 Γαλιῆνος
3504 4501 3717 4562 παλαιὸς
3771 4500 3849 4568 ἄξιε

536 4609 674 4649 cum
723 4591 892 4648 omni
939 4603 1153 4660 genere
1202 4603 1312 4644 suo
1352 4587 1620 4642 funditus
1651 4587 1850 4643 statim
1877 4586 2170 4660 dispertit.

605 4718 683 4788 (1)
738 4715 1082 4788 Valerianus
1112 4716 1169 4768 in
1225 4711 1451 4767 Rhaatia
1499 4727 1534 4788 a
1567 4710 1871 4788 militibus,
1900 4712 2179 4788 Galienus

531 4785 672 4860 ejus
695 4787 864 4860 ﬁlius
895 4789 1094 4860 Romae
1121 4802 1158 4840 a
1200 4789 1432 4860 senatu,
1483 4785 1732 4852 Augusti
1771 4786 1970 4850 creati,
2003 4800 2180 4856 aequa

532 4855 823 4932 potestate
853 4858 1190 4932 imperium,
1205 4855 1606 4932 obtinuerunt.

607 4932 689 5002 (2)
717 4925 1062 4985 Valerianus
1090 4927 1602 5002 in_Mesopotamia
1625 4942 1662 4982 a
1696 4925 2007 5002 Persarum
2041 4943 2179 5002 rege

533 4997 868 5074 superatus,
911 5016 1052 5056 mox
1099 5000 1282 5074 etiam
1325 4997 2178 5074 captus,__apud_Parthos_in

534 5068 814 5128 servitute
861 5071 1193 5128 consenuit.
1246 5072 1309 5125 Et
1347 5068 1637 5140 quamdiu
1691 5069 1851 5134 vixit,
1909 5085 2011 5125 rex
2049 5070 2178 5140 ejus

530 5145 872 5217 provinciae,
902 5144 1105 5198 cerviri
1135 5143 1264 5213 ejus
1301 5140 1600 5217 insistens,
1621 5154 1859 5217 equum
1891 5156 2180 5217 conscen-

527 5210 668 5273 dere
699 5215 907 5271 solitus
932 5221 1037 5270 est.
1081 5210 1373 5286 (Eutrop)
1415 5212 1576 5267 Idem
1621 5210 2002 5269 Tamerlanes
2033 5215 2180 5286 Scy-

528 5290 631 5346 tha
661 5288 722 5344 in
755 5286 1062 5358 Bajazethe
1091 5288 1278 5341 Turca
1309 5283 1464 5358 fecit.

625 5360 678 5433 3)
729 5355 1004 5415 Galienus
1051 5355 1607 5433 imperavit_an_nos
1667 5370 1765 5409 sex
1825 5361 2179 5433 cum‘patre

524 5425 866 5494 Valeriano,
900 5443 1117 5485 novem
1143 5425 1336 5483 solus.
1375 5425 1453 5482 Eo
1485 5431 1750 5497 tempore
1786 5426 1954 5482 multi
1984 5425 2045 5482 in
2093 5427 2180 5483 di-

528 5506 717 5560 versis
731 5500 1056 5573 provinciis
1069 5515 1173 5572 per
1190 5498 1543 5573 seditionem
1559 5497 1736 5573 creati
1750 5497 2137 5573 imperatores
2162 5515 2177 5553 :

531 5568 855 5646 inquibus
888 5568 1354 5646 macrinusAfuit,
1396 5570 1501 5646 qui
1533 5570 1592 5625 in
1623 5568 1858 5646 illyrico
1885 5585 2177 5646 u_na_cum

527 5640 769 5703 ﬁlio'est
796 5642 1160 5702 interfectus.
1180 5640 1520 5700 Odenatum
1535 5640 1735 5701 autem
1752 5640 1882 5714 ipse
1903 5640 2179 5702 Galienus

2292 4585 2538 4660 βασιλεὺς
2585 4591 2675 4639 καὶ
2728 4589 2856 4653 νέος,
2919 4595 3118 4659 πρῶτος
3180 4587 3270 4654 ὢν,
3331 4593 3422 4642 καὶ
3480 4591 3599 4662 μετ’
3674 4589 3848 4644 ἐκείνους
3931 4621 3933 4690 ι

2287 4715 2628 4768 consortem
2661 4709 2894 4782 imperii
2924 4709 3222 4782 fecit,retc.

2361 4781 3058 4867 (ᾖ-ξιράγματοςηειιεξοὶ).
3091 4781 3194 4864 lib.
3235 4799 3505 4867 vu,_cap.
3553 4788 3640 4867 13.
3662 4859 3699 4867 __
3791 4856 3798 4862 _

2359 4860 2436 4925 (5)
2453 4856 2776 4910 Macrinum
2799 4856 2918 4926 sive
2945 4856 3307 4910 Macrianum
3330 4856 3640 4926 designat.
3658 4856 3841 4913 Macria-

2288 4924 2424 4994 nus,
2440 4926 2682 4998 Galieno
2700 4924 3097 4998 negligentius
3111 4942 3233 4981 rem
3243 4927 3385 4998 pub.
3407 4924 3837 4984 administrante.

2288 4997 2605 5069 imperium
2633 4996 2691 5050 in
2721 4997 2952 5052 Oriente
2981 4996 3275 5069 arripuit:
3309 4999 3527 5055 deinde
3568 5002 3626 5055 in
3661 4999 3837 5072 Illyrico

2289 5085 2425 5124 cum
2448 5068 2723 5126 Aureolo.
2756 5069 2859 5126 aui
2890 5072 2946 5123 et
2975 5069 3105 5126 ipse
3132 5077 3337 5125 contra
3369 5070 3679 5126 Galienum
3703 5074 3837 5126 impe-

2289 5085 2425 5124 cum
2448 5083 2723 5131 Auremo,
2756 5084 2859 5139 qui
2890 5083 2946 5123 et
2975 5084 3105 5139 ipse
3132 5083 3337 5125 contra
3369 5083 3679 5127 uenenum
3703 5083 3837 5139 unpe-

2288 5143 2438 5220 rium
2451 5145 2832 5220 sumpserat,
2859 5137 3018 5220 duce.
3041 5139 3376 5220 Domitiano
3400 5157 3653 5198 manum
3683 5154 3837 5220 conse-

2289 5215 2426 5267 ruit.
2440 5211 2561 5308 .Sec‘i
2577 5210 2769 5308 victus
2789 5210 3062 5308 e‘umOI‘ilio
3077 5213 3370 5308 ᾕρει-ἱειηο
3381 5220 3486 5308 est,
3517 5221 3579 5270 et
3597 5215 3833 5308 exercitus

2289 5285 2485 5364 omnis
2518 5281 2772 5363 Aureolo
2801 5281 3336 5364 deditus‘.‘Utenrque
3357 5285 3537 5364 etiam
3567 5291 3624 5341 et
3648 5284 3833 5364 patera
3932 5281 3933 5318 l

2288 5353 2445 5409 filius
2463 5370 2687 5428 cassus,
2713 5353 2883 5408 sicuti
2915 5359 2970 5428 et
2999 5352 3144 5408 alter
3167 5352 3426 5428 ﬁliorum
3459 5357 3595 5428 ejus
3627 5352 3701 5411 ab
3727 5352 3832 5428 Ode-

2288 5383 2445 5409 unus
2473 5383 2687 5418 uwaua,
2713 5383 2883 5408 διυυιι
2915 5383 2970 5408 σε
2999 5383 3143 5408 αιεῠε
3167 5383 3426 5410 υιιυηυυ
3459 5383 3513 5428 υ]
3527 5383 3595 5412 US
3627 5383 3701 5411 εευ
3727 5383 3832 5432 υυρ-

2286 5425 2530 5539 pg.th
2549 5425 2779 5539 Criente
2809 5431 2894 5481 est
2920 5423 3337 5498 interemptus.
3367 5427 3508 5499 (Jul.
3542 5426 3768 5500 Capitol.
3792 5436 3829 5478 in
3931 5383 3933 5539 4

2288 5496 2573 5561 Gaheno)

2359 5568 2436 5625 (6)
2467 5567 2799 5625 Galienum.

2381 5573 2412 5624 6
2467 5568 2799 5625 Galienum.

2357 5568 2438 5716 (7;
2463 5638 2805 5699 Aureolum.
