4016 6224
208 297 342 354 1157

203 442 395 495 παρων.

195 509 438 579 Ἡσαΐαν,
465 515 552 566 Τὰ
589 512 692 566 ἀπ’
725 512 932 588 ἀρχῆς
973 511 1116 567 ἰδοῦ
1149 517 1370 582 ᾖκασι,
1405 518 1728 568 καὶκαινὸι
1757 514 1793 566 ἃ.

199 608 305 654 νῦν
345 601 653 658 ἀνατελεῖ.
687 601 888 678 ’Ὠσπερ
938 605 1039 676 γὰρ
1069 608 1210 677 νέφος
1246 607 1335 665 τὰς
1386 604 1608 667 ἡλιακὰς
1645 603 1789 655 ἀκτῖ-

198 710 290 753 νας
338 687 664 765 ὑποδραμὸν,
707 697 797 745 καὶ
842 695 968 766 πρὸς
1025 692 1195 765 ὀλίγον
1242 694 1576 766 ίπηλυγάσαν
1616 693 1792 747 ἐσκία-

204 799 289 832 σεν
326 780 502 850 αὐτὸν,
545 787 636 834 καὶ
671 780 776 834 ἀντ’
827 781 988 834 αὐτοῦ
1034 786 1294 856 προεφάνη
1329 801 1342 813 '
1376 780 1488 837 εἶτα
1516 783 1791 858 παρελθόν-

200 889 286 933 τος
337 871 366 931 ἣ
429 867 761 934 διατακέντος
812 880 905 926 τοῦ
953 875 1152 945 νέφους,
1216 871 1426 946 ἐξεφάνη
1477 873 1630 926 πάλιν
1671 872 1794 926 ἑπα-

198 960 429 1022 νατείλας
476 961 506 1019 ἣ
550 962 916 1034 προανατείλας
964 965 990 1014 6
1023 961 1162 1023 ἣλιος
1193 979 1208 993 '
1265 963 1397 1016 οὕτω
1443 965 1672 1036 προστὰς
1702 967 1794 1015 καὶ

198 1049 570 1124 προσπελάσας
644 1050 823 1104 ἑαυτὸν
896 1053 922 1104 6
1000 1055 1257 1126 Μακρῖνος
1329 1060 1424 1114 τῆς
1496 1051 1794 1124 ἐφεστώσης

199 1138 452 1198 Γαλιὴνου
481 1137 770 1212 βασιλείας,
825 1141 852 1192 6
889 1144 980 1214 μεν
1009 1145 1105 1194 οὐκ
1156 1144 1317 1209 ἔστιν,
1363 1140 1469 1195 ἐπεὶ
1510 1138 1649 1213 μηδὲ
1688 1138 1749 1199 ἦν
1778 1156 1792 1171 ⁸

198 1229 226 1279 6
259 1224 320 1281 di
366 1231 505 1282 ἔστιν
548 1230 740 1302 ὁμοίως
781 1232 955 1306 ὥσπερ
989 1227 1070 1290 ἦν.
1129 1235 1229 1285 Καὶ
1259 1232 1365 1284 οἷον
1401 1229 1688 1303 ἀποθεμένη
1737 1232 1795 1283 τὸ

196 1325 370 1392 γῆρας
423 1320 453 1376 ἡ
506 1315 766 1392 βασιλεία,
819 1324 910 1372 καὶ
955 1324 1042 1379 τὴν
1072 1328 1374 1395 προσοῦσαν
1417 1320 1528 1392 ἄμα
1563 1321 1798 1392 καθηρα-

197 1410 325 1478 μόνη
381 1412 589 1473 κακίαν,
634 1407 973 1482 ἀκμαιοτερον
1029 1416 1116 1461 νῦν
1169 1409 1377 1462 ἐπανθει
1415 1426 1428 1440 '
1461 1413 1551 1462 καὶ
1597 1407 1796 1484 πορῥώ-

197 1515 345 1571 τερον
417 1499 603 1571 ὁρᾶται
677 1503 767 1551 καὶ
843 1497 1085 1552 ἀκούεται
1159 1504 1249 1552 καὶ
1351 1496 1602 1572 διαφοιτᾲ
1675 1519 1799 1551 παν-

197 1593 393 1658 ταχοῦ.
436 1606 465 1638 »
514 1593 743 1640 Τοιαῦτα
786 1591 877 1641 καὶ
934 1592 1052 1661 περὶ
1113 1591 1300 1642 τούτου
1360 1590 1558 1664 ἱστορεί
1611 1589 1799 1641 Διονύ-

199 1695 332 1736 σιος.

1246 297 1820 356 ECCLESIASTICIE
1858 298 2216 357 HISTORIA}
2258 300 2395 356 LIB.
2440 301 2525 359 Vl.

479 425 629 479 Κατὰ
703 421 762 477 δὲ
824 427 881 477 τὸ
955 425 1107 499 (suam
1176 427 1306 498 πρὸς
1360 429 1442 486 τὸς
1521 429 1866 498 προφήτηνΑ
1900 424 3233 500 404Οθοιετιιιιιεουῑθω,οοωωιιηὶὶ)υεῳιθ
3262 427 3558 499 suflragiis

3423 301 3561 360 1158

1901 515 1978 571 ab
2008 514 2292 570 omnibus
2315 516 2688 571 renuntiatus
2718 519 2808 571 est
2838 515 3135 580 Galienus,
3175 523 3346 572 vetus
3379 517 3560 574 simul

1900 609 1954 659 et
1987 619 2180 660 novus
2219 604 2562 676 imperator.
2619 606 2766 660 Cum
2813 605 2970 660 enim
3015 610 3150 661 ante
3190 621 3292 661 eos
3331 604 3556 675 fuisset,

1902 699 2036 765 post
2057 711 2159 749 eos
2184 709 2426 766 quoque
2447 693 2695 750 exsistit.
2718 696 2892 750 Jnxta
2913 695 2970 750 id
2998 694 3162 767 quod
3183 696 3260 750 ad
3294 696 3560 768 prophe-

1901 787 2026 838 tam
2073 782 2293 839 Isaiam
2333 789 2419 840 est
2466 783 2694 838 dictum
2735 799 2749 838 :
2794 784 2933 852 Quae
2970 799 3008 840 a
3040 784 3332 855 principio
3365 787 3556 855 fuere,

1902 885 2031 928 ecce
2061 873 2325 939 veniunt,
2357 878 2410 929 et
2437 887 2591 930 nova
2620 879 2900 944 suntquae
2925 889 3087 930 nunc
3115 875 3460 931 exorientur
3486 876 3560 931 ⁵⁸.

1904 961 2427 1026 Quemadmodum
2466 961 2626 1017 enim
2656 961 2848 1018 nubes
2877 963 3079 1019 radios
3113 963 3253 1019 solis
3287 963 3555 1034 subiens,

1903 1055 1960 1106 et
1989 1051 2068 1105 ad
2095 1049 2276 1106 breve
2306 1056 2544 1123 tempus
2573 1066 2710 1106 eum
2739 1051 2957 1107 umbra
2985 1052 3214 1124 objecta
3255 1053 3555 1119 obscurat,

1904 1143 1961 1195 et
1997 1137 2125 1210 ejus
2162 1138 2296 1194 loco
2335 1145 2603 1211 apparet,
2636 1139 2852 1196 deinde
2892 1140 2984 1196 vel
3029 1146 3416 1212 praetereunte
3465 1145 3560 1199 vel

1904 1234 2294 1285 evanescente
2329 1229 2510 1296 nube,
2543 1228 2629 1285 sol
2656 1229 2779 1284 sive
2807 1229 3089 1286 subortus
3131 1247 3238 1286 seu
3265 1235 3558 1302 prmortus

1905 1317 2246 1389 resplendet
2290 1334 2303 1373 :
2352 1317 2433 1374 ita
2475 1318 2765 1374 Macrinus
2807 1317 3130 1390 imperium
3175 1319 3419 1389 Galieni,
3462 1319 3562 1376 cui

1907 1405 2218 1478 praefectus
2268 1405 2481 1473 fuerat,
2524 1421 2628 1476 per
2667 1406 3047 1478 tyrannidem
3087 1407 3322 1463 invasit.
3370 1412 3559 1480 Atque

1904 1495 2000 1551 ille
2029 1494 2274 1566 quidem
2306 1510 2467 1550 nunc
2496 1510 2616 1551 non
2650 1500 2857 1562 exstat,
2889 1495 3386 1568 quandoquidem
3413 1497 3560 1553 nihil

1906 1589 2032 1641 erat
2079 1601 2094 1650 ;
2134 1583 2233 1640 hic
2271 1589 2474 1640 autem
2517 1583 2744 1653 itidem,
2791 1588 2851 1641 ut
2898 1590 3074 1642 antea
3121 1584 3248 1651 fuit,
3303 1591 3556 1652 constat,

1907 1678 1963 1730 et
2005 1673 2326 1746 imperium
2376 1673 2529 1744 ejus,
2571 1673 2821 1744 perinde
2865 1679 3046 1746 atque
3089 1676 3324 1730 senium
3370 1675 3563 1747 depo-

197 1764 428 1831 suisset,
471 1769 529 1820 et
565 1765 883 1823 adhaerens
919 1765 1032 1822 sibi
1065 1767 1272 1823 vitium
1305 1770 1709 1838 repurgasset,
1749 1763 2022 1821 ﬂoridius
2063 1763 2240 1819 etiam
2283 1777 2444 1819 nunc
2481 1762 2662 1834 viget,
2699 1761 3057 1836 longiusque
3098 1763 3290 1821 multo
3335 1764 3560 1837 ubique

200 1859 524 1927 spectatur,
564 1854 828 1922 auditur,
859 1854 1288 1928 frequentatur.
1330 1877 1360 1910 »
1388 1857 1524 1913 Hinc
1553 1855 1629 1912 de
1656 1855 1756 1912 illo
1779 1857 1985 1910 narrat
2014 1851 2350 1923 Dionysius.

817 1973 1061 2027 ΚΕΦΑΛ.
1091 1969 1185 2027 II".

198 2081 355 2152 Περὶ
381 2083 492 2130 τοῦ
517 2077 576 2129 ἐν
600 2083 961 2154 Καισαρείᾳ
985 2084 1274 2154 Μαρίνου
1304 2085 1413 2132 τοῦ
1444 2080 1796 2153 μάρτυρος.

271 2190 569 2243 Τηνικαῦτα
627 2181 687 2237 δὲ
743 2185 949 2259 εἰρήνης
997 2189 1157 2247 οὔσης
1195 2185 1527 2258 ἁπανταχοῦ,
1560 2193 1622 2258 τῇ
1663 2187 1800 2237 κατὰ

199 2274 524 2349 Καισάρειαν
573 2272 921 2348 Παλαιστίνῃ,
976 2279 1201 2350 Μαρῖνός
1257 2295 1335 2337 τις
1391 2283 1490 2327 τῶν
1546 2273 1594 2327 ἐν
1647 2273 1800 2337 ἀξιώ-

199 2382 350 2436 ματι,
410 2362 614 2434 πλούτῳ
666 2382 720 2416 τε
766 2367 856 2416 καὶ
893 2367 1026 2436 γένει
1068 2373 1375 2438 περιφανῶν,
1437 2359 1532 2416 διὰ
1569 2367 1799 2436 Χριστὸν

199 2456 296 2511 τὴν
351 2451 575 2524 κεφαλὴν
646 2451 946 2526 ἀπετμήθη,
1003 2453 1175 2506 αἰτίαν
1226 2456 1472 2512 τοιαύτην
1523 2472 1801 2527 παρεσχη-

199 2546 328 2603 κώς.
391 2539 594 2594 Ἐκάλει
648 2545 739 2614 μὶν
785 2545 887 2617 γὰρ
936 2541 1091 2596 αὐτὸν
1144 2544 1174 2602 ἡ
1228 2550 1320 2596 τοῦ
1390 2540 1598 2616 βαθμοῦ
1653 2543 1803 2605 τάξις

205 2629 291 2683 ἐπί
351 2635 486 2696 τινα,
537 2633 675 2684 κατὰ
731 2633 789 2683 τὸ
843 2633 952 2692 ἔθος
991 2631 1285 2704 Ῥωμαίοις,
1347 2630 1636 2704 ἀξιώματος
1676 2650 1801 2706 προ-

201 2725 373 2778 κοπήν
409 2737 421 2748 ’
481 2719 657 2792 κλῆμα
711 2727 864 2773 τοῦτο
918 2719 1149 2786 ἐκάλουν,
1209 2721 1600 2795 ἑκατοντάρχου
1645 2725 1802 2774 τόπον

207 2807 412 2880 ἐπέχον.
469 2815 571 2862 Καὶ
620 2806 762 2868 δῆτα
799 2810 1065 2882 μῦλοντος
1093 2807 1201 2870 ἤδη
1236 2812 1452 2884 ἔχεσθαι
1502 2818 1597 2871 τῆς
1621 2818 1803 2882 τιμῆς,

211 2897 378 2970 ἕτερος
434 2897 575 2970 ζήλῳ
629 2902 901 2973 φερόμενος
956 2905 1155 2973 παριὼν
1209 2899 1292 2953 ἐπὶ
1350 2902 1407 2952 τὸ
1480 2898 1647 2973 βῆμα,
1701 2918 1800 2971 μη·

209 2981 385 3058 δαμῶς
414 2985 598 3050 ἐξεῖναι
652 2987 812 3060 αὐτῷ,
864 2996 1162 3062 Χριστιανῷ
1213 3008 1272 3062 γε
1323 2993 1450 3055 ὄντι,
1482 2993 1572 3041 καὶ
1601 2993 1673 3061 μὴ
1708 2987 1805 3060 βα-

210 3075 414 3129 σιλεῦσι
481 3078 678 3146 θύοντι,
736 3085 827 3140 τῆς
877 3076 932 3130 ἐκ
982 3078 1243 3152 Ῥωμαίων
1294 3080 1576 3150 τυγχάνειν
1635 3077 1800 3147 ἀξίας,

202 3168 488 3238 κατηγόρει
517 3183 530 3195 ·
574 3166 711 3238 αῦτῷ
768 3163 827 3220 δὲ
873 3166 1066 3240 μᾶλλον
1093 3172 1375 3242 προσήκειν
1431 3175 1521 3220 τοῦ
1576 3165 1799 3240 ἀξιώμα-

198 3272 286 3314 τος
348 3249 621 3307 διετείνετο
652 3272 664 3284 ’
725 3259 816 3307 καὶ
879 3259 966 3307 τὸν
1025 3253 1286 3315 δικαστὴν
1345 3252 1428 3317 (ἦν
1483 3252 1531 3308 δ’
1583 3255 1804 3328 Ἀχαίος

199 3341 408 3414 ὄνομα),
495 3339 917 3419 δυσχεράναντα,
979 3350 1191 3420 Μαρίνῳ
1257 3346 1325 3406 εἰς
1379 3345 1562 3417 λόγους
1617 3343 1798 3398 ἐλθεῖν.

201 3431 250 3484 εἰ
302 3439 366 3504 τῇ
418 3438 598 3505 γνώμῃ
657 3431 886 3505 ἐμμένειν
938 3436 1158 3508 αἱροῖτο.
1206 3434 1344 3487 Ἐπεὶ
1404 3431 1462 3487 δὲ
1500 3438 1558 3487 τὸ
1615 3433 1802 3507 ἀμετά-

200 3522 346 3574 θετον
375 3528 467 3573 τοῦ
521 3517 712 3596 ἀνδρὸς
741 3521 874 3594 ἑώρα
925 3530 1016 3583 τῆς
1060 3525 1188 3595 πρὸς
1245 3525 1476 3597 Χριστὸν
1516 3519 1801 3585 διαθέσεως

192 3618 336 3683 τρεῖς
389 3612 522 3684 ὧρας
571 3610 810 3664 τολοιπόν
857 3608 1041 3664 ἐδίδου
1094 3616 1187 3670 τὴν
1242 3615 1441 3685 αἵρεσιν
1505 3608 1803 3683 διασκέψα-

200 3702 349 3766 σθαι,
407 3699 502 3763 ἔξω
558 3707 650 3753 τοῦ
707 3697 1058 3776 δικαστηρίου
1107 3705 1392 3773 γενόμενον.
1461 3699 1555 3754 Ὃν
1602 3701 1802 3764 ἐξιόντα

199 3793 474 3850 θεότικνος
524 3791 550 3842 6
611 3798 706 3852 τῆς
761 3789 925 3843 ἐκεῖσε
995 3795 1271 3863 παροικίας
1335 3793 1640 3856 ἐπίσκοπος,
1709 3797 1801 3852 τῆς

195 3882 382 3954 χειρός
412 3877 708 3951 λαϐόμενος,
763 3879 847 3932 ἐπὶ
885 3883 978 3938 τὴν
1017 3879 1298 3938 ἐκκλησίαν
1347 3881 1498 3944 εἷλκε,
1531 3882 1596 3932 τὰ
1625 3880 1802 3933 εἰκότα

197 3965 614 4040 διομιλοῦμενος.
660 3971 797 4022 Εἵσω
858 3965 916 4022 δὲ
969 3967 1177 4041 ἀγαγὼν
1233 3974 1324 4022 καὶ
1371 3971 1515 4042 παρὰ
1555 3978 1624 4041 τῷ
1654 3969 1800 4041 ἁγιά-

198 4076 368 4129 σματι
436 4062 659 4122 στήσας,
719 4061 806 4110 τὸν
883 4063 1202 4130 χιτωνίσκον
1258 4058 1688 4131 παραναστείλας,
1741 4061 1798 4112 1'6

194 4149 628 4218 προσηρτημένον
659 4145 796 4217 αῦτῷ
827 4129 970 4219 ξίφος
1019 4143 1243 4202 ἐδείκνυ.
1290 4129 1466 4220 Ὁμοῦ
1494 4144 1553 4200 δὲ
1598 4153 1688 4200 καὶ
1739 4167 1797 4200 το

198 4235 336 4308 ἱερὸν
402 4241 722 4307 παραγαγών
793 4235 1124 4307 Εῦαγγέλιον,
1184 4236 1232 4288 ἐν
1289 4240 1432 4308 μέσῳ
1504 4237 1794 4310 προύτίθει,

197 4322 355 4377 εἰπὼν
411 4325 651 4399 ὁπότερον
707 4333 806 4377 τῶν
865 4321 960 4378 δύο
1023 4325 1230 4378 ἑλέσθαι
1287 4324 1552 4398 βούλοιτο.
1597 4325 1685 4388 Ὠς
1746 4323 1797 4377 δ’

192 4413 350 4475 εὐθὺς
405 4419 498 4474 τὴν
549 4411 725 4478 δεξιὰν
803 4419 1094 4488 προτείνας,
1154 4419 1246 4475 τὴν
1304 4413 1488 4488 βίϐλον
1555 4411 1796 4488 ἐδέχετο,

192 4501 381 4576 ἇξῆγεν
418 4503 606 4576 εὐχαῖς
659 4503 983 4565 καθοπλίσας
1038 4507 1122 4556 τὸν
1170 4506 1433 4579 μάρτυρα,
1485 4503 1567 4557 ἐπὶ
1606 4505 1797 4578 μᾶλλον

193 4593 423 4664 ἔχεσθαι
483 4595 980 4668 παρεγγυησάμενος
1056 4600 1149 4646 τοῦ
1204 4601 1337 4647 Θεοῦ
1372 4611 1384 4622 ·
1446 4601 1630 4666 τυχεῖν
1695 4597 1798 4668 γὰρ

2530 1967 2757 2025 CAPUT
2798 1967 2931 2025 XIII.

2214 2075 2302 2132 De
2332 2075 2568 2132 Marino
2599 2074 2941 2132 Cmarz‘ensi
2966 2080 3254 2148 martyre.

1978 2184 2055 2239 Eo
2095 2188 2384 2255 tempore,
2435 2199 2573 2239 cum
2617 2199 2737 2254 pax
2784 2184 3006 2256 ubique
3046 2191 3218 2250 esset,
3270 2187 3554 2243 Caesareas

1909 2271 2233 2328 Palaestinae
2246 2272 2506 2328 Marinus
2521 2271 2794 2345 quidam,
2808 2273 3045 2345 opibus,
3061 2289 3276 2344 genere
3288 2275 3558 2346 etdigni-

1907 2364 2026 2416 tate
2065 2359 2286 2426 clarus,
2318 2376 2427 2433 pro
2459 2360 2686 2416 Christo
2716 2361 2905 2432 capite
2937 2361 3144 2434 plexus
3175 2368 3283 2434 est,
3328 2379 3433 2436 per
3475 2368 3561 2421 ta-

1907 2449 2026 2504 lem
2072 2465 2339 2505 causam.
2393 2448 2659 2506 Vocabat
2710 2466 2848 2506 eum
2903 2451 3232 2524 disciplina;
3283 2452 3558 2510 militaris

1908 2539 2058 2594 ordo
2096 2538 2176 2594 ad
2207 2538 2523 2604 honorem,
2565 2541 2974 2597 Romanorum
3011 2556 3198 2610 more,
3243 2542 3556 2613 majorem,

1909 2627 2290 2700 gradumque
2366 2628 2669 2700 dignitatis
2751 2629 3021 2685 altiorem
3101 2631 3306 2700 (vitem
3383 2648 3560 2689 voca-

1908 2717 2058 2772 bant
2089 2717 2187 2789 (1),
2221 2722 2278 2772 et
2305 2732 2440 2772 eam
2471 2718 2573 2790 qui
2605 2719 3146 2790 consequebantur.
3181 2721 3559 2778 centuriones

1910 2806 2152 2863 fiebant.
2193 2808 2263 2861 Et
2290 2806 2419 2878 jam
2459 2806 2750 2864 honorem
2800 2808 2976 2863 talem
3029 2815 3371 2881 recepturus
3407 2815 3557 2878 erat,

1910 2911 2050 2951 cum
2075 2895 2227 2951 alius
2248 2895 2647 2952 aemulationis
2671 2897 2865 2952 studio
2887 2897 2966 2953 ad
2988 2897 3247 2954 tribunal
3268 2899 3558 2970 procedit,

1911 2984 2280 3057 minimeque
2332 2985 2652 3040 convenire
2698 2986 3074 3042 criminando
3123 2987 3355 3054 asserit,
3404 2993 3467 3044 ut
3509 2989 3560 3044 is

1912 3075 2244 3129 Romanam
2258 3074 2608 3146 dignitatem
2627 3081 3047 3146 consequatur,
3067 3077 3170 3148 qui
3187 3075 3559 3133 Christianus

1911 3162 2005 3228 sit,
2046 3168 2103 3218 et
2136 3162 2600 3234 imperatoribus
2633 3179 2755 3219 non
2797 3163 3087 3220 sacriﬁcet
3130 3187 3145 3220 :
3189 3166 3561 3239 proindeque

1909 3251 2183 3307 ordinem
2222 3267 2360 3307 eum
2401 3251 2514 3307 sibi
2546 3252 2741 3322 potius
2779 3251 2980 3308 deberi
3015 3254 3342 3310 contendit.
3379 3253 3557 3328 405

1832 3324 1872 3380 (ἶ
1907 3341 1994 3397 lbi
2019 3341 2206 3412 judex
2241 3341 2518 3412 (Achaeus
2549 3341 2689 3396 huic
2728 3357 2948 3398 nomen
2979 3342 3107 3412 fuit)
3134 3343 3198 3398 id
3231 3324 3433 3417 inique
3459 3324 3561 3402 tti-

1907 3429 1991 3495 lit,
2032 3431 2441 3501 Marinumque
2485 3445 2561 3485 an
2592 3430 2651 3484 in
2693 3431 2988 3487 sententia
3020 3447 3400 3504 perseverare
3429 3449 3562 3505 per-

1909 3525 2089 3589 geret,
2135 3519 2534 3589 interrogavit.
2561 3524 2749 3590 Atque
2794 3521 2894 3576 ubi
2925 3526 3304 3578 constantem
3335 3523 3467 3595 ejus
3497 3525 3560 3581 in

1909 3608 2207 3664 Christum
2263 3609 2532 3663 animum
2582 3607 2940 3681 ﬁrmamque
2988 3609 3361 3666 affectionem
3395 3611 3554 3678 vidit,

1909 3703 2025 3753 tres
2065 3698 2117 3752 ei
2142 3697 2219 3753 ad
2243 3695 2552 3752 deliberan
2576 3697 2721 3752 bum
2747 3704 2907 3753 extra
2928 3698 3225 3768 judicium
3267 3701 3568 3758 concessit

1907 3787 2107 3862 horas.
2137 3788 2325 3858 Atque
2365 3803 2504 3841 eum
2537 3786 2621 3842 sic
2651 3793 2989 3854 exeuntem,
3030 3789 3399 3844 Theotecnus
3433 3790 3565 3861 ejus

1909 3875 2018 3932 loci
2059 3876 2378 3946 episcopus
2419 3890 2606 3930 manu
2639 3876 3107 3948 apprehensum,
3155 3877 3217 3932 in
3249 3878 3564 3936 ecclesiam

1909 3964 2171 4028 deducit,
2217 3980 2644 4036 sermonesque
2691 3981 2828 4020 cum
2874 3981 2965 4031 eo,
3019 3982 3174 4038 quos
3213 3983 3370 4036 opus
3416 3973 3564 4039 erat,

1909 4057 2137 4110 confert
2174 4069 2185 4108 :
2223 4069 2363 4110 mox
2388 4053 2568 4110 etiam
2604 4055 2665 4109 in
2701 4057 3086 4111 sacratiorem
3122 4057 3329 4128 templi
3363 4057 3564 4115 locum

1909 4143 2185 4210 admittit,
2231 4143 2550 4214 tunicaque
2590 4144 2718 4213 ejus
2758 4143 3019 4215 diducta,
3063 4161 3267 4202 ensem
3300 4162 3423 4220 quo
3461 4162 3563 4203 ac-

1907 4235 2136 4289 cinctus
2186 4237 2327 4298 erat,
2391 4232 2444 4288 ei
2495 4231 2890 4298 demonstrat,
2960 4235 3261 4308 simulque
3320 4251 3563 4294 sacrum

1908 4320 2208 4392 Evangelii
2249 4321 2471 4376 librum
2514 4321 2873 4393 productum
2912 4322 2973 4378 in
3013 4324 3212 4381 medio
3255 4327 3561 4399 proponit,

1907 4413 2340 4484 optionemque
2387 4411 2461 4476 ei,
2513 4415 2575 4466 ut
2611 4417 2808 4466 utrum
2854 4411 3023 4468 vellet
3070 4414 3383 4486 acciperet,
3433 4431 3564 4487 per-

1909 4502 2102 4558 mittit.
2135 4501 2338 4567 Porro,
2379 4505 2701 4572 postquam
2732 4499 2826 4556 ille
2857 4502 3056 4557 statim
3085 4502 3356 4560 dextram
3387 4504 3465 4560 ad
3494 4503 3564 4559 li-

1907 4592 2084 4647 brum
2138 4591 2338 4663 ipsum
2389 4589 2809 4661 accipiendum
2870 4591 3152 4656 extendit,
3210 4593 3559 4664 precatione

188 4682 394 4756 ¹ὁᾷιστον
449 4678 577 4735 εἶναι
626 4685 819 4754 γένοιτο
885 4686 1014 4758 πρὸς
1073 4685 1260 4736 ἐκείνου
1325 4682 1639 4757 ῥωννύμενον
1697 4693 1798 4737 τῶν

1908 4687 2234 4753 martyrem
2273 4685 2576 4736 armatum
2622 4678 2920 4750 producit,
2949 4695 3206 4752 eumque
3254 4686 3317 4737 ut
3361 4681 3562 4752 magis

189 4771 316 4824 κατ’
343 4774 512 4845 ἔφεσιν
546 4789 559 4802 ·
620 4777 708 4824 καὶ
760 4771 867 4845 μετ’
898 4771 1106 4847 εἰρήνης
1159 4771 1356 4844 ἐξῆγεν.
1409 4771 1549 4825 Ἐπεὶ
1603 4768 1662 4826 δε
1709 4779 1798 4826 καὶ

189 4863 219 4914 6
280 4869 382 4924 τῆς
444 4863 766 4938 προθεσμίας
822 4862 988 4915 ἐκάλει
1071 4866 1268 4938 καιρὸς,
1337 4863 1364 4914 6
1429 4862 1597 4938 κῆρυξ
1649 4859 1798 4926 αὖθις

182 4951 525 5024 μετεκαλείτο
583 4954 668 5004 τὸν
723 4953 984 5027 μάρτυρα.
1064 4953 1346 5026 Παραστὰς
1399 4951 1487 5004 οὖν
1541 4958 1631 5005 καὶ
1691 4957 1800 5022 μεί-

185 5041 328 5102 ζονα
388 5045 481 5099 τὴν
538 5043 834 5114 προθυμίαν
888 5041 916 5100 ἡ
967 5045 1211 5117 πρότερον
1270 5042 1394 5116 ὑπὲρ
1441 5048 1673 5114 Χριστοῦ
1727 5040 1800 5093 ἐν·

187 5127 522 5202 δειξάμενος,
575 5129 723 5191 εὐθὺς
776 5128 962 5182 ἐκεῖθεν
1015 5135 1108 5183 τὴν
1188 5132 1270 5184 ἐπὶ
1350 5131 1565 5184 θάνατον
1621 5135 1826 5203 ἤγετο,-

183 5224 287 5272 κοιὶ
323 5219 456 5292 ξίφει
471 5223 565 5278 τὴν
591 5217 814 5291 κεφαλὴν
843 5217 1109 5292 ἀφῃρεῖτο.

1907 4773 2026 4828 Deo
2070 4769 2543 4842 obtemperando
2584 4785 2772 4841 quam
2814 4769 3163 4825 hominibus
3201 4771 3557 4842 adhaereret,

1908 4861 2271 4917 cohortatur.
2312 4858 2499 4915 Facile
2534 4859 2694 4914 enim
2725 4873 2862 4913 eum
2895 4857 2973 4913 ab
3005 4857 3102 4913 illo
3132 4859 3561 4928 confortatum,

1908 4967 2044 5023 quas
2076 4949 2337 5004 maxime
2376 4946 2761 5013 desideraret,
2797 4953 3260 5003 consecuturum
3294 4965 3447 5005 esse.
3492 4951 3560 5007 ll-

1907 5038 2154 5110 lumque
2203 5037 2286 5092 sic
2336 5053 2475 5092 cum
2522 5051 2670 5108 pace
2717 5033 2975 5091 dimittit.
3029 5037 3218 5108 Atque
3268 5037 3371 5093 ubi
3421 5054 3562 5094 con~

1909 5130 2178 5184 stitutum
2241 5130 2481 5182 vocaret
2545 5132 2801 5195 tempus,
2872 5129 2928 5180 et
2999 5141 3195 5196 praeco
3262 5132 3562 5200 matyrem

1909 5233 2152 5274 rursum
2183 5215 2409 5285 citaret,
2450 5212 2736 5270 assistens
2780 5213 2897 5278 ille,
2931 5215 3343 5288 majoremque
3373 5233 3562 5289 quam

184 5314 381 5366 antea
407 5324 514 5381 pro
546 5305 775 5365 Christo
799 5307 1165 5365 alacritatem
1193 5309 1543 5376 ostendens,
1577 5307 1876 5382 extemplo
1906 5306 2044 5363 inde
2072 5305 2151 5363 ad
2182 5310 2434 5362 mortem
2461 5310 2547 5360 est
2573 5302 2890 5368 abductus,
2924 5308 2980 5359 et
3010 5305 3202 5376 capite
3228 5308 3559 5364 truncatus.

269 5442 323 5478 ⁵⁸
353 5440 462 5496 lsa.
495 5457 650 5504 xLiu,
688 5443 770 5497 t9.

270 5559 356 5628 (Ι)
395 5561 532 5630 Τίμή
583 5559 664 5619 τίς
715 5555 825 5608 ἔστι
884 5556 1027 5630 παρὰ
1076 5552 1347 5630 Ῥωμαίοις
1399 5558 1455 5607 τό
1508 5554 1704 5630 κλῆμα,
1747 5553 1808 5607 οὗ

182 5626 342 5694 τοῦς
370 5626 633 5706 τυχόντας
682 5631 843 5703 φασὶν
897 5626 1316 5705 ἑκατοντάρχους
1348 5626 1619 5698 γίνεσθαι,
1646 5631 1806 5682 τόπου

1921 5552 2296 5633 σχολάζοντος.
2337 5549 2554 5633 Euseb.
2598 5547 2700 5605 lib.
2742 5565 2860 5633 vn,_
2889 5565 3020 5633 cap.
3078 5551 3161 5606 l9.
3188 5548 3562 5633 .Spartianus

1919 5625 1991 5684 in
2005 5626 2268 5685 Adriano
2298 5625 2479 5682 vitem
2501 5636 2612 5696 pro
2637 5625 3053 5682 centurionatu
3076 5625 3311 5698 accipit.
