4020 6218
497 274 636 333 1159

1123 395 1351 454 CAPUT
1394 395 1526 453 XIV.

497 509 583 566 De
594 509 638 565 A
649 508 846 572 sterio,
862 511 916 563 et
928 505 1058 561 adm
1067 504 1286 560 iranda
1294 503 1583 574 ﬁdemque
1594 516 1820 559 omnem
1836 501 2152 559 excedente

881 578 968 635 rei
993 591 1100 648 per
1133 590 1255 632 eum
1288 585 1465 646 gestae
1498 574 1772 630 historia.

568 684 1095 742 Verumenimvero
1126 682 1406 747 Asterius,
1422 683 1507 736 vir
1523 682 1793 753 apprime
1812 681 1948 736 Deia
1960 695 2148 746 mans,

492 781 731 832 senator
765 777 1090 843 Romanus,
1131 771 1293 827 claro
1332 771 1465 826 loco
1504 775 1702 834 natus,
1749 769 2055 841 copiosus,
2096 773 2152 824 et

491 879 716 935 magno
741 863 818 919 ab
851 860 1314 934 imperatoribus
1344 859 1404 915 in
1434 859 1623 931 pretio
1653 858 1915 923 habitus,
1950 857 2152 930 proin-

489 954 687 1026 deque
712 956 954 1024 propter
979 948 1351 1005 nobilitatem
1380 952 1437 1003 et
1461 963 1608 1020 opes
1628 947 1857 1004 nemini
1883 947 2146 1018 ignotus,

489 1043 662 1100 morti
724 1040 999 1112 martyris
1047 1037 1220 1095 affuit
1275 1054 1287 1092 :
1340 1043 1395 1094 et
1446 1052 1586 1093 mox
1634 1035 1906 1108 pretiosis
1956 1034 2149 1092 allatis

489 1131 774 1195 vestibus,
826 1129 1104 1200 martyris
1144 1142 1364 1198 corpus
1393 1127 1454 1182 in
1499 1125 1784 1181 humeros
1817 1124 2144 1190 sublatum,

493 1227 550 1277 et
591 1220 784 1291 (sicuti
821 1217 1092 1289 decebat)
1136 1215 1493 1280 involutum,
1533 1230 1678 1271 sane
1723 1231 1909 1288 quam
1947 1215 2144 1286 splen-

488 1310 632 1366 dida
675 1315 732 1365 et
773 1307 1094 1380 magniﬁca
1140 1305 1420 1375 dignatus
1459 1307 1548 1360 est
1594 1303 1920 1376 sepultura.
1960 1303 2145 1372 Hujus

486 1400 596 1456 viri
628 1398 743 1455 alia
772 1413 1014 1470 quoque
1044 1395 1216 1468 plura
1249 1398 1389 1451 sunt
1420 1399 1758 1450 memoratu
1788 1393 1972 1462 digna
2001 1392 2144 1447 faci-

487 1504 657 1546 nora.
688 1486 861 1554 Quod
884 1502 1025 1541 vero
1056 1485 1106 1540 is
1139 1485 1418 1539 Caesareas
1452 1483 1722 1554 Philippi,
1756 1497 1941 1554 quam
1981 1481 2146 1537 Phoe-

485 1579 650 1635 nices
681 1575 1012 1632 Paneadem
1041 1577 1277 1642 vocant,
1313 1571 1466 1638 fecit,
1501 1571 1718 1627 referre
1743 1572 1803 1626 in
1833 1571 2143 1627 historiam

484 1673 756 1724 nostram
804 1680 923 1720 non
965 1663 1458 1734 intempestivum
1499 1666 1590 1716 est
1632 1661 1850 1716 visum.
1903 1659 2144 1732 Propin-

489 1773 677 1830 quum
715 1755 768 1812 ei
801 1754 933 1809 urbi
964 1757 1232 1808 montem
1259 1767 1392 1806 esse
1418 1751 1634 1817 ferunt,
1668 1750 1771 1822 qui
1803 1749 2025 1806 Panius
2054 1748 2142 1804 d1-

490 1847 637 1902 citur
667 1862 680 1900 :
706 1843 884 1917 406
907 1843 982 1897 ad
1017 1841 1249 1896 radices
1275 1840 1406 1912 ejus
1434 1839 1625 1894 fontes
1656 1845 1794 1894 sunt
1814 1838 2142 1903 uberiores,

489 1935 652 1990 unde
701 1933 882 1989 etiam
941 1931 1264 1986 Iordanem
1309 1927 1604 2001 proﬂuere
1648 1929 1874 1984 dicunt.
1928 1929 1989 1982 In
2043 1941 2146 1982 eos

488 2024 707 2091 fontes,
743 2021 932 2094 patrio
965 2017 1234 2090 quodam
1266 2033 1431 2073 more
1463 2016 1682 2072 accolas
1715 2015 1934 2072 celebri
1964 2014 2148 2071 festo-

490 2127 607 2184 que
635 2110 729 2166 die
759 2106 1120 2177 congregati,
1163 2105 1466 2160 victimam
1498 2104 1760 2160 daamoni
1805 2103 2010 2160 nescio
2051 2103 2145 2158 cui

485 2199 776 2273 projicere
807 2196 1082 2254 solebant
1115 2211 1127 2250 :
1173 2210 1310 2268 quin
1351 2193 1515 2265 quod
1547 2192 1796 2249 miriﬁce
1827 2193 2146 2264 derepente

487 2288 544 2344 vi
574 2295 631 2345 et
654 2303 873 2359 operae
895 2285 1120 2341 fﬁcacis
1147 2284 1302 2338 illius
1327 2282 1621 2337 daemonis
1644 2281 2014 2354 disparebat,
2038 2295 2146 2352 pro

488 2378 779 2435 miraculo
813 2375 1037 2445 ingenti
1079 2374 1304 2446 ubique
1345 2387 1416 2428 ea
1453 2387 1550 2427 res
1590 2378 1678 2427 est
1718 2371 2036 2428 celebrata.
2079 2369 2148 2426 Et

487 2484 626 2525 cum
664 2465 996 2539 aliquando
1034 2464 1116 2519 ibi
1149 2462 1384 2518 adesset
1425 2462 1714 2529 Asterius,
1748 2460 2042 2531 simulque
2085 2459 2142 2514 id

487 2557 655 2630 quod
697 2555 876 2611 ﬁebat
922 2553 1167 2618 videret,
1215 2551 1614 2623 hominesque
1657 2565 1727 2606 eo
1775 2547 2144 2605 consternari

489 2645 1007 2709 animadverteret,
1055 2641 1376 2697 miseratus
1426 2641 1689 2712 primum
1737 2653 2002 2695 errorem
2048 2653 2147 2693 eo-

487 2752 645 2804 rum,
667 2733 904 2797 deinde,
930 2729 1180 2786 sublatis
1205 2729 1266 2786 in
1293 2728 1510 2786 coelum
1546 2727 1848 2794 manibus,
1881 2742 2018 2783 eum
2042 2731 2145 2798 qui

488 2830 577 2882 est
617 2837 795 2894 super
833 2819 1038 2878 omnia
1081 2822 1257 2884 Deus,
1301 2819 1564 2884 invocat,
1617 2821 1677 2872 ut
1706 2833 1844 2872 cum
1876 2816 2145 2873 seducto-

486 2927 616 2972 rem
641 2911 849 2986 populi
875 2909 1215 2964 daemonem
1242 2908 1406 2964 illum
1434 2907 1609 2979 aquis
1631 2907 2000 2962 innatantem
2026 2905 2144 2963 dis-

485 3002 750 3076 pelleret,
784 3005 907 3055 tum
943 2997 1150 3053 fraude
1175 3004 1232 3053 et
1271 3011 1468 3052 errore
1512 3000 1676 3051 tanto
1716 2994 1973 3051 miseros
2012 2995 2143 3052 illos

487 3092 786 3148 liberaret.
813 3091 876 3146 Et
897 3086 990 3143 ille
1012 3087 1257 3158 quidem
1281 3085 1363 3140 sic
1390 3084 1603 3141 orabat
1627 3101 1641 3151 ;
1664 3084 1978 3141 confestim
2002 3101 2144 3142 vero

485 3179 685 3238 hostia
712 3178 814 3234 illa
851 3180 1253 3249 supernatans
1282 3175 1541 3232 emersit.
1573 3174 1659 3229 Ita
1699 3175 2055 3231 miraculum
2083 3174 2142 3231 id

487 3269 926 3338 hominumque
969 3265 1044 3320 de
1093 3279 1164 3321 eo
1205 3267 1556 3336 portentosa
1595 3263 1822 3335 Opinio,
1860 3263 2014 3320 adeo
2052 3270 2145 3321 est

490 3358 747 3424 sublata,
787 3361 846 3412 ut
885 3355 1171 3426 deinceps
1210 3351 1356 3409 nihil
1389 3353 1723 3426 quidquam
1755 3352 2056 3424 ejusmodi
2080 3353 2144 3410 in

487 3463 561 3506 eo
590 3448 725 3505 loco
756 3447 832 3502 sit
862 3445 1108 3502 factum.

1115 3546 1348 3606 CAPUT
1395 3549 1486 3606 XV
1499 3593 1512 3607 .

483 3664 572 3722 De
589 3664 791 3719 statua
811 3658 1042 3716 Domini
1069 3657 1263 3712 nostri
1278 3656 1417 3714 Iesu
1440 3655 1664 3712 Christi
1682 3658 1745 3712 in
1765 3655 2056 3726 Paneade,
2084 3663 2141 3716 et

699 3748 763 3789 ea
796 3747 920 3804 quas
942 3730 1022 3788 ad
1051 3730 1208 3786 hanc
1233 3735 1492 3784 statuam
1513 3727 1695 3784 crevit
1723 3728 1922 3786 herba.

557 3907 1059 3983 Quandoquidem
1079 3910 1278 3964 autem
1299 3904 1588 3962 Paneadis
1608 3905 2011 3972 meminimus,
2031 3922 2140 3964 nec

485 4002 670 4060 aliam
708 3999 1043 4070 quamdam
1077 3995 1382 4053 historiam
1413 3994 1982 4067 prmtermittendam
2012 4011 2139 4053 esse

481 4092 790 4155 duximus,
835 4087 1081 4160 dignam
1126 4085 1288 4140 illam
1325 4099 1462 4156 quae
1500 4085 1572 4139 sit
1601 4084 1662 4138 in
1693 4099 1794 4139 ore
1833 4085 2136 4141 omnibus.

482 4184 566 4238 Ex
587 4182 700 4236 hac
722 4178 884 4234 enim
913 4177 1059 4232 urbe
1081 4175 1246 4231 fama
1269 4174 1378 4229 fert
1398 4178 1590 4230 ortam
1620 4173 1802 4228 fuisse
1829 4174 2139 4232 mulierem

480 4269 647 4327 illam
685 4268 787 4340 (1),
830 4281 1016 4338 quam
1065 4263 1379 4334 sanguinis
1419 4262 1718 4334 proﬂuvio
1760 4262 2138 4320 laborantem

480 4357 738 4415 ﬁmbriae
770 4355 980 4412 Christi
1009 4358 1265 4410 attractu
1298 4351 1674 4408 sanationem
1700 4351 1970 4422 rapuisse
1990 4353 2137 4408 divi-

480 4462 700 4505 norum
747 4443 1202 4514 Evangeliorum
1245 4445 1492 4496 testatur
1535 4440 1859 4512 Scriptura.
1905 4440 1989 4496 lbi
2036 4441 2141 4497 do-

481 4553 621 4593 mus
643 4550 888 4608 quoque
913 4533 1042 4604 ejus
1073 4529 1396 4600 magniﬁca
1422 4528 1618 4586 adhuc
1647 4530 1774 4585 visa
1794 4534 1901 4597 est,
1937 4529 2140 4587 simul-

478 4643 598 4701 que
623 4623 1054 4683 admirandum
1074 4626 1371 4693 tropaeum
1391 4624 1448 4675 et
1463 4624 1922 4675 monumentum
1941 4619 2139 4676 collati

474 4718 538 4774 in
566 4732 702 4773 eam
730 4711 1005 4771 beneﬁcii
1033 4709 1358 4768 Servatoris
1388 4709 1742 4782 permansit.
1774 4709 1885 4764 Pro
1913 4708 2140 4766 foribus

474 4820 745 4878 namque
765 4802 983 4858 domus
997 4799 1050 4871 ej
1063 4815 1130 4855 us
1148 4800 1204 4853 in
1226 4797 1512 4854 columna
1527 4796 1797 4870 quadam
1817 4813 1985 4853 aereae
2005 4797 2140 4853 duas

479 4898 694 4949 statuae
718 4890 959 4946 stabant
989 4887 1277 4943 sublimes
1309 4905 1322 4945 :
1352 4900 1610 4958 quarum
1643 4884 1846 4949 altera,
1886 4885 2140 4956 genibus

485 4981 674 5048 ﬂexis,
708 4977 1114 5050 manibusque
1138 4974 1450 5047 protensis,
1481 4973 1720 5029 feminas
1747 4973 1977 5040 habitu,
2006 4990 2142 5046 sup-

480 5070 758 5146 plicantis
788 5069 1003 5124 faciem
1035 5081 1157 5138 pra
1187 5081 1249 5121 se
1285 5063 1416 5120 tulit
1444 5081 1458 5118 :
1492 5062 1680 5118 altera
1706 5068 1907 5118 autem
1934 5079 2007 5120 ex
2039 5063 2142 5119 ad-

476 5177 654 5218 verso
699 5157 1009 5221 collocata,
1052 5155 1280 5210 directo
1325 5153 1434 5208 viri
1469 5157 1652 5222 statu,
1702 5151 1969 5225 diploide
2001 5169 2138 5208 cum

479 5250 712 5308 decenti
731 5247 999 5321 quadam
1016 5244 1304 5316 gravitate
1327 5242 1548 5310 amicti,
1565 5257 1815 5298 manum
1840 5241 2138 5298 inclinatae

479 5339 722 5397 feminas
751 5336 1056 5411 porrigere
1086 5335 1214 5390 visa
1243 5338 1354 5389 est.
1387 5332 1478 5388 Ad
1507 5331 1688 5402 hujus
1721 5336 1898 5404 pedes
1928 5332 1990 5388 in
2018 5338 2138 5388 sta-

561 5501 639 5626 at)
665 5499 872 5556 Mulier
902 5493 1212 5580 sanguinis
1235 5491 1528 5565 proﬂuvio
1551 5491 1836 5550 laborans
1855 5492 1917 5548 in
1946 5494 2132 5549 Evan-

561 5587 670 5626 κιο.
712 5569 1092 5626 Caesariensis
1129 5565 1261 5623 fuit.
1303 5567 1386 5623 Ea
1420 5570 1882 5624 monumentum
1917 5570 1976 5622 et
2017 5569 2132 5624 sta-

489 5565 670 5647 gelio,
712 5565 1092 5629 Caesariensis
1129 5565 1261 5623 fuit.
1303 5567 1386 5623 Ea
1420 5570 1882 5624 monumentum
1917 5570 1976 5622 et
2017 5569 2136 5624 sta-

1803 265 2197 326 NICEPHORI
2237 265 2560 326 CALLISTl

3721 269 3852 326 1160

2179 397 2227 450 Α
2863 404 3107 453 ΚΕΦΔΛ.
3150 397 3248 453 ων.

2260 506 2412 577 Περὶ
2450 503 2789 580 ’Δστερίου
2820 509 2936 580 *καὶ
2975 513 3089 580 τῆς
3147 506 3286 558 κατ’
3343 505 3537 559 αύτόν
3577 500 3851 578 παραδό-

2817 576 2925 640 ξου
2969 579 3284 652 ἱστορίας.

2331 680 2598 758 ’Δστίριος
2648 679 2708 736 δε
2754 683 2984 756 θεοφιλὴς
3036 683 3165 758 ἀνὴρ
3217 683 3268 746 ἒς
3321 688 3385 738 τὰ
3431 683 3690 757 μάλιστα,
3739 702 3854 755 συγ-

2258 767 2451 827 κλήτου
2499 790 2552 824 τε
2594 769 2793 844 βουλῆς
2835 772 2919 826 ἰπὶ
2963 774 3169 846 Ῥώμης
3205 778 3462 847 μετέχων,
3507 771 3772 846 διαφανὴς
3807 793 3854 826 τι

2257 857 2460 930 πλούτῳ
2497 865 2587 913 καὶ
2639 864 2772 933 γένει
2825 861 3176 936 περίϐλεπτος,
3241 860 3525 936 βασιλεῦσί
3573 881 3632 915 τε
3683 859 3854 934 διαγε-

2255 949 2445 1020 ρόντως
2493 954 2799 1022 τιμώμενος,
2852 951 3105 1024 εὐγενείας
3155 971 3207 1005 τε
3271 957 3358 1005 καὶ
3437 955 3750 1026 περιουσίας
3796 954 3852 1004 εἰ·

2255 1055 2378 1088 νεκα
2429 1035 2618 1099 μηδενὶ
2672 1039 3036 1114 ἀγνοούμενος,
3091 1046 3271 1118 παρὼν
3327 1049 3390 1115 τῇ
3459 1040 3724 1095 τελειώσει
3772 1050 3853 1094 τοῦ

2255 1127 2538 1199 μάρτυρος.
2590 1127 2817 1192 ἆσθῆτας
2864 1129 3155 1192 πολυτελεῖς
3209 1129 3442 1203 ἀγαγὼν,
3491 1134 3550 1183 τὸ
3604 1149 3855 1206 μαρτυρι-

2256 1216 2348 1266 κόν
2391 1213 2550 1269 ὶκεῖνο
2623 1225 2810 1281 σκῆνος
2863 1223 3114 1294 μετέωρον
3176 1218 3254 1272 ἐπ’
3311 1224 3463 1292 ὤμων
3519 1221 3674 1296 ἄρας,
3730 1218 3856 1291 λαμ-

2256 1309 2393 1377 πρᾶς
2429 1324 2564 1366 τινος
2599 1310 2690 1358 καὶ
2727 1310 3100 1382 προσηκούσης
3137 1307 3288 1371 ἠξίου
3332 1316 3521 1380 ταφῆς,
3569 1311 3638 1369 ὡς
3684 1311 3858 1380 χρεὼν

2257 1393 2602 1464 περιστείλας.
2666 1401 2770 1448 Τοῦ
2837 1393 2889 1449 δ’
2945 1397 3220 1471 Ἀστερίου
3272 1399 3457 1450 τούτου
3527 1396 3694 1450 πολλὰ
3771 1400 3858 1449 καὶ

2257 1480 2388 1534 ἄλλα
2416 1487 2626 1556 μνήμης
2673 1483 2796 1547 ἄξια
2826 1489 3052 1558 φέρεται.
3099 1484 3168 1539 “Ο
3220 1482 3279 1539 δε
3320 1486 3463 1557 αύτῷ
3510 1486 3709 1558 πρᾶξαι
3743 1504 3860 1538 συν·

2257 1567 2346 1627 ίϐη
2408 1572 2494 1624 ἕπὶ
2557 1576 2652 1632 τὴν
2730 1573 2986 1628 Φιλίππου
3073 1577 3414 1646 Καισάρειαν,
3501 1574 3562 1633 ἣν
3629 1579 3864 1636 Φοίνικες

2258 1657 2503 1713 Πανιάδα
2543 1666 3050 1737 προσαγορεύουσιν,
3115 1664 3207 1718 ούκ
3256 1666 3471 1739 ἄκαιρον
3523 1663 3584 1716 ἃν
3645 1667 3731 1722 εἴη
3775 1670 3864 1716 καὶ

2176 1752 2219 1808 Β
2256 1755 2318 1821 τῇ
2363 1757 2458 1810 τῆς
2512 1751 2746 1825 ἱστορίας
2795 1749 3128 1828 παραδοῦναι
3164 1761 3362 1828 γραφῇ.
3417 1753 3748 1826 ’Δγχίθυρον
3775 1755 3864 1823 μὲν

2253 1840 2356 1911 γὰρ
2385 1847 2448 1912 τῇ
2491 1839 2637 1894 πόλει
2675 1846 2806 1914 φασὶ
2855 1845 2914 1895 τό
2962 1847 3080 1916 ὅρος
3127 1843 3258 1896 εἶναι
3285 1842 3313 1895 ὁ
3344 1845 3530 1896 Πάνιον
3583 1841 3861 1911 κέκληται,

2254 1931 2386 2001 πρὸς
2432 1925 2492 1982 δι
2518 1937 2634 1992 ταῖς
2678 1931 2954 2004 ὑπωρείαις
2994 1934 3184 1985 τούτου
3217 1939 3310 1985 τοῦ
3367 1936 3513 2007 ὅρους
3537 1934 3720 2003 πηγὰς
3777 1950 3860 2003 με·

2253 2020 2446 2088 γίστας
2476 2016 2883 2074 ἆναδείκνυσθαι
2921 2037 2937 2053 ο
2975 2025 3064 2074 καὶ
3113 2017 3354 2096 Ἰορδάνῃ
3393 2021 3540 2092 λόγος
3591 2025 3652 2073 τό
3687 2021 3865 2096 ῥεῦμα

2255 2108 2598 2179 προχεῖσθαι.
2658 2107 2739 2162 Ἐν
2789 2105 2856 2168 δὴ
2915 2115 3028 2172 ταῖς
3079 2117 3279 2183 πηγαῖς
3324 2113 3558 2180 ταύταις,
3621 2111 3769 2162 κατὰ
3814 2128 3863 2160 τι

2254 2195 2475 2266 πάτριον
2526 2197 2660 2263 ἔθος,
2720 2196 2905 2270 ἑορτῆς
2952 2199 3122 2272 ἡμέρᾳ
3181 2199 3228 2251 οἱ
3287 2202 3543 2271 περίοικοι
3604 2196 3863 2271 ἀθροιζό-

2255 2303 2416 2357 μενοι,
2481 2288 2699 2358 σφάγιον
2771 2283 2986 2359 δαίμονι
3038 2307 3140 2340 τινι
3211 2286 3332 2340 καθ’
3385 2285 3581 2348 ὕδατος
3646 2287 3865 2363 ἀπερρί-

2255 2392 2436 2429 πτουν.
2466 2372 2533 2426 ⁴¹0
2582 2371 2650 2434 δὴ
2700 2378 2845 2450 παρὰ
2897 2373 3058 2440 δόξαν
3098 2375 3280 2450 au,ng
3305 2373 3366 2435 ἦν
3410 2384 3473 2449 τῇ
3510 2374 3740 2448 δυνάμει
3770 2385 3865 2430 τοῦ

2256 2463 2600 2537 ἐνεργοῦντος.
2668 2470 2769 2518 Καὶ
2827 2467 3004 2538 θαῦμα
3062 2464 3367 2539 περιϐόητον
3433 2466 3755 2538 ἁπανταχοῦ
3806 2471 3863 2519 τό

2253 2557 2519 2625 γινόμενον
2599 2555 2927 2628 ἓκηρύττετο.
3002 2552 3143 2608 Ἐπεὶ
3211 2551 3271 2608 δί
3347 2573 3473 2608 ποτε
3526 2559 3709 2630 παρὼν
3773 2561 3863 2607 καὶ

2256 2641 2548 2715 Ἀστέριος,
2588 2646 2645 2695 τό
2683 2661 2737 2696 τε
2764 2647 3028 2716 γινόμενον
3076 2639 3202 2710 εἶδε,
3257 2648 3349 2696 καὶ
3393 2647 3516 2707 τοὺς
3573 2643 3660 2697 ἐπὶ
3684 2648 3863 2716 τούτῳ

2257 2727 2324 2789 δὴ
2391 2729 2913 2804 καταπληττομίνους
2964 2728 3174 2804 διέγνω,
3221 2736 3436 2806 ᾤκτειρί
3478 2751 3534 2786 τε
3585 2741 3683 2796 τῆς
3724 2733 3864 2786 πλά-

2251 2838 2341 2880 νης
2377 2833 2392 2848 ⁶
2425 2816 2536 2873 εἶτα
2572 2825 2662 2872 καὶ
2705 2827 2893 2896 χεῖρας
2922 2820 2996 2884 εἰς
3042 2821 3288 2896 ούρανοὺς
3337 2820 3609 2895 ἀνασχὼν,
3651 2825 3746 2875 τὸν
3778 2822 3863 2876 ἐπὶ

2251 2910 2454 2962 πάντων
2507 2909 2674 2963 ὶκάλει
2728 2913 2875 2974 Θεὸν,
2933 2916 3020 2964 τόν
3066 2930 3120 2965 τε
3165 2910 3448 2965 λαοπλάνον
3508 2908 3742 2986 δαίμονα
3790 2921 3862 2984 τῷ

2253 2994 2414 3051 ὕδατι
2468 2997 2843 3072 ἑπινηχὸμενον
2909 2997 3120 3072 ἀπελᾷν,
3174 3000 3447 3065 κάκείνους
3498 3009 3598 3063 τῆς
3644 3001 3864 3065 ἀπάτης

2175 3093 2216 3151 C
2254 3086 2566 3161 ἱλευθεροῦν.
2603 3093 2704 3142 Καὶ
2734 3089 2760 3141 ὁ
2810 3091 2901 3162 μεν
2947 3091 3146 3163 ηὔχετο
3178 3107 3192 3120 '
3242 3089 3443 3164 ἀθρόως
3474 3088 3535 3145 δέ
3563 3094 3624 3145 τό
3670 3094 3863 3168 ἱερεῖον

2254 3176 2534 3239 ἕπεπόλαξε
2578 3185 2690 3239 ταῖς
2759 3185 2980 3250 πηγαῖς,
3052 3181 3224 3254 ὥσπερ
3289 3177 3696 3254 διανηχόμενον.
3761 3189 3865 3238 Καὶ

2252 3269 2311 3320 τὸ
2352 3269 2528 3340 θαῦμα
2563 3271 2654 3320 καὶ
2703 3271 2762 3320 τὸ
2816 3270 2899 3321 ἰπὶ
2945 3271 3113 3340 τούτῳ
3149 3266 3449 3342 παράδοξον
3488 3268 3747 3337 διελύετο,
3795 3276 3863 3336 ὡς

2251 3353 2392 3430 μηδὲ
2437 3363 2532 3410 τοῦ
2598 3356 2782 3410 λοιποῦ
2837 3361 3069 3412 τοιοῦτόν
3124 3377 3176 3412 τι
3221 3362 3537 3432 γεγενῆσθαι
3596 3365 3719 3435 περὶ
3769 3367 3859 3416 τόν

2250 3463 2427 3501 τόπον.

2865 3556 3109 3610 ΚΕΦΑΛ.
3138 3553 3234 3610 ῙΕ.

2250 3663 2580 3747 Περὶ-τῆς
2641 3657 2699 3710 ἓν
2736 3657 3052 3747 *Πανεάδι
3085 3661 3378 3747 ’στήλης
3429 3669 3541 3747 τρῦ
3573 3669 3858 3747 ’Κυρίου

2321 3731 2494 3809 ἦμῶν
2542 3731 2760 3809 Ἰησοῦ
2817 3731 3129 3806 Χριστού,
3179 3739 3422 3796 καὶτῆς
3459 3733 3677 3789 ἐκεῖσε
3705 3731 3857 3809 ἔρυο-

2319 3799 2513 3875 μίνης
2551 3799 2847 3876 βοτάνης.

2321 3907 2464 3962 Ἐπεὶ
2512 3906 2572 3962 δε
2613 3916 2708 3972 τῆς
2757 3906 3022 3973 Πανεάδος
3052 3912 3336 3984 ἔμνησθην,
3365 3911 3459 3966 ούκ
3507 3913 3655 3977 ἄξιον
3706 3910 3857 3987 οἶμαι

2247 3995 2614 4074 παραδραμεῖν
2665 4002 2757 4051 καί
2800 4018 2916 4051 τινα
2981 3999 3155 4074 ἑτέραν
3217 3997 3499 4072 διήγησιν,
3555 4009 3693 4057 πᾶσι
3763 4001 3856 4058 διὰ

2253 4093 2509 4160 στόματος
2574 4090 2822 4162 φέρεσθαι
2883 4088 3044 4142 οὖσαν
3103 4088 3275 4153 ἀξίαν.
3333 4091 3422 4144 Ἐκ
3472 4093 3572 4166 γάρ
3633 4113 3717 4146 τοι
3763 4102 3854 4156 τῆς

2249 4177 2444 4239 πόλεως
2486 4181 2682 4241 ταύτης
2753 4177 2906 4250 λόγος
2966 4180 3078 4251 ἔχει
3149 4184 3244 4238 τὴν
3300 4180 3584 4256 αἱμόρρουν
3652 4185 3849 4243 εκείνην

2250 4265 2516 4340 ὁρμᾶσθαι
2549 4286 2562 4300 ⁸
2605 4267 2666 4326 ἦν
2694 4275 2929 4342 Χριστοῦ
2967 4265 3250 4340 κρασπίδῳ
3299 4269 3530 4329 συλῆσαι
3565 4275 3662 4330 τὴν
3707 4275 3852 4325 ῖασιν

2249 4357 2280 4413 ἠ
2347 4365 2446 4409 τῶν
2503 4359 2650 4410 θείων
2710 4356 3034 4429 Εὖαγγελίων
3093 4354 3342 4411 διδάσκει
3392 4365 3586 4436 γραφή.
3642 4366 3747 4415 καί
3802 4363 3850 4433 ⁷.

2172 4451 2217 4506 D
2250 4443 2337 4498 ἀπ’
2365 4445 2529 4508 αὐτῆς
2559 4445 2718 4498 εἰσέτι
2767 4450 2858 4498 καὶ
2899 4449 2985 4498 τὸν
3030 4443 3168 4499 οἶκον
3220 4445 3383 4522 ἕκείνῃ
3435 4457 3691 4523 περιφανῆ
3747 4447 3850 4504 δεί-

2247 4536 2510 4586 κνυσθαι·
2542 4538 2761 4596 καὶτῆς
2813 4533 2889 4587 ἐπ’
2941 4533 3072 4607 αύτῇ
3129 4542 3222 4588 τοῦ
3265 4543 3502 4611 Σωτῆρος
3554 4537 3852 4613 εὐεργεσίας

2251 4624 2532 4696 θαυμαστὰ
2581 4627 2808 4696 τρόπαια
2871 4627 3199 4698 παραμένειν.
3269 4628 3408 4700 Πρὸς
3462 4629 3568 4699 γὰρ
3617 4623 3691 4687 δὴ
3743 4637 3850 4690 ταῖς

2247 4711 2436 4773 πύλαις
2465 4717 2557 4764 τοῦ
2587 4713 2731 4765 οἴκου
2775 4714 2970 4774 ταύτης
3019 4711 3107 4766 ίπί
3149 4732 3290 4777 τινος
3343 4718 3512 4777 κίονος
3560 4722 3850 4790 μετεώρους

2251 4795 2443 4858 στήλας
2493 4795 2704 4850 ἑστάναι
2735 4792 2854 4862 δύο,
2912 4801 3258 4871 πεποιημένας
3295 4797 3500 4870 χαλκοῦ
3536 4817 3550 4830 ο
3592 4801 3666 4852 ὧν
3697 4801 3846 4878 ἀτερα

2249 4887 2338 4957 μεν
2382 4883 2466 4938 ἰπὶ
2513 4889 2638 4956 γόνυ
2694 4885 2962 4958 κεκλιμένη
3011 4885 3172 4954 ἐστίν,
3224 4887 3295 4950 είς
3333 4891 3698 4963 τοῦμπροσθεν
3755 4911 3844 4945 τει-

2248 4992 2414 5026 νουσα
2441 4981 2647 5045 χεῖρας,
2697 4979 2787 5028 καὶ
2825 4977 2894 5037 ὡς
2941 4975 3048 5028 οἷον
3104 4976 3261 5028 εἰπεῖν
3311 4978 3636 5031 ἱκετεύουσα.
3697 4985 3842 5032 Γυνέ-

2249 5061 2336 5124 κός
2398 5058 2457 5116 δε
2505 5059 2634 5115 εἶναι
2671 5066 2730 5116 τό
2779 5066 2998 5117 ἔκτυπον
3048 5065 3078 5122 ἠ
3119 5063 3288 5137 γλυφὴ
3355 5061 3606 5121 δίδωσιν.
3669 5067 3732 5121 Ἦ
3791 5065 3840 5120 δε

2250 5151 2379 5210 ἄλλη
2431 5156 2746 5227 καταντικρὺ
2803 5151 3013 5206 ἕστῶσοι
3064 5152 3114 5216 ἒς
3162 5157 3336 5228 ὄρθιον
3381 5151 3577 5228 ἀνδρὸς
3633 5166 3836 5230 σχῆμα,

2251 5237 2505 5294 διπλοΐδα
2582 5246 2814 5314 κοσμίως
2869 5241 3298 5315 περιϐεϐλημένη,
3356 5252 3517 5318 χεῖρα
3586 5247 3728 5301 ἔοικε
3782 5253 3833 5318 τῇ

2245 5335 2458 5403 γυναικὶ
2494 5335 2772 5406 προτείνειν
2823 5331 3094 5406 κλινούση.
3146 5335 3346 5386 Τούτου
3396 5330 3448 5386 δ’
3496 5337 3547 5387 ἓν
3600 5343 3715 5399 τοῖς
3758 5355 3834 5388 πε-

2244 5500 2410 5569 tuam
2433 5492 2661 5569 Christo
2684 5493 2970 5553 Casarem
3011 5509 3122 5569 pro
3151 5495 3376 5553 mdium
3406 5511 3661 5556 suarum
3706 5497 3827 5558 tori-

2241 5565 2358 5624 bus
2382 5565 2591 5626 erexit.
