4016 6224
187 271 326 325 1161

1227 267 1792 324 ECCLESIASTICE
1829 269 2198 328 HISTORLE
2236 274 2374 333 LIB.
2414 274 2512 330 VI.

3409 279 3550 336 1162

187 400 277 447 σὶν
334 396 416 447 ἐπὶ
459 401 554 446 τοῦ
621 393 838 468 ὕπερθεν
898 393 988 453 τῆς
1046 391 1244 455 στήλης
1303 390 1503 466 βάθρου
1568 390 1784 466 βοτάνην

1906 401 2019 451 tuae
2045 397 2237 468 ipsius
2265 397 2398 455 basi
2421 398 2609 456 herba
2638 415 2976 457 excrescere
3001 400 3102 472 (1),
3137 417 3274 474 quea
3303 417 3442 458 cum
3473 401 3553 459 ad

185 486 306 554 ἔχει
360 484 508 554 λόγος
563 482 874 554 έκφύεσθαι’
935 486 996 540 ἧν
1030 479 1098 540 δὴ
1145 483 1280 554 ἄχρι
1343 490 1435 534 τοῦ
1489 479 1792 556 κρασπέδου

186 580 288 634 τῆς
336 582 427 625 τοῦ
464 571 668 643 χαλκοῦ
727 569 1004 632 διπλοίδος
1063 569 1330 636 ἀνιοῦσαν,
1382 572 1578 630 ἣκιστα
1616 592 1793 646 περαι·

182 667 318 736 τέρω
364 662 676 736 προϐαίνειν.
738 665 944 719 Ταύτην
1004 657 1053 714 δ’
1110 661 1198 714 οἰτε
1250 669 1340 713 τοῦ
1399 664 1536 736 ἱεροῦ
1597 662 1793 714 ἐκείνου

183 749 493 824 κρασπέδου
569 754 822 823 ἡμμένην,
897 750 1308 825 ἀλεξιφάρμακον
1387 755 1640 804 παντοίων
1713 771 1794 804 νο-

190 844 442 914 σημάτων
488 843 866 895 καθίστασθαι.
912 844 1010 892 Τόν
1057 837 1108 891 δ’
1159 837 1445 915 ἀνδριάντα
1496 849 1676 892 τοῦτον
1722 841 1791 903 εἰς

184 938 428 1005 Χριστοῦ
480 939 670 1003 σχῆμα
713 927 1044 1001 διαχυθῆναι
1073 932 1218 1004 παρὰ
1251 938 1347 992 τῆς
1386 929 1789 1005 αἰμοῤῥοούσης,

185 1020 392 1082 ἀληθὴς
442 1029 702 1073 κατιοῦσα
753 1019 803 1081 ἐς
846 1022 978 1091 ἡμᾶς
1033 1021 1240 1092 ἱστορία
1285 1017 1604 1094 παρέδωκεν,
1637 1021 1666 1079 ἣ
1720 1016 1787 1078 δή

180 1115 281 1162 καὶ
328 1116 491 1184 μέχρι
550 1119 648 1163 τῶν
705 1116 908 1184 χρόνων
956 1114 1253 1181 παρέμεινεν
1315 1110 1621 1162 Ἰουλιανοῦ.
1692 1114 1792 1162 Καὶ

178 1204 366 1252 καινὸν
422 1197 573 1252 οὐδὲν
625 1203 744 1260 τοὺς
800 1200 962 1251 πάλαι
1008 1203 1136 1271 πρός
1215 1206 1306 1250 τοῦ
1364 1207 1594 1270 Σωτῆρος
1646 1200 1791 1269 ἡμῶν

180 1287 391 1360 ἀγαθοῦ
447 1308 584 1350 τινος
623 1293 982 1361 μετασχόντας
1024 1295 1240 1340 τοιαῦτα
1278 1296 1351 1358 τῷ
1400 1295 1600 1360 Σωτῆρι
1648 1287 1791 1359 ἀμεί-

177 1377 419 1448 ψασθαι.

778 1583 1024 1638 ΚΕΦΑΛ.
1069 1573 1192 1656 ις’.

179 1685 342 1754 Περὶ
387 1690 504 1734 τῶν
552 1690 806 1754 μορφῶν
856 1689 974 1733 τῶν
1015 1680 1210 1752 ἁγίων
1249 1678 1644 1754 ἁπρστόλων,
1682 1681 1787 1730 καὶ

285 1748 396 1805 τοῦ
467 1748 699 1825 θρόνου
762 1748 1074 1806 Ἰακώϐου
1118 1759 1229 1804 τοῦ
1283 1748 1695 1823 ἀδελφοθέου.

257 1861 427 1914 Ὀπου
478 1881 537 1933 γε
587 1866 678 1914 καὶ
730 1869 828 1913 τῶν
888 1862 1031 1934 ἱερῶν
1086 1859 1244 1912 αὑτοῦ
1297 1859 1543 1928 μαθητῶν
1591 1861 1785 1929 Πέτρου

181 1956 276 2004 καὶ
319 1951 526 2004 Παύλου
575 1953 669 2011 τὰς
706 1949 924 2014 εἰκόνας,
981 1951 1058 2001 ἔτι
1111 1945 1169 2000 δὲ
1215 1952 1306 2000 καὶ
1349 1947 1510 1999 αύτοῦ
1549 1951 1786 2021 Χριστοῦ

178 2045 276 2092 καὶ
338 2048 432 2102 τῆς
481 2039 636 2092 αύτὸν
679 2042 932 2098 τεκούσης
975 2039 1264 2110 ὑπερφυῶς,
1320 2035 1369 2088 ἕν
1419 2045 1590 2112 γραφῇ
1647 2055 1788 2108 χρω-

177 2132 362 2202 μάτων
428 2129 501 2192 εἰς
562 2126 716 2202 δεῦρο
786 2129 1082 2200 σωζομένας
1159 2126 1406 2188 πλείστας
1480 2123 1784 2196 ἀνέγνωμεν,

179 2225 370 2273 Λουκᾶ
424 2223 514 2291 μὲν
569 2227 659 2270 τοῦ
721 2216 1012 2270 ἀποστόλου
1063 2222 1282 2291 πρώτως
1347 2216 1510 2277 αύτὰς
1565 2213 1788 2286 ἀκριϐῶς

178 2306 408 2369 εἰδυίαις
445 2310 659 2383 γράφειν
696 2312 884 2380 χερσὶν
939 2308 1332 2377 ἱστορήσαντος,
1373 2308 1460 2356 καὶ
1512 2311 1603 2356 τοῦ
1635 2306 1786 2378 ἔργου

176 2398 531 2469 κατάρξαντος
565 2414 576 2425 ⁸
633 2400 807 2449 ἔπειτα
839 2394 897 2448 δὲ
945 2401 1035 2447 καὶ
1075 2403 1172 2447 τῶν
1219 2394 1381 2446 ἄλλων
1414 2393 1651 2468 ἀρχαίων
1703 2391 1788 2443 ἀν-

179 2485 325 2562 δρῶν
377 2491 441 2548 ὡς
494 2487 627 2548 εἰκὸς
680 2487 765 2538 οἷα
802 2493 1060 2556 σωτῆρας,
1103 2486 1275 2556 ἐθνικῇ
1314 2503 1415 2536 τινι
1454 2485 1601 2554 τάχα
1632 2500 1788 2538 συνη-

181 2579 298 2649 θείᾳ
347 2573 713 2641 δουλευόντων,
769 2580 858 2626 καὶ
907 2582 1087 2627 τοῦτον
1138 2569 1204 2631 δὴ
1249 2576 1335 2625 τὸν
1389 2577 1577 2646 τρόπον
1630 2576 1786 2642 τιμᾴν

547 2670 637 2717 καὶ
691 2663 1140 2737 ἁπαραφυλάκτως
1195 2664 1275 2732 (2)
1327 2659 1604 2734 διενεργιῖν
1645 2661 1785 2712 τοῦτ’

183 2757 308 2808 αὐτὸ
382 2751 834 2829 παραδεδωκότων
869 2773 881 2785 ⁸
939 2754 1058 2826 ὅπερ
1135 2753 1164 2809 ἡ
1248 2751 1534 2808 Ἐκκλησία
1600 2749 1787 2802 ἕκεῖθεν

183 2843 436 2912 λαϐοῦσα,
505 2845 573 2906 εἰς
637 2848 772 2916 μέγα
823 2862 876 2895 τε
916 2842 1113 2904 ηὔξησε
1144 2845 1233 2892 καὶ
1264 2836 1509 2904 ἐπέδωκε,
1543 2847 1676 2892 Θεοῦ
1729 2842 1786 2891 τό

180 2666 437 2719 εἰωθότων
471 2683 482 2694 ⁶

186 2936 334 3008 ἔργον
382 2934 816 3006 οἰκονομήσαντος
845 2952 858 2964 °
911 2932 969 2984 οῦ
1018 2933 1220 3004 μορφὰς
1261 2927 1318 2982 δὲ
1343 2935 1496 3002 μόνον
1545 2934 1634 2982 καὶ
1657 2935 1787 2987 στὴο

184 3023 298 3088 λας,
358 3021 485 3075 ἀλλὰ
535 3029 625 3074 καὶ
671 3022 838 3074 πέπλα
897 3026 986 3073 καὶ
1049 3017 1282 3095 ῥάϐδους
1339 3025 1428 3070 καὶ
1489 3015 1787 3088 σκίμποδας

1903 485 2203 542 ﬁmbriam
2256 503 2425 544 aereae
2470 488 2750 561 diploidis
2808 490 3166 560 pertigisset,
3198 506 3321 546 non
3372 491 3550 548 altius

1902 576 2396 646 progrediebatur
2427 595 2439 636 :
2476 592 2732 649 eamque
2764 577 2944 632 veluti
2973 594 3206 634 sacram
3247 578 3552 636 ﬁmbriam

1902 669 2154 732 tangens
2182 664 2302 731 illa,
2337 681 2600 737 praesens
2631 669 2916 722 adversus
2956 682 3135 723 omne
3176 683 3366 738 genus
3397 684 3554 725 mor-

1899 751 2116 810 borum
2149 754 2436 810 auxilium
2452 755 2732 811 habuisse
2759 756 2919 812 dicta
2940 761 3051 812 est.
3079 756 3254 830 407
3281 759 3553 815 Statuam

1900 857 2080 914 porro
2111 842 2283 898 istam
2317 861 2352 898 a
2383 844 2629 898 muliere
2660 843 2758 900 illa
2791 846 3101 912 sanguinis
3139 847 3434 918 proﬂuvio
3462 847 3556 905 la-

1899 930 2168 1001 borante,
2201 931 2279 988 ad
2303 932 2514 988 Christi
2554 932 2811 988 formam
2844 941 2898 988 et
2924 935 3199 990 habitum
3226 935 3551 992 conﬂatam

1900 1035 2049 1084 esse,
2093 1036 2235 1076 vera
2265 1027 2566 1093 certaque,
2595 1022 2827 1094 quaead
2845 1039 2953 1078 nos
2981 1025 3270 1096 pervenit,
3298 1025 3553 1082 historia

1899 1109 2163 1164 tradidit.
2206 1113 2396 1182 Atque
2435 1126 2508 1166 ea
2536 1111 2614 1166 ad
2643 1111 2855 1167 Juliaui
2902 1128 3090 1183 usque
3119 1117 3394 1185 tempora
3424 1131 3553 1186 per-

1899 1196 2158 1253 duravit.
2192 1199 2392 1270 Neque
2422 1201 2574 1256 adeo
2603 1201 2822 1255 mirum
2856 1200 3044 1257 videri
3083 1202 3282 1270 debet,
3323 1204 3428 1274 qui
3450 1203 3552 1260 ali-

1899 1286 2046 1357 quid
2076 1288 2348 1342 beueticii
2380 1289 2523 1344 olim
2563 1305 2600 1345 a
2651 1289 2958 1345 Servatore
2993 1295 3198 1347 nostro
3243 1307 3548 1364 accepere,

1899 1391 2002 1430 eos
2024 1391 2129 1446 per
2143 1377 2446 1447 ejusmodi
2462 1383 2855 1434 monumenta
2875 1379 3026 1449 grati
3040 1394 3184 1451 erga
3199 1396 3339 1437 eum
3361 1381 3551 1438 animi

1899 1465 2257 1520 memoriam
2286 1464 2621 1537 reliquisse.

2515 1571 2746 1629 CAPUT
2797 1575 2924 1630 XVI.

1898 1677 1979 1733 De
2004 1677 2205 1748 ﬁgura
2235 1683 2288 1751 et
2311 1679 2514 1748 forma
2542 1686 2882 1736 sanctorum
2915 1681 3344 1751 apostolorum,
3393 1689 3448 1740 et
3478 1683 3551 1741 de

2231 1750 2448 1807 throno
2477 1751 2684 1808 Jacobi
2709 1753 2923 1821 fratris
2956 1750 3210 1809 Domini.

1971 1858 2116 1912 Cum
2165 1857 2344 1912 etiam
2398 1863 2743 1914 sanctorum
2799 1859 3211 1930 apostolorum
3272 1861 3423 1918 Petri
3494 1866 3554 1919 et

1898 1945 2081 2011 Pauli,
2122 1946 2429 2019 ipsiusque
2459 1947 2611 2003 adeo
2657 1948 2885 2014 Christi,
2922 1955 2974 2004 et
3020 1965 3156 2021 quae
3195 1965 3334 2006 eum
3367 1966 3553 2023 supra

1898 2038 2127 2090 naturae
2172 2041 2413 2107 captum
2457 2036 2704 2092 miriﬁce
2761 2037 2968 2107 genuit
3017 2037 3268 2108 Virginis
3321 2040 3548 2108 matris,

1897 2123 2196 2179 coloribus
2214 2124 2604 2180 adumbratas
2626 2126 2944 2195 imagines,
2971 2125 3262 2198 plurimas
3287 2129 3364 2184 ad
3389 2128 3552 2185 hunc

1899 2227 2088 2284 usque
2119 2213 2276 2268 diem
2310 2219 2696 2270 conservatas
2740 2230 2868 2270 esse
2911 2216 3202 2272 norimus.
3241 2219 3323 2272 Ac
3363 2218 3551 2274 Lucas

1897 2301 2142 2373 quidem
2176 2303 2484 2374 apostolus
2510 2305 2742 2376 primus
2771 2305 2936 2377 ipsas
2975 2311 3271 2372 accurate,
3315 2324 3464 2378 opus
3488 2307 3550 2363 id

1897 2406 2166 2460 exorsus,
2213 2392 2492 2448 manibus
2539 2393 2662 2448 suis
2709 2393 3014 2465 depinxit;
3050 2395 3268 2451 deinde
3297 2412 3438 2453 vero
3476 2411 3549 2453 ex

1897 2481 2195 2535 veteribus
2223 2481 2323 2536 alii
2359 2497 2600 2554 quoque
2627 2483 2758 2548 viri,
2792 2498 2901 2554 pro
2930 2499 3002 2540 eo
3043 2489 3224 2556 atque
3272 2501 3383 2556 par
3424 2494 3550 2543 erat

1897 2569 2077 2624 veluti
2123 2577 2452 2625 servatores
2497 2587 2638 2626 suos
2689 2571 2748 2626 in
2781 2571 2968 2641 signis
3027 2579 3086 2628 et
3123 2573 3370 2645 picturis
3426 2591 3552 2630 ser-

1897 2665 2125 2730 vantes,
2156 2659 2315 2715 idem
2350 2659 2536 2716 fecere
2571 2677 2584 2715 :
2618 2660 2855 2716 ethuica
2879 2661 3126 2734 quidem
3173 2662 3252 2718 illi
3295 2663 3550 2720 fortasse

1899 2747 2331 2802 consuetudine
2379 2748 2561 2811 ducti,
2599 2753 2656 2802 et
2706 2765 2937 2804 morem
2963 2765 3101 2805 eum
3143 2751 3334 2806 colere
3367 2751 3548 2823 soliti,

1897 2837 2127 2909 absque
2155 2845 2352 2892 tamen
2378 2839 2723 2894 necessaria
2749 2838 3166 2896 observatione
3187 2840 3458 2897 obtinere
3488 2843 3550 2898 id

1899 2926 2286 2982 tradiderunt.
2330 2927 2442 2983 Sed
2472 2927 2728 2983 Ecclesia
2760 2927 2898 2983 inde
2926 2935 3237 3001 acceptum
3263 2931 3456 3003 magis
3479 2947 3549 2988 ac

1898 3016 2088 3086 magis
2141 3015 2386 3071 adauxit
2462 3016 2860 3087 (providentia
2910 3019 3010 3073 Dei
3059 3024 3305 3075 curante
3366 3025 3549 3092 atque

180 3121 283 3164 τῶν
329 3113 486 3184 ἁγίων
525 3111 724 3164 ἐκείνων
765 3107 966 3184 ἀνδρῶν
1024 3111 1097 3170 εἰς
1140 3114 1347 3181 μνήμην
1405 3104 1524 3165 δῆτ’
1585 3105 1784 3159 ἐκείνων

1899 3104 2298 3176 disponente),
2332 3121 2454 3161 non
2501 3107 2682 3161 modo
2709 3106 2938 3178 efﬁgies
2967 3113 3022 3163 et
3061 3113 3307 3178 statuas,
3339 3125 3548 3166 verum

177 3202 410 3260 ἄληστον
450 3198 796 3262 διασώζουσαι
820 3221 832 3233 ·
876 3202 1014 3252 καθά
1045 3196 1111 3257 δὴ
1140 3203 1226 3251 καὶ
1261 3201 1346 3250 τὸν
1376 3195 1627 3250 Ἰακώϐου
1671 3199 1788 3272 θρό-

176 3310 264 3343 νον
325 3290 543 3343 ἐπιπολὺ
597 3297 690 3342 τοῦ
753 3294 951 3362 χρόνου
1005 3287 1389 3360 πεφυλαγμένον
1449 3285 1734 3358 ἀνέγνωμεν
1769 3302 1783 3315 ⁸

176 3382 234 3434 ὃν
292 3377 513 3453 ἀδελφὸν
567 3384 657 3452 μεν
717 3387 809 3431 τοῦ
869 3383 1062 3452 Κυρίου
1117 3375 1268 3443 εἶναι,
1307 3385 1511 3452 πρῶτον
1571 3371 1630 3428 δὲ
1689 3384 1786 3428 τῶν

171 3470 549 3543 Ἰεροσολύμων
603 3469 904 3534 ἐπίσκοπον,
986 3471 1112 3543 πρὸς
1187 3467 1347 3519 αὐτοῦ
1415 3473 1644 3540 Χριστοῦ
1697 3469 1787 3517 καὶ

174 3569 280 3614 τῶν
325 3561 625 3612 ἀποστόλων
675 3563 1014 3634 χρηματίσαι
1069 3560 1118 3609 οἰ
1171 3559 1296 3609 θεῖοι
1350 3555 1492 3627 λόγοι
1558 3551 1788 3629 παραδι-

175 3646 363 3704 δόασι.
421 3657 688 3722 Περιεῖπον
743 3652 846 3722 γὰρ
905 3651 952 3700 οἱ
1001 3648 1108 3719 μετ’
1166 3645 1382 3706 ἐκείνους
1438 3647 1625 3697 ἐκείνου
1668 3641 1784 3696 διά-

175 3737 364 3810 δοχοι,
427 3746 594 3790 ταῦτα
651 3746 823 3809 σαφῶς
862 3733 1297 3808 ἐπιδεδειγμένοι,
1345 3735 1449 3787 οἷον
1505 3738 1622 3806 περὶ
1665 3736 1786 3792 τοῦς

176 3829 430 3901 θεοφιλεῖς
479 3824 674 3900 ἄνδρας
743 3825 1032 3898 ἀξιόχρεων
1113 3829 1170 3877 τὸ
1249 3823 1400 3884 σέϐας
1467 3822 1780 3882 ἁπέσωξον’

173 3921 354 3992 ὥσπερ
434 3919 501 3976 δὴ
581 3922 670 3969 καὶ
724 3916 772 3978 ἐς
839 3918 976 3988 ἡμᾶς
1029 3921 1182 3967 τοῦτο
1247 3914 1387 3986 μάλα
1447 3910 1785 3987 πρεσϐεύεται

171 4013 389 4082 μνήμης
441 4009 585 4060 ἕνεκα
639 4006 836 4059 πολλῶν
915 4013 1015 4057 τῶν
1076 4005 1202 4079 παρ’
1267 4006 1391 4076 ημῖν
1457 4005 1780 4074 σωζομένων.

172 4097 339 4153 Ἀλλά
375 4103 493 4170 περὶ
518 4100 607 4170 μὲν
633 4099 828 4148 τούτων
859 4096 1033 4156 οὕτως.

799 4382 1038 4435 ΚΕΦΑΑ.
1077 4380 1176 4436 ΙΖ’.

1895 3196 2072 3250 etiam
2091 3200 2300 3260 vestes,
2337 3195 2605 3260 baculos,
2640 3201 2695 3251 et
2725 3195 2915 3252 lectos
2935 3201 3281 3254 sanctorum
3306 3197 3547 3256 illorum

1895 3284 2158 3339 virorum
2183 3298 2570 3348 conservans,
2588 3284 2665 3340 ad
2692 3286 3048 3343 memoriam
3077 3302 3285 3343 eorum
3327 3288 3550 3360 sempi-

1897 3377 2147 3428 ternam.
2184 3374 2364 3428 Sicuti
2407 3379 2462 3429 et
2495 3373 2698 3429 Jacobi
2742 3374 3025 3431 thronum
3073 3375 3149 3432 ad
3185 3376 3374 3433 multa
3405 3384 3550 3434 tem-

1895 3477 2045 3533 pora
2085 3469 2388 3518 servatum
2430 3478 2564 3518 esse
2593 3464 2838 3530 scimus,
2863 3480 3044 3537 quem
3073 3465 3315 3521 fratrem
3348 3467 3546 3538 ipsum

1897 3552 2152 3618 Domini,
2186 3553 2446 3622 primum
2481 3552 3028 3624 Hierosolymorum
3061 3555 3435 3626 episcopum,
3465 3557 3544 3611 ab

1894 3642 2026 3712 ipso
2068 3640 2300 3696 Christo
2333 3645 2390 3694 et
2419 3641 2704 3713 apostolis
2735 3647 2999 3696 creatum
3024 3657 3174 3709 esse,
3216 3659 3386 3700 sacra
3417 3659 3548 3700 mo-

1896 3734 2182 3784 numenta
2217 3729 2530 3784 tradidere.
2568 3730 2834 3784 Venerati
2867 3735 3008 3784 sunt
3033 3731 3192 3786 enim
3223 3731 3386 3786 hunc
3417 3746 3547 3786 suc-

1899 3832 2163 3871 cessores
2200 3817 2348 3886 ejus,
2387 3823 2800 3872 asservatum:
2834 3817 2975 3874 satis
3005 3827 3205 3890 aperte
3243 3819 3547 3876 declaran-

1897 3911 2001 3972 tes,
2058 3921 2180 3976 quo
2216 3906 2379 3960 cultu
2419 3911 2474 3960 et
2528 3905 2726 3962 studio
2771 3909 2890 3961 Deo
2934 3907 3179 3964 dilectos
3222 3910 3382 3964 viros
3430 3909 3547 3966 sint

1895 3994 2214 4067 prosecuti.
2259 3995 2786 4060 Quemadmodum
2833 3995 2892 4050 id
2924 3997 3000 4052 ad
3041 4013 3152 4052 nos
3178 4013 3422 4070 quoque
3453 4004 3546 4055 est

1897 4084 2342 4149 transmissum,
2379 4083 2541 4155 apud
2574 4100 2726 4156 quos
2777 4083 2963 4140 multa
3017 4087 3195 4142 etiam
3239 4087 3544 4143 memorias

1895 4174 2084 4244 gratia
2114 4179 2515 4230 asservantur.
2549 4175 2759 4230 Verum
2800 4173 2874 4229 de
2905 4174 2995 4229 his
3023 4175 3151 4231 haec
3182 4175 3340 4233 dicta
3379 4176 3547 4233 sufﬁ-

1893 4265 2072 4321 ciant.

2391 4369 2570 4443 4ος
2611 4371 2837 4428 CAPUT
2879 4373 3034 4428 xvu.

177 4493 338 4569 Περὶ
371 4495 506 4569 ⁸τοῦ
552 4489 1164 4569 ἁγίου-Γρηγορίου
1207 4493 1330 4569 ac")
1374 4482 1782 4569 περιϐοήτου

1899 4481 1978 4536 De
2028 4485 2234 4536 sancto
2266 4479 2548 4548 Gregorio
2569 4478 2903 4569 “miraculis
2935 4481 3123 4545 claro,
3158 4487 3220 4537 ut
3267 4497 3335 4538 ea
3374 4487 3545 4540 artare

252 4559 311 4614 ἕν
365 4559 712 4633 θαύμασιν,
754 4559 848 4622 ὡς
885 4559 1023 4620 τοῖς
1087 4559 1218 4611 κατ’
1285 4559 1492 4610 έκεῖνο
1551 4574 1781 4627 καιρόν

252 4637 524 4706 χρόνοις
550 4633 819 4706 ἤκμαζε.

230 4749 354 4804 Τοῖς
384 4737 442 4794 δὲ
473 4743 609 4794 κατὰ
660 4740 906 4798 Γαλιηνόν
968 4742 1184 4812 χρόνοις
1212 4736 1418 4808 ἤκμαζε
1466 4739 1556 4787 καὶ
1597 4733 1776 4805 λόγοις

155 4837 254 4884 καὶ
304 4827 614 4904 παραδόξων
650 4834 855 4903 τέρασιν
895 4828 1055 4902 ἔργων
1106 4832 1390 4901 Γρηγόριος
1432 4827 1457 4878 ό
1489 4833 1590 4876 τῶν
1640 4825 1778 4874 κατὰ

151 4923 356 4975 Πόντον
399 4920 687 4978 ἐκκλησιῶν
737 4923 830 4972 σῦν
882 4914 1230 4989 Ἀθηνοδώρῳ
1280 4924 1352 4985 τῷ
1399 4911 1602 4986 ἀδελφῷ
1645 4915 1779 4982 ἡγη-

153 5014 399 5083 σάμενος,
489 5019 581 5070 τῆς
640 5013 1032 5082 Νεοκαισαρέων
1126 5010 1216 5078 μὲν
1295 5010 1388 5063 τὴν
1482 5005 1774 5060 ἐπισκοπὴν

151 5102 320 5171 ἔχων,
403 5103 494 5158 τὴν
577 5118 634 5170 γε
695 5103 797 5170 μὴν
865 5107 963 5150 τῶν
1034 5099 1450 5171 κατορθωμάτων
1516 5091 1774 5163 ἐνέργειαν

153 5191 454 5260 ἐπωνυμίαν
535 5191 598 5249 ὡς
667 5188 798 5248 εἰκός
878 5187 1325 5260 κληρωσάμενος·
1395 5186 1448 5244 ὃς
1523 5181 1775 5239 Ἑλλήνων

153 5282 250 5351 μὲν
305 5281 400 5350 φὺς
453 5281 703 5352 πατέρων,
756 5283 812 5329 τό
874 5275 1027 5338 σέϐας
1085 5277 1344 5346 μετέθετο,
1397 5277 1487 5324 καὶ
1530 5270 1612 5323 ἐπὶ
1637 5271 1774 5343 μᾶλ-

150 5367 243 5420 λον
296 5369 362 5419 τὰ
422 5375 517 5428 τῆς
573 5372 800 5427 πίστεως
863 5366 1003 5434 αύτῷ
1062 5364 1306 5426 ηὔξησεν.
1363 5361 1613 5434 Ὠριγένει
1673 5362 1768 5432 γὰρ

2560 4551 2854 4620 ﬂoruerit.

1965 4728 2188 4785 Galieni
2232 4727 2602 4799 temporibus
2652 4728 2830 4784 simul
2877 4735 2931 4784 et
2961 4729 3234 4786 doctrina
3277 4736 3332 4786 et
3367 4731 3545 4788 mira-

1893 4819 2040 4874 culis
2093 4818 2438 4887 ingentibus
2510 4815 2709 4873 ﬂoruit
2774 4819 3110 4886 Gregorius,
3167 4835 3303 4874 cum
3363 4820 3542 4876 fratre

1890 4907 2273 4964 Athenodoro
2321 4905 2602 4961 ecclesias
2656 4905 2715 4960 in
2766 4906 2948 4961 Ponto
2998 4907 3366 4976 gubernans.
3417 4908 3540 4980 ipsi

1888 5003 2086 5053 autem
2117 4995 2609 5050 Neocaesariensis
2639 4995 2928 5064 obtigerat
2947 4997 3354 5067 episcopatus,
3381 5003 3436 5051 et
3464 4998 3542 5052 ab

1887 5086 2154 5142 efficacia
2182 5083 2606 5139 miraculorum
2631 5083 3004 5138 edendorum
3035 5100 3371 5156 cognomen
3398 5087 3541 5141 Miri-

1887 5177 2002 5232 ﬁci.
2046 5174 2370 5231 Gentilibus
2403 5180 2602 5228 autem
2649 5173 2880 5241 genitus
2915 5175 3262 5243 parentibus
3311 5174 3541 5244 religio-

1887 5283 2026 5322 nem
2073 5265 2343 5327 mutavit,
2401 5270 2455 5316 et
2521 5263 2576 5316 in
2644 5260 2762 5316 ﬁde
2817 5264 3077 5317 maxime
3133 5264 3432 5335 profecit:
3486 5268 3543 5322 et

1889 5354 2260 5412 Alexandriae
2306 5351 2544 5420 Origcni
2594 5366 2841 5422 Operam
2885 5351 3061 5420 dans,
3111 5368 3313 5410 sacras
3355 5360 3539 5423 atque

220 5501 304 5573 (l)
334 5501 455 5558 Sub
481 5517 552 5558 ea.
576 5506 773 5556 statua
809 5500 1000 5555 herba
1031 5495 1452 5572 ἁδεξιφάρμακος
1475 5496 1755 5552 excrevit.
1780 5510 1784 5547 ι

1899 5491 2021 5546 seb.
2050 5489 2152 5544 lib.
2177 5502 2278 5551 vn,
2322 5500 2435 5556 cap
2497 5484 2609 5554 14.)

223 5591 303 5664 (2)
333 5590 786 5665 ’Δπαραλλάκτω;,
820 5587 1132 5653 Eusebius,
1165 5593 1228 5643 ut
1271 5601 1480 5657 supra.

446 5689 689 5746 ΡΑτιιοι..
723 5691 824 5747 Gn.
865 5684 1086 5744 CXLV.

3176 5675 3247 5732 37
