4016 6224
211 269 351 324 1165

1207 267 1778 325 ECCLESIASTIC/E
1820 267 2176 327 HlS'l‘OBl/E
2217 271 2356 327 LIB.
2410 273 2498 328 Vl.

3426 280 3566 336 1166

207 388 268 444 δὲ
314 396 403 444 καὶ
456 392 647 467 ’ἱέρακι
697 401 769 464 τῷ
829 394 941 445 κατ’
983 394 1248 464 Αἴγυπτον
1304 392 1570 466 ἔπισκόπῳ
1630 393 1800 466 ἑορτα‹

1913 395 2260 466 episcopum
2293 397 2542 453 alteram
2574 397 2787 456 festam
2820 399 2940 456 sive
2969 400 3321 458 Paschalem
3349 401 3569 474 episto-

207 486 394 540 στικὴν
446 482 620 555 ἑτέραν
675 485 983 557 ἑχάραττεν,
1029 481 1077 534 ἐν
1219 488 1308 535 xui
1365 492 1459 546 τῆς
1495 485 1606 536 κατ’
1658 483 1804 538 Ἀλε-

203 568 477 647 ξάνδρειαν
538 573 770 635 στάσεως
821 577 998 646 μνείαν
1051 575 1375 645 ποιούμενος,
1430 580 1612 627 τοῦτον
1667 574 1806 627 ὑπα-

201 665 510 736 γορεύειτόν
549 666 737 737 τρόπον
770 678 782 692 ⁶

809 793 1051 844 ΚΕΦΑΛ.
1095 787 1204 844 ΙΘ’.

200 917 464 988 Περὶτῆ
491 932 512 974 ς
551 911 608 966 ίν
649 909 1104 988 Ἀλεξανδρείᾳ
1131 915 1487 984 γενομένης
1517 912 1804 974 στάσεως

841 993 951 1038 τοῦ
988 985 1159 1038 λαοῦ.

276 1130 302 1157 ‹‹
341 1101 489 1180 Ἐμοὶ
528 1105 588 1160 δὲ
631 1112 683 1160 τί
737 1111 1059 1182 θαυμαστὸν,
1093 1109 1135 1162 εἰ
1183 1111 1306 1182 πρὸς
1343 1112 1460 1170 τοὺς
1498 1108 1802 1184 πορρωτέρω

193 1207 568 1259 κατοικοῦντας
615 1197 846 1270 χαλεπὸν
896 1203 952 1252 τὸ
1003 1199 1097 1251 κάν
1131 1195 1204 1252 δι’
1236 1197 1519 1251 ἐπιστολῶν
1558 1198 1750 1268 ὁμιλεῖν
1785 1215 1798 1266 ;

193 1288 283 1339 ὅτε
325 1293 515 1357 καὶτῷ
546 1291 673 1359 πρὸς
703 1286 923 1359 ἐμαυτόν
969 1287 1110 1357 αὐτῷ
1164 1306 1255 1359 μοι
1304 1283 1661 1358 διαλέγεσθαι,
1712 1290 1800 1338 καὶ

191 1383 261 1448 τῇ
314 1372 427 1448 ἰδίᾳ
483 1375 636 1448 ψυχῇ
676 1376 1144 1448 συμϐουλεύεσθαι,
1200 1379 1519 1434 καθέστηκεν
1552 1379 1745 1451 άπορον
1784 1393 1797 1442 ;

194 1469 338 1539 Πρὸς
387 1473 512 1534 γοῦν
568 1470 635 1518 τά
681 1465 909 1537 ἐμαυτοῦ
963 1466 1268 1537 σπλάγχνα,
1314 1470 1436 1528 τοὺς
1475 1467 1800 1538 όμοσκὴνους

192 1559 288 1606 καὶ
343 1554 664 1626 συμψύχους
713 1553 987 1628 ἀδελφοὺς,
1047 1560 1137 1608 καὶ
1185 1563 1276 1615 τῆς
1325 1555 1488 1607 αὑτοῦ
1537 1554 1800 1616 πολιτείας

192 1649 284 1696 καὶ
351 1643 680 1709 Ἐκκλησίας,
763 1643 1104 1697 ἐπιστολαίων
1179 1641 1368 1717 δέομαι
1455 1645 1796 1719 γραμμάτων.

1911 483 2054 550 lam,
2098 485 2156 540 in
2207 502 2329 558 qua
2376 487 2682 544 seditionis
2741 489 3152 548 Alexandrinae
3192 492 3560 550 mentionem

1911 572 2157 645 faciens,
2188 574 2266 631 ad
2290 574 2451 632 hunc
2481 576 2734 635 modum
2761 579 2966 636 scribit
2993 596 3006 638 :

2539 793 2763 849 CAPUT
2801 792 2932 848 XIX.

2199 913 2279 970 De
2307 913 2588 974 seditione
2607 916 2823 987 populi
2850 917 3279 976 Alexandrini.

1987 1126 2016 1158 «
2049 1107 2201 1173 Quid
2229 1124 2343 1180 ego
2396 1109 2658 1167 admirer
2695 1111 2934 1169 difficile
2965 1128 3113 1179 esse,
3167 1129 3306 1170 cum
3335 1114 3422 1170 eis
3459 1113 3564 1188 qui

1914 1212 2136 1268 magna
2158 1197 2429 1255 locorum
2453 1199 2899 1272 intercapedine
2921 1218 2958 1258 a
2988 1202 3168 1259 nobis
3191 1208 3330 1259 sunt
3350 1203 3564 1270 dissiti,

1912 1301 2018 1359 per
2069 1287 2348 1359 epistolas
2401 1305 2576 1360 agere
2607 1291 2636 1347 7
2668 1293 2814 1347 Cum
2863 1291 2920 1347 in
2979 1291 3231 1348 dubium
3274 1294 3564 1359 venerim,

1911 1377 2221 1448 quomodo
2276 1377 2404 1449 ipse
2435 1395 2673 1434 mecum
2704 1379 3034 1452 colloquar,
3073 1387 3127 1436 et
3169 1382 3295 1454 ipse
3349 1382 3568 1438 animus

1911 1481 2062 1521 mea»,
2093 1466 2404 1522 consulam
2427 1469 2455 1524 ?
2511 1469 2596 1523 Ad
2650 1469 2780 1539 ipsa
2807 1470 2966 1524 enim
3010 1470 3236 1526 viscera
3268 1487 3422 1540 mea,
3453 1473 3569 1528 hoc

1913 1560 2023 1621 est,
2059 1555 2136 1611 ad
2162 1557 2373 1611 fratres
2397 1557 2499 1628 qui
2522 1558 2792 1628 ejusdem
2820 1563 2958 1614 sunt
2983 1560 3380 1627 contubernii,
3403 1564 3572 1635 ejus-

1912 1645 2050 1700 dem
2101 1646 2307 1711 animi,
2367 1646 2638 1716 ejusdem
2689 1649 2822 1703 vitae
2880 1647 3150 1714 instituti,
3203 1656 3258 1705 et
3297 1651 3568 1722 ejusdem

192 1738 300 1786 Καὶ
352 1735 502 1785 ταῦθ’
546 1735 684 1796 ὅπως
727 1732 787 1785 ἀν
837 1730 1264 1806 διαπεμψαίμην,
1320 1733 1594 1806 ἀμήχανον
1627 1735 1800 1804 φαίνε-

1914 1733 2205 1798 Ecclesiae,
2262 1734 2525 1806 epistolis
2585 1750 2740 1807 opus
2799 1742 2925 1791 est:
2977 1752 3206 1809 easque
3259 1739 3568 1810 quomodo

193 1842 304 1874 ται.
359 1823 503 1894 Ῥᾷον
541 1825 643 1896 γὰρ
697 1825 759 1875 ἄν
812 1843 893 1885 τις
936 1823 1042 1895 οὐχ
1098 1826 1230 1883 ὅπως
1261 1823 1327 1883 εἰς
1375 1827 1468 1880 τὴν
1509 1823 1798 1895 ὑπερόριον,

192 1911 326 1964 ἀλλά
371 1918 460 1964 xui
507 1912 595 1964 ἀπ’
652 1912 942 1967 Ἀνατολῶν
1005 1911 1090 1964 ίπι
1137 1915 1348 1984 Δυσμάς
1399 1913 1735 1986 περαιωθείη,
1767 1911 1796 1968 ἣ

191 2006 289 2060 τὴν
347 1998 744 2076 Ἀλεξάνδρειαν
825 2000 914 2054 ἀπ’
1004 2002 1164 2063 αὐτῆς
1243 2009 1338 2063 τῆς
1407 1996 1801 2075 Ἀλεξανδρείας

191 2089 419 2146 ἐπέλθοι.
478 2099 580 2152 Τῆς
633 2095 735 2166 γὰρ
783 2095 971 2165 ἐρήμου
1025 2100 1121 2153 τῆς
1173 2091 1364 2153 πολλῆς
1411 2096 1500 2142 καὶ
1558 2088 1804 2164 ἀτριϐοῦς

190 2180 416 2247 ἐκείνης,
477 2181 536 2239 ἣν
583 2181 634 2232 ἐν
711 2178 839 2234 δυσὶ
902 2189 1098 2252 γενεαῖς
1150 2177 1436 2232 διώδευσεν
1487 2180 1512 2231 6
1565 2177 1800 2253 Ἰσραὴλ,

189 2271 386 2343 ἄπορος
443 2269 634 2342 μᾶλλον
686 2274 776 2322 καὶ
827 2268 1017 2331 ἄϐατος
1069 2270 1211 2322 ἐστιν
1269 2271 1298 2327 ὴ
1358 2269 1650 2341 μεσαιτάτη
1710 2275 1804 2328 τῆς

188 2359 382 2420 πόλεως
434 2357 559 2421 ὁδός
621 2366 710 2411 xui
779 2358 1094 2419 θαλάσσης’
1159 2358 1219 2416 ἢν
1297 2356 1476 2410 ἐκεῖνοι
1553 2358 1802 2432 ῥαγεῐσαν

188 2455 284 2506 xui
338 2445 796 2520 διατειχισθεῖσαν
840 2451 1001 2520 ἔσχον
1043 2447 1332 2506 ἱππήλατον
1363 2465 1375 2476 ·
1427 2450 1518 2498 καὶ
1549 2447 1616 2497 ὧν
1656 2446 1705 2497 ἐν
1737 2451 1798 2516 τῇ

190 2539 436 2614 λεωφόρῳ
517 2539 1004 2596 κατεποντίσθησαν
1091 2538 1390 2610 Αἰγύπτιοι,
1473 2555 1521 2588 οι
1585 2534 1802 2607 γαληνοὶ

191 2634 282 2682 καὶ
344 2627 631 2702 ἀκύμαντοι
697 2627 889 2699 λιμένες
962 2631 1259 2698 γεγόνασιν,
1344 2625 1489 2678 εἰκὼν
1561 2624 1802 2686 πολλάκις

196 2723 430 2792 φανέντες
505 2716 607 2770 ἀπὸ
675 2725 776 2768 τῶν
857 2715 903 2767 ἐν
969 2717 1147 2778 αὐτοῖς
1215 2721 1395 2788 φόνων,
1451 2715 1554 2768 οἷον
1613 2713 1803 2789 ἐρυθρά

200 2807 458 2860 θάλασσα.
523 2805 583 2858 ⁸0
642 2801 691 2857 δ’
750 2803 996 2879 ἐπιρρέων
1050 2807 1279 2876 ποταμὸς
1323 2808 1414 2862 τὴν
1475 2802 1622 2856 πόλιν
1679 2804 1802 2855 ποτε

197 2898 290 2968 μεν
347 2895 538 2969 ἐρήμου
595 2902 688 2954 τῆς
743 2890 971 2965 ἀνύδρου
1031 2892 1302 2968 ξηρότερος
1339 2893 1508 2964 ὤφθη,
1545 2897 1634 2943 καὶ
1672 2891 1797 2964 μᾶλ·

195 2985 280 3038 λον
335 2980 636 3056 αὐχμώδης
692 2981 906 3047 ἐκείνης,
970 2982 1032 3040 ἣν
1073 2978 1802 3056 διαπορευόμενοςὸΊσραὴλ

1911 1821 2156 1894 perferri
2187 1838 2412 1887 curem,
2454 1825 2676 1878 durum
2716 1829 2773 1880 et
2812 1840 2999 1896 prope
3037 1826 3408 1897 impossibile
3449 1833 3561 1886 est.

1915 1909 2166 1964 Facilius
2205 1926 2470 1982 namque
2515 1910 2733 1980 aliquis
2762 1928 2879 1967 non
2907 1911 3043 1967 dico
3073 1913 3130 1968 in
3169 1913 3570 1988 longinquum

1912 1998 2098 2053 exsilii
2131 1997 2350 2063 locum,
2378 1999 2482 2054 sed
2509 2000 2586 2056 ab
2608 1999 2840 2056 Oriente
2859 2001 2935 2056 ad
2965 2002 3343 2060 Occidentem
3376 2011 3574 2061 trans-

1912 2087 2060 2152 ierit,
2094 2104 2278 2160 quam
2325 2088 2748 2145 Alexandriam
2771 2105 2843 2145 ex
2871 2091 3004 2161 ipsa
3048 2091 3407 2150 Alexandria
3440 2111 3572 2166 per-

1913 2182 2099 2246 agret.
2158 2179 2352 2248 Longe
2383 2178 2608 2250 quippe
2646 2178 2964 2234 solitudine
2995 2179 3094 2235 illa
3125 2180 3358 2238 deserta
3389 2187 3570 2254 atque

1911 2265 2095 2332 invia,
2130 2282 2315 2338 quam
2365 2267 2603 2321 duabus
2635 2267 2912 2323 aetatibus
2947 2285 3050 2324 seu
3082 2271 3569 2338 generationibus

1911 2353 2014 2410 ﬁlii
2067 2354 2245 2410 Israel
2297 2356 2785 2427 pertransierunt,
2837 2356 3230 2428 periculosior
3288 2357 3468 2432 410
3513 2367 3573 2418 et

1913 2443 2252 2515 impeditior
2301 2451 2390 2499 est
2438 2444 2635 2500 media
2667 2445 2923 2501 civitatis
2971 2447 3100 2502 via:
3131 2453 3186 2502 et
3239 2453 3390 2504 mari
3429 2449 3569 2507 item

1911 2532 2032 2600 illo,
2065 2533 2229 2606 quod
2271 2533 2349 2588 illi
2381 2533 2638 2589 divisum
2671 2539 2726 2589 et
2755 2535 2814 2589 in
2844 2535 3139 2606 parietum
3179 2535 3436 2594 formam
3478 2556 3572 2596 re-

1911 2623 2158 2678 dactum
2190 2622 2304 2678 late
2347 2622 2688 2678 habuerunt
2739 2623 3038 2694 pervium,
3070 2631 3126 2681 et
3184 2626 3367 2698 quieti
3411 2634 3570 2684 tran-

1911 2712 2197 2785 quillique
2224 2717 2451 2784 partus,
2479 2728 2686 2768 eorum
2717 2711 3012 2768 ﬂuctuum
3043 2714 3104 2769 in
3145 2731 3405 2787 quorum
3447 2725 3567 2774 tra-

1907 2802 2068 2874 jectu
2117 2801 2374 2872 [Egyptii
2450 2807 2588 2856 sunt
2641 2801 2958 2868 submersi,
3009 2804 3269 2875 speciem
3323 2822 3446 2878 prae
3505 2825 3568 2864 se

1913 2890 2191 2955 tulerunt,
2242 2890 2386 2944 dum
2443 2889 2781 2962 frequenter
2838 2897 3080 2962 propter
3118 2893 3311 2949 caedes
3364 2895 3425 2951 in
3456 2896 3568 2952 illis

1911 2979 2208 3034 factitatas
2249 2978 2472 3033 similes
2516 2978 2697 3034 Rubri
2753 2979 2935 3036 maris
2975 2991 3406 3052 apparuerunt.
3459 2985 3568 3050 Qui

191 3075 356 3135 οὕτως
408 3070 679 3145 ἐδίψησεν,
741 3073 810 3134 ὡς
879 3077 1044 3130 Μωσῆ
1106 3074 1196 3143 μὲν
1255 3070 1558 3140 καταϐοᾷν·
1611 3070 1800 3143 ῥυῆναι

1913 3083 2054 3124 vero
2087 3084 2191 3140 per
2224 3067 2434 3123 urbem
2484 3068 2679 3139 ipsam
2715 3067 2959 3140 proﬂuit
2989 3070 3204 3136 amnis,
3239 3071 3568 3144 aliquando

189 3160 250 3217 δὲ
311 3163 488 3225 αὐτοῖς
541 3164 685 3236 παρὰ
741 3169 834 3214 τοῦ
891 3162 1166 3233 θαυμάσια
1223 3167 1497 3220 ποιοῦντος
1549 3164 1706 3231 μόνου
1747 3156 1799 3209 ἐκ

183 3258 380 3326 πέτρας
433 3251 730 3325 ἀκροτόμου
778 3255 954 3305 ποτόν.
1019 3253 1148 3304 Πότε
1204 3245 1263 3301 δὲ
1317 3256 1563 3308 τοσοῦτος
1607 3248 1799 3321 ἐπλημ-

183 3361 370 3417 μυρεν,
418 3344 487 3402 ὡς
532 3346 706 3392 πᾶσαν
761 3343 853 3397 τὴν
911 3344 1211 3414 περίχωρον
1259 3339 1354 3400 τάς
1409 3357 1460 3390 τε
1515 3333 1673 3399 ὀδοὺς
1711 3342 1800 3390 καὶ

185 3436 312 3493 τοὺς
362 3430 552 3504 ἀγροὺς
617 3427 990 3493 ἐπικλύσαντα,
1067 3437 1156 3489 τῆς
1213 3430 1296 3480 ἐπὶ
1369 3433 1483 3480 Νῶε
1529 3431 1799 3500 γενομένης

184 3529 281 3575 τοῦ
329 3517 526 3581 ὕδατος
556 3524 714 3592 φορᾶς
769 3518 1046 3588 ἐπαγαγεῖν
1101 3516 1334 3574 ἀπειλήν.
1395 3515 1504 3570 Ἀεὶ
1556 3512 1614 3568 δὲ
1646 3517 1798 3588 αἷμα-

183 3633 242 3666 τι
293 3615 382 3664 xui
432 3611 601 3682 φόνοις
643 3612 732 3660 καὶ
783 3614 1229 3679 καταποντισμοῑς
1267 3608 1474 3658 κάτεισι
1511 3609 1799 3678 μεμιασμέ-

185 3717 318 3762 νος·
366 3700 472 3758 οἷος
519 3699 620 3749 ὑπὸ
678 3703 844 3768 Μωσῇ
904 3700 1078 3768 γέγονε
1127 3703 1196 3765 τῷ
1254 3698 1440 3768 Φαραὼ
1498 3691 1797 3766 μεταϐαλὼν

185 3790 262 3853 εἰς
311 3790 442 3862 αἷμα
491 3792 583 3839 καὶ
635 3785 912 3848 ἑποζέσας.
982 3787 1079 3837 Καὶ
1133 3790 1286 3836 ποῖον
1348 3783 1535 3856 γένοιτ’
1591 3781 1651 3832 ἂν
1708 3788 1799 3834 τοῦ

184 3885 362 3932 πάντα
434 3879 774 3951 καθαίροντος
827 3871 1019 3934 ὑδατός
1079 3870 1224 3946 ὕδωρ
1291 3872 1413 3926 ἄλλο
1469 3873 1796 3946 καθάρσιον;

185 3975 311 4030 Πῶς
341 3966 400 4018 ἃν
457 3967 482 4018 6
528 3967 689 4027 πολὺς
749 3969 840 4016 καὶ
896 3963 1182 4037 ἀπέραντος
1235 3960 1526 4034 ἀνθρώποις
1559 3960 1800 4020 Ὠκεανὸς

187 4058 487 4130 ὶπιχυθεὶς,
522 4061 615 4114 την
663 4057 856 4126 πικρὰν
886 4056 1083 4111 ταύτην
1132 4050 1454 4123 ἀποσμὴξειε
1491 4050 1796 4116 θάλασσαν;

184 4146 258 4200 Ἠ
315 4155 421 4207 πῶς
474 4145 534 4196 ἀν
599 4147 624 4196 ὁ
692 4149 850 4218 μέγας
905 4146 1137 4214 ποταμὸς
1207 4143 1233 4193 6
1291 4140 1689 4214 ἐκπορευόμενος
1749 4139 1802 4202 ἐξ

183 4233 376 4308 Ἐδεμ,
427 4234 512 4287 επὶ
568 4236 662 4296 τὰς
699 4238 960 4308 τέσσαρας
1013 4231 1184 4304 ἀρχὰς
1228 4230 1300 4292 εἰς
1353 4229 1414 4290 ἃς
1469 4228 1796 4302 ἀφορίζεται,

185 4327 575 4399 μετοχετεύσας
628 4323 697 4385 εἰς
757 4327 880 4395 μίαν
919 4328 1010 4373 τοῦ
1070 4325 1230 4372 Γαιὼν
1295 4318 1586 4371 ἀποπλῦναι
1620 4321 1678 4370 τὸ
1716 4317 1802 4369 λύ-

187 4417 362 4487 θρον;
421 4411 488 4464 Ἦ
551 4417 673 4465 πότε
726 4413 752 4464 6
814 4410 1158 4482 τεθολωμένος
1216 4409 1316 4460 ὑπὸ
1392 4415 1492 4468 τῶν
1566 4414 1800 4480 πονηρῶν

185 4504 522 4576 πανταχόθεν
598 4501 994 4572 ἀναθυμιάσεων
1054 4497 1154 4572 ἀὴρ
1214 4497 1492 4571 εἰλικρινὴς
1552 4500 1796 4568 γένοιτο;

183 4600 434 4647 Τοιοῦτοι
484 4593 584 4664 γὰρ
640 4589 741 4643 ἀπὸ
780 4598 871 4650 τῆς
909 4595 1004 4660 γῆς
1061 4587 1216 4660 ἀτμοὶ
1255 4591 1344 4638 καὶ
1377 4585 1478 4638 ἀπὸ
1530 4585 1801 4646 θαλάσσης

187 4685 395 4755 ἄνεμοι,
459 4689 703 4754 ποταμῶν
752 4698 803 4731 τε
862 4673 1020 4752 αὖραι
1075 4682 1166 4729 καὶ
1239 4676 1452 4748 λιμένων
1521 4672 1803 4734 ἀνειλήσεις

187 4771 564 4837 ἀποπνέουσιν,
642 4771 706 4830 ὡς
760 4769 1065 4840 σηπομένων
1125 4765 1173 4818 ἐν
1232 4771 1367 4818 πᾶσι
1421 4771 1531 4825 τοῖς
1599 4765 1804 4815 ὑποκει-

187 4860 366 4935 μένοις
427 4864 714 4933 στοιχείοις
742 4866 954 4932 νεκρῶν,
1004 4857 1180 4930 ἰχῶρα
1231 4851 1357 4908 εἶναι
1412 4856 1499 4914 τὰς
1553 4849 1799 4924 δρόσους.

188 4949 324 5005 Εἶτα
377 4951 712 5022 θαυμάζουσι
754 4953 842 5000 καὶ
891 4945 1212 5018 διαποροῦσι
1263 4946 1417 4996 πόθεν
1475 4945 1524 4995 οἱ
1565 4949 1804 5013 συνεχεῖς

184 5041 367 5113 λοιμοί
395 5059 407 5072 ·
450 5041 604 5092 πόθεν
656 5039 709 5089 αἱ
756 5036 988 5110 χαλεπαὶ
1042 5041 1187 5088 νόσοι
1221 5052 1232 5064 ⁸
1264 5035 1418 5086 πόθεν
1451 5034 1504 5084 αἱ
1543 5027 1805 5084 παντοδα-

189 5135 289 5184 παὶ
324 5131 510 5202 φθοραί
545 5145 558 5158 ⁸
590 5129 744 5179 πόθεν
777 5128 802 5178 6
855 5125 1090 5186 ποικίλος
1126 5129 1216 5176 καὶ
1269 5123 1426 5184 πολὺς
1458 5130 1557 5173 τῶν
1611 5121 1803 5192 ἀνθρὼ-

187 5240 304 5272 πων
335 5219 583 5291 ὅλεθρος;
619 5213 711 5269 διά
768 5221 818 5268 τί
857 5219 1048 5288 μηκέτι
1102 5220 1322 5266 τοσοῦτο
1362 5211 1560 5271 πλῆθος
1599 5211 1804 5268 οἰκητόο

189 5329 299 5382 ρων
342 5310 371 5366 η
431 5312 653 5380 μεγίστη
715 5304 861 5366 πόλις
914 5305 963 5357 ἐν
1031 5302 1162 5374 αὐτῇ
1229 5306 1385 5374 φέρει,
1450 5300 1551 5353 ἀπὸ
1609 5304 1805 5357 νηπίων

192 5398 458 5473 ἀρξαμένη
494 5394 700 5450 παίδων
729 5400 894 5468 μέχρι
944 5401 1044 5445 τῶν
1076 5392 1147 5452 εἰς
1186 5393 1344 5463 ἄκρον
1388 5395 1754 5464 γεγηρακότων
1789 5405 1802 5417 ⁸

193 5491 356 5549 ὅσους
407 5487 763 5559 ὠμογέροντας
815 5483 901 5544 οὓς
941 5481 1110 5534 ἐκάλει
1159 5483 1406 5554 πρότερον
1461 5483 1631 5544 ὄντας,
1674 5481 1807 5551 ἔτρεο

195 5595 333 5651 gnra;
409 5575 594 5631 Ἀλλοι
643 5578 1160 5649 τεσσαρακοντοῡται
1230 5573 1322 5620 xui
1377 5560 1542 5643 μέχρι
1607 5575 1708 5619 τῶν
1765 5564 1808 5618 ο¹

1911 3155 2158 3230 quidem
2215 3157 2360 3212 solis
2414 3155 2528 3212 illis
2566 3162 2622 3212 et
2682 3157 2991 3230 inaquosis
3035 3158 3208 3225 locis,
3265 3177 3371 3231 per
3415 3178 3570 3234 quos

1910 3245 2090 3302 lsrael
2136 3247 2418 3301 incedens
2472 3262 2666 3318 usque
2720 3247 2872 3303 adeo
2913 3247 3006 3302 siti
3060 3254 3148 3304 est
3199 3265 3462 3320 pressus,
3506 3255 3570 3308 ut

1909 3338 2200 3396 adversus
2238 3339 2456 3393 Mosem
2497 3335 2946 3404 vociferaretur,
2973 3342 3030 3392 et
3057 3337 3134 3394 ab
3165 3355 3236 3394 eo
3267 3341 3369 3412 qui
3407 3341 3571 3397 solus

1909 3425 2272 3484 admiranda
2310 3425 2468 3491 facit,
2525 3441 2596 3480 ex
2636 3424 2931 3481 altissima
2961 3433 3017 3481 et
3046 3427 3368 3484 durissima
3421 3446 3569 3502 rupe

1909 3517 2076 3572 unda
2120 3513 2461 3586 proﬂueret,
2508 3513 2674 3568 visus
2713 3521 2803 3569 est
2832 3514 3018 3570 multo
3059 3515 3282 3572 aridior
3330 3518 3572 3574 siccior-

1907 3622 2046 3678 que.
2089 3602 2429 3675 Aliquando
2482 3607 2681 3657 autem
2732 3603 2794 3656 in
2838 3609 3069 3659 tantum
3121 3605 3462 3672 exundavit,
3506 3613 3572 3664 ut

1908 3695 2168 3750 vicinam
2219 3692 2524 3762 regionem
2582 3693 2946 3758 universam,
3002 3693 3250 3764 viasque
3303 3701 3358 3750 et
3385 3712 3565 3766 agros

1907 3798 2119 3838 omnes
2169 3780 2395 3836 diluvio
2451 3779 2736 3846 obruerit,
2793 3796 3048 3850 eamque
3098 3797 3234 3853 quas
3280 3775 3393 3839 sub
3449 3789 3569 3842 Noe

1908 3871 2038 3936 fuit,
2063 3886 2124 3924 se
2139 3885 2311 3941 aquae
2331 3867 2784 3923 inundationem
2811 3868 3208 3926 adducturum
3229 3887 3360 3928 esse
3379 3873 3567 3930 mina-

1912 3965 2005 4015 tus
2038 3959 2133 4013 sit.
2165 3959 2412 4028 Semper
2442 3955 2720 4028 equidem
2749 3972 2978 4022 cruore,
3012 3958 3278 4014 caadibus
3317 3961 3568 4018 civium-

1909 4067 2026 4123 que
2056 4048 2509 4104 submersorum
2553 4046 3048 4103 suﬂ'ocationibus
3081 4049 3335 4106 infectus
3366 4052 3474 4109 fuit
3511 4059 3567 4110 et

1911 4138 2387 4195 contaminatus:
2415 4135 2613 4208 qualis
2649 4136 2741 4191 ille
2769 4137 3093 4192 Pharaonis
3123 4155 3229 4210 per
3259 4141 3463 4198 Mosen
3504 4143 3566 4198 in

1913 4226 2272 4297 sanguinem
2330 4241 2675 4290 conversus,
2725 4231 2783 4280 et
2811 4228 3165 4298 sanguinem
3218 4229 3384 4286 olens
3425 4231 3558 4290 fuit.

1913 4318 2054 4383 Quae
2111 4332 2253 4372 vero
2301 4314 2566 4369 ﬂuminis
2615 4314 2746 4385 ejus
2803 4315 2969 4388 quod
3019 4325 3300 4390 repurgat
3337 4322 3563 4390 omnia,

1910 4405 2233 4478 reperietur
2277 4405 2570 4475 expiatrix
2614 4403 2778 4460 unda
2807 4405 2838 4456 ἱ)
2895 4403 3210 4471 Quomodo
3240 4409 3419 4465 etiam
3452 4411 3566 4467 im-

1913 4511 2156 4552 mensus
2179 4499 2233 4548 et
2254 4493 2600 4548 hominibus
2622 4492 3089 4564 impermeabilis
3118 4497 3411 4563 Oceanus,
3431 4498 3568 4556 huic

1912 4581 2286 4656 superfusus,
2320 4597 2598 4637 amarum
2655 4581 2770 4636 hoc
2818 4582 3041 4637 deteret
3079 4589 3256 4656 atque
3305 4587 3570 4644 abolebit

1913 4674 2161 4747 pelagus
2187 4670 2215 4726 ?
2250 4673 2364 4726 Aut
2389 4670 2699 4742 quomodo
2729 4670 2943 4740 ingens
2975 4670 3068 4726 ille
3098 4672 3318 4728 ﬂuvius
3359 4677 3463 4746 qui
3496 4694 3568 4734 ex

1913 4763 2094 4818 Edem
2123 4760 2443 4830 egreditur,
2477 4762 2525 4814 si
2568 4766 2828 4832 quatuor
2852 4760 3071 4831 capita,
3104 4762 3161 4814 in
3195 4778 3328 4833 quas
3361 4765 3568 4822 dividi-

1913 4858 2026 4916 tur,
2061 4849 2119 4904 in
2156 4865 2340 4903 unum
2377 4853 2577 4920 caput,
2612 4864 2827 4918 nempe
2858 4847 2916 4901 in
2947 4847 3186 4904 alveum
3219 4849 3382 4907 Geon
3409 4853 3568 4912 deri-

1912 4946 2028 5005 vet,
2054 4945 2362 4994 cruentam
2395 4937 2593 4993 abluet
2619 4935 2847 4990 saniem
2873 4934 2902 4989 ‘l
2961 4937 3276 5000 Quomodo
3306 4941 3569 5016 denique

1913 5045 2033 5094 aer,
2110 5045 2145 5083 a
2191 5027 2456 5082 cladium
2511 5027 2733 5096 ubique
2794 5029 3096 5080 tantarum
3147 5029 3570 5100 impurissimis

1915 5116 2394 5173 exhalationibus
2407 5113 2657 5170 infectus
2673 5120 2852 5185 atque
2868 5113 2988 5184 poll
3002 5120 3524 5188 utus,purgabitur
3542 5122 3570 5177 ?

1913 5206 2081 5263 Tanti
2103 5222 2139 5260 a
2162 5213 2316 5260 terra
2336 5220 2611 5274 vapores,
2641 5219 2675 5257 a
2709 5201 2859 5256 mari
2888 5204 3062 5268 venti,
3092 5221 3127 5259 a
3155 5204 3350 5262 ﬂuviis
3382 5225 3566 5277 aurae,

1915 5312 1950 5352 a
1981 5295 2274 5367 portubus
2329 5293 2654 5348 crassiores
2709 5291 2941 5346 nebulae
2997 5291 3279 5361 feruntur,
3313 5304 3374 5353 ut
3406 5301 3567 5355 tabe-

1917 5385 2220 5440 scentibus
2265 5399 2335 5438 ac
2382 5379 2814 5443 difﬂuentibus,
2847 5381 2903 5434 in
2952 5383 3237 5438 omnibus
3280 5387 3568 5457 subjectis

1917 5473 2239 5537 elementis,
2271 5470 2686 5534 cadaveribus,
2716 5484 2925 5524 cruore
2956 5478 3131 5526 roret.
3176 5475 3238 5529 Et
3264 5476 3567 5534 admiran—

1917 5568 2014 5620 tur
2042 5562 2242 5619 adhuc
2271 5566 2326 5618 et
2354 5560 2650 5625 dubitant,
2686 5557 2844 5614 unde
2875 5561 3173 5618 continuas
3215 5567 3569 5635 proveniant
