4020 6218
469 275 606 330 1167
1770 267 2151 325 NICEPHORI
2193 263 2510 322 CALLlSTl
3687 258 3823 312 1168

462 399 828 472 pestilentiae,
861 400 1020 456 unde
1046 415 1260 470 graves
1288 397 1503 466 morbi,
1527 397 1686 452 unde
1713 396 1909 452 omnis
1941 411 2049 465 gen

2240 393 2350 446 ἑτῶν
2381 415 2393 426 ·
2441 397 2689 445 τοσοῦτον
2737 390 2958 452 πλείονες
2996 393 3129 454 τότε,
3189 390 3324 441 ὥστε
3363 391 3436 460 μὴ
3485 387 3827 462 συμπληροῦ-

463 489 543 544 ris
582 489 976 554 calamitates,
1019 489 1178 544 unde
1225 493 1308 544 tot
1347 493 1406 544 et
1451 491 1574 544 tam
1615 487 1761 542 varii
1798 485 2048 541 hominu

2240 485 2348 536 τθαι
2397 489 2483 533 νῦν
2529 485 2615 533 τὸν
2674 480 2894 552 ἀριθμόν
2951 478 3121 532 αὐτῶν
3187 481 3690 553 προσεγγραφέντων
3745 479 3827 528 καὶ

463 578 732 634 interitus
761 579 791 630 ‘l
851 578 1004 644 Quid
1034 579 1114 640 ita
1169 583 1290 634 tam
1322 577 1526 648 ampla
1581 577 1812 639 civitas,
1845 590 1962 630 non
1995 581 2050 630 ta

2238 571 2675 645 τυγκταλεγέντων
2745 569 2813 630 εἰς
2901 572 2960 622 τὸ
3049 566 3308 642 δημόσιον
3385 571 3672 642 πηρέσιον
3733 575 3825 618 τῶν

465 667 805 740 frequentes
823 669 952 738 jam
978 667 1462 734 habeatincolas,
1487 665 1536 720 si
1564 682 1665 720 eos
1692 665 1768 720 ab
1789 663 2052 720 infantibi

2238 664 2328 714 ἑπὸ
2382 656 2870 734 τεσσαρεσκαίδεκα
2913 659 3036 711 ἐτῶν
3093 663 3258 732 μέχρι
3293 667 3390 710 τῶν
3455 655 3825 728 ὁγδοήκοντα”

466 755 607 828 ipsis
633 772 824 828 usque
853 757 930 812 ad
949 772 1121 811 senes
1148 755 1481 826 decrepitos
1513 769 1828 810 recenseas
1860 769 2053 808 omne!

2241 757 2316 803 ιαὶ
2371 755 2646 824 γεγόνασιν
2707 751 2812 802 οἷον
2868 749 3142 808 ἡλικιῶται
3199 757 3296 801 τῶν
3370 747 3534 800 πάλαι
3586 747 3828 820 γεραιτά-

467 861 652 918 quam
683 851 860 900 antea
881 861 1086 900 eorum
1116 849 1370 908 tantum,
1396 861 1548 916 quos
1575 843 1774 899 crudae
1807 847 2054 897 senectu

2240 861 2324 893 raw
2369 842 2415 892 οἱ
2473 840 2588 911 ἅψει
2629 845 2893 894 νεώτατοι.
2937 843 3039 892 Καὶ
3093 840 3224 891 οὕτω
3263 841 3564 910 μειούμενον
3607 837 3690 890 ἀεὶ
3745 841 3827 887 καὶ

466 933 742 997 vocabat,
770 933 962 989 fovit?
1011 934 1274 990 Aliorum
1327 949 1504 1005 porro
1533 950 1568 988 a
1621 931 2053 1003 quadragenari

2238 927 2595 1002 δαπανώμενον
2633 931 2849 991 ὁρῶντες
2914 931 2972 982 τὸ
3039 927 3122 981 ἐπὶ
3178 935 3279 1000 γῆς
3337 927 3620 1000 ἀνθρώπων
3667 931 3825 998 γένος,

467 1038 661 1096 usque
694 1023 770 1078 ad
800 1023 1296 1095 septuagenarios
1321 1028 1484 1078 tanta
1505 1021 1759 1076 antehac
1778 1021 1884 1076 fuit
1928 1019 2052 1076 mnl

2242 1021 2287 1072 r5
2340 1024 2618 1092 τρέμουσιν
2679 1020 2960 1092 αὐξομένου
3010 1022 3097 1072 καὶ
3151 1023 3533 1095 προκόπτοντος
3583 1023 3680 1069 τοῦ
3713 1036 3829 1068 παν-

467 1113 635 1180 tudo,
695 1117 758 1166 ut
795 1111 1026 1168 illorum
1061 1127 1380 1168 numerum
1415 1127 1574 1166 nunc
1626 1126 1746 1166 non
1779 1109 2054 1182 suppleat

1440 1127 1574 1166 tunc
1626 1126 1746 1166 non
1779 1109 2116 1182 suppleant,
2231 1109 2407 1171 τελοῦς
2437 1109 2602 1162 αὐτῶν
2644 1107 2959 1182 ἀφανισμοῦ.
2999 1129 3027 1158 υ

469 1217 608 1258 cum
639 1201 724 1256 eis
753 1207 1185 1258 accenseantur
1208 1207 1265 1256 et
1291 1201 1710 1264 attribuantur,
1742 1199 1816 1254 ad
1851 1197 2156 1270 publicam
2181 1199 2632 1271 percipiendam
2664 1214 2992 1264 annonam,
3017 1198 3118 1271 qui
3143 1196 3602 1270 quatuordecim
3639 1210 3828 1252 anno-

467 1307 602 1346 rum
637 1295 792 1356 sunt,
849 1306 1036 1363 usque
1068 1291 1146 1346 ad
1203 1290 1648 1359 octogenarios.
1710 1287 1881 1360 411
1920 1289 2010 1344 Sic
2063 1288 2166 1360 qui
2197 1287 2361 1343 vultu
2404 1293 2544 1342 sunt
2595 1289 2859 1344 maxime
2897 1286 3172 1358 juvenili,
3217 1303 3429 1343 eorum
3461 1301 3624 1341 nunc
3653 1284 3832 1357 quasi

469 1379 733 1451 aequales
766 1385 907 1434 sunt
935 1378 1095 1447 facti,
1131 1379 1236 1450 qui
1266 1379 1406 1435 olim
1441 1383 1610 1434 erant
1635 1393 1806 1432 senes
1861 1377 2140 1432 maxime.
2173 1377 2238 1430 Et
2290 1391 2426 1430 cum
2467 1376 2527 1430 in
2559 1376 2730 1430 terris
2769 1389 3006 1447 semper
3043 1375 3298 1431 diminui
3341 1380 3522 1448 atque
3556 1371 3840 1429 consumi

467 1483 657 1538 genus
687 1467 1010 1524 hominum
1061 1467 1453 1539 conspiciant,
1509 1466 1912 1522 internecione
1943 1465 2214 1521 omnium
2248 1464 2440 1520 indies
2479 1463 2760 1536 gliscente
2791 1470 2971 1538 atque
3011 1471 3325 1535 grassante
3354 1479 3478 1520 non
3504 1461 3836 1520 contremi-

466 1563 660 1614 scunt.
692 1579 721 1608 ι)

1110 1683 1336 1738 CAPUT
1376 1685 1479 1738 XX.

2855 1685 3068 1734 ΚΕΦΑΛ
3083 1723 3096 1735 .
3133 1679 3211 1734 κ’.

471 1790 556 1846 De
617 1788 956 1860 pestilentia
1017 1789 1527 1868 szvissima,_quw
1595 1787 1988 1845 Alexandria:
2039 1802 2058 1843 ε

2252 1789 2386 1862 Ιερὶ
2460 1793 2569 1839 τοῦ
2632 1787 3080 1868 ἐνσκήψαντος
3147 1787 3205 1839 ἐν
3267 1787 3426 1860 αὐτῇ
3495 1786 3839 1845 ἀπλήστου

1145 1859 1446 1931 grassata.
2152 1859 2191 1868 “’
2324 1859 2333 1862 ⁷

2152 1859 2191 1868 ”
2324 1859 2333 1862 ⁷
2899 1859 3159 1931 λοιμοῦ.

543 1967 684 2023 Post
713 1966 1068 2023 seditionem
1109 1973 1308 2022 autem
1341 1967 1676 2039 pestilentia
1705 1965 2038 2022 admodum
2063 1965 2124 2020 in

2305 1969 2452 2020 Μετὰ
2517 1963 2576 2019 δὲ
2632 1971 2722 2025 τὴν
2794 1968 2982 2020 στάσιν
3037 1963 3274 2040 λιμώδης
3325 1970 3472 2028 νόσος
3528 1971 3624 2026 τὴν
3691 1967 3841 2021 πόλιν

477 2057 624 2113 urbe
673 2057 881 2113 saeviit.
938 2059 1005 2113 Et
1045 2073 1184 2111 cum
1219 2056 1518 2128 paschalis
1556 2056 1682 2110 dies
1738 2071 1848 2127 pro
1900 2054 2064 2110 foribi

2261 2054 2499 2113 ϐόσκετο.
2553 2055 2659 2110 Καὶ
2719 2065 2812 2118 τῆς
2879 2056 3055 2130 ἑορτῆς
3111 2057 3198 2109 ἐπὶ
3254 2059 3439 2130 θύραις
3485 2057 3672 2123 οὔσης,
3731 2066 3843 2120 τοῖς

475 2152 650 2215 esset,
682 2147 760 2202 ad
789 2145 1000 2202 fratres
1039 2147 1259 2217 scripto
1292 2147 1476 2202 verba
1517 2144 1764 2213 faciens,
1796 2145 2062 2213 contagic

2256 2142 2478 2218 ιδελφοῖς
2545 2145 2758 2217 ὁμιλῶν,
2805 2149 2871 2198 τὰ
2933 2155 3030 2208 τῆς
3093 2151 3248 2198 νόσου
3295 2149 3437 2205 πάθη
3493 2143 3590 2199 διὰ
3643 2150 3843 2200 τούτων

479 2235 672 2292 morbi
696 2252 998 2292 aerumnas
1027 2235 1378 2306 hujusmodi
1407 2238 1642 2290 ornavit
1671 2235 1870 2290 verbis
1895 2251 1908 2288 :
1943 2233 2066 2288 «Ali

2258 2239 2617 2306 ιπεσημαίνετο
2649 2251 2662 2264 '
2736 2257 2763 2284 ‹‹
2821 2241 2942 2297 Τοῖς
2997 2237 3087 2306 μὲν
3138 2235 3307 2296 ἄλλοις
3373 2235 3664 2308 ἀνθρώποις
3747 2238 3845 2288 οὐκ

478 2325 756 2398 equidem
786 2325 1154 2391 hominibus,
1189 2331 1254 2381 ut
1295 2341 1456 2380 nunc
1497 2341 1560 2380 se
1603 2341 1695 2380 res
1729 2323 1972 2384 habent,
2007 2339 2065 2377 nt

2257 2322 2298 2374 ἷιν
2369 2320 2534 2386 δόξειε
2608 2327 2785 2396 καιρὸς
2837 2323 3020 2395 ἑορτῆς
3085 2321 3215 2377 εἶναι
3269 2327 3338 2378 τὰ
3383 2330 3634 2398 παρόντα.
3705 2323 3844 2378 Οὐδ’

476 2415 742 2470 videatur
769 2431 902 2470 esse
932 2415 1060 2470 festi
1109 2414 1224 2469 diei
1256 2413 1596 2470 celebrandi
1638 2420 1896 2485 tempus.
1929 2415 2063 2484 Neq:

2260 2415 2379 2465 ’στιν
2425 2415 2594 2474 αὑνοῖς
2633 2416 2750 2466 οὔτε
2807 2413 2974 2479 οὗτος,
3029 2417 3144 2466 οῦτε
3181 2435 3261 2476 τις
3308 2416 3498 2488 ἔτερος,
3549 2416 3660 2488 οὐχ
3707 2417 3847 2477 ὅπως

477 2504 632 2560 adeo
663 2503 774 2559 illis
805 2509 891 2559 est
919 2503 1010 2559 vel
1049 2503 1181 2568 tale,
1207 2504 1298 2558 vel
1321 2503 1484 2558 aliud
1514 2503 1865 2574 quodpiam,
1897 2517 2016 2556 non
2046 2501 2064 2556 l

2264 2511 2337 2552 ’ὠν
2375 2501 2670 2567 ἐπιλοίπων,
2723 2501 2830 2554 ἀλλ’
2862 2499 2977 2555 οὐδ’
3019 2505 3062 2556 εἴ
3114 2523 3196 2565 τις
3245 2509 3546 2580 περιχαρὴς
3595 2507 3690 2570 ὧν,
3733 2507 3851 2564 οἰη-

479 2600 753 2649 ctuosum
787 2593 944 2659 dico,
977 2592 1081 2647 sed
1108 2593 1270 2664 quod
1307 2599 1363 2648 et
1393 2593 1466 2646 sit
1490 2599 1545 2647 et
1571 2591 1839 2646 videatur
1871 2591 2066 2646 maxin

2264 2596 2351 2649 ἐίη
2406 2592 2655 2664 μάλιστα.
2703 2599 2810 2644 Νῦν
2865 2596 2954 2664 μέν
3006 2611 3066 2664 γε
3123 2595 3303 2668 θρῆνοι
3332 2595 3504 2646 πάντα
3535 2612 3548 2624 ·
3585 2599 3682 2646 κοιὶ
3729 2615 3851 2648 πεν-

475 2683 703 2738 laatum.
724 2685 890 2738 Nunc
915 2697 1061 2736 sane
1081 2681 1530 2751 lugentomnia,
1555 2687 1807 2736 mcerent
1827 2695 2057 2744 omnes,

2262 2684 2396 2733 latim.
2449 2686 2632 2741 πάντες
2673 2701 2686 2714 ·
2727 2685 2817 2733 καὶ
2859 2689 3214 2754 περιηχοῦσιν
3262 2683 3489 2755 οἰμωγαὶ
3541 2689 3640 2743 τὴν
3693 2686 3849 2738 πολιν

475 2779 758 2826 resonant
785 2786 889 2842 per
914 2770 1125 2826 urbem
1148 2769 1430 2840 ejulatus,
1458 2775 1698 2842 propter
1729 2776 1952 2825 tantam
1977 2786 2062 2824 mc

2267 2768 2336 2822 τιὰ
2364 2773 2422 2822 τὸ
2452 2769 2645 2831 πλῆθος
2696 2779 2795 2823 τῶν
2850 2773 3164 2828 τεθνηκότων
3213 2777 3302 2825 καὶ
3353 2781 3452 2826 τῶν
3485 2771 3854 2832 ἀποθνησκόν-

481 2866 717 2915 tuorum
751 2859 1089 2930 etquotidie
1113 2857 1496 2914 morientium
1523 2859 1989 2914 multitudinem.
2018 2858 2068 2914 Si

2264 2879 2340 2910 ’ων
2393 2861 2672 2932 ὁσημέραι.
2723 2859 2808 2921 Ὧς
2865 2862 2963 2935 γὰρ
3031 2859 3116 2912 ἐπὶ
3189 2869 3290 2912 τῶν
3347 2867 3692 2936 πρωτοτόκων
3751 2873 3851 2917 τῶν

480 2949 563 3004 uti
595 2947 752 3002 enim
805 2947 878 3002 de
919 2947 1329 3018 primogenitis
1385 2947 1795 3019 Egyptiorum
1845 2947 2064 3018 scriptu

2270 2948 2548 3018 Li7u1rrimv
2596 2953 2911 3020 γέγραπται,
2972 2953 3106 3001 οὕτω
3149 2955 3242 3003 καὶ
3291 2958 3380 3002 νῦν
3425 2953 3646 3023 ἐγενήθη
3692 2973 3857 3026 κραυ-

480 3041 587 3100 est,
621 3037 704 3090 sic
731 3052 890 3090 nunc
915 3051 1158 3108 quoque
1185 3035 1395 3105 ingens
1419 3045 1509 3090 est
1534 3035 1782 3091 clamor.
1816 3039 1944 3090 Non
1971 3037 2064 3090 eni

2269 3041 2309 3096 νὴ
2369 3037 2586 3108 μεγάλη,
2647 3045 2722 3090 Οῦ
2761 3041 2862 3110 γάρ
2915 3042 3054 3090 ἐστιν
3093 3039 3255 3104 οἰκία,
3297 3037 3411 3113 ἐνῇ
3459 3045 3556 3093 οὐκ
3607 3044 3758 3096 ἐστιν
3809 3043 3856 3095 ἐν

480 3132 568 3181 est
593 3125 834 3190 domus,
869 3125 926 3178 in
957 3140 1081 3196 qua
1109 3140 1232 3179 non
1263 3123 1590 3194 reperiatur
1622 3129 1913 3178 mortuus.
1943 3129 2067 3196 Atq:

2268 3127 2374 3199 ιῦτῇ
2427 3129 2721 3187 τεθνηκώς·
2774 3133 2864 3178 καὶ
2919 3127 3093 3200 ὄφελόν
3123 3143 3219 3199 ’γε’
3271 3131 3337 3188 εἱς
3393 3129 3558 3182 πολλά
3601 3135 3699 3203 μὲν
3749 3135 3855 3205 γὰρ

483 3215 714 3270 utinam
746 3229 868 3268 non
889 3214 1240 3284 reperiretur
1267 3234 1278 3276 ;
1306 3229 1446 3268 nam
1472 3219 1528 3268 et
1558 3214 1640 3268 eis
1667 3231 1802 3284 quae
1831 3213 1959 3269 haec
1991 3230 2070 3284 pr:

2266 3221 2333 3268 ιαὶ
2373 3213 2538 3281 δεινὰ,
2580 3219 2766 3268 καὶτὰ
2815 3219 2916 3291 πρὸ
2971 3220 3166 3270 τούτων
3220 3217 3590 3290 συμϐεϐηκότα
3643 3230 3853 3296 πρῶτον

482 3309 788 3359 cesserunt
813 3301 1202 3374 temporibus,
1225 3301 1550 3372 permultas
1563 3307 1620 3357 et
1640 3317 1850 3372 graves
1869 3319 2069 3374 perper

2266 3312 2380 3378 ιμᾶς
2443 3305 2640 3364 ἤλασαν
2674 3323 2686 3335 ’
2747 3311 2838 3360 καὶ
2892 3306 3039 3379 μόνοι
3091 3311 3217 3380 πρὸς
3276 3311 3480 3362 πάντων
3535 3305 3853 3384 διωκόμενοι

485 3407 698 3448 sumus
734 3389 1124 3446 calamitates.
1157 3390 1223 3446 Et
1268 3407 1407 3446 cum
1441 3390 1548 3446 soli
1583 3407 1694 3445 nos
1745 3391 1821 3446 ab
1851 3391 2072 3446 omnibi

2268 3401 2336 3448 ιαὶ
2399 3397 2785 3468 Θανατούμενοι,
2846 3396 3176 3472 ἑωρτάσαμεν
3233 3403 3324 3451 καὶ
3383 3405 3514 3454 τότε.
3587 3407 3696 3454 Καὶ
3749 3409 3855 3466 πᾶς

482 3481 889 3551 aﬂligeremur
909 3487 965 3535 et
983 3475 1355 3544 ne'caremur,
1378 3479 1762 3534 nihilominus
1779 3486 1978 3536 tamen
2011 3487 2069 3536 tu

2268 3509 2274 3534 μ
2333 3492 2421 3546 τῆς
2473 3487 2592 3538 καθ’
2665 3485 2886 3538 ἑκάστου
2971 3487 3192 3558 θλίψεως
3265 3492 3422 3551 τόπος
3485 3497 3855 3564 πανηγυρικόν

483 3585 728 3643 quoque
774 3569 952 3625 festos
995 3568 1226 3637 egimus
1271 3568 1438 3623 dies:
1493 3574 1548 3623 et
1591 3569 1790 3624 omnis
1823 3569 2070 3639 cujuslih

2268 3583 2372 3646 ῖμῖν
2423 3578 2602 3645 γέγονε
2665 3580 2901 3649 χωρίον’
2961 3574 3136 3650 ἀγρός,
3193 3580 3406 3650 ἓρημία,
3457 3587 3598 3646 ναῦς,
3657 3579 3855 3635 πανδο-

482 3659 670 3715 cladis
725 3658 917 3722 locus,
973 3663 1303 3712 conventus
1375 3658 1595 3726 agendi
1652 3657 1826 3713 nobis
1889 3659 2069 3730 prasbi

2264 3671 2413 3734 ζείον,
2465 3659 2848 3738 δεσμωτήριον.
2897 3662 3258 3738 Φαιδροτάτην
3317 3663 3376 3719 δὲ
3423 3677 3610 3720 πασῶν
3652 3672 3851 3742 ἤγαγον

483 3746 974 3804 commoditatem
1010 3759 1023 3793 ε
1057 3762 1219 3816 ager,
1254 3745 1534 3812 solitudo,
1579 3746 1908 3812 navigium,
1943 3748 2066 3819 pub

2264 3752 2430 3826 ἑορτὴν
2495 3755 2544 3804 οὶ
2589 3753 2771 3804 τέλειοι
2827 3756 3085 3828 μάρτυρες
3143 3755 3463 3828 εὐωχηεντες
3520 3756 3572 3809 ἓν
3625 3759 3851 3832 οὐρανῷ.

484 3853 623 3894 cum
656 3836 1074 3902 diversorium,
1107 3851 1327 3891 carcer.
1362 3837 1640 3891 Omnium
1685 3843 1883 3892 autem
1915 3836 2071 3891 laetis;

2270 3843 2393 3894 νιετὰ
2445 3837 2504 3894 δὲ
2581 3849 2748 3894 ταῦτα
2807 3841 3019 3914 πόλεμος
3074 3849 3164 3896 καὶ
3226 3843 3405 3916 λοιμὸς
3471 3845 3759 3900 ἐπέλαϐενσ
3825 3847 3857 3898 ἆ

487 3943 652 3981 mum
681 3925 911 3981 Pascha
945 3931 1194 3995 egerunt
1223 3925 1486 3996 perfecti,
1526 3925 1628 3996 qui
1659 3926 1718 3979 in
1751 3926 1900 3980 coelo
1932 3941 2074 3980 conv

2268 3938 2354 3991 ὀῖς
2405 3933 2572 3982 ἔθνεσι
2651 3927 3116 4002 συνδιηνίγκαμεν,
3177 3937 3326 4004 μόνοι
3385 3937 3475 4006 μὲν
3531 3936 3855 3999 ὑποστάντες

483 4019 725 4080 vantur,
759 4020 1084 4085 martyres.
1118 4016 1254 4069 Post
1277 4030 1379 4068 eas
1402 4013 1604 4069 clades
1629 4013 1852 4068 bellum
1871 4021 1926 4069 et
1959 4030 2070 4084 pes

2266 4021 2350 4072 ἶσα
2401 4022 2524 4092 ἡμῖν
2589 4017 2923 4089 ἐλυμήναντο,
2981 4020 3476 4092 παραπολαύσαντες
3537 4021 3596 4078 δὲ
3651 4031 3742 4079 καὶ
3789 4028 3853 4077 ὧν

483 4103 664 4159 lentia
691 4103 878 4168 irruit,
921 4118 1058 4174 quae
1105 4117 1228 4157 una
1286 4119 1420 4156 cum
1461 4101 1739 4172 gentibus
1787 4103 2062 4172 pertulim

2260 4107 2499 4170 Ξιλλήλους
2570 4109 2882 4182 εἰργάσαντο
2963 4129 3016 4162 τε
3071 4116 3161 4163 καὶ
3227 4115 3543 4166 πεπόνθασι.
3623 4121 3728 4169 Καὶ
3789 4125 3847 4188 τῇ

485 4191 666 4247 mala.
713 4194 782 4246 Et
810 4191 919 4246 soli
965 4208 1074 4246 nos
1124 4191 1394 4261 quidem,
1423 4207 1556 4263 quae
1607 4191 1782 4246 nobis
1807 4197 1947 4248 sunt
1978 4192 2072 4248 illa

2266 4205 2484 4272 Κριστοῦ
2559 4198 2711 4249 πάλιν
2785 4197 3202 4273 ἐνηυφράνθημεν
3281 4201 3486 4275 εἰρήνῃ,
3554 4203 3616 4262 ἣν
3677 4211 3853 4278 μόνοις

493 4280 852 4336 detrimenta
899 4280 1252 4335 sustiuimus
1307 4297 1319 4346 ;
1389 4297 1510 4334 una
1546 4297 1682 4336 cum
1749 4279 1862 4336 illis
1913 4287 2080 4336 auten

2262 4290 2372 4358 ῆμῐν
2444 4283 2623 4342 ἔδωκε.
2705 4291 3046 4359 Βραχυτάτης
3103 4285 3162 4342 δὲ
3213 4291 3359 4362 ἡμῶν
3427 4311 3482 4345 τε
3533 4299 3626 4346 καὶ
3684 4295 3849 4347 αὐτῶν

486 4387 622 4442 quae
645 4369 900 4424 invicem
927 4369 1040 4439 ipsi
1067 4368 1218 4424 inter
1241 4385 1303 4424 se
1325 4369 1416 4423 vel
1437 4369 1721 4436 fecerunt,
1744 4369 1837 4424 vel
1867 4387 2073 4442 perpes

2260 4381 2516 4448 τυχόντων
2584 4374 2833 4440 ἁναπνῆς,
2911 4377 3324 4450 ἓπικατίσκηψεν
3377 4383 3406 4440 ἠ
3478 4386 3637 4444 νόσος
3698 4385 3847 4448 αὕτη,

487 4467 646 4527 sunt,
681 4475 786 4531 per
833 4457 1156 4513 tumultum
1211 4457 1452 4525 scilicet,
1487 4458 1867 4514 toleravimus
1898 4459 2069 4531 dispe

2260 4471 2467 4538 πρᾶγμα
2552 4463 2711 4536 φόϐου
2795 4485 2849 4518 τε
2925 4471 3116 4528 παντὸς
3199 4467 3544 4542 φοϐερώτερον
3619 4471 3847 4534 ἐκείνοις,

486 4548 624 4604 dia:
683 4547 788 4603 sed
837 4547 1046 4602 Christi
1095 4563 1332 4602 rursum
1383 4547 1686 4604 exhilarati
1727 4565 1936 4603 sumus
1969 4565 2073 4620 pac

2289 4519 2297 4538 '
2363 4519 2401 4537 “
2557 4519 2568 4536 ⁴
3099 4519 3114 4528 ⁸
3205 4519 3216 4540 ι
3243 4519 3250 4520 ί
3275 4519 3278 4520 ⁷
3302 4519 3342 4542 ‘r
3363 4519 3387 4520 η
3407 4519 3535 4542 "("-
3621 4519 3847 4534 """"‘n

2260 4560 2337 4606 ιαὶ
2395 4559 2665 4628 συμφορᾶς
2717 4555 2777 4615 ἧς
2851 4575 2985 4617 τινος
3037 4551 3124 4608 οὖν
3187 4559 3563 4636 σχετλιώτερον
3594 4583 3608 4596 ·
3655 4569 3748 4615 καὶ
3793 4569 3847 4622 ὡς

485 4653 669 4710 quam
704 4635 843 4691 solis
875 4635 1050 4691 nobis
1100 4637 1410 4691 concessit.
1464 4634 1610 4691 Cum
1657 4653 1792 4692 vero
1825 4638 2071 4709 paululu

2260 4641 2387 4704 ἴδιός
2459 4663 2539 4705 τις
2611 4644 2778 4696 αὐτῶν
2853 4643 3136 4717 ἀπήγγειλε
3214 4634 3568 4722 συγγραφεὺς,
3639 4659 3847 4727 πρᾶγμα

487 4709 821 4782 admodum
839 4731 896 4780 et
925 4723 1098 4780 nobis
1127 4725 1346 4796 etipsis
1373 4727 1580 4780 datum
1599 4733 1772 4792 esset,
1800 4733 1860 4782 ut
1889 4727 2074 4798 respir

2970 4709 3018 4717 ..
3431 4709 3442 4722 .
3532 4709 3567 4718 -ι
3681 4709 3692 4727 .
3758 4709 3794 4727 ι.

2254 4739 2402 4804 μόνον
2457 4729 2524 4791 δὴ
2573 4741 2667 4796 τῆς
2723 4735 2924 4786 πάντων
2987 4732 3194 4796 ἐλπίδος
3249 4746 3480 4810 κρεῖττον
3527 4746 3798 4815 γενόμενον
3829 4762 3841 4774 ·

485 4831 708 4880 remus,
759 4814 1111 4884 contagiosa
1153 4813 1283 4868 haec
1331 4813 1460 4870 lues
1510 4817 1716 4870 urbem
1751 4817 2011 4872 invasit:
2047 4833 2072 4871 r

2252 4823 2373 4894 ἡμῖν
2401 4819 2459 4874 δι
2511 4821 2568 4874 οὗ
2618 4830 2848 4875 τοιοῦτον
2891 4826 3000 4896 μὲν,
3033 4827 3322 4896 γυμνάσιον
3369 4823 3427 4881 δε
3457 4835 3548 4882 καὶ
3591 4826 3839 4896 δοκίμιον,

486 4909 647 4958 metu
680 4904 844 4958 omni
877 4903 990 4958 illis
1021 4902 1379 4967 horribilior,
1408 4909 1460 4958 et
1492 4919 1761 4959 aerumna
1789 4903 2001 4976 quavis
2045 4923 2073 4960 c

2250 4907 2460 4972 οὐδενὸς
2541 4919 2640 4962 τῶν
2713 4911 2876 4964 ἄλλων
2958 4913 3166 4966 ἔλαττον
3199 4931 3212 4946 ·
3268 4914 3536 4989 ἀπέσχετο
3757 4925 3837 4992 γὰρ

483 4991 816 5048 lamitosior
845 5013 857 5047 :
887 4997 962 5058 et,
1000 4998 1059 5048 ut
1087 4993 1338 5064 quidam
1374 5009 1580 5048 eorum
1613 4993 1757 5048 dixit
1799 4993 2070 5050 historicr

2251 4997 2370 5052 οὐδὲ
2393 5003 2538 5073 ἡμῶν
2563 5018 2575 5030 ’
2600 5000 2759 5059 πολλὴ
2795 4997 2854 5054 δὲ
2878 5001 3082 5066 ἒξῆλθεν
3113 5003 3187 5066 εἰς
3224 5007 3290 5058 τὰ
3321 4977 3464 5065 ἕθνὲ.
3497 5031 3526 5058 n
3565 4977 3708 5065 έῖτα
3749 4977 3838 5074 έξές

483 5082 683 5138 clades
737 5098 856 5137 una
887 5083 1168 5154 opinione
1209 5087 1264 5138 et
1314 5099 1416 5153 spe
1451 5083 1722 5138 omnium
1785 5085 1978 5154 major
2016 5085 2059 5157 (ε

2250 5086 2471 5162 ἐπιφέρει
2513 5095 2602 5142 καὶ
2633 5098 2799 5143 ταῦτα
2840 5111 2852 5123 ·
2891 5113 2919 5142 (ι
2948 5094 3012 5144 Οἱ
3041 5101 3166 5164 γοῦν
3205 5095 3440 5149 πλεῖστοι
3474 5106 3578 5151 τῶν
3623 5097 3837 5164 ἀδελφῶν

483 5172 662 5228 nobis
694 5187 831 5227 vero
857 5171 1339 5245 haudquaquam
1363 5172 1493 5228 talis
1525 5173 1622 5245 (2),
1651 5172 1755 5228 sed
1782 5189 1902 5229 non
1935 5155 2060 5230 min

2249 5179 2410 5250 ἡμῶν,
2469 5175 2542 5232 δι’
2599 5179 3021 5254 ὑπερϐάλλουσαν
3085 5181 3292 5255 ἀγάπην
3345 5189 3434 5238 καὶ
3487 5155 3832 5263 φιλαδελφίαν,

662 5339 888 5418 Πρᾶγμηα
937 5337 1116 5418 μόνον.
1153 5329 1220 5392 δὴ
1254 5343 1347 5396 τῆς
1405 5336 1607 5386 πάντων
1646 5331 1858 5397 ἐλπὶδος
1903 5344 2134 5410 κρεῖττον

2245 5337 2492 5418 humani
2537 5340 2770 5418 generis
2813 5343 3137 5418 examinat,
3189 5346 3544 5402 aninﬁrmis
3591 5352 3831 5408 serviant

481 5409 768 5490 γενξὶιέενοῖε
807 5405 1182 5490 (Τῠνθγά-ὶ.
1439 5479 1514 5490 ..
1648 5478 1766 5490 ..
1890 5405 1960 5490 f.
2063 5480 2068 5490 .

2246 5411 2488 5490 sani,an
2505 5405 3140 5490 propinquicognatos
3164 5418 3257 5488 pie
3277 5418 3554 5490 diligant,
3570 5405 3650 5477 an
3664 5405 3827 5478 mise-

667 5497 695 5530 «
719 5480 901 5566 Pestis
919 5480 1043 5566 ista
1071 5484 1147 5566 et
1166 5477 1315 5566 lues,
1348 5479 1451 5558 qui
1477 5478 1802 5566 horribilis
1849 5486 1906 5566 et
1935 5479 2133 5566 feralis
2243 5489 2488 5566 reantur
2509 5477 2810 5538 servorum
2831 5477 3245 5566 languentium
3264 5477 3516 5566 domini,
3535 5477 3826 5566 andepre-

483 5549 734 5614 videtur,
769 5549 1319 5622 exploratjustitias
1368 5549 1766 5620 singulorum,
1817 5557 1872 5606 et
1901 5558 2130 5608 mentes
2245 5560 2447 5610 cantes
2493 5569 2686 5624 aegros
2733 5571 2858 5614 non
2907 5549 3188 5617 d'eserant
3223 5549 3601 5622 medicifan
3625 5549 3824 5623 ferreus
