  <div class='ocr_page' id='page_1' title='image "/cluster/home/n/w/nwhite01/storage/ocr_20150623/145/hvd.32044054086921/590.png"; bbox 0 0 4016 6224; ppageno 0'>
   <div class='ocr_carea' id='block_1_1' title="bbox 221 280 361 338">
    <p class='ocr_par' dir='ltr' id='par_1_1' title="bbox 221 280 361 338">
     <span class='ocr_line' id='line_1_1' title="bbox 221 280 361 338; baseline -0.014 -1"><span class='ocrx_word' id='word_1_1' title='bbox 221 280 361 338; x_wconf 76' lang='grc'><strong>1169</strong></span> 
     </span>
    </p>
   </div>
   <div class='ocr_carea' id='block_1_2' title="bbox 221 400 1894 480">
    <p class='ocr_par' dir='ltr' id='par_1_2' title="bbox 221 400 1894 480">
     <span class='ocr_line' id='line_1_2' title="bbox 221 400 1894 480; baseline -0.003 -21"><span class='ocrx_word' id='word_1_2' title='bbox 221 403 554 480; x_wconf 75' lang='grc' dir='ltr'><strong>ἀφειδοῦντες</strong></span> <span class='ocrx_word' id='word_1_3' title='bbox 615 403 806 457; x_wconf 75' lang='grc' dir='ltr'>ἑαυτῶν</span> <span class='ocrx_word' id='word_1_4' title='bbox 853 407 942 455; x_wconf 85' lang='grc' dir='ltr'>καὶ</span> <span class='ocrx_word' id='word_1_5' title='bbox 989 400 1216 461; x_wconf 80' lang='grc' dir='ltr'>ἀλλήλων</span> <span class='ocrx_word' id='word_1_6' title='bbox 1286 405 1548 475; x_wconf 73' lang='grc' dir='ltr'>ἐχόμενοι,</span> <span class='ocrx_word' id='word_1_7' title='bbox 1604 402 1817 456; x_wconf 73' lang='grc' dir='ltr'>ἓπισκο·</span> <span class='ocrx_word' id='word_1_8' title='bbox 1847 407 1894 461; x_wconf 78' lang='grc' dir='ltr'>Α</span> 
     </span>
    </p>
   </div>
   <div class='ocr_carea' id='block_1_3' title="bbox 220 491 1822 566">
    <p class='ocr_par' dir='ltr' id='par_1_3' title="bbox 220 491 1822 566">
     <span class='ocr_line' id='line_1_3' title="bbox 220 491 1822 566; baseline -0.004 -17"><span class='ocrx_word' id='word_1_9' title='bbox 220 504 436 556; x_wconf 86' lang='grc' dir='ltr'>ποῦντις</span> <span class='ocrx_word' id='word_1_10' title='bbox 493 492 798 566; x_wconf 75' lang='grc' dir='ltr'><strong>ἀφυλάκτως</strong></span> <span class='ocrx_word' id='word_1_11' title='bbox 861 496 980 553; x_wconf 86' lang='grc' dir='ltr'>τούς</span> <span class='ocrx_word' id='word_1_12' title='bbox 1036 511 1339 556; x_wconf 86' lang='grc' dir='ltr'>νοσουντας,</span> <span class='ocrx_word' id='word_1_13' title='bbox 1399 491 1626 564; x_wconf 80' lang='grc' dir='ltr'><strong>λιπαρῶς</strong></span> <span class='ocrx_word' id='word_1_14' title='bbox 1689 493 1822 550; x_wconf 82' lang='grc' dir='ltr'>ύπη-</span> 
     </span>
    </p>
   </div>
   <div class='ocr_carea' id='block_1_4' title="bbox 221 581 1822 660">
    <p class='ocr_par' dir='ltr' id='par_1_4' title="bbox 221 581 1822 660">
     <span class='ocr_line' id='line_1_4' title="bbox 221 581 1822 660; baseline -0.003 -22"><span class='ocrx_word' id='word_1_15' title='bbox 221 588 540 660; x_wconf 84' lang='grc' dir='ltr'>ρετούμινοι,</span> <span class='ocrx_word' id='word_1_16' title='bbox 619 584 983 656; x_wconf 81' lang='grc' dir='ltr'>θεραπεύοντες</span> <span class='ocrx_word' id='word_1_17' title='bbox 1058 584 1106 634; x_wconf 76' lang='grc' dir='ltr'>ἓν</span> <span class='ocrx_word' id='word_1_18' title='bbox 1185 589 1424 656; x_wconf 80' lang='grc' dir='ltr'><strong>Χριστῷ,</strong></span> <span class='ocrx_word' id='word_1_19' title='bbox 1491 581 1822 639; x_wconf 88' lang='grc' dir='ltr'>συναπηλάτ-</span> 
     </span>
    </p>
   </div>
   <div class='ocr_carea' id='block_1_5' title="bbox 220 670 1822 745">
    <p class='ocr_par' dir='ltr' id='par_1_5' title="bbox 220 670 1822 745">
     <span class='ocr_line' id='line_1_5' title="bbox 220 670 1822 745; baseline -0.003 -18"><span class='ocrx_word' id='word_1_20' title='bbox 220 694 370 727; x_wconf 90' lang='grc' dir='ltr'>τοντο</span> <span class='ocrx_word' id='word_1_21' title='bbox 476 673 707 740; x_wconf 73' lang='grc' dir='ltr'>ἕκείνοις,</span> <span class='ocrx_word' id='word_1_22' title='bbox 811 670 1174 742; x_wconf 76' lang='grc' dir='ltr'>ἀσμενέστατα</span> <span class='ocrx_word' id='word_1_23' title='bbox 1265 678 1357 723; x_wconf 87' lang='grc' dir='ltr'><strong>τοῦ</strong></span> <span class='ocrx_word' id='word_1_24' title='bbox 1430 673 1553 745; x_wconf 87' lang='grc' dir='ltr'>παρ’</span> <span class='ocrx_word' id='word_1_25' title='bbox 1643 671 1822 743; x_wconf 78' lang='grc' dir='ltr'>ἐτέρων</span> 
     </span>
    </p>
   </div>
   <div class='ocr_carea' id='block_1_6' title="bbox 222 760 1822 835">
    <p class='ocr_par' dir='ltr' id='par_1_6' title="bbox 222 760 1822 835">
     <span class='ocr_line' id='line_1_6' title="bbox 222 760 1822 835; baseline -0.003 -19"><span class='ocrx_word' id='word_1_26' title='bbox 222 763 674 835; x_wconf 70' lang='grc' dir='ltr'><strong>ἀναπιμπλάμενοι</strong></span> <span class='ocrx_word' id='word_1_27' title='bbox 725 762 945 825; x_wconf 82' lang='grc' dir='ltr'><strong>πάθους,</strong></span> <span class='ocrx_word' id='word_1_28' title='bbox 996 765 1087 812; x_wconf 85' lang='grc' dir='ltr'>καὶ</span> <span class='ocrx_word' id='word_1_29' title='bbox 1143 766 1236 819; x_wconf 74' lang='grc' dir='ltr'>τὴν</span> <span class='ocrx_word' id='word_1_30' title='bbox 1286 765 1436 813; x_wconf 92' lang='grc' dir='ltr'>νόσον</span> <span class='ocrx_word' id='word_1_31' title='bbox 1485 760 1558 833; x_wconf 76' lang='grc' dir='ltr'><strong>ἐφ’</strong></span> <span class='ocrx_word' id='word_1_32' title='bbox 1610 760 1822 823; x_wconf 78' lang='grc' dir='ltr'>ἑαυτούς</span> 
     </span>
    </p>
   </div>
   <div class='ocr_carea' id='block_1_7' title="bbox 221 849 1826 922">
    <p class='ocr_par' dir='ltr' id='par_1_7' title="bbox 221 849 1826 922">
     <span class='ocr_line' id='line_1_7' title="bbox 221 849 1826 922; baseline -0.004 -13"><span class='ocrx_word' id='word_1_33' title='bbox 221 855 449 915; x_wconf 73' lang='grc' dir='ltr'><strong>ἕλκοντες</strong></span> <span class='ocrx_word' id='word_1_34' title='bbox 512 851 614 905; x_wconf 80' lang='grc' dir='ltr'><strong>ἀπὸ</strong></span> <span class='ocrx_word' id='word_1_35' title='bbox 674 859 773 903; x_wconf 89' lang='grc' dir='ltr'><strong>τῶν</strong></span> <span class='ocrx_word' id='word_1_36' title='bbox 826 851 1070 914; x_wconf 81' lang='grc' dir='ltr'><strong>πλησίον,</strong></span> <span class='ocrx_word' id='word_1_37' title='bbox 1129 855 1217 902; x_wconf 83' lang='grc' dir='ltr'>καὶ</span> <span class='ocrx_word' id='word_1_38' title='bbox 1271 851 1465 910; x_wconf 75' lang='grc' dir='ltr'>ἑκόντες</span> <span class='ocrx_word' id='word_1_39' title='bbox 1523 849 1826 922; x_wconf 82' lang='grc' dir='ltr'>ἀναμασσό-</span> 
     </span>
    </p>
   </div>
   <div class='ocr_carea' id='block_1_8' title="bbox 220 937 1817 1018">
    <p class='ocr_par' dir='ltr' id='par_1_8' title="bbox 220 937 1817 1018">
     <span class='ocr_line' id='line_1_8' title="bbox 220 937 1817 1018; baseline -0.003 -21"><span class='ocrx_word' id='word_1_40' title='bbox 220 964 363 1018; x_wconf 86' lang='grc' dir='ltr'>μενοι</span> <span class='ocrx_word' id='word_1_41' title='bbox 443 944 537 1004; x_wconf 78' lang='grc' dir='ltr'>τὰς</span> <span class='ocrx_word' id='word_1_42' title='bbox 611 937 910 1000; x_wconf 76' lang='grc' dir='ltr'>ἁληδόνας·</span> <span class='ocrx_word' id='word_1_43' title='bbox 967 945 1053 991; x_wconf 80' lang='grc' dir='ltr'>καὶ</span> <span class='ocrx_word' id='word_1_44' title='bbox 1114 939 1291 991; x_wconf 84' lang='grc' dir='ltr'>πολλοὶ</span> <span class='ocrx_word' id='word_1_45' title='bbox 1368 945 1817 1011; x_wconf 77' lang='grc' dir='ltr'>νοσοκομήσαντι-</span> 
     </span>
    </p>
   </div>
   <div class='ocr_carea' id='block_1_9' title="bbox 220 1027 1824 1107">
    <p class='ocr_par' dir='ltr' id='par_1_9' title="bbox 220 1027 1824 1107">
     <span class='ocr_line' id='line_1_9' title="bbox 220 1027 1824 1107; baseline -0.004 -21"><span class='ocrx_word' id='word_1_46' title='bbox 220 1039 311 1086; x_wconf 85' lang='grc' dir='ltr'>καὶ</span> <span class='ocrx_word' id='word_1_47' title='bbox 357 1033 616 1107; x_wconf 79' lang='grc' dir='ltr'>ῥώσαντες</span> <span class='ocrx_word' id='word_1_48' title='bbox 673 1029 896 1104; x_wconf 72' lang='grc' dir='ltr'>ἐτέρους,</span> <span class='ocrx_word' id='word_1_49' title='bbox 945 1027 1300 1093; x_wconf 79' lang='grc' dir='ltr'><strong>ἐτελεύτησαν,</strong></span> <span class='ocrx_word' id='word_1_50' title='bbox 1358 1028 1512 1080; x_wconf 79' lang='grc' dir='ltr'>αὑτὸν</span> <span class='ocrx_word' id='word_1_51' title='bbox 1561 1032 1646 1090; x_wconf 84' lang='grc' dir='ltr'><strong>τόν</strong></span> <span class='ocrx_word' id='word_1_52' title='bbox 1697 1028 1824 1080; x_wconf 83' lang='grc' dir='ltr'>ἐκεί-</span> 
     </span>
    </p>
   </div>
   <div class='ocr_carea' id='block_1_10' title="bbox 220 1114 1825 1190">
    <p class='ocr_par' dir='ltr' id='par_1_10' title="bbox 220 1114 1825 1190">
     <span class='ocr_line' id='line_1_10' title="bbox 220 1114 1825 1190; baseline -0.002 -15"><span class='ocrx_word' id='word_1_53' title='bbox 220 1145 318 1176; x_wconf 92' lang='grc' dir='ltr'><strong>νων</strong></span> <span class='ocrx_word' id='word_1_54' title='bbox 351 1123 570 1175; x_wconf 85' lang='grc' dir='ltr'>θάνατον</span> <span class='ocrx_word' id='word_1_55' title='bbox 615 1119 686 1181; x_wconf 87' lang='grc' dir='ltr'><strong>εἰς</strong></span> <span class='ocrx_word' id='word_1_56' title='bbox 731 1118 946 1179; x_wconf 79' lang='grc' dir='ltr'>ἑαυτούς</span> <span class='ocrx_word' id='word_1_57' title='bbox 979 1120 1454 1190; x_wconf 76' lang='grc' dir='ltr'><strong>μεταστησάμενοι,</strong></span> <span class='ocrx_word' id='word_1_58' title='bbox 1486 1122 1575 1170; x_wconf 81' lang='grc' dir='ltr'>καὶ</span> <span class='ocrx_word' id='word_1_59' title='bbox 1621 1121 1678 1170; x_wconf 91' lang='grc' dir='ltr'>τὸ</span> <span class='ocrx_word' id='word_1_60' title='bbox 1728 1114 1825 1177; x_wconf 85' lang='grc' dir='ltr'>δη-</span> 
     </span>
    </p>
   </div>
   <div class='ocr_carea' id='block_1_11' title="bbox 221 1205 1822 1287">
    <p class='ocr_par' dir='ltr' id='par_1_11' title="bbox 221 1205 1822 1287">
     <span class='ocr_line' id='line_1_11' title="bbox 221 1205 1822 1287; baseline -0.004 -21"><span class='ocrx_word' id='word_1_61' title='bbox 221 1209 395 1287; x_wconf 82' lang='grc' dir='ltr'>μῶδες</span> <span class='ocrx_word' id='word_1_62' title='bbox 423 1213 569 1287; x_wconf 80' lang='grc' dir='ltr'>ῥῆμα</span> <span class='ocrx_word' id='word_1_63' title='bbox 597 1214 760 1282; x_wconf 88' lang='grc' dir='ltr'>μόνης</span> <span class='ocrx_word' id='word_1_64' title='bbox 799 1207 876 1261; x_wconf 81' lang='grc' dir='ltr'>ἀεὶ</span> <span class='ocrx_word' id='word_1_65' title='bbox 904 1205 1091 1260; x_wconf 85' lang='grc' dir='ltr'>δοκοῦν</span> <span class='ocrx_word' id='word_1_66' title='bbox 1148 1208 1527 1280; x_wconf 77' lang='grc' dir='ltr'><strong>φιλοφροσύνης</strong></span> <span class='ocrx_word' id='word_1_67' title='bbox 1581 1209 1822 1280; x_wconf 83' lang='grc' dir='ltr'>ἔχεσθαι,</span> 
     </span>
    </p>
   </div>
   <div class='ocr_carea' id='block_1_12' title="bbox 223 1295 1824 1378">
    <p class='ocr_par' dir='ltr' id='par_1_12' title="bbox 223 1295 1824 1378">
     <span class='ocr_line' id='line_1_12' title="bbox 223 1295 1824 1378; baseline -0.004 -22"><span class='ocrx_word' id='word_1_68' title='bbox 223 1306 354 1378; x_wconf 73' lang='grc' dir='ltr'>ἔργῳ</span> <span class='ocrx_word' id='word_1_69' title='bbox 423 1297 490 1359; x_wconf 79' lang='grc' dir='ltr'>δὴ</span> <span class='ocrx_word' id='word_1_70' title='bbox 550 1305 668 1353; x_wconf 83' lang='grc' dir='ltr'>τότε</span> <span class='ocrx_word' id='word_1_71' title='bbox 723 1297 1094 1372; x_wconf 86' lang='grc' dir='ltr'>πλγηροῦντες,</span> <span class='ocrx_word' id='word_1_72' title='bbox 1138 1295 1371 1358; x_wconf 79' lang='grc' dir='ltr'><strong>ἀπιόντες</strong></span> <span class='ocrx_word' id='word_1_73' title='bbox 1398 1299 1603 1351; x_wconf 89' lang='grc' dir='ltr'>πάντων</span> <span class='ocrx_word' id='word_1_74' title='bbox 1657 1297 1824 1360; x_wconf 81' lang='grc' dir='ltr'>αύτῶς</span> 
     </span>
    </p>
   </div>
   <div class='ocr_carea' id='block_1_13' title="bbox 223 1383 1823 1465">
    <p class='ocr_par' dir='ltr' id='par_1_13' title="bbox 223 1383 1823 1465">
     <span class='ocr_line' id='line_1_13' title="bbox 223 1383 1823 1465; baseline -0.004 -21"><span class='ocrx_word' id='word_1_75' title='bbox 223 1390 520 1465; x_wconf 75' lang='grc' dir='ltr'>περίψημα,</span> <span class='ocrx_word' id='word_1_76' title='bbox 561 1389 628 1440; x_wconf 82' lang='grc' dir='ltr'><strong>Οἱ</strong></span> <span class='ocrx_word' id='word_1_77' title='bbox 672 1395 798 1458; x_wconf 88' lang='grc' dir='ltr'>γοῦν</span> <span class='ocrx_word' id='word_1_78' title='bbox 847 1387 1058 1461; x_wconf 82' lang='grc' dir='ltr'>ἄριστοι</span> <span class='ocrx_word' id='word_1_79' title='bbox 1088 1394 1187 1438; x_wconf 89' lang='grc' dir='ltr'><strong>τῶν</strong></span> <span class='ocrx_word' id='word_1_80' title='bbox 1244 1386 1366 1458; x_wconf 87' lang='grc' dir='ltr'>παρ’</span> <span class='ocrx_word' id='word_1_81' title='bbox 1411 1387 1536 1458; x_wconf 86' lang='grc' dir='ltr'>ἡμῖν</span> <span class='ocrx_word' id='word_1_82' title='bbox 1591 1383 1823 1459; x_wconf 81' lang='grc' dir='ltr'>ἀδελφῶν</span> 
     </span>
    </p>
   </div>
   <div class='ocr_carea' id='block_1_14' title="bbox 225 1473 1826 1550">
    <p class='ocr_par' dir='ltr' id='par_1_14' title="bbox 225 1473 1826 1550">
     <span class='ocr_line' id='line_1_14' title="bbox 225 1473 1826 1550; baseline -0.003 -17"><span class='ocrx_word' id='word_1_83' title='bbox 225 1489 408 1534; x_wconf 87' lang='grc' dir='ltr'>τοῦτον</span> <span class='ocrx_word' id='word_1_84' title='bbox 452 1482 538 1531; x_wconf 86' lang='grc' dir='ltr'>τὸν</span> <span class='ocrx_word' id='word_1_85' title='bbox 592 1482 780 1550; x_wconf 81' lang='grc' dir='ltr'>τρόπον</span> <span class='ocrx_word' id='word_1_86' title='bbox 835 1475 1172 1548; x_wconf 76' lang='grc' dir='ltr'><strong>ἐξεχώρησαν</strong></span> <span class='ocrx_word' id='word_1_87' title='bbox 1211 1483 1303 1527; x_wconf 90' lang='grc' dir='ltr'><strong>τοῦ</strong></span> <span class='ocrx_word' id='word_1_88' title='bbox 1364 1473 1502 1548; x_wconf 83' lang='grc' dir='ltr'>βίου,</span> <span class='ocrx_word' id='word_1_89' title='bbox 1545 1474 1826 1548; x_wconf 80' lang='grc' dir='ltr'>πρεσϐύτε-</span> 
     </span>
    </p>
   </div>
   <div class='ocr_carea' id='block_1_15' title="bbox 223 1562 1824 1646">
    <p class='ocr_par' dir='ltr' id='par_1_15' title="bbox 223 1562 1824 1646">
     <span class='ocr_line' id='line_1_15' title="bbox 223 1562 1824 1646; baseline -0.005 -22"><span class='ocrx_word' id='word_1_90' title='bbox 223 1575 308 1646; x_wconf 91' lang='grc' dir='ltr'><strong>ροί</strong></span> <span class='ocrx_word' id='word_1_91' title='bbox 345 1573 399 1622; x_wconf 78' lang='grc' dir='ltr'><strong><em>τὲ</em></strong></span> <span class='ocrx_word' id='word_1_92' title='bbox 429 1587 563 1627; x_wconf 84' lang='grc' dir='ltr'>τινες</span> <span class='ocrx_word' id='word_1_93' title='bbox 608 1571 698 1618; x_wconf 85' lang='grc' dir='ltr'>καὶ</span> <span class='ocrx_word' id='word_1_94' title='bbox 747 1562 1004 1629; x_wconf 85' lang='grc' dir='ltr'>διάκονοι,</span> <span class='ocrx_word' id='word_1_95' title='bbox 1037 1569 1127 1616; x_wconf 82' lang='grc' dir='ltr'>καὶ</span> <span class='ocrx_word' id='word_1_96' title='bbox 1156 1573 1255 1616; x_wconf 86' lang='grc' dir='ltr'><strong>τῶν</strong></span> <span class='ocrx_word' id='word_1_97' title='bbox 1294 1563 1395 1616; x_wconf 77' lang='grc' dir='ltr'>ἀπὸ</span> <span class='ocrx_word' id='word_1_98' title='bbox 1423 1572 1514 1616; x_wconf 88' lang='grc' dir='ltr'><strong>τοῦ</strong></span> <span class='ocrx_word' id='word_1_99' title='bbox 1544 1563 1668 1616; x_wconf 88' lang='grc' dir='ltr'>λαοῦ</span> <span class='ocrx_word' id='word_1_100' title='bbox 1711 1565 1824 1616; x_wconf 83' lang='grc' dir='ltr'>λίαν</span> 
     </span>
    </p>
   </div>
   <div class='ocr_carea' id='block_1_16' title="bbox 224 1651 1822 1730">
    <p class='ocr_par' dir='ltr' id='par_1_16' title="bbox 224 1651 1822 1730">
     <span class='ocr_line' id='line_1_16' title="bbox 224 1651 1822 1730; baseline -0.005 -17"><span class='ocrx_word' id='word_1_101' title='bbox 224 1659 583 1730; x_wconf 69' lang='grc' dir='ltr'>ἐπαινούμενοι</span> <span class='ocrx_word' id='word_1_102' title='bbox 617 1672 628 1684; x_wconf 92' lang='grc'><strong>·</strong></span> <span class='ocrx_word' id='word_1_103' title='bbox 665 1655 728 1715; x_wconf 89' lang='grc' dir='ltr'>ὠς</span> <span class='ocrx_word' id='word_1_104' title='bbox 781 1659 869 1706; x_wconf 79' lang='grc' dir='ltr'>καὶ</span> <span class='ocrx_word' id='word_1_105' title='bbox 921 1661 1012 1706; x_wconf 81' lang='grc' dir='ltr'><strong>τοῦ</strong></span> <span class='ocrx_word' id='word_1_106' title='bbox 1075 1655 1296 1705; x_wconf 88' lang='grc' dir='ltr'>θανάτου</span> <span class='ocrx_word' id='word_1_107' title='bbox 1345 1662 1498 1707; x_wconf 88' lang='grc' dir='ltr'>τοῦτο</span> <span class='ocrx_word' id='word_1_108' title='bbox 1555 1658 1611 1705; x_wconf 86' lang='grc' dir='ltr'>τὸ</span> <span class='ocrx_word' id='word_1_109' title='bbox 1667 1651 1822 1719; x_wconf 82' lang='grc' dir='ltr'>εἶδος,</span> 
     </span>
    </p>
   </div>
   <div class='ocr_carea' id='block_1_17' title="bbox 1259 274 2536 338">
    <p class='ocr_par' dir='ltr' id='par_1_17' title="bbox 1259 274 2536 338">
     <span class='ocr_line' id='line_1_17' title="bbox 1259 274 2536 338; baseline 0.002 -6"><span class='ocrx_word' id='word_1_110' title='bbox 1259 275 1828 338; x_wconf 67' lang='lat' dir='ltr'><strong>ECCLESIASTICAE</strong></span> <span class='ocrx_word' id='word_1_111' title='bbox 1868 274 2226 331; x_wconf 74' lang='lat' dir='ltr'><strong>HISTORI/E</strong></span> <span class='ocrx_word' id='word_1_112' title='bbox 2265 277 2402 332; x_wconf 88' lang='lat' dir='ltr'><strong>LIB.</strong></span> <span class='ocrx_word' id='word_1_113' title='bbox 2445 279 2536 335; x_wconf 93' lang='lat' dir='ltr'><strong>VI.</strong></span> 
     </span>
    </p>
   </div>
   <div class='ocr_carea' id='block_1_18' title="bbox 3438 280 3581 342">
    <p class='ocr_par' dir='ltr' id='par_1_18' title="bbox 3438 280 3581 342">
     <span class='ocr_line' id='line_1_18' title="bbox 3438 280 3581 342; baseline 0 -1"><span class='ocrx_word' id='word_1_114' title='bbox 3438 280 3581 342; x_wconf 77' lang='grc' dir='ltr'><strong>11Ἱο</strong></span> 
     </span>
    </p>
   </div>
   <div class='ocr_carea' id='block_1_19' title="bbox 1931 403 3596 482">
    <p class='ocr_par' dir='ltr' id='par_1_19' title="bbox 1931 403 3596 482">
     <span class='ocr_line' id='line_1_19' title="bbox 1931 403 3596 482; baseline 0.008 -25"><span class='ocrx_word' id='word_1_115' title='bbox 1931 408 2109 474; x_wconf 91' lang='lat' dir='ltr'><strong>atque</strong></span> <span class='ocrx_word' id='word_1_116' title='bbox 2154 403 2291 467; x_wconf 86' lang='lat' dir='ltr'><strong>alia,</strong></span> <span class='ocrx_word' id='word_1_117' title='bbox 2329 406 2672 462; x_wconf 76' lang='lat' dir='ltr'><strong>exercitium</strong></span> <span class='ocrx_word' id='word_1_118' title='bbox 2706 412 2886 480; x_wconf 90' lang='lat' dir='ltr'><strong>atque</strong></span> <span class='ocrx_word' id='word_1_119' title='bbox 2928 412 3280 482; x_wconf 85' lang='lat' dir='ltr'><strong>exploratio.</strong></span> <span class='ocrx_word' id='word_1_120' title='bbox 3323 411 3452 468; x_wconf 93' lang='lat' dir='ltr'><strong>Non</strong></span> <span class='ocrx_word' id='word_1_121' title='bbox 3495 411 3596 470; x_wconf 87' lang='lat' dir='ltr'><strong>illa</strong></span> 
     </span>
    </p>
   </div>
   <div class='ocr_carea' id='block_1_20' title="bbox 1930 492 3593 569">
    <p class='ocr_par' dir='ltr' id='par_1_20' title="bbox 1930 492 3593 569">
     <span class='ocr_line' id='line_1_20' title="bbox 1930 492 3593 569; baseline 0.007 -23"><span class='ocrx_word' id='word_1_122' title='bbox 1930 492 2176 564; x_wconf 87' lang='lat' dir='ltr'><strong>quidem</strong></span> <span class='ocrx_word' id='word_1_123' title='bbox 2203 509 2237 547; x_wconf 90' lang='lat' dir='ltr'><strong>a</strong></span> <span class='ocrx_word' id='word_1_124' title='bbox 2257 492 2434 548; x_wconf 89' lang='lat' dir='ltr'><strong>nobis</strong></span> <span class='ocrx_word' id='word_1_125' title='bbox 2462 495 2767 563; x_wconf 80' lang='lat' dir='ltr'><strong>abstinuit,</strong></span> <span class='ocrx_word' id='word_1_126' title='bbox 2797 497 2973 569; x_wconf 72' lang='grc'><strong>412</strong></span> <span class='ocrx_word' id='word_1_127' title='bbox 3012 515 3213 556; x_wconf 90' lang='lat' dir='ltr'><strong>verum</strong></span> <span class='ocrx_word' id='word_1_128' title='bbox 3243 500 3429 556; x_wconf 90' lang='lat' dir='ltr'><strong>multo</strong></span> <span class='ocrx_word' id='word_1_129' title='bbox 3459 513 3593 558; x_wconf 86' lang='lat' dir='ltr'><strong>ma&quot;</strong></span> 
     </span>
    </p>
   </div>
   <div class='ocr_carea' id='block_1_21' title="bbox 1929 582 3588 661">
    <p class='ocr_par' dir='ltr' id='par_1_21' title="bbox 1929 582 3588 661">
     <span class='ocr_line' id='line_1_21' title="bbox 1929 582 3588 661; baseline 0.007 -25"><span class='ocrx_word' id='word_1_130' title='bbox 1929 582 2089 636; x_wconf 84' lang='lat' dir='ltr'><strong>xime</strong></span> <span class='ocrx_word' id='word_1_131' title='bbox 2111 582 2170 636; x_wconf 90' lang='lat' dir='ltr'><strong>in</strong></span> <span class='ocrx_word' id='word_1_132' title='bbox 2195 587 2400 652; x_wconf 80' lang='lat' dir='ltr'><strong>gentes</strong></span> <span class='ocrx_word' id='word_1_133' title='bbox 2425 589 2511 638; x_wconf 90' lang='lat' dir='ltr'><strong>est</strong></span> <span class='ocrx_word' id='word_1_134' title='bbox 2538 591 2826 654; x_wconf 82' lang='lat' dir='ltr'><strong>grassata.</strong></span> <span class='ocrx_word' id='word_1_135' title='bbox 2857 610 2883 637; x_wconf 87' lang='lat'>»</span> <span class='ocrx_word' id='word_1_136' title='bbox 2918 589 3205 661; x_wconf 88' lang='lat' dir='ltr'><strong>Deinceps</strong></span> <span class='ocrx_word' id='word_1_137' title='bbox 3225 589 3356 645; x_wconf 56' lang='lat' dir='ltr'><strong>haec</strong></span> <span class='ocrx_word' id='word_1_138' title='bbox 3376 589 3588 649; x_wconf 88' lang='lat' dir='ltr'><strong>infert:</strong></span> 
     </span>
    </p>
   </div>
   <div class='ocr_carea' id='block_1_22' title="bbox 1931 671 3595 744">
    <p class='ocr_par' dir='ltr' id='par_1_22' title="bbox 1931 671 3595 744">
     <span class='ocr_line' id='line_1_22' title="bbox 1931 671 3595 744; baseline 0.008 -24"><span class='ocrx_word' id='word_1_139' title='bbox 1931 692 1959 720; x_wconf 86' lang='lat'>«</span> <span class='ocrx_word' id='word_1_140' title='bbox 1994 671 2232 725; x_wconf 86' lang='lat' dir='ltr'><strong>Plurimi</strong></span> <span class='ocrx_word' id='word_1_141' title='bbox 2267 671 2463 744; x_wconf 81' lang='lat' dir='ltr'><strong>itaque</strong></span> <span class='ocrx_word' id='word_1_142' title='bbox 2495 673 2724 739; x_wconf 86' lang='lat' dir='ltr'><strong>fratres,</strong></span> <span class='ocrx_word' id='word_1_143' title='bbox 2756 691 2866 744; x_wconf 91' lang='lat' dir='ltr'><strong>pro</strong></span> <span class='ocrx_word' id='word_1_144' title='bbox 2897 678 3201 733; x_wconf 84' lang='lat' dir='ltr'><strong>excellenti</strong></span> <span class='ocrx_word' id='word_1_145' title='bbox 3236 695 3346 734; x_wconf 91' lang='lat' dir='ltr'><strong>suo</strong></span> <span class='ocrx_word' id='word_1_146' title='bbox 3388 695 3595 735; x_wconf 89' lang='lat' dir='ltr'><strong>amore</strong></span> 
     </span>
    </p>
   </div>
   <div class='ocr_carea' id='block_1_23' title="bbox 1933 760 3596 840">
    <p class='ocr_par' dir='ltr' id='par_1_23' title="bbox 1933 760 3596 840">
     <span class='ocr_line' id='line_1_23' title="bbox 1933 760 3596 840; baseline 0.005 -24"><span class='ocrx_word' id='word_1_147' title='bbox 1933 764 1992 816; x_wconf 85' lang='lat' dir='ltr'><strong>et.</strong></span> <span class='ocrx_word' id='word_1_148' title='bbox 2028 760 2289 816; x_wconf 86' lang='lat' dir='ltr'><strong>fraterna</strong></span> <span class='ocrx_word' id='word_1_149' title='bbox 2319 762 2624 827; x_wconf 89' lang='lat' dir='ltr'><strong>charitate,</strong></span> <span class='ocrx_word' id='word_1_150' title='bbox 2660 764 2770 818; x_wconf 87' lang='lat' dir='ltr'><strong>sibi</strong></span> <span class='ocrx_word' id='word_1_151' title='bbox 2815 767 2957 836; x_wconf 89' lang='lat' dir='ltr'><strong>ipsis</strong></span> <span class='ocrx_word' id='word_1_152' title='bbox 3005 783 3126 823; x_wconf 93' lang='lat' dir='ltr'><strong>non</strong></span> <span class='ocrx_word' id='word_1_153' title='bbox 3167 773 3504 840; x_wconf 83' lang='lat' dir='ltr'><strong>parcentes,</strong></span> <span class='ocrx_word' id='word_1_154' title='bbox 3537 773 3596 824; x_wconf 90' lang='lat' dir='ltr'><strong>et</strong></span> 
     </span>
    </p>
   </div>
   <div class='ocr_carea' id='block_1_24' title="bbox 1933 848 3596 928">
    <p class='ocr_par' dir='ltr' id='par_1_24' title="bbox 1933 848 3596 928">
     <span class='ocr_line' id='line_1_24' title="bbox 1933 848 3596 928; baseline 0.006 -25"><span class='ocrx_word' id='word_1_155' title='bbox 1933 848 2085 904; x_wconf 90' lang='lat' dir='ltr'><strong>alius</strong></span> <span class='ocrx_word' id='word_1_156' title='bbox 2141 849 2218 904; x_wconf 89' lang='lat' dir='ltr'><strong>ab</strong></span> <span class='ocrx_word' id='word_1_157' title='bbox 2269 850 2386 904; x_wconf 90' lang='lat' dir='ltr'><strong>alio</strong></span> <span class='ocrx_word' id='word_1_158' title='bbox 2435 850 2688 907; x_wconf 87' lang='lat' dir='ltr'><strong>invicem</strong></span> <span class='ocrx_word' id='word_1_159' title='bbox 2737 853 2956 910; x_wconf 88' lang='lat' dir='ltr'><strong>animis</strong></span> <span class='ocrx_word' id='word_1_160' title='bbox 2989 856 3415 928; x_wconf 85' lang='lat' dir='ltr'><strong>dependentes,</strong></span> <span class='ocrx_word' id='word_1_161' title='bbox 3469 858 3596 913; x_wconf 86' lang='lat' dir='ltr'><strong>sine</strong></span> 
     </span>
    </p>
   </div>
   <div class='ocr_carea' id='block_1_25' title="bbox 1934 941 3595 1016">
    <p class='ocr_par' dir='ltr' id='par_1_25' title="bbox 1934 941 3595 1016">
     <span class='ocr_line' id='line_1_25' title="bbox 1934 941 3595 1016; baseline 0.006 -24"><span class='ocrx_word' id='word_1_162' title='bbox 1934 945 2096 993; x_wconf 88' lang='lat' dir='ltr'><strong>metu</strong></span> <span class='ocrx_word' id='word_1_163' title='bbox 2138 941 2302 994; x_wconf 88' lang='lat' dir='ltr'><strong>omni</strong></span> <span class='ocrx_word' id='word_1_164' title='bbox 2341 948 2595 1011; x_wconf 74' lang='lat' dir='ltr'><strong>aegrotos</strong></span> <span class='ocrx_word' id='word_1_165' title='bbox 2637 942 2947 999; x_wconf 89' lang='lat' dir='ltr'><strong>visitarunt</strong></span> <span class='ocrx_word' id='word_1_166' title='bbox 2981 959 2994 999; x_wconf 88' lang='lat'><strong>:</strong></span> <span class='ocrx_word' id='word_1_167' title='bbox 3027 952 3082 1000; x_wconf 84' lang='lat' dir='ltr'><strong>et</strong></span> <span class='ocrx_word' id='word_1_168' title='bbox 3124 961 3346 1016; x_wconf 89' lang='lat' dir='ltr'><strong>magno</strong></span> <span class='ocrx_word' id='word_1_169' title='bbox 3396 947 3595 1002; x_wconf 90' lang='lat' dir='ltr'><strong>studio</strong></span> 
     </span>
    </p>
   </div>
   <div class='ocr_carea' id='block_1_26' title="bbox 1933 1027 3596 1104">
    <p class='ocr_par' dir='ltr' id='par_1_26' title="bbox 1933 1027 3596 1104">
     <span class='ocr_line' id='line_1_26' title="bbox 1933 1027 3596 1104; baseline 0.004 -20"><span class='ocrx_word' id='word_1_170' title='bbox 1933 1035 1990 1084; x_wconf 91' lang='lat' dir='ltr'><strong>et</strong></span> <span class='ocrx_word' id='word_1_171' title='bbox 2027 1044 2171 1083; x_wconf 91' lang='lat' dir='ltr'><strong>cura</strong></span> <span class='ocrx_word' id='word_1_172' title='bbox 2199 1027 2314 1083; x_wconf 86' lang='lat' dir='ltr'><strong>illis</strong></span> <span class='ocrx_word' id='word_1_173' title='bbox 2346 1029 2408 1084; x_wconf 89' lang='lat' dir='ltr'><strong>in</strong></span> <span class='ocrx_word' id='word_1_174' title='bbox 2437 1030 2668 1087; x_wconf 84' lang='lat' dir='ltr'><strong>Christo</strong></span> <span class='ocrx_word' id='word_1_175' title='bbox 2709 1033 3121 1104; x_wconf 87' lang='lat' dir='ltr'><strong>inservientes,</strong></span> <span class='ocrx_word' id='word_1_176' title='bbox 3154 1052 3277 1090; x_wconf 90' lang='lat' dir='ltr'><strong>una</strong></span> <span class='ocrx_word' id='word_1_177' title='bbox 3311 1051 3450 1090; x_wconf 90' lang='lat' dir='ltr'><strong>cum</strong></span> <span class='ocrx_word' id='word_1_178' title='bbox 3481 1035 3596 1090; x_wconf 87' lang='lat' dir='ltr'><strong>illis</strong></span> 
     </span>
    </p>
   </div>
   <div class='ocr_carea' id='block_1_27' title="bbox 1934 1118 3596 1192">
    <p class='ocr_par' dir='ltr' id='par_1_27' title="bbox 1934 1118 3596 1192">
     <span class='ocr_line' id='line_1_27' title="bbox 1934 1118 3596 1192; baseline 0.005 -20"><span class='ocrx_word' id='word_1_179' title='bbox 1934 1118 2152 1173; x_wconf 89' lang='lat' dir='ltr'><strong>mortui</strong></span> <span class='ocrx_word' id='word_1_180' title='bbox 2200 1123 2356 1185; x_wconf 90' lang='lat' dir='ltr'><strong>sunt,</strong></span> <span class='ocrx_word' id='word_1_181' title='bbox 2412 1134 2703 1192; x_wconf 87' lang='lat' dir='ltr'><strong>perquam</strong></span> <span class='ocrx_word' id='word_1_182' title='bbox 2765 1123 3011 1178; x_wconf 89' lang='lat' dir='ltr'><strong>libenter</strong></span> <span class='ocrx_word' id='word_1_183' title='bbox 3075 1125 3334 1180; x_wconf 88' lang='lat' dir='ltr'><strong>aliorum</strong></span> <span class='ocrx_word' id='word_1_184' title='bbox 3391 1124 3596 1180; x_wconf 89' lang='lat' dir='ltr'><strong>dolore</strong></span> 
     </span>
    </p>
   </div>
   <div class='ocr_carea' id='block_1_28' title="bbox 1935 1199 3597 1282">
    <p class='ocr_par' dir='ltr' id='par_1_28' title="bbox 1935 1199 3597 1282">
     <span class='ocr_line' id='line_1_28' title="bbox 1935 1199 3597 1282; baseline 0.005 -22"><span class='ocrx_word' id='word_1_185' title='bbox 1935 1208 2162 1278; x_wconf 87' lang='lat' dir='ltr'><strong>seipsos</strong></span> <span class='ocrx_word' id='word_1_186' title='bbox 2189 1207 2525 1278; x_wconf 90' lang='lat' dir='ltr'><strong>implentes,</strong></span> <span class='ocrx_word' id='word_1_187' title='bbox 2560 1211 2961 1282; x_wconf 88' lang='lat' dir='ltr'><strong>morbumque</strong></span> <span class='ocrx_word' id='word_1_188' title='bbox 2985 1199 3407 1282; x_wconf 77' lang='lat' dir='ltr'><strong>proximorum</strong></span> <span class='ocrx_word' id='word_1_189' title='bbox 3445 1213 3503 1268; x_wconf 89' lang='lat' dir='ltr'><strong>in</strong></span> <span class='ocrx_word' id='word_1_190' title='bbox 3533 1229 3597 1269; x_wconf 91' lang='lat' dir='ltr'><strong>se</strong></span> 
     </span>
    </p>
   </div>
   <div class='ocr_carea' id='block_1_29' title="bbox 1933 1296 3593 1370">
    <p class='ocr_par' dir='ltr' id='par_1_29' title="bbox 1933 1296 3593 1370">
     <span class='ocr_line' id='line_1_29' title="bbox 1933 1296 3593 1370; baseline 0.004 -20"><span class='ocrx_word' id='word_1_191' title='bbox 1933 1296 2360 1368; x_wconf 89' lang='lat' dir='ltr'><strong>pertrahentes,</strong></span> <span class='ocrx_word' id='word_1_192' title='bbox 2398 1313 2468 1353; x_wconf 89' lang='lat' dir='ltr'><strong>ac</strong></span> <span class='ocrx_word' id='word_1_193' title='bbox 2508 1313 2630 1352; x_wconf 90' lang='lat' dir='ltr'><strong>non</strong></span> <span class='ocrx_word' id='word_1_194' title='bbox 2675 1305 2918 1369; x_wconf 83' lang='lat' dir='ltr'><strong>gravate</strong></span> <span class='ocrx_word' id='word_1_195' title='bbox 2957 1301 3196 1356; x_wconf 88' lang='lat' dir='ltr'><strong>dolores</strong></span> <span class='ocrx_word' id='word_1_196' title='bbox 3232 1302 3593 1370; x_wconf 84' lang='lat' dir='ltr'><strong>mitigantes.</strong></span> 
     </span>
    </p>
   </div>
   <div class='ocr_carea' id='block_1_30' title="bbox 1935 1385 3599 1460">
    <p class='ocr_par' dir='ltr' id='par_1_30' title="bbox 1935 1385 3599 1460">
     <span class='ocr_line' id='line_1_30' title="bbox 1935 1385 3599 1460; baseline 0.004 -20"><span class='ocrx_word' id='word_1_197' title='bbox 1935 1385 2088 1440; x_wconf 83' lang='lat' dir='ltr'><strong>Multi</strong></span> <span class='ocrx_word' id='word_1_198' title='bbox 2129 1392 2404 1441; x_wconf 89' lang='lat' dir='ltr'><strong>curantes</strong></span> <span class='ocrx_word' id='word_1_199' title='bbox 2451 1393 2630 1458; x_wconf 87' lang='lat' dir='ltr'><strong>atque</strong></span> <span class='ocrx_word' id='word_1_200' title='bbox 2665 1389 3091 1445; x_wconf 88' lang='lat' dir='ltr'><strong>conﬁrmantes</strong></span> <span class='ocrx_word' id='word_1_201' title='bbox 3129 1389 3299 1455; x_wconf 86' lang='lat' dir='ltr'><strong>alios,</strong></span> <span class='ocrx_word' id='word_1_202' title='bbox 3349 1390 3462 1460; x_wconf 87' lang='lat' dir='ltr'><strong>ipsi</strong></span> <span class='ocrx_word' id='word_1_203' title='bbox 3500 1390 3599 1446; x_wconf 90' lang='lat' dir='ltr'><strong>de-</strong></span> 
     </span>
    </p>
   </div>
   <div class='ocr_carea' id='block_1_31' title="bbox 1935 1476 3595 1549">
    <p class='ocr_par' dir='ltr' id='par_1_31' title="bbox 1935 1476 3595 1549">
     <span class='ocr_line' id='line_1_31' title="bbox 1935 1476 3595 1549; baseline 0.004 -20"><span class='ocrx_word' id='word_1_204' title='bbox 1935 1479 2264 1542; x_wconf 87' lang='lat' dir='ltr'><strong>cesserunt,</strong></span> <span class='ocrx_word' id='word_1_205' title='bbox 2289 1481 2540 1531; x_wconf 91' lang='lat' dir='ltr'><strong>mortem</strong></span> <span class='ocrx_word' id='word_1_206' title='bbox 2561 1476 2795 1532; x_wconf 91' lang='lat' dir='ltr'><strong>illorum</strong></span> <span class='ocrx_word' id='word_1_207' title='bbox 2817 1477 2876 1532; x_wconf 89' lang='lat' dir='ltr'><strong>in</strong></span> <span class='ocrx_word' id='word_1_208' title='bbox 2897 1479 3129 1549; x_wconf 90' lang='lat' dir='ltr'><strong>seipsos</strong></span> <span class='ocrx_word' id='word_1_209' title='bbox 3151 1478 3595 1535; x_wconf 83' lang='lat' dir='ltr'><strong>transferentes.</strong></span> 
     </span>
    </p>
   </div>
   <div class='ocr_carea' id='block_1_32' title="bbox 1936 1563 3597 1638">
    <p class='ocr_par' dir='ltr' id='par_1_32' title="bbox 1936 1563 3597 1638">
     <span class='ocr_line' id='line_1_32' title="bbox 1936 1563 3597 1638; baseline 0.004 -21"><span class='ocrx_word' id='word_1_210' title='bbox 1936 1564 2021 1618; x_wconf 86' lang='lat' dir='ltr'><strong>Ita</strong></span> <span class='ocrx_word' id='word_1_211' title='bbox 2045 1563 2352 1633; x_wconf 88' lang='lat' dir='ltr'><strong>vulgatum</strong></span> <span class='ocrx_word' id='word_1_212' title='bbox 2386 1565 2529 1620; x_wconf 91' lang='lat' dir='ltr'><strong>illud</strong></span> <span class='ocrx_word' id='word_1_213' title='bbox 2567 1566 2838 1632; x_wconf 87' lang='lat' dir='ltr'><strong>verbum,</strong></span> <span class='ocrx_word' id='word_1_214' title='bbox 2879 1568 3045 1638; x_wconf 89' lang='lat' dir='ltr'><strong>quod</strong></span> <span class='ocrx_word' id='word_1_215' title='bbox 3082 1569 3376 1624; x_wconf 88' lang='lat' dir='ltr'><strong>comitatis</strong></span> <span class='ocrx_word' id='word_1_216' title='bbox 3411 1569 3597 1624; x_wconf 89' lang='lat' dir='ltr'><strong>solius</strong></span> 
     </span>
    </p>
   </div>
   <div class='ocr_carea' id='block_1_33' title="bbox 1935 1653 3598 1726">
    <p class='ocr_par' dir='ltr' id='par_1_33' title="bbox 1935 1653 3598 1726">
     <span class='ocr_line' id='line_1_33' title="bbox 1935 1653 3598 1726; baseline 0.003 -17"><span class='ocrx_word' id='word_1_217' title='bbox 1935 1660 1991 1709; x_wconf 90' lang='lat' dir='ltr'><strong>et</strong></span> <span class='ocrx_word' id='word_1_218' title='bbox 2008 1653 2434 1709; x_wconf 76' lang='lat' dir='ltr'><strong>benevolentiae</strong></span> <span class='ocrx_word' id='word_1_219' title='bbox 2456 1670 2692 1726; x_wconf 90' lang='lat' dir='ltr'><strong>semper</strong></span> <span class='ocrx_word' id='word_1_220' title='bbox 2713 1656 2908 1710; x_wconf 89' lang='lat' dir='ltr'><strong>visum</strong></span> <span class='ocrx_word' id='word_1_221' title='bbox 2933 1663 3038 1722; x_wconf 91' lang='lat' dir='ltr'><strong>est,</strong></span> <span class='ocrx_word' id='word_1_222' title='bbox 3065 1657 3237 1724; x_wconf 79' lang='lat' dir='ltr'><strong>factis</strong></span> <span class='ocrx_word' id='word_1_223' title='bbox 3263 1663 3388 1712; x_wconf 90' lang='lat' dir='ltr'><strong>tum</strong></span> <span class='ocrx_word' id='word_1_224' title='bbox 3409 1659 3598 1714; x_wconf 89' lang='lat' dir='ltr'><strong>adim-</strong></span> 
     </span>
    </p>
   </div>
   <div class='ocr_carea' id='block_1_34' title="bbox 226 1742 1826 1823">
    <p class='ocr_par' dir='ltr' id='par_1_34' title="bbox 226 1742 1822 1816">
     <span class='ocr_line' id='line_1_34' title="bbox 226 1742 1822 1816; baseline -0.006 -14"><span class='ocrx_word' id='word_1_225' title='bbox 226 1747 323 1802; x_wconf 81' lang='grc' dir='ltr'>διὰ</span> <span class='ocrx_word' id='word_1_226' title='bbox 372 1746 564 1804; x_wconf 78' lang='grc' dir='ltr'>πολλὴν</span> <span class='ocrx_word' id='word_1_227' title='bbox 604 1743 865 1797; x_wconf 76' lang='grc' dir='ltr'>εὐσέϐειαν</span> <span class='ocrx_word' id='word_1_228' title='bbox 916 1747 1006 1795; x_wconf 84' lang='grc' dir='ltr'>καὶ</span> <span class='ocrx_word' id='word_1_229' title='bbox 1061 1748 1240 1795; x_wconf 79' lang='grc' dir='ltr'>πίστιν</span> <span class='ocrx_word' id='word_1_230' title='bbox 1284 1742 1508 1816; x_wconf 85' lang='grc' dir='ltr'>ἰσχυρόν</span> <span class='ocrx_word' id='word_1_231' title='bbox 1536 1747 1822 1814; x_wconf 84' lang='grc' dir='ltr'>γενόμενον,</span> 
     </span>
    </p>
   </div>
   <div class='ocr_carea' id='block_1_35' title="bbox 1938 1742 3597 1823">
    <p class='ocr_par' dir='ltr' id='par_1_35' title="bbox 1938 1743 3597 1817">
     <span class='ocr_line' id='line_1_35' title="bbox 1938 1743 3597 1817; baseline 0.004 -21"><span class='ocrx_word' id='word_1_232' title='bbox 1938 1743 2192 1813; x_wconf 88' lang='lat' dir='ltr'><strong>plerunt,</strong></span> <span class='ocrx_word' id='word_1_233' title='bbox 2220 1743 2367 1796; x_wconf 90' lang='lat' dir='ltr'><strong>dum</strong></span> <span class='ocrx_word' id='word_1_234' title='bbox 2395 1743 2472 1797; x_wconf 84' lang='lat' dir='ltr'><strong>ad</strong></span> <span class='ocrx_word' id='word_1_235' title='bbox 2499 1759 2638 1798; x_wconf 90' lang='lat' dir='ltr'><strong>eum</strong></span> <span class='ocrx_word' id='word_1_236' title='bbox 2666 1744 2916 1799; x_wconf 92' lang='lat' dir='ltr'><strong>modum</strong></span> <span class='ocrx_word' id='word_1_237' title='bbox 2945 1745 3319 1811; x_wconf 90' lang='lat' dir='ltr'><strong>decedentes,</strong></span> <span class='ocrx_word' id='word_1_238' title='bbox 3353 1762 3416 1802; x_wconf 88' lang='lat' dir='ltr'><strong>se</strong></span> <span class='ocrx_word' id='word_1_239' title='bbox 3451 1747 3597 1817; x_wconf 87' lang='lat' dir='ltr'><strong>peri-</strong></span> 
     </span>
    </p>
   </div>
   <div class='ocr_carea' id='block_1_36' title="bbox 223 1829 1826 1912">
    <p class='ocr_par' dir='ltr' id='par_1_36' title="bbox 223 1829 1826 1912">
     <span class='ocr_line' id='line_1_36' title="bbox 223 1829 1826 1912; baseline -0.004 -22"><span class='ocrx_word' id='word_1_240' title='bbox 223 1834 393 1912; x_wconf 70' lang='grc' dir='ltr'>μηδὲν</span> <span class='ocrx_word' id='word_1_241' title='bbox 425 1832 638 1888; x_wconf 72' lang='grc' dir='ltr'>ἀποδεῖν</span> <span class='ocrx_word' id='word_1_242' title='bbox 669 1836 960 1906; x_wconf 81' lang='grc' dir='ltr'>μαρτυρίου</span> <span class='ocrx_word' id='word_1_243' title='bbox 1015 1829 1208 1889; x_wconf 83' lang='grc' dir='ltr'>δοκεῖν.</span> <span class='ocrx_word' id='word_1_244' title='bbox 1259 1838 1357 1885; x_wconf 82' lang='grc' dir='ltr'><strong>Καὶ</strong></span> <span class='ocrx_word' id='word_1_245' title='bbox 1407 1835 1472 1885; x_wconf 85' lang='grc' dir='ltr'>τὰ</span> <span class='ocrx_word' id='word_1_246' title='bbox 1511 1837 1732 1904; x_wconf 77' lang='grc' dir='ltr'>σώματα</span> <span class='ocrx_word' id='word_1_247' title='bbox 1768 1830 1826 1885; x_wconf 75' lang='grc' dir='ltr'>δὲ</span> 
     </span>
    </p>
   </div>
   <div class='ocr_carea' id='block_1_37' title="bbox 222 1920 1826 1997">
    <p class='ocr_par' dir='ltr' id='par_1_37' title="bbox 222 1920 1826 1997">
     <span class='ocr_line' id='line_1_37' title="bbox 222 1920 1826 1997; baseline -0.006 -16"><span class='ocrx_word' id='word_1_248' title='bbox 222 1937 325 1981; x_wconf 85' lang='grc' dir='ltr'><strong>τῶν</strong></span> <span class='ocrx_word' id='word_1_249' title='bbox 362 1926 523 1997; x_wconf 87' lang='grc' dir='ltr'>ἁγίων</span> <span class='ocrx_word' id='word_1_250' title='bbox 566 1926 779 1985; x_wconf 79' lang='grc' dir='ltr'>ὑπτίαις</span> <span class='ocrx_word' id='word_1_251' title='bbox 815 1928 976 1994; x_wconf 81' lang='grc' dir='ltr'>χερσὶ</span> <span class='ocrx_word' id='word_1_252' title='bbox 1032 1927 1123 1974; x_wconf 79' lang='grc' dir='ltr'><strong>καὶ</strong></span> <span class='ocrx_word' id='word_1_253' title='bbox 1170 1921 1383 1982; x_wconf 80' lang='grc' dir='ltr'>κόλποις</span> <span class='ocrx_word' id='word_1_254' title='bbox 1437 1920 1826 1990; x_wconf 79' lang='grc' dir='ltr'>ὑπολαμϐάνον-</span> 
     </span>
    </p>
   </div>
   <div class='ocr_carea' id='block_1_38' title="bbox 221 2011 1828 2090">
    <p class='ocr_par' dir='ltr' id='par_1_38' title="bbox 221 2011 1828 2090">
     <span class='ocr_line' id='line_1_38' title="bbox 221 2011 1828 2090; baseline 0.001 -28"><span class='ocrx_word' id='word_1_255' title='bbox 221 2037 320 2082; x_wconf 75' lang='grc' dir='ltr'>τες,</span> <span class='ocrx_word' id='word_1_256' title='bbox 375 2017 744 2090; x_wconf 78' lang='grc' dir='ltr'>καθαιροῦντές</span> <span class='ocrx_word' id='word_1_257' title='bbox 791 2031 846 2064; x_wconf 89' lang='grc' dir='ltr'><strong>τε</strong></span> <span class='ocrx_word' id='word_1_258' title='bbox 899 2011 1214 2082; x_wconf 83' lang='grc' dir='ltr'>ὀφθαλμούς,</span> <span class='ocrx_word' id='word_1_259' title='bbox 1274 2016 1363 2062; x_wconf 83' lang='grc' dir='ltr'>καὶ</span> <span class='ocrx_word' id='word_1_260' title='bbox 1415 2015 1648 2082; x_wconf 89' lang='grc' dir='ltr'>στόματα</span> <span class='ocrx_word' id='word_1_261' title='bbox 1701 2031 1828 2082; x_wconf 91' lang='grc' dir='ltr'>συγ-</span> 
     </span>
    </p>
   </div>
   <div class='ocr_carea' id='block_1_39' title="bbox 219 2096 1826 2175">
    <p class='ocr_par' dir='ltr' id='par_1_39' title="bbox 219 2096 1826 2175">
     <span class='ocr_line' id='line_1_39' title="bbox 219 2096 1826 2175; baseline -0.004 -16"><span class='ocrx_word' id='word_1_262' title='bbox 219 2107 492 2168; x_wconf 82' lang='grc' dir='ltr'>κλείοντες,</span> <span class='ocrx_word' id='word_1_263' title='bbox 550 2104 938 2175; x_wconf 79' lang='grc' dir='ltr'>ὠμοφοροῦντές</span> <span class='ocrx_word' id='word_1_264' title='bbox 991 2120 1047 2153; x_wconf 86' lang='grc' dir='ltr'><strong>τε</strong></span> <span class='ocrx_word' id='word_1_265' title='bbox 1116 2104 1205 2153; x_wconf 81' lang='grc' dir='ltr'>καὶ</span> <span class='ocrx_word' id='word_1_266' title='bbox 1271 2096 1608 2165; x_wconf 76' lang='grc' dir='ltr'>διατιθέντες,</span> <span class='ocrx_word' id='word_1_267' title='bbox 1667 2119 1826 2174; x_wconf 80' lang='grc' dir='ltr'>προσ-</span> 
     </span>
    </p>
   </div>
   <div class='ocr_carea' id='block_1_40' title="bbox 218 2188 1827 2267">
    <p class='ocr_par' dir='ltr' id='par_1_40' title="bbox 218 2188 1827 2267">
     <span class='ocr_line' id='line_1_40' title="bbox 218 2188 1827 2267; baseline -0.005 -18"><span class='ocrx_word' id='word_1_268' title='bbox 218 2195 550 2267; x_wconf 83' lang='grc' dir='ltr'>κολλώμενοι,</span> <span class='ocrx_word' id='word_1_269' title='bbox 684 2190 1115 2264; x_wconf 85' lang='grc' dir='ltr'>συμπλεκόμενοι,</span> <span class='ocrx_word' id='word_1_270' title='bbox 1229 2188 1460 2263; x_wconf 88' lang='grc' dir='ltr'>λουτροῖς</span> <span class='ocrx_word' id='word_1_271' title='bbox 1583 2208 1636 2241; x_wconf 87' lang='grc' dir='ltr'><strong>τε</strong></span> <span class='ocrx_word' id='word_1_272' title='bbox 1736 2194 1827 2241; x_wconf 82' lang='grc' dir='ltr'>καὶ</span> 
     </span>
    </p>
   </div>
   <div class='ocr_carea' id='block_1_41' title="bbox 216 2277 1828 2358">
    <p class='ocr_par' dir='ltr' id='par_1_41' title="bbox 216 2277 1828 2358">
     <span class='ocr_line' id='line_1_41' title="bbox 216 2277 1828 2358; baseline -0.005 -19"><span class='ocrx_word' id='word_1_273' title='bbox 216 2283 562 2358; x_wconf 86' lang='grc' dir='ltr'>περιστολαῖς</span> <span class='ocrx_word' id='word_1_274' title='bbox 607 2288 1083 2353; x_wconf 74' lang='grc' dir='ltr'>κατακοσμοῦντες,</span> <span class='ocrx_word' id='word_1_275' title='bbox 1145 2281 1278 2351; x_wconf 84' lang='grc' dir='ltr'><strong>μετά</strong></span> <span class='ocrx_word' id='word_1_276' title='bbox 1346 2281 1533 2354; x_wconf 87' lang='grc' dir='ltr'>μικρὸν</span> <span class='ocrx_word' id='word_1_277' title='bbox 1599 2277 1828 2350; x_wconf 72' lang='grc' dir='ltr'>ἐτύγχα-</span> 
     </span>
    </p>
   </div>
   <div class='ocr_carea' id='block_1_42' title="bbox 217 2368 1826 2441">
    <p class='ocr_par' dir='ltr' id='par_1_42' title="bbox 217 2368 1826 2441">
     <span class='ocr_line' id='line_1_42' title="bbox 217 2368 1826 2441; baseline -0.006 -14"><span class='ocrx_word' id='word_1_278' title='bbox 217 2394 306 2427; x_wconf 88' lang='grc' dir='ltr'><strong>νον</strong></span> <span class='ocrx_word' id='word_1_279' title='bbox 357 2382 456 2425; x_wconf 89' lang='grc' dir='ltr'><strong>τῶν</strong></span> <span class='ocrx_word' id='word_1_280' title='bbox 513 2375 661 2436; x_wconf 81' lang='grc' dir='ltr'>ἰσων,</span> <span class='ocrx_word' id='word_1_281' title='bbox 744 2369 821 2422; x_wconf 80' lang='grc' dir='ltr'><strong>ἀεὶ</strong></span> <span class='ocrx_word' id='word_1_282' title='bbox 887 2377 986 2422; x_wconf 90' lang='grc' dir='ltr'><strong>τῶν</strong></span> <span class='ocrx_word' id='word_1_283' title='bbox 1044 2368 1452 2440; x_wconf 78' lang='grc' dir='ltr'>ὑπολειπομένων</span> <span class='ocrx_word' id='word_1_284' title='bbox 1510 2368 1826 2441; x_wconf 80' lang='grc' dir='ltr'>ἑφεπομένων</span> 
     </span>
    </p>
   </div>
   <div class='ocr_carea' id='block_1_43' title="bbox 217 2456 1826 2538">
    <p class='ocr_par' dir='ltr' id='par_1_43' title="bbox 217 2456 1826 2538">
     <span class='ocr_line' id='line_1_43' title="bbox 217 2456 1826 2538; baseline -0.004 -21"><span class='ocrx_word' id='word_1_285' title='bbox 217 2472 334 2526; x_wconf 92' lang='grc' dir='ltr'>τοῖς</span> <span class='ocrx_word' id='word_1_286' title='bbox 371 2465 471 2538; x_wconf 87' lang='grc' dir='ltr'>πρὸ</span> <span class='ocrx_word' id='word_1_287' title='bbox 504 2461 692 2513; x_wconf 80' lang='grc' dir='ltr'>αὐτῶν.</span> <span class='ocrx_word' id='word_1_288' title='bbox 720 2463 798 2513; x_wconf 81' lang='grc' dir='ltr'><strong>Τὰ</strong></span> <span class='ocrx_word' id='word_1_289' title='bbox 847 2456 905 2512; x_wconf 85' lang='grc' dir='ltr'>δέ</span> <span class='ocrx_word' id='word_1_290' title='bbox 949 2477 1010 2531; x_wconf 87' lang='grc' dir='ltr'><strong>γε</strong></span> <span class='ocrx_word' id='word_1_291' title='bbox 1052 2460 1167 2517; x_wconf 82' lang='grc' dir='ltr'>ἔθνη</span> <span class='ocrx_word' id='word_1_292' title='bbox 1201 2463 1301 2510; x_wconf 89' lang='grc' dir='ltr'>πᾶν</span> <span class='ocrx_word' id='word_1_293' title='bbox 1348 2460 1642 2510; x_wconf 81' lang='grc' dir='ltr'>τούναντίον</span> <span class='ocrx_word' id='word_1_294' title='bbox 1682 2472 1695 2484; x_wconf 93' lang='grc'><strong>·</strong></span> <span class='ocrx_word' id='word_1_295' title='bbox 1735 2463 1826 2510; x_wconf 86' lang='grc' dir='ltr'>καὶ</span> 
     </span>
    </p>
   </div>
   <div class='ocr_carea' id='block_1_44' title="bbox 215 2545 1828 2626">
    <p class='ocr_par' dir='ltr' id='par_1_44' title="bbox 215 2545 1828 2626">
     <span class='ocr_line' id='line_1_44' title="bbox 215 2545 1828 2626; baseline -0.005 -19"><span class='ocrx_word' id='word_1_296' title='bbox 215 2559 390 2607; x_wconf 78' lang='grc' dir='ltr'>νοσεῖν</span> <span class='ocrx_word' id='word_1_297' title='bbox 431 2550 754 2626; x_wconf 79' lang='grc' dir='ltr'>ἀρχομένους</span> <span class='ocrx_word' id='word_1_298' title='bbox 803 2547 1104 2601; x_wconf 80' lang='grc' dir='ltr'>ἀπωθοῦντο</span> <span class='ocrx_word' id='word_1_299' title='bbox 1138 2565 1150 2578; x_wconf 77' lang='grc' dir='ltr'><strong>ο</strong></span> <span class='ocrx_word' id='word_1_300' title='bbox 1201 2552 1289 2599; x_wconf 82' lang='grc' dir='ltr'>καὶ</span> <span class='ocrx_word' id='word_1_301' title='bbox 1355 2545 1636 2619; x_wconf 72' lang='grc' dir='ltr'>ἀπέφευγον</span> <span class='ocrx_word' id='word_1_302' title='bbox 1706 2551 1828 2610; x_wconf 87' lang='grc' dir='ltr'>τούς</span> 
     </span>
    </p>
   </div>
   <div class='ocr_carea' id='block_1_45' title="bbox 221 2634 1822 2716">
    <p class='ocr_par' dir='ltr' id='par_1_45' title="bbox 221 2634 1822 2716">
     <span class='ocr_line' id='line_1_45' title="bbox 221 2634 1822 2716; baseline -0.005 -21"><span class='ocrx_word' id='word_1_303' title='bbox 221 2643 500 2716; x_wconf 75' lang='grc' dir='ltr'>φιλτάτους</span> <span class='ocrx_word' id='word_1_304' title='bbox 541 2657 554 2670; x_wconf 86' lang='grc'><strong>·</strong></span> <span class='ocrx_word' id='word_1_305' title='bbox 601 2637 766 2690; x_wconf 83' lang='grc' dir='ltr'>καὶέν</span> <span class='ocrx_word' id='word_1_306' title='bbox 826 2643 942 2699; x_wconf 87' lang='grc' dir='ltr'>ταῖς</span> <span class='ocrx_word' id='word_1_307' title='bbox 1002 2634 1148 2697; x_wconf 85' lang='grc' dir='ltr'>ὄδοῑς</span> <span class='ocrx_word' id='word_1_308' title='bbox 1204 2636 1440 2711; x_wconf 75' lang='grc' dir='ltr'>ἔρριπτον</span> <span class='ocrx_word' id='word_1_309' title='bbox 1489 2637 1776 2708; x_wconf 77' lang='grc' dir='ltr'>ἡμιθνῆτας</span> <span class='ocrx_word' id='word_1_310' title='bbox 1809 2654 1822 2667; x_wconf 77' lang='grc' dir='ltr'><strong>ο</strong></span> 
     </span>
    </p>
   </div>
   <div class='ocr_carea' id='block_1_46' title="bbox 221 2725 1827 2804">
    <p class='ocr_par' dir='ltr' id='par_1_46' title="bbox 221 2725 1827 2804">
     <span class='ocr_line' id='line_1_46' title="bbox 221 2725 1827 2804; baseline -0.004 -20"><span class='ocrx_word' id='word_1_311' title='bbox 221 2738 312 2784; x_wconf 85' lang='grc' dir='ltr'>καὶ</span> <span class='ocrx_word' id='word_1_312' title='bbox 349 2733 561 2804; x_wconf 86' lang='grc' dir='ltr'>νεκρούς</span> <span class='ocrx_word' id='word_1_313' title='bbox 614 2727 844 2800; x_wconf 79' lang='grc' dir='ltr'>ἀτάφους</span> <span class='ocrx_word' id='word_1_314' title='bbox 899 2725 1397 2790; x_wconf 80' lang='grc' dir='ltr'>ἆπεσκυϐαλίζοντο,</span> <span class='ocrx_word' id='word_1_315' title='bbox 1459 2731 1552 2785; x_wconf 83' lang='grc' dir='ltr'>τὴν</span> <span class='ocrx_word' id='word_1_316' title='bbox 1591 2734 1682 2779; x_wconf 89' lang='grc' dir='ltr'><strong>τοῦ</strong></span> <span class='ocrx_word' id='word_1_317' title='bbox 1733 2729 1827 2780; x_wconf 87' lang='grc' dir='ltr'><strong>θα-</strong></span> 
     </span>
    </p>
   </div>
   <div class='ocr_carea' id='block_1_47' title="bbox 225 2815 1825 2890">
    <p class='ocr_par' dir='ltr' id='par_1_47' title="bbox 225 2815 1825 2890">
     <span class='ocr_line' id='line_1_47' title="bbox 225 2815 1825 2890; baseline -0.004 -17"><span class='ocrx_word' id='word_1_318' title='bbox 225 2823 379 2874; x_wconf 90' lang='grc' dir='ltr'>νάτου</span> <span class='ocrx_word' id='word_1_319' title='bbox 410 2815 661 2872; x_wconf 78' lang='grc' dir='ltr'>διάδοσιν</span> <span class='ocrx_word' id='word_1_320' title='bbox 710 2821 796 2869; x_wconf 82' lang='grc' dir='ltr'>καὶ</span> <span class='ocrx_word' id='word_1_321' title='bbox 843 2820 1114 2869; x_wconf 83' lang='grc' dir='ltr'>κοινωνίαν</span> <span class='ocrx_word' id='word_1_322' title='bbox 1169 2818 1531 2890; x_wconf 78' lang='grc' dir='ltr'>ἰκτρεπόμενοι</span> <span class='ocrx_word' id='word_1_323' title='bbox 1559 2831 1570 2844; x_wconf 91' lang='grc'><strong>·</strong></span> <span class='ocrx_word' id='word_1_324' title='bbox 1623 2818 1684 2874; x_wconf 77' lang='grc' dir='ltr'>ἦν</span> <span class='ocrx_word' id='word_1_325' title='bbox 1731 2816 1825 2867; x_wconf 88' lang='grc' dir='ltr'><strong>ούκ</strong></span> 
     </span>
    </p>
   </div>
   <div class='ocr_carea' id='block_1_48' title="bbox 228 2901 1826 2978">
    <p class='ocr_par' dir='ltr' id='par_1_48' title="bbox 228 2901 1826 2978">
     <span class='ocr_line' id='line_1_48' title="bbox 228 2901 1826 2978; baseline -0.003 -17"><span class='ocrx_word' id='word_1_326' title='bbox 228 2910 290 2967; x_wconf 78' lang='grc' dir='ltr'><strong>ἧν</strong></span> <span class='ocrx_word' id='word_1_327' title='bbox 330 2913 410 2961; x_wconf 81' lang='grc' dir='ltr'>καὶ</span> <span class='ocrx_word' id='word_1_328' title='bbox 462 2907 624 2961; x_wconf 84' lang='grc' dir='ltr'>πολλά</span> <span class='ocrx_word' id='word_1_329' title='bbox 665 2910 1068 2978; x_wconf 83' lang='grc' dir='ltr'>μηχανωμένοις</span> <span class='ocrx_word' id='word_1_330' title='bbox 1098 2903 1325 2956; x_wconf 75' lang='grc' dir='ltr'>ἐκκλῖναι</span> <span class='ocrx_word' id='word_1_331' title='bbox 1353 2901 1460 2978; x_wconf 77' lang='grc' dir='ltr'>ῥάδ</span> <span class='ocrx_word' id='word_1_332' title='bbox 1467 2923 1560 2958; x_wconf 92' lang='grc' dir='ltr'>ιον.</span> <span class='ocrx_word' id='word_1_333' title='bbox 1617 2924 1645 2956; x_wconf 86' lang='grc'><strong>››</strong></span> <span class='ocrx_word' id='word_1_334' title='bbox 1682 2907 1826 2958; x_wconf 80' lang='grc' dir='ltr'>Μετὰ</span> 
     </span>
    </p>
   </div>
   <div class='ocr_carea' id='block_1_49' title="bbox 227 2993 1826 3071">
    <p class='ocr_par' dir='ltr' id='par_1_49' title="bbox 227 2993 1826 3071">
     <span class='ocr_line' id='line_1_49' title="bbox 227 2993 1826 3071; baseline -0.004 -19"><span class='ocrx_word' id='word_1_335' title='bbox 227 2996 288 3053; x_wconf 70' lang='grc' dir='ltr'><strong>δε</strong></span> <span class='ocrx_word' id='word_1_336' title='bbox 338 3006 504 3051; x_wconf 88' lang='grc' dir='ltr'>ταῦτα</span> <span class='ocrx_word' id='word_1_337' title='bbox 565 2997 968 3071; x_wconf 84' lang='grc' dir='ltr'>εἰρηνευσάντων</span> <span class='ocrx_word' id='word_1_338' title='bbox 1025 3003 1122 3046; x_wconf 90' lang='grc' dir='ltr'><strong>τῶν</strong></span> <span class='ocrx_word' id='word_1_339' title='bbox 1180 2996 1317 3046; x_wconf 84' lang='grc' dir='ltr'>κατὰ</span> <span class='ocrx_word' id='word_1_340' title='bbox 1370 2998 1462 3052; x_wconf 77' lang='grc' dir='ltr'>τὴν</span> <span class='ocrx_word' id='word_1_341' title='bbox 1513 2993 1659 3046; x_wconf 91' lang='grc' dir='ltr'>πόλιν</span> <span class='ocrx_word' id='word_1_342' title='bbox 1715 3002 1826 3057; x_wconf 90' lang='grc' dir='ltr'>τοῖς</span> 
     </span>
    </p>
   </div>
   <div class='ocr_carea' id='block_1_50' title="bbox 222 3080 1898 3180">
    <p class='ocr_par' dir='ltr' id='par_1_50' title="bbox 222 3080 1898 3180">
     <span class='ocr_line' id='line_1_50' title="bbox 222 3080 1898 3180; baseline -0.003 -39"><span class='ocrx_word' id='word_1_343' title='bbox 222 3090 362 3141; x_wconf 86' lang='grc' dir='ltr'>κατὰ</span> <span class='ocrx_word' id='word_1_344' title='bbox 414 3091 508 3147; x_wconf 79' lang='grc' dir='ltr'>τὴν</span> <span class='ocrx_word' id='word_1_345' title='bbox 578 3089 840 3156; x_wconf 76' lang='grc' dir='ltr'>Αἴγυπτον</span> <span class='ocrx_word' id='word_1_346' title='bbox 925 3080 1184 3156; x_wconf 80' lang='grc' dir='ltr'>ἀδελφοῖς,</span> <span class='ocrx_word' id='word_1_347' title='bbox 1259 3082 1597 3156; x_wconf 77' lang='grc' dir='ltr'>ἐορταστίτήν</span> <span class='ocrx_word' id='word_1_348' title='bbox 1673 3080 1825 3145; x_wconf 81' lang='grc' dir='ltr'>αὖθις</span> <span class='ocrx_word' id='word_1_349' title='bbox 1858 3123 1898 3180; x_wconf 79' lang='lat' dir='ltr'>C</span> 
     </span>
    </p>
   </div>
   <div class='ocr_carea' id='block_1_51' title="bbox 221 3169 1824 3247">
    <p class='ocr_par' dir='ltr' id='par_1_51' title="bbox 221 3169 1824 3247">
     <span class='ocr_line' id='line_1_51' title="bbox 221 3169 1824 3247; baseline -0.004 -16"><span class='ocrx_word' id='word_1_350' title='bbox 221 3175 511 3231; x_wconf 76' lang='grc' dir='ltr'>ἱπιστίλλει</span> <span class='ocrx_word' id='word_1_351' title='bbox 598 3179 803 3247; x_wconf 78' lang='grc' dir='ltr'>γραφήν</span> <span class='ocrx_word' id='word_1_352' title='bbox 855 3188 868 3200; x_wconf 80' lang='grc'><strong>⁸</strong></span> <span class='ocrx_word' id='word_1_353' title='bbox 927 3177 1018 3225; x_wconf 80' lang='grc' dir='ltr'>καὶ</span> <span class='ocrx_word' id='word_1_354' title='bbox 1107 3172 1214 3244; x_wconf 85' lang='grc' dir='ltr'>μετ’</span> <span class='ocrx_word' id='word_1_355' title='bbox 1282 3170 1476 3230; x_wconf 79' lang='grc' dir='ltr'>ἐκείνην</span> <span class='ocrx_word' id='word_1_356' title='bbox 1557 3169 1824 3246; x_wconf 84' lang='grc' dir='ltr'>διαφόροις</span> 
     </span>
    </p>
   </div>
   <div class='ocr_carea' id='block_1_52' title="bbox 219 3257 1818 3339">
    <p class='ocr_par' dir='ltr' id='par_1_52' title="bbox 219 3257 1818 3339">
     <span class='ocr_line' id='line_1_52' title="bbox 219 3257 1818 3339; baseline -0.004 -19"><span class='ocrx_word' id='word_1_357' title='bbox 219 3267 400 3328; x_wconf 77' lang='grc' dir='ltr'>ἄλλοις</span> <span class='ocrx_word' id='word_1_358' title='bbox 455 3267 658 3339; x_wconf 75' lang='grc' dir='ltr'>ἔγραφε.</span> <span class='ocrx_word' id='word_1_359' title='bbox 705 3267 805 3316; x_wconf 83' lang='grc' dir='ltr'><strong>Καὶ</strong></span> <span class='ocrx_word' id='word_1_360' title='bbox 854 3267 971 3336; x_wconf 84' lang='grc' dir='ltr'>περὶ</span> <span class='ocrx_word' id='word_1_361' title='bbox 1021 3260 1288 3314; x_wconf 80' lang='grc' dir='ltr'>Σαϐϐάτου</span> <span class='ocrx_word' id='word_1_362' title='bbox 1339 3257 1398 3313; x_wconf 77' lang='grc' dir='ltr'>δὲ</span> <span class='ocrx_word' id='word_1_363' title='bbox 1439 3260 1598 3313; x_wconf 78' lang='grc' dir='ltr'>αὐτοῦ</span> <span class='ocrx_word' id='word_1_364' title='bbox 1645 3268 1818 3336; x_wconf 80' lang='grc' dir='ltr'>γραφὴ</span> 
     </span>
    </p>
   </div>
   <div class='ocr_carea' id='block_1_53' title="bbox 221 3349 1823 3432">
    <p class='ocr_par' dir='ltr' id='par_1_53' title="bbox 221 3349 1823 3432">
     <span class='ocr_line' id='line_1_53' title="bbox 221 3349 1823 3432; baseline -0.01 -23"><span class='ocrx_word' id='word_1_365' title='bbox 221 3361 451 3432; x_wconf 83' lang='grc' dir='ltr'>φέρεται,</span> <span class='ocrx_word' id='word_1_366' title='bbox 508 3358 598 3406; x_wconf 85' lang='grc' dir='ltr'>καὶ</span> <span class='ocrx_word' id='word_1_367' title='bbox 648 3357 766 3427; x_wconf 87' lang='grc' dir='ltr'>περὶ</span> <span class='ocrx_word' id='word_1_368' title='bbox 821 3355 1117 3424; x_wconf 76' lang='grc' dir='ltr'>γυμνασίου</span> <span class='ocrx_word' id='word_1_369' title='bbox 1157 3349 1284 3408; x_wconf 80' lang='grc' dir='ltr'>ἄλλη</span> <span class='ocrx_word' id='word_1_370' title='bbox 1320 3369 1333 3382; x_wconf 82' lang='grc'><em>’</em></span> <span class='ocrx_word' id='word_1_371' title='bbox 1390 3356 1480 3402; x_wconf 83' lang='grc' dir='ltr'>καὶ</span> <span class='ocrx_word' id='word_1_372' title='bbox 1529 3354 1654 3422; x_wconf 87' lang='grc' dir='ltr'>πρὸς</span> <span class='ocrx_word' id='word_1_373' title='bbox 1713 3350 1823 3425; x_wconf 74' lang='grc' dir='ltr'><strong>Ἐρ-</strong></span> 
     </span>
    </p>
   </div>
   <div class='ocr_carea' id='block_1_54' title="bbox 220 3437 1822 3520">
    <p class='ocr_par' dir='ltr' id='par_1_54' title="bbox 220 3437 1822 3520">
     <span class='ocr_line' id='line_1_54' title="bbox 220 3437 1822 3520; baseline -0.004 -22"><span class='ocrx_word' id='word_1_374' title='bbox 220 3449 449 3520; x_wconf 81' lang='grc' dir='ltr'>μάμωνα</span> <span class='ocrx_word' id='word_1_375' title='bbox 475 3440 555 3508; x_wconf 71' lang='grc' dir='ltr'><strong>δε,</strong></span> <span class='ocrx_word' id='word_1_376' title='bbox 595 3447 686 3494; x_wconf 83' lang='grc' dir='ltr'>καὶ</span> <span class='ocrx_word' id='word_1_377' title='bbox 735 3448 845 3503; x_wconf 88' lang='grc' dir='ltr'>τοῖς</span> <span class='ocrx_word' id='word_1_378' title='bbox 900 3441 1015 3493; x_wconf 86' lang='grc' dir='ltr'>κατ’</span> <span class='ocrx_word' id='word_1_379' title='bbox 1061 3443 1328 3511; x_wconf 81' lang='grc' dir='ltr'>Αἴγυπτον</span> <span class='ocrx_word' id='word_1_380' title='bbox 1374 3439 1564 3511; x_wconf 84' lang='grc' dir='ltr'>ὁμιλῶν</span> <span class='ocrx_word' id='word_1_381' title='bbox 1597 3437 1667 3492; x_wconf 85' lang='grc' dir='ltr'>δι’</span> <span class='ocrx_word' id='word_1_382' title='bbox 1706 3440 1822 3492; x_wconf 81' lang='grc' dir='ltr'>ὶπι-</span> 
     </span>
    </p>
   </div>
   <div class='ocr_carea' id='block_1_55' title="bbox 224 3528 1821 3602">
    <p class='ocr_par' dir='ltr' id='par_1_55' title="bbox 224 3528 1821 3602">
     <span class='ocr_line' id='line_1_55' title="bbox 224 3528 1821 3602; baseline -0.003 -15"><span class='ocrx_word' id='word_1_383' title='bbox 224 3534 437 3600; x_wconf 81' lang='grc' dir='ltr'>στολῆς,</span> <span class='ocrx_word' id='word_1_384' title='bbox 487 3538 577 3585; x_wconf 85' lang='grc' dir='ltr'>καὶ</span> <span class='ocrx_word' id='word_1_385' title='bbox 633 3531 763 3583; x_wconf 70' lang='lat' dir='ltr'><strong>ama</strong></span> <span class='ocrx_word' id='word_1_386' title='bbox 789 3535 879 3602; x_wconf 79' lang='grc' dir='ltr'>μέν</span> <span class='ocrx_word' id='word_1_387' title='bbox 923 3549 1102 3602; x_wconf 87' lang='grc' dir='ltr'>φησιν,</span> <span class='ocrx_word' id='word_1_388' title='bbox 1173 3528 1299 3580; x_wconf 78' lang='grc' dir='ltr'>ἀλλὰ</span> <span class='ocrx_word' id='word_1_389' title='bbox 1342 3535 1431 3582; x_wconf 82' lang='grc' dir='ltr'>καὶ</span> <span class='ocrx_word' id='word_1_390' title='bbox 1481 3534 1598 3602; x_wconf 84' lang='grc' dir='ltr'>περὶ</span> <span class='ocrx_word' id='word_1_391' title='bbox 1645 3535 1821 3582; x_wconf 82' lang='grc' dir='ltr'>Δεκίου</span> 
     </span>
    </p>
   </div>
   <div class='ocr_carea' id='block_1_56' title="bbox 218 3615 1819 3692">
    <p class='ocr_par' dir='ltr' id='par_1_56' title="bbox 218 3615 1819 3692">
     <span class='ocr_line' id='line_1_56' title="bbox 218 3615 1819 3692; baseline -0.003 -14"><span class='ocrx_word' id='word_1_392' title='bbox 218 3630 316 3678; x_wconf 76' lang='grc' dir='ltr'>καὶ</span> <span class='ocrx_word' id='word_1_393' title='bbox 369 3623 561 3677; x_wconf 83' lang='grc' dir='ltr'>Γάλλου</span> <span class='ocrx_word' id='word_1_394' title='bbox 618 3625 707 3673; x_wconf 87' lang='grc' dir='ltr'>καὶ</span> <span class='ocrx_word' id='word_1_395' title='bbox 765 3628 861 3682; x_wconf 81' lang='grc' dir='ltr'>τῆς</span> <span class='ocrx_word' id='word_1_396' title='bbox 935 3624 1286 3692; x_wconf 88' lang='grc' dir='ltr'>κακοτροπίας</span> <span class='ocrx_word' id='word_1_397' title='bbox 1357 3618 1526 3671; x_wconf 81' lang='grc' dir='ltr'>αὐτῶν</span> <span class='ocrx_word' id='word_1_398' title='bbox 1580 3615 1819 3682; x_wconf 80' lang='grc' dir='ltr'>διέξεισι.</span> 
     </span>
    </p>
   </div>
   <div class='ocr_carea' id='block_1_57' title="bbox 219 3709 1655 3781">
    <p class='ocr_par' dir='ltr' id='par_1_57' title="bbox 219 3709 1655 3781">
     <span class='ocr_line' id='line_1_57' title="bbox 219 3709 1655 3781; baseline -0.005 -13"><span class='ocrx_word' id='word_1_399' title='bbox 219 3722 330 3776; x_wconf 81' lang='grc' dir='ltr'><strong>Τῆς</strong></span> <span class='ocrx_word' id='word_1_400' title='bbox 353 3710 412 3766; x_wconf 71' lang='grc' dir='ltr'>δὲ</span> <span class='ocrx_word' id='word_1_401' title='bbox 441 3714 576 3765; x_wconf 78' lang='grc' dir='ltr'>κατὰ</span> <span class='ocrx_word' id='word_1_402' title='bbox 593 3715 678 3764; x_wconf 87' lang='grc' dir='ltr'><strong>τόν</strong></span> <span class='ocrx_word' id='word_1_403' title='bbox 703 3709 950 3768; x_wconf 77' lang='grc' dir='ltr'>Γαλιηνόν</span> <span class='ocrx_word' id='word_1_404' title='bbox 976 3709 1184 3781; x_wconf 80' lang='grc' dir='ltr'>εἰρήνης</span> <span class='ocrx_word' id='word_1_405' title='bbox 1207 3712 1383 3780; x_wconf 84' lang='grc' dir='ltr'>μνείαν</span> <span class='ocrx_word' id='word_1_406' title='bbox 1410 3715 1655 3762; x_wconf 87' lang='grc' dir='ltr'>ποιεῖται.</span> 
     </span>
    </p>
   </div>
   <div class='ocr_carea' id='block_1_58' title="bbox 1937 1832 3597 1907">
    <p class='ocr_par' dir='ltr' id='par_1_58' title="bbox 1937 1832 3597 1907">
     <span class='ocr_line' id='line_1_58' title="bbox 1937 1832 3597 1907; baseline 0.004 -22"><span class='ocrx_word' id='word_1_407' title='bbox 1937 1847 2147 1902; x_wconf 88' lang='lat' dir='ltr'><strong>psema</strong></span> <span class='ocrx_word' id='word_1_408' title='bbox 2192 1832 2272 1901; x_wconf 82' lang='grc'><strong>(1)</strong></span> <span class='ocrx_word' id='word_1_409' title='bbox 2319 1833 2592 1887; x_wconf 87' lang='lat' dir='ltr'><strong>omnium</strong></span> <span class='ocrx_word' id='word_1_410' title='bbox 2632 1849 2761 1888; x_wconf 91' lang='lat' dir='ltr'><strong>esse</strong></span> <span class='ocrx_word' id='word_1_411' title='bbox 2806 1833 3197 1890; x_wconf 87' lang='lat' dir='ltr'><strong>declararent.</strong></span> <span class='ocrx_word' id='word_1_412' title='bbox 3252 1838 3371 1891; x_wconf 81' lang='lat' dir='ltr'><strong>Hoc</strong></span> <span class='ocrx_word' id='word_1_413' title='bbox 3419 1841 3597 1907; x_wconf 89' lang='lat' dir='ltr'><strong>pacto</strong></span> 
     </span>
    </p>
   </div>
   <div class='ocr_carea' id='block_1_59' title="bbox 1935 1920 3596 1996">
    <p class='ocr_par' dir='ltr' id='par_1_59' title="bbox 1935 1920 3596 1996">
     <span class='ocr_line' id='line_1_59' title="bbox 1935 1920 3596 1996; baseline 0.004 -21"><span class='ocrx_word' id='word_1_414' title='bbox 1935 1921 2148 1992; x_wconf 90' lang='lat' dir='ltr'><strong>optimi</strong></span> <span class='ocrx_word' id='word_1_415' title='bbox 2175 1921 2338 1993; x_wconf 90' lang='lat' dir='ltr'><strong>apud</strong></span> <span class='ocrx_word' id='word_1_416' title='bbox 2365 1937 2474 1976; x_wconf 92' lang='lat' dir='ltr'><strong>nos</strong></span> <span class='ocrx_word' id='word_1_417' title='bbox 2504 1920 2734 1987; x_wconf 82' lang='lat' dir='ltr'><strong>fratres,</strong></span> <span class='ocrx_word' id='word_1_418' title='bbox 2760 1924 3088 1994; x_wconf 89' lang='lat' dir='ltr'><strong>presbyteri</strong></span> <span class='ocrx_word' id='word_1_419' title='bbox 3114 1925 3292 1980; x_wconf 91' lang='lat' dir='ltr'><strong>etiam</strong></span> <span class='ocrx_word' id='word_1_420' title='bbox 3323 1925 3596 1996; x_wconf 88' lang='lat' dir='ltr'><strong>quidam,</strong></span> 
     </span>
    </p>
   </div>
   <div class='ocr_carea' id='block_1_60' title="bbox 1936 2010 3598 2085">
    <p class='ocr_par' dir='ltr' id='par_1_60' title="bbox 1936 2010 3598 2085">
     <span class='ocr_line' id='line_1_60' title="bbox 1936 2010 3598 2085; baseline 0.003 -20"><span class='ocrx_word' id='word_1_421' title='bbox 1936 2015 1992 2066; x_wconf 91' lang='lat' dir='ltr'><strong>et</strong></span> <span class='ocrx_word' id='word_1_422' title='bbox 2019 2010 2279 2075; x_wconf 90' lang='lat' dir='ltr'><strong>diaconi,</strong></span> <span class='ocrx_word' id='word_1_423' title='bbox 2307 2017 2362 2065; x_wconf 91' lang='lat' dir='ltr'><strong>et</strong></span> <span class='ocrx_word' id='word_1_424' title='bbox 2391 2026 2460 2065; x_wconf 82' lang='lat' dir='ltr'><strong>ex</strong></span> <span class='ocrx_word' id='word_1_425' title='bbox 2483 2010 2656 2081; x_wconf 86' lang='lat' dir='ltr'><strong>plebe</strong></span> <span class='ocrx_word' id='word_1_426' title='bbox 2680 2010 3082 2068; x_wconf 88' lang='lat' dir='ltr'><strong>laudatissimi</strong></span> <span class='ocrx_word' id='word_1_427' title='bbox 3109 2015 3356 2085; x_wconf 88' lang='lat' dir='ltr'><strong>quique,</strong></span> <span class='ocrx_word' id='word_1_428' title='bbox 3385 2029 3458 2069; x_wconf 78' lang='lat' dir='ltr'><strong>ex</strong></span> <span class='ocrx_word' id='word_1_429' title='bbox 3482 2015 3598 2070; x_wconf 92' lang='lat' dir='ltr'><strong>hac</strong></span> 
     </span>
    </p>
   </div>
   <div class='ocr_carea' id='block_1_61' title="bbox 1936 2099 3600 2175">
    <p class='ocr_par' dir='ltr' id='par_1_61' title="bbox 1936 2099 3600 2175">
     <span class='ocr_line' id='line_1_61' title="bbox 1936 2099 3600 2175; baseline 0.004 -21"><span class='ocrx_word' id='word_1_430' title='bbox 1936 2101 2056 2156; x_wconf 86' lang='lat' dir='ltr'><strong>vita</strong></span> <span class='ocrx_word' id='word_1_431' title='bbox 2085 2099 2458 2168; x_wconf 86' lang='lat' dir='ltr'><strong>emigrarunt</strong></span> <span class='ocrx_word' id='word_1_432' title='bbox 2496 2117 2510 2155; x_wconf 91' lang='lat'>:</span> <span class='ocrx_word' id='word_1_433' title='bbox 2556 2105 2620 2154; x_wconf 92' lang='lat' dir='ltr'><strong>ut</strong></span> <span class='ocrx_word' id='word_1_434' title='bbox 2653 2100 2781 2170; x_wconf 90' lang='lat' dir='ltr'><strong>jam</strong></span> <span class='ocrx_word' id='word_1_435' title='bbox 2821 2102 2881 2156; x_wconf 91' lang='lat' dir='ltr'><strong>id</strong></span> <span class='ocrx_word' id='word_1_436' title='bbox 2920 2117 3109 2172; x_wconf 90' lang='lat' dir='ltr'><strong>genus</strong></span> <span class='ocrx_word' id='word_1_437' title='bbox 3141 2103 3350 2158; x_wconf 88' lang='lat' dir='ltr'><strong>mortis</strong></span> <span class='ocrx_word' id='word_1_438' title='bbox 3384 2103 3600 2175; x_wconf 86' lang='lat' dir='ltr'><strong>pietate</strong></span> 
     </span>
    </p>
   </div>
   <div class='ocr_carea' id='block_1_62' title="bbox 1937 2188 3602 2256">
    <p class='ocr_par' dir='ltr' id='par_1_62' title="bbox 1937 2188 3602 2256">
     <span class='ocr_line' id='line_1_62' title="bbox 1937 2188 3602 2256; baseline 0.003 -13"><span class='ocrx_word' id='word_1_439' title='bbox 1937 2189 2128 2244; x_wconf 88' lang='lat' dir='ltr'><strong>multa</strong></span> <span class='ocrx_word' id='word_1_440' title='bbox 2161 2195 2215 2245; x_wconf 93' lang='lat' dir='ltr'><strong>et</strong></span> <span class='ocrx_word' id='word_1_441' title='bbox 2257 2188 2374 2244; x_wconf 76' lang='lat' dir='ltr'><strong>fide</strong></span> <span class='ocrx_word' id='word_1_442' title='bbox 2408 2189 2780 2256; x_wconf 88' lang='lat' dir='ltr'><strong>roboratum,</strong></span> <span class='ocrx_word' id='word_1_443' title='bbox 2833 2206 2955 2246; x_wconf 93' lang='lat' dir='ltr'><strong>non</strong></span> <span class='ocrx_word' id='word_1_444' title='bbox 3000 2192 3257 2247; x_wconf 88' lang='lat' dir='ltr'><strong>multum</strong></span> <span class='ocrx_word' id='word_1_445' title='bbox 3300 2191 3602 2248; x_wconf 83' lang='lat' dir='ltr'><strong>videretur</strong></span> 
     </span>
    </p>
   </div>
   <div class='ocr_carea' id='block_1_63' title="bbox 1937 2278 3601 2350">
    <p class='ocr_par' dir='ltr' id='par_1_63' title="bbox 1937 2278 3601 2350">
     <span class='ocr_line' id='line_1_63' title="bbox 1937 2278 3601 2350; baseline 0.002 -16"><span class='ocrx_word' id='word_1_446' title='bbox 1937 2279 2144 2334; x_wconf 88' lang='lat' dir='ltr'><strong>abesse</strong></span> <span class='ocrx_word' id='word_1_447' title='bbox 2169 2294 2205 2333; x_wconf 90' lang='lat' dir='ltr'><strong>a</strong></span> <span class='ocrx_word' id='word_1_448' title='bbox 2236 2278 2543 2350; x_wconf 87' lang='lat' dir='ltr'><strong>martyrio.</strong></span> <span class='ocrx_word' id='word_1_449' title='bbox 2572 2278 2635 2333; x_wconf 88' lang='lat' dir='ltr'><strong>Et</strong></span> <span class='ocrx_word' id='word_1_450' title='bbox 2667 2285 3016 2334; x_wconf 88' lang='lat' dir='ltr'><strong>sanctorum</strong></span> <span class='ocrx_word' id='word_1_451' title='bbox 3055 2279 3354 2336; x_wconf 87' lang='lat' dir='ltr'><strong>cadavera</strong></span> <span class='ocrx_word' id='word_1_452' title='bbox 3393 2280 3476 2336; x_wconf 89' lang='lat' dir='ltr'><strong>illi</strong></span> <span class='ocrx_word' id='word_1_453' title='bbox 3505 2296 3601 2337; x_wconf 86' lang='lat' dir='ltr'><strong>su-</strong></span> 
     </span>
    </p>
   </div>
   <div class='ocr_carea' id='block_1_64' title="bbox 1935 2367 3596 2442">
    <p class='ocr_par' dir='ltr' id='par_1_64' title="bbox 1935 2367 3596 2442">
     <span class='ocr_line' id='line_1_64' title="bbox 1935 2367 3596 2442; baseline 0.002 -20"><span class='ocrx_word' id='word_1_454' title='bbox 1935 2368 2094 2440; x_wconf 90' lang='lat' dir='ltr'><strong>pinis</strong></span> <span class='ocrx_word' id='word_1_455' title='bbox 2115 2367 2396 2424; x_wconf 90' lang='lat' dir='ltr'><strong>manibus</strong></span> <span class='ocrx_word' id='word_1_456' title='bbox 2413 2373 2470 2423; x_wconf 91' lang='lat' dir='ltr'><strong>et</strong></span> <span class='ocrx_word' id='word_1_457' title='bbox 2486 2367 2622 2423; x_wconf 88' lang='lat' dir='ltr'><strong>sinu</strong></span> <span class='ocrx_word' id='word_1_458' title='bbox 2644 2369 2935 2439; x_wconf 87' lang='lat' dir='ltr'><strong>excipere,</strong></span> <span class='ocrx_word' id='word_1_459' title='bbox 2955 2369 3162 2425; x_wconf 91' lang='lat' dir='ltr'><strong>oculos</strong></span> <span class='ocrx_word' id='word_1_460' title='bbox 3180 2371 3596 2442; x_wconf 88' lang='lat' dir='ltr'><strong>comprimere,</strong></span> 
     </span>
    </p>
   </div>
   <div class='ocr_carea' id='block_1_65' title="bbox 1935 2457 3602 2530">
    <p class='ocr_par' dir='ltr' id='par_1_65' title="bbox 1935 2457 3602 2530">
     <span class='ocr_line' id='line_1_65' title="bbox 1935 2457 3602 2530; baseline 0.001 -17"><span class='ocrx_word' id='word_1_461' title='bbox 1935 2473 2043 2514; x_wconf 90' lang='lat' dir='ltr'><strong>ora</strong></span> <span class='ocrx_word' id='word_1_462' title='bbox 2086 2457 2383 2522; x_wconf 91' lang='lat' dir='ltr'><strong>claudere,</strong></span> <span class='ocrx_word' id='word_1_463' title='bbox 2415 2459 2477 2513; x_wconf 93' lang='lat' dir='ltr'><strong>in</strong></span> <span class='ocrx_word' id='word_1_464' title='bbox 2518 2458 2804 2514; x_wconf 89' lang='lat' dir='ltr'><strong>humeros</strong></span> <span class='ocrx_word' id='word_1_465' title='bbox 2848 2458 3068 2522; x_wconf 89' lang='lat' dir='ltr'><strong>tollere,</strong></span> <span class='ocrx_word' id='word_1_466' title='bbox 3100 2475 3482 2530; x_wconf 88' lang='lat' dir='ltr'><strong>componere,</strong></span> <span class='ocrx_word' id='word_1_467' title='bbox 3520 2459 3602 2515; x_wconf 87' lang='lat' dir='ltr'><strong>ad</strong></span> 
     </span>
    </p>
   </div>
   <div class='ocr_carea' id='block_1_66' title="bbox 1935 2546 3603 2618">
    <p class='ocr_par' dir='ltr' id='par_1_66' title="bbox 1935 2546 3603 2618">
     <span class='ocr_line' id='line_1_66' title="bbox 1935 2546 3603 2618; baseline 0.001 -16"><span class='ocrx_word' id='word_1_468' title='bbox 1935 2563 1998 2604; x_wconf 89' lang='lat' dir='ltr'><strong>se</strong></span> <span class='ocrx_word' id='word_1_469' title='bbox 2037 2547 2358 2618; x_wconf 87' lang='lat' dir='ltr'><strong>applicare,</strong></span> <span class='ocrx_word' id='word_1_470' title='bbox 2389 2546 2721 2618; x_wconf 88' lang='lat' dir='ltr'><strong>complecti,</strong></span> <span class='ocrx_word' id='word_1_471' title='bbox 2759 2547 2981 2614; x_wconf 89' lang='lat' dir='ltr'><strong>lavare,</strong></span> <span class='ocrx_word' id='word_1_472' title='bbox 3017 2549 3286 2604; x_wconf 86' lang='lat' dir='ltr'><strong>vestibus</strong></span> <span class='ocrx_word' id='word_1_473' title='bbox 3323 2548 3603 2604; x_wconf 87' lang='lat' dir='ltr'><strong>funerali-</strong></span> 
     </span>
    </p>
   </div>
   <div class='ocr_carea' id='block_1_67' title="bbox 1934 2636 3600 2710">
    <p class='ocr_par' dir='ltr' id='par_1_67' title="bbox 1934 2636 3600 2710">
     <span class='ocr_line' id='line_1_67' title="bbox 1934 2636 3600 2710; baseline -0.001 -17"><span class='ocrx_word' id='word_1_474' title='bbox 1934 2636 2050 2693; x_wconf 89' lang='lat' dir='ltr'><strong>bus</strong></span> <span class='ocrx_word' id='word_1_475' title='bbox 2093 2652 2404 2702; x_wconf 84' lang='lat' dir='ltr'><strong>exornare,</strong></span> <span class='ocrx_word' id='word_1_476' title='bbox 2448 2643 2503 2692; x_wconf 89' lang='lat' dir='ltr'><strong>et</strong></span> <span class='ocrx_word' id='word_1_477' title='bbox 2541 2636 2724 2709; x_wconf 89' lang='lat' dir='ltr'><strong>paulo</strong></span> <span class='ocrx_word' id='word_1_478' title='bbox 2770 2642 2902 2707; x_wconf 89' lang='lat' dir='ltr'><strong>post</strong></span> <span class='ocrx_word' id='word_1_479' title='bbox 2941 2637 3157 2709; x_wconf 70' lang='lat' dir='ltr'><strong>aequali</strong></span> <span class='ocrx_word' id='word_1_480' title='bbox 3199 2643 3354 2692; x_wconf 88' lang='lat' dir='ltr'><strong>sorte</strong></span> <span class='ocrx_word' id='word_1_481' title='bbox 3399 2638 3600 2710; x_wconf 88' lang='lat' dir='ltr'><strong>potiri,</strong></span> 
     </span>
    </p>
   </div>
   <div class='ocr_carea' id='block_1_68' title="bbox 1935 2725 3603 2797">
    <p class='ocr_par' dir='ltr' id='par_1_68' title="bbox 1935 2725 3603 2797">
     <span class='ocr_line' id='line_1_68' title="bbox 1935 2725 3603 2797; baseline 0.001 -17"><span class='ocrx_word' id='word_1_482' title='bbox 1935 2725 2400 2797; x_wconf 88' lang='lat' dir='ltr'><strong>superstitesque</strong></span> <span class='ocrx_word' id='word_1_483' title='bbox 2437 2741 2540 2781; x_wconf 90' lang='lat' dir='ltr'><strong>eos</strong></span> <span class='ocrx_word' id='word_1_484' title='bbox 2569 2726 2670 2797; x_wconf 91' lang='lat' dir='ltr'><strong>qui</strong></span> <span class='ocrx_word' id='word_1_485' title='bbox 2709 2732 3137 2797; x_wconf 62' lang='lat' dir='ltr'><strong>praeesserant</strong></span> <span class='ocrx_word' id='word_1_486' title='bbox 3161 2727 3358 2782; x_wconf 89' lang='lat' dir='ltr'><strong>statim</strong></span> <span class='ocrx_word' id='word_1_487' title='bbox 3395 2729 3603 2782; x_wconf 84' lang='lat' dir='ltr'><strong>subse-</strong></span> 
     </span>
    </p>
   </div>
   <div class='ocr_carea' id='block_1_69' title="bbox 1933 2815 3604 2888">
    <p class='ocr_par' dir='ltr' id='par_1_69' title="bbox 1933 2815 3604 2888">
     <span class='ocr_line' id='line_1_69' title="bbox 1933 2815 3604 2888; baseline 0.001 -18"><span class='ocrx_word' id='word_1_488' title='bbox 1933 2817 2056 2888; x_wconf 87' lang='lat' dir='ltr'><strong>qui.</strong></span> <span class='ocrx_word' id='word_1_489' title='bbox 2098 2817 2307 2871; x_wconf 88' lang='lat' dir='ltr'><strong>Gentes</strong></span> <span class='ocrx_word' id='word_1_490' title='bbox 2342 2831 2521 2886; x_wconf 91' lang='lat' dir='ltr'><strong>porro</strong></span> <span class='ocrx_word' id='word_1_491' title='bbox 2551 2820 2761 2871; x_wconf 87' lang='lat' dir='ltr'><strong>contra</strong></span> <span class='ocrx_word' id='word_1_492' title='bbox 2799 2816 3004 2871; x_wconf 85' lang='lat' dir='ltr'><strong>omnia</strong></span> <span class='ocrx_word' id='word_1_493' title='bbox 3044 2815 3330 2880; x_wconf 84' lang='lat' dir='ltr'><strong>fecerunt,</strong></span> <span class='ocrx_word' id='word_1_494' title='bbox 3362 2831 3466 2871; x_wconf 89' lang='lat' dir='ltr'><strong>eos</strong></span> <span class='ocrx_word' id='word_1_495' title='bbox 3497 2815 3604 2888; x_wconf 89' lang='lat' dir='ltr'><strong>qui</strong></span> 
     </span>
    </p>
   </div>
   <div class='ocr_carea' id='block_1_70' title="bbox 1934 2904 3604 2975">
    <p class='ocr_par' dir='ltr' id='par_1_70' title="bbox 1934 2904 3604 2975">
     <span class='ocr_line' id='line_1_70' title="bbox 1934 2904 3604 2975; baseline 0 -15"><span class='ocrx_word' id='word_1_496' title='bbox 1934 2911 2223 2974; x_wconf 73' lang='lat' dir='ltr'><strong>aegrotare</strong></span> <span class='ocrx_word' id='word_1_497' title='bbox 2277 2905 2597 2975; x_wconf 73' lang='lat' dir='ltr'><strong>cmpissent</strong></span> <span class='ocrx_word' id='word_1_498' title='bbox 2636 2904 3054 2975; x_wconf 90' lang='lat' dir='ltr'><strong>propellentes,</strong></span> <span class='ocrx_word' id='word_1_499' title='bbox 3111 2910 3166 2960; x_wconf 91' lang='lat' dir='ltr'><strong>et</strong></span> <span class='ocrx_word' id='word_1_500' title='bbox 3217 2905 3604 2960; x_wconf 87' lang='lat' dir='ltr'><strong>charissimos</strong></span> 
     </span>
    </p>
   </div>
   <div class='ocr_carea' id='block_1_71' title="bbox 1933 2992 3605 3065">
    <p class='ocr_par' dir='ltr' id='par_1_71' title="bbox 1933 2992 3605 3065">
     <span class='ocr_line' id='line_1_71' title="bbox 1933 2992 3605 3065; baseline 0 -17"><span class='ocrx_word' id='word_1_501' title='bbox 1933 3009 2207 3065; x_wconf 92' lang='lat' dir='ltr'><strong>quosque</strong></span> <span class='ocrx_word' id='word_1_502' title='bbox 2261 2992 2643 3061; x_wconf 81' lang='lat' dir='ltr'><strong>refugientes,</strong></span> <span class='ocrx_word' id='word_1_503' title='bbox 2696 2993 3121 3048; x_wconf 89' lang='lat' dir='ltr'><strong>semimortuos</strong></span> <span class='ocrx_word' id='word_1_504' title='bbox 3172 2994 3232 3048; x_wconf 91' lang='lat' dir='ltr'><strong>in</strong></span> <span class='ocrx_word' id='word_1_505' title='bbox 3281 2993 3407 3049; x_wconf 87' lang='lat' dir='ltr'><strong>vias</strong></span> <span class='ocrx_word' id='word_1_506' title='bbox 3463 2999 3605 3048; x_wconf 88' lang='lat' dir='ltr'><strong>ster-</strong></span> 
     </span>
    </p>
   </div>
   <div class='ocr_carea' id='block_1_72' title="bbox 1933 3082 3605 3154">
    <p class='ocr_par' dir='ltr' id='par_1_72' title="bbox 1933 3082 3605 3154">
     <span class='ocr_line' id='line_1_72' title="bbox 1933 3082 3605 3154; baseline -0.001 -16"><span class='ocrx_word' id='word_1_507' title='bbox 1933 3088 2161 3147; x_wconf 89' lang='lat' dir='ltr'><strong>nentes,</strong></span> <span class='ocrx_word' id='word_1_508' title='bbox 2210 3087 2478 3137; x_wconf 88' lang='lat' dir='ltr'><strong>mortuos</strong></span> <span class='ocrx_word' id='word_1_509' title='bbox 2533 3082 2868 3152; x_wconf 89' lang='lat' dir='ltr'><strong>insepultos</strong></span> <span class='ocrx_word' id='word_1_510' title='bbox 2921 3082 3321 3154; x_wconf 90' lang='lat' dir='ltr'><strong>projicientes,</strong></span> <span class='ocrx_word' id='word_1_511' title='bbox 3372 3097 3605 3138; x_wconf 89' lang='lat' dir='ltr'><strong>succes-</strong></span> 
     </span>
    </p>
   </div>
   <div class='ocr_carea' id='block_1_73' title="bbox 1935 3171 3600 3243">
    <p class='ocr_par' dir='ltr' id='par_1_73' title="bbox 1935 3171 3600 3243">
     <span class='ocr_line' id='line_1_73' title="bbox 1935 3171 3600 3243; baseline -0.001 -16"><span class='ocrx_word' id='word_1_512' title='bbox 1935 3173 2286 3243; x_wconf 89' lang='lat' dir='ltr'><strong>sionemque</strong></span> <span class='ocrx_word' id='word_1_513' title='bbox 2335 3178 2391 3227; x_wconf 85' lang='lat' dir='ltr'><strong>et</strong></span> <span class='ocrx_word' id='word_1_514' title='bbox 2437 3171 2929 3227; x_wconf 88' lang='lat' dir='ltr'><strong>communionem</strong></span> <span class='ocrx_word' id='word_1_515' title='bbox 2979 3173 3186 3228; x_wconf 89' lang='lat' dir='ltr'><strong>mortis</strong></span> <span class='ocrx_word' id='word_1_516' title='bbox 3233 3179 3600 3236; x_wconf 88' lang='lat' dir='ltr'><strong>aversantes,</strong></span> 
     </span>
    </p>
   </div>
   <div class='ocr_carea' id='block_1_74' title="bbox 1933 3259 3604 3334">
    <p class='ocr_par' dir='ltr' id='par_1_74' title="bbox 1933 3259 3604 3334">
     <span class='ocr_line' id='line_1_74' title="bbox 1933 3259 3604 3334; baseline -0.001 -17"><span class='ocrx_word' id='word_1_517' title='bbox 1933 3278 2118 3334; x_wconf 89' lang='lat' dir='ltr'><strong>quam</strong></span> <span class='ocrx_word' id='word_1_518' title='bbox 2139 3267 2338 3317; x_wconf 89' lang='lat' dir='ltr'><strong>tamen</strong></span> <span class='ocrx_word' id='word_1_519' title='bbox 2356 3261 2748 3332; x_wconf 85' lang='lat' dir='ltr'><strong>quantumvis</strong></span> <span class='ocrx_word' id='word_1_520' title='bbox 2766 3259 2951 3316; x_wconf 87' lang='lat' dir='ltr'><strong>multa</strong></span> <span class='ocrx_word' id='word_1_521' title='bbox 2974 3261 3360 3317; x_wconf 89' lang='lat' dir='ltr'><strong>molientibus</strong></span> <span class='ocrx_word' id='word_1_522' title='bbox 3380 3261 3604 3316; x_wconf 88' lang='lat' dir='ltr'><strong>evitare</strong></span> 
     </span>
    </p>
   </div>
   <div class='ocr_carea' id='block_1_75' title="bbox 1934 3349 3605 3423">
    <p class='ocr_par' dir='ltr' id='par_1_75' title="bbox 1934 3349 3605 3423">
     <span class='ocr_line' id='line_1_75' title="bbox 1934 3349 3605 3423; baseline -0.001 -16"><span class='ocrx_word' id='word_1_523' title='bbox 1934 3352 2102 3407; x_wconf 87' lang='lat' dir='ltr'><strong>facile</strong></span> <span class='ocrx_word' id='word_1_524' title='bbox 2156 3365 2279 3405; x_wconf 91' lang='lat' dir='ltr'><strong>non</strong></span> <span class='ocrx_word' id='word_1_525' title='bbox 2336 3355 2480 3405; x_wconf 88' lang='lat' dir='ltr'><strong>erat.</strong></span> <span class='ocrx_word' id='word_1_526' title='bbox 2531 3371 2560 3402; x_wconf 83' lang='lat'><strong>»</strong></span> <span class='ocrx_word' id='word_1_527' title='bbox 2612 3350 2833 3405; x_wconf 90' lang='lat' dir='ltr'><strong>Deinde</strong></span> <span class='ocrx_word' id='word_1_528' title='bbox 2881 3367 3018 3406; x_wconf 93' lang='lat' dir='ltr'><strong>cum</strong></span> <span class='ocrx_word' id='word_1_529' title='bbox 3059 3349 3185 3423; x_wconf 90' lang='lat' dir='ltr'><strong>jam</strong></span> <span class='ocrx_word' id='word_1_530' title='bbox 3236 3366 3308 3406; x_wconf 91' lang='lat' dir='ltr'><strong>ea</strong></span> <span class='ocrx_word' id='word_1_531' title='bbox 3351 3349 3412 3405; x_wconf 91' lang='lat' dir='ltr'><strong>in</strong></span> <span class='ocrx_word' id='word_1_532' title='bbox 3456 3349 3605 3406; x_wconf 83' lang='lat' dir='ltr'><strong>urbe</strong></span> 
     </span>
    </p>
   </div>
   <div class='ocr_carea' id='block_1_76' title="bbox 1933 3439 3603 3514">
    <p class='ocr_par' dir='ltr' id='par_1_76' title="bbox 1933 3439 3603 3514">
     <span class='ocr_line' id='line_1_76' title="bbox 1933 3439 3603 3514; baseline -0.004 -16"><span class='ocrx_word' id='word_1_533' title='bbox 1933 3441 2265 3514; x_wconf 69' lang='lat' dir='ltr'><strong>pacatior-es</strong></span> <span class='ocrx_word' id='word_1_534' title='bbox 2292 3443 2487 3494; x_wconf 87' lang='lat' dir='ltr'><strong>essent</strong></span> <span class='ocrx_word' id='word_1_535' title='bbox 2513 3455 2623 3501; x_wconf 81' lang='lat' dir='ltr'><strong>res,</strong></span> <span class='ocrx_word' id='word_1_536' title='bbox 2653 3439 2970 3511; x_wconf 87' lang='lat' dir='ltr'><strong>Dionysius</strong></span> <span class='ocrx_word' id='word_1_537' title='bbox 2996 3439 3074 3495; x_wconf 88' lang='lat' dir='ltr'><strong>ad</strong></span> <span class='ocrx_word' id='word_1_538' title='bbox 3095 3439 3309 3494; x_wconf 87' lang='lat' dir='ltr'><strong>fratres</strong></span> <span class='ocrx_word' id='word_1_539' title='bbox 3343 3440 3402 3492; x_wconf 92' lang='lat' dir='ltr'><strong>in</strong></span> <span class='ocrx_word' id='word_1_540' title='bbox 3423 3439 3603 3510; x_wconf 60' lang='lat' dir='ltr'><strong>{Egy-</strong></span> 
     </span>
    </p>
   </div>
   <div class='ocr_carea' id='block_1_77' title="bbox 1934 3526 3604 3602">
    <p class='ocr_par' dir='ltr' id='par_1_77' title="bbox 1934 3526 3604 3602">
     <span class='ocr_line' id='line_1_77' title="bbox 1934 3526 3604 3602; baseline -0.002 -17"><span class='ocrx_word' id='word_1_541' title='bbox 1934 3536 2036 3602; x_wconf 92' lang='lat' dir='ltr'><strong>pto</strong></span> <span class='ocrx_word' id='word_1_542' title='bbox 2098 3528 2446 3584; x_wconf 87' lang='lat' dir='ltr'><strong>Paschalem</strong></span> <span class='ocrx_word' id='word_1_543' title='bbox 2496 3528 2835 3599; x_wconf 86' lang='lat' dir='ltr'><strong>epistolam,</strong></span> <span class='ocrx_word' id='word_1_544' title='bbox 2895 3536 2954 3583; x_wconf 88' lang='lat' dir='ltr'><strong>et</strong></span> <span class='ocrx_word' id='word_1_545' title='bbox 3008 3544 3214 3584; x_wconf 84' lang='lat' dir='ltr'><strong>rursus</strong></span> <span class='ocrx_word' id='word_1_546' title='bbox 3265 3527 3397 3583; x_wconf 90' lang='lat' dir='ltr'><strong>aliis</strong></span> <span class='ocrx_word' id='word_1_547' title='bbox 3457 3526 3604 3584; x_wconf 90' lang='lat' dir='ltr'><strong>alias</strong></span> 
     </span>
    </p>
   </div>
   <div class='ocr_carea' id='block_1_78' title="bbox 1935 3615 3606 3691">
    <p class='ocr_par' dir='ltr' id='par_1_78' title="bbox 1935 3615 3606 3691">
     <span class='ocr_line' id='line_1_78' title="bbox 1935 3615 3606 3691; baseline -0.002 -17"><span class='ocrx_word' id='word_1_548' title='bbox 1935 3619 2187 3691; x_wconf 87' lang='lat' dir='ltr'><strong>scripsit.</strong></span> <span class='ocrx_word' id='word_1_549' title='bbox 2222 3617 2649 3672; x_wconf 85' lang='lat' dir='ltr'><strong>Circumfertur</strong></span> <span class='ocrx_word' id='word_1_550' title='bbox 2677 3617 2854 3672; x_wconf 90' lang='lat' dir='ltr'><strong>etiam</strong></span> <span class='ocrx_word' id='word_1_551' title='bbox 2883 3617 3014 3686; x_wconf 91' lang='lat' dir='ltr'><strong>ejus</strong></span> <span class='ocrx_word' id='word_1_552' title='bbox 3044 3617 3118 3671; x_wconf 91' lang='lat' dir='ltr'><strong>de</strong></span> <span class='ocrx_word' id='word_1_553' title='bbox 3152 3617 3416 3673; x_wconf 87' lang='lat' dir='ltr'><strong>Sabbato</strong></span> <span class='ocrx_word' id='word_1_554' title='bbox 3465 3615 3606 3670; x_wconf 89' lang='lat' dir='ltr'><strong>scri-</strong></span> 
     </span>
    </p>
   </div>
   <div class='ocr_carea' id='block_1_79' title="bbox 1936 3705 3604 3779">
    <p class='ocr_par' dir='ltr' id='par_1_79' title="bbox 1936 3705 3604 3779">
     <span class='ocr_line' id='line_1_79' title="bbox 1936 3705 3604 3779; baseline -0.002 -17"><span class='ocrx_word' id='word_1_555' title='bbox 1936 3715 2128 3779; x_wconf 88' lang='lat' dir='ltr'><strong>ptum,</strong></span> <span class='ocrx_word' id='word_1_556' title='bbox 2157 3713 2214 3761; x_wconf 91' lang='lat' dir='ltr'><strong>et</strong></span> <span class='ocrx_word' id='word_1_557' title='bbox 2242 3706 2402 3762; x_wconf 90' lang='lat' dir='ltr'><strong>aliud</strong></span> <span class='ocrx_word' id='word_1_558' title='bbox 2430 3705 2505 3760; x_wconf 92' lang='lat' dir='ltr'><strong>de</strong></span> <span class='ocrx_word' id='word_1_559' title='bbox 2531 3705 2810 3760; x_wconf 81' lang='lat' dir='ltr'><strong>exercitio</strong></span> <span class='ocrx_word' id='word_1_560' title='bbox 2840 3722 2853 3760; x_wconf 90' lang='lat'><strong>:</strong></span> <span class='ocrx_word' id='word_1_561' title='bbox 2883 3711 2939 3760; x_wconf 85' lang='lat' dir='ltr'><strong>et</strong></span> <span class='ocrx_word' id='word_1_562' title='bbox 2963 3705 3042 3761; x_wconf 89' lang='lat' dir='ltr'><strong>ad</strong></span> <span class='ocrx_word' id='word_1_563' title='bbox 3069 3706 3604 3761; x_wconf 89' lang='lat' dir='ltr'><strong>Hermammonem</strong></span> 
     </span>
    </p>
   </div>
   <div class='ocr_carea' id='block_1_80' title="bbox 218 3793 3606 3874">
    <p class='ocr_par' dir='ltr' id='par_1_80' title="bbox 218 3793 3606 3874">
     <span class='ocr_line' id='line_1_80' title="bbox 218 3793 3606 3874; baseline -0.003 -14"><span class='ocrx_word' id='word_1_564' title='bbox 218 3803 555 3874; x_wconf 85' lang='lat' dir='ltr'><strong>fratresque</strong></span> <span class='ocrx_word' id='word_1_565' title='bbox 584 3799 890 3872; x_wconf 67' lang='lat' dir='ltr'><strong>Egyptios</strong></span> <span class='ocrx_word' id='word_1_566' title='bbox 914 3799 1139 3854; x_wconf 87' lang='lat' dir='ltr'><strong>litteras</strong></span> <span class='ocrx_word' id='word_1_567' title='bbox 1167 3798 1452 3861; x_wconf 89' lang='lat' dir='ltr'><strong>scribens,</strong></span> <span class='ocrx_word' id='word_1_568' title='bbox 1483 3798 1634 3852; x_wconf 88' lang='lat' dir='ltr'><strong>inter</strong></span> <span class='ocrx_word' id='word_1_569' title='bbox 1659 3797 1779 3853; x_wconf 88' lang='lat' dir='ltr'><strong>alia</strong></span> <span class='ocrx_word' id='word_1_570' title='bbox 1819 3797 1894 3853; x_wconf 90' lang='lat' dir='ltr'><strong>de</strong></span> <span class='ocrx_word' id='word_1_571' title='bbox 1922 3799 2096 3852; x_wconf 88' lang='lat' dir='ltr'><strong>Decio</strong></span> <span class='ocrx_word' id='word_1_572' title='bbox 2125 3801 2181 3851; x_wconf 92' lang='lat' dir='ltr'><strong>et</strong></span> <span class='ocrx_word' id='word_1_573' title='bbox 2206 3795 2390 3860; x_wconf 90' lang='lat' dir='ltr'><strong>Gallo,</strong></span> <span class='ocrx_word' id='word_1_574' title='bbox 2423 3795 2747 3867; x_wconf 88' lang='lat' dir='ltr'><strong>pravisque</strong></span> <span class='ocrx_word' id='word_1_575' title='bbox 2771 3811 2981 3850; x_wconf 90' lang='lat' dir='ltr'><strong>eorum</strong></span> <span class='ocrx_word' id='word_1_576' title='bbox 3013 3794 3282 3850; x_wconf 90' lang='lat' dir='ltr'><strong>moribus</strong></span> <span class='ocrx_word' id='word_1_577' title='bbox 3325 3793 3606 3866; x_wconf 88' lang='lat' dir='ltr'><strong>pleraque</strong></span> 
     </span>
    </p>
   </div>
   <div class='ocr_carea' id='block_1_81' title="bbox 221 3883 2622 3960">
    <p class='ocr_par' dir='ltr' id='par_1_81' title="bbox 221 3883 2622 3960">
     <span class='ocr_line' id='line_1_81' title="bbox 221 3883 2622 3960; baseline -0.005 -11"><span class='ocrx_word' id='word_1_578' title='bbox 221 3895 662 3950; x_wconf 84' lang='lat' dir='ltr'><strong>commemorat</strong></span> <span class='ocrx_word' id='word_1_579' title='bbox 691 3907 704 3945; x_wconf 90' lang='lat'><strong>:</strong></span> <span class='ocrx_word' id='word_1_580' title='bbox 739 3894 794 3945; x_wconf 92' lang='lat' dir='ltr'><strong>et</strong></span> <span class='ocrx_word' id='word_1_581' title='bbox 818 3887 1264 3960; x_wconf 89' lang='lat' dir='ltr'><strong>tranquillitatis</strong></span> <span class='ocrx_word' id='word_1_582' title='bbox 1292 3901 1429 3958; x_wconf 64' lang='lat' dir='ltr'><strong>quia</strong></span> <span class='ocrx_word' id='word_1_583' title='bbox 1460 3887 1573 3942; x_wconf 89' lang='lat' dir='ltr'><strong>sub</strong></span> <span class='ocrx_word' id='word_1_584' title='bbox 1603 3885 1851 3943; x_wconf 90' lang='lat' dir='ltr'><strong>Galieno</strong></span> <span class='ocrx_word' id='word_1_585' title='bbox 1890 3886 2018 3951; x_wconf 90' lang='lat' dir='ltr'><strong>fuit,</strong></span> <span class='ocrx_word' id='word_1_586' title='bbox 2053 3885 2423 3940; x_wconf 88' lang='lat' dir='ltr'><strong>mentionem</strong></span> <span class='ocrx_word' id='word_1_587' title='bbox 2462 3883 2622 3939; x_wconf 84' lang='lat' dir='ltr'><strong>facit.</strong></span> 
     </span>
    </p>
   </div>
   <div class='ocr_carea' id='block_1_82' title="bbox 824 4002 1238 4059">
    <p class='ocr_par' dir='ltr' id='par_1_82' title="bbox 824 4002 1238 4059">
     <span class='ocr_line' id='line_1_82' title="bbox 824 4002 1238 4059; baseline 0.002 -2"><span class='ocrx_word' id='word_1_588' title='bbox 824 4009 1068 4059; x_wconf 76' lang='grc' dir='ltr'><strong>ΚΕΦΑΛ.</strong></span> <span class='ocrx_word' id='word_1_589' title='bbox 1113 4002 1238 4058; x_wconf 84' lang='grc' dir='ltr'><strong>ΚΑ’.</strong></span> 
     </span>
    </p>
   </div>
   <div class='ocr_carea' id='block_1_83' title="bbox 227 4091 1827 4174">
    <p class='ocr_par' dir='ltr' id='par_1_83' title="bbox 227 4091 1827 4174">
     <span class='ocr_line' id='line_1_83' title="bbox 227 4091 1827 4174; baseline -0.005 -20"><span class='ocrx_word' id='word_1_590' title='bbox 227 4103 383 4174; x_wconf 83' lang='grc' dir='ltr'>Περὶ</span> <span class='ocrx_word' id='word_1_591' title='bbox 419 4101 723 4157; x_wconf 86' lang='grc' dir='ltr'>Νέπωτος</span> <span class='ocrx_word' id='word_1_592' title='bbox 769 4099 878 4146; x_wconf 82' lang='grc' dir='ltr'>καὶ</span> <span class='ocrx_word' id='word_1_593' title='bbox 915 4102 1030 4154; x_wconf 89' lang='grc' dir='ltr'>τῆς</span> <span class='ocrx_word' id='word_1_594' title='bbox 1068 4091 1204 4145; x_wconf 86' lang='grc' dir='ltr'>κατ’</span> <span class='ocrx_word' id='word_1_595' title='bbox 1261 4092 1453 4144; x_wconf 76' lang='grc' dir='ltr'>αὐτὸν</span> <span class='ocrx_word' id='word_1_596' title='bbox 1493 4093 1827 4166; x_wconf 81' lang='grc' dir='ltr'>αἱρέσεως.</span> 
     </span>
    </p>
   </div>
   <div class='ocr_carea' id='block_1_84' title="bbox 302 4195 1831 4273">
    <p class='ocr_par' dir='ltr' id='par_1_84' title="bbox 302 4195 1831 4273">
     <span class='ocr_line' id='line_1_84' title="bbox 302 4195 1831 4273; baseline -0.007 -13"><span class='ocrx_word' id='word_1_597' title='bbox 302 4206 416 4260; x_wconf 84' lang='grc' dir='ltr'><strong>Ἑπὶ</strong></span> <span class='ocrx_word' id='word_1_598' title='bbox 463 4206 665 4264; x_wconf 80' lang='grc' dir='ltr'>τούτοις</span> <span class='ocrx_word' id='word_1_599' title='bbox 707 4202 877 4254; x_wconf 79' lang='grc' dir='ltr'>ἅπασι</span> <span class='ocrx_word' id='word_1_600' title='bbox 933 4205 1023 4253; x_wconf 84' lang='grc' dir='ltr'>καὶ</span> <span class='ocrx_word' id='word_1_601' title='bbox 1081 4197 1179 4252; x_wconf 80' lang='grc' dir='ltr'><strong>δύο</strong></span> <span class='ocrx_word' id='word_1_602' title='bbox 1220 4195 1402 4273; x_wconf 71' lang='grc' dir='ltr'>βιϐλία</span> <span class='ocrx_word' id='word_1_603' title='bbox 1453 4204 1606 4272; x_wconf 81' lang='grc' dir='ltr'>Περὶ</span> <span class='ocrx_word' id='word_1_604' title='bbox 1650 4197 1831 4270; x_wconf 81' lang='grc' dir='ltr'><strong>ἓπᾶγ-</strong></span> 
     </span>
    </p>
   </div>
   <div class='ocr_carea' id='block_1_85' title="bbox 2309 3998 3075 4072">
    <p class='ocr_par' dir='ltr' id='par_1_85' title="bbox 2309 3998 3075 4072">
     <span class='ocr_line' id='line_1_85' title="bbox 2309 3998 3075 4072; baseline -0.012 -9"><span class='ocrx_word' id='word_1_605' title='bbox 2309 4057 2314 4063; x_wconf 82' lang='grc'>.</span> <span class='ocrx_word' id='word_1_606' title='bbox 2468 3998 2643 4072; x_wconf 71' lang='lat'><strong>413</strong></span> <span class='ocrx_word' id='word_1_607' title='bbox 2681 4000 2905 4055; x_wconf 80' lang='lat' dir='ltr'><strong>CAPUT</strong></span> <span class='ocrx_word' id='word_1_608' title='bbox 2945 3999 3075 4055; x_wconf 86' lang='lat' dir='ltr'><strong>XXI.</strong></span> 
     </span>
    </p>
   </div>
   <div class='ocr_carea' id='block_1_86' title="bbox 2336 4088 3207 4159">
    <p class='ocr_par' dir='ltr' id='par_1_86' title="bbox 2336 4088 3207 4159">
     <span class='ocr_line' id='line_1_86' title="bbox 2336 4088 3207 4159; baseline 0 -16"><span class='ocrx_word' id='word_1_609' title='bbox 2336 4091 2421 4145; x_wconf 89' lang='lat' dir='ltr'><strong>De</strong></span> <span class='ocrx_word' id='word_1_610' title='bbox 2453 4090 2680 4159; x_wconf 79' lang='lat' dir='ltr'><strong>Nepote</strong></span> <span class='ocrx_word' id='word_1_611' title='bbox 2714 4095 2768 4145; x_wconf 86' lang='lat' dir='ltr'><strong>et</strong></span> <span class='ocrx_word' id='word_1_612' title='bbox 2811 4088 3024 4145; x_wconf 65' lang='lat' dir='ltr'><strong>haeresi</strong></span> <span class='ocrx_word' id='word_1_613' title='bbox 3059 4090 3207 4158; x_wconf 85' lang='lat' dir='ltr'><strong>ejus.</strong></span> 
     </span>
    </p>
   </div>
   <div class='ocr_carea' id='block_1_87' title="bbox 2016 4195 3604 4269">
    <p class='ocr_par' dir='ltr' id='par_1_87' title="bbox 2016 4195 3604 4269">
     <span class='ocr_line' id='line_1_87' title="bbox 2016 4195 3604 4269; baseline -0.001 -16"><span class='ocrx_word' id='word_1_614' title='bbox 2016 4197 2234 4253; x_wconf 74' lang='lat' dir='ltr'><strong>Adhaec</strong></span> <span class='ocrx_word' id='word_1_615' title='bbox 2250 4195 2402 4251; x_wconf 92' lang='lat' dir='ltr'><strong>duos</strong></span> <span class='ocrx_word' id='word_1_616' title='bbox 2424 4196 2609 4252; x_wconf 87' lang='lat' dir='ltr'><strong>libros</strong></span> <span class='ocrx_word' id='word_1_617' title='bbox 2631 4199 2714 4252; x_wconf 88' lang='lat' dir='ltr'><strong>De</strong></span> <span class='ocrx_word' id='word_1_618' title='bbox 2727 4197 3221 4267; x_wconf 79' lang='lat' dir='ltr'><strong>promissionibus</strong></span> <span class='ocrx_word' id='word_1_619' title='bbox 3243 4197 3604 4269; x_wconf 87' lang='lat' dir='ltr'><strong>composuit,</strong></span> 
     </span>
    </p>
   </div>
   <div class='ocr_carea' id='block_1_88' title="bbox 224 4285 1826 4393">
    <p class='ocr_par' dir='ltr' id='par_1_88' title="bbox 224 4285 1826 4393">
     <span class='ocr_line' id='line_1_88' title="bbox 224 4285 1826 4368; baseline -0.004 -21"><span class='ocrx_word' id='word_1_620' title='bbox 224 4296 460 4368; x_wconf 82' lang='grc' dir='ltr'>γελιῶ,ν</span> <span class='ocrx_word' id='word_1_621' title='bbox 517 4294 791 4345; x_wconf 83' lang='grc' dir='ltr'>συντάττει</span> <span class='ocrx_word' id='word_1_622' title='bbox 823 4311 836 4324; x_wconf 88' lang='grc'><strong>·</strong></span> <span class='ocrx_word' id='word_1_623' title='bbox 894 4291 961 4341; x_wconf 83' lang='grc' dir='ltr'>ὧν</span> <span class='ocrx_word' id='word_1_624' title='bbox 993 4293 1020 4349; x_wconf 75' lang='grc' dir='ltr'>ἡ</span> <span class='ocrx_word' id='word_1_625' title='bbox 1079 4292 1326 4352; x_wconf 78' lang='grc' dir='ltr'>ὑπόθεσις</span> <span class='ocrx_word' id='word_1_626' title='bbox 1357 4293 1542 4350; x_wconf 83' lang='grc' dir='ltr'>Νέπως</span> <span class='ocrx_word' id='word_1_627' title='bbox 1584 4285 1663 4353; x_wconf 84' lang='grc' dir='ltr'><strong>ἧν,</strong></span> <span class='ocrx_word' id='word_1_628' title='bbox 1718 4289 1826 4340; x_wconf 82' lang='grc' dir='ltr'>ἐπί-</span> 
     </span>
     <span class='ocr_line' id='line_1_89' title="bbox 531 4374 1668 4393; baseline -0.001 0"><span class='ocrx_word' id='word_1_629' title='bbox 531 4387 538 4393; x_wconf 90' lang='grc'>.</span> <span class='ocrx_word' id='word_1_630' title='bbox 669 4388 678 4393; x_wconf 75' lang='grc'><strong>-</strong></span> <span class='ocrx_word' id='word_1_631' title='bbox 706 4382 717 4393; x_wconf 81' lang='lat' dir='ltr'><strong>I</strong></span> <span class='ocrx_word' id='word_1_632' title='bbox 875 4385 885 4393; x_wconf 79' lang='grc' dir='ltr'><strong><em>ι</em></strong></span> <span class='ocrx_word' id='word_1_633' title='bbox 1133 4384 1140 4392; x_wconf 79' lang='grc' dir='ltr'><strong>ο</strong></span> <span class='ocrx_word' id='word_1_634' title='bbox 1399 4379 1436 4393; x_wconf 69' lang='grc' dir='ltr'>α-</span> <span class='ocrx_word' id='word_1_635' title='bbox 1521 4374 1542 4393; x_wconf 52' lang='grc' dir='ltr'><strong>ᾗ</strong></span> <span class='ocrx_word' id='word_1_636' title='bbox 1589 4387 1602 4393; x_wconf 68' lang='grc' dir='ltr'><strong>,ι</strong></span> <span class='ocrx_word' id='word_1_637' title='bbox 1661 4383 1668 4392; x_wconf 73' lang='grc' dir='ltr'><strong>ι</strong></span> 
     </span>
    </p>
   </div>
   <div class='ocr_carea' id='block_1_89' title="bbox 1938 4285 3603 4393">
    <p class='ocr_par' dir='ltr' id='par_1_89' title="bbox 1941 4285 3603 4360">
     <span class='ocr_line' id='line_1_90' title="bbox 1941 4285 3603 4360; baseline 0.001 -19"><span class='ocrx_word' id='word_1_638' title='bbox 1941 4287 2161 4360; x_wconf 87' lang='lat' dir='ltr'><strong>quibus</strong></span> <span class='ocrx_word' id='word_1_639' title='bbox 2201 4292 2626 4356; x_wconf 89' lang='lat' dir='ltr'><strong>argumentum</strong></span> <span class='ocrx_word' id='word_1_640' title='bbox 2666 4285 2921 4357; x_wconf 76' lang='lat' dir='ltr'><strong>praebuit</strong></span> <span class='ocrx_word' id='word_1_641' title='bbox 2961 4289 3151 4358; x_wconf 85' lang='lat' dir='ltr'><strong>Nepos</strong></span> <span class='ocrx_word' id='word_1_642' title='bbox 3187 4303 3199 4341; x_wconf 88' lang='lat'>:</span> <span class='ocrx_word' id='word_1_643' title='bbox 3233 4286 3340 4358; x_wconf 90' lang='lat' dir='ltr'><strong>qui</strong></span> <span class='ocrx_word' id='word_1_644' title='bbox 3365 4285 3603 4359; x_wconf 57' lang='lat' dir='ltr'><strong>[Egypti</strong></span> 
     </span>
    </p>
   </div>
   <div class='ocr_carea' id='block_1_90' title="bbox 229 4374 1830 4456">
    <p class='ocr_par' dir='ltr' id='par_1_90' title="bbox 229 4374 1830 4456">
     <span class='ocr_line' id='line_1_91' title="bbox 229 4374 1830 4456; baseline -0.006 -17"><span class='ocrx_word' id='word_1_645' title='bbox 229 4405 427 4447; x_wconf 84' lang='grc' dir='ltr'>σκοπος</span> <span class='ocrx_word' id='word_1_646' title='bbox 490 4387 578 4456; x_wconf 70' lang='grc' dir='ltr'>μὲν</span> <span class='ocrx_word' id='word_1_647' title='bbox 657 4382 955 4453; x_wconf 70' lang='grc' dir='ltr'>Αἰγυπτίων</span> <span class='ocrx_word' id='word_1_648' title='bbox 1029 4384 1320 4451; x_wconf 83' lang='grc' dir='ltr'>γενόμενος.</span> <span class='ocrx_word' id='word_1_649' title='bbox 1399 4374 1830 4453; x_wconf 81' lang='grc' dir='ltr'>Ἰουδαῐκώτερον</span> 
     </span>
    </p>
   </div>
   <div class='ocr_carea' id='block_1_91' title="bbox 224 4468 1831 4549">
    <p class='ocr_par' dir='ltr' id='par_1_91' title="bbox 224 4468 1831 4549">
     <span class='ocr_line' id='line_1_92' title="bbox 224 4468 1831 4549; baseline -0.004 -22"><span class='ocrx_word' id='word_1_650' title='bbox 224 4478 331 4549; x_wconf 81' lang='grc' dir='ltr'><strong>γὰρ</strong></span> <span class='ocrx_word' id='word_1_651' title='bbox 374 4471 716 4546; x_wconf 78' lang='grc' dir='ltr'>διακείμενος,</span> <span class='ocrx_word' id='word_1_652' title='bbox 745 4473 809 4523; x_wconf 79' lang='grc' dir='ltr'>τὰ</span> <span class='ocrx_word' id='word_1_653' title='bbox 859 4469 1212 4542; x_wconf 74' lang='grc' dir='ltr'>ἐπηγγελμένα</span> <span class='ocrx_word' id='word_1_654' title='bbox 1257 4475 1360 4530; x_wconf 86' lang='grc' dir='ltr'>τοῖς</span> <span class='ocrx_word' id='word_1_655' title='bbox 1391 4468 1554 4540; x_wconf 84' lang='grc' dir='ltr'>ἁγίοις</span> <span class='ocrx_word' id='word_1_656' title='bbox 1593 4475 1831 4544; x_wconf 83' lang='grc' dir='ltr'>Χριστοῦ</span> 
     </span>
    </p>
   </div>
   <div class='ocr_carea' id='block_1_92' title="bbox 226 4561 1320 4636">
    <p class='ocr_par' dir='ltr' id='par_1_92' title="bbox 226 4561 1320 4636">
     <span class='ocr_line' id='line_1_93' title="bbox 226 4561 1320 4636; baseline -0.007 -19"><span class='ocrx_word' id='word_1_657' title='bbox 226 4569 279 4619; x_wconf 79' lang='grc' dir='ltr'>ἓν</span> <span class='ocrx_word' id='word_1_658' title='bbox 354 4570 465 4624; x_wconf 90' lang='grc' dir='ltr'>ταῖς</span> <span class='ocrx_word' id='word_1_659' title='bbox 539 4568 783 4636; x_wconf 84' lang='grc' dir='ltr'>Γραφαῖς,</span> <span class='ocrx_word' id='word_1_660' title='bbox 879 4561 1161 4631; x_wconf 84' lang='grc' dir='ltr'>παχύτερα</span> <span class='ocrx_word' id='word_1_661' title='bbox 1234 4563 1320 4610; x_wconf 80' lang='grc' dir='ltr'>καὶ</span> 
     </span>
    </p>
   </div>
   <div class='ocr_carea' id='block_1_93' title="bbox 228 4646 1832 4726">
    <p class='ocr_par' dir='ltr' id='par_1_93' title="bbox 228 4646 1832 4726">
     <span class='ocr_line' id='line_1_94' title="bbox 228 4646 1832 4726; baseline -0.005 -19"><span class='ocrx_word' id='word_1_662' title='bbox 228 4652 360 4707; x_wconf 85' lang='grc' dir='ltr'>εἶναι</span> <span class='ocrx_word' id='word_1_663' title='bbox 419 4660 634 4726; x_wconf 82' lang='grc' dir='ltr'>φρονῶν,</span> <span class='ocrx_word' id='word_1_664' title='bbox 698 4650 779 4702; x_wconf 79' lang='grc' dir='ltr'><strong>ἐπὶ</strong></span> <span class='ocrx_word' id='word_1_665' title='bbox 843 4657 935 4701; x_wconf 88' lang='grc' dir='ltr'><strong>τοῦ</strong></span> <span class='ocrx_word' id='word_1_666' title='bbox 982 4653 1234 4722; x_wconf 87' lang='grc' dir='ltr'>παρόντος</span> <span class='ocrx_word' id='word_1_667' title='bbox 1287 4646 1416 4700; x_wconf 82' lang='grc' dir='ltr'>εἶναι</span> <span class='ocrx_word' id='word_1_668' title='bbox 1481 4647 1636 4700; x_wconf 76' lang='grc' dir='ltr'>ἐτίθει</span> <span class='ocrx_word' id='word_1_669' title='bbox 1696 4650 1832 4699; x_wconf 85' lang='grc' dir='ltr'>κατὰ</span> 
     </span>
    </p>
   </div>
   <div class='ocr_carea' id='block_1_94' title="bbox 1425 4566 1833 4630">
    <p class='ocr_par' dir='ltr' id='par_1_94' title="bbox 1425 4566 1833 4630">
     <span class='ocr_line' id='line_1_95' title="bbox 1425 4566 1833 4630; baseline 0.002 -21"><span class='ocrx_word' id='word_1_670' title='bbox 1425 4566 1833 4630; x_wconf 79' lang='grc' dir='ltr'>σωματικῶτερα</span> 
     </span>
    </p>
   </div>
   <div class='ocr_carea' id='block_1_95' title="bbox 228 4772 1833 4844">
    <p class='ocr_par' dir='ltr' id='par_1_95' title="bbox 228 4772 1833 4844">
     <span class='ocr_line' id='line_1_96' title="bbox 228 4772 1833 4844; baseline -0.006 -9"><span class='ocrx_word' id='word_1_671' title='bbox 228 4778 578 4835; x_wconf 86' lang='lat' dir='ltr'><strong>violentiam</strong></span> <span class='ocrx_word' id='word_1_672' title='bbox 595 4792 769 4831; x_wconf 87' lang='lat' dir='ltr'><strong>suam</strong></span> <span class='ocrx_word' id='word_1_673' title='bbox 810 4774 1234 4844; x_wconf 86' lang='lat' dir='ltr'><strong>comprimant,</strong></span> <span class='ocrx_word' id='word_1_674' title='bbox 1265 4789 1343 4829; x_wconf 93' lang='lat' dir='ltr'><strong>an</strong></span> <span class='ocrx_word' id='word_1_675' title='bbox 1370 4788 1622 4843; x_wconf 88' lang='lat' dir='ltr'><strong>rapaces</strong></span> <span class='ocrx_word' id='word_1_676' title='bbox 1643 4772 1833 4844; x_wconf 38' lang='lat' dir='ltr'><strong>avaris</strong></span> 
     </span>
    </p>
   </div>
   <div class='ocr_carea' id='block_1_96' title="bbox 234 4843 1832 4916">
    <p class='ocr_par' dir='ltr' id='par_1_96' title="bbox 234 4843 1832 4916">
     <span class='ocr_line' id='line_1_97' title="bbox 234 4843 1832 4916; baseline -0.005 -9"><span class='ocrx_word' id='word_1_677' title='bbox 234 4852 328 4908; x_wconf 60' lang='lat' dir='ltr'><strong>tias</strong></span> <span class='ocrx_word' id='word_1_678' title='bbox 367 4849 614 4907; x_wconf 83' lang='lat' dir='ltr'><strong>furentis</strong></span> <span class='ocrx_word' id='word_1_679' title='bbox 669 4843 1067 4902; x_wconf 84' lang='lat' dir='ltr'><strong>insatiabilem</strong></span> <span class='ocrx_word' id='word_1_680' title='bbox 1117 4843 1353 4916; x_wconf 87' lang='lat' dir='ltr'><strong>semper</strong></span> <span class='ocrx_word' id='word_1_681' title='bbox 1414 4844 1690 4916; x_wconf 80' lang='lat' dir='ltr'><strong>ardorem</strong></span> <span class='ocrx_word' id='word_1_682' title='bbox 1741 4843 1832 4899; x_wconf 90' lang='lat' dir='ltr'><strong>vel</strong></span> 
     </span>
    </p>
   </div>
   <div class='ocr_carea' id='block_1_97' title="bbox 233 4915 1832 4986">
    <p class='ocr_par' dir='ltr' id='par_1_97' title="bbox 233 4915 1832 4986">
     <span class='ocr_line' id='line_1_98' title="bbox 233 4915 1832 4986; baseline -0.006 -8"><span class='ocrx_word' id='word_1_683' title='bbox 233 4927 396 4978; x_wconf 90' lang='lat' dir='ltr'><strong>metu</strong></span> <span class='ocrx_word' id='word_1_684' title='bbox 443 4921 648 4976; x_wconf 89' lang='lat' dir='ltr'><strong>mortis</strong></span> <span class='ocrx_word' id='word_1_685' title='bbox 695 4917 1097 4986; x_wconf 79' lang='lat' dir='ltr'><strong>exstinguant.</strong></span> <span class='ocrx_word' id='word_1_686' title='bbox 1161 4933 1235 4971; x_wconf 89' lang='lat' dir='ltr'><strong>an</strong></span> <span class='ocrx_word' id='word_1_687' title='bbox 1255 4915 1558 4972; x_wconf 82' lang='lat' dir='ltr'><strong>cervicem</strong></span> <span class='ocrx_word' id='word_1_688' title='bbox 1591 4915 1832 4971; x_wconf 86' lang='lat' dir='ltr'><strong>ﬂectant</strong></span> 
     </span>
    </p>
   </div>
   <div class='ocr_carea' id='block_1_98' title="bbox 231 4987 1828 5064">
    <p class='ocr_par' dir='ltr' id='par_1_98' title="bbox 231 4987 1828 5064">
     <span class='ocr_line' id='line_1_99' title="bbox 231 4987 1828 5064; baseline -0.004 -17"><span class='ocrx_word' id='word_1_689' title='bbox 231 4993 518 5064; x_wconf 86' lang='lat' dir='ltr'><strong>superbi,_</strong></span> <span class='ocrx_word' id='word_1_690' title='bbox 567 5006 642 5046; x_wconf 86' lang='lat' dir='ltr'><strong>an</strong></span> <span class='ocrx_word' id='word_1_691' title='bbox 690 4990 1029 5064; x_wconf 81' lang='lat' dir='ltr'><strong>_audaciam</strong></span> <span class='ocrx_word' id='word_1_692' title='bbox 1090 4987 1318 5064; x_wconf 79' lang='lat' dir='ltr'><strong>leniant</strong></span> <span class='ocrx_word' id='word_1_693' title='bbox 1367 4987 1684 5064; x_wconf 73' lang='lat' dir='ltr'><strong>_improbi,</strong></span> <span class='ocrx_word' id='word_1_694' title='bbox 1722 5003 1828 5064; x_wconf 90' lang='lat' dir='ltr'><strong>_an</strong></span> 
     </span>
    </p>
   </div>
   <div class='ocr_carea' id='block_1_99' title="bbox 231 5058 1831 5138">
    <p class='ocr_par' dir='ltr' id='par_1_99' title="bbox 231 5058 1831 5138">
     <span class='ocr_line' id='line_1_100' title="bbox 231 5058 1831 5138; baseline -0.005 -18"><span class='ocrx_word' id='word_1_695' title='bbox 231 5058 618 5138; x_wconf 78' lang='lat' dir='ltr'><strong>pereuntibus</strong></span> <span class='ocrx_word' id='word_1_696' title='bbox 655 5061 857 5138; x_wconf 85' lang='lat' dir='ltr'><strong>charis</strong></span> <span class='ocrx_word' id='word_1_697' title='bbox 912 5060 1000 5138; x_wconf 79' lang='lat' dir='ltr'><strong>vel</strong></span> <span class='ocrx_word' id='word_1_698' title='bbox 1054 5060 1156 5138; x_wconf 63' lang='grc' dir='ltr'><strong>δίο⁸</strong></span> <span class='ocrx_word' id='word_1_699' title='bbox 1197 5058 1424 5138; x_wconf 75' lang='lat' dir='ltr'><strong>aliquid</strong></span> <span class='ocrx_word' id='word_1_700' title='bbox 1463 5061 1676 5138; x_wconf 70' lang='lat' dir='ltr'><strong>divites</strong></span> <span class='ocrx_word' id='word_1_701' title='bbox 1720 5058 1831 5138; x_wconf 77' lang='lat' dir='ltr'><strong>lar-</strong></span> 
     </span>
    </p>
   </div>
   <div class='ocr_carea' id='block_1_100' title="bbox 234 5130 1832 5206">
    <p class='ocr_par' dir='ltr' id='par_1_100' title="bbox 234 5130 1832 5206">
     <span class='ocr_line' id='line_1_101' title="bbox 234 5130 1832 5206; baseline -0.004 -15"><span class='ocrx_word' id='word_1_702' title='bbox 234 5130 472 5206; x_wconf 72' lang='lat' dir='ltr'><strong>giantur</strong></span> <span class='ocrx_word' id='word_1_703' title='bbox 485 5139 549 5206; x_wconf 82' lang='lat' dir='ltr'><strong>et</strong></span> <span class='ocrx_word' id='word_1_704' title='bbox 569 5135 795 5206; x_wconf 84' lang='lat' dir='ltr'><strong>donent</strong></span> <span class='ocrx_word' id='word_1_705' title='bbox 814 5133 941 5206; x_wconf 83' lang='lat' dir='ltr'><strong>sine</strong></span> <span class='ocrx_word' id='word_1_706' title='bbox 961 5130 1522 5206; x_wconf 70' lang='lat' dir='ltr'><strong>haeredemOrituri:</strong></span> <span class='ocrx_word' id='word_1_707' title='bbox 1547 5130 1832 5206; x_wconf 81' lang='lat' dir='ltr'><strong>Ex_erc_itia</strong></span> 
     </span>
    </p>
   </div>
   <div class='ocr_carea' id='block_1_101' title="bbox 234 5201 1827 5267">
    <p class='ocr_par' dir='ltr' id='par_1_101' title="bbox 234 5201 1827 5267">
     <span class='ocr_line' id='line_1_102' title="bbox 234 5201 1827 5267; baseline -0.006 -3"><span class='ocrx_word' id='word_1_708' title='bbox 234 5201 374 5264; x_wconf 73' lang='lat' dir='ltr'><strong>sunt</strong></span> <span class='ocrx_word' id='word_1_709' title='bbox 400 5205 571 5262; x_wconf 84' lang='lat' dir='ltr'><strong>nobis</strong></span> <span class='ocrx_word' id='word_1_710' title='bbox 600 5205 712 5259; x_wconf 85' lang='lat' dir='ltr'><strong>ista</strong></span> <span class='ocrx_word' id='word_1_711' title='bbox 755 5219 873 5258; x_wconf 91' lang='lat' dir='ltr'><strong>non</strong></span> <span class='ocrx_word' id='word_1_712' title='bbox 909 5203 1138 5267; x_wconf 84' lang='lat' dir='ltr'><strong>funera,</strong></span> <span class='ocrx_word' id='word_1_713' title='bbox 1188 5201 1334 5256; x_wconf 81' lang='lat' dir='ltr'><strong>dant</strong></span> <span class='ocrx_word' id='word_1_714' title='bbox 1363 5201 1566 5257; x_wconf 90' lang='lat' dir='ltr'><strong>animo</strong></span> <span class='ocrx_word' id='word_1_715' title='bbox 1609 5201 1827 5256; x_wconf 85' lang='lat' dir='ltr'><strong>fortitu-</strong></span> 
     </span>
    </p>
   </div>
   <div class='ocr_carea' id='block_1_102' title="bbox 235 5271 1832 5347">
    <p class='ocr_par' dir='ltr' id='par_1_102' title="bbox 235 5271 1832 5347">
     <span class='ocr_line' id='line_1_103' title="bbox 235 5271 1832 5347; baseline -0.004 -13"><span class='ocrx_word' id='word_1_716' title='bbox 235 5279 390 5334; x_wconf 87' lang='lat' dir='ltr'><strong>dinis</strong></span> <span class='ocrx_word' id='word_1_717' title='bbox 437 5276 708 5347; x_wconf 87' lang='lat' dir='ltr'><strong>gloriam,</strong></span> <span class='ocrx_word' id='word_1_718' title='bbox 741 5278 1084 5347; x_wconf 77' lang='lat' dir='ltr'><strong>contemptu</strong></span> <span class='ocrx_word' id='word_1_719' title='bbox 1128 5275 1332 5347; x_wconf 79' lang='lat' dir='ltr'><strong>mortis</strong></span> <span class='ocrx_word' id='word_1_720' title='bbox 1380 5278 1724 5347; x_wconf 61' lang='lat' dir='ltr'><strong>prmparant</strong></span> <span class='ocrx_word' id='word_1_721' title='bbox 1752 5271 1832 5328; x_wconf 85' lang='lat' dir='ltr'><strong>ad</strong></span> 
     </span>
    </p>
   </div>
   <div class='ocr_carea' id='block_1_103' title="bbox 237 5345 1596 5418">
    <p class='ocr_par' dir='ltr' id='par_1_103' title="bbox 237 5345 1596 5418">
     <span class='ocr_line' id='line_1_104' title="bbox 237 5345 1596 5418; baseline -0.007 -12"><span class='ocrx_word' id='word_1_722' title='bbox 237 5345 546 5406; x_wconf 74' lang='lat' dir='ltr'><strong>coronam.</strong></span> <span class='ocrx_word' id='word_1_723' title='bbox 584 5368 611 5397; x_wconf 74' lang='grc' dir='ltr'><strong>ν</strong></span> <span class='ocrx_word' id='word_1_724' title='bbox 638 5350 836 5418; x_wconf 85' lang='lat' dir='ltr'><strong>(Cypr.</strong></span> <span class='ocrx_word' id='word_1_725' title='bbox 870 5345 928 5399; x_wconf 88' lang='lat' dir='ltr'><strong>in</strong></span> <span class='ocrx_word' id='word_1_726' title='bbox 960 5346 1148 5399; x_wconf 83' lang='lat' dir='ltr'><strong>Serm.</strong></span> <span class='ocrx_word' id='word_1_727' title='bbox 1183 5345 1256 5399; x_wconf 87' lang='lat' dir='ltr'><strong>de</strong></span> <span class='ocrx_word' id='word_1_728' title='bbox 1285 5345 1596 5416; x_wconf 77' lang='lat' dir='ltr'><strong>mortalit.)</strong></span> 
     </span>
    </p>
   </div>
   <div class='ocr_carea' id='block_1_104' title="bbox 313 5417 1832 5492">
    <p class='ocr_par' dir='ltr' id='par_1_104' title="bbox 313 5417 1832 5492">
     <span class='ocr_line' id='line_1_105' title="bbox 313 5417 1832 5492; baseline -0.005 -16"><span class='ocrx_word' id='word_1_729' title='bbox 313 5422 391 5492; x_wconf 87' lang='lat' dir='ltr'><strong>(t)</strong></span> <span class='ocrx_word' id='word_1_730' title='bbox 429 5422 661 5475; x_wconf 86' lang='lat' dir='ltr'><strong>Veteres</strong></span> <span class='ocrx_word' id='word_1_731' title='bbox 704 5417 938 5492; x_wconf 79' lang='lat' dir='ltr'><strong>urbium</strong></span> <span class='ocrx_word' id='word_1_732' title='bbox 989 5417 1358 5492; x_wconf 81' lang='lat' dir='ltr'><strong>expiationes</strong></span> <span class='ocrx_word' id='word_1_733' title='bbox 1389 5417 1832 5492; x_wconf 83' lang='lat' dir='ltr'><strong>anniversarias</strong></span> 
     </span>
    </p>
   </div>
   <div class='ocr_carea' id='block_1_105' title="bbox 236 5486 1832 5560">
    <p class='ocr_par' dir='ltr' id='par_1_105' title="bbox 236 5486 1832 5560">
     <span class='ocr_line' id='line_1_106' title="bbox 236 5486 1832 5560; baseline -0.007 -9"><span class='ocrx_word' id='word_1_734' title='bbox 236 5486 543 5556; x_wconf 84' lang='lat' dir='ltr'><strong>facientes,</strong></span> <span class='ocrx_word' id='word_1_735' title='bbox 601 5489 876 5546; x_wconf 85' lang='lat' dir='ltr'><strong>homines</strong></span> <span class='ocrx_word' id='word_1_736' title='bbox 918 5503 1163 5560; x_wconf 80' lang='lat' dir='ltr'><strong>sacros,</strong></span> <span class='ocrx_word' id='word_1_737' title='bbox 1216 5486 1331 5560; x_wconf 87' lang='lat' dir='ltr'><strong>hoc</strong></span> <span class='ocrx_word' id='word_1_738' title='bbox 1360 5495 1466 5560; x_wconf 89' lang='lat' dir='ltr'><strong>est,</strong></span> <span class='ocrx_word' id='word_1_739' title='bbox 1508 5489 1610 5560; x_wconf 90' lang='lat' dir='ltr'><strong>qui</strong></span> <span class='ocrx_word' id='word_1_740' title='bbox 1669 5493 1832 5560; x_wconf 85' lang='lat' dir='ltr'><strong>peste</strong></span> 
     </span>
    </p>
   </div>
   <div class='ocr_carea' id='block_1_106' title="bbox 239 5558 1835 5633">
    <p class='ocr_par' dir='ltr' id='par_1_106' title="bbox 239 5558 1835 5633">
     <span class='ocr_line' id='line_1_107' title="bbox 239 5558 1835 5633; baseline -0.006 -11"><span class='ocrx_word' id='word_1_741' title='bbox 239 5565 431 5624; x_wconf 85' lang='lat' dir='ltr'><strong>aliove</strong></span> <span class='ocrx_word' id='word_1_742' title='bbox 448 5562 663 5618; x_wconf 89' lang='lat' dir='ltr'><strong>morbo</strong></span> <span class='ocrx_word' id='word_1_743' title='bbox 677 5559 976 5633; x_wconf 81' lang='lat' dir='ltr'><strong>eXpiando</strong></span> <span class='ocrx_word' id='word_1_744' title='bbox 1001 5558 1616 5624; x_wconf 79' lang='lat' dir='ltr'><strong>diisimmolabantur,</strong></span> <span class='ocrx_word' id='word_1_745' title='bbox 1647 5565 1703 5614; x_wconf 91' lang='lat' dir='ltr'><strong>et</strong></span> <span class='ocrx_word' id='word_1_746' title='bbox 1729 5559 1835 5614; x_wconf 85' lang='lat' dir='ltr'><strong>Ca-</strong></span> 
     </span>
    </p>
   </div>
   <div class='ocr_carea' id='block_1_107' title="bbox 1940 4375 3605 4450">
    <p class='ocr_par' dir='ltr' id='par_1_107' title="bbox 1940 4375 3605 4450">
     <span class='ocr_line' id='line_1_108' title="bbox 1940 4375 3605 4450; baseline 0 -19"><span class='ocrx_word' id='word_1_747' title='bbox 1940 4378 2280 4450; x_wconf 86' lang='lat' dir='ltr'><strong>episcopus,</strong></span> <span class='ocrx_word' id='word_1_748' title='bbox 2323 4375 2576 4432; x_wconf 90' lang='lat' dir='ltr'><strong>Judaica</strong></span> <span class='ocrx_word' id='word_1_749' title='bbox 2613 4376 2914 4447; x_wconf 88' lang='lat' dir='ltr'><strong>opinione,</strong></span> <span class='ocrx_word' id='word_1_750' title='bbox 2961 4391 3095 4448; x_wconf 63' lang='lat' dir='ltr'><strong>qua;</strong></span> <span class='ocrx_word' id='word_1_751' title='bbox 3143 4377 3362 4432; x_wconf 89' lang='lat' dir='ltr'><strong>sanctis</strong></span> <span class='ocrx_word' id='word_1_752' title='bbox 3393 4376 3605 4432; x_wconf 86' lang='lat' dir='ltr'><strong>Christi</strong></span> 
     </span>
    </p>
   </div>
   <div class='ocr_carea' id='block_1_108' title="bbox 1940 4465 3606 4539">
    <p class='ocr_par' dir='ltr' id='par_1_108' title="bbox 1940 4465 3606 4539">
     <span class='ocr_line' id='line_1_109' title="bbox 1940 4465 3606 4539; baseline -0.001 -18"><span class='ocrx_word' id='word_1_753' title='bbox 1940 4468 2240 4539; x_wconf 86' lang='lat' dir='ltr'><strong>promissa</strong></span> <span class='ocrx_word' id='word_1_754' title='bbox 2275 4472 2416 4523; x_wconf 87' lang='lat' dir='ltr'><strong>sunt</strong></span> <span class='ocrx_word' id='word_1_755' title='bbox 2443 4466 2499 4521; x_wconf 91' lang='lat' dir='ltr'><strong>in</strong></span> <span class='ocrx_word' id='word_1_756' title='bbox 2535 4465 2874 4536; x_wconf 86' lang='lat' dir='ltr'><strong>Scripturis,</strong></span> <span class='ocrx_word' id='word_1_757' title='bbox 2909 4481 3092 4520; x_wconf 89' lang='lat' dir='ltr'><strong>sensu</strong></span> <span class='ocrx_word' id='word_1_758' title='bbox 3122 4465 3416 4538; x_wconf 90' lang='lat' dir='ltr'><strong>corporali</strong></span> <span class='ocrx_word' id='word_1_759' title='bbox 3447 4481 3606 4520; x_wconf 87' lang='lat' dir='ltr'><strong>cras-</strong></span> 
     </span>
    </p>
   </div>
   <div class='ocr_carea' id='block_1_109' title="bbox 1939 4554 3606 4628">
    <p class='ocr_par' dir='ltr' id='par_1_109' title="bbox 1939 4554 3606 4628">
     <span class='ocr_line' id='line_1_110' title="bbox 1939 4554 3606 4628; baseline -0.001 -18"><span class='ocrx_word' id='word_1_760' title='bbox 1939 4556 2062 4612; x_wconf 90' lang='lat' dir='ltr'><strong>sius</strong></span> <span class='ocrx_word' id='word_1_761' title='bbox 2102 4557 2451 4628; x_wconf 75' lang='lat' dir='ltr'><strong>intelligens,</strong></span> <span class='ocrx_word' id='word_1_762' title='bbox 2491 4571 2562 4611; x_wconf 89' lang='lat' dir='ltr'><strong>ea</strong></span> <span class='ocrx_word' id='word_1_763' title='bbox 2605 4554 2680 4609; x_wconf 87' lang='lat' dir='ltr'><strong>ad</strong></span> <span class='ocrx_word' id='word_1_764' title='bbox 2714 4570 2979 4626; x_wconf 79' lang='lat' dir='ltr'><strong>praesens</strong></span> <span class='ocrx_word' id='word_1_765' title='bbox 3016 4555 3324 4624; x_wconf 66' lang='lat' dir='ltr'><strong>saeculum,</strong></span> <span class='ocrx_word' id='word_1_766' title='bbox 3356 4559 3410 4609; x_wconf 88' lang='lat' dir='ltr'><strong>et</strong></span> <span class='ocrx_word' id='word_1_767' title='bbox 3451 4554 3606 4609; x_wconf 90' lang='lat' dir='ltr'><strong>desi-</strong></span> 
     </span>
    </p>
   </div>
   <div class='ocr_carea' id='block_1_110' title="bbox 1940 4641 3602 4718">
    <p class='ocr_par' dir='ltr' id='par_1_110' title="bbox 1940 4641 3602 4718">
     <span class='ocr_line' id='line_1_111' title="bbox 1940 4641 3602 4718; baseline -0.001 -18"><span class='ocrx_word' id='word_1_768' title='bbox 1940 4650 2184 4715; x_wconf 73' lang='lat' dir='ltr'><strong>gnatam</strong></span> <span class='ocrx_word' id='word_1_769' title='bbox 2209 4645 2541 4718; x_wconf 88' lang='lat' dir='ltr'><strong>quamdam</strong></span> <span class='ocrx_word' id='word_1_770' title='bbox 2567 4643 2724 4700; x_wconf 91' lang='lat' dir='ltr'><strong>mille</strong></span> <span class='ocrx_word' id='word_1_771' title='bbox 2747 4659 3042 4699; x_wconf 91' lang='lat' dir='ltr'><strong>annorum</strong></span> <span class='ocrx_word' id='word_1_772' title='bbox 3069 4645 3252 4700; x_wconf 88' lang='lat' dir='ltr'><strong>vitam</strong></span> <span class='ocrx_word' id='word_1_773' title='bbox 3285 4641 3602 4700; x_wconf 81' lang='lat' dir='ltr'><strong>referebat.</strong></span> 
     </span>
    </p>
   </div>
   <div class='ocr_carea' id='block_1_111' title="bbox 1937 4768 3606 4842">
    <p class='ocr_par' dir='ltr' id='par_1_111' title="bbox 1937 4768 3606 4842">
     <span class='ocr_line' id='line_1_112' title="bbox 1937 4768 3606 4842; baseline -0.002 -15"><span class='ocrx_word' id='word_1_774' title='bbox 1937 4771 2157 4827; x_wconf 85' lang='lat' dir='ltr'><strong>tharmi</strong></span> <span class='ocrx_word' id='word_1_775' title='bbox 2189 4777 2369 4842; x_wconf 90' lang='lat' dir='ltr'><strong>atque</strong></span> <span class='ocrx_word' id='word_1_776' title='bbox 2396 4770 2702 4842; x_wconf 88' lang='lat' dir='ltr'><strong>Pharmaci</strong></span> <span class='ocrx_word' id='word_1_777' title='bbox 2726 4768 3118 4842; x_wconf 77' lang='lat' dir='ltr'><strong>vocabantur,</strong></span> <span class='ocrx_word' id='word_1_778' title='bbox 3141 4769 3200 4842; x_wconf 87' lang='lat' dir='ltr'><strong>in</strong></span> <span class='ocrx_word' id='word_1_779' title='bbox 3221 4769 3606 4842; x_wconf 80' lang='lat' dir='ltr'><strong>victimarum</strong></span> 
     </span>
    </p>
   </div>
   <div class='ocr_carea' id='block_1_112' title="bbox 1941 4839 3608 4912">
    <p class='ocr_par' dir='ltr' id='par_1_112' title="bbox 1941 4839 3608 4912">
     <span class='ocr_line' id='line_1_113' title="bbox 1941 4839 3608 4912; baseline -0.002 -14"><span class='ocrx_word' id='word_1_780' title='bbox 1941 4859 2169 4898; x_wconf 88' lang='lat' dir='ltr'><strong>morem</strong></span> <span class='ocrx_word' id='word_1_781' title='bbox 2220 4839 2548 4906; x_wconf 82' lang='lat' dir='ltr'><strong>redimitos,</strong></span> <span class='ocrx_word' id='word_1_782' title='bbox 2601 4858 2632 4895; x_wconf 90' lang='lat' dir='ltr'><strong>e</strong></span> <span class='ocrx_word' id='word_1_783' title='bbox 2681 4841 2810 4912; x_wconf 90' lang='lat' dir='ltr'><strong>loco</strong></span> <span class='ocrx_word' id='word_1_784' title='bbox 2835 4839 3122 4911; x_wconf 74' lang='lat' dir='ltr'><strong>praecipiti</strong></span> <span class='ocrx_word' id='word_1_785' title='bbox 3171 4841 3230 4894; x_wconf 91' lang='lat' dir='ltr'><strong>in</strong></span> <span class='ocrx_word' id='word_1_786' title='bbox 3255 4855 3420 4912; x_wconf 86' lang='lat' dir='ltr'><strong>mare</strong></span> <span class='ocrx_word' id='word_1_787' title='bbox 3459 4839 3608 4912; x_wconf 86' lang='lat' dir='ltr'><strong>deji-</strong></span> 
     </span>
    </p>
   </div>
   <div class='ocr_carea' id='block_1_113' title="bbox 1941 4911 3607 4983">
    <p class='ocr_par' dir='ltr' id='par_1_113' title="bbox 1941 4911 3607 4983">
     <span class='ocr_line' id='line_1_114' title="bbox 1941 4911 3607 4983; baseline -0.003 -13"><span class='ocrx_word' id='word_1_788' title='bbox 1941 4915 2194 4979; x_wconf 90' lang='lat' dir='ltr'><strong>ciebant,</strong></span> <span class='ocrx_word' id='word_1_789' title='bbox 2265 4917 2536 4983; x_wconf 75' lang='lat' dir='ltr'><strong>Neptuno</strong></span> <span class='ocrx_word' id='word_1_790' title='bbox 2597 4911 3002 4975; x_wconf 86' lang='lat' dir='ltr'><strong>immolantes,</strong></span> <span class='ocrx_word' id='word_1_791' title='bbox 3053 4927 3190 4966; x_wconf 90' lang='lat' dir='ltr'><strong>cum</strong></span> <span class='ocrx_word' id='word_1_792' title='bbox 3235 4911 3607 4967; x_wconf 89' lang='lat' dir='ltr'><strong>solemnibus</strong></span> 
     </span>
    </p>
   </div>
   <div class='ocr_carea' id='block_1_114' title="bbox 1938 4983 3608 5058">
    <p class='ocr_par' dir='ltr' id='par_1_114' title="bbox 1938 4983 3608 5058">
     <span class='ocr_line' id='line_1_115' title="bbox 1938 4983 3608 5058; baseline -0.003 -18"><span class='ocrx_word' id='word_1_793' title='bbox 1938 4987 2109 5058; x_wconf 13' lang='lat' dir='ltr'><strong>hisce,</strong></span> <span class='ocrx_word' id='word_1_794' title='bbox 2146 4985 2362 5053; x_wconf 82' lang='lat' dir='ltr'><strong>verbis,</strong></span> <span class='ocrx_word' id='word_1_795' title='bbox 2412 4983 2688 5058; x_wconf 71' lang='grc' dir='ltr'>περίψημα</span> <span class='ocrx_word' id='word_1_796' title='bbox 2744 4985 2888 5054; x_wconf 81' lang='grc' dir='ltr'>ἡμῶν</span> <span class='ocrx_word' id='word_1_797' title='bbox 2925 4990 3116 5058; x_wconf 63' lang='grc' dir='ltr'>γενοῦ,</span> <span class='ocrx_word' id='word_1_798' title='bbox 3181 4985 3299 5058; x_wconf 73' lang='grc' dir='ltr'>ἤτοι</span> <span class='ocrx_word' id='word_1_799' title='bbox 3373 4987 3608 5058; x_wconf 83' lang='grc' dir='ltr'>σωτηρία</span> 
     </span>
    </p>
   </div>
   <div class='ocr_carea' id='block_1_115' title="bbox 1938 5053 3607 5130">
    <p class='ocr_par' dir='ltr' id='par_1_115' title="bbox 1938 5053 3607 5130">
     <span class='ocr_line' id='line_1_116' title="bbox 1938 5053 3607 5130; baseline 0.001 -22"><span class='ocrx_word' id='word_1_800' title='bbox 1938 5063 2025 5110; x_wconf 83' lang='grc' dir='ltr'>καὶ</span> <span class='ocrx_word' id='word_1_801' title='bbox 2091 5053 2487 5130; x_wconf 40' lang='grc' dir='ltr'>ἀπολύτρωσις-ί</span> <span class='ocrx_word' id='word_1_802' title='bbox 2531 5053 2623 5130; x_wconf 24' lang='grc' dir='ltr'>,διε</span> <span class='ocrx_word' id='word_1_803' title='bbox 2682 5053 3018 5130; x_wconf 83' lang='lat' dir='ltr'><strong>pro_nobis</strong></span> <span class='ocrx_word' id='word_1_804' title='bbox 3075 5056 3436 5125; x_wconf 87' lang='lat' dir='ltr'><strong>peripsema,</strong></span> <span class='ocrx_word' id='word_1_805' title='bbox 3492 5053 3607 5110; x_wconf 80' lang='lat' dir='ltr'><strong>hoc</strong></span> 
     </span>
    </p>
   </div>
   <div class='ocr_carea' id='block_1_116' title="bbox 1940 5125 3609 5200">
    <p class='ocr_par' dir='ltr' id='par_1_116' title="bbox 1940 5125 3609 5200">
     <span class='ocr_line' id='line_1_117' title="bbox 1940 5125 3609 5200; baseline -0.002 -16"><span class='ocrx_word' id='word_1_806' title='bbox 1940 5135 2048 5193; x_wconf 89' lang='lat' dir='ltr'><strong>est,</strong></span> <span class='ocrx_word' id='word_1_807' title='bbox 2093 5125 2416 5200; x_wconf 80' lang='lat' dir='ltr'><strong>piaculum,</strong></span> <span class='ocrx_word' id='word_1_808' title='bbox 2463 5127 2651 5191; x_wconf 86' lang='lat' dir='ltr'><strong>luitio,</strong></span> <span class='ocrx_word' id='word_1_809' title='bbox 2687 5125 3324 5200; x_wconf 15' lang='lat' dir='ltr'><strong>’redemptioinostra,</strong></span> <span class='ocrx_word' id='word_1_810' title='bbox 3381 5133 3438 5200; x_wconf 88' lang='lat' dir='ltr'><strong>e_t</strong></span> <span class='ocrx_word' id='word_1_811' title='bbox 3487 5142 3609 5200; x_wconf 79' lang='lat' dir='ltr'><strong>ser-</strong></span> 
     </span>
    </p>
   </div>
   <div class='ocr_carea' id='block_1_117' title="bbox 1940 5196 3607 5262">
    <p class='ocr_par' dir='ltr' id='par_1_117' title="bbox 1940 5196 3607 5262">
     <span class='ocr_line' id='line_1_118' title="bbox 1940 5196 3607 5262; baseline -0.001 -8"><span class='ocrx_word' id='word_1_812' title='bbox 1940 5196 2128 5256; x_wconf 64' lang='lat' dir='ltr'><strong>vatrii</strong></span> <span class='ocrx_word' id='word_1_813' title='bbox 2160 5201 2324 5255; x_wconf 89' lang='lat' dir='ltr'><strong>urbis</strong></span> <span class='ocrx_word' id='word_1_814' title='bbox 2381 5200 2639 5254; x_wconf 89' lang='lat' dir='ltr'><strong>victima.</strong></span> <span class='ocrx_word' id='word_1_815' title='bbox 2685 5197 2940 5262; x_wconf 89' lang='lat' dir='ltr'><strong>(Suidas,</strong></span> <span class='ocrx_word' id='word_1_816' title='bbox 2974 5201 3027 5251; x_wconf 92' lang='lat' dir='ltr'><strong>et</strong></span> <span class='ocrx_word' id='word_1_817' title='bbox 3059 5196 3335 5252; x_wconf 87' lang='lat' dir='ltr'><strong>Nicolaus</strong></span> <span class='ocrx_word' id='word_1_818' title='bbox 3399 5197 3607 5252; x_wconf 87' lang='lat' dir='ltr'><strong>Leoni-</strong></span> 
     </span>
    </p>
   </div>
   <div class='ocr_carea' id='block_1_118' title="bbox 1940 5267 3606 5340">
    <p class='ocr_par' dir='ltr' id='par_1_118' title="bbox 1940 5267 3606 5340">
     <span class='ocr_line' id='line_1_119' title="bbox 1940 5267 3606 5340; baseline -0.002 -12"><span class='ocrx_word' id='word_1_819' title='bbox 1940 5288 2068 5334; x_wconf 92' lang='lat' dir='ltr'><strong>cus,</strong></span> <span class='ocrx_word' id='word_1_820' title='bbox 2123 5274 2205 5327; x_wconf 89' lang='lat' dir='ltr'><strong>De</strong></span> <span class='ocrx_word' id='word_1_821' title='bbox 2244 5271 2414 5327; x_wconf 81' lang='lat' dir='ltr'><strong>varia</strong></span> <span class='ocrx_word' id='word_1_822' title='bbox 2447 5268 2716 5331; x_wconf 81' lang='lat' dir='ltr'><strong>historia,</strong></span> <span class='ocrx_word' id='word_1_823' title='bbox 2758 5267 2858 5323; x_wconf 87' lang='lat' dir='ltr'><strong>lib.</strong></span> <span class='ocrx_word' id='word_1_824' title='bbox 2906 5284 2989 5334; x_wconf 82' lang='grc' dir='ltr'>ιιι,</span> <span class='ocrx_word' id='word_1_825' title='bbox 3031 5283 3170 5340; x_wconf 86' lang='lat' dir='ltr'><strong>cap.</strong></span> <span class='ocrx_word' id='word_1_826' title='bbox 3200 5267 3360 5340; x_wconf 12' lang='lat' dir='ltr'><strong>fult.)</strong></span> <span class='ocrx_word' id='word_1_827' title='bbox 3390 5283 3425 5324; x_wconf 75' lang='grc' dir='ltr'>ι(</span> <span class='ocrx_word' id='word_1_828' title='bbox 3457 5268 3606 5324; x_wconf 90' lang='lat' dir='ltr'><strong>Tan-</strong></span> 
     </span>
    </p>
   </div>
   <div class='ocr_carea' id='block_1_119' title="bbox 1941 5339 3604 5415">
    <p class='ocr_par' dir='ltr' id='par_1_119' title="bbox 1941 5339 3604 5415">
     <span class='ocr_line' id='line_1_120' title="bbox 1941 5339 3604 5415; baseline -0.002 -17"><span class='ocrx_word' id='word_1_829' title='bbox 1941 5359 2126 5415; x_wconf 85' lang='lat' dir='ltr'><strong>quam</strong></span> <span class='ocrx_word' id='word_1_830' title='bbox 2191 5347 2589 5415; x_wconf 83' lang='lat' dir='ltr'><strong>purgamenta</strong></span> <span class='ocrx_word' id='word_1_831' title='bbox 2665 5339 2847 5415; x_wconf 81' lang='lat' dir='ltr'><strong>hujus</strong></span> <span class='ocrx_word' id='word_1_832' title='bbox 2913 5339 3121 5415; x_wconf 73' lang='lat' dir='ltr'><strong>mundi</strong></span> <span class='ocrx_word' id='word_1_833' title='bbox 3189 5339 3347 5394; x_wconf 88' lang='lat' dir='ltr'><strong>facti</strong></span> <span class='ocrx_word' id='word_1_834' title='bbox 3393 5356 3604 5415; x_wconf 82' lang='lat' dir='ltr'><strong>sumus</strong></span> 
     </span>
    </p>
   </div>
   <div class='ocr_carea' id='block_1_120' title="bbox 1942 5411 3608 5482">
    <p class='ocr_par' dir='ltr' id='par_1_120' title="bbox 1942 5411 3608 5482">
     <span class='ocr_line' id='line_1_121' title="bbox 1942 5411 3608 5482; baseline -0.002 -12"><span class='ocrx_word' id='word_1_835' title='bbox 1942 5411 2214 5470; x_wconf 76' lang='lat' dir='ltr'><strong>omnium</strong></span> <span class='ocrx_word' id='word_1_836' title='bbox 2245 5413 2617 5482; x_wconf 87' lang='lat' dir='ltr'><strong>peripsema;</strong></span> <span class='ocrx_word' id='word_1_837' title='bbox 2654 5431 2681 5462; x_wconf 73' lang='grc' dir='ltr'><strong>υ</strong></span> <span class='ocrx_word' id='word_1_838' title='bbox 2713 5411 2827 5466; x_wconf 88' lang='lat' dir='ltr'><strong>hoc</strong></span> <span class='ocrx_word' id='word_1_839' title='bbox 2875 5417 2980 5475; x_wconf 91' lang='lat' dir='ltr'><strong>est,</strong></span> <span class='ocrx_word' id='word_1_840' title='bbox 3016 5413 3132 5465; x_wconf 86' lang='lat' dir='ltr'><strong>Nos</strong></span> <span class='ocrx_word' id='word_1_841' title='bbox 3164 5416 3450 5481; x_wconf 88' lang='lat' dir='ltr'><strong>tanquam</strong></span> <span class='ocrx_word' id='word_1_842' title='bbox 3483 5412 3608 5482; x_wconf 90' lang='lat' dir='ltr'><strong>pia-</strong></span> 
     </span>
    </p>
   </div>
   <div class='ocr_carea' id='block_1_121' title="bbox 1943 5482 3606 5555">
    <p class='ocr_par' dir='ltr' id='par_1_121' title="bbox 1943 5482 3606 5555">
     <span class='ocr_line' id='line_1_122' title="bbox 1943 5482 3606 5555; baseline -0.001 -14"><span class='ocrx_word' id='word_1_843' title='bbox 1943 5486 2079 5542; x_wconf 91' lang='lat' dir='ltr'><strong>cula</strong></span> <span class='ocrx_word' id='word_1_844' title='bbox 2115 5486 2323 5540; x_wconf 88' lang='lat' dir='ltr'><strong>mundi</strong></span> <span class='ocrx_word' id='word_1_845' title='bbox 2358 5484 2491 5539; x_wconf 88' lang='lat' dir='ltr'><strong>facti</strong></span> <span class='ocrx_word' id='word_1_846' title='bbox 2515 5499 2751 5548; x_wconf 88' lang='lat' dir='ltr'><strong>sumus,</strong></span> <span class='ocrx_word' id='word_1_847' title='bbox 2771 5489 2828 5538; x_wconf 90' lang='lat' dir='ltr'><strong>et</strong></span> <span class='ocrx_word' id='word_1_848' title='bbox 2846 5482 3214 5539; x_wconf 70' lang='lat' dir='ltr'><strong>succidaneae</strong></span> <span class='ocrx_word' id='word_1_849' title='bbox 3241 5498 3349 5553; x_wconf 86' lang='lat' dir='ltr'><strong>pro</strong></span> <span class='ocrx_word' id='word_1_850' title='bbox 3378 5482 3606 5555; x_wconf 90' lang='lat' dir='ltr'><strong>populo</strong></span> 
     </span>
    </p>
   </div>
   <div class='ocr_carea' id='block_1_122' title="bbox 1943 5555 2708 5629">
    <p class='ocr_par' dir='ltr' id='par_1_122' title="bbox 1943 5555 2708 5629">
     <span class='ocr_line' id='line_1_123' title="bbox 1943 5555 2708 5629; baseline -0.009 -16"><span class='ocrx_word' id='word_1_851' title='bbox 1943 5559 2218 5614; x_wconf 65' lang='lat' dir='ltr'><strong>victimae.</strong></span> <span class='ocrx_word' id='word_1_852' title='bbox 2253 5557 2296 5629; x_wconf 92' lang='grc' dir='ltr'><strong>(Ι</strong></span> <span class='ocrx_word' id='word_1_853' title='bbox 2327 5556 2463 5612; x_wconf 84' lang='lat' dir='ltr'><strong>Cor.</strong></span> <span class='ocrx_word' id='word_1_854' title='bbox 2499 5571 2573 5625; x_wconf 88' lang='lat' dir='ltr'><strong>1v,</strong></span> <span class='ocrx_word' id='word_1_855' title='bbox 2596 5555 2708 5625; x_wconf 88' lang='grc'><strong>13.)</strong></span> 
     </span>
    </p>
   </div>
  </div>
