4020 6218
441 249 574 310 1171

1745 241 2136 302 NICEPHORI
2175 239 2494 300 CALLIS'I'I

3671 252 3806 308 M72

442 378 510 434 Et
534 376 698 450 quod
721 377 774 434 is
804 393 874 436 ex
895 375 1260 450 Apocalypsi
1281 375 1528 432 Joannis
1553 373 1900 446 opinionem
1922 387 2092 428 suam

2205 369 2487 442 χιλιοστὺν
2539 369 2676 432 ζωῆς
2731 391 2848 428 τινα
2901 375 3215 452 ὡρισμένην.
3267 383 3370 436 Καὶ
3417 383 3592 434 τοίνυν
3657 378 3807 440 οὗτος

435 483 500 522 se
524 467 1021 524 conﬁrmaturum
1047 483 1180 524 esse
1205 465 1572 538 opinaretur,
1604 463 1824 520 librum
1854 476 2098 532 compo-

441 555 581 625 suit,
613 557 706 612 cui
731 556 966 614 titulum
1003 554 1433 614 Confutationis
1475 569 1704 618 eorum,
1737 551 1840 626 qui
1879 550 2096 621 allego-

443 645 564 702 rias
585 653 976 718 componunt,
998 645 1230 702 indidit.
1257 643 1362 700 Cui
1391 643 1727 714 Dionysius,
1749 643 1808 697 in
1831 641 1916 696 eis
1939 655 2094 713 quos

439 733 702 790 diximus
739 734 906 790 libris
935 734 1332 806 respondens,
1363 732 1424 788 in
1455 731 1650 804 priore
1679 729 1927 804 quidem
1965 743 2095 784 sen—

439 823 684 880 tentiam
719 838 896 880 suam
927 824 1002 879 de
1029 822 1186 878 illius
1216 822 1496 893 dogmate
1527 820 1792 891 exponit,
1823 818 1881 874 in
1909 822 2095 891 poste-

435 911 590 968 riore
620 917 824 970 autem
862 913 938 970 de
967 911 1332 985 Apocalypsi
1369 909 1616 966 Joannis
1647 909 1770 979 agit
1798 907 2090 980 pluribus.

437 1021 468 1054 «
496 1001 1020 1075 Quandoquidem,
1053 1001 1264 1073 inquit,
1297 1001 1584 1072 scriptum
1613 998 1924 1071 quoddam
1961 1012 2096 1069 pro.

433 1089 632 1148 ferunt
661 1091 925 1163 Nepotis,
951 1107 1074 1164 quo
1104 1091 1279 1146 valde
1321 1089 1608 1152 nituntur,
1639 1087 1814 1144 veluti
1851 1094 2008 1144 certo
2039 1091 2098 1144 et

433 1179 919 1251 irrefragabiliter
940 1180 1292 1236 ostendente
1313 1183 1490 1252 atque
1511 1177 1824 1252 probante,
1841 1191 2094 1247 regnum

438 1267 656 1326 Christi
691 1270 754 1324 in
793 1271 960 1326 terris
1001 1269 1264 1326 futurum
1299 1286 1312 1324 :
1349 1268 1410 1324 in
1441 1267 1570 1324 aliis
1608 1267 1854 1340 quidem
1896 1265 2096 1322 multis

437 1360 724 1432 Nepotem
779 1359 1000 1430 recipio
1052 1363 1109 1414 et
1155 1357 1536 1430 complector,
1593 1361 1835 1428 propter
1889 1355 2094 1424 ﬁdem,

423 1447 819 1506 .tolerantiam
875 1447 1120 1512 laboris,
1163 1447 1602 1519 Scripturarum
1653 1445 1994 1512 lectionem,
2041 1453 2098 1500 et

431 1535 774 1609 frequentes
829 1535 1222 1610 psalmodias,
1261 1536 1486 1608 quibus
1551 1535 1862 1608 hucusque
1925 1533 2094 1592 multi

435 1625 804 1683 delectantur
829 1625 1062 1693 fratres,
1087 1625 1517 1698 hominemque
1538 1625 1738 1697 ipsum
1763 1624 2042 1681 observo.
2069 1646 2090 1675 ι

2206 461 2261 510 ἐκ
2351 466 2444 519 τῆς
2533 460 2939 534 Ἀποκαλύψεως
3035 467 3272 524 Ἰωάννου
3347 473 3624 544 κρατύνειν
3719 473 3804 528 τὴν

2206 549 2405 620 αἰρεσιν
2454 547 2668 620 οἰηθεὶς,
2720 548 2900 624 βίϐλον
2941 557 3218 624 συντάξας,
3249 559 3466 632 ἔλεγχον
3518 567 3624 612 τῶν
3657 557 3805 616 ἀλλη-

2203 645 2460 710 γοριστῶν
2505 641 2699 698 ταύτην
2759 639 3066 717 ἐπέγραψεν.
3121 651 3256 721 Πρὸς
3287 649 3342 701 ὃν
3387 651 3666 710 Διονύσιος
3703 655 3804 710 τοῖς

2205 726 2492 800 εἰρημένοις
2542 731 2730 782 τούτου
2789 736 3204 808 συγγράμμασιν
3257 735 3554 810 ἀντιλέγων,
3611 741 3664 790 ἓν
3721 739 3802 808 μεν

2203 823 2276 887 τῷ
2301 819 2533 889 προτέρῳ
2579 820 2635 870 τό
2686 814 2845 882 δόξαν
2895 827 3014 896 περὶ
3061 832 3152 876 τοῦ
3202 822 3470 898 δόγματος
3517 828 3800 896 ἐκτίθησιν,

2203 907 2253 958 ἓν
2307 901 2366 958 δὲ
2404 913 2476 964 τῶ
2517 902 2740 982 δευτέρῳ
2798 915 2914 982 περὶ
2973 921 3068 974 τῆς
3123 913 3528 988 Ἀποκαλύψεως
3567 917 3800 970 Ἰωάννου

2207 991 2550 1066 διαλαμϐάνει
2595 995 2931 1074 πλατύτερον,
2992 1003 3127 1056 οὕτω
3175 1001 3378 1068 διεξιών
3417 1023 3430 1036 ·
3493 1028 3522 1054 ί(
3587 1002 3798 1064 Ἐπειδὲ

2208 1087 2481 1156 σύνταγμά
2528 1105 2579 1138 τι
2631 1094 3015 1162 προκομίζουσι
3059 1097 3323 1160 Νέπωτος,
3373 1096 3412 1166 ᾧ
3449 1095 3566 1150 λίαν
3617 1098 3804 1170 ἐπερεί-

2207 1171 2410 1240 δονται,
2487 1177 2556 1238 ὡς
2645 1175 3026 1254 ἀναντιῤῥήτως
3125 1180 3472 1238 ἐπιδεικνύντι
3545 1189 3644 1243 τὴν
3717 1191 3802 1237 τοῦ

2209 1265 2432 1338 Χριστοῦ
2491 1264 2763 1338 βασιλείαν
2811 1267 2896 1322 ἐπὶ
2943 1279 3042 1342 γῆς
3099 1274 3334 1340 ἔσεσθαι,
3397 1273 3448 1326 ἐν
3495 1275 3672 1335 ἄλλοις

2209 1351 2408 1414 πολλοῖς
2453 1351 2790 1428 ἀποδέχομαι
2845 1363 2936 1411 καὶ
2983 1357 3170 1432 ἀγαπῶ
3218 1367 3440 1416 Νέπωτα
3481 1371 3581 1426 τῆς
3633 1383 3689 1416 τε
3725 1369 3808 1416 πί-

2209 1459 2384 1508 στεως,
2417 1446 2506 1494 καὶ
2549 1451 2646 1504 τῆς
2697 1443 3015 1514 φιλοπονίας,
3058 1452 3150 1501 καὶ
3201 1455 3296 1510 τῆς
3339 1454 3388 1502 ἐν
3438 1457 3550 1512 ταῖς
3581 1457 3810 1523 Γραφαῐς

2208 1525 2508 1604 διατριϐῆς,
2547 1535 2638 1584 καὶ
2691 1541 2788 1595 τῆς
2825 1533 3014 1597 πολλῆς
3066 1535 3400 1610 ψαλμῳδίας,
3525 1544 3696 1612 μέχρι
3723 1547 3808 1591 νῦν

2207 1617 2382 1672 πολλοὶ
2435 1629 2534 1672 τῶν
2589 1617 2822 1694 ἀδελφῶν
2857 1623 3198 1697 ἐνθυμοῦνται
3237 1645 3250 1658 ’
3292 1633 3382 1682 καὶ
3434 1631 3570 1682 πάνυ
3623 1626 3656 1682 δ
3663 1629 3700 1680 ι⁴¹
3729 1629 3814 1681 αἰ-

435 1715 660 1772 Deinde
689 1731 1044 1788 progressus
1071 1715 1245 1772 infert
1278 1733 1290 1771 :
1323 1735 1352 1768 «
1382 1715 1660 1772 Sedenim
1689 1715 1734 1770 si
1762 1713 1908 1786 quid
1937 1719 2092 1770 recte

2207 1705 2334 1771 δοῡς
2365 1711 2478 1782 ἄγω
2509 1713 2595 1763 τὸν
2647 1713 2916 1784 ἄνθρωπον
2963 1715 3136 1770 αὐτόν.
3172 1737 3201 1768 δ)
3251 1714 3383 1770 Εἶτα
3429 1723 3644 1790 προῖὼν,
3699 1721 3813 1770 ἒπε-

438 1803 666 1862 dictum
705 1805 798 1874 sit,
839 1805 1084 1862 laudare
1122 1804 1185 1861 id
1229 1805 1523 1862 convenit.
1567 1806 1824 1860 Rursum
1863 1819 2004 1859 vero
2043 1803 2094 1858 si

434 1895 582 1967 quid
604 1894 936 1952 secundum
961 1909 1173 1952 sanam
1195 1895 1528 1952 doctrinam
1549 1909 1670 1950 non
1691 1895 1764 1950 sit
1783 1893 2091 1965 scriptum,

433 1983 496 2050 id
535 1984 830 2055 castigare
868 1989 1122 2058 oportet.
1161 1985 1244 2040 Ac
1284 1984 1332 2039 si
1369 1983 1618 2057 quidem
1657 1983 1784 2054 ipse
1835 1983 2091 2052 adesset,

435 2074 578 2130 satis
603 2079 758 2132 esset
785 2075 1088 2132 rationum
1115 2075 1176 2130 in
1203 2073 1520 2146 colloquio,
1551 2088 1656 2145 per
1687 2073 2096 2142 interrogatio-

431 2178 574 2220 nem
604 2169 662 2221 et
689 2163 1171 2237 responsionem,
1205 2167 1284 2220 ad
1316 2163 1766 2235 persuasionem
1795 2167 1852 2218 et
1889 2161 2092 2218 conci-

432 2250 742 2310 liationem
789 2269 999 2310 eorum
1040 2269 1176 2326 qum
1205 2253 1358 2308 inter
1389 2267 1450 2308 se
1488 2256 1896 2325 opponuntur.
1947 2255 2094 2308 Cum

431 2347 636 2400 autem
669 2341 958 2414 scriptum
985 2343 1116 2413 ejus
1145 2343 1289 2398 satis
1315 2342 1393 2398 ad
1420 2341 1906 2414 persuadendum
1933 2358 2092 2400 com-

431 2433 716 2504 positum,
741 2433 802 2488 in
823 2431 1140 2488 hominum
1165 2433 1236 2490 sit
1261 2431 1566 2496 manibus,
1589 2447 1710 2503 quo
1739 2432 1957 2502 scripto
1978 2431 2094 2504 legi

435 2525 492 2578 et
519 2521 829 2594 prophetis
857 2523 1244 2588 conviciatur,
1287 2521 1610 2592 Evangelia
1638 2521 1788 2577 nihil
1821 2537 1948 2578 esse
1987 2521 2097 2577 du-

434 2610 532 2678 cit,
561 2617 618 2667 et
665 2611 1030 2684 apostolicos
1079 2611 1264 2668 libros
1312 2616 1604 2684 tanquam
1647 2609 1869 2666 nullius
1925 2611 2097 2683 pretii

413 2701 658 2769 selevat;
699 2703 904 2774 ipsum
941 2709 1140 2758 autem
1179 2701 1426 2773 perinde
1477 2706 1660 2772 atque
1699 2701 2002 2756 occultum
2041 2704 2098 2758 et

433 2805 722 2848 arcanum
737 2793 1084 2863 mysterium
1099 2791 1448 2856 celebratur,
1467 2789 1522 2863 4
1535 2793 1576 2861 1
1590 2789 1646 2863 4
1661 2789 2096 2863 simpliciorum

431 2879 682 2936 fratrum
720 2881 981 2950 animos,
1015 2879 1162 2935 nihil
1197 2881 1544 2951 permittens
1583 2895 1879 2950 magnum
1910 2885 1966 2936 et
2004 2895 2098 2935 su-

431 2967 616 3025 blime
636 2969 710 3024 de
733 2974 914 3035 certa,
949 2985 1084 3026 vera
1106 2974 1162 3025 et
1185 2969 1445 3040 gloriosa
1471 2970 1845 3040 apparitione
1867 2968 2096 3030 Christi.

2205 1801 2340 1872 φίρει
2367 1816 2380 1828 ·
2412 1819 2441 1850 ι(
2469 1797 2558 1861 Ὡς
2589 1803 2634 1854 εἰ
2677 1821 2726 1854 τι
2768 1805 2858 1874 μὲν
2901 1802 3062 1876 ὀρθῶς
3091 1805 3310 1878 λέγοιτο,
3367 1807 3590 1860 ἐπαινεῖν
3647 1813 3762 1878 χρὴ
3795 1825 3810 1840 ·

2205 1885 2491 1942 διευθύνειν
2535 1887 2586 1942 δ’
2625 1887 2780 1953 αὖθις
2829 1894 2874 1944 εἴ
2911 1912 2966 1944 τι
3018 1897 3088 1966 μὴ
3140 1895 3300 1967 ὑγιῶς
3355 1895 3470 1948 ἐστι
3514 1901 3814 1970 γεγραμμέο

2203 1998 2312 2034 νον.
2375 1979 2478 2034 Καὶ
2527 1979 2572 2032 εἰ
2625 1983 2716 2052 μεν
2763 1989 2936 2054 παρῆν
2989 1983 3016 2034 ό
3055 1983 3208 2058 ἀνὴρ,
3239 1984 3508 2059 αὐτάρκης
3537 1983 3602 2044 ἧν
3657 1985 3816 2056 λόγος

2203 2071 2328 2140 πρός
2367 2067 2620 2142 ἐρώτησιν
2661 2074 2752 2122 καὶ
2806 2069 3108 2147 ἀπόκρισιν,
3155 2075 3345 2128 πείθων
3401 2080 3490 2127 καὶ
3541 2073 3818 2146 συμϐιϐά-

2207 2160 2306 2220 ζων
2348 2161 2407 2210 τό
2456 2157 2826 2231 ἀνθιστάμενον
2864 2176 2878 2190 ⁸
2942 2169 3148 2235 γραφῆς
3195 2160 3244 2216 δ’
3275 2162 3468 2216 ἐκείνου
3505 2166 3818 2218 πιθανωτά-

2203 2265 2298 2308 της
2329 2251 2686 2320 προκειμένης,
2747 2249 2779 2307 ἦ
2827 2259 3000 2325 γραφῇ
3059 2257 3213 2324 νόμον
3254 2256 3344 2324 μὲν
3393 2259 3484 2306 καὶ
3529 2259 3814 2326 προφήτας

2205 2332 2638 2410 διαλοιδορεῖται,
2689 2337 2966 2410 εὐαγγέλια
3017 2337 3078 2395 δί
3122 2345 3180 2394 τὸ
3234 2339 3401 2414 μηδὲν
3444 2345 3691 2414 ἥγηταιο
3748 2345 3814 2395 τὰ

2207 2423 2266 2480 δί
2323 2435 2420 2478 τῶν
2465 2425 2766 2480 ἀποστόλων
2829 2433 3224 2504 συγγράμματα
3251 2431 3620 2504 ἐκφαυλίζεται
3650 2453 3664 2466 -
3721 2433 3818 2484 αὖ-

2205 2520 2267 2574 τὴ
2327 2512 2386 2569 δε
2437 2517 2522 2568 οἷά
2586 2535 2638 2569 τι
2695 2523 3044 2592 κεκρυμμένον
3111 2527 3402 2594 μυστήριον
3445 2518 3814 2596 περιάδεται·

2205 2608 2298 2668 τὰς
2337 2613 2436 2658 τῶν
2483 2605 2848 2682 ἁπλουστέρων
2887 2605 3119 2681 ἀδελφῶν
3165 2611 3354 2684 ψυχὰς
3413 2608 3564 2664 οὐδὲν
3615 2609 3822 2664 ἐώντων

2213 2695 2412 2767 ὑψηλόν
2455 2701 2542 2750 καὶ
2587 2700 2720 2768 μέγα
2771 2707 2970 2770 φρονεῖν
3021 2705 3139 2772 περί
3183 2721 3238 2754 τε
3293 2710 3389 2764 τῆς
3444 2700 3666 2762 ἀληθοῦς
3725 2707 3822 2754 καὶ

2207 2782 2418 2848 ἐνδόξου
2499 2784 2794 2858 ἐπιφανείας
2861 2795 3118 2863 Χριστοῦ,
3183 2789 3290 2844 ἀλλ’
3350 2787 3475 2844 οὐδε
3547 2795 3666 2863 περὶ
3725 2799 3822 2850 τῆς

2209 2877 2354 2948 ἡμῶν
2409 2874 2464 2927 ἐκ
2505 2885 2694 2950 νεκρῶν
2745 2875 3100 2944 ἀναστάσεως,
3153 2885 3242 2932 καὶ
3305 2888 3402 2942 τῆς
3453 2883 3586 2956 πρὸς
3649 2879 3822 2932 αὐτὸν

2210 2963 2603 3036 ἐπισυναγωγῆς
2671 2985 2726 3018 τε
2777 2971 2866 3019 καὶ
2915 2969 3226 3039 ὁμοιώσεως.
3293 2969 3451 3024 Ἀλλὰ
3515 2971 3682 3044 μικρὰ
3723 2973 3822 3021 καί

433 3061 538 3114 aut
575 3057 650 3114 de
687 3063 892 3114 nostra
931 3075 967 3114 a
1009 3059 1256 3115 mortuis
1303 3059 1754 3126 resurrectione,
1797 3063 1980 3132 atque
2021 3057 2092 3114 ad

2215 3057 2376 3113 θνητά
2429 3055 2514 3106 οἶα
2569 3057 2636 3106 τὰ
2689 3062 2795 3120 νῦν,
2857 3055 3136 3128 ἀναγκαῖον
3189 3063 3278 3112 καὶ
3327 3061 3486 3132 ἡμᾶς,
3547 3062 3618 3121 ὡς
3677 3061 3824 3130 πρός

431 3146 630 3220 ipsum
664 3149 1090 3218 aggregatioue
1129 3153 1186 3204 et
1224 3148 1671 3214 assimilatione,
1704 3148 1808 3204 sed
1847 3149 2100 3206 humilia

430 3236 714 3308 quaedam
767 3241 826 3292 et.
859 3237 1108 3302 caduca,
1147 3236 1351 3310 qualia
1387 3237 1698 3310 prmsentis
1737 3239 1871 3293 vitm
1939 3242 2095 3304 sunt,

431 3341 644 3397 sapere
684 3330 741 3381 et
784 3327 1002 3382 sentire
1035 3343 1050 3382 :
1082 3343 1380 3398 perquam
1425 3331 1517 3382 est
1575 3327 2003 3394 necessarium,
2037 3331 2101 3387 ut

429 3413 611 3472 veluti
641 3430 780 3471 cum
806 3419 1098 3487 praesente
1123 3415 1302 3472 fratre
1327 3420 1531 3472 nostro
1563 3419 1781 3488 Nepote
1809 3416 2100 3473 disseren-

427 3508 518 3561 tes
563 3519 853 3576 agamus.
886 3523 916 3556 ι)
961 3505 1180 3561 Deinde
1220 3510 1673 3572 commemorat,
1715 3521 1776 3560 se
1821 3506 1882 3560 in
1929 3507 2098 3562 Arse-

426 3593 588 3650 noite
629 3593 706 3666 (l)
737 3593 942 3658 fuisse,
973 3593 1076 3650 ubi
1119 3593 1468 3664 hujusmodi
1507 3594 1746 3650 emersit
1789 3595 2034 3651 hasresis
2078 3611 2092 3650 :

425 3681 630 3754 ibique
655 3683 942 3739 omnibus
973 3682 1388 3739 ecclesiasticis
1418 3690 1598 3755 atque
1630 3684 1760 3740 aliis
1787 3685 1926 3740 item
1957 3685 2096 3740 viris

425 3773 843 3844 prmseutibus,
889 3772 1080 3828 tribus
1129 3773 1427 3828 continuis
1473 3773 1690 3830 diebus
1736 3773 1810 3830 de
1857 3774 2095 3845 Nepotis

425 3861 718 3927 doctrina,
764 3861 918 3918 libro
963 3863 1090 3934 ejus
1137 3863 1466 3936 proposito,
1517 3862 1900 3918 disseruisse.
1952 3863 2098 3920 Fra-

427 3953 707 4022 trumque
753 3950 1028 4007 stabilem
1079 3967 1148 4008 ac
1195 3951 1505 4008 decentem
1557 3968 1788 4008 morem
1833 3953 2094 4009 admira-

429 4043 523 4096 tur
549 4041 646 4112 (2),
681 4041 786 4113 qui
805 4040 911 4096 rite
933 4045 1112 4112 atque
1143 4039 1352 4096 ordine
1373 4041 1870 4112 responsionibus
1896 4057 2096 4097 assen-

427 4129 624 4186 siones
641 4129 1232 4202 approbationesque
1252 4145 1393 4186 suas
1417 4130 1964 4197 accommodarint;
1996 4145 2094 4186 ne-

423 4235 543 4292 que
563 4217 926 4276 contentiosa
945 4217 1263 4274 defendere
1279 4219 1734 4290 perseverarint,
1751 4235 1886 4292 qum
1909 4227 2094 4283 semel

424 4307 590 4380 apud
609 4325 672 4364 se
688 4307 1137 4364 constituissent
1157 4324 1169 4356 :
1189 4323 1384 4380 neque
1405 4307 1774 4378 objectiones
1795 4307 2094 4379 legitimas

2209 3149 2442 3218 παρόντα
2489 3141 2838 3216 διαλεχθῆναι
2893 3151 2982 3198 τόν
3031 3144 3249 3220 ἀδελφὸν
3297 3151 3443 3220 ἡμῶν
3481 3153 3732 3204 Νέπωτα.
3791 3170 3818 3198 ν

2209 3230 2336 3288 Εἶτα
2377 3231 2642 3306 διηγεῖται
2703 3237 2771 3295 ὡς
2819 3234 2866 3286 ἐν
2913 3243 2984 3306 τῷ
3025 3237 3324 3312 Ἀρσενοίτῃ
3363 3243 3648 3311 γενόμενος,
3689 3238 3822 3290 ἔνθα

2210 3327 2270 3377 τό
2301 3331 2530 3376 τοιοῦτον
2561 3324 2843 3385 ἐπεπόλαζε
2887 3331 3120 3398 σχίσμα,
3169 3331 3372 3380 πάντων
3433 3325 3632 3400 σχεδόν
3675 3345 3822 3402 παρ-

2211 3418 2367 3467 όντων
2419 3422 2517 3466 τῶν
2576 3415 2846 3488 ἱερατικῶν
2899 3412 3104 3488 ἀνδρῶν
3150 3424 3241 3472 καὶ
3297 3427 3397 3470 τῶν
3449 3418 3616 3480 ἄλλως
3659 3417 3818 3488 ἐχόν-

2209 3523 2330 3569 των,
2387 3507 2556 3576 τρισὶν
2609 3502 2729 3566 ἑξῆς
2771 3505 2989 3578 ἡμέραις
3035 3505 3121 3558 τόν
3169 3512 3290 3580 περὶ
3334 3511 3578 3568 Νέπωτος
3641 3505 3816 3558 ἀνεκί-

2208 3613 2280 3646 νει
2310 3591 2480 3662 λόγον,
2513 3599 2604 3644 τοῦ
2661 3589 2869 3664 βιϐλίου
2919 3593 3354 3668 προϐεϐλημένου.
3401 3597 3566 3652 Ἔνθα
3607 3593 3676 3654 δὴ
3723 3599 3816 3648 καὶ

2206 3686 2262 3736 τὸ
2327 3681 2574 3743 εὐσταθες
2625 3691 2722 3736 τῶν
2791 3679 3024 3755 ἀδελφῶν
3081 3687 3362 3757 θαυμάζει,
3421 3685 3662 3748 ἐπιεικῶς
3715 3687 3816 3746 τὰς

2209 3773 2620 3843 συγκαταθέσεις
2692 3777 3046 3844 πεποιημένων
3111 3783 3224 3836 ταῖς
3285 3776 3622 3850 ἀποκρίσεσι,
3675 3785 3816 3848 μήτε

2205 3861 2501 3934 φιλονείκως
2593 3867 2970 3936 περιεχομένων
3079 3873 3178 3916 τῶν
3261 3865 3403 3929 ἅπαξ
3502 3867 3816 3939 αἱρεθέντων

2206 3951 2402 4016 αὐτοῖς,
2481 3955 2614 4022 μήτε
2690 3947 2749 4004 δε
2830 3954 2920 4006 τὰς
2983 3951 3274 4028 ἀντιλογίας
3331 3955 3810 4028 ὑποστελλομένων,

2204 4045 2356 4112 μήτε,
2387 4039 2430 4092 εἰ
2453 4047 2618 4111 γνοῖεν
2657 4039 2896 4108 τάληθὲς,
2938 4038 3083 4094 αἰδοῖ
3133 4046 3470 4116 κρατηθέντες
3519 4049 3590 4116 μὴ
3655 4063 3812 4098 συνο-

2203 4129 2467 4202 μολογεῖν·
2525 4127 2695 4201 ἀγαθῇ
2751 4125 2810 4182 δὲ
2853 4127 3154 4188 συνειδήσει
3183 4135 3250 4185 τὰ
3303 4141 3419 4196 ταῖς
3475 4135 3640 4196 θείαις
3677 4139 3812 4204 Γρα-

2206 4225 2325 4292 φαῖς
2397 4218 2757 4292 παριστάμενα
2841 4219 3163 4294 ὑποκρίσεως
3249 4220 3390 4294 δίχα
3475 4227 3606 4298 πρὸς
3673 4227 3808 4276 Θεὸν

2205 4307 2533 4380 ἠπλωμέναις
2597 4303 2850 4380 καρδίαις
2926 4305 3339 4381 καταδέχεσθαι.
3407 4313 3674 4387 Ἐπιφέρει
3747 4309 3810 4365 δε

423 4397 872 4462 intermiserint,
892 4396 1197 4453 veritatem
1217 4395 1296 4452 illi
1323 4397 1627 4466 cognitam
1651 4397 1838 4470 (quod
1865 4401 2091 4470 pudore

2205 4401 2292 4448 καὶ
2352 4399 2420 4458 ὡς
2483 4397 2509 4448 ὁ
2579 4397 2700 4470 παρ’
2745 4398 2950 4458 ἐκείνοις
3007 4395 3353 4464 διδάσκαλος,
3410 4407 3680 4474 Κορακίων
3737 4397 3808 4458 ἧκ

423 4485 694 4559 quodam
740 4485 946 4558 aliqui,
989 4502 1128 4542 cum
1173 4485 1628 4554 convincuntur,
1683 4502 1802 4542 non
1843 4485 2092 4558 faciunt)

425 4575 772 4648 proﬁtentes
797 4592 810 4632 :
841 4575 1126 4650 bonaque
1155 4575 1544 4641 conscientia,
1571 4591 1706 4648 quae
1739 4577 2092 4634 auctoritate

423 4664 766 4722 divinarum
799 4665 1146 4722 Litterarum
1178 4665 1431 4736 probata
1460 4670 1680 4730 essent,
1729 4665 1872 4722 citra
1912 4667 2092 4722 simu-

424 4754 712 4812 lationem
757 4759 813 4812 et
857 4753 1400 4811 dissimulationem
1441 4753 1726 4810 cordibus
1769 4755 1846 4810 ad
1907 4757 2090 4812 Deum

424 4843 772 4918 simpliciter
823 4843 1196 4911 compositis,
1253 4843 1663 4916 suscipientes.
1713 4844 1895 4900 Addit
1947 4859 2094 4916 pre-

425 4937 606 5002 terea,
640 4938 703 4990 ut
752 4933 932 4990 etiam
973 4933 1103 5005 ejus
1139 4933 1256 4990 loci
1304 4933 1513 4990 doctor
1553 4933 1840 4990 Coracion
1872 4934 2090 4998 dictus,

2204 4485 2376 4556 ἐκείνῳ
2430 4489 2609 4558 ὄνομα,
2661 4492 2771 4546 ταῖς
2828 4495 2925 4537 τῶν
2978 4486 3342 4559 ἀντιλεγόντων
3391 4491 3651 4566 ἧρημένος
3703 4513 3809 4562 φω-

2202 4581 2336 4637 ναῖς,
2402 4575 2606 4627 πάντων
2663 4579 2950 4650 παρόντων,
3027 4580 3262 4631 συνέθετο
3339 4585 3410 4652 μὴ
3467 4587 3560 4632 τοῦ
3615 4579 3804 4632 λοιποῦ

2202 4663 2466 4736 προσέξειν
2548 4663 2742 4735 ἐκείνῳ,
2811 4661 2942 4736 μηδ’
3014 4665 3086 4729 εἰς
3162 4673 3338 4740 μνείαν
3405 4669 3585 4736 ἐλθεῖν,
3659 4668 3804 4738 μηδὲ

2204 4750 2458 4818 διδάξειν,
2539 4757 2605 4816 ὡς
2675 4757 2856 4815 ἱκανῶς
2907 4755 3120 4818 τάληθες
3187 4755 3457 4829 διαγνούς.
3525 4765 3629 4814 Καὶ
3681 4765 3804 4820 τοὺς

2203 4842 2389 4904 ἄλλους
2437 4838 2689 4914 ἀδελφούς
2729 4863 2859 4916 φησι
2931 4851 3140 4920 χαίρειν
3203 4855 3314 4910 τοῖς
3379 4848 3550 4920 λόγοις
3597 4855 3692 4902 καὶ
3735 4857 3798 4920 τῇ

2207 4937 2336 5008 πρὸς
2365 4933 2599 4996 ἅπαντας
2631 4933 3020 5005 συγκαταϐάσει
3049 4941 3137 4990 καὶ
3179 4935 3535 4994 συνδιαθέσει.

423 5023 676 5081 vocibus
713 5023 800 5080 eis
832 5039 968 5096 qum
999 5027 1208 5080 contra
1239 5021 1396 5078 illius
1428 5023 1774 5096 opinionem
1807 5023 2054 5096 prolatae
2085 5021 2320 5080 fuerant
2357 5039 2706 5094 persuasus,
2739 5025 3133 5094 praesentibus
3163 5028 3449 5084 omnibus
3485 5029 3796 5102 receperit,

423 5114 668 5171 veritate
692 5114 820 5186 jam
851 5112 1094 5170 abunde
1125 5113 1268 5170 satis
1299 5119 1628 5186 perspecta,
1657 5112 1770 5169 sibi
1801 5113 1876 5169 de
1907 5117 2119 5170 caetero
2151 5111 2298 5168 nihil
2325 5111 2591 5168 futurum
2623 5127 2760 5168 cum
2789 5113 3014 5184 Nepote
3045 5117 3288 5188 negotii,
3313 5133 3510 5190 neque
3543 5121 3794 5184 mentio,

2195 5269 2437 5336 amnem
2475 5253 2934 5336 .quimArsiuoen
2987 5258 3352 5336 praeterﬂuit,
3399 5261 3792 5320 Ptolemaeum

2194 5325 2531 5398 appellavit.
2561 5325 2730 5392 (Plin.
2766 5327 2864 5380 lib.
2897 5325 3128 5398 ira—cap.
3154 5333 3266 5402 ‘39.)
3340 5325 3345 5326 ί

2263 5399 2348 5464 (2)
2401 5396 2558 5450 Ἔνθα
2611 5403 2698 5450 καὶ
2749 5403 2807 5450 τό
2851 5400 3092 5462 ἓνσταθες
3131 5407 3220 5454 καὶ
3277 5403 3550 5464 φιλάληθες
3597 5411 3690 5460 καὶ
3737 5409 3784 5458 τί

2263 5403 2348 5466 (2)
2401 5403 2558 5450 Ἔνθα
2611 5403 2698 5450 καὶ
2749 5403 2807 5450 τό
2851 5403 3092 5462 ἓνσταθες
3131 5407 3220 5454 καὶ
3277 5403 3550 5474 φιλάληθες
3597 5411 3690 5460 καὶ
3737 5409 3790 5458 τὸ

2191 5468 2872 5550 εὐπαρακολρ-ύθητονωκαὶ
2953 5477 3161 5524 συνετόν
3244 5476 3616 5550 ὑπερηγάσθη
3695 5488 3792 5530 τῶν

2191 5537 2440 5618 ἀδελφῶν.
2477 5541 2691 5598 Euseb.
2715 5539 2818 5598 lib.
2851 5557 2946 5608 Vit,
2988 5559 3120 5618 cap.
3162 5549 3252 5608 24.

491 5257 574 5330 (1)
603 5257 855 5330 Auc_tore
903 5255 1046 5330 Plin.
1082 5255 1197 5330 _lib.
1245 5271 1297 5322 ν,
1332 5271 1464 5326 cap.
1515 5259 1570 5320 9,
1627 5255 1780 5311 inter
1822 5255 2082 5327 reliquas

423 5327 644 5386 muitas
677 5327 912 5400 Egypti
947 5327 1352 5400 praefecturas,
1385 5343 1536 5399 quas
1579 5343 1794 5383 nomos
1835 5333 2080 5400 vocant,

421 5401 762 5470 Arsenoites
790 5399 1148 5455 nominatur
1202 5415 1215 5454 :
1277 5399 1354 5454 ab
1411 5401 1655 5454 Arsinoe
1721 5400 1947 5470 Oppido
1997 5399 2080 5454 sic

422 5465 640 5538 dictus,
663 5473 825 5543 quod
859 5471 1208 5528 Ptolemaeus
1245 5471 1664 5543 Philadelphus
1695 5465 2081 5543 subinomine

425 5544 647 5602 sororis
676 5541 820 5614 suae,
847 5559 983 5622 quae
1004 5543 1087 5602 ita
1111 5541 1558 5608 nominabatur,
1584 5541 1868 5598 condidit.
1893 5542 2076 5608 Idem.
