4016 6224
153 295 297 352 1173

1194 292 1757 351 ΕΟΟΕΕΒΙΑΞΤΙΟᾹΞ
1796 291 2163 350 ΗΙΞΤΟΗῙᾹΞ
2200 293 2334 349 LIB.
2381 294 2473 351 Vl.

3380 298 3519 353 11⁷14

148 435 295 477 nem
327 436 390 477 se
419 421 550 494 ejus
578 421 896 487 facturum,
931 436 1126 493 neque
1163 421 1499 477 doctrinam
1527 419 2073 493 promulgaturum.
2109 417 2270 475 Alios
2308 434 2551 492 quoque
2579 420 2791 478 fratres
2830 422 3233 481 dicitlaatatos
3264 422 3526 480 delecta-

150 516 371 584 tosque
391 526 524 567 esse
548 511 1073 567 dissertationibus
1104 511 1208 576 eis,
1242 516 1422 583 atque
1453 510 1765 567 communi
1796 509 2070 564 omnium
2103 508 2518 564 conciliatione
2541 514 2596 566 et
2621 527 2949 569 consensu.

758 641 998 691 ΚΕΦΑΛ.
1044 635 1166 694 ΚΒ’.
1789 634 1836 688 Α

151 763 282 814 Οἷα
323 764 672 834 Διονύσιος
696 764 721 814 6
745 757 1241 834 Ἀλεξανδρείας
1279 766 1424 834 περὶ
1454 770 1566 823 τῆς
1592 761 1757 816 Ἀπο-

463 833 800 905 καλύψεως
843 833 1138 886 Ἰωάννου
1181 833 1450 906 ἱστορεῖ.

223 955 372 1020 Ἑξῆς
431 953 490 1008 δὲ
567 961 683 1031 περὶ
756 965 852 1017 τῆς
918 956 1319 1026 Ἀποκαλύψεως
1375 963 1467 1008 τοῦ
1519 956 1754 1009 Ἰωάννου

146 1048 323 1098 ταῦτά
367 1065 524 1118 φησιν
545 1062 558 1076 ’
587 1044 622 1098 ἃ
651 1043 720 1104 δὴ
767 1048 935 1098 πάντα
961 1048 1097 1098 κατὰ
1141 1046 1304 1120 ῥῆμα,
1340 1045 1383 1098 εἰ
1417 1050 1506 1098 καὶ
1537 1042 1633 1098 διὰ
1660 1067 1758 1118 μα-

143 1142 304 1206 κροῦ,
362 1136 497 1206 ὅμως
563 1133 822 1206 ἀναγκαῖά
881 1153 940 1205 γε
995 1139 1137 1198 ὄντα,
1187 1133 1500 1206 ἐκθήσομαι.
1559 1137 1755 1197 «Τινὲς

146 1229 246 1295 μὲν
311 1220 418 1290 οὖν,
477 1229 626 1297 φησὶ,
681 1232 780 1276 τῶν
828 1227 928 1298 πρὸ
978 1225 1122 1293 ἡμῶν
1191 1223 1452 1282 ἠθέτησαν
1511 1228 1599 1276 καὶ
1645 1223 1754 1277 ἀνε-

150 1315 420 1366 σκεύασαν
459 1315 624 1371 πάντη
667 1316 723 1366 τὸ
774 1311 973 1386 βιϐλίον
1000 1328 1013 1340 ·
1068 1318 1156 1364 καὶ
1199 1313 1315 1364 καθ’
1347 1313 1563 1366 ἕκαστον
1602 1316 1753 1382 κεφά-

144 1402 298 1455 λαιον
351 1400 726 1467 διευθύναντες,
794 1404 1055 1473 ἄγνωστον
1111 1421 1170 1472 γε
1229 1406 1318 1454 καὶ
1376 1400 1752 1473 ἀσυλλόγιστον

148 1491 524 1565 ἀποφαίνουσι,
573 1488 866 1562 ψεύδεσθαί
897 1511 951 1544 τε
997 1495 1090 1550 τὴν
1140 1490 1433 1563 ἐπιγραφήν
1465 1513 1478 1526 ·

143 1585 254 1654 γὰρ
297 1581 391 1633 ούκ
435 1577 563 1633 εἶναι
599 1580 840 1652 λέγουσιν
873 1599 884 1610 ·
929 1579 1034 1632 ἀλλ’
1066 1578 1180 1632 οὐδ’
1211 1580 1567 1652 Ἀποκάλυψιν
1601 1577 1752 1651 εἶναι,

1516 1492 1753 1550 Ἰωάννην

145 1675 248 1729 τῆν
296 1666 503 1744 σφόδρα
549 1675 638 1722 καὶ
685 1677 854 1741 παχεῖ
890 1669 1278 1742 κεκαλυμμένην
1327 1677 1398 1740 τῷ
1446 1678 1539 1732 τῆς
1591 1669 1754 1742 ἀγνω-

151 1764 277 1821 σίας
327 1761 768 1832 παραπετάσματι
801 1779 813 1791 ·
846 1763 936 1810 καὶ
987 1758 1092 1830 οὐχ
1123 1760 1259 1820 ὅπως
1305 1767 1403 1810 τῶν
1452 1758 1753 1812 ἀποστόλων

146 1850 288 1914 τινα,
340 1847 446 1898 ἀλλ’
501 1843 616 1900 οὐδ’
667 1846 795 1909 ὅλως
851 1856 949 1900 τῶν
1023 1847 1205 1919 ἁγίων,
1268 1849 1297 1907 ῆ
1355 1856 1454 1900 τῶν
1505 1847 1607 1901 ἀπὸ
1659 1857 1755 1912 τῆς

150 1937 340 1995 Ἐκκλη
349 1942 488 2001 σίας,

143 2029 488 2098 γράμματος·
541 2026 807 2099 Κήρινθον
861 2023 921 2079 δε
968 2029 1054 2078 τὸν
1111 2032 1198 2080 καὶ
1260 2031 1352 2086 τὴν
1414 2026 1506 2080 ἀπ’
1563 2027 1754 2081 ἐκείνου
1788 2005 1831 2061 Β

143 2116 430 2173 κληθεῖσαν
483 2119 828 2189 Κηρινθιανὴν
883 2119 1285 2187 συστησάμενον
1335 2118 1556 2190 αἰρεσιν,
1612 2117 1757 2181 ἀξιό-

571 1939 758 1990 τούτου
833 1941 1095 2008 γεγονέναι
1175 1942 1398 1996 ποιητὴν
1468 1946 1560 1990 τοῦ
1628 1958 1756 2012 συγ-

143 2225 333 2258 πιστον
384 2209 703 2278 ἐπιφημίσαι
772 2207 1061 2265 θελήσαντα
1109 2215 1180 2276 τῷ
1253 2206 1439 2258 ἑαυτοῦ
1481 2209 1755 2280 πράγματι

143 2299 310 2368 ὄνομα
342 2304 354 2315 '
409 2303 562 2348 τοῦτο
602 2298 703 2369 γὰρ
761 2295 889 2348 εἶναι
942 2305 1033 2356 τῆς
1085 2292 1437 2359 διδασκαλίας
1486 2297 1645 2350 αὐτοῦ
1695 2302 1753 2350 τὸ

144 2382 347 2458 δόγμα,
397 2384 622 2456 ἐπίγειον
653 2387 869 2438 ἔσεσθαι
915 2390 1008 2444 τήν
1038 2393 1128 2438 τοῦ
1178 2393 1410 2460 Χριστοῦ
1439 2383 1708 2459 βασιλείαν
1734 2405 1750 2420 ο

141 2479 234 2526 καὶ
299 2475 368 2525 ὧν
421 2474 578 2536 αὐτὸς
643 2475 884 2549 ὠρέγετο,
947 2475 1306 2547 φιλοσώματος
1358 2475 1424 2526 ὢν
1481 2481 1571 2528 καὶ
1618 2479 1750 2529 πάνυ

144 2566 419 2638 σαρκικός,
457 2563 506 2614 ἐν
558 2566 764 2625 τούτοις
821 2563 1156 2636 ὀνειροπολεῖν
1205 2565 1416 2616 ἔσεσθαι
1447 2579 1460 2592 ⁶
1521 2571 1754 2640 γαστρὸς

143 2659 232 2706 καὶ
294 2662 396 2705 τῶν
439 2654 540 2705 ὑπὸ
590 2657 826 2727 γαστέρα
888 2653 1212 2724 πλησμονῆς,
1266 2657 1507 2706 τουτέστι
1563 2660 1750 2718 σιτίοις

144 2747 237 2795 καὶ
280 2749 452 2803 ποτοῖς
492 2746 581 2793 καὶ
629 2744 836 2814 γάμοις,
885 2748 974 2795 καὶ
1001 2740 1074 2794 δι’
1104 2744 1170 2794 ὧν
1201 2742 1546 2816 εὐφημότερον
1585 2752 1752 2797 ταῦτα

149 2831 295 2901 ᾠήθη
365 2833 651 2895 ποιεῖσθαι,
708 2831 911 2904 ἑορταῖς
971 2836 1061 2883 καὶ
1117 2834 1327 2894 θυσίαις
1401 2837 1491 2884 καὶ
1558 2835 1748 2906 ἱερείων

153 2927 397 2992 σφαγαῖς.
455 2924 589 2992 Ἐγὼ
629 2917 688 2972 δὲ
746 2920 1001 2978 ἀθετῆσαι
1048 2923 1136 2990 μὲν
1187 2921 1280 2972 οῦκ
1324 2919 1384 2971 ἂν
1424 2921 1748 2994 τολμήσαιμι

146 3013 204 3060 τὸ
248 3007 464 3083 βιϐλίον,
509 3009 708 3061 πολλῶν
741 3009 866 3061 αύτὸ
899 3005 992 3061 διὰ
1043 3006 1279 3070 σπουδῆς
1323 3011 1548 3080 ἑχόντων
1594 3008 1746 3064 ἀδελ-

144 3107 270 3171 φῶν.
327 3099 558 3160 Μείζονα
588 3096 647 3152 δὲ
700 3108 796 3160 τῆς
846 3098 1071 3172 ἐμαυτοῦ
1120 3103 1413 3172 φρονήσεως
1475 3104 1565 3158 τὴν
1623 3102 1748 3154 61:6-

137 3187 301 3259 ληψιν
349 3192 442 3246 τὴν
505 3193 624 3259 περὶ
696 3192 856 3241 αὐτοῦ
913 3187 1175 3260 λαμϐάνω.
1242 3193 1337 3241 Καὶ
1415 3191 1514 3264 γὰρ
1573 3190 1616 3242 εἰ
1669 3195 1742 3263 μὴ

139 3281 382 3348 συνίημι,
420 3275 526 3329 ἀλλ’
579 3278 780 3329 ὑπονοῶ
817 3297 872 3348 γε
924 3285 1042 3329 νοῦν
1072 3297 1188 3329 τινα
1240 3275 1523 3352 βαθύτερον
1577 3277 1742 3350 ἐγκεῖ-

137 3367 269 3418 σθαι
310 3373 420 3426 τοῖς
463 3366 696 3441 ῥήμασιν
733 3383 744 3396 ⁸
780 3366 874 3418 ούκ
925 3363 1044 3438 ἰδίῳ
1069 3374 1235 3418 ταῦτα
1264 3376 1460 3440 μετρῶν
1508 3371 1596 3419 καὶ
1630 3375 1740 3440 κρί-
1785 3361 1822 3416 C

133 3475 236 3505 νων
282 3454 540 3527 λογισμῷ,
593 3459 766 3507 πίστει
818 3451 876 3508 δε
950 3459 1008 3507 τὸ
1063 3455 1209 3508 πλέον
1266 3459 1448 3527 νέμων,
1493 3457 1743 3527 ὑψηλοτέ-

131 3563 234 3617 ραν
283 3545 312 3602 ῆ
394 3544 480 3596 ὑπ’
543 3542 668 3616 ἐμοῦ
741 3543 1138 3616 καταληφθῆναι
1183 3549 1443 3616 νενόμικα.
1501 3551 1597 3598 Καὶ
1649 3548 1742 3599 οὐκ

135 3629 522 3705 ἀποδοκιμάζω
564 3641 751 3700 ταῦτα,
786 3632 822 3685 ἂ
868 3639 938 3704 μὴ
1001 3640 1302 3706 συνεώρακα
1334 3650 1346 3688 :
1377 3636 1630 3706 θαυμάζω
1684 3633 1742 3688 δὲ

133 3722 329 3793 μᾶλλον
386 3727 462 3775 ὅτι
531 3728 603 3794 μὴ
657 3719 963 3775 συνεῖδον.»
1017 3724 1135 3775 Ἐπὶ
1200 3725 1405 3784 τούτοις
1463 3729 1555 3781 τὴν
1621 3725 1741 3782 ὃλην

133 3819 231 3872 τῆς
298 3810 674 3882 ἀποκαλύψεως
727 3809 1022 3884 βασανίσας
1083 3817 1308 3884 γραφὴν,
1368 3809 1623 3864 ἀδύνατον
1683 3810 1741 3866 δὲ

133 3901 302 3958 αὐτὴν
345 3903 482 3952 κατὰ
533 3906 622 3958 τὴν
670 3906 956 3975 πρόχειρον
1007 3897 1284 3963 ἀποδείξας
1335 3897 1572 3953 διάνοιαν
1614 3909 1741 3954 νοεῖ-

135 3992 286 4054 σθαι,
331 3988 556 4062 ίπιφέρει
617 3990 816 4061 λέγων·
888 4010 916 4041 ‹‹
964 3989 1274 4050 Συντελέσας
1328 3986 1387 4042 δὲ
1444 3996 1618 4043 πᾶσαν
1673 3996 1741 4052 ὡς

132 4080 294 4132 εἰπεῖν
333 4083 426 4137 τὴν
481 4084 817 4153 προφητείαν,
876 4079 1158 4154 μακαρίζει
1215 4080 1239 4131 6
1301 4084 1564 4152 προφήτης
1621 4084 1742 4144 τούς

129 4188 189 4221 τε
235 4167 597 4240 φυλάσσοντας
630 4169 811 4234 αὐτὴν,
861 4174 950 4220 καὶ
983 4165 1049 4227 δὴ
1087 4174 1174 4220 καὶ
1213 4168 1412 4223 ἑαυτὸν.
1471 4172 1742 4243 Μακάριος

127 4261 257 4332 γὰρ,
311 4263 490 4330 φησὶν,
548 4260 574 4310 6
630 4266 798 4332 τηρῶν
872 4262 993 4320 τούς
1036 4257 1223 4328 λόγους
1286 4267 1374 4318 τῆς
1427 4265 1742 4333 προφητείας

126 4355 223 4401 τοῦ
275 4345 480 4420 βιϐλίου
534 4350 720 4400 τούτου
756 4364 768 4378 ⁸
811 4345 957 4418 κάγὼ
1017 4349 1254 4407 Ἰωάννης
1319 4349 1344 4398 6
1398 4346 1599 4419 βλέπων
1651 4355 1741 4402 καὶ

127 4435 335 4488 ἀκούων
386 4444 572 4488 ταῦτα.
629 4436 917 4492 Καλεῖσθαί
964 4438 1054 4508 μὶν
1116 4432 1202 4488 οὖν
1253 4436 1495 4494 Ἰωάννην
1563 4437 1738 4504 αὐτὸν,

126 4531 224 4579 καὶ
271 4523 398 4578 εἶναι
439 4530 532 4584 τὴν
561 4531 764 4599 γραφὴν
817 4527 1054 4579 Ἰωάννου
1095 4528 1308 4590 ταύτην,
1367 4529 1461 4578 ούκ
1515 4526 1731 4600 ἀντερῶ,

121 4616 312 4686 Ἀγίου
352 4617 441 4687 μὲν
469 4617 571 4686 γὰρ
604 4610 734 4667 εἷναί
772 4633 912 4676 τινος
955 4620 1044 4667 καὶ
1087 4617 1427 4667 θεοπνεύστου
1463 4625 1687 4668 συναινῶ
1719 4632 1732 4646 ⁸

125 4704 191 4756 ού
240 4707 342 4774 μὴν
389 4700 588 4778 ῥᾳδίως
633 4703 693 4754 ἄν
749 4706 1030 4775 συνθείμην
1078 4712 1257 4756 τοῦτον
1315 4701 1446 4756 εἶναι
1476 4707 1562 4756 τόν
1617 4704 1741 4758 ἀπό·
1774 4711 1818 4766 D

127 4791 335 4857 στολον,
401 4795 488 4844 τὸν
545 4794 656 4844 υίόν
711 4791 1014 4858 Ζεϐεδαίου,
1065 4797 1150 4845 τὸν
1196 4789 1416 4864 ἀδελφὸν
1465 4793 1735 4861 Ἰακώϐου,

123 4881 192 4933 οὔ
255 4884 311 4932 τὸ
362 4880 672 4953 Εύαγγέλιον
744 4885 800 4934 τὸ
867 4885 1003 4934 κατὰ
1053 4882 1296 4940 Ἰωάννην
1360 4881 1739 4956 ἐπιγεγραμμέ-

120 4989 234 5033 νον,
287 4974 377 5022 καὶ
430 4972 460 5028 ἠ
509 4969 754 5028 ἐπιστολὴ
798 4973 827 5028 ἡ
891 4971 1174 5029 Καθολική.
1225 4976 1582 5044 Τεκμαίρομαι
1633 4975 1734 5048 γὰρ

123 5051 184 5110 ἔκ
251 5077 304 5111 τε
351 5066 443 5112 τοῦ
495 5061 658 5121 ἤθους
706 5060 974 5136 ἑκατέρων,
1035 5066 1124 5113 καὶ
1179 5069 1270 5112 τοῦ
1326 5069 1424 5113 τῶν
1461 5061 1625 5133 λόγων
1670 5066 1736 5114 ε’ί-

123 5145 280 5214 δους,
333 5152 417 5200 καὶ
464 5157 558 5211 τῆς
609 5157 700 5201 τοῦ
755 5149 966 5222 βιϐλίου
1041 5147 1368 5221 διεξαγωγῆς
1437 5149 1731 5222 λεγομένης,

122 5242 200 5310 μὴ
261 5241 350 5289 τὸν
401 5237 556 5290 αὐτόν
605 5234 753 5290 εἶναι.
811 5237 869 5290 Ὀ
925 5241 1013 5310 μὲν
1057 5241 1156 5312 γαρ
1213 5239 1585 5310 εύαγγελιοτὴς
1644 5245 1734 5294 ού-

125 5324 306 5398 δαμου
355 5330 413 5378 τὸ
467 5328 629 5398 ὄνομα
676 5327 835 5378 αὐτοῦ
887 5329 1228 5400 παρεγράφει,
1297 5325 1422 5380 οὐδε
1473 5332 1732 5402 κηρύσσει

124 5417 311 5470 ἑαυτὸν
364 5418 480 5468 οὔτε
530 5412 624 5467 διὰ
680 5423 772 5468 τοῦ
825 5415 1166 5486 Εύαγγελίου,
1215 5420 1330 5469 οὔτε
1361 5414 1453 5470 διὰ
1494 5426 1590 5480 τῆς
1619 5418 1732 5471 ἐπι-

128 5505 344 5566 στολῆς.
392 5528 417 5556 »
489 5510 589 5558 Καὶ
664 5508 848 5578 μικρὸν
913 5504 1247 5567 ὑποκαταϐὰς
1323 5507 1475 5560 πάλιν
1548 5507 1680 5579 λίγει
1713 5525 1726 5539 ⁶

131 5618 159 5648 (ί
211 5596 449 5656 Ἰωάννης
500 5591 559 5647 δὲ
605 5591 862 5668 ούδαμοῦ,
913 5591 1027 5648 οὐδ’
1076 5597 1139 5656 ὡς
1187 5599 1302 5671 περὶ
1359 5595 1553 5669 ἐτέρου,
1613 5594 1728 5650 οὐδ’

2477 635 2700 692 CAPUT
2738 639 2904 694 XXII.

1867 758 2021 824 Quid
2045 759 2358 829 Dionysius
2374 760 2418 815 Α
2431 760 2745 837 texandrin
2755 778 2821 837 us
2835 764 2906 819 de
2923 764 2964 818 Α
2974 763 3526 837 pocalypsiloannis

2361 834 2649 900 scriptum
2684 835 3018 906 reliquerit.

1934 954 2158 1010 Deinde
2186 955 2260 1010 de
2286 957 2640 1029 Apocalypsi
2671 960 2916 1014 Joannis
2957 959 3312 1016 sententiam
3354 976 3530 1016 suam

1865 1043 2085 1114 profert
2115 1061 2128 1099 :
2159 1060 2295 1116 quae
2317 1045 2522 1100 omnia
2546 1047 2830 1117 quamvis
2859 1049 3293 1118 sintlongiora,
3324 1052 3529 1105 tamen

1863 1134 2198 1188 necessario
2213 1134 2402 1189 verbis
2414 1137 2941 1194 commemoranda
2956 1139 3180 1210 putavi.
3199 1160 3226 1188 ‹‹
3249 1138 3528 1195 Nonnulli

1861 1238 2091 1283 eorum,
2123 1224 2334 1294 inquit,
2364 1225 2465 1295 qui
2487 1241 2590 1280 eos
2624 1231 3074 1297 praecesserunt,
3115 1227 3526 1291 aboleverunt,

1863 1315 1917 1366 et
1937 1311 2115 1382 plane
2159 1312 2388 1367 irritum
2406 1313 2671 1369 fecerunt
2701 1315 2919 1370 librum
2938 1316 3160 1387 ipsum,
3184 1321 3363 1388 atque
3387 1330 3525 1371 eum

1863 1401 2178 1471 percapita
2190 1403 2393 1457 omnia
2405 1404 2880 1471 coarguentes,in
2896 1421 3017 1459 eam
3035 1405 3270 1460 formam
3287 1405 3525 1475 redege-

1859 1495 2018 1555 runt,
2051 1491 2405 1560 utcognosci
2437 1507 2557 1547 non
2590 1499 2811 1563 posset,
2843 1499 2898 1548 et
2920 1495 3082 1549 nulla
3104 1494 3332 1548 ratione
3366 1511 3527 1550 com-

1858 1581 2093 1652 positus
2109 1597 2238 1635 esse
2262 1580 2570 1636 videretur.
2595 1582 2827 1638 Falsam
2852 1599 3093 1655 quoque
3115 1582 3227 1654 41
3243 1583 3294 1655 5
3319 1582 3527 1638 inscri-

1859 1671 2122 1741 ptionem
2139 1669 2358 1725 habere
2373 1671 2675 1726 dixerunt:
2698 1687 2891 1743 neque
2909 1674 3068 1727 enim
3088 1671 3334 1727 Joannis
3370 1687 3524 1738 esse,

1861 1775 2055 1830 neque
2085 1758 2502 1815 revelationem
2533 1759 2712 1815 ullam
2733 1761 2970 1825 habere,
3000 1762 3104 1833 qui
3135 1767 3255 1817 tam
3297 1775 3523 1830 magno

1861 1854 1917 1903 et
1946 1864 2150 1904 crasso
2180 1848 2558 1904 obscuritatis
2583 1849 2712 1904 velo
2730 1855 3046 1922 coopertus
3073 1855 3259 1920 esset;
3293 1857 3349 1905 et
3394 1865 3519 1906 non

1863 1937 2045 1994 modo
2075 1953 2195 1992 non
2222 1937 2299 1993 ab
2326 1937 2599 2009 apostolo
2651 1941 2962 2011 quopiam,
3016 1939 3122 1994 sed
3150 1955 3224 1994 ne
3245 1956 3281 1994 a
3311 1945 3520 1996 sancto

1861 2029 2104 2098 quidem
2131 2025 2250 2081 ullo
2272 2033 2375 2082 aut
2395 2027 2791 2084 ecclesiastico
2821 2028 2942 2084 viro
2973 2028 3200 2083 editum
3226 2044 3384 2083 esse.
3421 2030 3521 2085 Ce-

1861 2117 2124 2172 rinthum
2149 2123 2370 2181 autem,
2399 2117 2502 2187 qui
2531 2119 2661 2188 ejus
2683 2133 2816 2190 quas
2829 2117 2906 2174 ab
2937 2134 3009 2174 eo
3031 2118 3410 2174 Cerinthiana
3433 2118 3522 2173 di-

1863 2208 2013 2262 citur
2026 2206 2266 2261 haeresis
2279 2213 2485 2261 auctor
2503 2211 2608 2272 est,
2628 2207 2887 2262 voluisse
2901 2207 3118 2262 celebri
3138 2207 3382 2262 nomine
3401 2206 3521 2262 ﬁde

1860 2296 2108 2368 dignam
2124 2296 2533 2351 auctoritatem
2549 2294 2834 2364 ﬁgmento
2850 2312 2960 2351 suo
2976 2312 3206 2366 parare.
3224 2295 3343 2350 Hoc
3357 2296 3518 2350 enim

1861 2402 1990 2441 esse
2013 2385 2400 2456 professionis
2418 2401 2544 2441 suae
2570 2385 2812 2454 dogma,
2835 2400 3086 2454 regnum
3109 2385 3318 2442 Christi
3342 2390 3520 2441 terre-

1860 2491 2006 2530 num
2029 2474 2295 2529 futurum
2319 2480 2409 2540 ;et
2429 2490 2583 2547 quas
2609 2475 2736 2545 ipse
2755 2474 3082 2546 corporalis
3099 2473 3435 2530 admodum
3460 2478 3519 2530 et

1859 2565 2119 2621 carnalis
2158 2564 2582 2633 concupiverat
2613 2579 2728 2628 res,
2762 2564 2822 2618 in
2851 2565 2935 2619 eis
2979 2564 3317 2619 somniasse
3361 2562 3510 2619 illud

1857 2652 2143 2713 futurum.
2162 2653 2220 2706 in
2243 2653 2462 2708 ventris
2484 2652 2705 2708 scilicet
2731 2657 2788 2708 et
2809 2667 3018 2708 eorum
3032 2669 3167 2724 quas
3186 2651 3299 2708 sub
3317 2656 3516 2708 ventre

1858 2747 1996 2796 sunt
2018 2741 2265 2796 libidine
2295 2748 2351 2796 et
2383 2742 2646 2796 ubertate
2673 2757 2685 2796 :
2713 2741 2825 2796 hoc
2847 2746 2953 2807 est,
2988 2742 3144 2807 cibo,
3180 2747 3344 2812 potu,
3374 2754 3516 2796 con-

1855 2830 2062 2894 nubio,
2088 2838 2142 2885 et
2159 2831 2245 2902 (ut
2268 2830 2698 2886 absurditatem
2714 2835 2946 2886 tantam
2967 2830 3251 2902 speciosis
3275 2833 3518 2885 ornaret

1859 2919 2076 2990 verbis)
2100 2919 2310 2974 diebus
2338 2919 2519 2984 festis,
2556 2919 2880 2985 sacriﬁciis,
2909 2924 2965 2974 et
2990 2919 3372 2974 victimarum
3392 2934 3517 2974 ma-

1855 3009 2232 3064 ctationibus.
2261 3010 2381 3078 Ego
2403 3023 2539 3064 vero
2573 3009 2866 3077 abrogare
2888 3005 3112 3063 librum
3139 3023 3301 3075 eum,
3327 3022 3510 3079 quem

1855 3098 2065 3153 fratres
2087 3098 2253 3153 mulli
2277 3097 2548 3154 studiose
2570 3097 2794 3168 legunt,
2823 3113 2943 3153 non
2962 3098 3190 3162 ausim;
3216 3096 3513 3166 majorem

1855 3192 2056 3242 autem
2078 3203 2264 3258 quam
2279 3203 2385 3258 pro
2409 3188 2688 3243 tenuitate
2706 3203 2844 3241 mea
2861 3191 3050 3250 decet,
3073 3187 3144 3240 de
3169 3201 3239 3241 eo
3266 3185 3518 3256 concepi

1852 3277 2220 3348 Opinionem.
2245 3279 2386 3330 Nam
2413 3276 2518 3331 etsi
2541 3291 2661 3331 non
2685 3275 2970 3344 intelligo,
2998 3275 3273 3348 suspicor
3309 3280 3514 3329 tamen

1853 3364 2124 3422 altiorem
2148 3365 2646 3437 secretioremque
2678 3366 2736 3420 in
2759 3365 2959 3419 verbis
2994 3365 3124 3434 ejus
3155 3365 3336 3420 latere
3377 3378 3513 3418 sen-
3592 3399 3598 3406 -

1853 3473 2009 3519 sum,
2036 3469 2295 3525 eumque
2326 3455 2502 3524 longe
2540 3453 2974 3522 sublimiorem,
3005 3469 3192 3524 quam
3236 3459 3296 3508 ut
3328 3469 3363 3509 a
3415 3467 3511 3507 me

1853 3545 2088 3614 percepi
2109 3551 2310 3616 queat.
2334 3543 2394 3597 Id
2412 3543 2576 3615 quod
2600 3559 2717 3598 non
2734 3543 2978 3598 arbitrio
3005 3559 3137 3598 meo
3155 3543 3382 3612 judico,
3407 3542 3511 3597 sed

1851 3633 1989 3688 ﬁdei
2023 3634 2215 3702 magis
2263 3633 2480 3688 tribuo.
2523 3635 2648 3688 Non
2699 3633 2901 3701 rejicio
2945 3632 3190 3702 quidem
3223 3646 3358 3702 quae
3390 3647 3513 3687 non

1850 3723 2170 3795 perspicio,
2207 3723 2398 3792 magis
2429 3729 2626 3777 autem
2655 3721 2922 3776 admiror
2951 3720 3117 3791 quod
3148 3735 3270 3775 non
3303 3719 3517 3775 intelli-

1851 3827 2012 3881 gam.
2033 3830 2062 3860 «
2089 3812 2348 3865 Posthaec
2372 3811 2664 3881 scriptura
2691 3809 3513 3879 revelationisomnidiligen-

1850 3901 1966 3957 tius
1993 3900 2411 3972 etexquisitius
2436 3915 2753 3971 perpensa,
2783 3897 3027 3968 intelligi
3061 3913 3183 3952 non
3214 3913 3393 3969 posse
3415 3897 3516 3952 de-

1851 3995 2159 4053 monstrat,
2191 3990 2236 4042 si
2269 4004 2406 4044 eum
2437 4005 2684 4044 sensum
2716 3994 2969 4060 spectes,
2998 3988 3100 4059 qui
3130 3987 3192 4042 in
3228 3991 3515 4058 promptu

1849 4081 2078 4152 positus
2110 4079 2342 4133 videtur
2367 4096 2382 4144 ;
2411 4093 2480 4132 ac
2497 4077 2712 4132 deinde
2743 4076 2946 4134 refert:
2979 4075 3316 4131 «Absoluta
3345 4091 3511 4142 vero,

1850 4175 1915 4225 ut
1954 4169 2037 4224 ita
2065 4169 2284 4233 dicam,
2313 4167 2629 4240 prophetia
2650 4167 2950 4234 universa,
2977 4165 3188 4221 beatos
3218 4165 3514 4237 propheta

1849 4259 2164 4325 renuntiat,
2189 4257 2292 4330 qui
2325 4273 2458 4312 eam
2492 4256 2870 4323 servaverint,
2907 4269 3090 4328 seque
3122 4255 3275 4310 adeo
3307 4255 3513 4326 ipsum

1851 4351 2064 4404 Beatus
2096 4348 2276 4411 enim,
2312 4346 2524 4418 inquit,
2571 4346 2673 4417 qui
2723 4350 2920 4400 servat
2949 4343 3132 4400 verba
3166 4345 3516 4416 prophetia.

1849 4437 1985 4493 libri
2015 4436 2195 4506 hujus
2239 4452 2251 4501 ;
2280 4441 2338 4491 et
2363 4451 2476 4503 ego
2513 4435 2795 4500 Joannes,
2828 4435 2932 4507 qui
2963 4438 3017 4489 et
3039 4433 3160 4488 vidi
3199 4439 3256 4488 et
3287 4433 3514 4489 audivi.

1854 4526 2060 4582 Vocari
2087 4525 2330 4597 quidem
2349 4527 2639 4579 Joannem
2662 4539 2822 4590 eum,
2851 4529 2906 4579 et
2933 4523 3180 4578 Joannis
3209 4538 3340 4577 esse
3374 4523 3520 4578 scri-

1850 4621 2020 4688 ptum
2036 4615 2116 4679 id,
2135 4629 2253 4669 non
2270 4628 2560 4685 repugno.
2580 4614 2642 4667 Et
2660 4613 2846 4668 sancti
2863 4611 3118 4684 alicujus
3140 4627 3211 4667 ac
3238 4610 3522 4666 divinitus

1852 4703 2154 4760 afﬂativiri
2182 4719 2314 4757 esse
2332 4702 2658 4765 assentior;
2684 4716 2804 4755 non
2829 4701 2996 4757 facile
3027 4707 3229 4756 tamen
3265 4699 3526 4771 apostoli

1849 4811 1977 4850 esse
2003 4791 2427 4860 concesserim,
2446 4790 2547 4845 ﬁlii
2566 4789 2849 4855 Zebedasi,
2886 4789 3079 4844 fratris
3098 4789 3323 4853 Jacobi,
3350 4789 3522 4860 cujus

1849 4881 2232 4953 Evangelium
2246 4879 2508 4952 estquod
2523 4880 2855 4934 secundum
2869 4880 3159 4934 Joannem
3176 4878 3523 4950 inscriptum

1847 4978 1954 5038 est,
1973 4970 2289 5043 etepistola
2302 4969 2616 5026 catholica.
2635 4968 3049 5038 Conjecturam
3064 4967 3226 5022 enim
3259 4967 3434 5032 facio,
3448 4983 3522 5026 ex

1849 5068 2233 5132 utrorumque
2248 5060 2603 5132 scriptorum
2622 5073 2785 5113 more
2799 5063 2855 5112 et
2870 5057 3088 5123 indole,
3105 5073 3178 5113 ex
3198 5057 3520 5114 verborum

1848 5152 2132 5217 forma,et
2154 5166 2218 5205 ex
2241 5150 2426 5222 ipsius
2445 5147 2576 5202 libri
2595 5147 2796 5212 ductu,
2819 5145 2975 5200 illius
2993 5161 3113 5202 non
3145 5161 3296 5202 esse.
3338 5145 3518 5219 416

1844 5245 1924 5296 Ac
1938 5240 2308 5308 Evangelista
2320 5238 2565 5310 quidem
2582 5252 2883 5308 nusquam
2899 5250 3121 5291 nomen
3137 5251 3316 5291 suum
3341 5239 3518 5292 ascri~

1843 5330 1928 5386 bit
1964 5351 1976 5382 :
2008 5345 2203 5400 neque
2244 5329 2508 5398 seipsum
2541 5326 2633 5380 vel
2666 5326 2725 5380 in
2769 5323 3111 5394 Evangelio,
3167 5323 3261 5379 vel
3300 5324 3362 5379 in
3394 5326 3520 5396 epi-

1843 5419 1995 5474 stola
2008 5418 2390 5489 depraedicat.
2408 5430 2432 5460 ι
2457 5418 2520 5470 Et
2539 5413 2851 5486 paululum
2871 5427 3229 5483 progressus
3275 5429 3516 5469 rursum

1839 5508 2033 5580 inquit
2054 5530 2065 5561 :
2092 5509 2391 5563 «Joannes
2405 5504 2648 5576 quidem
2665 5516 2992 5574 nusquam,
3011 5517 3208 5573 neque
3222 5507 3515 5575 tanquam

1838 5597 1912 5652 de
1946 5596 2090 5665 alio,
2128 5611 2320 5667 neque
2354 5602 2644 5666 tanquam
2673 5592 2747 5649 de
2778 5592 2975 5662 seipso
3003 5608 3017 5656 ;
3063 5591 3158 5664 qui
3187 5607 3325 5648 vero
3356 5597 3514 5666 Apo-
