  <div class='ocr_page' id='page_1' title='image "/cluster/home/n/w/nwhite01/storage/ocr_20150623/145/hvd.32044054086921/593.png"; bbox 0 0 4020 6218; ppageno 0'>
   <div class='ocr_carea' id='block_1_1' title="bbox 509 265 662 322">
    <p class='ocr_par' dir='ltr' id='par_1_1' title="bbox 509 265 662 322">
     <span class='ocr_line' id='line_1_1' title="bbox 509 265 662 322; baseline -0.013 0"><span class='ocrx_word' id='word_1_1' title='bbox 509 265 662 322; x_wconf 77' lang='grc'><strong>1175</strong></span> 
     </span>
    </p>
   </div>
   <div class='ocr_carea' id='block_1_2' title="bbox 1871 253 2614 318">
    <p class='ocr_par' dir='ltr' id='par_1_2' title="bbox 1871 253 2614 318">
     <span class='ocr_line' id='line_1_2' title="bbox 1871 253 2614 318; baseline -0.012 0"><span class='ocrx_word' id='word_1_2' title='bbox 1871 255 2258 318; x_wconf 81' lang='lat' dir='ltr'><strong>NICEPHORI</strong></span> <span class='ocrx_word' id='word_1_3' title='bbox 2297 253 2614 312; x_wconf 79' lang='lat' dir='ltr'><strong>CALLISTI</strong></span> 
     </span>
    </p>
   </div>
   <div class='ocr_carea' id='block_1_3' title="bbox 3751 259 3860 332">
    <p class='ocr_par' dir='ltr' id='par_1_3' title="bbox 3751 259 3860 332">
     <span class='ocr_line' id='line_1_3' title="bbox 3751 259 3860 332; baseline -0.018 -20"><span class='ocrx_word' id='word_1_4' title='bbox 3751 259 3860 332; x_wconf 61' lang='lat' dir='ltr'><strong>ms</strong></span> 
     </span>
    </p>
   </div>
   <div class='ocr_carea' id='block_1_4' title="bbox 503 381 2171 465">
    <p class='ocr_par' dir='ltr' id='par_1_4' title="bbox 503 388 2170 465">
     <span class='ocr_line' id='line_1_4' title="bbox 503 388 2170 465; baseline -0.005 -16"><span class='ocrx_word' id='word_1_5' title='bbox 503 392 804 465; x_wconf 86' lang='lat' dir='ltr'><strong>calypsim</strong></span> <span class='ocrx_word' id='word_1_6' title='bbox 827 391 1086 463; x_wconf 85' lang='lat' dir='ltr'><strong>scripsit,</strong></span> <span class='ocrx_word' id='word_1_7' title='bbox 1109 389 1311 448; x_wconf 84' lang='lat' dir='ltr'><strong>statim</strong></span> <span class='ocrx_word' id='word_1_8' title='bbox 1333 405 1369 446; x_wconf 89' lang='lat' dir='ltr'><strong>a</strong></span> <span class='ocrx_word' id='word_1_9' title='bbox 1391 389 1688 461; x_wconf 88' lang='lat' dir='ltr'><strong>principio</strong></span> <span class='ocrx_word' id='word_1_10' title='bbox 1710 388 1976 459; x_wconf 88' lang='lat' dir='ltr'><strong>seipsum</strong></span> <span class='ocrx_word' id='word_1_11' title='bbox 2017 401 2170 458; x_wconf 81' lang='lat' dir='ltr'><strong>prae-</strong></span> 
     </span>
    </p>
   </div>
   <div class='ocr_carea' id='block_1_5' title="bbox 2285 381 3851 465">
    <p class='ocr_par' dir='ltr' id='par_1_5' title="bbox 2285 381 3851 456">
     <span class='ocr_line' id='line_1_5' title="bbox 2285 381 3851 456; baseline 0.002 -23"><span class='ocrx_word' id='word_1_12' title='bbox 2285 382 2355 443; x_wconf 85' lang='grc' dir='ltr'><strong>ὡς</strong></span> <span class='ocrx_word' id='word_1_13' title='bbox 2408 386 2524 456; x_wconf 83' lang='grc' dir='ltr'><strong>περὶ</strong></span> <span class='ocrx_word' id='word_1_14' title='bbox 2593 381 2798 452; x_wconf 70' lang='grc' dir='ltr'><strong>ἑαυτοῦ,</strong></span> <span class='ocrx_word' id='word_1_15' title='bbox 2851 384 2876 435; x_wconf 87' lang='grc' dir='ltr'><strong><em>ὁ</em></strong></span> <span class='ocrx_word' id='word_1_16' title='bbox 2925 381 2985 436; x_wconf 74' lang='grc' dir='ltr'><strong>δὲ</strong></span> <span class='ocrx_word' id='word_1_17' title='bbox 3015 388 3109 442; x_wconf 76' lang='grc' dir='ltr'><strong>τὴν</strong></span> <span class='ocrx_word' id='word_1_18' title='bbox 3162 383 3525 456; x_wconf 71' lang='grc' dir='ltr'><strong>Ἀποκάλυψιν</strong></span> <span class='ocrx_word' id='word_1_19' title='bbox 3579 383 3782 456; x_wconf 71' lang='grc' dir='ltr'><strong>γράψας</strong></span> <span class='ocrx_word' id='word_1_20' title='bbox 3815 385 3851 436; x_wconf 69' lang='grc' dir='ltr'><strong>εὖ</strong></span> 
     </span>
    </p>
   </div>
   <div class='ocr_carea' id='block_1_6' title="bbox 505 476 2174 555">
    <p class='ocr_par' dir='ltr' id='par_1_6' title="bbox 505 476 2174 555">
     <span class='ocr_line' id='line_1_6' title="bbox 505 476 2174 555; baseline -0.007 -15"><span class='ocrx_word' id='word_1_21' title='bbox 505 483 676 555; x_wconf 88' lang='lat' dir='ltr'><strong>ponit</strong></span> <span class='ocrx_word' id='word_1_22' title='bbox 705 497 719 536; x_wconf 92' lang='lat'><strong>:</strong></span> <span class='ocrx_word' id='word_1_23' title='bbox 776 479 1174 550; x_wconf 81' lang='lat' dir='ltr'><strong>Apocalypsis</strong></span> <span class='ocrx_word' id='word_1_24' title='bbox 1203 479 1344 535; x_wconf 89' lang='lat' dir='ltr'><strong>Jesu</strong></span> <span class='ocrx_word' id='word_1_25' title='bbox 1369 477 1610 544; x_wconf 82' lang='lat' dir='ltr'><strong>Christi,</strong></span> <span class='ocrx_word' id='word_1_26' title='bbox 1645 494 1824 548; x_wconf 89' lang='lat' dir='ltr'><strong>quam</strong></span> <span class='ocrx_word' id='word_1_27' title='bbox 1857 477 2015 534; x_wconf 84' lang='lat' dir='ltr'><strong>dedit</strong></span> <span class='ocrx_word' id='word_1_28' title='bbox 2042 476 2174 548; x_wconf 79' lang='lat' dir='ltr'><strong>illi;</strong></span> 
     </span>
    </p>
   </div>
   <div class='ocr_carea' id='block_1_7' title="bbox 509 564 2172 639">
    <p class='ocr_par' dir='ltr' id='par_1_7' title="bbox 509 564 2172 639">
     <span class='ocr_line' id='line_1_7' title="bbox 509 564 2172 639; baseline -0.005 -13"><span class='ocrx_word' id='word_1_29' title='bbox 509 572 679 636; x_wconf 86' lang='lat' dir='ltr'><strong>Deus,</strong></span> <span class='ocrx_word' id='word_1_30' title='bbox 693 569 888 639; x_wconf 82' lang='lat' dir='ltr'><strong>palam</strong></span> <span class='ocrx_word' id='word_1_31' title='bbox 902 570 1104 639; x_wconf 80' lang='lat' dir='ltr'><strong>facere</strong></span> <span class='ocrx_word' id='word_1_32' title='bbox 1113 567 1298 624; x_wconf 87' lang='lat' dir='ltr'><strong>servis</strong></span> <span class='ocrx_word' id='word_1_33' title='bbox 1311 569 1426 622; x_wconf 85' lang='lat' dir='ltr'><strong>suis</strong></span> <span class='ocrx_word' id='word_1_34' title='bbox 1443 568 1734 630; x_wconf 71' lang='lat' dir='ltr'><strong>celeriter,</strong></span> <span class='ocrx_word' id='word_1_35' title='bbox 1750 572 1803 622; x_wconf 83' lang='lat' dir='ltr'><strong>et</strong></span> <span class='ocrx_word' id='word_1_36' title='bbox 1818 564 2172 636; x_wconf 84' lang='lat' dir='ltr'><strong>signiﬁcavit</strong></span> 
     </span>
    </p>
   </div>
   <div class='ocr_carea' id='block_1_8' title="bbox 508 654 2177 728">
    <p class='ocr_par' dir='ltr' id='par_1_8' title="bbox 508 654 2177 728">
     <span class='ocr_line' id='line_1_8' title="bbox 508 654 2177 728; baseline -0.005 -12"><span class='ocrx_word' id='word_1_37' title='bbox 508 659 747 717; x_wconf 83' lang='lat' dir='ltr'><strong>mittens</strong></span> <span class='ocrx_word' id='word_1_38' title='bbox 773 675 883 728; x_wconf 80' lang='lat' dir='ltr'><strong>per</strong></span> <span class='ocrx_word' id='word_1_39' title='bbox 932 659 1208 728; x_wconf 83' lang='lat' dir='ltr'><strong>angelum</strong></span> <span class='ocrx_word' id='word_1_40' title='bbox 1239 673 1410 712; x_wconf 90' lang='lat' dir='ltr'><strong>suum</strong></span> <span class='ocrx_word' id='word_1_41' title='bbox 1461 671 1630 712; x_wconf 86' lang='lat' dir='ltr'><strong>servo</strong></span> <span class='ocrx_word' id='word_1_42' title='bbox 1660 671 1764 711; x_wconf 88' lang='lat' dir='ltr'><strong>suo</strong></span> <span class='ocrx_word' id='word_1_43' title='bbox 1795 655 2033 719; x_wconf 85' lang='lat' dir='ltr'><strong>Joanni,</strong></span> <span class='ocrx_word' id='word_1_44' title='bbox 2071 654 2177 724; x_wconf 85' lang='lat' dir='ltr'><strong>qui</strong></span> 
     </span>
    </p>
   </div>
   <div class='ocr_carea' id='block_1_9' title="bbox 509 744 2174 819">
    <p class='ocr_par' dir='ltr' id='par_1_9' title="bbox 509 744 2174 819">
     <span class='ocr_line' id='line_1_9' title="bbox 509 744 2174 819; baseline -0.004 -15"><span class='ocrx_word' id='word_1_45' title='bbox 509 747 899 806; x_wconf 83' lang='lat' dir='ltr'><strong>testimonium</strong></span> <span class='ocrx_word' id='word_1_46' title='bbox 907 746 1214 819; x_wconf 72' lang='lat' dir='ltr'><strong>perhibuit</strong></span> <span class='ocrx_word' id='word_1_47' title='bbox 1239 745 1413 801; x_wconf 87' lang='lat' dir='ltr'><strong>verba</strong></span> <span class='ocrx_word' id='word_1_48' title='bbox 1432 744 1535 800; x_wconf 87' lang='lat' dir='ltr'><strong>Dei</strong></span> <span class='ocrx_word' id='word_1_49' title='bbox 1549 752 1622 812; x_wconf 83' lang='lat' dir='ltr'><strong>,et</strong></span> <span class='ocrx_word' id='word_1_50' title='bbox 1639 745 2034 800; x_wconf 81' lang='lat' dir='ltr'><strong>testimonium</strong></span> <span class='ocrx_word' id='word_1_51' title='bbox 2050 744 2174 813; x_wconf 85' lang='lat' dir='ltr'><strong>ejus</strong></span> 
     </span>
    </p>
   </div>
   <div class='ocr_carea' id='block_1_10' title="bbox 508 831 2171 910">
    <p class='ocr_par' dir='ltr' id='par_1_10' title="bbox 508 831 2171 910">
     <span class='ocr_line' id='line_1_10' title="bbox 508 831 2171 910; baseline -0.006 -18"><span class='ocrx_word' id='word_1_52' title='bbox 508 852 874 910; x_wconf 56' lang='lat' dir='ltr'><strong>quacunque</strong></span> <span class='ocrx_word' id='word_1_53' title='bbox 903 835 1067 892; x_wconf 80' lang='lat' dir='ltr'><strong>vidit.</strong></span> <span class='ocrx_word' id='word_1_54' title='bbox 1104 834 1322 889; x_wconf 85' lang='lat' dir='ltr'><strong>Deinde</strong></span> <span class='ocrx_word' id='word_1_55' title='bbox 1355 835 1532 888; x_wconf 89' lang='lat' dir='ltr'><strong>etiam</strong></span> <span class='ocrx_word' id='word_1_56' title='bbox 1588 833 1902 904; x_wconf 74' lang='lat' dir='ltr'><strong>epistolam</strong></span> <span class='ocrx_word' id='word_1_57' title='bbox 1948 831 2171 886; x_wconf 79' lang='lat' dir='ltr'><strong>scribit.</strong></span> 
     </span>
    </p>
   </div>
   <div class='ocr_carea' id='block_1_11' title="bbox 507 921 2174 994">
    <p class='ocr_par' dir='ltr' id='par_1_11' title="bbox 507 921 2174 994">
     <span class='ocr_line' id='line_1_11' title="bbox 507 921 2174 994; baseline -0.004 -12"><span class='ocrx_word' id='word_1_58' title='bbox 507 927 772 983; x_wconf 78' lang='lat' dir='ltr'><strong>Joannes</strong></span> <span class='ocrx_word' id='word_1_59' title='bbox 798 931 1014 994; x_wconf 82' lang='lat' dir='ltr'><strong><em>septem</em></strong></span> <span class='ocrx_word' id='word_1_60' title='bbox 1062 923 1319 980; x_wconf 83' lang='lat' dir='ltr'><strong>ecclesiis</strong></span> <span class='ocrx_word' id='word_1_61' title='bbox 1348 923 1410 978; x_wconf 88' lang='lat' dir='ltr'><strong>in</strong></span> <span class='ocrx_word' id='word_1_62' title='bbox 1474 923 1639 986; x_wconf 82' lang='lat' dir='ltr'><strong>Asia,</strong></span> <span class='ocrx_word' id='word_1_63' title='bbox 1692 923 1893 992; x_wconf 83' lang='lat' dir='ltr'><strong>gratia</strong></span> <span class='ocrx_word' id='word_1_64' title='bbox 1925 921 2084 977; x_wconf 81' lang='lat' dir='ltr'><strong><em>vobis</em></strong></span> <span class='ocrx_word' id='word_1_65' title='bbox 2119 926 2174 976; x_wconf 84' lang='lat' dir='ltr'><strong>et</strong></span> 
     </span>
    </p>
   </div>
   <div class='ocr_carea' id='block_1_12' title="bbox 506 1009 2174 1086">
    <p class='ocr_par' dir='ltr' id='par_1_12' title="bbox 506 1009 2174 1086">
     <span class='ocr_line' id='line_1_12' title="bbox 506 1009 2174 1086; baseline -0.006 -13"><span class='ocrx_word' id='word_1_66' title='bbox 506 1030 636 1086; x_wconf 74' lang='lat' dir='ltr'><strong>pax</strong></span> <span class='ocrx_word' id='word_1_67' title='bbox 655 1017 724 1070; x_wconf 81' lang='grc'><strong>⁵⁷.</strong></span> <span class='ocrx_word' id='word_1_68' title='bbox 761 1014 1162 1083; x_wconf 75' lang='lat' dir='ltr'><strong>Evangelista,</strong></span> <span class='ocrx_word' id='word_1_69' title='bbox 1185 1017 1385 1068; x_wconf 86' lang='lat' dir='ltr'><strong>autem</strong></span> <span class='ocrx_word' id='word_1_70' title='bbox 1422 1013 1693 1083; x_wconf 89' lang='lat' dir='ltr'><strong>nequein</strong></span> <span class='ocrx_word' id='word_1_71' title='bbox 1721 1011 2011 1066; x_wconf 87' lang='lat' dir='ltr'><strong>catholica</strong></span> <span class='ocrx_word' id='word_1_72' title='bbox 2049 1009 2174 1080; x_wconf 91' lang='lat' dir='ltr'><strong>epi-</strong></span> 
     </span>
    </p>
   </div>
   <div class='ocr_carea' id='block_1_13' title="bbox 513 1099 2176 1174">
    <p class='ocr_par' dir='ltr' id='par_1_13' title="bbox 513 1099 2176 1174">
     <span class='ocr_line' id='line_1_13' title="bbox 513 1099 2176 1174; baseline -0.003 -15"><span class='ocrx_word' id='word_1_73' title='bbox 513 1104 666 1161; x_wconf 88' lang='lat' dir='ltr'><strong>stola</strong></span> <span class='ocrx_word' id='word_1_74' title='bbox 685 1119 908 1160; x_wconf 86' lang='lat' dir='ltr'><strong>nomen</strong></span> <span class='ocrx_word' id='word_1_75' title='bbox 941 1119 1118 1159; x_wconf 90' lang='lat' dir='ltr'><strong>suum</strong></span> <span class='ocrx_word' id='word_1_76' title='bbox 1139 1101 1446 1174; x_wconf 64' lang='lat' dir='ltr'><strong>praemisit,</strong></span> <span class='ocrx_word' id='word_1_77' title='bbox 1469 1116 1680 1156; x_wconf 82' lang='lat' dir='ltr'><strong>verum</strong></span> <span class='ocrx_word' id='word_1_78' title='bbox 1713 1099 1998 1154; x_wconf 78' lang='lat' dir='ltr'><strong>ineffabili</strong></span> <span class='ocrx_word' id='word_1_79' title='bbox 2027 1114 2176 1170; x_wconf 65' lang='lat' dir='ltr'><strong>quo-</strong></span> 
     </span>
    </p>
   </div>
   <div class='ocr_carea' id='block_1_14' title="bbox 512 1188 2176 1264">
    <p class='ocr_par' dir='ltr' id='par_1_14' title="bbox 512 1188 2176 1264">
     <span class='ocr_line' id='line_1_14' title="bbox 512 1188 2176 1264; baseline -0.004 -14"><span class='ocrx_word' id='word_1_80' title='bbox 512 1195 657 1252; x_wconf 89' lang='lat' dir='ltr'><strong>dam</strong></span> <span class='ocrx_word' id='word_1_81' title='bbox 684 1193 866 1250; x_wconf 92' lang='lat' dir='ltr'><strong>modo</strong></span> <span class='ocrx_word' id='word_1_82' title='bbox 893 1193 972 1249; x_wconf 90' lang='lat' dir='ltr'><strong>ab</strong></span> <span class='ocrx_word' id='word_1_83' title='bbox 1019 1192 1156 1264; x_wconf 88' lang='lat' dir='ltr'><strong>ipso</strong></span> <span class='ocrx_word' id='word_1_84' title='bbox 1187 1192 1386 1246; x_wconf 88' lang='lat' dir='ltr'><strong>statim</strong></span> <span class='ocrx_word' id='word_1_85' title='bbox 1437 1206 1660 1246; x_wconf 89' lang='lat' dir='ltr'><strong>arcano</strong></span> <span class='ocrx_word' id='word_1_86' title='bbox 1705 1189 1990 1259; x_wconf 86' lang='lat' dir='ltr'><strong>mysterio</strong></span> <span class='ocrx_word' id='word_1_87' title='bbox 2027 1188 2176 1244; x_wconf 87' lang='lat' dir='ltr'><strong>divi-</strong></span> 
     </span>
    </p>
   </div>
   <div class='ocr_carea' id='block_1_15' title="bbox 510 1277 2170 1348">
    <p class='ocr_par' dir='ltr' id='par_1_15' title="bbox 510 1277 2170 1348">
     <span class='ocr_line' id='line_1_15' title="bbox 510 1277 2170 1348; baseline -0.005 -9"><span class='ocrx_word' id='word_1_88' title='bbox 510 1299 606 1340; x_wconf 72' lang='lat' dir='ltr'><strong>nas</strong></span> <span class='ocrx_word' id='word_1_89' title='bbox 644 1281 1022 1340; x_wconf 88' lang='lat' dir='ltr'><strong>revelationis</strong></span> <span class='ocrx_word' id='word_1_90' title='bbox 1054 1287 1140 1336; x_wconf 88' lang='lat' dir='ltr'><strong>est</strong></span> <span class='ocrx_word' id='word_1_91' title='bbox 1173 1295 1422 1336; x_wconf 84' lang='lat' dir='ltr'><strong>exorsus</strong></span> <span class='ocrx_word' id='word_1_92' title='bbox 1457 1296 1468 1334; x_wconf 94' lang='lat'>:</span> <span class='ocrx_word' id='word_1_93' title='bbox 1505 1279 1666 1346; x_wconf 91' lang='lat' dir='ltr'><strong>Quod</strong></span> <span class='ocrx_word' id='word_1_94' title='bbox 1695 1279 1818 1348; x_wconf 83' lang='lat' dir='ltr'><strong>fuit</strong></span> <span class='ocrx_word' id='word_1_95' title='bbox 1878 1279 1952 1334; x_wconf 91' lang='lat' dir='ltr'><strong>ab</strong></span> <span class='ocrx_word' id='word_1_96' title='bbox 1978 1277 2170 1342; x_wconf 80' lang='lat' dir='ltr'><strong>initio,</strong></span> 
     </span>
    </p>
   </div>
   <div class='ocr_carea' id='block_1_16' title="bbox 511 1368 2174 1446">
    <p class='ocr_par' dir='ltr' id='par_1_16' title="bbox 511 1368 2174 1446">
     <span class='ocr_line' id='line_1_16' title="bbox 511 1368 2174 1446; baseline -0.005 -17"><span class='ocrx_word' id='word_1_97' title='bbox 511 1373 670 1446; x_wconf 83' lang='lat' dir='ltr'><strong>quod</strong></span> <span class='ocrx_word' id='word_1_98' title='bbox 694 1371 1056 1436; x_wconf 82' lang='lat' dir='ltr'><strong>audivimus,</strong></span> <span class='ocrx_word' id='word_1_99' title='bbox 1086 1371 1245 1441; x_wconf 87' lang='lat' dir='ltr'><strong>quod</strong></span> <span class='ocrx_word' id='word_1_100' title='bbox 1264 1369 1518 1426; x_wconf 81' lang='lat' dir='ltr'><strong>vidimus</strong></span> <span class='ocrx_word' id='word_1_101' title='bbox 1535 1369 1720 1424; x_wconf 81' lang='lat' dir='ltr'><strong>oculis</strong></span> <span class='ocrx_word' id='word_1_102' title='bbox 1743 1368 1958 1423; x_wconf 78' lang='lat' dir='ltr'><strong>nostris</strong></span> <span class='ocrx_word' id='word_1_103' title='bbox 1981 1369 2048 1422; x_wconf 75' lang='grc'><strong>⁵⁸.</strong></span> <span class='ocrx_word' id='word_1_104' title='bbox 2067 1368 2174 1422; x_wconf 89' lang='lat' dir='ltr'><strong>Cu-</strong></span> 
     </span>
    </p>
   </div>
   <div class='ocr_carea' id='block_1_17' title="bbox 507 1455 2168 1534">
    <p class='ocr_par' dir='ltr' id='par_1_17' title="bbox 507 1455 2168 1534">
     <span class='ocr_line' id='line_1_17' title="bbox 507 1455 2168 1534; baseline -0.005 -16"><span class='ocrx_word' id='word_1_105' title='bbox 507 1463 612 1534; x_wconf 87' lang='lat' dir='ltr'><strong>jus</strong></span> <span class='ocrx_word' id='word_1_106' title='bbox 640 1459 1018 1517; x_wconf 88' lang='lat' dir='ltr'><strong>revelationis</strong></span> <span class='ocrx_word' id='word_1_107' title='bbox 1063 1460 1306 1515; x_wconf 83' lang='lat' dir='ltr'><strong>nomine</strong></span> <span class='ocrx_word' id='word_1_108' title='bbox 1351 1465 1530 1513; x_wconf 73' lang='lat' dir='ltr'><strong>etiam</strong></span> <span class='ocrx_word' id='word_1_109' title='bbox 1601 1457 1886 1513; x_wconf 88' lang='lat' dir='ltr'><strong>Dominus</strong></span> <span class='ocrx_word' id='word_1_110' title='bbox 1925 1455 2168 1512; x_wconf 87' lang='lat' dir='ltr'><strong>beatum</strong></span> 
     </span>
    </p>
   </div>
   <div class='ocr_carea' id='block_1_18' title="bbox 512 1545 2171 1624">
    <p class='ocr_par' dir='ltr' id='par_1_18' title="bbox 512 1545 2171 1624">
     <span class='ocr_line' id='line_1_18' title="bbox 512 1545 2171 1624; baseline -0.005 -16"><span class='ocrx_word' id='word_1_111' title='bbox 512 1549 941 1624; x_wconf 69' lang='lat' dir='ltr'><strong>deprmdicavit</strong></span> <span class='ocrx_word' id='word_1_112' title='bbox 971 1550 1220 1613; x_wconf 86' lang='lat' dir='ltr'><strong>Petrum,</strong></span> <span class='ocrx_word' id='word_1_113' title='bbox 1256 1547 1532 1620; x_wconf 86' lang='lat' dir='ltr'><strong>inquiens</strong></span> <span class='ocrx_word' id='word_1_114' title='bbox 1567 1563 1580 1602; x_wconf 93' lang='lat'><strong>:</strong></span> <span class='ocrx_word' id='word_1_115' title='bbox 1613 1549 1827 1602; x_wconf 79' lang='lat' dir='ltr'><strong>Beatus</strong></span> <span class='ocrx_word' id='word_1_116' title='bbox 1858 1562 1916 1603; x_wconf 90' lang='lat' dir='ltr'><strong>es</strong></span> <span class='ocrx_word' id='word_1_117' title='bbox 1963 1553 2042 1606; x_wconf 84' lang='lat' dir='ltr'><strong>tu,</strong></span> <span class='ocrx_word' id='word_1_118' title='bbox 2075 1545 2171 1601; x_wconf 89' lang='lat' dir='ltr'><strong>Si-</strong></span> 
     </span>
    </p>
   </div>
   <div class='ocr_carea' id='block_1_19' title="bbox 513 1635 2172 1709">
    <p class='ocr_par' dir='ltr' id='par_1_19' title="bbox 513 1635 2172 1709">
     <span class='ocr_line' id='line_1_19' title="bbox 513 1635 2172 1709; baseline -0.005 -12"><span class='ocrx_word' id='word_1_119' title='bbox 513 1656 653 1698; x_wconf 93' lang='lat' dir='ltr'><strong>mon</strong></span> <span class='ocrx_word' id='word_1_120' title='bbox 677 1639 956 1703; x_wconf 88' lang='lat' dir='ltr'><strong>Bariona,</strong></span> <span class='ocrx_word' id='word_1_121' title='bbox 982 1639 1262 1709; x_wconf 84' lang='lat' dir='ltr'><strong>quoniam</strong></span> <span class='ocrx_word' id='word_1_122' title='bbox 1284 1652 1424 1693; x_wconf 86' lang='lat' dir='ltr'><strong>caro</strong></span> <span class='ocrx_word' id='word_1_123' title='bbox 1445 1641 1498 1693; x_wconf 81' lang='lat' dir='ltr'><strong>et</strong></span> <span class='ocrx_word' id='word_1_124' title='bbox 1527 1637 1772 1704; x_wconf 84' lang='lat' dir='ltr'><strong>sanguis</strong></span> <span class='ocrx_word' id='word_1_125' title='bbox 1805 1651 1925 1691; x_wconf 89' lang='lat' dir='ltr'><strong>non</strong></span> <span class='ocrx_word' id='word_1_126' title='bbox 1948 1635 2172 1691; x_wconf 83' lang='lat' dir='ltr'><strong>revela-</strong></span> 
     </span>
    </p>
   </div>
   <div class='ocr_carea' id='block_1_20' title="bbox 2288 471 3854 547">
    <p class='ocr_par' dir='ltr' id='par_1_20' title="bbox 2288 471 3854 547">
     <span class='ocr_line' id='line_1_20' title="bbox 2288 471 3854 547; baseline 0 -23"><span class='ocrx_word' id='word_1_127' title='bbox 2288 474 2380 534; x_wconf 83' lang='grc' dir='ltr'><strong>θύς</strong></span> <span class='ocrx_word' id='word_1_128' title='bbox 2427 490 2480 523; x_wconf 89' lang='grc' dir='ltr'><strong>τε</strong></span> <span class='ocrx_word' id='word_1_129' title='bbox 2531 471 2578 522; x_wconf 81' lang='grc' dir='ltr'><strong>ἐν</strong></span> <span class='ocrx_word' id='word_1_130' title='bbox 2631 473 2774 545; x_wconf 73' lang='grc' dir='ltr'><strong>ἀρχῇ</strong></span> <span class='ocrx_word' id='word_1_131' title='bbox 2831 472 3010 526; x_wconf 81' lang='grc' dir='ltr'><strong>ἑαυτὸν</strong></span> <span class='ocrx_word' id='word_1_132' title='bbox 3055 477 3348 547; x_wconf 86' lang='grc' dir='ltr'><strong>προτάσσει</strong></span> <span class='ocrx_word' id='word_1_133' title='bbox 3377 492 3392 506; x_wconf 81' lang='grc'><strong><em>⁸</em></strong></span> <span class='ocrx_word' id='word_1_134' title='bbox 3435 473 3854 542; x_wconf 62' lang='grc' dir='ltr'><strong>Ἀποκάλυῷις</strong></span> 
     </span>
    </p>
   </div>
   <div class='ocr_carea' id='block_1_21' title="bbox 2285 560 3854 634">
    <p class='ocr_par' dir='ltr' id='par_1_21' title="bbox 2285 560 3854 634">
     <span class='ocr_line' id='line_1_21' title="bbox 2285 560 3854 634; baseline -0.001 -21"><span class='ocrx_word' id='word_1_135' title='bbox 2285 561 2502 618; x_wconf 83' lang='grc' dir='ltr'><strong>Ἰησοῦ</strong></span> <span class='ocrx_word' id='word_1_136' title='bbox 2545 568 2852 634; x_wconf 77' lang='grc' dir='ltr'><strong>Χριστοῦ,</strong></span> <span class='ocrx_word' id='word_1_137' title='bbox 2890 562 2959 620; x_wconf 82' lang='grc' dir='ltr'><strong>ἣν</strong></span> <span class='ocrx_word' id='word_1_138' title='bbox 3000 560 3236 616; x_wconf 74' lang='grc' dir='ltr'><strong>ἔδωκέν</strong></span> <span class='ocrx_word' id='word_1_139' title='bbox 3275 565 3445 634; x_wconf 75' lang='grc' dir='ltr'><strong>αὐτῷ</strong></span> <span class='ocrx_word' id='word_1_140' title='bbox 3485 560 3708 625; x_wconf 73' lang='grc' dir='ltr'><strong>δεῖξαι</strong></span> <span class='ocrx_word' id='word_1_141' title='bbox 3741 572 3854 622; x_wconf 71' lang='lat' dir='ltr'><strong>tsi;-</strong></span> 
     </span>
    </p>
   </div>
   <div class='ocr_carea' id='block_1_22' title="bbox 2287 646 3854 724">
    <p class='ocr_par' dir='ltr' id='par_1_22' title="bbox 2287 646 3854 724">
     <span class='ocr_line' id='line_1_22' title="bbox 2287 646 3854 724; baseline 0 -22"><span class='ocrx_word' id='word_1_142' title='bbox 2287 646 2550 712; x_wconf 85' lang='grc' dir='ltr'><strong>δούλοις</strong></span> <span class='ocrx_word' id='word_1_143' title='bbox 2587 651 2780 702; x_wconf 77' lang='grc' dir='ltr'><strong>αὐτοῦ</strong></span> <span class='ocrx_word' id='word_1_144' title='bbox 2818 653 2878 703; x_wconf 83' lang='grc' dir='ltr'><strong>ἐν</strong></span> <span class='ocrx_word' id='word_1_145' title='bbox 2917 654 3141 724; x_wconf 86' lang='grc' dir='ltr'><strong>τάχει·</strong></span> <span class='ocrx_word' id='word_1_146' title='bbox 3175 659 3280 706; x_wconf 82' lang='grc' dir='ltr'><strong>καὶ</strong></span> <span class='ocrx_word' id='word_1_147' title='bbox 3321 656 3663 724; x_wconf 75' lang='grc' dir='ltr'><strong>ἐσήμανεν</strong></span> <span class='ocrx_word' id='word_1_148' title='bbox 3701 651 3854 704; x_wconf 62' lang='lat' dir='ltr'><strong>imae-</strong></span> 
     </span>
    </p>
   </div>
   <div class='ocr_carea' id='block_1_23' title="bbox 2281 737 3856 814">
    <p class='ocr_par' dir='ltr' id='par_1_23' title="bbox 2281 737 3856 814">
     <span class='ocr_line' id='line_1_23' title="bbox 2281 737 3856 814; baseline 0.003 -24"><span class='ocrx_word' id='word_1_149' title='bbox 2281 739 2493 800; x_wconf 84' lang='grc' dir='ltr'><strong>τείλας</strong></span> <span class='ocrx_word' id='word_1_150' title='bbox 2523 737 2636 792; x_wconf 78' lang='grc' dir='ltr'><strong>διὰ</strong></span> <span class='ocrx_word' id='word_1_151' title='bbox 2665 749 2773 792; x_wconf 78' lang='grc' dir='ltr'><strong>τοῦ</strong></span> <span class='ocrx_word' id='word_1_152' title='bbox 2805 739 3080 813; x_wconf 76' lang='grc' dir='ltr'><strong>ἀγγέλου</strong></span> <span class='ocrx_word' id='word_1_153' title='bbox 3114 743 3314 794; x_wconf 79' lang='grc' dir='ltr'><strong>αὐτοῦ</strong></span> <span class='ocrx_word' id='word_1_154' title='bbox 3343 751 3422 812; x_wconf 83' lang='grc' dir='ltr'><strong>τῷ</strong></span> <span class='ocrx_word' id='word_1_155' title='bbox 3453 739 3672 814; x_wconf 77' lang='grc' dir='ltr'><strong>δούλῳ</strong></span> <span class='ocrx_word' id='word_1_156' title='bbox 3702 741 3856 794; x_wconf 63' lang='grc' dir='ltr'><strong>αὐτοι</strong></span> 
     </span>
    </p>
   </div>
   <div class='ocr_carea' id='block_1_24' title="bbox 2285 829 3856 906">
    <p class='ocr_par' dir='ltr' id='par_1_24' title="bbox 2285 829 3856 906">
     <span class='ocr_line' id='line_1_24' title="bbox 2285 829 3856 906; baseline 0 -24"><span class='ocrx_word' id='word_1_157' title='bbox 2285 830 2561 902; x_wconf 79' lang='grc' dir='ltr'><strong>Ἰωάννῃ,</strong></span> <span class='ocrx_word' id='word_1_158' title='bbox 2599 829 2661 892; x_wconf 83' lang='grc' dir='ltr'><strong>ὃς</strong></span> <span class='ocrx_word' id='word_1_159' title='bbox 2695 833 3118 906; x_wconf 78' lang='grc' dir='ltr'><strong>ἐμαρτύρησε</strong></span> <span class='ocrx_word' id='word_1_160' title='bbox 3156 837 3262 884; x_wconf 89' lang='grc' dir='ltr'><strong>τὸν</strong></span> <span class='ocrx_word' id='word_1_161' title='bbox 3303 838 3512 902; x_wconf 83' lang='grc' dir='ltr'><strong>Λόγον</strong></span> <span class='ocrx_word' id='word_1_162' title='bbox 3553 839 3670 883; x_wconf 79' lang='grc' dir='ltr'><strong>τοῦ</strong></span> <span class='ocrx_word' id='word_1_163' title='bbox 3705 839 3856 895; x_wconf 68' lang='grc' dir='ltr'><strong>θεοῦ,</strong></span> 
     </span>
    </p>
   </div>
   <div class='ocr_carea' id='block_1_25' title="bbox 2285 917 3860 993">
    <p class='ocr_par' dir='ltr' id='par_1_25' title="bbox 2285 917 3860 993">
     <span class='ocr_line' id='line_1_25' title="bbox 2285 917 3860 993; baseline 0.001 -25"><span class='ocrx_word' id='word_1_164' title='bbox 2285 923 2391 970; x_wconf 84' lang='grc' dir='ltr'><strong>καὶ</strong></span> <span class='ocrx_word' id='word_1_165' title='bbox 2429 923 2541 976; x_wconf 83' lang='grc' dir='ltr'><strong>τὴν</strong></span> <span class='ocrx_word' id='word_1_166' title='bbox 2581 925 2960 993; x_wconf 79' lang='grc' dir='ltr'><strong>μαρτυρίαν</strong></span> <span class='ocrx_word' id='word_1_167' title='bbox 2999 921 3198 973; x_wconf 77' lang='grc' dir='ltr'><strong>αὐτοῦ</strong></span> <span class='ocrx_word' id='word_1_168' title='bbox 3239 922 3374 974; x_wconf 87' lang='grc' dir='ltr'><strong>ὅσα</strong></span> <span class='ocrx_word' id='word_1_169' title='bbox 3413 917 3860 973; x_wconf 67' lang='grc' dir='ltr'><strong>εἶδενῡείτακει</strong></span> 
     </span>
    </p>
   </div>
   <div class='ocr_carea' id='block_1_26' title="bbox 2286 1007 3864 1082">
    <p class='ocr_par' dir='ltr' id='par_1_26' title="bbox 2286 1007 3864 1082">
     <span class='ocr_line' id='line_1_26' title="bbox 2286 1007 3864 1082; baseline 0.001 -24"><span class='ocrx_word' id='word_1_170' title='bbox 2286 1007 2560 1066; x_wconf 74' lang='grc' dir='ltr'><strong>ἐπιστολὴν</strong></span> <span class='ocrx_word' id='word_1_171' title='bbox 2605 1011 2827 1082; x_wconf 77' lang='grc' dir='ltr'><strong>γράφει·</strong></span> <span class='ocrx_word' id='word_1_172' title='bbox 2854 1028 2884 1061; x_wconf 74' lang='grc' dir='ltr'><strong>ι(</strong></span> <span class='ocrx_word' id='word_1_173' title='bbox 2937 1010 3239 1072; x_wconf 78' lang='grc' dir='ltr'><strong>Ἰωάννης</strong></span> <span class='ocrx_word' id='word_1_174' title='bbox 3277 1017 3420 1071; x_wconf 86' lang='grc' dir='ltr'><strong>ταῖς</strong></span> <span class='ocrx_word' id='word_1_175' title='bbox 3469 1011 3636 1062; x_wconf 82' lang='grc' dir='ltr'><strong>ἐπτὰ</strong></span> <span class='ocrx_word' id='word_1_176' title='bbox 3675 1009 3864 1066; x_wconf 68' lang='grc' dir='ltr'><strong>ἐκκλη-</strong></span> 
     </span>
    </p>
   </div>
   <div class='ocr_carea' id='block_1_27' title="bbox 2289 1097 3865 1174">
    <p class='ocr_par' dir='ltr' id='par_1_27' title="bbox 2289 1097 3865 1174">
     <span class='ocr_line' id='line_1_27' title="bbox 2289 1097 3865 1174; baseline 0.001 -26"><span class='ocrx_word' id='word_1_177' title='bbox 2289 1101 2469 1157; x_wconf 86' lang='grc' dir='ltr'><strong>σίαις</strong></span> <span class='ocrx_word' id='word_1_178' title='bbox 2505 1105 2650 1158; x_wconf 87' lang='grc' dir='ltr'><strong>ταῖς</strong></span> <span class='ocrx_word' id='word_1_179' title='bbox 2688 1097 2745 1149; x_wconf 74' lang='grc' dir='ltr'><strong>ἓν</strong></span> <span class='ocrx_word' id='word_1_180' title='bbox 2783 1106 2854 1170; x_wconf 73' lang='grc' dir='ltr'><strong>τῇ</strong></span> <span class='ocrx_word' id='word_1_181' title='bbox 2893 1101 3104 1171; x_wconf 83' lang='grc' dir='ltr'><strong>Ἀσίᾳ.</strong></span> <span class='ocrx_word' id='word_1_182' title='bbox 3139 1102 3350 1174; x_wconf 83' lang='grc' dir='ltr'><strong>Χάρις</strong></span> <span class='ocrx_word' id='word_1_183' title='bbox 3379 1101 3528 1171; x_wconf 82' lang='grc' dir='ltr'><strong>ὑμῖν</strong></span> <span class='ocrx_word' id='word_1_184' title='bbox 3569 1104 3686 1150; x_wconf 84' lang='grc' dir='ltr'><strong>καὶ</strong></span> <span class='ocrx_word' id='word_1_185' title='bbox 3725 1099 3865 1173; x_wconf 62' lang='lat' dir='ltr'><strong>sipi-</strong></span> 
     </span>
    </p>
   </div>
   <div class='ocr_carea' id='block_1_28' title="bbox 2283 1185 3862 1261">
    <p class='ocr_par' dir='ltr' id='par_1_28' title="bbox 2283 1185 3862 1261">
     <span class='ocr_line' id='line_1_28' title="bbox 2283 1185 3862 1261; baseline 0 -22"><span class='ocrx_word' id='word_1_186' title='bbox 2283 1207 2308 1238; x_wconf 90' lang='grc' dir='ltr'><strong>ν</strong></span> <span class='ocrx_word' id='word_1_187' title='bbox 2323 1206 2374 1244; x_wconf 87' lang='grc' dir='ltr'><strong>η.</strong></span> <span class='ocrx_word' id='word_1_188' title='bbox 2395 1186 2492 1240; x_wconf 80' lang='grc' dir='ltr'><strong>»Ὀ</strong></span> <span class='ocrx_word' id='word_1_189' title='bbox 2516 1185 2576 1240; x_wconf 80' lang='grc' dir='ltr'><strong>δέ</strong></span> <span class='ocrx_word' id='word_1_190' title='bbox 2591 1189 2640 1258; x_wconf 86' lang='grc' dir='ltr'><strong>γ’</strong></span> <span class='ocrx_word' id='word_1_191' title='bbox 2659 1188 2868 1260; x_wconf 76' lang='grc' dir='ltr'><strong>εὐαγγε)</strong></span> <span class='ocrx_word' id='word_1_192' title='bbox 2883 1193 3028 1249; x_wconf 78' lang='grc' dir='ltr'><strong>ιστής</strong></span> <span class='ocrx_word' id='word_1_193' title='bbox 3045 1185 3159 1241; x_wconf 72' lang='grc' dir='ltr'><strong>οὐδ’</strong></span> <span class='ocrx_word' id='word_1_194' title='bbox 3179 1188 3228 1241; x_wconf 82' lang='grc' dir='ltr'><strong>ἐν</strong></span> <span class='ocrx_word' id='word_1_195' title='bbox 3249 1197 3311 1261; x_wconf 78' lang='grc' dir='ltr'><strong>τῇ</strong></span> <span class='ocrx_word' id='word_1_196' title='bbox 3347 1188 3608 1261; x_wconf 76' lang='grc' dir='ltr'><strong>Καθολικῇ</strong></span> <span class='ocrx_word' id='word_1_197' title='bbox 3633 1188 3862 1258; x_wconf 52' lang='grc' dir='ltr'><strong>ἐπιστολᾷ</strong></span> 
     </span>
    </p>
   </div>
   <div class='ocr_carea' id='block_1_29' title="bbox 2283 1276 3864 1352">
    <p class='ocr_par' dir='ltr' id='par_1_29' title="bbox 2283 1276 3864 1352">
     <span class='ocr_line' id='line_1_29' title="bbox 2283 1276 3864 1352; baseline 0.001 -24"><span class='ocrx_word' id='word_1_198' title='bbox 2283 1276 2608 1351; x_wconf 74' lang='grc' dir='ltr'><strong>προέγραψεν</strong></span> <span class='ocrx_word' id='word_1_199' title='bbox 2657 1277 2842 1330; x_wconf 81' lang='grc' dir='ltr'><strong>ἑαυτοῦ</strong></span> <span class='ocrx_word' id='word_1_200' title='bbox 2892 1283 2952 1330; x_wconf 86' lang='grc' dir='ltr'><strong>τὸ</strong></span> <span class='ocrx_word' id='word_1_201' title='bbox 3019 1283 3202 1349; x_wconf 56' lang='grc' dir='ltr'><strong>ὅνομαρ</strong></span> <span class='ocrx_word' id='word_1_202' title='bbox 3249 1279 3379 1330; x_wconf 82' lang='grc' dir='ltr'><strong>αλλὰ</strong></span> <span class='ocrx_word' id='word_1_203' title='bbox 3431 1277 3744 1352; x_wconf 76' lang='grc' dir='ltr'><strong>ἁπορρήτως</strong></span> <span class='ocrx_word' id='word_1_204' title='bbox 3793 1277 3864 1330; x_wconf 67' lang='grc' dir='ltr'><strong>ἀπ’</strong></span> 
     </span>
    </p>
   </div>
   <div class='ocr_carea' id='block_1_30' title="bbox 2283 1365 3866 1441">
    <p class='ocr_par' dir='ltr' id='par_1_30' title="bbox 2283 1365 3866 1441">
     <span class='ocr_line' id='line_1_30' title="bbox 2283 1365 3866 1441; baseline 0.001 -24"><span class='ocrx_word' id='word_1_205' title='bbox 2283 1365 2442 1418; x_wconf 77' lang='grc' dir='ltr'><strong>αὐτοῦ</strong></span> <span class='ocrx_word' id='word_1_206' title='bbox 2473 1373 2566 1418; x_wconf 77' lang='grc' dir='ltr'><strong>τοῦ</strong></span> <span class='ocrx_word' id='word_1_207' title='bbox 2589 1371 2884 1438; x_wconf 83' lang='grc' dir='ltr'><strong>μυστηρίου</strong></span> <span class='ocrx_word' id='word_1_208' title='bbox 2913 1375 3010 1430; x_wconf 82' lang='grc' dir='ltr'><strong>τῆς</strong></span> <span class='ocrx_word' id='word_1_209' title='bbox 3053 1370 3192 1430; x_wconf 81' lang='grc' dir='ltr'><strong>θείας</strong></span> <span class='ocrx_word' id='word_1_210' title='bbox 3229 1367 3610 1438; x_wconf 69' lang='grc' dir='ltr'><strong>ἀποκαλύψεως</strong></span> <span class='ocrx_word' id='word_1_211' title='bbox 3649 1368 3866 1441; x_wconf 76' lang='grc' dir='ltr'><strong>ἤρξατο·</strong></span> 
     </span>
    </p>
   </div>
   <div class='ocr_carea' id='block_1_31' title="bbox 2279 1451 3868 1530">
    <p class='ocr_par' dir='ltr' id='par_1_31' title="bbox 2279 1451 3868 1530">
     <span class='ocr_line' id='line_1_31' title="bbox 2279 1451 3868 1530; baseline 0.001 -25"><span class='ocrx_word' id='word_1_212' title='bbox 2279 1461 2345 1506; x_wconf 89' lang='grc' dir='ltr'><strong>’Ὁ</strong></span> <span class='ocrx_word' id='word_1_213' title='bbox 2384 1451 2453 1512; x_wconf 80' lang='grc' dir='ltr'><strong>ἧν</strong></span> <span class='ocrx_word' id='word_1_214' title='bbox 2507 1454 2603 1508; x_wconf 80' lang='grc' dir='ltr'><strong>ἀπ’</strong></span> <span class='ocrx_word' id='word_1_215' title='bbox 2643 1454 2871 1530; x_wconf 81' lang='grc' dir='ltr'><strong>ἀρχῆς,</strong></span> <span class='ocrx_word' id='word_1_216' title='bbox 2909 1456 2934 1508; x_wconf 97' lang='lat'><strong>6</strong></span> <span class='ocrx_word' id='word_1_217' title='bbox 2977 1455 3376 1528; x_wconf 80' lang='grc' dir='ltr'><strong>ἀκηκόαμεν,</strong></span> <span class='ocrx_word' id='word_1_218' title='bbox 3427 1457 3453 1508; x_wconf 91' lang='lat'><strong>6</strong></span> <span class='ocrx_word' id='word_1_219' title='bbox 3507 1456 3868 1529; x_wconf 60' lang='grc' dir='ltr'><strong>ἑωράκαμεν</strong></span> 
     </span>
    </p>
   </div>
   <div class='ocr_carea' id='block_1_32' title="bbox 2280 1543 3874 1620">
    <p class='ocr_par' dir='ltr' id='par_1_32' title="bbox 2280 1543 3874 1620">
     <span class='ocr_line' id='line_1_32' title="bbox 2280 1543 3874 1620; baseline 0.001 -26"><span class='ocrx_word' id='word_1_220' title='bbox 2280 1549 2416 1604; x_wconf 87' lang='grc' dir='ltr'><strong>τοῖς</strong></span> <span class='ocrx_word' id='word_1_221' title='bbox 2455 1543 2805 1616; x_wconf 74' lang='grc' dir='ltr'><strong>ὀφθαλμοῖς</strong></span> <span class='ocrx_word' id='word_1_222' title='bbox 2844 1547 3037 1618; x_wconf 77' lang='grc' dir='ltr'><strong>ἡμῶν.</strong></span> <span class='ocrx_word' id='word_1_223' title='bbox 3069 1548 3188 1600; x_wconf 81' lang='grc' dir='ltr'><strong>Ἐπὶ</strong></span> <span class='ocrx_word' id='word_1_224' title='bbox 3235 1549 3399 1618; x_wconf 75' lang='grc' dir='ltr'><strong>ταύτῃ</strong></span> <span class='ocrx_word' id='word_1_225' title='bbox 3434 1548 3536 1620; x_wconf 79' lang='grc' dir='ltr'><strong>γὰρ</strong></span> <span class='ocrx_word' id='word_1_226' title='bbox 3587 1553 3658 1617; x_wconf 71' lang='grc' dir='ltr'><strong>τῇ</strong></span> <span class='ocrx_word' id='word_1_227' title='bbox 3697 1545 3874 1598; x_wconf 74' lang='grc' dir='ltr'><strong>ἀποκα-</strong></span> 
     </span>
    </p>
   </div>
   <div class='ocr_carea' id='block_1_33' title="bbox 2278 1632 3867 1708">
    <p class='ocr_par' dir='ltr' id='par_1_33' title="bbox 2278 1632 3867 1708">
     <span class='ocr_line' id='line_1_33' title="bbox 2278 1632 3867 1708; baseline -0.001 -23"><span class='ocrx_word' id='word_1_228' title='bbox 2278 1632 2431 1704; x_wconf 71' lang='grc' dir='ltr'><strong>λύψει</strong></span> <span class='ocrx_word' id='word_1_229' title='bbox 2475 1639 2565 1686; x_wconf 87' lang='grc' dir='ltr'><strong>καὶ</strong></span> <span class='ocrx_word' id='word_1_230' title='bbox 2609 1635 2636 1685; x_wconf 84' lang='grc' dir='ltr'><strong><em>ὁ</em></strong></span> <span class='ocrx_word' id='word_1_231' title='bbox 2677 1637 2866 1708; x_wconf 83' lang='grc' dir='ltr'><strong>Κύριος</strong></span> <span class='ocrx_word' id='word_1_232' title='bbox 2919 1633 3205 1707; x_wconf 72' lang='grc' dir='ltr'><strong>ἐμακάρισε</strong></span> <span class='ocrx_word' id='word_1_233' title='bbox 3259 1639 3344 1688; x_wconf 85' lang='grc' dir='ltr'><strong>τὸν</strong></span> <span class='ocrx_word' id='word_1_234' title='bbox 3399 1639 3616 1708; x_wconf 80' lang='grc' dir='ltr'><strong>Πέτρον,</strong></span> <span class='ocrx_word' id='word_1_235' title='bbox 3681 1635 3867 1687; x_wconf 76' lang='grc' dir='ltr'><strong>εἰπών·</strong></span> 
     </span>
    </p>
   </div>
   <div class='ocr_carea' id='block_1_34' title="bbox 514 1713 2171 1799">
    <p class='ocr_par' dir='ltr' id='par_1_34' title="bbox 514 1723 2167 1796">
     <span class='ocr_line' id='line_1_34' title="bbox 514 1723 2167 1796; baseline -0.005 -9"><span class='ocrx_word' id='word_1_236' title='bbox 514 1730 599 1788; x_wconf 85' lang='lat' dir='ltr'><strong>vit</strong></span> <span class='ocrx_word' id='word_1_237' title='bbox 627 1729 752 1794; x_wconf 86' lang='lat' dir='ltr'><strong>tibi,</strong></span> <span class='ocrx_word' id='word_1_238' title='bbox 784 1728 888 1785; x_wconf 88' lang='lat' dir='ltr'><strong>sed</strong></span> <span class='ocrx_word' id='word_1_239' title='bbox 917 1729 1096 1785; x_wconf 82' lang='lat' dir='ltr'><strong>Pater</strong></span> <span class='ocrx_word' id='word_1_240' title='bbox 1123 1741 1284 1782; x_wconf 86' lang='lat' dir='ltr'><strong>meus</strong></span> <span class='ocrx_word' id='word_1_241' title='bbox 1309 1726 1548 1782; x_wconf 68' lang='lat' dir='ltr'><strong>caelestis</strong></span> <span class='ocrx_word' id='word_1_242' title='bbox 1573 1727 1641 1780; x_wconf 72' lang='lat'><strong>5°.</strong></span> <span class='ocrx_word' id='word_1_243' title='bbox 1673 1724 1826 1791; x_wconf 86' lang='lat' dir='ltr'><strong>Quin</strong></span> <span class='ocrx_word' id='word_1_244' title='bbox 1876 1741 2070 1796; x_wconf 87' lang='lat' dir='ltr'><strong>neque</strong></span> <span class='ocrx_word' id='word_1_245' title='bbox 2108 1723 2167 1778; x_wconf 89' lang='lat' dir='ltr'><strong>in</strong></span> 
     </span>
    </p>
   </div>
   <div class='ocr_carea' id='block_1_35' title="bbox 2285 1713 3876 1799">
    <p class='ocr_par' dir='ltr' id='par_1_35' title="bbox 2285 1713 3876 1796">
     <span class='ocr_line' id='line_1_35' title="bbox 2285 1713 3876 1796; baseline -0.003 -18"><span class='ocrx_word' id='word_1_246' title='bbox 2285 1725 2608 1796; x_wconf 80' lang='grc' dir='ltr'><strong>Μακάριος</strong></span> <span class='ocrx_word' id='word_1_247' title='bbox 2639 1721 2696 1776; x_wconf 84' lang='grc' dir='ltr'><strong>εἶ</strong></span> <span class='ocrx_word' id='word_1_248' title='bbox 2723 1727 2816 1789; x_wconf 83' lang='grc' dir='ltr'><strong>σύ,</strong></span> <span class='ocrx_word' id='word_1_249' title='bbox 2853 1729 3052 1796; x_wconf 83' lang='grc' dir='ltr'><strong>Σίμων</strong></span> <span class='ocrx_word' id='word_1_250' title='bbox 3084 1728 3205 1796; x_wconf 82' lang='grc' dir='ltr'><strong>Βὰρ</strong></span> <span class='ocrx_word' id='word_1_251' title='bbox 3237 1726 3554 1790; x_wconf 78' lang='grc' dir='ltr'><strong>’1ωνᾶ,ὀτι</strong></span> <span class='ocrx_word' id='word_1_252' title='bbox 3586 1725 3755 1796; x_wconf 77' lang='grc' dir='ltr'><strong>σὰρξ</strong></span> <span class='ocrx_word' id='word_1_253' title='bbox 3783 1713 3876 1774; x_wconf 61' lang='grc' dir='ltr'><strong>καί</strong></span> 
     </span>
    </p>
   </div>
   <div class='ocr_carea' id='block_1_36' title="bbox 515 1813 2164 1891">
    <p class='ocr_par' dir='ltr' id='par_1_36' title="bbox 515 1813 2164 1891">
     <span class='ocr_line' id='line_1_36' title="bbox 515 1813 2164 1891; baseline -0.007 -14"><span class='ocrx_word' id='word_1_254' title='bbox 515 1819 802 1883; x_wconf 86' lang='lat' dir='ltr'><strong>secunda,</strong></span> <span class='ocrx_word' id='word_1_255' title='bbox 856 1834 992 1891; x_wconf 76' lang='lat' dir='ltr'><strong>quae</strong></span> <span class='ocrx_word' id='word_1_256' title='bbox 1051 1817 1251 1884; x_wconf 78' lang='lat' dir='ltr'><strong>fertur,</strong></span> <span class='ocrx_word' id='word_1_257' title='bbox 1307 1831 1502 1887; x_wconf 89' lang='lat' dir='ltr'><strong>neque</strong></span> <span class='ocrx_word' id='word_1_258' title='bbox 1559 1815 1617 1870; x_wconf 88' lang='lat' dir='ltr'><strong>in</strong></span> <span class='ocrx_word' id='word_1_259' title='bbox 1669 1816 1836 1870; x_wconf 90' lang='lat' dir='ltr'><strong>tertia</strong></span> <span class='ocrx_word' id='word_1_260' title='bbox 1897 1813 2164 1876; x_wconf 86' lang='lat' dir='ltr'><strong>Joannis,</strong></span> 
     </span>
    </p>
   </div>
   <div class='ocr_carea' id='block_1_37' title="bbox 515 1903 2168 1980">
    <p class='ocr_par' dir='ltr' id='par_1_37' title="bbox 515 1903 2168 1980">
     <span class='ocr_line' id='line_1_37' title="bbox 515 1903 2168 1980; baseline -0.004 -16"><span class='ocrx_word' id='word_1_261' title='bbox 515 1905 907 1980; x_wconf 77' lang='lat' dir='ltr'><strong>quantumvis</strong></span> <span class='ocrx_word' id='word_1_262' title='bbox 927 1905 1213 1962; x_wconf 86' lang='lat' dir='ltr'><strong>brevibus</strong></span> <span class='ocrx_word' id='word_1_263' title='bbox 1232 1905 1796 1977; x_wconf 77' lang='lat' dir='ltr'><strong>epistolis,Joannes</strong></span> <span class='ocrx_word' id='word_1_264' title='bbox 1813 1903 2168 1958; x_wconf 83' lang='lat' dir='ltr'><strong>nominatim</strong></span> 
     </span>
    </p>
   </div>
   <div class='ocr_carea' id='block_1_38' title="bbox 515 1992 2166 2070">
    <p class='ocr_par' dir='ltr' id='par_1_38' title="bbox 515 1992 2166 2070">
     <span class='ocr_line' id='line_1_38' title="bbox 515 1992 2166 2070; baseline -0.005 -16"><span class='ocrx_word' id='word_1_265' title='bbox 515 1995 921 2070; x_wconf 67' lang='lat' dir='ltr'><strong>praponitur;</strong></span> <span class='ocrx_word' id='word_1_266' title='bbox 943 1995 1069 2056; x_wconf 91' lang='lat' dir='ltr'><strong>sed,</strong></span> <span class='ocrx_word' id='word_1_267' title='bbox 1097 1995 1225 2050; x_wconf 88' lang='lat' dir='ltr'><strong>sine</strong></span> <span class='ocrx_word' id='word_1_268' title='bbox 1248 1995 1582 2065; x_wconf 88' lang='lat' dir='ltr'><strong>adjectione</strong></span> <span class='ocrx_word' id='word_1_269' title='bbox 1607 1993 1888 2059; x_wconf 87' lang='lat' dir='ltr'><strong>nominis,</strong></span> <span class='ocrx_word' id='word_1_270' title='bbox 1920 1992 2166 2064; x_wconf 84' lang='lat' dir='ltr'><strong>presby-</strong></span> 
     </span>
    </p>
   </div>
   <div class='ocr_carea' id='block_1_39' title="bbox 515 2082 2168 2157">
    <p class='ocr_par' dir='ltr' id='par_1_39' title="bbox 515 2082 2168 2157">
     <span class='ocr_line' id='line_1_39' title="bbox 515 2082 2168 2157; baseline -0.005 -13"><span class='ocrx_word' id='word_1_271' title='bbox 515 2091 603 2144; x_wconf 92' lang='lat' dir='ltr'><strong>ter</strong></span> <span class='ocrx_word' id='word_1_272' title='bbox 641 2085 936 2142; x_wconf 83' lang='lat' dir='ltr'><strong>scribitur.</strong></span> <span class='ocrx_word' id='word_1_273' title='bbox 981 2087 1088 2141; x_wconf 85' lang='lat' dir='ltr'><strong>iste</strong></span> <span class='ocrx_word' id='word_1_274' title='bbox 1125 2099 1303 2157; x_wconf 88' lang='lat' dir='ltr'><strong>porro</strong></span> <span class='ocrx_word' id='word_1_275' title='bbox 1343 2099 1463 2138; x_wconf 91' lang='lat' dir='ltr'><strong>non</strong></span> <span class='ocrx_word' id='word_1_276' title='bbox 1497 2084 1640 2140; x_wconf 82' lang='lat' dir='ltr'><strong>satis</strong></span> <span class='ocrx_word' id='word_1_277' title='bbox 1701 2082 1930 2152; x_wconf 82' lang='lat' dir='ltr'><strong>habuit,</strong></span> <span class='ocrx_word' id='word_1_278' title='bbox 1965 2086 2028 2137; x_wconf 90' lang='lat' dir='ltr'><strong>ut</strong></span> <span class='ocrx_word' id='word_1_279' title='bbox 2081 2096 2168 2136; x_wconf 88' lang='lat' dir='ltr'><strong>se-</strong></span> 
     </span>
    </p>
   </div>
   <div class='ocr_carea' id='block_1_40' title="bbox 516 2173 2163 2245">
    <p class='ocr_par' dir='ltr' id='par_1_40' title="bbox 516 2173 2163 2245">
     <span class='ocr_line' id='line_1_40' title="bbox 516 2173 2163 2245; baseline -0.005 -12"><span class='ocrx_word' id='word_1_280' title='bbox 516 2175 637 2233; x_wconf 87' lang='lat' dir='ltr'><strong>mel</strong></span> <span class='ocrx_word' id='word_1_281' title='bbox 681 2175 924 2232; x_wconf 83' lang='lat' dir='ltr'><strong>nomine</strong></span> <span class='ocrx_word' id='word_1_282' title='bbox 964 2189 1072 2230; x_wconf 88' lang='lat' dir='ltr'><strong>suo</strong></span> <span class='ocrx_word' id='word_1_283' title='bbox 1111 2173 1290 2238; x_wconf 89' lang='lat' dir='ltr'><strong>edito,</strong></span> <span class='ocrx_word' id='word_1_284' title='bbox 1333 2173 1764 2245; x_wconf 82' lang='lat' dir='ltr'><strong>consequentia</strong></span> <span class='ocrx_word' id='word_1_285' title='bbox 1797 2175 2163 2243; x_wconf 85' lang='lat' dir='ltr'><strong>exponeret:</strong></span> 
     </span>
    </p>
   </div>
   <div class='ocr_carea' id='block_1_41' title="bbox 517 2259 2167 2334">
    <p class='ocr_par' dir='ltr' id='par_1_41' title="bbox 517 2259 2167 2334">
     <span class='ocr_line' id='line_1_41' title="bbox 517 2259 2167 2334; baseline -0.002 -14"><span class='ocrx_word' id='word_1_286' title='bbox 517 2265 623 2322; x_wconf 88' lang='lat' dir='ltr'><strong>sed</strong></span> <span class='ocrx_word' id='word_1_287' title='bbox 653 2264 712 2320; x_wconf 91' lang='lat' dir='ltr'><strong>id</strong></span> <span class='ocrx_word' id='word_1_288' title='bbox 739 2263 951 2334; x_wconf 87' lang='lat' dir='ltr'><strong>repetit</strong></span> <span class='ocrx_word' id='word_1_289' title='bbox 979 2263 1306 2318; x_wconf 88' lang='lat' dir='ltr'><strong>identidem</strong></span> <span class='ocrx_word' id='word_1_290' title='bbox 1341 2279 1354 2318; x_wconf 93' lang='lat'><strong>:</strong></span> <span class='ocrx_word' id='word_1_291' title='bbox 1389 2263 1515 2334; x_wconf 88' lang='lat' dir='ltr'><strong>Ego</strong></span> <span class='ocrx_word' id='word_1_292' title='bbox 1543 2263 1800 2318; x_wconf 84' lang='lat' dir='ltr'><strong>Joannes</strong></span> <span class='ocrx_word' id='word_1_293' title='bbox 1826 2261 1929 2332; x_wconf 90' lang='lat' dir='ltr'><strong>qui</strong></span> <span class='ocrx_word' id='word_1_294' title='bbox 1963 2259 2085 2316; x_wconf 85' lang='lat' dir='ltr'><strong>vidi</strong></span> <span class='ocrx_word' id='word_1_295' title='bbox 2114 2265 2167 2316; x_wconf 91' lang='lat' dir='ltr'><strong>et</strong></span> 
     </span>
    </p>
   </div>
   <div class='ocr_carea' id='block_1_42' title="bbox 516 2350 2167 2422">
    <p class='ocr_par' dir='ltr' id='par_1_42' title="bbox 516 2350 2167 2422">
     <span class='ocr_line' id='line_1_42' title="bbox 516 2350 2167 2422; baseline -0.005 -10"><span class='ocrx_word' id='word_1_296' title='bbox 516 2353 726 2412; x_wconf 84' lang='lat' dir='ltr'><strong>audivi</strong></span> <span class='ocrx_word' id='word_1_297' title='bbox 751 2355 862 2410; x_wconf 84' lang='lat' dir='ltr'><strong>ista</strong></span> <span class='ocrx_word' id='word_1_298' title='bbox 911 2353 977 2406; x_wconf 69' lang='lat'><strong>‘0.</strong></span> <span class='ocrx_word' id='word_1_299' title='bbox 1007 2374 1034 2402; x_wconf 73' lang='grc' dir='ltr'><strong>«ς</strong></span> <span class='ocrx_word' id='word_1_300' title='bbox 1056 2352 1346 2422; x_wconf 88' lang='lat' dir='ltr'><strong>Deinceps</strong></span> <span class='ocrx_word' id='word_1_301' title='bbox 1377 2351 1620 2418; x_wconf 88' lang='lat' dir='ltr'><strong>indicat,</strong></span> <span class='ocrx_word' id='word_1_302' title='bbox 1652 2351 1897 2407; x_wconf 84' lang='lat' dir='ltr'><strong>Joannis</strong></span> <span class='ocrx_word' id='word_1_303' title='bbox 1921 2350 2167 2421; x_wconf 89' lang='lat' dir='ltr'><strong>quidem</strong></span> 
     </span>
    </p>
   </div>
   <div class='ocr_carea' id='block_1_43' title="bbox 515 2439 2167 2514">
    <p class='ocr_par' dir='ltr' id='par_1_43' title="bbox 515 2439 2167 2514">
     <span class='ocr_line' id='line_1_43' title="bbox 515 2439 2167 2514; baseline -0.004 -14"><span class='ocrx_word' id='word_1_304' title='bbox 515 2459 646 2500; x_wconf 86' lang='lat' dir='ltr'><strong>esse</strong></span> <span class='ocrx_word' id='word_1_305' title='bbox 671 2443 1030 2514; x_wconf 86' lang='lat' dir='ltr'><strong>scripturam</strong></span> <span class='ocrx_word' id='word_1_306' title='bbox 1055 2457 1210 2507; x_wconf 87' lang='lat' dir='ltr'><strong>eam,</strong></span> <span class='ocrx_word' id='word_1_307' title='bbox 1243 2440 1329 2497; x_wconf 86' lang='lat' dir='ltr'><strong>illi</strong></span> <span class='ocrx_word' id='word_1_308' title='bbox 1359 2441 1765 2510; x_wconf 81' lang='lat' dir='ltr'><strong>cognominis,</strong></span> <span class='ocrx_word' id='word_1_309' title='bbox 1795 2440 1902 2495; x_wconf 90' lang='lat' dir='ltr'><strong>sed</strong></span> <span class='ocrx_word' id='word_1_310' title='bbox 1924 2454 2042 2496; x_wconf 90' lang='lat' dir='ltr'><strong>non</strong></span> <span class='ocrx_word' id='word_1_311' title='bbox 2077 2439 2167 2494; x_wconf 93' lang='lat' dir='ltr'><strong>di-</strong></span> 
     </span>
    </p>
   </div>
   <div class='ocr_carea' id='block_1_44' title="bbox 513 2528 2171 2602">
    <p class='ocr_par' dir='ltr' id='par_1_44' title="bbox 513 2528 2171 2602">
     <span class='ocr_line' id='line_1_44' title="bbox 513 2528 2171 2602; baseline -0.005 -11"><span class='ocrx_word' id='word_1_312' title='bbox 513 2532 648 2591; x_wconf 87' lang='lat' dir='ltr'><strong>lecti</strong></span> <span class='ocrx_word' id='word_1_313' title='bbox 690 2531 846 2588; x_wconf 88' lang='lat' dir='ltr'><strong>illius</strong></span> <span class='ocrx_word' id='word_1_314' title='bbox 896 2549 911 2598; x_wconf 90' lang='lat'><strong>;</strong></span> <span class='ocrx_word' id='word_1_315' title='bbox 967 2535 1024 2587; x_wconf 88' lang='lat' dir='ltr'><strong>et</strong></span> <span class='ocrx_word' id='word_1_316' title='bbox 1062 2547 1168 2602; x_wconf 89' lang='lat' dir='ltr'><strong>per</strong></span> <span class='ocrx_word' id='word_1_317' title='bbox 1206 2531 1613 2601; x_wconf 88' lang='lat' dir='ltr'><strong>conjecturam</strong></span> <span class='ocrx_word' id='word_1_318' title='bbox 1658 2544 1790 2586; x_wconf 89' lang='lat' dir='ltr'><strong>esse</strong></span> <span class='ocrx_word' id='word_1_319' title='bbox 1851 2528 2171 2585; x_wconf 85' lang='lat' dir='ltr'><strong>arbitratur</strong></span> 
     </span>
    </p>
   </div>
   <div class='ocr_carea' id='block_1_45' title="bbox 513 2617 2168 2692">
    <p class='ocr_par' dir='ltr' id='par_1_45' title="bbox 513 2617 2168 2692">
     <span class='ocr_line' id='line_1_45' title="bbox 513 2617 2168 2692; baseline -0.004 -14"><span class='ocrx_word' id='word_1_320' title='bbox 513 2622 746 2679; x_wconf 78' lang='lat' dir='ltr'><strong>Asiatici</strong></span> <span class='ocrx_word' id='word_1_321' title='bbox 783 2620 1052 2688; x_wconf 85' lang='lat' dir='ltr'><strong>Joannis,</strong></span> <span class='ocrx_word' id='word_1_322' title='bbox 1084 2621 1187 2692; x_wconf 87' lang='lat' dir='ltr'><strong>qui</strong></span> <span class='ocrx_word' id='word_1_323' title='bbox 1215 2621 1677 2690; x_wconf 81' lang='lat' dir='ltr'><strong>cognominatus</strong></span> <span class='ocrx_word' id='word_1_324' title='bbox 1703 2624 1790 2675; x_wconf 86' lang='lat' dir='ltr'><strong>est</strong></span> <span class='ocrx_word' id='word_1_325' title='bbox 1839 2617 2168 2690; x_wconf 88' lang='lat' dir='ltr'><strong>presbyter,</strong></span> 
     </span>
    </p>
   </div>
   <div class='ocr_carea' id='block_1_46' title="bbox 515 2708 2174 2783">
    <p class='ocr_par' dir='ltr' id='par_1_46' title="bbox 515 2708 2174 2783">
     <span class='ocr_line' id='line_1_46' title="bbox 515 2708 2174 2783; baseline -0.004 -17"><span class='ocrx_word' id='word_1_326' title='bbox 515 2712 592 2768; x_wconf 88' lang='lat' dir='ltr'><strong>de</strong></span> <span class='ocrx_word' id='word_1_327' title='bbox 618 2727 742 2783; x_wconf 89' lang='lat' dir='ltr'><strong>quo</strong></span> <span class='ocrx_word' id='word_1_328' title='bbox 772 2711 938 2782; x_wconf 88' lang='lat' dir='ltr'><strong>prius</strong></span> <span class='ocrx_word' id='word_1_329' title='bbox 970 2709 1252 2775; x_wconf 81' lang='lat' dir='ltr'><strong>diximus,</strong></span> <span class='ocrx_word' id='word_1_330' title='bbox 1286 2709 1560 2766; x_wconf 84' lang='lat' dir='ltr'><strong>videlicet</strong></span> <span class='ocrx_word' id='word_1_331' title='bbox 1607 2709 1773 2780; x_wconf 89' lang='lat' dir='ltr'><strong>quod</strong></span> <span class='ocrx_word' id='word_1_332' title='bbox 1811 2708 1934 2764; x_wconf 90' lang='lat' dir='ltr'><strong>duo</strong></span> <span class='ocrx_word' id='word_1_333' title='bbox 1967 2723 2174 2762; x_wconf 87' lang='lat' dir='ltr'><strong>monu-</strong></span> 
     </span>
    </p>
   </div>
   <div class='ocr_carea' id='block_1_47' title="bbox 513 2798 2179 2870">
    <p class='ocr_par' dir='ltr' id='par_1_47' title="bbox 513 2798 2179 2870">
     <span class='ocr_line' id='line_1_47' title="bbox 513 2798 2179 2870; baseline -0.004 -13"><span class='ocrx_word' id='word_1_334' title='bbox 513 2799 908 2864; x_wconf 88' lang='lat' dir='ltr'><strong>menta,idem</strong></span> <span class='ocrx_word' id='word_1_335' title='bbox 933 2799 1178 2855; x_wconf 87' lang='lat' dir='ltr'><strong>Joannis</strong></span> <span class='ocrx_word' id='word_1_336' title='bbox 1207 2815 1426 2854; x_wconf 89' lang='lat' dir='ltr'><strong>nomen</strong></span> <span class='ocrx_word' id='word_1_337' title='bbox 1447 2799 1754 2863; x_wconf 88' lang='lat' dir='ltr'><strong>habentia,</strong></span> <span class='ocrx_word' id='word_1_338' title='bbox 1771 2798 1988 2870; x_wconf 87' lang='lat' dir='ltr'><strong>Ephesi</strong></span> <span class='ocrx_word' id='word_1_339' title='bbox 2005 2809 2179 2852; x_wconf 88' lang='lat' dir='ltr'><strong>mon-</strong></span> 
     </span>
    </p>
   </div>
   <div class='ocr_carea' id='block_1_48' title="bbox 519 2887 2175 2962">
    <p class='ocr_par' dir='ltr' id='par_1_48' title="bbox 519 2887 2175 2962">
     <span class='ocr_line' id='line_1_48' title="bbox 519 2887 2175 2962; baseline -0.001 -16"><span class='ocrx_word' id='word_1_340' title='bbox 519 2893 798 2947; x_wconf 78' lang='lat' dir='ltr'><strong>strentur.</strong></span> <span class='ocrx_word' id='word_1_341' title='bbox 853 2887 1066 2946; x_wconf 71' lang='lat' dir='ltr'><strong>«Multi</strong></span> <span class='ocrx_word' id='word_1_342' title='bbox 1101 2888 1285 2957; x_wconf 88' lang='lat' dir='ltr'><strong>enim,</strong></span> <span class='ocrx_word' id='word_1_343' title='bbox 1345 2889 1556 2962; x_wconf 88' lang='lat' dir='ltr'><strong>inquit,</strong></span> <span class='ocrx_word' id='word_1_344' title='bbox 1609 2893 1852 2959; x_wconf 89' lang='lat' dir='ltr'><strong>propter</strong></span> <span class='ocrx_word' id='word_1_345' title='bbox 1901 2905 2073 2944; x_wconf 88' lang='lat' dir='ltr'><strong>suam</strong></span> <span class='ocrx_word' id='word_1_346' title='bbox 2115 2890 2175 2944; x_wconf 90' lang='lat' dir='ltr'><strong>in</strong></span> 
     </span>
    </p>
   </div>
   <div class='ocr_carea' id='block_1_49' title="bbox 518 2977 2176 3052">
    <p class='ocr_par' dir='ltr' id='par_1_49' title="bbox 518 2977 2176 3052">
     <span class='ocr_line' id='line_1_49' title="bbox 518 2977 2176 3052; baseline -0.001 -16"><span class='ocrx_word' id='word_1_347' title='bbox 518 2978 792 3052; x_wconf 89' lang='lat' dir='ltr'><strong>apotolos</strong></span> <span class='ocrx_word' id='word_1_348' title='bbox 843 2977 1306 3050; x_wconf 88' lang='lat' dir='ltr'><strong>propensionem</strong></span> <span class='ocrx_word' id='word_1_349' title='bbox 1373 2984 1430 3033; x_wconf 87' lang='lat' dir='ltr'><strong>et</strong></span> <span class='ocrx_word' id='word_1_350' title='bbox 1474 2977 1873 3043; x_wconf 77' lang='lat' dir='ltr'><strong>affectionem,</strong></span> <span class='ocrx_word' id='word_1_351' title='bbox 1929 2979 2176 3034; x_wconf 89' lang='lat' dir='ltr'><strong>nomina</strong></span> 
     </span>
    </p>
   </div>
   <div class='ocr_carea' id='block_1_50' title="bbox 517 3067 1618 3140">
    <p class='ocr_par' dir='ltr' id='par_1_50' title="bbox 517 3067 1618 3140">
     <span class='ocr_line' id='line_1_50' title="bbox 517 3067 1618 3140; baseline -0.005 -15"><span class='ocrx_word' id='word_1_352' title='bbox 517 3082 726 3126; x_wconf 86' lang='lat' dir='ltr'><strong>eorum</strong></span> <span class='ocrx_word' id='word_1_353' title='bbox 754 3067 956 3124; x_wconf 89' lang='lat' dir='ltr'><strong>liberis</strong></span> <span class='ocrx_word' id='word_1_354' title='bbox 987 3068 1110 3124; x_wconf 89' lang='lat' dir='ltr'><strong>suis</strong></span> <span class='ocrx_word' id='word_1_355' title='bbox 1141 3067 1552 3140; x_wconf 86' lang='lat' dir='ltr'><strong>imponebant.</strong></span> <span class='ocrx_word' id='word_1_356' title='bbox 1589 3089 1618 3120; x_wconf 82' lang='lat'><strong>»</strong></span> 
     </span>
    </p>
   </div>
   <div class='ocr_carea' id='block_1_51' title="bbox 1114 3191 1576 3250">
    <p class='ocr_par' dir='ltr' id='par_1_51' title="bbox 1114 3191 1576 3250">
     <span class='ocr_line' id='line_1_51' title="bbox 1114 3191 1576 3250; baseline -0.006 -2"><span class='ocrx_word' id='word_1_357' title='bbox 1114 3193 1340 3250; x_wconf 80' lang='lat' dir='ltr'><strong>CAPUT</strong></span> <span class='ocrx_word' id='word_1_358' title='bbox 1383 3191 1576 3248; x_wconf 81' lang='lat' dir='ltr'><strong>XXIII.</strong></span> 
     </span>
    </p>
   </div>
   <div class='ocr_carea' id='block_1_52' title="bbox 523 3299 2170 3370">
    <p class='ocr_par' dir='ltr' id='par_1_52' title="bbox 523 3299 2170 3370">
     <span class='ocr_line' id='line_1_52' title="bbox 523 3299 2170 3370; baseline 0 -14"><span class='ocrx_word' id='word_1_359' title='bbox 523 3299 751 3370; x_wconf 80' lang='lat' dir='ltr'><strong>Quibus</strong></span> <span class='ocrx_word' id='word_1_360' title='bbox 777 3299 1108 3356; x_wconf 81' lang='lat' dir='ltr'><strong>rationibus</strong></span> <span class='ocrx_word' id='word_1_361' title='bbox 1135 3299 1292 3356; x_wconf 85' lang='lat' dir='ltr'><strong>idem</strong></span> <span class='ocrx_word' id='word_1_362' title='bbox 1321 3305 1563 3363; x_wconf 82' lang='lat' dir='ltr'><strong>asserat,</strong></span> <span class='ocrx_word' id='word_1_363' title='bbox 1589 3301 2014 3370; x_wconf 78' lang='lat' dir='ltr'><strong>Apocalypsim</strong></span> <span class='ocrx_word' id='word_1_364' title='bbox 2051 3316 2170 3356; x_wconf 87' lang='lat' dir='ltr'><strong>non</strong></span> 
     </span>
    </p>
   </div>
   <div class='ocr_carea' id='block_1_53' title="bbox 587 3370 2170 3443">
    <p class='ocr_par' dir='ltr' id='par_1_53' title="bbox 587 3370 2170 3443">
     <span class='ocr_line' id='line_1_53' title="bbox 587 3370 2170 3443; baseline 0.001 -15"><span class='ocrx_word' id='word_1_365' title='bbox 587 3370 834 3429; x_wconf 80' lang='lat' dir='ltr'><strong>Joannis</strong></span> <span class='ocrx_word' id='word_1_366' title='bbox 849 3372 1349 3443; x_wconf 63' lang='lat' dir='ltr'><strong>evangelistz,sed</strong></span> <span class='ocrx_word' id='word_1_367' title='bbox 1359 3372 1603 3430; x_wconf 81' lang='lat' dir='ltr'><strong>alterius</strong></span> <span class='ocrx_word' id='word_1_368' title='bbox 1617 3371 1920 3442; x_wconf 82' lang='lat' dir='ltr'><strong>cujusdam</strong></span> <span class='ocrx_word' id='word_1_369' title='bbox 1935 3373 2170 3430; x_wconf 81' lang='lat' dir='ltr'><strong>Joannis</strong></span> 
     </span>
    </p>
   </div>
   <div class='ocr_carea' id='block_1_54' title="bbox 591 3459 732 3501">
    <p class='ocr_par' dir='ltr' id='par_1_54' title="bbox 591 3459 732 3501">
     <span class='ocr_line' id='line_1_54' title="bbox 591 3459 732 3501; baseline -0.014 0"><span class='ocrx_word' id='word_1_370' title='bbox 591 3459 732 3501; x_wconf 71' lang='lat'><strong><em>€888.</em></strong></span> 
     </span>
    </p>
   </div>
   <div class='ocr_carea' id='block_1_55' title="bbox 590 3568 2173 3642">
    <p class='ocr_par' dir='ltr' id='par_1_55' title="bbox 590 3568 2173 3642">
     <span class='ocr_line' id='line_1_55' title="bbox 590 3568 2173 3642; baseline 0.001 -17"><span class='ocrx_word' id='word_1_371' title='bbox 590 3568 862 3626; x_wconf 88' lang='lat' dir='ltr'><strong>Ostendit</strong></span> <span class='ocrx_word' id='word_1_372' title='bbox 889 3583 1132 3642; x_wconf 88' lang='lat' dir='ltr'><strong>quoque</strong></span> <span class='ocrx_word' id='word_1_373' title='bbox 1153 3584 1226 3625; x_wconf 84' lang='lat' dir='ltr'><strong>ex</strong></span> <span class='ocrx_word' id='word_1_374' title='bbox 1248 3569 1682 3641; x_wconf 86' lang='lat' dir='ltr'><strong>compositione</strong></span> <span class='ocrx_word' id='word_1_375' title='bbox 1709 3568 2008 3637; x_wconf 88' lang='lat' dir='ltr'><strong>dictionis,</strong></span> <span class='ocrx_word' id='word_1_376' title='bbox 2037 3585 2173 3626; x_wconf 88' lang='lat' dir='ltr'><strong>sen-</strong></span> 
     </span>
    </p>
   </div>
   <div class='ocr_carea' id='block_1_56' title="bbox 523 3656 2172 3732">
    <p class='ocr_par' dir='ltr' id='par_1_56' title="bbox 523 3656 2172 3732">
     <span class='ocr_line' id='line_1_56' title="bbox 523 3656 2172 3732; baseline 0.001 -18"><span class='ocrx_word' id='word_1_377' title='bbox 523 3656 743 3722; x_wconf 85' lang='lat' dir='ltr'><strong>tentiis,</strong></span> <span class='ocrx_word' id='word_1_378' title='bbox 771 3661 829 3714; x_wconf 89' lang='lat' dir='ltr'><strong>et</strong></span> <span class='ocrx_word' id='word_1_379' title='bbox 858 3657 1054 3714; x_wconf 87' lang='lat' dir='ltr'><strong>verbis</strong></span> <span class='ocrx_word' id='word_1_380' title='bbox 1085 3657 1246 3729; x_wconf 87' lang='lat' dir='ltr'><strong>ipsis,</strong></span> <span class='ocrx_word' id='word_1_381' title='bbox 1272 3658 1460 3714; x_wconf 90' lang='lat' dir='ltr'><strong>alium</strong></span> <span class='ocrx_word' id='word_1_382' title='bbox 1489 3674 1640 3726; x_wconf 90' lang='lat' dir='ltr'><strong>esse,</strong></span> <span class='ocrx_word' id='word_1_383' title='bbox 1668 3675 1850 3732; x_wconf 81' lang='lat' dir='ltr'><strong>quam</strong></span> <span class='ocrx_word' id='word_1_384' title='bbox 1879 3660 2172 3718; x_wconf 87' lang='lat' dir='ltr'><strong>Joannem</strong></span> 
     </span>
    </p>
   </div>
   <div class='ocr_carea' id='block_1_57' title="bbox 519 3745 2166 3817">
    <p class='ocr_par' dir='ltr' id='par_1_57' title="bbox 519 3745 2166 3817">
     <span class='ocr_line' id='line_1_57' title="bbox 519 3745 2166 3817; baseline 0.001 -15"><span class='ocrx_word' id='word_1_385' title='bbox 519 3745 973 3816; x_wconf 83' lang='lat' dir='ltr'><strong>evangelistam,</strong></span> <span class='ocrx_word' id='word_1_386' title='bbox 1015 3747 1146 3817; x_wconf 87' lang='lat' dir='ltr'><strong>ejus</strong></span> <span class='ocrx_word' id='word_1_387' title='bbox 1184 3746 1320 3805; x_wconf 88' lang='lat' dir='ltr'><strong>libri</strong></span> <span class='ocrx_word' id='word_1_388' title='bbox 1368 3751 1694 3811; x_wconf 88' lang='lat' dir='ltr'><strong>auctorem,</strong></span> <span class='ocrx_word' id='word_1_389' title='bbox 1728 3748 1812 3804; x_wconf 89' lang='lat' dir='ltr'><strong>ita</strong></span> <span class='ocrx_word' id='word_1_390' title='bbox 1861 3749 2122 3804; x_wconf 89' lang='lat' dir='ltr'><strong>scribens</strong></span> <span class='ocrx_word' id='word_1_391' title='bbox 2155 3765 2166 3804; x_wconf 95' lang='lat'>:</span> 
     </span>
    </p>
   </div>
   <div class='ocr_carea' id='block_1_58' title="bbox 521 3836 2172 3910">
    <p class='ocr_par' dir='ltr' id='par_1_58' title="bbox 521 3836 2172 3910">
     <span class='ocr_line' id='line_1_58' title="bbox 521 3836 2172 3910; baseline 0.004 -22"><span class='ocrx_word' id='word_1_392' title='bbox 521 3857 551 3888; x_wconf 75' lang='grc' dir='ltr'><strong>ι(</strong></span> <span class='ocrx_word' id='word_1_393' title='bbox 567 3838 844 3894; x_wconf 87' lang='lat' dir='ltr'><strong>Consona</strong></span> <span class='ocrx_word' id='word_1_394' title='bbox 859 3836 1021 3893; x_wconf 89' lang='lat' dir='ltr'><strong>enim</strong></span> <span class='ocrx_word' id='word_1_395' title='bbox 1057 3836 1168 3893; x_wconf 89' lang='lat' dir='ltr'><strong>sibi</strong></span> <span class='ocrx_word' id='word_1_396' title='bbox 1195 3837 1344 3908; x_wconf 88' lang='lat' dir='ltr'><strong>ipsis</strong></span> <span class='ocrx_word' id='word_1_397' title='bbox 1365 3842 1504 3893; x_wconf 88' lang='lat' dir='ltr'><strong>sunt</strong></span> <span class='ocrx_word' id='word_1_398' title='bbox 1545 3837 1930 3908; x_wconf 81' lang='lat' dir='ltr'><strong>Evangelium</strong></span> <span class='ocrx_word' id='word_1_399' title='bbox 1966 3839 2172 3910; x_wconf 87' lang='lat' dir='ltr'><strong>etEpi-</strong></span> 
     </span>
    </p>
   </div>
   <div class='ocr_carea' id='block_1_59' title="bbox 522 3925 2173 3999">
    <p class='ocr_par' dir='ltr' id='par_1_59' title="bbox 522 3925 2173 3999">
     <span class='ocr_line' id='line_1_59' title="bbox 522 3925 2173 3999; baseline 0.002 -17"><span class='ocrx_word' id='word_1_400' title='bbox 522 3925 696 3995; x_wconf 75' lang='lat' dir='ltr'><strong>stola,</strong></span> <span class='ocrx_word' id='word_1_401' title='bbox 725 3925 898 3999; x_wconf 65' lang='grc'><strong>417</strong></span> <span class='ocrx_word' id='word_1_402' title='bbox 942 3931 998 3982; x_wconf 89' lang='lat' dir='ltr'><strong>et</strong></span> <span class='ocrx_word' id='word_1_403' title='bbox 1035 3925 1228 3982; x_wconf 89' lang='lat' dir='ltr'><strong>simile</strong></span> <span class='ocrx_word' id='word_1_404' title='bbox 1257 3925 1484 3983; x_wconf 89' lang='lat' dir='ltr'><strong>habent</strong></span> <span class='ocrx_word' id='word_1_405' title='bbox 1529 3925 1786 3984; x_wconf 84' lang='lat' dir='ltr'><strong>initium.</strong></span> <span class='ocrx_word' id='word_1_406' title='bbox 1837 3929 1980 3985; x_wconf 90' lang='lat' dir='ltr'><strong>Illud</strong></span> <span class='ocrx_word' id='word_1_407' title='bbox 2013 3929 2173 3985; x_wconf 89' lang='lat' dir='ltr'><strong>enim</strong></span> 
     </span>
    </p>
   </div>
   <div class='ocr_carea' id='block_1_60' title="bbox 521 4015 2174 4086">
    <p class='ocr_par' dir='ltr' id='par_1_60' title="bbox 521 4015 2174 4086">
     <span class='ocr_line' id='line_1_60' title="bbox 521 4015 2174 4086; baseline 0.001 -13"><span class='ocrx_word' id='word_1_408' title='bbox 521 4015 680 4073; x_wconf 85' lang='lat' dir='ltr'><strong>dicit.</strong></span> <span class='ocrx_word' id='word_1_409' title='bbox 703 4015 774 4071; x_wconf 89' lang='lat' dir='ltr'><strong>In</strong></span> <span class='ocrx_word' id='word_1_410' title='bbox 795 4016 1095 4086; x_wconf 81' lang='lat' dir='ltr'><strong>principio</strong></span> <span class='ocrx_word' id='word_1_411' title='bbox 1117 4023 1242 4072; x_wconf 84' lang='lat' dir='ltr'><strong>erat</strong></span> <span class='ocrx_word' id='word_1_412' title='bbox 1267 4015 1511 4074; x_wconf 84' lang='lat' dir='ltr'><strong>Verbum</strong></span> <span class='ocrx_word' id='word_1_413' title='bbox 1541 4038 1562 4074; x_wconf 89' lang='lat'><strong><em>:</em></strong></span> <span class='ocrx_word' id='word_1_414' title='bbox 1590 4017 1718 4074; x_wconf 75' lang='lat' dir='ltr'><strong>haec</strong></span> <span class='ocrx_word' id='word_1_415' title='bbox 1740 4023 1940 4074; x_wconf 85' lang='lat' dir='ltr'><strong>autem</strong></span> <span class='ocrx_word' id='word_1_416' title='bbox 1961 4019 2174 4074; x_wconf 88' lang='lat' dir='ltr'><strong>eadem</strong></span> 
     </span>
    </p>
   </div>
   <div class='ocr_carea' id='block_1_61' title="bbox 525 4104 2174 4180">
    <p class='ocr_par' dir='ltr' id='par_1_61' title="bbox 525 4104 2174 4180">
     <span class='ocr_line' id='line_1_61' title="bbox 525 4104 2174 4180; baseline 0.001 -18"><span class='ocrx_word' id='word_1_417' title='bbox 525 4104 856 4179; x_wconf 86' lang='lat' dir='ltr'><strong>pauxillum</strong></span> <span class='ocrx_word' id='word_1_418' title='bbox 878 4110 1140 4162; x_wconf 89' lang='lat' dir='ltr'><strong>mutata:</strong></span> <span class='ocrx_word' id='word_1_419' title='bbox 1171 4107 1340 4174; x_wconf 84' lang='lat' dir='ltr'><strong>Quod</strong></span> <span class='ocrx_word' id='word_1_420' title='bbox 1358 4107 1719 4172; x_wconf 86' lang='lat' dir='ltr'><strong>audivimus,</strong></span> <span class='ocrx_word' id='word_1_421' title='bbox 1739 4108 1896 4180; x_wconf 86' lang='lat' dir='ltr'><strong>quod</strong></span> <span class='ocrx_word' id='word_1_422' title='bbox 1921 4109 2174 4166; x_wconf 85' lang='lat' dir='ltr'><strong>vid-imus</strong></span> 
     </span>
    </p>
   </div>
   <div class='ocr_carea' id='block_1_62' title="bbox 525 4194 2176 4260">
    <p class='ocr_par' dir='ltr' id='par_1_62' title="bbox 525 4194 2176 4260">
     <span class='ocr_line' id='line_1_62' title="bbox 525 4194 2176 4260; baseline 0.002 -9"><span class='ocrx_word' id='word_1_423' title='bbox 525 4194 714 4251; x_wconf 81' lang='lat' dir='ltr'><strong>oculis</strong></span> <span class='ocrx_word' id='word_1_424' title='bbox 735 4195 974 4260; x_wconf 85' lang='lat' dir='ltr'><strong>nostris,</strong></span> <span class='ocrx_word' id='word_1_425' title='bbox 1003 4203 1054 4252; x_wconf 81' lang='lat' dir='ltr'><strong>et</strong></span> <span class='ocrx_word' id='word_1_426' title='bbox 1083 4210 1296 4252; x_wconf 88' lang='lat' dir='ltr'><strong>manus</strong></span> <span class='ocrx_word' id='word_1_427' title='bbox 1337 4203 1558 4252; x_wconf 67' lang='lat' dir='ltr'><strong>nostrae</strong></span> <span class='ocrx_word' id='word_1_428' title='bbox 1614 4203 2064 4254; x_wconf 76' lang='lat' dir='ltr'><strong>contractarum</strong></span> <span class='ocrx_word' id='word_1_429' title='bbox 2102 4197 2176 4255; x_wconf 90' lang='lat' dir='ltr'><strong>de</strong></span> 
     </span>
    </p>
   </div>
   <div class='ocr_carea' id='block_1_63' title="bbox 538 4282 2173 4356">
    <p class='ocr_par' dir='ltr' id='par_1_63' title="bbox 538 4282 2173 4356">
     <span class='ocr_line' id='line_1_63' title="bbox 538 4282 2173 4356; baseline 0.002 -16"><span class='ocrx_word' id='word_1_430' title='bbox 538 4282 722 4340; x_wconf 89' lang='lat' dir='ltr'><strong>Verbo</strong></span> <span class='ocrx_word' id='word_1_431' title='bbox 753 4283 904 4348; x_wconf 60' lang='lat' dir='ltr'><strong>vita,</strong></span> <span class='ocrx_word' id='word_1_432' title='bbox 959 4288 1012 4341; x_wconf 80' lang='lat' dir='ltr'><strong>et</strong></span> <span class='ocrx_word' id='word_1_433' title='bbox 1038 4285 1162 4341; x_wconf 83' lang='lat' dir='ltr'><strong>vita</strong></span> <span class='ocrx_word' id='word_1_434' title='bbox 1191 4285 1578 4356; x_wconf 83' lang='lat' dir='ltr'><strong>manifestata</strong></span> <span class='ocrx_word' id='word_1_435' title='bbox 1623 4293 1706 4344; x_wconf 82' lang='lat' dir='ltr'><strong>est</strong></span> <span class='ocrx_word' id='word_1_436' title='bbox 1739 4288 1806 4341; x_wconf 70' lang='grc'><strong>⁸1.</strong></span> <span class='ocrx_word' id='word_1_437' title='bbox 1853 4289 1983 4342; x_wconf 81' lang='lat' dir='ltr'><strong>Haec</strong></span> <span class='ocrx_word' id='word_1_438' title='bbox 2015 4289 2173 4343; x_wconf 88' lang='lat' dir='ltr'><strong>enim</strong></span> 
     </span>
    </p>
   </div>
   <div class='ocr_carea' id='block_1_64' title="bbox 524 4371 2174 4446">
    <p class='ocr_par' dir='ltr' id='par_1_64' title="bbox 524 4371 2174 4446">
     <span class='ocr_line' id='line_1_64' title="bbox 524 4371 2174 4446; baseline 0.002 -18"><span class='ocrx_word' id='word_1_439' title='bbox 524 4371 711 4429; x_wconf 88' lang='lat' dir='ltr'><strong>verba</strong></span> <span class='ocrx_word' id='word_1_440' title='bbox 753 4371 930 4428; x_wconf 88' lang='lat' dir='ltr'><strong>veluti</strong></span> <span class='ocrx_word' id='word_1_441' title='bbox 953 4372 1291 4444; x_wconf 77' lang='lat' dir='ltr'><strong>praeludeus</strong></span> <span class='ocrx_word' id='word_1_442' title='bbox 1319 4375 1638 4446; x_wconf 79' lang='lat' dir='ltr'><strong>praemittit,</strong></span> <span class='ocrx_word' id='word_1_443' title='bbox 1668 4380 1873 4432; x_wconf 89' lang='lat' dir='ltr'><strong>contra</strong></span> <span class='ocrx_word' id='word_1_444' title='bbox 1902 4391 2006 4432; x_wconf 88' lang='lat' dir='ltr'><strong>eos</strong></span> <span class='ocrx_word' id='word_1_445' title='bbox 2037 4393 2174 4432; x_wconf 89' lang='lat' dir='ltr'><strong>con-</strong></span> 
     </span>
    </p>
   </div>
   <div class='ocr_carea' id='block_1_65' title="bbox 2279 1813 3874 1884">
    <p class='ocr_par' dir='ltr' id='par_1_65' title="bbox 2279 1813 3874 1884">
     <span class='ocr_line' id='line_1_65' title="bbox 2279 1813 3874 1884; baseline -0.001 -18"><span class='ocrx_word' id='word_1_446' title='bbox 2279 1816 2437 1884; x_wconf 88' lang='grc' dir='ltr'><strong>αἱμα</strong></span> <span class='ocrx_word' id='word_1_447' title='bbox 2475 1813 2586 1866; x_wconf 74' lang='grc' dir='ltr'><strong>οὐκ</strong></span> <span class='ocrx_word' id='word_1_448' title='bbox 2625 1813 3003 1884; x_wconf 81' lang='grc' dir='ltr'><strong>ἀπεκάλυψέ</strong></span> <span class='ocrx_word' id='word_1_449' title='bbox 3043 1835 3166 1879; x_wconf 88' lang='grc' dir='ltr'><strong>σοι,</strong></span> <span class='ocrx_word' id='word_1_450' title='bbox 3197 1813 3325 1866; x_wconf 77' lang='grc' dir='ltr'><strong>ἀλλ’</strong></span> <span class='ocrx_word' id='word_1_451' title='bbox 3367 1815 3392 1866; x_wconf 87' lang='grc' dir='ltr'><em>ὁ</em></span> <span class='ocrx_word' id='word_1_452' title='bbox 3437 1819 3666 1882; x_wconf 64' lang='grc' dir='ltr'><strong>[ἰατὴρ</strong></span> <span class='ocrx_word' id='word_1_453' title='bbox 3711 1815 3874 1884; x_wconf 70' lang='grc' dir='ltr'><strong>μουό</strong></span> 
     </span>
    </p>
   </div>
   <div class='ocr_carea' id='block_1_66' title="bbox 2278 1900 3876 1977">
    <p class='ocr_par' dir='ltr' id='par_1_66' title="bbox 2278 1900 3876 1977">
     <span class='ocr_line' id='line_1_66' title="bbox 2278 1900 3876 1977; baseline -0.001 -22"><span class='ocrx_word' id='word_1_454' title='bbox 2278 1903 2602 1975; x_wconf 70' lang='grc' dir='ltr'><strong>οὐράνιος.</strong></span> <span class='ocrx_word' id='word_1_455' title='bbox 2653 1901 2786 1955; x_wconf 71' lang='grc' dir='ltr'><strong>Ἀλλ’</strong></span> <span class='ocrx_word' id='word_1_456' title='bbox 2837 1901 3040 1956; x_wconf 74' lang='grc' dir='ltr'><strong>οὐδὲὲν</strong></span> <span class='ocrx_word' id='word_1_457' title='bbox 3095 1912 3157 1977; x_wconf 72' lang='grc' dir='ltr'><strong>τῇ</strong></span> <span class='ocrx_word' id='word_1_458' title='bbox 3211 1900 3430 1976; x_wconf 77' lang='grc' dir='ltr'><strong>δευτέρα</strong></span> <span class='ocrx_word' id='word_1_459' title='bbox 3487 1908 3746 1977; x_wconf 70' lang='grc' dir='ltr'><strong>φερομένῃ</strong></span> <span class='ocrx_word' id='word_1_460' title='bbox 3800 1909 3876 1954; x_wconf 73' lang='grc' dir='ltr'><strong>καί</strong></span> 
     </span>
    </p>
   </div>
   <div class='ocr_carea' id='block_1_67' title="bbox 2277 1991 3874 2066">
    <p class='ocr_par' dir='ltr' id='par_1_67' title="bbox 2277 1991 3874 2066">
     <span class='ocr_line' id='line_1_67' title="bbox 2277 1991 3874 2066; baseline -0.001 -21"><span class='ocrx_word' id='word_1_461' title='bbox 2277 1998 2425 2066; x_wconf 75' lang='grc' dir='ltr'><strong>τρίτη</strong></span> <span class='ocrx_word' id='word_1_462' title='bbox 2455 1991 2716 2058; x_wconf 85' lang='grc' dir='ltr'><strong>Ἰωάννου,</strong></span> <span class='ocrx_word' id='word_1_463' title='bbox 2765 1997 2939 2045; x_wconf 87' lang='grc' dir='ltr'><strong>καίτοι</strong></span> <span class='ocrx_word' id='word_1_464' title='bbox 2987 1991 3268 2066; x_wconf 81' lang='grc' dir='ltr'><strong>βραχείαις</strong></span> <span class='ocrx_word' id='word_1_465' title='bbox 3325 1996 3510 2055; x_wconf 74' lang='grc' dir='ltr'><strong>οὔσαις</strong></span> <span class='ocrx_word' id='word_1_466' title='bbox 3561 1991 3874 2054; x_wconf 78' lang='grc' dir='ltr'><strong>ἐπιστολαῖς.</strong></span> 
     </span>
    </p>
   </div>
   <div class='ocr_carea' id='block_1_68' title="bbox 2279 2067 3878 2155">
    <p class='ocr_par' dir='ltr' id='par_1_68' title="bbox 2279 2067 3878 2155">
     <span class='ocr_line' id='line_1_68' title="bbox 2279 2067 3878 2155; baseline -0.003 -18"><span class='ocrx_word' id='word_1_467' title='bbox 2279 2067 2520 2143; x_wconf 85' lang='grc' dir='ltr'><strong>Ἰωάννης</strong></span> <span class='ocrx_word' id='word_1_468' title='bbox 2584 2083 2837 2155; x_wconf 85' lang='grc' dir='ltr'><strong>ὀνομαστὶ</strong></span> <span class='ocrx_word' id='word_1_469' title='bbox 2907 2087 3181 2153; x_wconf 82' lang='grc' dir='ltr'><strong>πρόκειται</strong></span> <span class='ocrx_word' id='word_1_470' title='bbox 3207 2099 3222 2114; x_wconf 87' lang='grc'><strong>·</strong></span> <span class='ocrx_word' id='word_1_471' title='bbox 3303 2082 3410 2134; x_wconf 78' lang='grc' dir='ltr'><strong>ἀλλ’</strong></span> <span class='ocrx_word' id='word_1_472' title='bbox 3494 2082 3789 2153; x_wconf 72' lang='grc' dir='ltr'><strong>ἀνωτύμως</strong></span> <span class='ocrx_word' id='word_1_473' title='bbox 3857 2084 3878 2132; x_wconf 69' lang='grc' dir='ltr'><strong><em>ἁ</em></strong></span> 
     </span>
    </p>
   </div>
   <div class='ocr_carea' id='block_1_69' title="bbox 2273 2169 3880 2246">
    <p class='ocr_par' dir='ltr' id='par_1_69' title="bbox 2273 2169 3880 2246">
     <span class='ocr_line' id='line_1_69' title="bbox 2273 2169 3880 2246; baseline -0.003 -18"><span class='ocrx_word' id='word_1_474' title='bbox 2273 2171 2626 2246; x_wconf 80' lang='grc' dir='ltr'><strong>πρεσϐύτερος</strong></span> <span class='ocrx_word' id='word_1_475' title='bbox 2665 2177 2978 2244; x_wconf 82' lang='grc' dir='ltr'><strong>γέγραπται.</strong></span> <span class='ocrx_word' id='word_1_476' title='bbox 3033 2172 3196 2232; x_wconf 74' lang='grc' dir='ltr'><strong>Οὗτος</strong></span> <span class='ocrx_word' id='word_1_477' title='bbox 3251 2169 3312 2225; x_wconf 80' lang='grc' dir='ltr'><strong>δέ</strong></span> <span class='ocrx_word' id='word_1_478' title='bbox 3360 2191 3420 2242; x_wconf 86' lang='grc' dir='ltr'><strong>γε</strong></span> <span class='ocrx_word' id='word_1_479' title='bbox 3449 2169 3576 2224; x_wconf 69' lang='grc' dir='ltr'><strong>οὐδὲ</strong></span> <span class='ocrx_word' id='word_1_480' title='bbox 3633 2176 3880 2246; x_wconf 70' lang='grc' dir='ltr'><strong>αὔταρκες</strong></span> 
     </span>
    </p>
   </div>
   <div class='ocr_carea' id='block_1_70' title="bbox 2274 2259 3876 2333">
    <p class='ocr_par' dir='ltr' id='par_1_70' title="bbox 2274 2259 3876 2333">
     <span class='ocr_line' id='line_1_70' title="bbox 2274 2259 3876 2333; baseline -0.002 -18"><span class='ocrx_word' id='word_1_481' title='bbox 2274 2261 2506 2333; x_wconf 72' lang='grc' dir='ltr'><strong>ἐνόμισεν</strong></span> <span class='ocrx_word' id='word_1_482' title='bbox 2572 2261 2795 2324; x_wconf 81' lang='grc' dir='ltr'><strong>εἰσάπαξ</strong></span> <span class='ocrx_word' id='word_1_483' title='bbox 2865 2261 3042 2314; x_wconf 85' lang='grc' dir='ltr'><strong>ἑαυτὸν</strong></span> <span class='ocrx_word' id='word_1_484' title='bbox 3109 2261 3375 2332; x_wconf 82' lang='grc' dir='ltr'><strong>ὀνομάσας</strong></span> <span class='ocrx_word' id='word_1_485' title='bbox 3439 2259 3760 2331; x_wconf 71' lang='grc' dir='ltr'><strong>διηγεῖσθαι</strong></span> <span class='ocrx_word' id='word_1_486' title='bbox 3817 2265 3876 2312; x_wconf 67' lang='grc' dir='ltr'><strong>τὰ</strong></span> 
     </span>
    </p>
   </div>
   <div class='ocr_carea' id='block_1_71' title="bbox 2278 2351 3880 2422">
    <p class='ocr_par' dir='ltr' id='par_1_71' title="bbox 2278 2351 3880 2422">
     <span class='ocr_line' id='line_1_71' title="bbox 2278 2351 3880 2422; baseline -0.002 -17"><span class='ocrx_word' id='word_1_487' title='bbox 2278 2352 2411 2414; x_wconf 85' lang='grc' dir='ltr'><strong>ἑξῆς,</strong></span> <span class='ocrx_word' id='word_1_488' title='bbox 2471 2351 2597 2404; x_wconf 80' lang='grc' dir='ltr'><strong>ἀλλά</strong></span> <span class='ocrx_word' id='word_1_489' title='bbox 2648 2352 2800 2404; x_wconf 88' lang='grc' dir='ltr'><strong>πάλιν</strong></span> <span class='ocrx_word' id='word_1_490' title='bbox 2853 2351 3242 2422; x_wconf 78' lang='grc' dir='ltr'><strong>ἀναλαμϐάνει·</strong></span> <span class='ocrx_word' id='word_1_491' title='bbox 3305 2352 3458 2422; x_wconf 82' lang='grc' dir='ltr'><strong>Ἐγὼ</strong></span> <span class='ocrx_word' id='word_1_492' title='bbox 3509 2351 3818 2412; x_wconf 82' lang='grc' dir='ltr'><strong>Ἰωάννης</strong></span> <span class='ocrx_word' id='word_1_493' title='bbox 3859 2354 3880 2402; x_wconf 74' lang='grc' dir='ltr'><strong><em>ὁ</em></strong></span> 
     </span>
    </p>
   </div>
   <div class='ocr_carea' id='block_1_72' title="bbox 2283 2438 3880 2514">
    <p class='ocr_par' dir='ltr' id='par_1_72' title="bbox 2283 2438 3880 2514">
     <span class='ocr_line' id='line_1_72' title="bbox 2283 2438 3880 2514; baseline 0 -22"><span class='ocrx_word' id='word_1_494' title='bbox 2283 2441 2528 2514; x_wconf 82' lang='grc' dir='ltr'><strong>βλέπων</strong></span> <span class='ocrx_word' id='word_1_495' title='bbox 2566 2448 2678 2494; x_wconf 83' lang='grc' dir='ltr'><strong>καὶ</strong></span> <span class='ocrx_word' id='word_1_496' title='bbox 2713 2441 2960 2493; x_wconf 80' lang='grc' dir='ltr'><strong>ἁκούων</strong></span> <span class='ocrx_word' id='word_1_497' title='bbox 2999 2448 3278 2494; x_wconf 76' lang='grc' dir='ltr'><strong>ταῦτα.»</strong></span> <span class='ocrx_word' id='word_1_498' title='bbox 3305 2438 3414 2494; x_wconf 80' lang='grc' dir='ltr'><strong>Εἶθ’</strong></span> <span class='ocrx_word' id='word_1_499' title='bbox 3446 2441 3569 2503; x_wconf 76' lang='grc' dir='ltr'><strong>ἑξῆς</strong></span> <span class='ocrx_word' id='word_1_500' title='bbox 3595 2438 3880 2506; x_wconf 81' lang='grc' dir='ltr'><strong>δείκνυσιν,</strong></span> 
     </span>
    </p>
   </div>
   <div class='ocr_carea' id='block_1_73' title="bbox 2283 2527 3882 2604">
    <p class='ocr_par' dir='ltr' id='par_1_73' title="bbox 2283 2527 3882 2604">
     <span class='ocr_line' id='line_1_73' title="bbox 2283 2527 3882 2604; baseline -0.002 -19"><span class='ocrx_word' id='word_1_501' title='bbox 2283 2531 2519 2585; x_wconf 88' lang='grc' dir='ltr'><strong>Ἰωάννου</strong></span> <span class='ocrx_word' id='word_1_502' title='bbox 2576 2535 2666 2603; x_wconf 75' lang='grc' dir='ltr'><strong>μὲν</strong></span> <span class='ocrx_word' id='word_1_503' title='bbox 2733 2527 2861 2583; x_wconf 83' lang='grc' dir='ltr'><strong>εἶναι</strong></span> <span class='ocrx_word' id='word_1_504' title='bbox 2935 2535 3026 2590; x_wconf 80' lang='grc' dir='ltr'><strong>τὴν</strong></span> <span class='ocrx_word' id='word_1_505' title='bbox 3075 2535 3280 2604; x_wconf 76' lang='grc' dir='ltr'><strong>γραφὴν</strong></span> <span class='ocrx_word' id='word_1_506' title='bbox 3343 2531 3636 2602; x_wconf 85' lang='grc' dir='ltr'><strong>ὁμωτύμου</strong></span> <span class='ocrx_word' id='word_1_507' title='bbox 3699 2531 3882 2601; x_wconf 70' lang='grc' dir='ltr'><strong>ἐκείνῳ,</strong></span> 
     </span>
    </p>
   </div>
   <div class='ocr_carea' id='block_1_74' title="bbox 2283 2617 3883 2693">
    <p class='ocr_par' dir='ltr' id='par_1_74' title="bbox 2283 2617 3883 2693">
     <span class='ocr_line' id='line_1_74' title="bbox 2283 2617 3883 2693; baseline -0.001 -19"><span class='ocrx_word' id='word_1_508' title='bbox 2283 2620 2342 2674; x_wconf 76' lang='grc' dir='ltr'><strong>οὗ</strong></span> <span class='ocrx_word' id='word_1_509' title='bbox 2369 2625 2471 2693; x_wconf 81' lang='grc' dir='ltr'><strong>μὴν</strong></span> <span class='ocrx_word' id='word_1_510' title='bbox 2521 2629 2613 2673; x_wconf 75' lang='grc' dir='ltr'><strong>τοῦ</strong></span> <span class='ocrx_word' id='word_1_511' title='bbox 2667 2622 3025 2692; x_wconf 76' lang='grc' dir='ltr'><strong>ἠγαπημένον.</strong></span> <span class='ocrx_word' id='word_1_512' title='bbox 3083 2621 3374 2672; x_wconf 81' lang='grc' dir='ltr'><strong>Αἰνίττεται</strong></span> <span class='ocrx_word' id='word_1_513' title='bbox 3417 2617 3476 2673; x_wconf 73' lang='grc' dir='ltr'><strong>δὲ</strong></span> <span class='ocrx_word' id='word_1_514' title='bbox 3535 2617 3674 2673; x_wconf 81' lang='grc' dir='ltr'><strong>εἶναι</strong></span> <span class='ocrx_word' id='word_1_515' title='bbox 3709 2629 3806 2672; x_wconf 78' lang='grc' dir='ltr'><strong>τοῦ</strong></span> <span class='ocrx_word' id='word_1_516' title='bbox 3843 2621 3883 2672; x_wconf 78' lang='grc' dir='ltr'><strong>ἐν</strong></span> 
     </span>
    </p>
   </div>
   <div class='ocr_carea' id='block_1_75' title="bbox 2283 2709 3884 2784">
    <p class='ocr_par' dir='ltr' id='par_1_75' title="bbox 2283 2709 3884 2784">
     <span class='ocr_line' id='line_1_75' title="bbox 2283 2709 3884 2784; baseline -0.001 -20"><span class='ocrx_word' id='word_1_517' title='bbox 2283 2719 2348 2784; x_wconf 73' lang='grc' dir='ltr'><strong>τῇ</strong></span> <span class='ocrx_word' id='word_1_518' title='bbox 2404 2709 2564 2782; x_wconf 75' lang='grc' dir='ltr'><strong>Ἀσίᾳ</strong></span> <span class='ocrx_word' id='word_1_519' title='bbox 2612 2711 2870 2778; x_wconf 82' lang='grc' dir='ltr'><strong>Ἰωάννου,</strong></span> <span class='ocrx_word' id='word_1_520' title='bbox 2913 2709 2967 2773; x_wconf 88' lang='grc' dir='ltr'><strong>ὃς</strong></span> <span class='ocrx_word' id='word_1_521' title='bbox 3020 2713 3276 2768; x_wconf 72' lang='grc' dir='ltr'><strong>ἐπεκλήθη</strong></span> <span class='ocrx_word' id='word_1_522' title='bbox 3335 2709 3714 2784; x_wconf 79' lang='grc' dir='ltr'><strong>πρεσϐύτερος,</strong></span> <span class='ocrx_word' id='word_1_523' title='bbox 3775 2715 3884 2782; x_wconf 62' lang='grc' dir='ltr'><strong>περὶ</strong></span> 
     </span>
    </p>
   </div>
   <div class='ocr_carea' id='block_1_76' title="bbox 2289 2796 3882 2875">
    <p class='ocr_par' dir='ltr' id='par_1_76' title="bbox 2289 2796 3882 2875">
     <span class='ocr_line' id='line_1_76' title="bbox 2289 2796 3882 2875; baseline 0 -23"><span class='ocrx_word' id='word_1_524' title='bbox 2289 2801 2352 2852; x_wconf 87' lang='grc' dir='ltr'><strong>οὗ</strong></span> <span class='ocrx_word' id='word_1_525' title='bbox 2382 2806 2470 2852; x_wconf 87' lang='grc' dir='ltr'><strong>καὶ</strong></span> <span class='ocrx_word' id='word_1_526' title='bbox 2521 2805 2766 2875; x_wconf 87' lang='grc' dir='ltr'><strong>πρότερον</strong></span> <span class='ocrx_word' id='word_1_527' title='bbox 2820 2803 3044 2872; x_wconf 82' lang='grc' dir='ltr'><strong>εἴπομεν,</strong></span> <span class='ocrx_word' id='word_1_528' title='bbox 3097 2801 3174 2852; x_wconf 82' lang='grc' dir='ltr'><strong>ὅτι</strong></span> <span class='ocrx_word' id='word_1_529' title='bbox 3205 2796 3420 2852; x_wconf 84' lang='grc' dir='ltr'><strong>καὶδύο</strong></span> <span class='ocrx_word' id='word_1_530' title='bbox 3473 2805 3734 2871; x_wconf 80' lang='grc' dir='ltr'><strong>μνήματα</strong></span> <span class='ocrx_word' id='word_1_531' title='bbox 3757 2802 3882 2872; x_wconf 77' lang='grc' dir='ltr'><strong>ὀμω-</strong></span> 
     </span>
    </p>
   </div>
   <div class='ocr_carea' id='block_1_77' title="bbox 2286 2887 3880 2962">
    <p class='ocr_par' dir='ltr' id='par_1_77' title="bbox 2286 2887 3880 2962">
     <span class='ocr_line' id='line_1_77' title="bbox 2286 2887 3880 2962; baseline -0.001 -21"><span class='ocrx_word' id='word_1_532' title='bbox 2286 2895 2473 2962; x_wconf 85' lang='grc' dir='ltr'><strong>νυμίαν</strong></span> <span class='ocrx_word' id='word_1_533' title='bbox 2547 2893 2740 2962; x_wconf 81' lang='grc' dir='ltr'><strong>ἔχοντα</strong></span> <span class='ocrx_word' id='word_1_534' title='bbox 2812 2889 3069 2954; x_wconf 85' lang='grc' dir='ltr'><strong>Ἰωάννου,</strong></span> <span class='ocrx_word' id='word_1_535' title='bbox 3149 2889 3198 2941; x_wconf 82' lang='grc' dir='ltr'><strong>ἐν</strong></span> <span class='ocrx_word' id='word_1_536' title='bbox 3285 2889 3480 2960; x_wconf 78' lang='grc' dir='ltr'><strong>Ἐφέσῳ</strong></span> <span class='ocrx_word' id='word_1_537' title='bbox 3567 2887 3880 2942; x_wconf 74' lang='grc' dir='ltr'><strong>δείκνυνται.</strong></span> 
     </span>
    </p>
   </div>
   <div class='ocr_carea' id='block_1_78' title="bbox 2289 2977 3886 3052">
    <p class='ocr_par' dir='ltr' id='par_1_78' title="bbox 2289 2977 3886 3052">
     <span class='ocr_line' id='line_1_78' title="bbox 2289 2977 3886 3052; baseline 0 -22"><span class='ocrx_word' id='word_1_538' title='bbox 2289 2979 2528 3032; x_wconf 79' lang='grc' dir='ltr'><strong>«Πολλοὶ</strong></span> <span class='ocrx_word' id='word_1_539' title='bbox 2575 2983 2697 3052; x_wconf 82' lang='grc' dir='ltr'><strong>γὰρ,</strong></span> <span class='ocrx_word' id='word_1_540' title='bbox 2753 2985 2903 3052; x_wconf 76' lang='grc' dir='ltr'><strong>φησὶ,</strong></span> <span class='ocrx_word' id='word_1_541' title='bbox 2949 2977 3044 3032; x_wconf 82' lang='grc' dir='ltr'><strong>διὰ</strong></span> <span class='ocrx_word' id='word_1_542' title='bbox 3097 2984 3188 3038; x_wconf 82' lang='grc' dir='ltr'><strong>τὴν</strong></span> <span class='ocrx_word' id='word_1_543' title='bbox 3229 2982 3360 3052; x_wconf 88' lang='grc' dir='ltr'><strong>πρὸς</strong></span> <span class='ocrx_word' id='word_1_544' title='bbox 3411 2982 3538 3040; x_wconf 83' lang='grc' dir='ltr'><strong>τοὺς</strong></span> <span class='ocrx_word' id='word_1_545' title='bbox 3563 2977 3886 3040; x_wconf 71' lang='grc' dir='ltr'><strong>ἀποστόλους</strong></span> 
     </span>
    </p>
   </div>
   <div class='ocr_carea' id='block_1_79' title="bbox 2208 3067 3690 3158">
    <p class='ocr_par' dir='ltr' id='par_1_79' title="bbox 2208 3067 3690 3158">
     <span class='ocr_line' id='line_1_79' title="bbox 2208 3067 3690 3158; baseline -0.001 -37"><span class='ocrx_word' id='word_1_546' title='bbox 2208 3102 2247 3158; x_wconf 80' lang='lat' dir='ltr'><strong>C</strong></span> <span class='ocrx_word' id='word_1_547' title='bbox 2289 3073 2476 3141; x_wconf 83' lang='grc' dir='ltr'><strong>σχέσιν</strong></span> <span class='ocrx_word' id='word_1_548' title='bbox 2507 3073 2598 3132; x_wconf 85' lang='grc' dir='ltr'><strong>τὰς</strong></span> <span class='ocrx_word' id='word_1_549' title='bbox 2621 3070 2834 3131; x_wconf 81' lang='grc' dir='ltr'><strong>κλήσεις</strong></span> <span class='ocrx_word' id='word_1_550' title='bbox 2859 3077 2962 3129; x_wconf 85' lang='grc' dir='ltr'><strong>τοῖς</strong></span> <span class='ocrx_word' id='word_1_551' title='bbox 2989 3068 3180 3121; x_wconf 85' lang='grc' dir='ltr'><strong>ἑαυτῶν</strong></span> <span class='ocrx_word' id='word_1_552' title='bbox 3211 3067 3410 3122; x_wconf 75' lang='grc' dir='ltr'><strong>ἐτίθουν</strong></span> <span class='ocrx_word' id='word_1_553' title='bbox 3443 3073 3624 3124; x_wconf 88' lang='grc' dir='ltr'><strong>παισί,</strong></span> <span class='ocrx_word' id='word_1_554' title='bbox 3667 3093 3690 3119; x_wconf 77' lang='grc' dir='ltr'><strong>ι</strong></span> 
     </span>
    </p>
   </div>
   <div class='ocr_carea' id='block_1_80' title="bbox 2876 3195 3284 3249">
    <p class='ocr_par' dir='ltr' id='par_1_80' title="bbox 2876 3195 3284 3249">
     <span class='ocr_line' id='line_1_80' title="bbox 2876 3195 3284 3249; baseline -0.005 -1"><span class='ocrx_word' id='word_1_555' title='bbox 2876 3195 3118 3249; x_wconf 75' lang='grc' dir='ltr'><strong>ΚΕΦΑΛ’</strong></span> <span class='ocrx_word' id='word_1_556' title='bbox 3163 3200 3246 3247; x_wconf 83' lang='grc' dir='ltr'><strong>ΚΓ</strong></span> <span class='ocrx_word' id='word_1_557' title='bbox 3251 3195 3284 3247; x_wconf 83' lang='lat'><strong>&#39;.</strong></span> 
     </span>
    </p>
   </div>
   <div class='ocr_carea' id='block_1_81' title="bbox 2281 3298 3884 3377">
    <p class='ocr_par' dir='ltr' id='par_1_81' title="bbox 2281 3298 3884 3377">
     <span class='ocr_line' id='line_1_81' title="bbox 2281 3298 3884 3377; baseline -0.001 -21"><span class='ocrx_word' id='word_1_558' title='bbox 2281 3301 2377 3364; x_wconf 86' lang='grc' dir='ltr'><strong>Ἐξ</strong></span> <span class='ocrx_word' id='word_1_559' title='bbox 2415 3303 2560 3354; x_wconf 80' lang='grc' dir='ltr'><strong>οἴων</strong></span> <span class='ocrx_word' id='word_1_560' title='bbox 2609 3306 2858 3377; x_wconf 79' lang='grc' dir='ltr'><strong>τρόπων</strong></span> <span class='ocrx_word' id='word_1_561' title='bbox 2915 3307 3000 3372; x_wconf 78' lang='grc' dir='ltr'><strong>μὴ</strong></span> <span class='ocrx_word' id='word_1_562' title='bbox 3045 3298 3211 3353; x_wconf 84' lang='grc' dir='ltr'><strong>εἶναι</strong></span> <span class='ocrx_word' id='word_1_563' title='bbox 3249 3307 3357 3353; x_wconf 77' lang='grc' dir='ltr'><strong>τοῦ</strong></span> <span class='ocrx_word' id='word_1_564' title='bbox 3397 3300 3884 3377; x_wconf 69' lang='grc' dir='ltr'><strong>εὐαγγελιστοῦ</strong></span> 
     </span>
    </p>
   </div>
   <div class='ocr_carea' id='block_1_82' title="bbox 2353 3371 3878 3446">
    <p class='ocr_par' dir='ltr' id='par_1_82' title="bbox 2353 3371 3878 3446">
     <span class='ocr_line' id='line_1_82' title="bbox 2353 3371 3878 3446; baseline -0.001 -19"><span class='ocrx_word' id='word_1_565' title='bbox 2353 3371 2792 3432; x_wconf 73' lang='grc' dir='ltr'><strong>Ἰωάννου’τὴν</strong></span> <span class='ocrx_word' id='word_1_566' title='bbox 2847 3371 3308 3444; x_wconf 74' lang='grc' dir='ltr'><strong>Ἀποκάλυψιν,</strong></span> <span class='ocrx_word' id='word_1_567' title='bbox 3363 3371 3488 3424; x_wconf 79' lang='grc' dir='ltr'><strong>ἀλλ’</strong></span> <span class='ocrx_word' id='word_1_568' title='bbox 3525 3371 3764 3446; x_wconf 75' lang='grc' dir='ltr'><strong>ἑτέρου</strong></span> <span class='ocrx_word' id='word_1_569' title='bbox 3807 3395 3878 3427; x_wconf 79' lang='grc' dir='ltr'><strong>τι·</strong></span> 
     </span>
    </p>
   </div>
   <div class='ocr_carea' id='block_1_83' title="bbox 2351 3445 3209 3520">
    <p class='ocr_par' dir='ltr' id='par_1_83' title="bbox 2351 3445 3209 3520">
     <span class='ocr_line' id='line_1_83' title="bbox 2351 3445 3209 3520; baseline -0.001 -23"><span class='ocrx_word' id='word_1_570' title='bbox 2351 3449 2456 3508; x_wconf 85' lang='grc' dir='ltr'><strong>νὸς</strong></span> <span class='ocrx_word' id='word_1_571' title='bbox 2491 3445 2778 3498; x_wconf 85' lang='grc' dir='ltr'><strong>Ἰωάννου</strong></span> <span class='ocrx_word' id='word_1_572' title='bbox 2821 3451 3209 3520; x_wconf 89' lang='grc' dir='ltr'><strong>παρίστησι.</strong></span> 
     </span>
    </p>
   </div>
   <div class='ocr_carea' id='block_1_84' title="bbox 2352 3567 3886 3640">
    <p class='ocr_par' dir='ltr' id='par_1_84' title="bbox 2352 3567 3886 3640">
     <span class='ocr_line' id='line_1_84' title="bbox 2352 3567 3886 3640; baseline -0.001 -17"><span class='ocrx_word' id='word_1_573' title='bbox 2352 3575 2593 3624; x_wconf 83' lang='grc' dir='ltr'><strong>Δείκνυσι</strong></span> <span class='ocrx_word' id='word_1_574' title='bbox 2631 3567 2689 3622; x_wconf 74' lang='grc' dir='ltr'><strong>δὲ</strong></span> <span class='ocrx_word' id='word_1_575' title='bbox 2721 3574 2811 3622; x_wconf 83' lang='grc' dir='ltr'><strong>καὶ</strong></span> <span class='ocrx_word' id='word_1_576' title='bbox 2844 3569 2944 3622; x_wconf 76' lang='grc' dir='ltr'><strong>ἀπὸ</strong></span> <span class='ocrx_word' id='word_1_577' title='bbox 2977 3577 3066 3630; x_wconf 77' lang='grc' dir='ltr'><strong>τῆς</strong></span> <span class='ocrx_word' id='word_1_578' title='bbox 3112 3570 3374 3628; x_wconf 77' lang='grc' dir='ltr'><strong>συνθήκης</strong></span> <span class='ocrx_word' id='word_1_579' title='bbox 3425 3575 3518 3620; x_wconf 76' lang='grc' dir='ltr'><strong>τοῦ</strong></span> <span class='ocrx_word' id='word_1_580' title='bbox 3563 3568 3752 3640; x_wconf 82' lang='grc' dir='ltr'><strong>λόγου,</strong></span> <span class='ocrx_word' id='word_1_581' title='bbox 3803 3575 3886 3622; x_wconf 74' lang='grc' dir='ltr'><strong>καὶ</strong></span> 
     </span>
    </p>
   </div>
   <div class='ocr_carea' id='block_1_85' title="bbox 2282 3657 3886 3733">
    <p class='ocr_par' dir='ltr' id='par_1_85' title="bbox 2282 3657 3886 3733">
     <span class='ocr_line' id='line_1_85' title="bbox 2282 3657 3886 3733; baseline -0.001 -21"><span class='ocrx_word' id='word_1_582' title='bbox 2282 3661 2382 3714; x_wconf 79' lang='grc' dir='ltr'><strong>ἀπὸ</strong></span> <span class='ocrx_word' id='word_1_583' title='bbox 2426 3669 2524 3712; x_wconf 84' lang='grc' dir='ltr'><strong>τῶν</strong></span> <span class='ocrx_word' id='word_1_584' title='bbox 2589 3662 2862 3732; x_wconf 87' lang='grc' dir='ltr'><strong>νοημάτων</strong></span> <span class='ocrx_word' id='word_1_585' title='bbox 2923 3665 3014 3712; x_wconf 83' lang='grc' dir='ltr'><strong>καὶ</strong></span> <span class='ocrx_word' id='word_1_586' title='bbox 3070 3667 3168 3712; x_wconf 81' lang='grc' dir='ltr'><strong>τῶν</strong></span> <span class='ocrx_word' id='word_1_587' title='bbox 3223 3659 3470 3733; x_wconf 80' lang='grc' dir='ltr'><strong>ῥημάτων</strong></span> <span class='ocrx_word' id='word_1_588' title='bbox 3523 3659 3702 3729; x_wconf 79' lang='grc' dir='ltr'><strong>ἕτερον</strong></span> <span class='ocrx_word' id='word_1_589' title='bbox 3763 3657 3886 3712; x_wconf 76' lang='grc' dir='ltr'><strong>εἶναι</strong></span> 
     </span>
    </p>
   </div>
   <div class='ocr_carea' id='block_1_86' title="bbox 2281 3745 3888 3822">
    <p class='ocr_par' dir='ltr' id='par_1_86' title="bbox 2281 3745 3888 3822">
     <span class='ocr_line' id='line_1_86' title="bbox 2281 3745 3888 3822; baseline -0.001 -20"><span class='ocrx_word' id='word_1_590' title='bbox 2281 3754 2368 3802; x_wconf 87' lang='grc' dir='ltr'><strong>τόν</strong></span> <span class='ocrx_word' id='word_1_591' title='bbox 2419 3753 2725 3822; x_wconf 73' lang='grc' dir='ltr'><strong>συγγραφέα</strong></span> <span class='ocrx_word' id='word_1_592' title='bbox 2777 3751 2922 3822; x_wconf 79' lang='grc' dir='ltr'><strong>παρὰ</strong></span> <span class='ocrx_word' id='word_1_593' title='bbox 2977 3753 3062 3801; x_wconf 78' lang='grc' dir='ltr'><strong>τὸν</strong></span> <span class='ocrx_word' id='word_1_594' title='bbox 3121 3747 3512 3818; x_wconf 75' lang='grc' dir='ltr'><strong>Εὖαγγελιστήν</strong></span> <span class='ocrx_word' id='word_1_595' title='bbox 3553 3768 3568 3780; x_wconf 90' lang='grc'><strong>·</strong></span> <span class='ocrx_word' id='word_1_596' title='bbox 3619 3745 3732 3801; x_wconf 74' lang='grc' dir='ltr'><strong>ὧδέ</strong></span> <span class='ocrx_word' id='word_1_597' title='bbox 3787 3769 3888 3808; x_wconf 74' lang='grc' dir='ltr'><strong>πως</strong></span> 
     </span>
    </p>
   </div>
   <div class='ocr_carea' id='block_1_87' title="bbox 2281 3834 3886 3911">
    <p class='ocr_par' dir='ltr' id='par_1_87' title="bbox 2281 3834 3886 3911">
     <span class='ocr_line' id='line_1_87' title="bbox 2281 3834 3886 3911; baseline -0.001 -21"><span class='ocrx_word' id='word_1_598' title='bbox 2281 3840 2492 3911; x_wconf 76' lang='grc' dir='ltr'><strong>γράφων</strong></span> <span class='ocrx_word' id='word_1_599' title='bbox 2522 3856 2586 3890; x_wconf 77' lang='grc' dir='ltr'><strong>ἀ</strong></span> <span class='ocrx_word' id='word_1_600' title='bbox 2618 3834 2912 3910; x_wconf 73' lang='grc' dir='ltr'><strong>Συνάδουσι</strong></span> <span class='ocrx_word' id='word_1_601' title='bbox 2949 3840 3040 3910; x_wconf 72' lang='grc' dir='ltr'><strong>μεν</strong></span> <span class='ocrx_word' id='word_1_602' title='bbox 3093 3839 3196 3909; x_wconf 79' lang='grc' dir='ltr'><strong>γὰρ</strong></span> <span class='ocrx_word' id='word_1_603' title='bbox 3249 3835 3488 3898; x_wconf 78' lang='grc' dir='ltr'><strong>ἀλλήλοις</strong></span> <span class='ocrx_word' id='word_1_604' title='bbox 3539 3839 3598 3888; x_wconf 83' lang='grc' dir='ltr'><strong>τὸ</strong></span> <span class='ocrx_word' id='word_1_605' title='bbox 3661 3837 3886 3908; x_wconf 70' lang='grc' dir='ltr'><strong>Εὐαγγέ-</strong></span> 
     </span>
    </p>
   </div>
   <div class='ocr_carea' id='block_1_88' title="bbox 2283 3927 3885 4000">
    <p class='ocr_par' dir='ltr' id='par_1_88' title="bbox 2283 3927 3885 4000">
     <span class='ocr_line' id='line_1_88' title="bbox 2283 3927 3885 4000; baseline -0.001 -20"><span class='ocrx_word' id='word_1_606' title='bbox 2283 3928 2390 3980; x_wconf 90' lang='grc' dir='ltr'><strong>λιον</strong></span> <span class='ocrx_word' id='word_1_607' title='bbox 2447 3933 2536 3980; x_wconf 79' lang='grc' dir='ltr'><strong>καὶ</strong></span> <span class='ocrx_word' id='word_1_608' title='bbox 2577 3931 2608 3986; x_wconf 76' lang='grc' dir='ltr'><strong>η</strong></span> <span class='ocrx_word' id='word_1_609' title='bbox 2661 3927 2942 3984; x_wconf 74' lang='grc' dir='ltr'><strong>ἐπιστολήτ</strong></span> <span class='ocrx_word' id='word_1_610' title='bbox 2997 3929 3183 3998; x_wconf 84' lang='grc' dir='ltr'><strong>ὁμοίως</strong></span> <span class='ocrx_word' id='word_1_611' title='bbox 3211 3945 3266 3978; x_wconf 86' lang='grc' dir='ltr'><strong>τε</strong></span> <span class='ocrx_word' id='word_1_612' title='bbox 3297 3929 3396 3998; x_wconf 80' lang='grc' dir='ltr'><strong>γὰρ</strong></span> <span class='ocrx_word' id='word_1_613' title='bbox 3439 3927 3734 4000; x_wconf 76' lang='grc' dir='ltr'><strong>ἄρχονται.</strong></span> <span class='ocrx_word' id='word_1_614' title='bbox 3793 3933 3885 3980; x_wconf 72' lang='grc' dir='ltr'><strong>Καὶ</strong></span> 
     </span>
    </p>
   </div>
   <div class='ocr_carea' id='block_1_89' title="bbox 2282 4012 3881 4090">
    <p class='ocr_par' dir='ltr' id='par_1_89' title="bbox 2282 4012 3881 4090">
     <span class='ocr_line' id='line_1_89' title="bbox 2282 4012 3881 4090; baseline -0.001 -20"><span class='ocrx_word' id='word_1_615' title='bbox 2282 4021 2341 4070; x_wconf 87' lang='grc' dir='ltr'><strong>τὸ</strong></span> <span class='ocrx_word' id='word_1_616' title='bbox 2371 4022 2460 4090; x_wconf 87' lang='grc' dir='ltr'><strong>μέν</strong></span> <span class='ocrx_word' id='word_1_617' title='bbox 2493 4037 2670 4089; x_wconf 79' lang='grc' dir='ltr'><strong>φησιν,</strong></span> <span class='ocrx_word' id='word_1_618' title='bbox 2699 4016 2791 4068; x_wconf 83' lang='grc' dir='ltr'><strong>Ἐν</strong></span> <span class='ocrx_word' id='word_1_619' title='bbox 2831 4015 2999 4090; x_wconf 73' lang='grc' dir='ltr'><strong>ἀρχῇ</strong></span> <span class='ocrx_word' id='word_1_620' title='bbox 3045 4013 3113 4074; x_wconf 73' lang='grc' dir='ltr'><strong>ἦν</strong></span> <span class='ocrx_word' id='word_1_621' title='bbox 3151 4017 3178 4068; x_wconf 86' lang='grc' dir='ltr'><strong><em>ὁ</em></strong></span> <span class='ocrx_word' id='word_1_622' title='bbox 3219 4021 3458 4086; x_wconf 77' lang='grc' dir='ltr'><strong>Λόγος·</strong></span> <span class='ocrx_word' id='word_1_623' title='bbox 3485 4017 3515 4074; x_wconf 79' lang='grc' dir='ltr'><strong>ἠ</strong></span> <span class='ocrx_word' id='word_1_624' title='bbox 3553 4012 3616 4068; x_wconf 70' lang='grc' dir='ltr'><strong>δὲ</strong></span> <span class='ocrx_word' id='word_1_625' title='bbox 3647 4019 3720 4068; x_wconf 76' lang='grc' dir='ltr'><strong>τὰ</strong></span> <span class='ocrx_word' id='word_1_626' title='bbox 3759 4019 3881 4068; x_wconf 61' lang='grc' dir='ltr'><strong>αὐτὰ</strong></span> 
     </span>
    </p>
   </div>
   <div class='ocr_carea' id='block_1_90' title="bbox 2282 4104 3882 4180">
    <p class='ocr_par' dir='ltr' id='par_1_90' title="bbox 2282 4104 3882 4180">
     <span class='ocr_line' id='line_1_90' title="bbox 2282 4104 3882 4180; baseline 0 -22"><span class='ocrx_word' id='word_1_627' title='bbox 2282 4106 2898 4180; x_wconf 76' lang='grc' dir='ltr'><strong>μικρῷπαρηλλαγμένα·</strong></span> <span class='ocrx_word' id='word_1_628' title='bbox 2921 4113 2985 4158; x_wconf 72' lang='lat'><strong>‘0</strong></span> <span class='ocrx_word' id='word_1_629' title='bbox 3027 4104 3419 4177; x_wconf 68' lang='grc' dir='ltr'><strong>ἀκηκόαμεν,</strong></span> <span class='ocrx_word' id='word_1_630' title='bbox 3451 4105 3478 4156; x_wconf 89' lang='lat'><strong>6</strong></span> <span class='ocrx_word' id='word_1_631' title='bbox 3511 4105 3882 4178; x_wconf 67' lang='grc' dir='ltr'><strong>ἑωράκαμεν</strong></span> 
     </span>
    </p>
   </div>
   <div class='ocr_carea' id='block_1_91' title="bbox 2283 4195 3884 4268">
    <p class='ocr_par' dir='ltr' id='par_1_91' title="bbox 2283 4195 3884 4268">
     <span class='ocr_line' id='line_1_91' title="bbox 2283 4195 3884 4268; baseline -0.001 -20"><span class='ocrx_word' id='word_1_632' title='bbox 2283 4203 2414 4256; x_wconf 88' lang='grc' dir='ltr'><strong>τοῖς</strong></span> <span class='ocrx_word' id='word_1_633' title='bbox 2444 4195 2798 4268; x_wconf 78' lang='grc' dir='ltr'><strong>ὀφθαλμοῖς</strong></span> <span class='ocrx_word' id='word_1_634' title='bbox 2829 4197 3023 4267; x_wconf 79' lang='grc' dir='ltr'><strong>ἡμῶν,</strong></span> <span class='ocrx_word' id='word_1_635' title='bbox 3053 4200 3162 4247; x_wconf 85' lang='grc' dir='ltr'><strong>καὶ</strong></span> <span class='ocrx_word' id='word_1_636' title='bbox 3193 4197 3256 4246; x_wconf 87' lang='grc' dir='ltr'><strong>αἱ</strong></span> <span class='ocrx_word' id='word_1_637' title='bbox 3285 4201 3513 4267; x_wconf 85' lang='grc' dir='ltr'><strong>χεῖρες</strong></span> <span class='ocrx_word' id='word_1_638' title='bbox 3539 4197 3722 4266; x_wconf 80' lang='grc' dir='ltr'><strong>ἡμῶν</strong></span> <span class='ocrx_word' id='word_1_639' title='bbox 3755 4195 3884 4266; x_wconf 50' lang='lat'><strong>£2151;-</strong></span> 
     </span>
    </p>
   </div>
   <div class='ocr_carea' id='block_1_92' title="bbox 2283 4285 3878 4358">
    <p class='ocr_par' dir='ltr' id='par_1_92' title="bbox 2283 4285 3878 4358">
     <span class='ocr_line' id='line_1_92' title="bbox 2283 4285 3878 4358; baseline -0.005 -20"><span class='ocrx_word' id='word_1_640' title='bbox 2283 4285 2571 4358; x_wconf 75' lang='grc' dir='ltr'><strong>λάφησαν</strong></span> <span class='ocrx_word' id='word_1_641' title='bbox 2611 4291 2753 4358; x_wconf 84' lang='grc' dir='ltr'><strong>περὶ</strong></span> <span class='ocrx_word' id='word_1_642' title='bbox 2783 4292 2892 4336; x_wconf 81' lang='grc' dir='ltr'><strong>τοῦ</strong></span> <span class='ocrx_word' id='word_1_643' title='bbox 2923 4290 3138 4356; x_wconf 83' lang='grc' dir='ltr'><strong>Λόγου</strong></span> <span class='ocrx_word' id='word_1_644' title='bbox 3175 4292 3282 4344; x_wconf 86' lang='grc' dir='ltr'><strong>τῆς</strong></span> <span class='ocrx_word' id='word_1_645' title='bbox 3314 4285 3516 4345; x_wconf 70' lang='grc' dir='ltr'><strong>ζωῆς*</strong></span> <span class='ocrx_word' id='word_1_646' title='bbox 3545 4290 3658 4336; x_wconf 80' lang='grc' dir='ltr'><strong>καὶ</strong></span> <span class='ocrx_word' id='word_1_647' title='bbox 3693 4288 3726 4343; x_wconf 70' lang='grc' dir='ltr'><strong>ἡ</strong></span> <span class='ocrx_word' id='word_1_648' title='bbox 3763 4289 3878 4348; x_wconf 60' lang='grc' dir='ltr'><strong>ζωή</strong></span> 
     </span>
    </p>
   </div>
   <div class='ocr_carea' id='block_1_93' title="bbox 2283 4371 3884 4449">
    <p class='ocr_par' dir='ltr' id='par_1_93' title="bbox 2283 4371 3884 4449">
     <span class='ocr_line' id='line_1_93' title="bbox 2283 4371 3884 4449; baseline -0.001 -21"><span class='ocrx_word' id='word_1_649' title='bbox 2283 4377 2666 4449; x_wconf 74' lang='grc' dir='ltr'><strong>ἐφανερώθη.</strong></span> <span class='ocrx_word' id='word_1_650' title='bbox 2717 4382 2896 4427; x_wconf 77' lang='grc' dir='ltr'><strong>Ταῦτα</strong></span> <span class='ocrx_word' id='word_1_651' title='bbox 2963 4377 3063 4448; x_wconf 80' lang='grc' dir='ltr'><strong>γὰρ</strong></span> <span class='ocrx_word' id='word_1_652' title='bbox 3119 4377 3570 4446; x_wconf 76' lang='grc' dir='ltr'><strong>προανακρούεται</strong></span> <span class='ocrx_word' id='word_1_653' title='bbox 3625 4371 3884 4427; x_wconf 62' lang='lat' dir='ltr'><strong>duraue-</strong></span> 
     </span>
    </p>
   </div>
   <div class='ocr_carea' id='block_1_94' title="bbox 527 4460 2171 4537">
    <p class='ocr_par' dir='ltr' id='par_1_94' title="bbox 527 4461 2171 4537">
     <span class='ocr_line' id='line_1_94' title="bbox 527 4461 2171 4537; baseline 0.001 -19"><span class='ocrx_word' id='word_1_654' title='bbox 527 4461 800 4526; x_wconf 88' lang='lat' dir='ltr'><strong>tendens,</strong></span> <span class='ocrx_word' id='word_1_655' title='bbox 851 4461 1020 4518; x_wconf 89' lang='lat' dir='ltr'><strong>sicuti</strong></span> <span class='ocrx_word' id='word_1_656' title='bbox 1051 4463 1112 4518; x_wconf 90' lang='lat' dir='ltr'><strong>in</strong></span> <span class='ocrx_word' id='word_1_657' title='bbox 1162 4464 1550 4536; x_wconf 87' lang='lat' dir='ltr'><strong>sequentibus</strong></span> <span class='ocrx_word' id='word_1_658' title='bbox 1573 4465 1854 4530; x_wconf 84' lang='lat' dir='ltr'><strong>ostendit,</strong></span> <span class='ocrx_word' id='word_1_659' title='bbox 1889 4465 1992 4537; x_wconf 90' lang='lat' dir='ltr'><strong>qui</strong></span> <span class='ocrx_word' id='word_1_660' title='bbox 2023 4465 2171 4520; x_wconf 88' lang='lat' dir='ltr'><strong>dice-</strong></span> 
     </span>
    </p>
   </div>
   <div class='ocr_carea' id='block_1_95' title="bbox 2285 4460 3882 4537">
    <p class='ocr_par' dir='ltr' id='par_1_95' title="bbox 2285 4460 3882 4537">
     <span class='ocr_line' id='line_1_95' title="bbox 2285 4460 3882 4537; baseline -0.001 -21"><span class='ocrx_word' id='word_1_661' title='bbox 2285 4483 2446 4537; x_wconf 86' lang='grc' dir='ltr'><strong>μενος,</strong></span> <span class='ocrx_word' id='word_1_662' title='bbox 2497 4469 2567 4526; x_wconf 80' lang='grc' dir='ltr'><strong>ὡς</strong></span> <span class='ocrx_word' id='word_1_663' title='bbox 2609 4463 2656 4516; x_wconf 75' lang='grc' dir='ltr'><strong>ἐν</strong></span> <span class='ocrx_word' id='word_1_664' title='bbox 2699 4471 2806 4526; x_wconf 87' lang='grc' dir='ltr'><strong>τοῖς</strong></span> <span class='ocrx_word' id='word_1_665' title='bbox 2859 4463 2974 4526; x_wconf 82' lang='grc' dir='ltr'><strong>ἑξῆς</strong></span> <span class='ocrx_word' id='word_1_666' title='bbox 3025 4460 3278 4526; x_wconf 82' lang='grc' dir='ltr'><strong>ἐδήλωσε,</strong></span> <span class='ocrx_word' id='word_1_667' title='bbox 3327 4466 3457 4535; x_wconf 85' lang='grc' dir='ltr'><strong>πρὸς</strong></span> <span class='ocrx_word' id='word_1_668' title='bbox 3511 4467 3632 4523; x_wconf 79' lang='grc' dir='ltr'><strong>τοὺς</strong></span> <span class='ocrx_word' id='word_1_669' title='bbox 3689 4467 3788 4516; x_wconf 70' lang='grc' dir='ltr'><strong>οὐκ</strong></span> <span class='ocrx_word' id='word_1_670' title='bbox 3843 4463 3882 4514; x_wconf 57' lang='grc' dir='ltr'>ὲ</span> 
     </span>
    </p>
   </div>
   <div class='ocr_carea' id='block_1_96' title="bbox 521 4550 2175 4626">
    <p class='ocr_par' dir='ltr' id='par_1_96' title="bbox 521 4550 2175 4626">
     <span class='ocr_line' id='line_1_96' title="bbox 521 4550 2175 4626; baseline 0.002 -18"><span class='ocrx_word' id='word_1_671' title='bbox 521 4550 689 4617; x_wconf 86' lang='lat' dir='ltr'><strong>bant,</strong></span> <span class='ocrx_word' id='word_1_672' title='bbox 721 4551 1040 4608; x_wconf 88' lang='lat' dir='ltr'><strong>Dominum</strong></span> <span class='ocrx_word' id='word_1_673' title='bbox 1069 4551 1130 4607; x_wconf 91' lang='lat' dir='ltr'><strong>in</strong></span> <span class='ocrx_word' id='word_1_674' title='bbox 1160 4567 1337 4609; x_wconf 86' lang='lat' dir='ltr'><strong>carne</strong></span> <span class='ocrx_word' id='word_1_675' title='bbox 1367 4569 1488 4609; x_wconf 88' lang='lat' dir='ltr'><strong>non</strong></span> <span class='ocrx_word' id='word_1_676' title='bbox 1531 4554 1783 4609; x_wconf 83' lang='lat' dir='ltr'><strong>venisse.</strong></span> <span class='ocrx_word' id='word_1_677' title='bbox 1803 4556 2175 4626; x_wconf 88' lang='lat' dir='ltr'><strong>Quapropter</strong></span> 
     </span>
    </p>
   </div>
   <div class='ocr_carea' id='block_1_97' title="bbox 521 4640 2174 4715">
    <p class='ocr_par' dir='ltr' id='par_1_97' title="bbox 521 4640 2174 4715">
     <span class='ocr_line' id='line_1_97' title="bbox 521 4640 2174 4715; baseline 0.002 -17"><span class='ocrx_word' id='word_1_678' title='bbox 521 4645 800 4698; x_wconf 79' lang='lat' dir='ltr'><strong>accurate</strong></span> <span class='ocrx_word' id='word_1_679' title='bbox 829 4645 884 4696; x_wconf 88' lang='lat' dir='ltr'><strong>et</strong></span> <span class='ocrx_word' id='word_1_680' title='bbox 909 4640 1179 4712; x_wconf 88' lang='lat' dir='ltr'><strong>apposite</strong></span> <span class='ocrx_word' id='word_1_681' title='bbox 1199 4643 1539 4708; x_wconf 81' lang='lat' dir='ltr'><strong>connexuit,</strong></span> <span class='ocrx_word' id='word_1_682' title='bbox 1567 4643 1641 4700; x_wconf 84' lang='lat' dir='ltr'><strong>Et</strong></span> <span class='ocrx_word' id='word_1_683' title='bbox 1669 4645 1828 4715; x_wconf 87' lang='lat' dir='ltr'><strong>quod</strong></span> <span class='ocrx_word' id='word_1_684' title='bbox 1851 4644 2099 4700; x_wconf 85' lang='lat' dir='ltr'><strong>vidimus</strong></span> <span class='ocrx_word' id='word_1_685' title='bbox 2121 4653 2174 4701; x_wconf 88' lang='lat' dir='ltr'><strong>et</strong></span> 
     </span>
    </p>
   </div>
   <div class='ocr_carea' id='block_1_98' title="bbox 523 4730 2174 4803">
    <p class='ocr_par' dir='ltr' id='par_1_98' title="bbox 523 4730 2174 4803">
     <span class='ocr_line' id='line_1_98' title="bbox 523 4730 2174 4803; baseline 0.001 -15"><span class='ocrx_word' id='word_1_686' title='bbox 523 4733 953 4788; x_wconf 86' lang='lat' dir='ltr'><strong>annuntiamus</strong></span> <span class='ocrx_word' id='word_1_687' title='bbox 976 4730 1137 4786; x_wconf 83' lang='lat' dir='ltr'><strong>vobis</strong></span> <span class='ocrx_word' id='word_1_688' title='bbox 1164 4733 1252 4800; x_wconf 81' lang='grc'><strong>⁶²;</strong></span> <span class='ocrx_word' id='word_1_689' title='bbox 1281 4747 1352 4787; x_wconf 87' lang='lat' dir='ltr'><strong>ex</strong></span> <span class='ocrx_word' id='word_1_690' title='bbox 1375 4733 1573 4803; x_wconf 88' lang='lat' dir='ltr'><strong>seipso</strong></span> <span class='ocrx_word' id='word_1_691' title='bbox 1593 4733 1876 4788; x_wconf 88' lang='lat' dir='ltr'><strong>nimirum</strong></span> <span class='ocrx_word' id='word_1_692' title='bbox 1895 4735 2174 4790; x_wconf 84' lang='lat' dir='ltr'><strong>continue</strong></span> 
     </span>
    </p>
   </div>
   <div class='ocr_carea' id='block_1_99' title="bbox 523 4819 2172 4893">
    <p class='ocr_par' dir='ltr' id='par_1_99' title="bbox 523 4819 2172 4893">
     <span class='ocr_line' id='line_1_99' title="bbox 523 4819 2172 4893; baseline 0.001 -16"><span class='ocrx_word' id='word_1_693' title='bbox 523 4819 896 4893; x_wconf 86' lang='lat' dir='ltr'><strong>dependens,</strong></span> <span class='ocrx_word' id='word_1_694' title='bbox 927 4825 985 4876; x_wconf 88' lang='lat' dir='ltr'><strong>et</strong></span> <span class='ocrx_word' id='word_1_695' title='bbox 1013 4835 1051 4876; x_wconf 88' lang='lat' dir='ltr'><strong>a</strong></span> <span class='ocrx_word' id='word_1_696' title='bbox 1079 4821 1388 4892; x_wconf 90' lang='lat' dir='ltr'><strong>proposito</strong></span> <span class='ocrx_word' id='word_1_697' title='bbox 1429 4836 1550 4877; x_wconf 90' lang='lat' dir='ltr'><strong>non</strong></span> <span class='ocrx_word' id='word_1_698' title='bbox 1577 4821 1940 4892; x_wconf 80' lang='lat' dir='ltr'><strong>digrediens.</strong></span> <span class='ocrx_word' id='word_1_699' title='bbox 1971 4825 2035 4878; x_wconf 88' lang='lat' dir='ltr'><strong>Et</strong></span> <span class='ocrx_word' id='word_1_700' title='bbox 2067 4825 2172 4890; x_wconf 90' lang='lat' dir='ltr'><strong>sic,</strong></span> 
     </span>
    </p>
   </div>
   <div class='ocr_carea' id='block_1_100' title="bbox 523 4909 2177 4983">
    <p class='ocr_par' dir='ltr' id='par_1_100' title="bbox 523 4909 2177 4983">
     <span class='ocr_line' id='line_1_100' title="bbox 523 4909 2177 4983; baseline 0.002 -18"><span class='ocrx_word' id='word_1_701' title='bbox 523 4924 630 4982; x_wconf 89' lang='lat' dir='ltr'><strong>per</strong></span> <span class='ocrx_word' id='word_1_702' title='bbox 657 4909 870 4966; x_wconf 86' lang='lat' dir='ltr'><strong>eadem</strong></span> <span class='ocrx_word' id='word_1_703' title='bbox 899 4925 1100 4966; x_wconf 88' lang='lat' dir='ltr'><strong>rerum</strong></span> <span class='ocrx_word' id='word_1_704' title='bbox 1131 4909 1328 4982; x_wconf 88' lang='lat' dir='ltr'><strong>capita</strong></span> <span class='ocrx_word' id='word_1_705' title='bbox 1357 4915 1414 4968; x_wconf 90' lang='lat' dir='ltr'><strong>et</strong></span> <span class='ocrx_word' id='word_1_706' title='bbox 1443 4913 1716 4980; x_wconf 88' lang='lat' dir='ltr'><strong>nomina,</strong></span> <span class='ocrx_word' id='word_1_707' title='bbox 1749 4912 1954 4968; x_wconf 88' lang='lat' dir='ltr'><strong>omnia</strong></span> <span class='ocrx_word' id='word_1_708' title='bbox 1981 4928 2177 4983; x_wconf 88' lang='lat' dir='ltr'><strong>perse-</strong></span> 
     </span>
    </p>
   </div>
   <div class='ocr_carea' id='block_1_101' title="bbox 520 4998 2176 5073">
    <p class='ocr_par' dir='ltr' id='par_1_101' title="bbox 520 4998 2176 5073">
     <span class='ocr_line' id='line_1_101' title="bbox 520 4998 2176 5073; baseline 0.002 -19"><span class='ocrx_word' id='word_1_709' title='bbox 520 4998 762 5073; x_wconf 90' lang='lat' dir='ltr'><strong>quitur:</strong></span> <span class='ocrx_word' id='word_1_710' title='bbox 789 5013 1050 5070; x_wconf 90' lang='lat' dir='ltr'><strong>quorum</strong></span> <span class='ocrx_word' id='word_1_711' title='bbox 1081 4998 1288 5071; x_wconf 86' lang='lat' dir='ltr'><strong>aliqua</strong></span> <span class='ocrx_word' id='word_1_712' title='bbox 1311 5015 1422 5056; x_wconf 89' lang='lat' dir='ltr'><strong>nos</strong></span> <span class='ocrx_word' id='word_1_713' title='bbox 1452 5001 1887 5072; x_wconf 88' lang='lat' dir='ltr'><strong>compendiose</strong></span> <span class='ocrx_word' id='word_1_714' title='bbox 1911 5017 2176 5058; x_wconf 84' lang='lat' dir='ltr'><strong>comme-</strong></span> 
     </span>
    </p>
   </div>
   <div class='ocr_carea' id='block_1_102' title="bbox 521 5086 2174 5164">
    <p class='ocr_par' dir='ltr' id='par_1_102' title="bbox 521 5086 2174 5164">
     <span class='ocr_line' id='line_1_102' title="bbox 521 5086 2174 5164; baseline 0.002 -19"><span class='ocrx_word' id='word_1_715' title='bbox 521 5086 918 5145; x_wconf 87' lang='lat' dir='ltr'><strong>morabimus.</strong></span> <span class='ocrx_word' id='word_1_716' title='bbox 953 5087 1060 5154; x_wconf 86' lang='lat' dir='ltr'><strong>Qui</strong></span> <span class='ocrx_word' id='word_1_717' title='bbox 1094 5103 1228 5146; x_wconf 85' lang='lat' dir='ltr'><strong>vero</strong></span> <span class='ocrx_word' id='word_1_718' title='bbox 1253 5093 1470 5146; x_wconf 89' lang='lat' dir='ltr'><strong>attente</strong></span> <span class='ocrx_word' id='word_1_719' title='bbox 1493 5105 1564 5146; x_wconf 88' lang='lat' dir='ltr'><strong>ea</strong></span> <span class='ocrx_word' id='word_1_720' title='bbox 1591 5089 1764 5162; x_wconf 70' lang='lat' dir='ltr'><strong>leget,</strong></span> <span class='ocrx_word' id='word_1_721' title='bbox 1819 5089 1876 5145; x_wconf 90' lang='lat' dir='ltr'><strong>in</strong></span> <span class='ocrx_word' id='word_1_722' title='bbox 1908 5091 2174 5164; x_wconf 85' lang='lat' dir='ltr'><strong>utrisque</strong></span> 
     </span>
    </p>
   </div>
   <div class='ocr_carea' id='block_1_103' title="bbox 520 5177 2173 5245">
    <p class='ocr_par' dir='ltr' id='par_1_103' title="bbox 520 5177 2173 5245">
     <span class='ocr_line' id='line_1_103' title="bbox 520 5177 2173 5245; baseline 0.002 -10"><span class='ocrx_word' id='word_1_723' title='bbox 520 5177 782 5235; x_wconf 86' lang='lat' dir='ltr'><strong>inveniet</strong></span> <span class='ocrx_word' id='word_1_724' title='bbox 813 5177 1062 5234; x_wconf 88' lang='lat' dir='ltr'><strong>multam</strong></span> <span class='ocrx_word' id='word_1_725' title='bbox 1115 5179 1318 5245; x_wconf 86' lang='lat' dir='ltr'><strong>vitam,</strong></span> <span class='ocrx_word' id='word_1_726' title='bbox 1375 5180 1628 5236; x_wconf 86' lang='lat' dir='ltr'><strong>multam</strong></span> <span class='ocrx_word' id='word_1_727' title='bbox 1660 5181 1876 5245; x_wconf 87' lang='lat' dir='ltr'><strong>lucem,</strong></span> <span class='ocrx_word' id='word_1_728' title='bbox 1921 5181 2173 5238; x_wconf 88' lang='lat' dir='ltr'><strong>detesta-</strong></span> 
     </span>
    </p>
   </div>
   <div class='ocr_carea' id='block_1_104' title="bbox 523 5267 2171 5341">
    <p class='ocr_par' dir='ltr' id='par_1_104' title="bbox 523 5267 2171 5341">
     <span class='ocr_line' id='line_1_104' title="bbox 523 5267 2171 5341; baseline 0.002 -16"><span class='ocrx_word' id='word_1_729' title='bbox 523 5267 746 5326; x_wconf 87' lang='lat' dir='ltr'><strong>tionem</strong></span> <span class='ocrx_word' id='word_1_730' title='bbox 803 5267 1206 5334; x_wconf 87' lang='lat' dir='ltr'><strong>tenebrarum,</strong></span> <span class='ocrx_word' id='word_1_731' title='bbox 1255 5275 1605 5341; x_wconf 85' lang='lat' dir='ltr'><strong>perpetuam</strong></span> <span class='ocrx_word' id='word_1_732' title='bbox 1657 5271 1978 5335; x_wconf 86' lang='lat' dir='ltr'><strong>veritatem,</strong></span> <span class='ocrx_word' id='word_1_733' title='bbox 2041 5287 2171 5330; x_wconf 70' lang='lat' dir='ltr'><strong>ara-</strong></span> 
     </span>
    </p>
   </div>
   <div class='ocr_carea' id='block_1_105' title="bbox 523 5356 2167 5432">
    <p class='ocr_par' dir='ltr' id='par_1_105' title="bbox 523 5356 2167 5432">
     <span class='ocr_line' id='line_1_105' title="bbox 523 5356 2167 5432; baseline 0.002 -17"><span class='ocrx_word' id='word_1_734' title='bbox 523 5357 690 5423; x_wconf 88' lang='lat' dir='ltr'><strong>tiam,</strong></span> <span class='ocrx_word' id='word_1_735' title='bbox 736 5356 1045 5427; x_wconf 81' lang='lat' dir='ltr'><strong>gaudium,</strong></span> <span class='ocrx_word' id='word_1_736' title='bbox 1107 5373 1348 5414; x_wconf 89' lang='lat' dir='ltr'><strong>carnem</strong></span> <span class='ocrx_word' id='word_1_737' title='bbox 1397 5364 1453 5416; x_wconf 87' lang='lat' dir='ltr'><strong>et</strong></span> <span class='ocrx_word' id='word_1_738' title='bbox 1509 5361 1864 5430; x_wconf 82' lang='lat' dir='ltr'><strong>sanguinem</strong></span> <span class='ocrx_word' id='word_1_739' title='bbox 1917 5362 2167 5432; x_wconf 91' lang='lat' dir='ltr'><strong>Domini,</strong></span> 
     </span>
    </p>
   </div>
   <div class='ocr_carea' id='block_1_106' title="bbox 520 5445 2171 5518">
    <p class='ocr_par' dir='ltr' id='par_1_106' title="bbox 520 5445 2171 5518">
     <span class='ocr_line' id='line_1_106' title="bbox 520 5445 2171 5518; baseline 0.001 -16"><span class='ocrx_word' id='word_1_740' title='bbox 520 5445 838 5516; x_wconf 90' lang='lat' dir='ltr'><strong>judicium,</strong></span> <span class='ocrx_word' id='word_1_741' title='bbox 889 5446 1304 5504; x_wconf 81' lang='lat' dir='ltr'><strong>remissionem</strong></span> <span class='ocrx_word' id='word_1_742' title='bbox 1359 5453 1760 5518; x_wconf 84' lang='lat' dir='ltr'><strong>peccatorum,</strong></span> <span class='ocrx_word' id='word_1_743' title='bbox 1817 5449 1916 5504; x_wconf 88' lang='lat' dir='ltr'><strong>Dei</strong></span> <span class='ocrx_word' id='word_1_744' title='bbox 1961 5449 2020 5504; x_wconf 89' lang='lat' dir='ltr'><strong>in</strong></span> <span class='ocrx_word' id='word_1_745' title='bbox 2059 5466 2171 5504; x_wconf 84' lang='lat' dir='ltr'><strong>nos</strong></span> 
     </span>
    </p>
   </div>
   <div class='ocr_carea' id='block_1_107' title="bbox 598 5556 1512 5629">
    <p class='ocr_par' dir='ltr' id='par_1_107' title="bbox 598 5556 1512 5629">
     <span class='ocr_line' id='line_1_107' title="bbox 598 5556 1512 5629; baseline 0.009 -22"><span class='ocrx_word' id='word_1_746' title='bbox 598 5557 645 5592; x_wconf 70' lang='lat'><strong>=7</strong></span> <span class='ocrx_word' id='word_1_747' title='bbox 671 5557 854 5629; x_wconf 79' lang='lat' dir='ltr'><strong>Apoc.</strong></span> <span class='ocrx_word' id='word_1_748' title='bbox 879 5571 918 5620; x_wconf 89' lang='grc' dir='ltr'><strong>ι.</strong></span> <span class='ocrx_word' id='word_1_749' title='bbox 947 5561 998 5610; x_wconf 84' lang='grc'><strong>2.</strong></span> <span class='ocrx_word' id='word_1_750' title='bbox 1077 5556 1358 5612; x_wconf 76' lang='lat' dir='ltr'><strong>&quot;IJoan.</strong></span> <span class='ocrx_word' id='word_1_751' title='bbox 1391 5573 1426 5620; x_wconf 87' lang='grc' dir='ltr'><strong>ι.</strong></span> <span class='ocrx_word' id='word_1_752' title='bbox 1459 5559 1512 5616; x_wconf 77' lang='grc'><strong>1.</strong></span> 
     </span>
    </p>
   </div>
   <div class='ocr_carea' id='block_1_108' title="bbox 1589 5557 2687 5625">
    <p class='ocr_par' dir='ltr' id='par_1_108' title="bbox 1589 5557 2687 5625">
     <span class='ocr_line' id='line_1_108' title="bbox 1589 5557 2687 5625; baseline 0.02 -32"><span class='ocrx_word' id='word_1_753' title='bbox 1589 5559 1636 5594; x_wconf 75' lang='grc' dir='ltr'><strong>ει</strong></span> <span class='ocrx_word' id='word_1_754' title='bbox 1663 5557 1858 5616; x_wconf 57' lang='lat' dir='ltr'><strong>Matth,</strong></span> <span class='ocrx_word' id='word_1_755' title='bbox 1895 5575 2008 5625; x_wconf 70' lang='grc' dir='ltr'><strong>χνι,</strong></span> <span class='ocrx_word' id='word_1_756' title='bbox 2045 5559 2128 5614; x_wconf 83' lang='grc'><strong>17.</strong></span> <span class='ocrx_word' id='word_1_757' title='bbox 2175 5560 2223 5596; x_wconf 78' lang='grc' dir='ltr'><strong>⁸ο</strong></span> <span class='ocrx_word' id='word_1_758' title='bbox 2251 5559 2418 5618; x_wconf 87' lang='lat' dir='ltr'><strong>Joau.</strong></span> <span class='ocrx_word' id='word_1_759' title='bbox 2465 5575 2602 5624; x_wconf 81' lang='lat' dir='ltr'><strong>xxtl,</strong></span> <span class='ocrx_word' id='word_1_760' title='bbox 2634 5559 2687 5614; x_wconf 87' lang='lat'><strong>8.</strong></span> 
     </span>
    </p>
   </div>
   <div class='ocr_carea' id='block_1_109' title="bbox 2285 4551 3882 4626">
    <p class='ocr_par' dir='ltr' id='par_1_109' title="bbox 2285 4551 3882 4626">
     <span class='ocr_line' id='line_1_109' title="bbox 2285 4551 3882 4626; baseline -0.002 -19"><span class='ocrx_word' id='word_1_761' title='bbox 2285 4560 2442 4626; x_wconf 86' lang='grc' dir='ltr'><strong>σαρκὶ</strong></span> <span class='ocrx_word' id='word_1_762' title='bbox 2491 4555 2785 4626; x_wconf 75' lang='grc' dir='ltr'><strong>φάσκοντας</strong></span> <span class='ocrx_word' id='word_1_763' title='bbox 2829 4552 3125 4611; x_wconf 81' lang='grc' dir='ltr'><strong>ἐληλυθέναι</strong></span> <span class='ocrx_word' id='word_1_764' title='bbox 3176 4555 3259 4605; x_wconf 85' lang='grc' dir='ltr'><strong>τὸν</strong></span> <span class='ocrx_word' id='word_1_765' title='bbox 3321 4555 3510 4626; x_wconf 83' lang='grc' dir='ltr'><strong>Κύριον</strong></span> <span class='ocrx_word' id='word_1_766' title='bbox 3541 4569 3553 4580; x_wconf 74' lang='grc'><strong>⁸</strong></span> <span class='ocrx_word' id='word_1_767' title='bbox 3593 4551 3666 4605; x_wconf 78' lang='grc' dir='ltr'><strong>δι’</strong></span> <span class='ocrx_word' id='word_1_768' title='bbox 3721 4554 3758 4606; x_wconf 73' lang='grc' dir='ltr'><em>ἃ</em></span> <span class='ocrx_word' id='word_1_769' title='bbox 3807 4561 3882 4604; x_wconf 62' lang='grc' dir='ltr'><strong>καὶ</strong></span> 
     </span>
    </p>
   </div>
   <div class='ocr_carea' id='block_1_110' title="bbox 2286 4642 3884 4715">
    <p class='ocr_par' dir='ltr' id='par_1_110' title="bbox 2286 4642 3884 4715">
     <span class='ocr_line' id='line_1_110' title="bbox 2286 4642 3884 4715; baseline -0.001 -18"><span class='ocrx_word' id='word_1_770' title='bbox 2286 4643 2512 4714; x_wconf 78' lang='grc' dir='ltr'><strong>συνῆψεν</strong></span> <span class='ocrx_word' id='word_1_771' title='bbox 2552 4643 2984 4715; x_wconf 78' lang='grc' dir='ltr'><strong>ἐπιμελῶς-Καὶ</strong></span> <span class='ocrx_word' id='word_1_772' title='bbox 3023 4642 3049 4694; x_wconf 89' lang='lat'><strong>6</strong></span> <span class='ocrx_word' id='word_1_773' title='bbox 3093 4642 3489 4714; x_wconf 85' lang='grc' dir='ltr'><strong>ἑωράκαμεν,</strong></span> <span class='ocrx_word' id='word_1_774' title='bbox 3535 4648 3652 4694; x_wconf 83' lang='grc' dir='ltr'><strong>καὶ</strong></span> <span class='ocrx_word' id='word_1_775' title='bbox 3699 4647 3884 4713; x_wconf 72' lang='grc' dir='ltr'><strong>ἀπαγ-</strong></span> 
     </span>
    </p>
   </div>
   <div class='ocr_carea' id='block_1_111' title="bbox 2283 4731 3882 4806">
    <p class='ocr_par' dir='ltr' id='par_1_111' title="bbox 2283 4731 3882 4806">
     <span class='ocr_line' id='line_1_111' title="bbox 2283 4731 3882 4806; baseline -0.002 -22"><span class='ocrx_word' id='word_1_776' title='bbox 2283 4733 2592 4805; x_wconf 78' lang='grc' dir='ltr'><strong>γέλλομεν</strong></span> <span class='ocrx_word' id='word_1_777' title='bbox 2631 4734 2800 4803; x_wconf 75' lang='grc' dir='ltr'><strong>ὑμῖν,</strong></span> <span class='ocrx_word' id='word_1_778' title='bbox 2833 4731 3013 4784; x_wconf 74' lang='grc' dir='ltr'><strong>ἔχεται</strong></span> <span class='ocrx_word' id='word_1_779' title='bbox 3045 4731 3228 4784; x_wconf 81' lang='grc' dir='ltr'><strong>ἑαυτοῦ</strong></span> <span class='ocrx_word' id='word_1_780' title='bbox 3266 4751 3278 4763; x_wconf 87' lang='grc'><strong>·</strong></span> <span class='ocrx_word' id='word_1_781' title='bbox 3314 4735 3403 4783; x_wconf 81' lang='grc' dir='ltr'><strong>καὶ</strong></span> <span class='ocrx_word' id='word_1_782' title='bbox 3449 4739 3548 4782; x_wconf 86' lang='grc' dir='ltr'><strong>τῶν</strong></span> <span class='ocrx_word' id='word_1_783' title='bbox 3597 4735 3882 4806; x_wconf 69' lang='grc' dir='ltr'><strong>προθέσεων</strong></span> 
     </span>
    </p>
   </div>
   <div class='ocr_carea' id='block_1_112' title="bbox 2285 4819 3886 4896">
    <p class='ocr_par' dir='ltr' id='par_1_112' title="bbox 2285 4819 3886 4896">
     <span class='ocr_line' id='line_1_112' title="bbox 2285 4819 3886 4896; baseline -0.002 -21"><span class='ocrx_word' id='word_1_784' title='bbox 2285 4822 2378 4875; x_wconf 80' lang='grc' dir='ltr'><strong>οὐκ</strong></span> <span class='ocrx_word' id='word_1_785' title='bbox 2429 4820 2734 4896; x_wconf 65' lang='grc' dir='ltr'><strong>ἀφίσταται.</strong></span> <span class='ocrx_word' id='word_1_786' title='bbox 2789 4823 2883 4873; x_wconf 85' lang='grc' dir='ltr'><strong>Διὰ</strong></span> <span class='ocrx_word' id='word_1_787' title='bbox 2935 4829 3031 4871; x_wconf 85' lang='grc' dir='ltr'><strong>τῶν</strong></span> <span class='ocrx_word' id='word_1_788' title='bbox 3078 4819 3245 4872; x_wconf 73' lang='grc' dir='ltr'><strong>αὐτῶν</strong></span> <span class='ocrx_word' id='word_1_789' title='bbox 3285 4819 3574 4891; x_wconf 76' lang='grc' dir='ltr'><strong>κεφαλαίων</strong></span> <span class='ocrx_word' id='word_1_790' title='bbox 3631 4827 3732 4874; x_wconf 79' lang='grc' dir='ltr'><strong>καὶ</strong></span> <span class='ocrx_word' id='word_1_791' title='bbox 3791 4821 3886 4872; x_wconf 65' lang='grc' dir='ltr'><strong>έν(-</strong></span> 
     </span>
    </p>
   </div>
   <div class='ocr_carea' id='block_1_113' title="bbox 2285 4907 3884 4985">
    <p class='ocr_par' dir='ltr' id='par_1_113' title="bbox 2285 4907 3884 4985">
     <span class='ocr_line' id='line_1_113' title="bbox 2285 4907 3884 4985; baseline -0.003 -21"><span class='ocrx_word' id='word_1_792' title='bbox 2285 4915 2458 4985; x_wconf 88' lang='grc' dir='ltr'><strong>μάτων</strong></span> <span class='ocrx_word' id='word_1_793' title='bbox 2511 4913 2678 4964; x_wconf 86' lang='grc' dir='ltr'><strong>πάντα</strong></span> <span class='ocrx_word' id='word_1_794' title='bbox 2716 4907 3064 4982; x_wconf 78' lang='grc' dir='ltr'><strong>διεξέρχεται.</strong></span> <span class='ocrx_word' id='word_1_795' title='bbox 3123 4911 3215 4962; x_wconf 80' lang='grc' dir='ltr'><strong>Ὧν</strong></span> <span class='ocrx_word' id='word_1_796' title='bbox 3257 4929 3372 4960; x_wconf 88' lang='grc' dir='ltr'><strong>τινα</strong></span> <span class='ocrx_word' id='word_1_797' title='bbox 3422 4912 3576 4980; x_wconf 71' lang='grc' dir='ltr'><strong>ἡμεῖς</strong></span> <span class='ocrx_word' id='word_1_798' title='bbox 3621 4913 3722 4982; x_wconf 66' lang='grc' dir='ltr'><strong>μὲν</strong></span> <span class='ocrx_word' id='word_1_799' title='bbox 3781 4931 3884 4962; x_wconf 75' lang='grc' dir='ltr'><strong>συν-</strong></span> 
     </span>
    </p>
   </div>
   <div class='ocr_carea' id='block_1_114' title="bbox 2283 4996 3882 5074">
    <p class='ocr_par' dir='ltr' id='par_1_114' title="bbox 2283 4996 3882 5074">
     <span class='ocr_line' id='line_1_114' title="bbox 2283 4996 3882 5074; baseline -0.004 -18"><span class='ocrx_word' id='word_1_800' title='bbox 2283 5008 2452 5074; x_wconf 86' lang='grc' dir='ltr'><strong>τόμως</strong></span> <span class='ocrx_word' id='word_1_801' title='bbox 2512 5003 3051 5072; x_wconf 78' lang='grc' dir='ltr'><strong>ὑπομνηματίσομεν·</strong></span> <span class='ocrx_word' id='word_1_802' title='bbox 3117 5001 3142 5051; x_wconf 85' lang='grc' dir='ltr'>ὁ</span> <span class='ocrx_word' id='word_1_803' title='bbox 3188 4996 3247 5052; x_wconf 69' lang='grc' dir='ltr'><strong>δὲ</strong></span> <span class='ocrx_word' id='word_1_804' title='bbox 3299 5007 3578 5070; x_wconf 81' lang='grc' dir='ltr'><strong>προσεχῶς</strong></span> <span class='ocrx_word' id='word_1_805' title='bbox 3638 4999 3882 5072; x_wconf 64' lang='grc' dir='ltr'><strong>ἐντυγχώ</strong></span> 
     </span>
    </p>
   </div>
   <div class='ocr_carea' id='block_1_115' title="bbox 2283 5087 3880 5166">
    <p class='ocr_par' dir='ltr' id='par_1_115' title="bbox 2283 5087 3880 5166">
     <span class='ocr_line' id='line_1_115' title="bbox 2283 5087 3880 5166; baseline -0.004 -22"><span class='ocrx_word' id='word_1_806' title='bbox 2283 5113 2379 5144; x_wconf 88' lang='grc' dir='ltr'><strong>νων</strong></span> <span class='ocrx_word' id='word_1_807' title='bbox 2435 5093 2644 5166; x_wconf 78' lang='grc' dir='ltr'><strong>εὑρήσει</strong></span> <span class='ocrx_word' id='word_1_808' title='bbox 2687 5089 2734 5141; x_wconf 80' lang='grc' dir='ltr'><strong>ἐν</strong></span> <span class='ocrx_word' id='word_1_809' title='bbox 2788 5089 3011 5161; x_wconf 78' lang='grc' dir='ltr'><strong>ἐκατέρῳ</strong></span> <span class='ocrx_word' id='word_1_810' title='bbox 3055 5087 3246 5147; x_wconf 84' lang='grc' dir='ltr'><strong>πολλὴν</strong></span> <span class='ocrx_word' id='word_1_811' title='bbox 3305 5093 3399 5146; x_wconf 82' lang='grc' dir='ltr'><strong>τὴν</strong></span> <span class='ocrx_word' id='word_1_812' title='bbox 3453 5087 3622 5152; x_wconf 70' lang='grc' dir='ltr'><strong>ζωὴν,</strong></span> <span class='ocrx_word' id='word_1_813' title='bbox 3651 5089 3792 5142; x_wconf 79' lang='grc' dir='ltr'><strong>πολὺ</strong></span> <span class='ocrx_word' id='word_1_814' title='bbox 3835 5095 3880 5141; x_wconf 62' lang='grc' dir='ltr'><strong>τὸ</strong></span> 
     </span>
    </p>
   </div>
   <div class='ocr_carea' id='block_1_116' title="bbox 2284 5177 3880 5255">
    <p class='ocr_par' dir='ltr' id='par_1_116' title="bbox 2284 5177 3880 5255">
     <span class='ocr_line' id='line_1_116' title="bbox 2284 5177 3880 5255; baseline -0.001 -21"><span class='ocrx_word' id='word_1_815' title='bbox 2284 5190 2408 5255; x_wconf 76' lang='grc' dir='ltr'><strong>φῶς,</strong></span> <span class='ocrx_word' id='word_1_816' title='bbox 2443 5179 2740 5254; x_wconf 77' lang='grc' dir='ltr'><strong>ἀποτροπὴν</strong></span> <span class='ocrx_word' id='word_1_817' title='bbox 2785 5187 2875 5231; x_wconf 77' lang='grc' dir='ltr'><strong>τοῦ</strong></span> <span class='ocrx_word' id='word_1_818' title='bbox 2908 5183 3149 5242; x_wconf 85' lang='grc' dir='ltr'><strong>σκότους,</strong></span> <span class='ocrx_word' id='word_1_819' title='bbox 3213 5185 3410 5248; x_wconf 79' lang='grc' dir='ltr'><strong>συνεχῆ</strong></span> <span class='ocrx_word' id='word_1_820' title='bbox 3465 5181 3559 5236; x_wconf 79' lang='grc' dir='ltr'><strong>τὴν</strong></span> <span class='ocrx_word' id='word_1_821' title='bbox 3617 5177 3880 5246; x_wconf 69' lang='grc' dir='ltr'><strong>ἀλήθειαν,</strong></span> 
     </span>
    </p>
   </div>
   <div class='ocr_carea' id='block_1_117' title="bbox 2280 5269 3882 5344">
    <p class='ocr_par' dir='ltr' id='par_1_117' title="bbox 2280 5269 3882 5344">
     <span class='ocr_line' id='line_1_117' title="bbox 2280 5269 3882 5344; baseline -0.004 -21"><span class='ocrx_word' id='word_1_822' title='bbox 2280 5275 2372 5330; x_wconf 81' lang='grc' dir='ltr'><strong>τὴν</strong></span> <span class='ocrx_word' id='word_1_823' title='bbox 2403 5273 2583 5344; x_wconf 81' lang='grc' dir='ltr'><strong>χάριν,</strong></span> <span class='ocrx_word' id='word_1_824' title='bbox 2621 5273 2707 5327; x_wconf 81' lang='grc' dir='ltr'><strong>τὴν</strong></span> <span class='ocrx_word' id='word_1_825' title='bbox 2734 5271 2928 5340; x_wconf 76' lang='grc' dir='ltr'><strong>χαρὰν,</strong></span> <span class='ocrx_word' id='word_1_826' title='bbox 2983 5272 3074 5326; x_wconf 81' lang='grc' dir='ltr'><strong>τὴν</strong></span> <span class='ocrx_word' id='word_1_827' title='bbox 3129 5271 3302 5340; x_wconf 85' lang='grc' dir='ltr'><strong>σάρκα</strong></span> <span class='ocrx_word' id='word_1_828' title='bbox 3353 5271 3442 5319; x_wconf 86' lang='grc' dir='ltr'><strong>καὶ</strong></span> <span class='ocrx_word' id='word_1_829' title='bbox 3501 5269 3558 5318; x_wconf 79' lang='grc' dir='ltr'><strong>τὸ</strong></span> <span class='ocrx_word' id='word_1_830' title='bbox 3627 5269 3772 5340; x_wconf 48' lang='lat' dir='ltr'><strong>alia:</strong></span> <span class='ocrx_word' id='word_1_831' title='bbox 3797 5277 3882 5320; x_wconf 65' lang='grc' dir='ltr'><strong>τσῦ</strong></span> 
     </span>
    </p>
   </div>
   <div class='ocr_carea' id='block_1_118' title="bbox 2285 5356 3878 5432">
    <p class='ocr_par' dir='ltr' id='par_1_118' title="bbox 2285 5356 3878 5432">
     <span class='ocr_line' id='line_1_118' title="bbox 2285 5356 3878 5432; baseline -0.004 -20"><span class='ocrx_word' id='word_1_832' title='bbox 2285 5367 2498 5432; x_wconf 75' lang='grc' dir='ltr'><strong>Κυρίου,</strong></span> <span class='ocrx_word' id='word_1_833' title='bbox 2545 5364 2638 5418; x_wconf 82' lang='grc' dir='ltr'><strong>τὴν</strong></span> <span class='ocrx_word' id='word_1_834' title='bbox 2691 5364 2886 5431; x_wconf 79' lang='grc' dir='ltr'><strong>κρίσιν,</strong></span> <span class='ocrx_word' id='word_1_835' title='bbox 2931 5363 3025 5416; x_wconf 79' lang='grc' dir='ltr'><strong>τὴν</strong></span> <span class='ocrx_word' id='word_1_836' title='bbox 3084 5359 3264 5430; x_wconf 62' lang='grc' dir='ltr'><strong>ἄφεσιν</strong></span> <span class='ocrx_word' id='word_1_837' title='bbox 3315 5365 3414 5408; x_wconf 81' lang='grc' dir='ltr'><strong>τῶν</strong></span> <span class='ocrx_word' id='word_1_838' title='bbox 3463 5356 3774 5430; x_wconf 77' lang='grc' dir='ltr'><strong>ἁμαρτιῶν,</strong></span> <span class='ocrx_word' id='word_1_839' title='bbox 3801 5379 3878 5414; x_wconf 64' lang='grc' dir='ltr'><strong>τεν</strong></span> 
     </span>
    </p>
   </div>
   <div class='ocr_carea' id='block_1_119' title="bbox 2280 5447 3876 5523">
    <p class='ocr_par' dir='ltr' id='par_1_119' title="bbox 2280 5447 3876 5523">
     <span class='ocr_line' id='line_1_119' title="bbox 2280 5447 3876 5523; baseline 0.009 -29"><span class='ocrx_word' id='word_1_840' title='bbox 2280 5455 2409 5523; x_wconf 83' lang='grc' dir='ltr'><strong>πρὸς</strong></span> <span class='ocrx_word' id='word_1_841' title='bbox 2459 5452 2594 5521; x_wconf 74' lang='grc' dir='ltr'><strong>ἡμᾶς</strong></span> <span class='ocrx_word' id='word_1_842' title='bbox 2653 5447 2860 5521; x_wconf 75' lang='grc' dir='ltr'><strong>ἀγάπην</strong></span> <span class='ocrx_word' id='word_1_843' title='bbox 2913 5454 3004 5500; x_wconf 77' lang='grc' dir='ltr'><strong>τοῦ</strong></span> <span class='ocrx_word' id='word_1_844' title='bbox 3067 5455 3222 5516; x_wconf 80' lang='grc' dir='ltr'><strong>Θεοῦ,</strong></span> <span class='ocrx_word' id='word_1_845' title='bbox 3281 5454 3372 5506; x_wconf 77' lang='grc' dir='ltr'><strong>τῆς</strong></span> <span class='ocrx_word' id='word_1_846' title='bbox 3435 5451 3561 5506; x_wconf 75' lang='grc' dir='ltr'><strong>ποὺς</strong></span> <span class='ocrx_word' id='word_1_847' title='bbox 3631 5447 3876 5506; x_wconf 62' lang='grc' dir='ltr'><strong>ἀὶλὴλῦνξ</strong></span> 
     </span>
    </p>
   </div>
   <div class='ocr_carea' id='block_1_120' title="bbox 2766 5553 3552 5622">
    <p class='ocr_par' dir='ltr' id='par_1_120' title="bbox 2766 5553 3552 5622">
     <span class='ocr_line' id='line_1_120' title="bbox 2766 5553 3552 5622; baseline 0 -10"><span class='ocrx_word' id='word_1_848' title='bbox 2766 5559 2806 5594; x_wconf 72' lang='grc' dir='ltr'><strong>θ’</strong></span> <span class='ocrx_word' id='word_1_849' title='bbox 2845 5557 2864 5613; x_wconf 91' lang='lat' dir='ltr'><strong>l</strong></span> <span class='ocrx_word' id='word_1_850' title='bbox 2897 5555 3070 5611; x_wconf 84' lang='lat' dir='ltr'><strong>Joan.</strong></span> <span class='ocrx_word' id='word_1_851' title='bbox 3106 5572 3146 5622; x_wconf 86' lang='lat'><strong>1,</strong></span> <span class='ocrx_word' id='word_1_852' title='bbox 3181 5561 3225 5610; x_wconf 87' lang='lat' dir='ltr'><strong>t.</strong></span> <span class='ocrx_word' id='word_1_853' title='bbox 3331 5557 3376 5590; x_wconf 85' lang='grc'><strong>⁶²</strong></span> <span class='ocrx_word' id='word_1_854' title='bbox 3405 5553 3552 5612; x_wconf 85' lang='lat' dir='ltr'><strong>Ibid.</strong></span> 
     </span>
    </p>
   </div>
  </div>
