4020 6218
209 303 345 357 1177

199 427 337 498 ἡμᾶς
387 424 591 496 ἀγάπης
630 427 830 484 ἐντολήν
863 443 876 456 °

198 514 426 576 ἐντολάς.
458 514 516 568 Ὀ
570 514 784 588 ἔλεγχος
826 524 917 568 τοῦ
965 520 1188 588 κόσμου,
1237 525 1327 569 τοῦ
1377 515 1646 585 διαϐόλου,
1702 527 1793 573 τοῦ

195 601 572 678 Ἀντιχρίστου
615 620 627 632 '

196 694 229 750 ἡ
265 695 500 746 υἱοθεσία
537 700 628 745 τοῦ
662 701 792 747 Θεοῦ
821 711 833 722 ·
890 696 919 752 ἡ
961 691 1032 746 δι’
1069 694 1187 747 ὅλου
1237 701 1410 757 πίστις
1449 699 1595 768 ἡμῶν
1641 697 1791 751 ἁπαι-

675 606 700 662 ἣ
762 602 1042 676 ἐπαγγελία
1097 613 1188 657 τοῦ
1226 606 1377 675 ἁγίου
1438 611 1734 680 Πνεύματος
1775 628 1789 642 ·

195 787 417 853 τουμένη
452 801 463 812 ·
515 784 751 855 ὁΠατὴρ
804 788 892 836 καὶ
941 785 966 834 ὁ
1023 786 1144 846 Υἱὸς
1169 793 1445 858 πανταχοῦ
1475 805 1487 818 ο
1530 790 1620 839 καὶ
1669 786 1794 848 ὅλως

195 868 292 924 διὰ
340 873 540 924 πάντων
602 873 1114 944 χαρακτηρίζοντας,
1182 875 1268 927 ἕνα
1325 880 1414 927 καὶ
1474 878 1557 926 τὸν
1638 875 1792 928 αὐτὸν

197 967 438 1035 συνορᾲν,
483 970 574 1014 τού
613 961 934 1033 Εύαγγελίου
987 968 1076 1015 καὶ
1132 972 1226 1024 τῆς
1282 962 1562 1027 ἐπιστολῆς
1599 974 1794 1039 χρῶτα

192 1055 486 1123 πρόκειται.
537 1050 870 1110 Ἀλλοιοτάτη
920 1048 978 1104 δὲ
1041 1057 1129 1104 καὶ
1183 1053 1296 1115 ξένη
1366 1056 1510 1128 παρὰ
1545 1062 1709 1106 ταῦτα
1757 1057 1788 1113 ἡ

186 1140 553 1212 Ἀποκάλυψις
612 1159 626 1171 ⁸
692 1146 825 1213 μήτε
902 1141 1247 1214 ἐφαπτομένη,
1336 1149 1465 1215 μήτε
1517 1152 1795 1215 γειτνιῶσα

186 1233 384 1282 τούτων
439 1226 628 1302 μηδενὶ
697 1227 894 1302 σχεδὸν
959 1233 1025 1290 ὡς
1082 1232 1258 1295 εἰπεῖν,
1323 1229 1460 1303 μηδὲ
1531 1232 1792 1291 συλλαϐὴν

188 1322 322 1392 πρὸς
381 1319 510 1371 αὐτὰ
565 1323 741 1378 κοινὴν
803 1323 1046 1392 ἔχουσα·
1081 1320 1188 1372 ἀλλ’
1250 1318 1374 1374 οὐδὲ
1419 1326 1628 1393 μνήμην
1677 1324 1794 1374 τινὰ

189 1405 316 1460 οὐδὲ
394 1411 607 1472 ἔννοιαν,
676 1412 792 1460 οὔτε
846 1411 876 1466 ἡ
949 1408 1190 1468 ἐπιστολὴ
1251 1419 1340 1471 τῆς
1386 1409 1792 1480 Ἀποκαλύψεως

190 1500 305 1568 ἔχει
378 1498 464 1568 (ἐῶ
535 1500 636 1570 γὰρ
681 1502 740 1549 τό
803 1497 1130 1569 Εύαγγέιον),
1189 1503 1306 1551 οὔτε
1376 1508 1468 1561 τῆς
1513 1499 1793 1562 ἐπιστολῆς

184 1587 214 1643 ὴ
293 1585 650 1656 Ἀποκάλυψις
696 1603 708 1616 ⁸

187 1673 546 1747 ἀποφήναντὸς
610 1695 660 1727 τι
712 1682 802 1728 καὶ
853 1680 972 1745 περὶ
1026 1685 1126 1729 τῶν
1176 1677 1550 1748 ἀποκαλύψεων
1604 1678 1785 1743 αὐτοῦ,

775 1587 978 1638 Παύλου
1045 1594 1133 1640 καὶ
1181 1585 1273 1640 δια
1329 1596 1427 1639 τῶν
1480 1588 1788 1652 ἐπιστολῶν,

185 1763 244 1823 ἃς
299 1765 394 1816 ούκ
434 1763 688 1836 ἀνέγραψε
724 1765 845 1817 καθ’
873 1767 1055 1826 αὑτάς.
1094 1764 1114 1783 ⁴
1146 1767 1240 1819 Ετι
1273 1764 1331 1818 δὲ
1377 1771 1466 1819 καὶ
1509 1775 1604 1828 τῆς
1659 1769 1791 1842 φρά-
1827 1783 1866 1837 Β

187 1872 316 1914 σεως
361 1858 452 1912 τὴν
508 1851 762 1926 διαφορὰν
823 1852 938 1906 ἔστι
995 1857 1358 1928 τεκμήρασθαι
1407 1864 1498 1907 τοῦ
1552 1856 1790 1928 Εύαγγε-

182 1941 298 1994 λίου
352 1947 442 1995 καὶ
490 1951 584 2005 τῆς
628 1944 905 2003 ἐπιστολῆς
963 1947 1089 2016 πρὸς
1142 1948 1236 2003 τὴν
1287 1945 1662 2016 Ἀποκάλυψιν.
1713 1948 1791 1999 Τὰ

180 2035 278 2103 μὲν
329 2035 430 2107 γὰρ
493 2036 552 2084 ού
630 2037 781 2104 μόνον
835 2031 1134 2094 ἀπταίστως
1187 2037 1322 2085 κατά
1379 2039 1474 2092 τὴν
1536 2034 1788 2092 Ἑλλήνων

184 2125 380 2192 φωνὴν,
446 2119 574 2173 ἄλλα
643 2127 732 2173 καὶ
793 2121 1134 2192 λογιωτάταις
1188 2122 1376 2188 λέξεσι,
1443 2131 1550 2186 τοῖς
1610 2123 1789 2176 συλλο-

179 2218 427 2282 γισμοῖς,
458 2219 574 2272 ταῖς
610 2210 912 2274 συντάξεσι,
957 2218 1072 2273 ταῖς
1121 2211 1433 2284 ἑρμηνείαις,
1473 2215 1788 2285 γέγραπται.

97 2367 104 2374 _
180 2300 386 2353 Πολλοῦ
427 2319 488 2372 γε
544 2297 646 2365 δεῖ,
703 2298 966 2374 βάρϐαρόν
1032 2321 1150 2353 τινα
1196 2303 1441 2374 φθόγγον,
1523 2303 1554 2360 ἢ
1626 2302 1794 2354 σολοι-

179 2395 400 2460 κισμόν,
472 2390 501 2448 ἦ
585 2388 711 2451 ὃλως
768 2387 1082 2461 ἰδιωτισμόν
1148 2393 1195 2443 ἐν
1263 2391 1440 2453 αὐτοῖς
1500 2393 1789 2466 εὑρεθῆναι.

175 2479 450 2549 Ἑκάτερον
500 2480 600 2550 γὰρ
649 2475 809 2549 εἶχεν,
861 2482 924 2538 ὡς
976 2482 1126 2544 ἔοικε,
1177 2483 1262 2532 τόν
1318 2481 1490 2550 λόγον,
1535 2485 1629 2538 τὴν
1666 2489 1794 2551 γνῶ·

184 2589 295 2632 σιν,
365 2567 631 2640 ἀμφότερα
677 2566 818 2639 αύτῷ
871 2575 1235 2642 χαρισαμένου
1289 2577 1380 2622 τοῦ
1441 2575 1658 2641 Κυρίου,
1707 2575 1791 2622 τόν

180 2678 236 2711 τε
291 2667 383 2718 τῆς
433 2662 638 2730 σοφίας,
699 2662 790 2709 καὶ
846 2657 931 2710 τόν
989 2655 1085 2720 τῆς
1139 2665 1398 2730 γνώσεως.
1468 2666 1660 2712 Τοῦτον
1733 2657 1792 2713 δι

181 2745 540 2818 ἀποκαλύψεις
609 2749 698 2818 μὲν
755 2745 1053 2818 ἑωρακέναι,
1125 2753 1216 2800 καὶ
1285 2754 1477 2819 γνῶσιν
1535 2749 1792 2822 εἰληφέναι

181 2841 277 2888 καὶ
337 2841 670 2909 προφητείαν,
721 2835 816 2886 οὐκ
863 2835 1050 2909 ἀντερῶ
1086 2854 1097 2866 ·
1150 2834 1419 2889 διάλεκτον
1473 2842 1650 2908 μέντοι
1701 2843 1790 2890 καὶ

179 2927 432 2996 γλῶσσαν
481 2925 575 2976 οὐκ
644 2923 870 2998 ἀκριϐῶς
924 2924 1294 2986 ἑλληνίζουσαν
1365 2925 1525 2978 αὐτοῦ
1595 2925 1787 2999 βλέπω,

181 3013 296 3065 ἀλλ’
354 3011 611 3086 ἰδιῶμασι
655 3011 1001 3086 βαρϐαρικοῖς
1054 3020 1346 3089 χρώμενον,
1392 3020 1480 3067 καί
1546 3036 1645 3068 που
1705 3036 1790 3068 σος

177 3105 501 3164 λοικίζοντα.
555 3102 716 3176 Ἀπερ
776 3103 870 3156 οὐκ
927 3103 1207 3174 ἀναγκαῖον
1257 3112 1344 3156 νῦν
1390 3105 1551 3176 λέγειν
1596 3122 1608 3135 ·
1663 3102 1787 3158 ούδέ
1825 3145 1865 3203 C

179 3196 289 3265 γὰρ
333 3197 691 3259 ἐπισκώπτων,
749 3197 821 3265 μή
853 3213 932 3256 τις
973 3198 1192 3266 νομίσῃ,
1246 3202 1412 3247 ταῦτα
1457 3194 1619 3261 εἶπον,
1662 3196 1789 3249 ἀλλὰ

180 3288 340 3357 μόνον
388 3288 480 3342 την
528 3282 875 3355 ἀνομοιότητα
913 3280 1194 3336 διευθύνων
1237 3286 1432 3336 τούτων
1501 3293 1599 3336 τῶν
1660 3305 1786 3360 γρα-

182 3383 314 3446 φῶν.
359 3395 386 3426 ›)
427 3381 605 3426 Ταῦτα
641 3373 688 3424 ἐν
848 3370 1067 3447 δευτέρᾳ
1104 3382 1202 3425 τῶν
1243 3373 1558 3444 ἐπαγγελιῶν
1614 3378 1788 3427 Διονύ.

187 3483 301 3524 σιος
337 3469 425 3517 καὶ
457 3469 572 3536 περὶ
623 3473 719 3524 τῆς
767 3462 1004 3516 Ἰωάννου
1046 3463 1057 3482 ’
1085 3463 1474 3534 Αποκαλύψεως
1512 3468 1640 3536 πρὸς
1693 3469 1787 3518 Νέ-

179 3572 338 3608 πωτα
363 3552 694 3624 ἐνιστάμενος
714 3556 905 3625 εἴρηκε.

1239 303 1806 388 ECCLESlASTIC/E
1845 305 2212 363 HISTORIIE
2249 307 2384 364 LIB.
2425 309 2520 366 Vl.

929 429 996 488 ὡς
1032 429 1208 489 πάσας
1259 425 1343 481 δεῖ
1386 429 1667 501 φυλάσσειν
1704 434 1787 491 τὰς

1905 431 2306 497 dilectionem,
2338 431 2612 490 fraternae
2637 434 2788 491 inter
2818 451 2928 492 nos
2959 433 3260 492 charitatis
3301 434 3561 491 manda-

3423 309 3559 366 1178

1905 526 2054 587 tum,
2096 528 2533 593 praeceptorum
2568 525 2838 580 omnium
2855 523 3564 590 observationem,redar-

1904 611 2210 679 gutionem
2253 612 2486 676 mundi,
2529 613 2773 683 diaboli,
2825 613 3184 676 Antichristi.
3216 614 3562 684 promissio-

1903 716 2042 754 nem
2102 700 2352 772 Spiritus
2419 702 2626 768 sancti,
2685 702 3074 774 adoptionem
3120 703 3380 758 ﬁliorum
3435 702 3560 767 Dei,

1902 788 2084 845 ﬁdem
2137 806 2273 862 quae.
2327 806 2431 863 per
2469 793 2674 848 omnia
2705 809 2740 848 a
2778 793 2953 848 nobis
3002 792 3275 863 exigitur.
3308 795 3370 848 Et
3395 793 3562 864 quod

1903 881 2070 935 Pater
2099 886 2154 936 et
2191 879 2372 935 Filius
2428 881 2650 952 ubique
2701 881 3109 953 designentur,
3141 882 3448 954 quodque,
3499 885 3562 936 ut

1902 971 2248 1025 summatim
2289 969 2509 1035 dicam,
2543 971 2590 1024 si
2619 985 2830 1027 omnes
2870 970 3170 1041 Evangelii
3211 976 3267 1026 et
3296 969 3561 1042 epistola!

1902 1059 2074 1130 quasi
2105 1059 2341 1114 dicendi
2373 1058 2596 1114 formas
2614 1073 2818 1115 notare
2851 1060 3074 1129 lubeat,
3103 1061 3219 1115 vim
3253 1060 3563 1131 utriusque

1903 1153 2191 1219 tanquam
2217 1147 2384 1203 ﬁlum
2411 1150 2696 1204 orationis
2727 1149 3196 1205 animadvertere
3224 1149 3282 1204 in
3316 1148 3562 1218 proclivi

1902 1237 2030 1292 erit.
2058 1237 2368 1307 Peregrina
2392 1244 2595 1294 autem
2625 1245 2681 1294 et
2709 1238 2906 1294 aliena
2941 1255 3188 1310 prorsus
3233 1238 3310 1294 ab
3341 1237 3434 1292 his
3475 1244 3564 1294 est

1901 1325 2312 1398 Apocalypsis,
2342 1341 2537 1399 neque
2577 1327 2689 1383 illis
2723 1328 3052 1392 cohaerens,
3075 1343 3270 1398 neque
3290 1327 3564 1399 proxime

1900 1415 1978 1470 ad
2009 1431 2080 1471 ea
2105 1415 2417 1480 accedens,
2451 1432 2522 1471 ex
2537 1416 2740 1488 aliqua
2756 1422 2958 1488 parte;
2987 1417 3378 1488 quippeqnaa,
3410 1431 3562 1487 pene

1898 1503 2172 1570 dixerim,
2208 1519 2279 1558 ne
2310 1504 2602 1576 syllabam
2641 1505 2885 1578 quidem
2913 1521 3302 1562 communem
3317 1520 3456 1560 cum
3474 1503 3558 1558 eis

1897 1593 2138 1648 habeat.
2165 1595 2279 1650 Sed
2323 1609 2517 1664 neque
2569 1595 2932 1650 mentionem
2963 1594 3164 1660 ullam,
3198 1609 3392 1665 neque
3433 1609 3561 1648 sen-

1898 1682 2165 1748 tentiam,
2210 1683 2300 1737 vel
2351 1683 2609 1754 epistola
2669 1683 3064 1756 Apocalypsis
3121 1683 3352 1756 (omitto
3403 1682 3564 1737 enim

1901 1771 2308 1843 Evangelium)
2333 1771 2424 1826 vel
2446 1772 2844 1843 Apocalypsis
2874 1772 3140 1844 epistolae
3169 1771 3351 1828 habet
3383 1788 3396 1826 ε
3423 1787 3562 1826 cum

1898 1861 2144 1933 quidem
2173 1861 2413 1924 Paulus,
2437 1861 2663 1933 aliquid
2712 1861 2890 1918 etiam
2930 1863 2991 1917 in
3023 1861 3290 1932 epistolis
3325 1861 3449 1916 suis
3487 1860 3565 1916 de

1897 1950 2364 2006 revelationibus
2396 1951 2520 2004 suis
2552 1949 2851 2016 ostendat,
2880 1967 3035 2022 quas
3066 1958 3262 2006 tamen
3300 1951 3462 2022 ipsas
3499 1951 3562 2004 in

1899 2038 2185 2110 scriptum
2221 2038 2522 2111 peculiare
2572 2055 2696 2095 non
2752 2039 2973 2096 retulit.
3030 2043 3316 2095 Praeterea
3354 2038 3564 2093 discri-

1900 2143 2038 2183 men
2069 2127 2424 2184 elocutionis
2481 2128 2781 2197 Evangelii
2838 2134 2896 2184 et
2943 2129 3209 2200 epistola
3256 2127 3333 2184 ad
3367 2127 3560 2199 ipsius

1898 2217 2291 2289 Apocalypsis
2319 2217 2568 2273 ductum
2600 2217 2875 2287 colligere
2907 2224 2963 2273 et
2998 2224 3204 2274 notare
3229 2217 3386 2273 licet.
3425 2217 3563 2272 Haec

1899 2307 2059 2361 enim
2082 2321 2204 2361 non
2228 2306 2420 2360 solum
2455 2322 2575 2362 non
2608 2307 2852 2371 vitiosis,
2872 2307 3045 2378 juxta
3075 2309 3416 2362 Graecorum
3446 2319 3564 2360 ser-

1902 2395 2478 2458 monem,sedetiam
2495 2396 2808 2468 exquisitis
2836 2401 2891 2451 et
2917 2396 3168 2466 egregiis
3201 2394 3416 2459 verbis,
3449 2393 3563 2465 syl-

1897 2483 2188 2552 logismis,
2240 2483 2808 2554 compositionibus,
2861 2490 2918 2539 et
2969 2482 3560 2554 interpretationibus

1901 2573 2118 2642 scripta
2139 2577 2295 2626 sunt.
2328 2575 2577 2628 Tantum
2607 2573 2830 2629 scilicet
2859 2575 3116 2638 abest,ut
3144 2572 3472 2628 barbarum
3500 2571 3562 2625 in

1899 2662 1983 2717 eis
2015 2677 2222 2716 vocem
2250 2661 2538 2733 aliquam,
2571 2667 2674 2717 aut
2700 2661 3129 2727 solmcismum,
3155 2666 3256 2717 aut
3313 2661 3562 2715 omnino

1897 2751 2292 2806 rusticitatem
2324 2753 2583 2822 reperias
2611 2768 2624 2806 :
2658 2757 2974 2824 utrumque
3003 2751 3186 2816 enim,
3215 2755 3276 2805 ut
3307 2749 3558 2818 videtur,

1897 2839 2102 2894 habuit
2127 2840 2355 2894 donum
2389 2846 2446 2894 et
2498 2840 2793 2896 sermonis
2831 2845 2887 2894 et
2917 2839 3314 2908 intelligentiae
3349 2856 3364 2906 ;
3408 2845 3564 2894 utra-

1898 2945 2015 3000 que
2041 2929 2090 2984 ei
2118 2945 2153 2984 a
2195 2930 2446 2984 Domino
2470 2933 2527 2982 et
2559 2928 2865 3000 sapientia:
2921 2934 2978 2984 et
3028 2928 3386 2998 cognitionis
3419 2943 3566 2982 con-

1898 3034 2072 3073 cessa
2099 3019 2308 3087 gratia.
2342 3017 2522 3090 418
2557 3021 2718 3073 Hunc
2758 3025 2958 3074 autem
2984 3017 3376 3073 revelationes
3425 3017 3561 3088 qui-

1898 3108 2036 3162 dem
2049 3107 2284 3171 vidisse,
2317 3107 2752 3180 scientiamque
2767 3115 2818 3162 et
2843 3107 3218 3179 prophetiam
3237 3104 3560 3178 accepisse,

1897 3212 2019 3251 non
2043 3212 2112 3251 eo
2144 3195 2377 3252 inﬁcias
2411 3213 2425 3251 :
2461 3201 2744 3252 caeterum
2768 3197 2826 3251 in
2849 3199 3116 3253 oratione
3151 3213 3260 3251 sua
3279 3212 3417 3252 eum
3446 3211 3562 3250 ser-

1898 3300 2141 3340 monem
2171 3287 2437 3341 Graecum
2463 3291 2738 3342 accurate
2767 3301 3002 3341 servare
3042 3301 3162 3340 non
3195 3285 3389 3340 video.
3415 3287 3562 3341 Nam

1897 3383 1953 3429 et
1985 3373 2223 3429 rusticis
2265 3375 2680 3441 barbarismis,
2715 3382 2771 3431 et
2813 3375 3165 3432 solmcismis
3203 3374 3420 3430 alicubi
3450 3375 3560 3429 uti-

1897 3470 2009 3531 tur,
2037 3479 2190 3534 quos
2221 3465 2466 3536 quidem
2515 3466 2574 3520 in
2631 3465 2949 3536 praesentia
2993 3465 3281 3520 adnotare
3327 3479 3448 3517 non
3469 3468 3564 3517 est

1894 3569 2160 3608 necesse.
2202 3555 2316 3609 Nec
2345 3554 2673 3626 quisquam
2706 3555 2834 3609 haec
2873 3553 3097 3608 dixisse
3133 3567 3227 3606 me
3266 3551 3564 3606 existimet

176 3642 560 3701 conviciandi
593 3649 648 3696 et
678 3641 1152 3713 reprehendendi
1193 3641 1416 3705 animo,
1444 3641 1550 3696 sed
1595 3646 1658 3696 ut
1703 3641 2257 3696 dissimilitudinem
2301 3647 2532 3698 tantum
2563 3642 2994 3712 scripturarum
3041 3641 3290 3695 istarum
3330 3639 3565 3694 indica-

175 3747 308 3788 rem
337 3739 514 3804 atque
544 3732 906 3802 expedirem.
944 3751 968 3782 ν
995 3733 1185 3803 Atque
1217 3731 1346 3786 haec
1385 3730 1445 3784 in
1499 3732 1825 3803 posteriore
1871 3731 2024 3787 libro
2056 3730 2548 3800 Promissionum,
2589 3747 2728 3786 cum
2778 3733 2999 3802 Nepote
3057 3743 3438 3799 congressus,
3486 3727 3562 3784 de

179 3822 430 3877 Joannis
459 3821 814 3892 Apocalpysi
857 3821 1176 3892 Dionysius
1198 3820 1452 3891 scripsit.

792 3928 1037 3982 ΚΕΦΑΛ.
1075 3925 1192 3980 ΚΔ’.

182 4034 341 4108 Περί
396 4041 512 4086 τῶν
561 4034 760 4086 ἄλλων
814 4033 1171 4086 ἐπιστολῶν
1233 4038 1348 4084 τοῦ
1390 4037 1784 4108 ΔΔιονυσίου,

426 4111 532 4158 καὶ
583 4115 701 4159 τῶν
748 4107 1276 4178 συγγραμμάτων
1331 4104 1550 4159 αὐτοῦ.

258 4211 452 4266 Πολλαὶ
507 4208 565 4265 δὲ
594 4218 684 4265 καὶ
736 4212 886 4264 ἄλλαι
939 4211 1178 4264 πλεῖσται
1216 4218 1306 4263 τοῦ
1350 4211 1615 4283 εἰρημένου
1649 4214 1785 4264 θείου

1215 4319 1267 4352 τε
1322 4303 1458 4352 κατὰ
1515 4300 1785 4352 Σαϐελλίου

183 4299 380 4375 ἀνδρὸς
425 4300 694 4354 ἐπιστολαὶ
748 4305 987 4375 φέρονται
1031 4317 1044 4330 ⁸
1106 4303 1161 4352 αἶ

180 4396 316 4464 πρὸς
368 4392 381 4411 ’
417 4397 697 4464 Αμμωνᾱν,
775 4397 870 4450 τὴν
942 4394 1240 4463 Βερονικέων
1314 4393 1600 4448 ἐπισκοπὴν
1673 4387 1784 4442 διέ-

179 4501 348 4534 ποντα
379 4500 391 4514 ’
442 4483 516 4533 ἔτι
558 4478 616 4532 δὲ
645 4482 675 4539 ἠ
733 4484 860 4554 πρὸς
916 4481 1226 4552 Τελεσφόρον
1265 4485 1351 4532 καὶ
1414 4483 1539 4550 πρὸς
1583 4479 1784 4550 Εὐφρά-

178 4588 348 4642 νορα·
403 4574 493 4621 καὶ
543 4569 695 4621 πάλιν
742 4572 870 4642 πρὸς
925 4569 937 4588 ’
967 4570 1227 4640 Αμμωνᾶν
1281 4587 1336 4620 τε
1387 4574 1475 4620 καὶ
1528 4568 1780 4642 Εὖπορον.

182 4663 309 4732 Περὶ
355 4654 414 4712 δὲ
469 4665 564 4720 τῆς
593 4659 754 4720 αὐτῆς
813 4659 1124 4721 ὑποθέσεως,
1201 4663 1291 4710 καὶ
1347 4657 1493 4730 ἔτερα
1548 4661 1783 4730 τέσσαρα

182 4749 537 4820 ὑπομνήματα
595 4751 800 4820 γράφει,
881 4755 952 4818 τῷ
1043 4749 1178 4798 κατὰ
1251 4746 1448 4816 Ῥώμην
1526 4747 1782 4818 ὁμωνύμῳ

183 4837 325 4908 αύτῷ
375 4837 642 4907 ἐπισκοπῶ
689 4844 1024 4909 προσφωνῶν.
1079 4834 1190 4887 Ἔτι
1243 4832 1301 4887 δὲ
1349 4839 1437 4886 καὶ
1475 4839 1616 4906 παρά
1660 4837 1783 4885 ταύ-

181 4947 279 4988 τας
316 4927 468 4978 ἄλλαι
508 4926 714 4985 πλείους
746 4926 874 4977 εἰσὶν
910 4924 1180 4976 ἐπιστολαί
1208 4941 1220 4954 ’
1263 4923 1407 4993 λόγοι
1435 4923 1499 4975 ’τε
1539 4923 1782 4974 πολύστρ-

881 4755 952 4818 τῷ

182 5036 299 5088 χοι,
364 5015 413 5067 έν
493 5014 778 5067 ἐπιστολῶν
849 5022 1157 5086 χαρακτῆρι
1225 5016 1698 5087 συγκεκροτημένοι
1764 5032 1775 5044 ·

183 5108 359 5178 ὥσπερ
391 5105 479 5166 οὕς
502 5106 736 5176 Τιμοθέῳ
761 5113 833 5175 τῷ
863 5100 1018 5156 παιδὶ
1042 5105 1310 5155 συντάττει
1353 5107 1502 5174 Περὶ
1537 5104 1610 5174 φύ
1628 5120 1744 5154 σεω
1762 5121 1783 5162 ς

955 5209 968 5222 ⁸
1021 5197 1112 5244 καὶ
1152 5194 1175 5245 ὁ
1222 5197 1379 5266 Περὶ
1417 5199 1782 5263 πειρασμῶν

1155 5287 1244 5334 καὶ
1283 5285 1410 5353 πρὸς
1467 5278 1782 5340 Βασιλείὸην

184 5199 280 5252 τὴν
340 5192 629 5267 ἐπιγραφὴν
687 5196 904 5265 ἔχοντας

186 5284 478 5356 Εὐφράνορι
536 5285 1030 5357 προσπεφωνημένος
1083 5300 1096 5312 ·

186 5370 245 5425 δὲ
293 5374 504 5445 γράφων
558 5381 656 5423 τῶν
703 5375 838 5422 κατὰ
905 5368 1214 5422 Πεντάπολιν
1264 5370 1544 5422 ἐπίσκοπον
1594 5389 1783 5445 παροι-

181 5470 330 5525 κιῶν,
401 5463 676 5533 καταρχὰς
735 5457 999 5512 δείκνυσιν
1055 5458 1232 5510 ἑαυτὸν
1295 5461 1644 5531 ὑπομνήματα
1711 5459 1780 5520 εἰς

181 5556 268 5603 τὸν
298 5551 711 5608 Ἐκκλησιαστὴν
749 5553 1064 5620 γεγραφότα.
1126 5549 1370 5619 Διάφοροι
1423 5547 1482 5602 δὲ
1520 5555 1605 5601 καὶ
1650 5552 1781 5621 πρὸς

185 5640 341 5694 αὐτόν
371 5640 474 5695 εἰσι
516 5639 786 5694 σταλεῖσαι
826 5637 1113 5693 ἐπιστολαί.
1156 5639 1384 5711 Γέγραφε
1423 5634 1482 5691 δὲ
1519 5643 1608 5691 καὶ
1645 5641 1780 5691 κατὰ

2517 3925 2745 3982 CAPUT
2780 3925 2956 3982 XXIV.

1938 4037 2021 4092 De
2048 4035 2188 4092 aliis
2218 4033 2489 4104 Dionysii
2517 4032 2803 4102 epistolis,
2844 4031 3206 4103 scriptisque
3235 4030 3523 4098 ejusdem.

1971 4215 2192 4268 Suntet
2229 4211 2358 4267 aliis
2399 4209 2674 4282 plurimae,
2708 4208 2892 4264 divini
2935 4208 3064 4278 ejus
3095 4208 3200 4262 viri
3241 4207 3504 4280 epistolae
3543 4226 3557 4264 :

1897 4306 2186 4357 utcontra
2215 4299 2560 4365 Sabellium,
2597 4299 2673 4354 ad
2702 4299 3059 4354 Ammonem
3108 4298 3559 4354 Beronicensem

1894 4391 2271 4461 episcopum,
2305 4389 2445 4444 item
2480 4405 2616 4460 quae
2655 4388 2732 4442 ad
2785 4388 3210 4457 Telesphorum
3251 4393 3308 4442 et
3335 4387 3411 4442 ad
3447 4387 3564 4442 Eu-

1893 4481 2277 4552 phranorem,
2307 4483 2362 4534 et
2389 4494 2631 4533 rursum
2654 4493 2791 4549 quae
2813 4478 2888 4532 ad
2913 4479 3272 4532 Ammonem
3296 4481 3353 4532 et
3371 4477 3564 4548 Eupo-

1891 4585 2025 4624 rum
2065 4574 2154 4624 est
2196 4569 2433 4638 scripta.
2485 4566 2840 4639 Composuit
2901 4570 3186 4637 praeterea
3232 4566 3291 4620 in
3344 4565 3558 4621 eodem

1891 4662 2248 4726 argumento
2296 4657 2481 4712 libros
2523 4662 2804 4729 quatuor,
2849 4656 2925 4712 ad
2980 4655 3401 4725 cognominem
3443 4654 3556 4709 sibi

1892 4749 2231 4803 Romanum
2278 4747 2656 4818 episcopum.
2714 4746 2964 4815 Insuper
3015 4743 3147 4799 aliae
3189 4743 3388 4811 plures
3419 4749 3562 4799 sunt

1893 4837 2186 4906 epistolae,
2217 4842 2271 4892 et
2305 4837 2606 4892 orationes
2639 4835 2885 4907 prolixae
2918 4833 3072 4889 inter
3109 4833 3389 4904 epistolas
3415 4847 3563 4888 con—

1893 4933 2254 4981 numeratazz
2278 4925 2616 4998 sicutiquas
2639 4923 2946 4980 Timotheo
2979 4937 3164 4993 puero
3181 4921 3557 4993 conscripsit,

1892 5014 2339 5086 inscriptionem
2394 5014 2701 5081 habentes,
2746 5014 2828 5068 De
2878 5018 3124 5067 natura.
3161 5010 3339 5067 Sicuti
3379 5011 3556 5065 etiam

1892 5108 1975 5158 est
2003 5119 2072 5158 ea
2116 5119 2300 5175 quam
2329 5103 2404 5157 ad
2431 5102 2879 5173 Euphranorem
2919 5099 3280 5171 composuit,
3327 5101 3408 5155 De
3436 5106 3560 5154 ten-

1892 5192 2231 5249 tationibus.
2254 5192 2342 5246 Ad
2391 5191 2706 5247 Basilidem
2768 5195 2968 5245 autem
3000 5188 3388 5245 ecclesiarum
3418 5188 3560 5242 Pen-

1891 5282 2355 5352 tapolitanarum
2386 5282 2739 5350 episcopum
2771 5279 3058 5337 scribens,
3093 5278 3171 5332 ab
3198 5279 3363 5332 initio
3394 5292 3558 5332 com-

1891 5372 2212 5426 mentarios
2241 5385 2301 5424 se
2332 5369 2750 5438 composuisse
2784 5366 3008 5422 indicat
3028 5367 3087 5421 in
3117 5365 3558 5422 Ecclesiastem.

1888 5460 2147 5514 Diversae
2189 5459 2367 5514 etiam
2416 5457 2490 5512 ad
2537 5458 2736 5528 ipsum
2787 5455 2942 5512 datae
2993 5455 3276 5526 epistolae.
3315 5454 3561 5526 Scripsit

1889 5549 2093 5606 itidem
2130 5552 2336 5602 contra
2376 5545 2621 5602 Paulum
2655 5547 3117 5602 Samosatenum
3150 5550 3206 5600 et
3242 5547 3552 5600 Manetem.

1888 5638 1992 5712 qui
2017 5653 2087 5693 eo
2116 5643 2381 5708 tempore
2434 5634 2808 5693 exstiterunt.
2843 5637 2919 5691 De
2978 5634 3063 5691 eis
3098 5640 3300 5691 autem
3342 5639 3554 5707 postea
