4020 6218
525 285 662 341 1179

1887 279 2278 338 NICEPHORI
2318 279 2642 337 CALLISTI

3729 283 3836 338 1180

510 410 804 468 dicemus.
839 412 987 468 Cum
1031 415 1232 468 autem
1270 411 1346 468 ad
1387 410 1638 468 multam
1675 409 2040 482 pervenisset
2079 423 2162 464 se-

2281 407 2486 462 Παύλου
2538 413 2628 460 τοῦ
2699 408 3036 477 Σαμοσάτέως
3091 407 3181 456 καὶ
3247 406 3486 468 Μάνητος
3541 410 3654 458 κατ’

512 507 833 568 nectutem,
858 501 1220 558 duodecimo
1257 501 1494 573 imperii
1534 500 1758 558 Galieni
1806 515 1967 555 anno
2009 515 2170 555 mor-

513 595 648 648 tuus
679 597 786 656 est,
829 607 950 664 quo
995 597 1262 662 tempore
1306 597 1513 646 contra
1549 589 1798 645 Paulum
1838 590 2168 646 Samosata-

509 695 660 737 num
697 680 1020 738 Antiochiae
1053 681 1324 753 synodus
1351 687 1438 736 est
1467 685 1694 736 coacta.

1131 897 1356 952 CAPUT
1393 897 1544 951 XXV.

514 1003 656 1072 Quae
686 1003 758 1060 de
785 1003 1068 1074 Dionysio
1099 1001 1517 1060 Alexandrino
1547 1003 1609 1057 in
1639 1003 1896 1074 quadam
1917 1001 2168 1073 epistola

932 1075 1156 1132 scribat
1181 1091 1432 1146 magnus
1457 1074 1740 1132 Basilius.

581 1257 720 1322 Quae
751 1271 888 1311 vero
915 1254 990 1310 de
1029 1255 1294 1326 Dionysii
1316 1254 1482 1310 libris
1513 1253 1775 1312 Basilius
1819 1256 2063 1324 Magnus
2091 1255 2168 1311 ad

507 1345 831 1401 Maximum
879 1343 1302 1416 philosophum
1349 1345 1588 1412 scribat,
1615 1345 1966 1400 addendum
2005 1347 2168 1402 hisce

504 1435 733 1508 putavi.
772 1457 800 1484 «
838 1435 978 1500 Quae
1036 1435 1307 1507 inquiris,
1345 1435 1561 1506 inquit,
1607 1435 1872 1508 Dionysii
1923 1437 2164 1507 scripta,

505 1524 767 1596 plurima
799 1523 874 1579 ad
903 1539 1014 1578 nos
1059 1539 1399 1593 pervenere.
1431 1523 1602 1588 Quod
1643 1531 1842 1580 autem
1880 1525 2168 1581 librorum

507 1630 715 1670 eorum
753 1614 928 1686 copia
960 1613 1139 1686 419
1163 1613 1336 1668 nobis
1383 1629 1504 1668 non
1545 1621 1632 1668 est
1661 1621 1974 1686 propterea
2011 1618 2086 1669 ad
2119 1619 2170 1670 te

503 1719 626 1759 non
656 1704 948 1760 misimus.
977 1703 1056 1758 De
1085 1703 1306 1773 quibus
1348 1703 1428 1758 sic
1457 1709 1658 1758 nostra
1707 1707 1794 1758 est
1847 1705 2160 1760 sententia.

501 1795 629 1850 Non
664 1793 870 1849 omnia
905 1791 1034 1863 ejus
1065 1793 1170 1848 viri
1221 1791 1542 1848 laudamus
1575 1809 1778 1862 opera.
1815 1795 1960 1850 Sunt
1991 1795 2170 1850 etiam

505 1881 798 1938 nonnulla
822 1899 957 1954 quae
991 1899 1233 1954 prorsus
1276 1882 1667 1952 abrogamus.
1703 1885 1838 1939 Fere
1875 1885 2034 1940 enim
2067 1886 2173 1940 im-

505 1971 740 2044 pietatis
779 1972 964 2042 istius,
990 1988 1124 2044 qute
1167 1987 1327 2026 nunc
1375 1973 1602 2043 passim
1643 1971 2003 2042 divulgatur,
2035 1990 2172 2030 eam

503 2061 640 2116 dico
666 2077 802 2133 quae
851 2064 985 2113 κατά
1039 2065 1095 2113 τὸ
1155 2059 1412 2132 ἀνόμοιον,
1479 2061 1602 2116 sive
1654 2061 1728 2117 de
1777 2062 2170 2135 inaequalitate

505 2157 615 2216 est,
647 2159 942 2223 quantum
989 2167 1099 2220 ego
1154 2151 1298 2216 scio,
1333 2151 1460 2222 ipse
1501 2152 1729 2222 primus
1783 2155 2171 2210 seminarium

505 2241 759 2312 praebuit
792 2263 803 2296 :
841 2255 962 2295 non
999 2240 1093 2295 ille
1146 2239 1392 2313 quidem
1449 2241 1834 2312 improbitate
1867 2243 2079 2298 mentis
2117 2251 2173 2302 et

513 2331 834 2395 sententias,
871 2329 972 2385 sed
1005 2330 1169 2402 quod
1195 2329 1604 2386 vehementius
1636 2332 1950 2404 acriusque
1977 2349 2172 2405 oppu-

506 2433 690 2490 gnare
724 2418 1050 2475 Sabellium
1074 2419 1542 2486 voluerit.0uem
1569 2435 1680 2489 ego
1713 2435 2062 2492 comparare
2084 2441 2174 2478 so-

509 2509 647 2564 litus
691 2525 825 2564 sum
883 2509 1226 2580 plantatori,
1259 2509 1363 2580 qui
1416 2526 1552 2564 cum
1595 2511 1910 2566 incurvum
1945 2513 2170 2568 tenella:

509 2597 740 2654 arboris
780 2603 1000 2654 statum
1060 2597 1267 2653 sedulo
1334 2599 1626 2669 corrigere
1667 2599 1924 2668 studeat,
1955 2601 2172 2656 deinde

509 2686 840 2742 immodica
891 2688 1240 2742 attractione
1299 2695 1520 2758 peccet,
1562 2703 1598 2743 a
1665 2688 1862 2744 medio
1915 2689 2168 2758 aberret,

509 2776 904 2848 plantamque
935 2777 1128 2848 ipsam
1155 2777 1214 2832 in
1245 2777 1606 2832 contrariam
1629 2777 2051 2850 diversamque
2075 2779 2172 2834 de-

510 2865 692 2920 ducat
713 2863 990 2921 formam.
1023 2865 1230 2920 Simile
1247 2864 1542 2936 quiddam
1558 2865 1714 2921 enim
1731 2873 1786 2922 et
1809 2867 1870 2922 in
1903 2868 2015 2922 hoc
2046 2869 2170 2924 viro

509 2953 732 3010 factum
773 2969 902 3009 esse
933 2955 1461 3026 deprehendimus.
1499 2954 1593 3010 Ille
1629 2957 1788 3011 enim
1833 2957 2029 3012 acrius
2056 2957 2168 3012 im-

507 3043 706 3115 pietati
735 3043 933 3116 Libyci
966 3043 1224 3098 haeretici
1258 3059 1639 3112 congressus,
1681 3059 1802 3100 non
1839 3047 2040 3112 sensit,
2083 3047 2167 3102 ni-

2278 505 2463 572 καιροῦ
2520 499 2814 569 φανέντων’
2873 499 2991 566 περὶ
3056 494 3124 545 ὧν
3183 493 3414 568 ἐροῦμεν.
3467 493 3562 557 Ei;
3623 492 3750 568 βαθὺ
3795 497 3832 552 δὲ

2277 595 2445 662 γῆρας
2502 585 2784 654 ἐληλακὼς,
2853 583 3066 654 τιλευτᾷ
3118 586 3253 636 κατὰ
3297 587 3356 636 τὸ
3421 580 3718 638 δωδέκατον
3763 591 3836 650 ita;

2277 684 2370 736 τῆς
2411 675 2664 736 Γαλιηνοῦ
2707 673 2907 748 ἀρχῆς,
2967 674 3192 731 ὁπηνίκα
3247 674 3276 732 ἡ
3329 676 3465 726 κατά
3493 681 3590 726 τοὺ
3637 681 3838 746 Σαμόσα-

2277 769 2398 828 τέως
2429 765 2634 818 Παύλου
2653 767 2701 817 ἓν
2731 765 2744 788 ’
2765 767 3054 835 Αντιοχείᾳ
3081 766 3364 816 συνίστατο
3395 757 3642 825 σύνοδος.

2860 891 3108 944 ΚΕΦΑΛ.
3152 887 3260 942 κε’
3293 927 3309 942 .

2279 997 2400 1070 Οἷα
2455 999 2482 1050 ὁ
2545 1001 2748 1070 μέγας
2813 994 3155 1058 Βασίλειος
3214 999 3363 1070 περὶ
3423 1003 3544 1070 τοῦ.
3613 993 3848 1070 Ἀλεξιν.

2350 1065 2577 1142 δρείας
2637 1065 2986 1122 Άιονυσίου
3053 1071 3112 1120 ἓν
3169 1065 3470 1119 τινιτῶν
3523 1065 3848 1120 ἐπιστολῶν

2349 1141 2550 1194 αὐτοῦ
2589 1161 2663 1216 γρ
2682 1143 2858 1213 (ipsi.

2353 1270 2474 1337 Περὶ
2509 1261 2569 1318 δὲ
2600 1273 2697 1316 τῶν
2754 1267 3027 1316 Διονυσίου
3084 1264 3538 1334 συγγραμμάτων,
3602 1261 3738 1314 οἵαό
3783 1282 3852 1315 πο-

2277 1353 2368 1416 λὺς
2409 1359 2498 1406 καὶ
2553 1357 2716 1426 μέγας
2771 1353 3040 1412 Βασίλειος
3079 1356 3204 1426 πρὸς
3243 1350 3482 1424 Μαξίμον
3549 1355 3638 1403 τὸν
3681 1351 3854 1422 φιλόσο-

2279 1463 2368 1516 φον
2423 1443 2632 1515 γράφει,
2687 1442 2840 1494 καλὸν
2883 1445 2933 1493 ἒν
3005 1449 3076 1512 τῷ
3119 1445 3338 1514 παρόντι
3387 1441 3702 1514 παραθεῖναι
3757 1460 3858 1512 συγ-

2277 1533 2573 1606 γράμματι.
2621 1553 2649 1580 ‹‹
2696 1531 2758 1582 Ἀ
2802 1527 2862 1583 δὲ
2911 1529 3196 1598 ἐπιζητεῖς,
3257 1533 3409 1602 φησὶ,
3461 1537 3556 1581 τοῦ
3617 1535 3856 1581 Διονυσίου

2283 1623 2691 1694 συγγράμματα,
2763 1617 2886 1678 ἦλθε
2945 1622 3077 1690 πρὸς
3141 1621 3302 1690 ἡμᾶς,
3355 1623 3446 1670 καὶ
3503 1620 3644 1670 πάνυ
3701 1618 3854 1672 πολλά.

2281 1710 2356 1764 Οὐ
2392 1713 2618 1786 πάρεστί
2652 1729 2709 1781 γε
2747 1713 2850 1781 μὴν
2901 1710 2968 1760 τὰ
2997 1706 3182 1780 βιϐλία
3221 1725 3234 1740 ο
3289 1703 3472 1782 διόπερ
3515 1707 3614 1759 οὐκ
3654 1706 3860 1760 ἀπεστεί-

2279 1799 2456 1872 λαμεν.
2489 1799 2719 1872 ’Ἐχομεν
2752 1796 2810 1851 δὲ
2856 1804 3072 1870 γνώμης
3109 1797 3296 1860 οὕτως.
3329 1796 3405 1849 Οὐ
3449 1799 3628 1848 πάντα
3681 1799 3857 1868 θαυμά-

2283 1889 2434 1960 ζομεν
2459 1897 2549 1940 τοῦ
2581 1884 2773 1960 ἀνδρός
2805 1904 2817 1917 ⁸
2851 1891 2964 1939 ἔστι
3023 1883 3080 1939 δε
3139 1885 3174 1938 ἃ
3212 1891 3302 1938 καὶ
3355 1885 3622 1948 παντελῶς
3662 1883 3859 1958 διαγρα-

2283 1997 2438 2050 φομεν
2489 1994 2502 2007 ·
2547 1974 2746 2048 σχεδὸν
2785 1978 2884 2048 γὰρ
2925 1981 3042 2049 περὶ
3093 1983 3185 2035 τῆς
3223 1981 3311 2025 νῦν
3351 1979 3588 2032 ταυτησὶ
3643 1974 3858 2042 θρυλλον-

2281 2071 2433 2139 μένης
2467 2065 2730 2133 ἀσεϐείας,
2769 2075 2863 2126 τῆς
2894 2067 3059 2117 κατὰ
3097 2068 3164 2116 τὸ
3205 2063 3511 2134 ἀνόμοιον
3541 2063 3695 2135 λέγω,
3737 2064 3864 2126 οὗτός

2281 2154 2442 2222 ἐστιν,
2495 2157 2598 2206 ὅσα
2633 2173 2694 2226 γε
2749 2157 2894 2226 ἡμεῖς
2951 2157 3123 2226 ἴσμεν,
3155 2155 3180 2204 ό
3223 2161 3426 2226 πρῶτος
3481 2155 3552 2205 τὰ
3615 2157 3864 2227 σπέρματι

2281 2249 2596 2319 παρασχών.
2665 2247 2837 2298 Αἴτιον
2914 2239 2972 2296 δὲ
3041 2241 3188 2315 οἶμαι
3236 2242 3294 2294 οὗ
3353 2247 3586 2317 πονηρία
3661 2249 3862 2314 γνώμης,

2283 2333 2409 2384 ἀλλὰ
2449 2337 2504 2385 τὸ
2545 2329 2751 2406 σφόδρα
2789 2331 3076 2405 βούλεσθαι
3133 2330 3424 2384 ἀντιτείνειν
3461 2333 3562 2402 τῷε
3613 2331 3859 2402 manu...

2281 2423 2458 2477 Εἶωθα
2509 2429 2632 2494 γοῦν
2683 2422 2986 2482 ἀπεικάζειν
3033 2419 3129 2492 ἐγὼ
3183 2425 3460 2492 φυτοκόμῳ
3499 2425 3690 2494 νέαροῦ
3727 2429 3862 2492 φυτοῦ

2283 2507 2608 2586 διαστροφὴν
2665 2512 3030 2574 ἀπευθύνοντι,
3089 2507 3202 2562 εἶτα
3261 2517 3322 2581 τῇ
3385 2507 3615 2582 ἀμετρίᾳ
3663 2517 3750 2570 τῆς
3794 2509 3860 2560 ia-

2283 2599 2470 2662 θολκῆς
2510 2597 2858 2673 διαμαρτόντι
2913 2607 3006 2652 τοῦ
3059 2603 3244 2670 μέσου,
3301 2603 3390 2650 καὶ
3443 2603 3576 2672 πρὸς
3631 2603 3689 2651 τό
3752 2597 3864 2651 ἐναν-

2281 2709 2388 2741 τιον
2429 2689 2753 2760 ἀπαγαγόντι
2804 2692 2862 2741 τὸ
2915 2687 3216 2762 βλάστημα.
3258 2693 3502 2740 Τοιοῦτόν
3541 2708 3598 2740 τι
3649 2692 3736 2740 καὶ
3769 2691 3862 2758 περὶ

2279 2783 2366 2830 τὸν
2422 2775 2594 2851 ἄνδρα
2645 2787 2827 2831 τοῦτον
2881 2783 3215 2849 γεγενημένον
3261 2777 3474 2851 εὕρομεν
3505 2794 3520 2808 ·
3581 2775 3863 2829 ἀντιϐαίνων

2277 2871 2380 2940 γὰρ
2438 2863 2644 2942 σφόδρα
2677 2876 2736 2941 τῇ
2800 2867 3011 2940 ἀσεϐείᾳ
3061 2873 3156 2919 τοῦ
3195 2865 3411 2930 Λίϐυος,
3473 2865 3658 2918 ἔλαθεν
3711 2865 3864 2918 ἑαυτὸν

2281 2956 2348 3018 εἰς
2420 2961 2476 3009 τό
2539 2957 2761 3010 ἐναντίον
2827 2960 2988 3008 κακόν
3050 2957 3150 3008 ὑπὸ
3206 2963 3298 3015 τῆς
3364 2955 3499 3026 ἄγαν
3579 2955 3864 3027 φιλονεικίας

2278 3047 2578 3118 ὑπενεχθείς
2638 3066 2650 3079 ·
2785 3065 2843 3118 γε
2899 3053 3145 3098 τοσοῦτον
3204 3043 3450 3118 ἐξαρκοῦν
3495 3041 3698 3110 δεῖξαι,
3747 3044 3864 3096 ότιοῦ

507 3131 632 3186 mio
663 3131 1058 3187 contentionis
1095 3131 1291 3187 studio
1309 3148 1371 3188 se
1399 3134 1455 3186 in
1489 3134 1852 3188 contrarium
1879 3133 2012 3190 ferri
2045 3151 2162 3191 ma-

2277 3139 2464 3187 ταυτὸν
2517 3143 2588 3206 τῷ
2635 3135 2949 3206 ὑποκειμένῳ
3002 3137 3181 3208 Πατὴρ
3234 3138 3324 3185 καὶ
3373 3133 3520 3198 Υἱὸς,
3575 3137 3670 3184 καὶ
3723 3135 3864 3189 ταύτης

509 3221 654 3276 lum.
687 3219 790 3276 Cui
821 3221 964 3276 satis
1021 3219 1210 3276 fuerat
1275 3221 1609 3286 ostendere,
1657 3238 1776 3278 non
1813 3223 1974 3278 idem
2029 3239 2164 3280 esse

507 3309 920 3382 subjectoipso
953 3311 1182 3366 Patrem
1213 3315 1270 3366 et
1303 3311 1608 3374 Filium,et
1631 3327 1736 3382 per
1761 3312 1874 3366 hoc
1903 3313 2164 3370 victoriae

503 3398 744 3456 laudem
770 3415 806 3455 a
833 3399 1190 3471 blasphemo
1217 3399 1317 3456 illo
1339 3405 1656 3472 reportare.
1695 3401 1824 3472 Ipse
1865 3407 2066 3458 autem
2101 3409 2164 3459 ut

503 3495 705 3560 aperte
737 3489 1070 3544 admodum
1101 3493 1156 3544 et
1189 3489 1414 3560 prolixe
1441 3488 1610 3544 illum
1634 3491 2162 3557 convinceret,non

504 3583 741 3636 tantum
760 3578 1162 3634 diversitatem
1195 3578 1737 3644 subsistentiarum,
1755 3595 1962 3634 verum
1981 3583 2160 3636 etiam

503 3667 829 3723 subsantiaa
859 3666 1276 3733 differentiam,
1319 3673 1374 3722 et
1414 3669 1724 3738 potestatis
1747 3667 1924 3724 veluti
1959 3671 2160 3724 remis-

503 3758 754 3822 sionem,
784 3761 838 3812 et
877 3757 1080 3828 gloriae
1141 3757 1538 3812 mutationem
1581 3757 1769 3812 affert.
1815 3760 1897 3814 Ita
1930 3763 1992 3814 ut
2019 3775 2159 3814 eum

501 3861 608 3918 per
627 3847 742 3902 hoc
794 3847 1107 3918 contigerit
1157 3847 1384 3902 malum
1417 3847 1616 3918 ipsum
1651 3847 1812 3903 malo
1853 3849 1969 3904 alio
1998 3865 2158 3904 com-

503 3943 756 4004 mutare,
789 3941 845 3992 et
891 3953 927 3992 a
963 3943 1123 3992 recta
1187 3935 1454 3992 doctrina
1523 3937 1820 3992 aberrare.
1859 3937 2066 4008 Itaque
2100 3939 2158 3993 in

505 4025 738 4095 scriptis
770 4025 894 4080 suis
925 4027 1126 4080 varius
1155 4031 1263 4080 est.
1281 4025 1732 4097 Nonnunquam
1763 4025 1922 4080 enim
1952 4029 2009 4078 τὸ
2038 4028 2146 4098 ὀμο-

502 4115 680 4166 ούσιον
711 4115 835 4168 sive
858 4113 1367 4170 consubstantiale
1399 4115 1551 4172 tollit
1581 4129 1686 4186 per
1715 4131 1784 4170 ea
1817 4113 2040 4186 quibus
2081 4115 2159 4170 ad

501 4203 924 4259 subsistentias
955 4204 1339 4274 abrogandas
1393 4204 1547 4260 male
1591 4205 1788 4259 utitur.
1821 4203 2157 4276 Aliquando

499 4297 701 4350 autem
727 4293 787 4348 id
818 4293 1190 4358 admittit,-in
1241 4293 1326 4348 eis
1381 4292 1624 4358 scilicet,
1653 4310 1786 4364 quae
1810 4310 1918 4364 pro
1957 4293 2159 4349 defen-

503 4384 670 4438 sione
688 4383 818 4452 ejus
851 4381 928 4438 ad
953 4383 1062 4437 sibi
1093 4381 1516 4452 cognominem
1535 4383 1876 4455 composuit
1897 4383 2153 4455 scriptis,

501 4475 650 4528 Tum
681 4477 879 4528 autem
911 4471 984 4526 de
1023 4472 1240 4543 Spiritu
1271 4473 1448 4528 etiam
1496 4479 1704 4528 sancto
1737 4489 1908 4528 voces
1939 4473 2154 4540 emisit,

2276 3226 2416 3296 ἔχειν
2461 3227 2598 3276 κατά
2643 3231 2732 3276 τοῦ
2791 3223 3223 3297 βλασφημοῦντος
3261 3224 3324 3274 τὰ
3369 3227 3682 3296 νικητήρια.
3721 3223 3775 3275 Ὀ
3803 3219 3862 3300 δὲ1

2276 3313 2359 3365 ἵνα
2405 3315 2540 3366 πάνυ
2599 3313 2825 3388 ἐναργῶς
2879 3312 2934 3364 ἐκ
2968 3321 3058 3366 τοῦ
3087 3315 3354 3386 περιόντος
3401 3319 3736 3384 κατηρατῇ,
3779 3311 3864 3382 οὐχ

2273 3403 2550 3475 ἑτερότητα
2601 3409 2754 3476 μόνον
2803 3411 2901 3454 τῶν
2957 3403 3296 3454 ὑποστάσεων
3347 3403 3568 3466 τίθεται,
3625 3399 3754 3453 ἀλλὰ
3793 3407 3862 3451 καὶ

2273 3492 2453 3554 οὐσίας
2517 3489 2773 3565 διαφορὰν
2823 3497 2914 3544 καὶ
2979 3488 3244 3564 δυνάμεως
3301 3491 3504 3562 ὕφεσιν,
3575 3495 3672 3543 καὶ
3731 3488 3863 3552 δόξης

2271 3583 2624 3656 παραλλαγήν.
2677 3580 2834 3634 Ὠστ’
2886 3580 2944 3632 ἐκ
3020 3583 3205 3632 τούτου
3266 3578 3454 3638 συνέϐη
3541 3587 3714 3632 κακοῦ

2271 3673 2426 3726 αὐτὸν
2479 3675 2638 3723 κακὸν
2685 3667 2988 3742 διαμεῖψαι,
3041 3677 3138 3730 τῆς
3181 3665 3240 3720 δὲ
3288 3667 3570 3741 ὀρθότητος
3599 3676 3694 3721 τοῦ
3733 3669 3860 3737 λόγον

2271 3759 2596 3836 διαμαρτεῖν.
2657 3763 2832 3832 Ταύτῃ
2869 3778 2949 3811 τοι
2995 3763 3085 3810 καὶ
3131 3754 3468 3818 παντοδαπός
3509 3757 3656 3810 ἐστιν
3695 3757 3742 3810 ἐν
3779 3764 3862 3816 τοῖς

2272 3851 2676 3923 συγγράμμασι,
2718 3855 2805 3900 νῦν
2867 3851 2957 3920 μὲν
2999 3845 3222 3918 ἀναιρῶν
3263 3850 3330 3898 τό
3371 3847 3736 3919 ὀμοούσιον
3787 3843 3860 3897 διὰ

2269 3949 2364 3992 τῶν
2423 3938 2502 3992 ἐπ’
2555 3937 2792 3996 ἀθετήσει
2854 3945 2953 3990 τῶν
3003 3937 3340 3988 ὑποστάσεων
3389 3944 3568 3997 κακῶς
3611 3933 3752 4008 αὖτῷ
3793 3953 3860 3986 κιο

2268 4031 2565 4101 χρημένων,
2625 4035 2712 4079 νῦν
2771 4023 2830 4080 δε
2897 4029 3238 4098 προσιέμενος
3289 4027 3338 4078 ἓν
3400 4026 3476 4086 οἷς
3541 4023 3858 4095 ἀπολογεῖται

2267 4123 2399 4191 πρὸς
2450 4121 2536 4170 τὸν
2588 4118 2879 4190 ὁμώνυμον.
2942 4118 3080 4189 Πρὸς
3113 4111 3171 4168 δὲ
3218 4115 3418 4175 τούτοις
3480 4119 3574 4166 καὶ
3629 4119 3855 4190 περὶτοῦ

2269 4210 2570 4280 Πνεῦματος
2631 4205 2798 4278 ἀφῆκε
2876 4205 3066 4277 φωνὰς,
3147 4208 3344 4264 ἣκιστα
3425 4207 3730 4274 πρεπούσας
3801 4210 3854 4270 τῷ

2271 4298 2554 4368 Πνεῦματι,
2619 4303 2712 4356 τῆς
2763 4297 3222 4368 προσκυνουμένης
3277 4295 3402 4346 αὐτὸ
3471 4295 3722 4355 θεότητος
3765 4291 3855 4353 ἑξο-

2266 4385 2446 4458 ρίζων,
2502 4389 2594 4438 καὶ
2645 4403 2787 4436 κατω
2825 4403 2924 4436 που
2979 4391 3041 4456 τῇ
3095 4389 3284 4454 κτιστῇ
3329 4387 3420 4434 καὶ
3465 4381 3755 4455 λειτουργῷ
3783 4383 3856 4452 φύν

2269 4491 2349 4526 σει
2381 4475 2732 4545 συναριθμῶν.
2771 4476 2872 4526 Καὶ
2901 4473 2926 4524 ὁ
2957 4474 3046 4544 μὲν
3079 4469 3206 4542 ἀνὴρ
3247 4479 3499 4534 τοιοῦτος.
3537 4491 3568 4524 ι)

504 4561 744 4632 Spiritui
775 4561 1018 4616 minime
1046 4561 1546 4629 congruentes,ab
1572 4577 1644 4618 ea
1672 4577 1806 4633 quae
1837 4561 2141 4630 adoratur,
2166 4577 2305 4618 eum
2335 4561 2646 4618 divinitate
2677 4561 3148 4634 proscribens,et
3169 4559 3348 4616 veluti
3384 4561 3446 4616 in
3477 4559 3760 4616 inﬁmum
3779 4574 3854 4614 or

501 4649 706 4706 dinem
737 4657 950 4706 creatte
987 4655 1046 4706 et
1087 4650 1371 4705 ministrae
1403 4657 1632 4706 natura
1663 4651 1961 4720 redigens.
1996 4657 2076 4708 Ac
2105 4651 2240 4709 talis
2279 4651 2377 4708 hic
2403 4651 2650 4723 quidem
2679 4651 2764 4706 vir
2793 4650 2918 4706 fuit.
2951 4671 2972 4700 ›

1109 4757 1338 4816 CAPUT
1376 4759 1550 4814 XXVI.

503 4851 588 4908 De
615 4849 901 4918 Sabellio,
934 4854 988 4906 et
1034 4849 1162 4918 ejus
1193 4847 1422 4930 haeresi,
1447 4853 1500 4904 et
1552 4848 1710 4920 quod
1764 4863 1833 4905 ea
1860 4854 2032 4906 aetate
2055 4849 2156 4905 ﬂo-

1235 4927 1444 4976 ruerit.

576 5027 814 5087 Sabellii
834 5031 1032 5084 autem
1057 5027 1240 5098 paulo
1258 5031 1393 5084 ante
1409 5027 1992 5083 meminimus.Nunc
2013 5041 2154 5082 vero

502 5123 558 5176 et
590 5119 725 5194 quis
765 5115 958 5183 fuerit,
1018 5122 1074 5172 et
1113 5133 1246 5188 quae
1299 5117 1429 5186 ejus
1479 5115 1696 5170 fuerint
1739 5115 2150 5186 blasphemia,

500 5209 656 5264 clare
681 5222 1000 5278 exponam.
1033 5208 1100 5260 Et
1131 5205 1222 5260 ille
1247 5204 1492 5277 quidem
1509 5205 1767 5277 Libycus
1795 5203 2151 5274 generefuit,

499 5296 804 5369 Pentapoli
837 5297 965 5368 ejus
999 5295 1258 5366 regionis
1289 5303 1477 5350 ortus.
1507 5295 1716 5350 Docuit
1737 5299 2150 5358 autem,unam

499 5387 948 5442 snbsistentiam
989 5401 1120 5440 esse
1169 5387 1398 5439 Patrem
1450 5389 1504 5438 et
1545 5383 1840 5438 Filium-et
1871 5383 2152 5454 Spiritum

499 5481 1109 5548 sanctum,unamque
1133 5475 1946 5544 trinominempersonam.Et
1973 5471 2150 5544 420

499 5567 558 5622 id
591 5565 780 5624 Veteri
811 5567 1051 5640 quidem
1083 5566 1474 5634 Testamento,
1509 5562 1688 5618 veluti
1715 5565 1936 5618 Patrem
1957 5563 2150 5634 legem

2853 4757 3097 4810 ΚΕΦΑΛ.
3145 4754 3285 4840 κς.

2267 4851 2421 4921 Περὶ
2447 4845 2823 4921 Σαϐελλίου.
2852 4851 3110 4907 καὶτῆς
3135 4847 3267 4898 κατ’
3298 4844 3490 4921 αὐτὸν
3522 4848 3848 4918 αἱρέσεως,

2337 4919 2435 4973 καὶ
2473 4921 2578 4972 ὃτι
2617 4919 2674 4970 ἐν
2715 4919 2998 4978 ἐκείνοις
3035 4925 3175 4980 τοῖς
3211 4919 3484 4990 χρόνοις
3525 4921 3794 4990 ἤκμαζε.

2336 5033 2440 5080 Τοῦ
2496 5023 2556 5078 δε
2603 5025 2874 5079 Σαϐελλίου
2913 5028 3012 5096 πρὸ
3055 5023 3290 5098 βραχέος
3341 5029 3520 5096 μνείαν
3581 5025 3843 5094 πεποιημέ-

2264 5135 2364 5181 νος,
2415 5123 2502 5168 νῦν
2536 5121 2614 5176 τὶς
2643 5133 2696 5168 τε
2759 5111 2846 5185 ἧγ,
2899 5119 2990 5166 καὶ
3037 5117 3090 5166 τί
3137 5113 3530 5186 ἐϐλασφήμησε,
3569 5107 3846 5188 διαρρήδην

2263 5204 2574 5276 ἐκθήσομαι.
2633 5205 2798 5264 Οὗτος
2855 5202 3020 5264 Λίϐυς
3055 5206 3144 5274 μὲν
3195 5205 3254 5255 τὸ
3294 5207 3438 5274 γένος
3469 5199 3555 5270 ἦν,
3611 5211 3710 5262 τῆς
3745 5201 3846 5252 ἐκεῖ·

2265 5296 2344 5347 θεν
2421 5296 2714 5367 ὁρμώμενος
2795 5291 3155 5363 Πενματόλεως
3215 5308 3230 5322 ⁸
3307 5296 3431 5360 μίαν
3496 5287 3556 5344 δε
3615 5293 3842 5342 {In-6mm

2262 5381 2606 5454 ἐδογμάτιζεν
2635 5379 2766 5434 εἶναι
2795 5383 2880 5433 τόν
2923 5383 3131 5454 Πατέρα
3185 5383 3270 5431 καὶ
3301 5383 3390 5430 τὸν
3443 5381 3564 5432 Υἱόν
3590 5385 3685 5432 καὶ
3723 5381 3842 5448 ἐγιοὶ

2264 5479 2495 5544 Πνεῦμα,
2527 5477 2616 5524 καὶ
2663 5474 2710 5524 ἒν
2751 5475 3035 5542 τριώνυμον
3073 5473 3356 5542 πρόσωπον
3397 5485 3414 5500 ⁶
3455 5475 3546 5522 καὶ
3585 5472 3674 5522 τὸν
3713 5467 3840 5520 αὐτόν

2260 5563 2384 5614 ποτε
2431 5563 2519 5638 μὲν
2573 5563 2640 5626 ὡς
2689 5563 2896 5634 Πατερα
2952 5557 3123 5612 καλεῖν
3177 5561 3272 5616 τὴν
3341 5561 3572 5632 Γραφὴν,
3629 5559 3750 5610 ποτε
3799 5550 3842 5604 ἴε
