4016 6224
167 252 299 308 1181

1192 251 1765 311 ECCLESIASTICE
1808 251 2171 311 HISTORUE
2210 255 2350 314 LIB.
2392 259 2482 314 VI.

3371 256 3512 313 1182

144 378 216 439 ὡς
259 379 397 444 Υἰὸν,
443 379 566 431 πότέ
607 373 668 431 δὲ
710 377 780 438 ὡς
833 376 980 449 ἆγιον
1019 383 1229 450 Πνεῦμα
1256 397 1271 412 ⁸
1329 383 1416 432 καὶ
1457 379 1505 432 ἓν
1553 383 1642 453 μὲν
1685 387 1746 453 τῇ

1862 379 2121 446 dedisse,
2172 380 2231 437 in
2272 384 2434 438 Novo
2479 385 2680 440 autem
2720 383 2894 455 quasi
2944 382 3152 440 Filium
3200 382 3512 440 hominem

145 467 350 539 Παλαιᾷ
399 471 468 529 ὡς
533 471 740 541 Πατέρα
795 469 1163 540 νομοθετῆσαι,
1222 470 1271 520 ἓν
1333 466 1392 522 δὲ
1457 478 1518 542 τῇ
1585 477 1747 542 Καινῇ

144 557 218 617 ὡς
269 559 385 610 Υἰόν
438 557 854 628 ἐνανθρωπῆσαι,
919 557 988 617 ὡς
1047 552 1106 609 δὲ
1171 562 1382 629 Πνεῦμα
1443 558 1591 629 ἅγιον
1642 566 1750 621 τοῖς

141 644 450 707 ἀποστόλοις
499 645 855 718 ἐπιφοιτῆσαι.
916 649 1055 720 Πρὸς
1120 654 1300 699 τοῦτον
1346 644 1414 706 δὴ
1458 651 1746 713 Διονύσιος,

143 737 216 798 ὡς
252 743 323 806 τῷ
360 735 568 806 μεγάλῳ
625 739 793 809 Πατρὶ
845 732 1100 806 βασιλείῳ
1138 732 1459 804 διεῦεηπται,
1499 735 1751 789 ἀνθιστά-

142 841 312 895 μενος,
393 824 460 884 εἰς
525 827 583 876 τό
649 825 875 875 ἐναντίον
947 829 1191 897 περιέστη
1259 823 1446 882 δεινόν.
1504 832 1750 880 Τοσαῦτα

145 915 237 964 καὶ
265 916 381 984 περὶ
411 910 682 966 Σαϐελλίου
712 913 779 975 ὡς
811 910 860 963 ἐν
893 909 1097 986 βραχεῖ
1115 914 1290 985 φάναι.

741 1051 984 1101 ΚΕΦΑΛ.
1028 1046 1148 1105 ΚΖ’.

145 1155 298 1224 Περὶ
337 1159 446 1214 τῆς
486 1153 794 1226 αἱρέσέῶς
835 1154 1087 1206 Παύλου
1127 1161 1240 1206 τοῦ
1280 1159 1701 1226 Σαμοσατέως
1730 1171 1743 1186 ·

217 1229 490 1300 καὶπερὶ
527 1225 640 1285 τῆς
670 1231 884 1297 πρώτη
909 1245 930 1286 ς
959 1227 1093 1278 κατ’
1120 1226 1313 1279 αὐτὸν
1369 1225 1671 1282 συνόδου.

215 1337 513 1389 Τηνικαῦτα
571 1328 630 1384 δὲ
681 1338 773 1384 τοῦ
815 1333 929 1384 κατ’
958 1331 1282 1404 Ἀντιόχειαν
1326 1333 1612 1388 ἐπισκόπου
1646 1341 1747 1394 Δη-

141 1427 431 1493 μητριανοῦ
501 1423 559 1472 τό
639 1417 785 1494 βιοῦν
863 1421 1287 1493 μεταλλάξαντος,
1353 1424 1550 1485 Παῦλος
1601 1426 1626 1476 6
1689 1424 1746 1477 ἐκ

143 1512 458 1581 Σαμοσάτων
511 1518 583 1580 τῷ
644 1512 805 1584 θρόνῳ
861 1509 1318 1568 ἀντικαθίσταται.
1360 1512 1611 1575 Ζηνοϐίας
1641 1517 1742 1588 γὰρ

139 1598 260 1652 κατ’
316 1598 502 1652 ἐκεῖνον
554 1602 642 1651 τόν
683 1604 865 1673 καιρόν
917 1603 1290 1674 τοπαρχούσης
1323 1619 1334 1631 ·
1391 1607 1587 1675 Πέρσαι
1641 1606 1744 1676 γὰρ

1861 467 2083 524 factum
2105 485 2252 535 esse,
2289 474 2354 525 ut
2384 471 2664 542 Spiritum
2697 477 2973 528 sanctum
3005 488 3145 529 vero
3163 472 3242 528 ad
3263 475 3512 543 aposto-

1859 556 1949 612 los
1971 558 2304 614 advenisse.
2331 559 2477 615 Huic
2515 560 2853 634 Dionysius,
2885 562 3054 618 sicuti
3083 577 3120 617 a
3165 576 3386 631 magno
3413 561 3511 618 illo

1861 646 2032 703 Patre
2055 647 2267 703 Basilio
2292 647 2518 704 dictum
2569 654 2676 718 est,
2705 651 3012 718 resistens,
3052 651 3112 706 in
3145 650 3512 707 contrarium

1857 736 2143 809 delapsus
2167 743 2256 795 est
2284 737 2531 795 malum.
2562 740 2696 795 Hac
2721 739 2795 796 de
2819 738 3075 797 Sabeltio
3097 740 3329 812 paucis.

2452 1051 2681 1108 CAPUT
2723 1051 2918 1108 XXVII.

1857 1160 1941 1216 De
1976 1158 2185 1216 haeresi
2213 1157 2398 1216 Pauli
2423 1158 2800 1216 Samosatem'
2827 1177 2844 1213 :
2872 1165 2926 1216 et
2958 1160 3029 1218 de
3053 1161 3258 1232 prima
3297 1166 3509 1220 contra

2362 1245 2489 1287 eam
2518 1232 3000 1302 coacta‘synodo.

1927 1340 2007 1393 Eo
2030 1341 2319 1410 tempore,
2350 1338 2729 1394 Demetriano
2751 1340 3035 1411 episcopo
3057 1339 3383 1396 Antiochia
3411 1339 3511 1395 de-

1855 1425 2077 1496 functo,
2109 1428 2321 1483 Paulus
2343 1429 2774 1483 Samosatenus
2799 1428 3081 1484 thronum
3106 1430 3234 1501 ejus
3261 1429 3511 1500 accepit,

1855 1531 1992 1570 cum
2024 1516 2282 1572 Zenobia
2311 1515 2568 1586 ejusloci
2593 1531 2845 1587 regnum
2869 1517 3161 1572 obtineret
3191 1518 3286 1590 (t).
3321 1517 3511 1573 Persa

1856 1606 2035 1668 enim.
2055 1607 2336 1662 Romanis
2355 1605 2542 1671 victis,
2560 1606 3140 1663 administrationem
3169 1608 3222 1662 ei
3256 1607 3438 1679 Syria
3457 1611 3512 1662 et

139 1692 414 1761 Ρωμαίους
465 1693 809 1753 νενικηκότες,
873 1688 1036 1763 ἐκείνῃ
1107 1695 1200 1749 τὴν
1256 1699 1345 1751 τῆς
1410 1697 1596 1765 Συρίας
1656 1697 1746 1744 καὶ

1861 1695 2168 1750 Phanicia
2205 1695 2591 1751 tradiderant.
2652 1695 2867 1750 Paulus
2908 1712 3090 1767 porro
3122 1697 3251 1764 iste,
3303 1711 3512 1752 curare

143 1783 382 1840 Φοινίκης
456 1780 734 1851 ἠγεμονίαν
810 1777 1151 1853 παρέδοσαν·
1220 1779 1421 1844 Παῦλος
1476 1781 1629 1844 οὗτος
1682 1785 1748 1834 τὰ

143 1871 269 1940 πρὸς
321 1869 591 1942 θεραπείαν
648 1865 809 1941 ἐκείνη
869 1867 1020 1920 θέλων
1095 1877 1258 1921 ποιεῖν
1333 1872 1396 1922 τὰ
1475 1867 1746 1923 Ἰουδαίων

146 1964 452 2031 φρονοῦσαν,
509 1961 598 2008 καὶ
657 1957 948 2030 θεραπεύειν
998 1960 1062 2017 ὡς
1117 1957 1358 2010 πλεῖστον
1411 1965 1743 2034 πειρώμενος,

143 2047 211 2106 εἰς
266 2052 359 2105 τὴν
408 2047 734 2120 Ἀρτέμωνος
779 2047 1035 2109 ἐξώκειλεν
1094 2049 1316 2123 αἰρεσιν.
1372 2055 1473 2102 Καὶ
1511 2053 1612 2123 γὰρ
1658 2071 1745 2104 τα-

143 2137 294 2189 πεινά
322 2154 437 2187 τινα
471 2140 561 2187 καὶ
602 2143 853 2210 χαμερπῆ
906 2139 1024 2210 περὶ
1066 2145 1300 2211 Χριστοῦ
1353 2134 1698 2211 ἓδογμάτιζεν
1731 2157 1746 2170 ⁸

144 2227 215 2288 ὡς
261 2228 433 2284 κοινός
477 2227 748 2298 ἅνθρωπος
792 2223 854 2283 ἦν
911 2231 1004 2284 τὴν
1063 2229 1240 2298 φύσιν,
1297 2225 1464 2299 μηδέν
1506 2248 1559 2281 τι
1601 2229 1749 2282 πλέον

140 2317 452 2386 κεκτημένος
485 2315 630 2386 ἡμῶν
659 2331 672 2344 ·
726 2314 938 2387 ἄμοιρος
969 2311 1026 2368 δὲ
1059 2318 1196 2377 θείας
1237 2316 1434 2384 ούσίας,
1483 2316 1752 2378 ἐνοικῆσαι

146 2401 198 2457 δ’
232 2407 279 2456 ἓν
334 2403 473 2474 αύτῷ
505 2405 570 2464 ὡς
617 2402 664 2454 ἄν
712 2409 954 2478 προφήτῃ
987 2404 1072 2456 τόν
1127 2412 1260 2458 Θεοῦ
1290 2408 1429 2471 Υῑόν,
1483 2413 1573 2460 καὶ
1599 2407 1752 2460 πάλιν

148 2490 464 2563 ἁπηλάχθαι
493 2509 505 2522 '
547 2497 636 2545 καὶ
689 2495 907 2545 τοιαῦτά
958 2513 1075 2546 τινα
1101 2495 1449 2566 παραπλήσια
1476 2499 1618 2570 παρὰ
1659 2503 1752 2556 τὴν

146 2580 593 2639 ἐκκλησιαστικην
650 2585 935 2655 ἐνομοθέτει
993 2581 1372 2642 διδασκαλίαν.
1433 2593 1595 2639 Τοῦτο
1651 2607 1753 2660 μα-

149 2673 320 2733 θόντες
350 2673 399 2724 οἱ
428 2669 679 2731 τηνικάδε
715 2681 813 2725 τῶν
846 2672 1130 2731 ἐκκλησιῶν
1182 2679 1433 2747 ποιμένες,
1466 2677 1571 2748 ούχ
1602 2679 1754 2750 ύπερο

151 2757 284 2812 ιδεῖν
326 2764 586 2821 τοσαύτην
618 2761 876 2832 ἓρπουσαν
919 2767 1069 2816 νόσον
1110 2761 1431 2836 ἐδοκίμασαν
1465 2763 1572 2818 δεῖν
1607 2785 1619 2798 ·
1663 2772 1752 2820 καὶ

150 2856 323 2902 ταῦτα
368 2855 608 2924 συνεργόν
668 2860 760 2903 τοῦ
811 2857 1002 2922 μίσους
1044 2859 1133 2905 καὶ
1183 2857 1445 2912 τοσαύτην
1497 2861 1752 2926 μεγίστην

151 2939 302 2992 πόλιν
348 2946 766 3015 χειρωσαμένην,
825 2947 925 2995 Καὶ
979 2944 1004 2994 6
1043 2946 1132 3015 μὲν
1197 2952 1291 3006 τῆς
1355 2943 1751 3020 Ἀλεξανδρείας

148 3032 436 3097 Διονύσιος,
479 3030 739 3104 ἐπίσημος
767 3036 834 3083 ῶν
885 3031 1034 3106 ἀνὴρ,
1089 3029 1181 3085 διὰ
1226 3043 1398 3106 γῆρας
1451 3033 1750 3088 ἀνεϐάλλετο

144 3124 240 3177 τὴν
321 3117 594 3192 ἓνδημίαν,
653 3125 741 3174 καὶ
810 3118 882 3174 δι’
960 3121 1227 3174 ἀσθένειαν
1286 3143 1700 3195 κατεπειγουσαν
1735 3143 1746 3155 ⁸

138 3210 427 3282 γράμμασι
500 3207 558 3263 δὲ
645 3209 861 3283 κάκείνῳ
942 3216 1200 3284 παρῄνεσε
1273 3214 1338 3264 τὰ
1393 3218 1749 3286 προσήκοντα,

137 3304 234 3351 καὶ
286 3307 404 3360 τοῦς
465 3295 859 3372 συνδραμόντας
911 3299 977 3361 εἰς
1024 3304 1110 3352 τόν
1166 3302 1292 3375 ὑπὲρ
1349 3301 1611 3365 εὐσεϐείας
1655 3324 1752 3356 πα-

135 3391 387 3464 ραθήγων
441 3389 617 3455 ζῆλον,
669 3394 759 3442 καὶ
815 3394 908 3449 τὴν
962 3395 1205 3464 σφετέραν
1257 3396 1468 3464 γνώμην
1524 3396 1586 3451 ἣν
1638 3395 1752 3465 ἔχει

137 3483 262 3550 περὶ
323 3485 415 3531 τοῦ
477 3483 812 3554 προκειμένου
893 3479 1188 3551 ζητήματος
1249 3483 1491 3554 ἔπεμπεν.
1563 3483 1630 3534 OE
1693 3502 1753 3553 γε

136 3573 247 3641 μὴν
305 3567 478 3620 λοιποὶ
528 3576 628 3621 τῶν
685 3567 972 3627 ἐκκλησιῶν
1040 3572 1306 3642 ἡγεμόνες,
1364 3569 1556 3631 ὡςέπὶ
1616 3574 1752 3646 θῆρα

136 3663 234 3710 καὶ
277 3657 512 3729 λυμεῶνά
565 3677 699 3722 τινα,
743 3658 1104 3730 ἁπανταχόθεν
1153 3657 1235 3711 ἐπὶ
1287 3663 1380 3716 τὴν
1419 3659 1750 3731 Ἀντιόχειαν

135 3749 260 3800 κατ’
319 3747 520 3818 ὀλίγους
570 3748 897 3819 ἡθροίζοντο,
949 3751 1192 3822 φάσγανα
1242 3753 1330 3800 καὶ
1376 3747 1578 3821 δόρατα
1623 3749 1750 3822 λαμ-

133 3841 274 3913 πρόν
323 3837 719 3903 ὑποστίλϐοντκ,
765 3838 964 3896 τάληθῆ
1007 3846 1096 3898 τῆς
1146 3837 1458 3898 Ἐκκλησίας
1505 3835 1751 3910 δόγματα

134 3925 573 4002 προϐαλλόμενοι.
662 3931 864 3980 Τούτων
933 3923 984 3979 δ’
1043 3931 1094 3979 οῖ
1161 3927 1393 3999 μάλιστα
1448 3929 1512 3979 τὰ
1567 3937 1750 4001 πρῶτα

135 4017 404 4090 ἐφέροντο,
489 4021 576 4068 καὶ
654 4020 723 4078 ὡς
796 4023 1087 4092 περιφανεῖς
1165 4016 1372 4091 ἀστέρες
1447 4014 1745 4091 διέπρεπον,

137 4111 431 4180 Γρηγόριος
475 4101 534 4164 ἧν
574 4107 599 4157 6
639 4111 823 4177 μέγας,
862 4108 886 4158 6
927 4105 974 4157 ἐν
1017 4108 1252 4178 θαύμασι
1292 4105 1618 4178 περιϐόητος,
1660 4112 1749 4159 καὶ

135 4191 526 4266 Ἀθηνόδωρος,
580 4191 813 4268 τάδελφὰ
841 4194 1013 4266 ἐκείνῳ
1062 4201 1152 4248 καὶ
1207 4204 1399 4268 φρονῶν
1449 4200 1537 4248 καὶ
1588 4194 1748 4266 λέγων

135 4291 231 4338 καὶ
282 4287 545 4359 πράττων,
610 4287 892 4358 ἡγούμενος
953 4294 1050 4337 τῶν
1119 4288 1251 4338 κατὰ
1313 4289 1502 4338 Πόντον
1566 4305 1749 4360 παροι-

132 4384 269 4428 κιῶν
303 4389 318 4404 ⁸
352 4374 680 4448 Φιρμιλιανός
711 4395 763 4429 τε
816 4377 841 4427 6
895 4383 989 4435 τῆς
1030 4371 1396 4428 Καππαδόκων
1431 4380 1747 4449 Καισαρείας

1857 1799 1990 1840 eam
2004 1784 2064 1839 in
2079 1784 2363 1854 religione
2383 1784 2795 1840 Judaizantem
2808 1784 3038 1851 volens,
3060 1785 3512 1858 plurimumque

1856 1889 2052 1946 opera
2084 1880 2140 1930 et
2159 1889 2317 1929 cura
2335 1874 2393 1928 in
2422 1889 2492 1929 ea
2514 1879 2666 1929 recte
2690 1873 3054 1929 instituenda
3072 1881 3252 1947 atque
3270 1890 3514 1930 conver-

1859 1964 2037 2020 tenda
2066 1978 2318 2034 ponens,
2354 1963 2413 2017 in
2442 1963 2777 2018 Artemonis
2807 1963 3085 2019 haresim
3112 1964 3385 2036 impegit.
3424 1964 3514 2020 Ni-

1859 2054 1972 2108 mis
2002 2054 2162 2108 enim
2191 2050 2442 2107 humilia
2464 2057 2641 2125 atque
2667 2052 2836 2107 humi
2860 2053 3156 2124 serpentia
3185 2053 3258 2108 de
3282 2053 3513 2110 Christo

1858 2143 2084 2200 docuit.
2105 2142 2500 2197 Communem
2521 2140 2747 2212 quippe
2763 2141 3071 2198 hominem
3091 2147 3308 2199 natura
3328 2142 3513 2198 fuisse

1859 2249 2055 2306 neque
2082 2231 2419 2304 quidquam
2445 2231 2819 2303 praecipuum
2846 2248 2968 2304 pra
3002 2231 3176 2287 nobis
3205 2233 3512 2298 habuisse,

1861 2323 2148 2380 etdivina
2162 2321 2511 2376 substantia
2527 2327 2825 2392 expertem
2846 2321 3161 2386 exstitisse,
3175 2322 3426 2394 atquein
3441 2337 3512 2378 eo

1862 2411 2108 2485 perinde
2123 2410 2373 2482 atquein
2389 2409 2679 2481 propheta
2703 2409 2910 2464 Filium
2930 2411 3024 2464 Dei
3043 2409 3432 2476 inhabitasse,
3458 2414 3514 2466 et

1861 2517 2099 2558 rursum
2114 2501 2192 2556 ab
2206 2516 2276 2555 eo
2288 2499 2636 2555 discessisse
2651 2515 2664 2550 :
2683 2498 3094 2571 nonnullaque
3111 2499 3274 2554 hisce
3296 2499 3515 2557 similia

1863 2600 2068 2648 contra
2099 2589 2567 2646 ecclesiasticam
2591 2588 2924 2644 doctrinam
2941 2589 3187 2644 censuit.
3217 2588 3383 2654 Quod
3410 2588 3515 2644 ubi

1865 2686 1989 2736 tum
2012 2679 2395 2735 ecclesiarum
2421 2681 2689 2750 pastores
2711 2682 3144 2746 cognoverunt,
3178 2692 3297 2732 non
3322 2676 3517 2748 despi-

1864 2770 2134 2826 ciendam
2153 2766 2613 2839 serpentemjam
2633 2772 2850 2822 tantam
2867 2766 3524 2837 contagionemjudica-

1861 2864 2021 2924 runt,
2044 2858 2345 2929 praecipue
2365 2872 2502 2911 cum
2528 2854 2830 2927 piaculum
2849 2855 2909 2909 id
2927 2853 3294 2911 domicilium
3317 2859 3372 2910 et
3391 2861 3517 2910 tan-

1863 2965 2047 3021 quam
2065 2947 2408 3017 adjutricem
2425 2951 2543 3000 tam
2559 2960 2842 3014 magnam
2861 2949 3101 3000 nactum
3117 2949 3276 2999 esset
3291 2943 3514 2998 urbem.

1864 3039 2053 3110 Atque
2065 3035 2388 3109 Dionysius
2401 3033 2645 3106 quidem
2667 3033 3121 3100 Alexandrinus,
3143 3034 3228 3088 vir
3245 3033 3514 3098 celebris,

1865 3134 2108 3200 propter
2123 3131 2358 3182 atatem
2383 3123 2684 3189 affectam,
2709 3129 2763 3178 et
2785 3138 3029 3193 gravem
3049 3122 3517 3184 imbecilitatem,

1867 3215 2160 3289 proﬁcisci
2211 3229 2280 3269 eo
2329 3211 2575 3268 distulit.
2608 3211 2831 3266 Litteris
2857 3216 3057 3266 autem
3111 3216 3166 3266 et
3197 3212 3394 3282 ipsum
3441 3208 3522 3265 ad

1865 3305 2126 3361 otﬁcium
2155 3308 2242 3359 est
2272 3302 2636 3366 cohortatus,
2671 3305 2726 3356 et
2745 3317 2848 3356 eos
2873 3301 2975 3372 qui
3003 3302 3080 3356 ad
3099 3316 3237 3355 eum
3261 3299 3524 3356 conﬂue-

1863 3394 2030 3459 bant,
2055 3392 2132 3448 ad
2160 3391 2435 3447 ardorem
2460 3395 2516 3444 et
2538 3388 2981 3444 amulationem
3005 3404 3156 3444 vera
3175 3387 3406 3460 pietatis
3424 3403 3521 3442 ex-

1864 3485 2036 3543 acuit,
2065 3481 2480 3552 judiciumqne
2503 3494 2679 3532 suum
2712 3481 2767 3532 et
2799 3477 3153 3532 sententiam
3187 3478 3261 3530 de
3296 3490 3522 3547 propo-

1864 3574 1977 3627 sita
2005 3572 2339 3644 quastione
2361 3568 2436 3623 ad
2469 3583 2570 3622 eos
2599 3566 2780 3620 misit.
2810 3565 3036 3636 Reliqui
3068 3581 3207 3620 vero
3239 3564 3520 3620 ecclesia-

1862 3677 1995 3715 rum
2025 3659 2335 3722 antistites,
2360 3656 2540 3710 veluti
2571 3654 2648 3709 ad
2679 3660 3012 3710 vastantem
3043 3659 3096 3708 et
3119 3652 3518 3723 perniciosam

1862 3749 2048 3804 feram
2069 3745 2526 3808 conﬁciendam,
2548 3743 2925 3798 Antiochiam
2943 3741 3347 3814 undequaque
3362 3739 3519 3796 alius

1862 3843 1997 3910 post
2022 3837 2206 3892 alium
2234 3832 2781 3905 congregabuntur,
2808 3830 3251 3902 resplendentes
3272 3845 3444 3884 enses
3463 3833 3520 3884 et

1861 3927 2162 3998 cuspides,
2200 3941 2340 3979 vera
2368 3923 2638 3978 Ecclesia
2664 3921 2972 3989 dogmata,
2997 3935 3120 3991 pra
3148 3935 3212 3975 se
3243 3919 3515 3974 ferentes.

1862 4020 2079 4072 Eorum
2131 4013 2308 4086 primi
2343 4011 2604 4068 nominis
2659 4015 2716 4065 et
2759 4011 3020 4064 maxime
3053 4008 3315 4064 celebres
3343 4006 3520 4062 sicuti

1861 4106 2042 4162 stella
2074 4104 2377 4160 radiantes
2403 4099 2838 4174 praefulgebant
2869 4115 2883 4153 :
2912 4097 3234 4169 Gregorius
3259 4112 3518 4166 magnus

1858 4195 1974 4266 ille,
2003 4192 2304 4250 miraculis
2321 4191 2568 4246 edendis
2590 4189 2975 4244 decantatus:
3001 4194 3056 4242 et
3077 4186 3514 4252 Athenodorus,

1860 4284 2186 4348 sententiis,
2218 4281 2416 4337 verbis
2449 4285 2503 4336 et
2552 4278 2743 4343 factis,
2770 4277 3027 4333 fraterne
3060 4275 3233 4348 421
3267 4274 3349 4330 illi
3380 4289 3520 4330 con-

1855 4375 2134 4446 junctus:
2163 4373 2539 4427 Ponticarum
2571 4367 2962 4424 ecclesiarum
2996 4366 3286 4437 episc0pi,
3317 4364 3516 4421 Firmi-

131 4468 362 4537 ποιμὴν,
424 4470 704 4536 περιφανὴς
787 4463 936 4538 ἀνὴρ,
1019 4469 1110 4516 καὶ
1196 4463 1432 4537 ἑκατέρας
1487 4470 1746 4536 -γνὼσεως

1861 4439 2053 4519 lianus
2084 4463 2364 4518 Casarea
2406 4457 2831 4530 Cappadocum
2864 4455 3128 4521 antistes,
3157 4455 3243 4510 vir
3268 4453 3516 4526 pracla-

132 4552 501 4627 ἠκριϐωμένας
557 4556 692 4625 ἔχων
746 4556 838 4616 τὰς
904 4553 1031 4617 ἔξεις
1064 4572 1077 4585 ·
1139 4552 1225 4606 ἐπὶ
1283 4556 1485 4614 τούτοις
1546 4553 1748 4615 Ἐλενος

129 4647 160 4698 ὁ
227 4648 324 4702 τὴν
377 4643 599 4697 Κιλίκων
658 4643 834 4704 ἰθύνας
882 4641 1204 4717 μητρόπολιν
1253 4642 1304 4694 ἐν
1357 4649 1587 4716 Ταρσῷ·
1650 4650 1749 4696 Νι-

124 4740 312 4805 κομᾶς
366 4752 420 4786 τε
474 4734 500 4784 6
528 4740 623 4793 τῆς
654 4732 902 4785 Ἰκονιέων
931 4735 1348 4804 κατακοσμήσας
1393 4735 1478 4784 τόν
1512 4734 1688 4805 θρόνον
1723 4750 1738 4764 ο

128 4825 194 4877 ἐκ
244 4819 306 4875 δὲ
366 4822 716 4884 Παλαιστίνης
766 4823 792 4873 6
847 4826 937 4880 τὴν
974 4821 1338 4895 Ἰεροσολύμων
1383 4820 1748 4882 ἐπισκοπήσας

125 4902 405 4984 ’Υμέναιος
435 4929 447 4942 ·
489 4921 585 4973 τῆς
629 4931 682 4964 τε
733 4913 926 4986 ὁμόρου
983 4914 1144 4985 ταύτῃ
1234 4915 1548 4986 Καισαρείας
1624 4916 1749 4964 Θεο-

127 5021 319 5064 τεκνος
346 5017 360 5032 ⁸
441 5001 681 5073 Μάξιμός

129 5097 379 5164 Βόστραν
422 5087 654 5164 ἀδελφῶν
703 5098 942 5164 προεῖχεν
977 5108 989 5120 ’

755 5020 808 5053 τε
856 5004 985 5073 πρὸς
1052 5004 1274 5066 τούτοις,
1343 5000 1392 5061 ὃς
1449 5008 1544 5053 τῶν
1612 5003 1748 5053 κατὰ

1055 5090 1302 5163 Θεόφιλός
1356 5109 1409 5143 τε
1464 5095 1551 5143 καὶ
1616 5094 1749 5166 Πρό-

211 5219 298 5284 (t)
326 5238 351 5269 α
387 5218 448 5272 In
490 5215 722 5274 Oriente
762 5216 1067 5272 Odenatus
1100 5217 1300 5287 Persas
1326 5215 1484 5279 vicit,
1513 5215 1746 5287 Syriam

127 5288 430 5353 defendit,
450 5287 943 5358 Mesopotamiam
973 5285 1213 5354 recepit,
1241 5303 1428 5358 usque
1459 5287 1532 5342 ad
1553 5285 1746 5343 ‘Ctesi—

127 5361 743 5436 phontemperyenit.
774 5358 994 5436 Deinde
1019 5373 1154 5436 vero
1191 5373 1326 5411 cum
1353 5359 1474 5413 filio
1501 5359 1741 5436 Herode,

130 5430 374 5502 Sapore
404 5430 704 5501 victo(fuit
731 5437 929 5484 autem
956 5430 1442 5502 Palmyrenorum
1469 5431 1746 5502 princeps

127 5501 472 5572 Odenatus,
529 5509 587 5557 et
633 5517 669 5556 a
712 5501 1055 5572 Galienoiin
1124 5501 1467 5572 societatem
1513 5501 1744 5572 imperii

125 5575 436 5649 adscitus)
460 5571 688 5630 insidiis
709 5571 1052 5629 consobrini
1073 5571 1164 5627 sui
1186 5571 1417 5629 occisus
1438 5577 1543 5628 est.
1568 5571 1748 5644 CDJUS

1857 4570 1983 4622 rus,
2017 4559 2072 4608 et
2090 4552 2397 4621 utriusque
2411 4548 2642 4618 generis
2658 4547 2984 4601 litteratura
3011 4560 3247 4600 summe
3260 4544 3471 4599 doctus
3498 4559 3511 4598 :

1858 4642 2112 4698 Helenus
2145 4637 2488 4709 metropolis
2508 4635 2670 4692 Tarsi
2693 4634 2939 4690 Cilicum
2968 4634 3329 4705 episcopus:
3364 4647 3514 4704 pra-

1859 4738 2017 4788 terea
2038 4731 2311 4786 Nicomas
2329 4726 2528 4792 Iconii,
2556 4727 2916 4797 Hymenaus
2939 4721 3512 4792 Hierosolymorum,

1858 4827 1912 4876 et
1956 4823 2234 4876 Casarea
2290 4816 2615 4871 Palastina
2664 4814 2758 4870 his
2807 4813 3074 4867 ﬁnitima
3120 4811 3514 4875 Theotecnu's,

1858 4909 2144 4982 episcopi.
2193 4905 2483 4963 Maximus
2541 4905 2801 4975 insuper,
2831 4902 2934 4973 qui
2985 4899 3267 4956 fratribus
3298 4900 3514 4954 Bostra

1858 4998 2132 5072 prafuit:
2174 4994 2559 5066 Theophilus,
2605 4991 2867 5059 Proclus,
2913 4989 3230 5056 Elelianus,
3275 4987 3512 5054 Paulus,

1861 5087 2220 5161 Babylianus
2271 5084 2372 5158 (2),
2431 5085 2811 5151 Protogenes,
2860 5079 3094 5145 Hierax,
3163 5077 3510 5150 Eutychius,

1857 5228 2004 5268 uxor
2054 5209 2306 5266 Zenobia
2353 5223 2490 5264 cum
2546 5203 2917 5261 Herenniano
2966 5209 3022 5260 et
3071 5201 3335 5259 Timolao
3375 5200 3510 5256 ﬁliis

1857 5299 2109 5352 regnum
2151 5279 2425 5337 obtinuit.
2477 5275 3004 5352 EamAurelianus
3050 5290 3168 5329 non
3212 5273 3507 5352 longe_ab

1855 5343 2186 5421 Antiochia,
2261 5352 2450 5418 magis
2506 5349 2687 5419 pralii
2747 5355 2993 5421 terrore,
3044 5362 3228 5421 quam
3279 5343 3505 5415 pralio,

1858 5428 2042 5499 cepit:
2075 5418 2211 5499 qua
2243 5437 2484 5499 currum
2507 5418 2651 5491 ejus
2693 5418 3114 5490 triumphantis
3149 5420 3315 5472 Rom.
3356 5431 3509 5487 pra-

1859 5493 2052 5554 cessit.
2082 5493 2112 5548 ἦ
2142 5493 2430 5566 (Eutrop.)

1929 5570 2006 5643 (2)
2040 5567 2168 5633 Alii,
2200 5567 2494 5624 Bolanus.
