  <div class='ocr_page' id='page_1' title='image "/cluster/home/n/w/nwhite01/storage/ocr_20150623/145/hvd.32044054086921/597.png"; bbox 0 0 4016 6224; ppageno 0'>
   <div class='ocr_carea' id='block_1_1' title="bbox 577 205 726 262">
    <p class='ocr_par' dir='ltr' id='par_1_1' title="bbox 577 205 726 262">
     <span class='ocr_line' id='line_1_1' title="bbox 577 205 726 262; baseline -0.007 0"><span class='ocrx_word' id='word_1_1' title='bbox 577 205 726 262; x_wconf 87' lang='grc'><strong>1183</strong></span> 
     </span>
    </p>
   </div>
   <div class='ocr_carea' id='block_1_2' title="bbox 1896 199 2638 261">
    <p class='ocr_par' dir='ltr' id='par_1_2' title="bbox 1896 199 2638 261">
     <span class='ocr_line' id='line_1_2' title="bbox 1896 199 2638 261; baseline -0.007 -1"><span class='ocrx_word' id='word_1_2' title='bbox 1896 200 2284 261; x_wconf 82' lang='lat' dir='ltr'><strong>NICEPHORI</strong></span> <span class='ocrx_word' id='word_1_3' title='bbox 2322 199 2638 260; x_wconf 76' lang='lat' dir='ltr'><strong>GALLISTI</strong></span> 
     </span>
    </p>
   </div>
   <div class='ocr_carea' id='block_1_3' title="bbox 3741 220 3822 276">
    <p class='ocr_par' dir='ltr' id='par_1_3' title="bbox 3741 220 3822 276">
     <span class='ocr_line' id='line_1_3' title="bbox 3741 220 3822 276; baseline 0.062 -5"><span class='ocrx_word' id='word_1_4' title='bbox 3741 220 3822 276; x_wconf 69' lang='grc'><strong>1184</strong></span> 
     </span>
    </p>
   </div>
   <div class='ocr_carea' id='block_1_4' title="bbox 574 327 2220 398">
    <p class='ocr_par' dir='ltr' id='par_1_4' title="bbox 574 328 2220 398">
     <span class='ocr_line' id='line_1_4' title="bbox 574 328 2220 398; baseline -0.001 -12"><span class='ocrx_word' id='word_1_5' title='bbox 574 331 942 398; x_wconf 87' lang='lat' dir='ltr'><strong>Theodorus,</strong></span> <span class='ocrx_word' id='word_1_6' title='bbox 975 331 1284 398; x_wconf 83' lang='lat' dir='ltr'><strong>Malchion,</strong></span> <span class='ocrx_word' id='word_1_7' title='bbox 1307 335 1363 388; x_wconf 91' lang='lat' dir='ltr'><strong>et</strong></span> <span class='ocrx_word' id='word_1_8' title='bbox 1388 331 1619 398; x_wconf 84' lang='lat' dir='ltr'><strong>Lucius,</strong></span> <span class='ocrx_word' id='word_1_9' title='bbox 1643 330 2015 388; x_wconf 89' lang='lat' dir='ltr'><strong>diversarum</strong></span> <span class='ocrx_word' id='word_1_10' title='bbox 2042 328 2220 385; x_wconf 89' lang='lat' dir='ltr'><strong>eccle-</strong></span> 
     </span>
    </p>
   </div>
   <div class='ocr_carea' id='block_1_5' title="bbox 2326 327 3820 398">
    <p class='ocr_par' dir='ltr' id='par_1_5' title="bbox 2330 327 3820 398">
     <span class='ocr_line' id='line_1_5' title="bbox 2330 327 3820 398; baseline 0.016 -27"><span class='ocrx_word' id='word_1_11' title='bbox 2330 327 2451 390; x_wconf 80' lang='grc' dir='ltr'><strong>κλος</strong></span> <span class='ocrx_word' id='word_1_12' title='bbox 2480 347 2494 360; x_wconf 89' lang='grc'><strong>·</strong></span> <span class='ocrx_word' id='word_1_13' title='bbox 2550 327 2856 392; x_wconf 86' lang='grc' dir='ltr'><strong>Ἐλελιανός,</strong></span> <span class='ocrx_word' id='word_1_14' title='bbox 2911 327 3112 390; x_wconf 82' lang='grc' dir='ltr'><strong>Παῦλος</strong></span> <span class='ocrx_word' id='word_1_15' title='bbox 3171 333 3262 383; x_wconf 80' lang='grc' dir='ltr'><strong>καὶ</strong></span> <span class='ocrx_word' id='word_1_16' title='bbox 3319 329 3644 396; x_wconf 85' lang='grc' dir='ltr'><strong>Βαϐυλιανός·</strong></span> <span class='ocrx_word' id='word_1_17' title='bbox 3687 345 3820 398; x_wconf 65' lang='lat' dir='ltr'><strong>Ilpm&#39;</strong></span> 
     </span>
    </p>
   </div>
   <div class='ocr_carea' id='block_1_6' title="bbox 574 417 2220 493">
    <p class='ocr_par' dir='ltr' id='par_1_6' title="bbox 574 417 2220 493">
     <span class='ocr_line' id='line_1_6' title="bbox 574 417 2220 493; baseline -0.001 -19"><span class='ocrx_word' id='word_1_18' title='bbox 574 420 798 476; x_wconf 88' lang='lat' dir='ltr'><strong>siarum</strong></span> <span class='ocrx_word' id='word_1_19' title='bbox 831 421 1112 493; x_wconf 63' lang='lat' dir='ltr'><strong>praefecti.</strong></span> <span class='ocrx_word' id='word_1_20' title='bbox 1163 422 1226 476; x_wconf 84' lang='lat' dir='ltr'><strong>Hi</strong></span> <span class='ocrx_word' id='word_1_21' title='bbox 1257 437 1492 488; x_wconf 89' lang='lat' dir='ltr'><strong>omnes,</strong></span> <span class='ocrx_word' id='word_1_22' title='bbox 1526 426 1584 476; x_wconf 88' lang='lat' dir='ltr'><strong>et</strong></span> <span class='ocrx_word' id='word_1_23' title='bbox 1613 421 1710 476; x_wconf 85' lang='lat' dir='ltr'><strong>alii</strong></span> <span class='ocrx_word' id='word_1_24' title='bbox 1767 417 2220 493; x_wconf 90' lang='lat' dir='ltr'><strong>quamplurimi,</strong></span> 
     </span>
    </p>
   </div>
   <div class='ocr_carea' id='block_1_7' title="bbox 573 505 2225 583">
    <p class='ocr_par' dir='ltr' id='par_1_7' title="bbox 573 505 2225 583">
     <span class='ocr_line' id='line_1_7' title="bbox 573 505 2225 583; baseline -0.001 -19"><span class='ocrx_word' id='word_1_25' title='bbox 573 525 696 565; x_wconf 93' lang='lat' dir='ltr'><strong>una</strong></span> <span class='ocrx_word' id='word_1_26' title='bbox 727 527 862 566; x_wconf 90' lang='lat' dir='ltr'><strong>cum</strong></span> <span class='ocrx_word' id='word_1_27' title='bbox 895 511 1256 583; x_wconf 83' lang='lat' dir='ltr'><strong>presbyteris</strong></span> <span class='ocrx_word' id='word_1_28' title='bbox 1287 517 1344 566; x_wconf 93' lang='lat' dir='ltr'><strong>et</strong></span> <span class='ocrx_word' id='word_1_29' title='bbox 1363 510 1652 576; x_wconf 89' lang='lat' dir='ltr'><strong>diaconis,</strong></span> <span class='ocrx_word' id='word_1_30' title='bbox 1685 511 1745 566; x_wconf 89' lang='lat' dir='ltr'><strong>in</strong></span> <span class='ocrx_word' id='word_1_31' title='bbox 1772 527 1905 565; x_wconf 90' lang='lat' dir='ltr'><strong>eam</strong></span> <span class='ocrx_word' id='word_1_32' title='bbox 1933 523 2122 581; x_wconf 86' lang='lat' dir='ltr'><strong>quam</strong></span> <span class='ocrx_word' id='word_1_33' title='bbox 2137 505 2225 562; x_wconf 90' lang='lat' dir='ltr'><strong>di-</strong></span> 
     </span>
    </p>
   </div>
   <div class='ocr_carea' id='block_1_8' title="bbox 573 598 2222 670">
    <p class='ocr_par' dir='ltr' id='par_1_8' title="bbox 573 598 2222 670">
     <span class='ocr_line' id='line_1_8' title="bbox 573 598 2222 670; baseline -0.002 -15"><span class='ocrx_word' id='word_1_34' title='bbox 573 599 772 655; x_wconf 83' lang='lat' dir='ltr'><strong>ximus</strong></span> <span class='ocrx_word' id='word_1_35' title='bbox 798 599 1094 656; x_wconf 88' lang='lat' dir='ltr'><strong>civitatem</strong></span> <span class='ocrx_word' id='word_1_36' title='bbox 1119 607 1545 656; x_wconf 87' lang='lat' dir='ltr'><strong>convenerunt.</strong></span> <span class='ocrx_word' id='word_1_37' title='bbox 1569 601 1716 656; x_wconf 93' lang='lat' dir='ltr'><strong>Cum</strong></span> <span class='ocrx_word' id='word_1_38' title='bbox 1740 599 1917 670; x_wconf 80' lang='lat' dir='ltr'><strong>igitur</strong></span> <span class='ocrx_word' id='word_1_39' title='bbox 1946 598 2006 653; x_wconf 92' lang='lat' dir='ltr'><strong>in</strong></span> <span class='ocrx_word' id='word_1_40' title='bbox 2035 613 2222 652; x_wconf 89' lang='lat' dir='ltr'><strong>unum</strong></span> 
     </span>
    </p>
   </div>
   <div class='ocr_carea' id='block_1_9' title="bbox 574 689 2222 762">
    <p class='ocr_par' dir='ltr' id='par_1_9' title="bbox 574 689 2222 762">
     <span class='ocr_line' id='line_1_9' title="bbox 574 689 2222 762; baseline -0.001 -18"><span class='ocrx_word' id='word_1_41' title='bbox 574 689 919 760; x_wconf 77' lang='lat' dir='ltr'><strong>congregati</strong></span> <span class='ocrx_word' id='word_1_42' title='bbox 937 693 1155 756; x_wconf 86' lang='lat' dir='ltr'><strong>essent,</strong></span> <span class='ocrx_word' id='word_1_43' title='bbox 1180 705 1337 760; x_wconf 66' lang='lat' dir='ltr'><strong>saepe</strong></span> <span class='ocrx_word' id='word_1_44' title='bbox 1361 689 1736 762; x_wconf 89' lang='lat' dir='ltr'><strong>multumque</strong></span> <span class='ocrx_word' id='word_1_45' title='bbox 1751 703 2061 744; x_wconf 86' lang='lat' dir='ltr'><strong>sermones</strong></span> <span class='ocrx_word' id='word_1_46' title='bbox 2083 701 2222 742; x_wconf 91' lang='lat' dir='ltr'><strong>con-</strong></span> 
     </span>
    </p>
   </div>
   <div class='ocr_carea' id='block_1_10' title="bbox 571 775 2222 852">
    <p class='ocr_par' dir='ltr' id='par_1_10' title="bbox 571 775 2222 852">
     <span class='ocr_line' id='line_1_10' title="bbox 571 775 2222 852; baseline -0.002 -18"><span class='ocrx_word' id='word_1_47' title='bbox 571 775 2222 852; x_wconf 72' lang='lat' dir='ltr'><strong>ferebantur,etinquolibetconcessuquaestionesplures</strong></span> 
     </span>
    </p>
   </div>
   <div class='ocr_carea' id='block_1_11' title="bbox 571 868 2218 941">
    <p class='ocr_par' dir='ltr' id='par_1_11' title="bbox 571 868 2218 941">
     <span class='ocr_line' id='line_1_11' title="bbox 571 868 2218 941; baseline -0.002 -17"><span class='ocrx_word' id='word_1_48' title='bbox 571 868 1085 940; x_wconf 80' lang='lat' dir='ltr'><strong>proponebantur.</strong></span> <span class='ocrx_word' id='word_1_49' title='bbox 1111 869 1190 925; x_wconf 88' lang='lat' dir='ltr'><strong>lbi</strong></span> <span class='ocrx_word' id='word_1_50' title='bbox 1220 869 1430 941; x_wconf 86' lang='lat' dir='ltr'><strong>panius</strong></span> <span class='ocrx_word' id='word_1_51' title='bbox 1448 869 1832 932; x_wconf 87' lang='lat' dir='ltr'><strong>obumbrare,</strong></span> <span class='ocrx_word' id='word_1_52' title='bbox 1851 873 1907 923; x_wconf 90' lang='lat' dir='ltr'><strong>et</strong></span> <span class='ocrx_word' id='word_1_53' title='bbox 1925 873 2218 939; x_wconf 91' lang='lat' dir='ltr'><strong>quantum</strong></span> 
     </span>
    </p>
   </div>
   <div class='ocr_carea' id='block_1_12' title="bbox 571 955 2222 1028">
    <p class='ocr_par' dir='ltr' id='par_1_12' title="bbox 571 955 2222 1028">
     <span class='ocr_line' id='line_1_12' title="bbox 571 955 2222 1028; baseline -0.001 -16"><span class='ocrx_word' id='word_1_54' title='bbox 571 963 795 1028; x_wconf 79' lang='lat' dir='ltr'><strong>posset,</strong></span> <span class='ocrx_word' id='word_1_55' title='bbox 817 957 1096 1014; x_wconf 73' lang='lat' dir='ltr'><strong>haeresim</strong></span> <span class='ocrx_word' id='word_1_56' title='bbox 1133 974 1306 1014; x_wconf 87' lang='lat' dir='ltr'><strong>suam</strong></span> <span class='ocrx_word' id='word_1_57' title='bbox 1342 963 1539 1028; x_wconf 89' lang='lat' dir='ltr'><strong>tegere</strong></span> <span class='ocrx_word' id='word_1_58' title='bbox 1572 965 1628 1014; x_wconf 92' lang='lat' dir='ltr'><strong>et</strong></span> <span class='ocrx_word' id='word_1_59' title='bbox 1657 957 1954 1013; x_wconf 90' lang='lat' dir='ltr'><strong>occultare</strong></span> <span class='ocrx_word' id='word_1_60' title='bbox 1983 955 2222 1012; x_wconf 88' lang='lat' dir='ltr'><strong>labora-</strong></span> 
     </span>
    </p>
   </div>
   <div class='ocr_carea' id='block_1_13' title="bbox 571 1043 2220 1112">
    <p class='ocr_par' dir='ltr' id='par_1_13' title="bbox 571 1043 2220 1112">
     <span class='ocr_line' id='line_1_13' title="bbox 571 1043 2220 1112; baseline -0.002 -9"><span class='ocrx_word' id='word_1_61' title='bbox 571 1047 694 1103; x_wconf 88' lang='lat' dir='ltr'><strong>bat.</strong></span> <span class='ocrx_word' id='word_1_62' title='bbox 737 1047 856 1104; x_wconf 86' lang='lat' dir='ltr'>Illis</span> <span class='ocrx_word' id='word_1_63' title='bbox 886 1052 1086 1104; x_wconf 90' lang='lat' dir='ltr'><strong>autem</strong></span> <span class='ocrx_word' id='word_1_64' title='bbox 1137 1047 1282 1104; x_wconf 89' lang='lat' dir='ltr'><strong>illud</strong></span> <span class='ocrx_word' id='word_1_65' title='bbox 1312 1050 1573 1103; x_wconf 81' lang='lat' dir='ltr'><strong>maxime</strong></span> <span class='ocrx_word' id='word_1_66' title='bbox 1623 1048 1820 1102; x_wconf 84' lang='lat' dir='ltr'><strong>studio</strong></span> <span class='ocrx_word' id='word_1_67' title='bbox 1851 1045 1977 1112; x_wconf 87' lang='lat' dir='ltr'><strong>fuit,</strong></span> <span class='ocrx_word' id='word_1_68' title='bbox 2022 1051 2084 1100; x_wconf 91' lang='lat' dir='ltr'><strong>ut</strong></span> <span class='ocrx_word' id='word_1_69' title='bbox 2121 1043 2220 1100; x_wconf 84' lang='lat' dir='ltr'><strong>illa</strong></span> 
     </span>
    </p>
   </div>
   <div class='ocr_carea' id='block_1_14' title="bbox 569 1134 2220 1207">
    <p class='ocr_par' dir='ltr' id='par_1_14' title="bbox 569 1134 2220 1207">
     <span class='ocr_line' id='line_1_14' title="bbox 569 1134 2220 1207; baseline -0.002 -14"><span class='ocrx_word' id='word_1_70' title='bbox 569 1137 948 1206; x_wconf 82' lang='lat' dir='ltr'><strong>proferretur,</strong></span> <span class='ocrx_word' id='word_1_71' title='bbox 983 1143 1038 1194; x_wconf 93' lang='lat' dir='ltr'><strong>et</strong></span> <span class='ocrx_word' id='word_1_72' title='bbox 1057 1143 1218 1194; x_wconf 89' lang='lat' dir='ltr'><strong>tanta</strong></span> <span class='ocrx_word' id='word_1_73' title='bbox 1247 1137 1307 1192; x_wconf 92' lang='lat' dir='ltr'><strong>in</strong></span> <span class='ocrx_word' id='word_1_74' title='bbox 1329 1137 1626 1193; x_wconf 90' lang='lat' dir='ltr'><strong>Christum</strong></span> <span class='ocrx_word' id='word_1_75' title='bbox 1640 1134 2220 1207; x_wconf 88' lang='lat' dir='ltr'><strong>blasphemiaomni-</strong></span> 
     </span>
    </p>
   </div>
   <div class='ocr_carea' id='block_1_15' title="bbox 565 1224 2218 1300">
    <p class='ocr_par' dir='ltr' id='par_1_15' title="bbox 565 1224 2218 1300">
     <span class='ocr_line' id='line_1_15' title="bbox 565 1224 2218 1300; baseline -0.002 -18"><span class='ocrx_word' id='word_1_76' title='bbox 565 1225 682 1282; x_wconf 87' lang='lat' dir='ltr'><strong>bus</strong></span> <span class='ocrx_word' id='word_1_77' title='bbox 713 1227 1028 1300; x_wconf 88' lang='lat' dir='ltr'><strong>propalam</strong></span> <span class='ocrx_word' id='word_1_78' title='bbox 1075 1235 1218 1283; x_wconf 90' lang='lat' dir='ltr'><strong>nota</strong></span> <span class='ocrx_word' id='word_1_79' title='bbox 1258 1227 1442 1282; x_wconf 84' lang='lat' dir='ltr'><strong>ﬁeret.</strong></span> <span class='ocrx_word' id='word_1_80' title='bbox 1504 1229 1878 1297; x_wconf 86' lang='lat' dir='ltr'><strong>Quapropter</strong></span> <span class='ocrx_word' id='word_1_81' title='bbox 1907 1224 2218 1280; x_wconf 90' lang='lat' dir='ltr'><strong>suadendo</strong></span> 
     </span>
    </p>
   </div>
   <div class='ocr_carea' id='block_1_16' title="bbox 569 1313 2220 1387">
    <p class='ocr_par' dir='ltr' id='par_1_16' title="bbox 569 1313 2220 1387">
     <span class='ocr_line' id='line_1_16' title="bbox 569 1313 2220 1387; baseline -0.001 -17"><span class='ocrx_word' id='word_1_82' title='bbox 569 1315 830 1387; x_wconf 89' lang='lat' dir='ltr'><strong>primum</strong></span> <span class='ocrx_word' id='word_1_83' title='bbox 864 1321 918 1371; x_wconf 91' lang='lat' dir='ltr'><strong>et</strong></span> <span class='ocrx_word' id='word_1_84' title='bbox 949 1316 1318 1372; x_wconf 89' lang='lat' dir='ltr'><strong>consulendo</strong></span> <span class='ocrx_word' id='word_1_85' title='bbox 1344 1315 1541 1372; x_wconf 82' lang='lat' dir='ltr'><strong>conati</strong></span> <span class='ocrx_word' id='word_1_86' title='bbox 1569 1321 1707 1370; x_wconf 91' lang='lat' dir='ltr'><strong>sunt</strong></span> <span class='ocrx_word' id='word_1_87' title='bbox 1739 1313 1991 1371; x_wconf 88' lang='lat' dir='ltr'><strong>Paulum</strong></span> <span class='ocrx_word' id='word_1_88' title='bbox 2018 1330 2053 1369; x_wconf 92' lang='lat' dir='ltr'><strong>a</strong></span> <span class='ocrx_word' id='word_1_89' title='bbox 2083 1327 2220 1368; x_wconf 91' lang='lat' dir='ltr'><strong>con-</strong></span> 
     </span>
    </p>
   </div>
   <div class='ocr_carea' id='block_1_17' title="bbox 573 1405 2219 1478">
    <p class='ocr_par' dir='ltr' id='par_1_17' title="bbox 573 1405 2219 1478">
     <span class='ocr_line' id='line_1_17' title="bbox 573 1405 2219 1478; baseline -0.002 -18"><span class='ocrx_word' id='word_1_90' title='bbox 573 1408 747 1475; x_wconf 90' lang='lat' dir='ltr'><strong>cepta</strong></span> <span class='ocrx_word' id='word_1_91' title='bbox 775 1405 1056 1478; x_wconf 90' lang='lat' dir='ltr'><strong>opinione</strong></span> <span class='ocrx_word' id='word_1_92' title='bbox 1083 1405 1400 1470; x_wconf 86' lang='lat' dir='ltr'><strong>abducere,</strong></span> <span class='ocrx_word' id='word_1_93' title='bbox 1435 1410 1491 1459; x_wconf 91' lang='lat' dir='ltr'><strong>et</strong></span> <span class='ocrx_word' id='word_1_94' title='bbox 1518 1405 1576 1459; x_wconf 88' lang='lat' dir='ltr'><strong>in</strong></span> <span class='ocrx_word' id='word_1_95' title='bbox 1599 1406 1962 1460; x_wconf 86' lang='lat' dir='ltr'><strong>contrariam</strong></span> <span class='ocrx_word' id='word_1_96' title='bbox 1990 1408 2219 1458; x_wconf 89' lang='lat' dir='ltr'><strong>senten-</strong></span> 
     </span>
    </p>
   </div>
   <div class='ocr_carea' id='block_1_18' title="bbox 573 1493 2220 1565">
    <p class='ocr_par' dir='ltr' id='par_1_18' title="bbox 573 1493 2220 1565">
     <span class='ocr_line' id='line_1_18' title="bbox 573 1493 2220 1565; baseline -0.002 -17"><span class='ocrx_word' id='word_1_97' title='bbox 573 1494 716 1548; x_wconf 90' lang='lat' dir='ltr'><strong>tiam</strong></span> <span class='ocrx_word' id='word_1_98' title='bbox 747 1493 1108 1565; x_wconf 85' lang='lat' dir='ltr'><strong>pertrahere.</strong></span> <span class='ocrx_word' id='word_1_99' title='bbox 1157 1501 1227 1550; x_wconf 84' lang='lat' dir='ltr'><strong>At</strong></span> <span class='ocrx_word' id='word_1_100' title='bbox 1271 1511 1407 1550; x_wconf 91' lang='lat' dir='ltr'><strong>cum</strong></span> <span class='ocrx_word' id='word_1_101' title='bbox 1448 1494 1565 1559; x_wconf 90' lang='lat' dir='ltr'><strong>ille,</strong></span> <span class='ocrx_word' id='word_1_102' title='bbox 1593 1495 1935 1564; x_wconf 90' lang='lat' dir='ltr'><strong>juramento</strong></span> <span class='ocrx_word' id='word_1_103' title='bbox 1965 1493 2220 1563; x_wconf 89' lang='lat' dir='ltr'><strong>interpo-</strong></span> 
     </span>
    </p>
   </div>
   <div class='ocr_carea' id='block_1_19' title="bbox 572 1581 2222 1654">
    <p class='ocr_par' dir='ltr' id='par_1_19' title="bbox 572 1581 2222 1654">
     <span class='ocr_line' id='line_1_19' title="bbox 572 1581 2222 1654; baseline -0.001 -17"><span class='ocrx_word' id='word_1_104' title='bbox 572 1583 706 1648; x_wconf 89' lang='lat' dir='ltr'><strong>sito,</strong></span> <span class='ocrx_word' id='word_1_105' title='bbox 748 1591 950 1654; x_wconf 86' lang='lat' dir='ltr'><strong>aperte</strong></span> <span class='ocrx_word' id='word_1_106' title='bbox 980 1586 1160 1639; x_wconf 89' lang='lat' dir='ltr'><strong>errori</strong></span> <span class='ocrx_word' id='word_1_107' title='bbox 1195 1584 1246 1639; x_wconf 92' lang='lat' dir='ltr'><strong>ei</strong></span> <span class='ocrx_word' id='word_1_108' title='bbox 1295 1584 1679 1650; x_wconf 84' lang='lat' dir='ltr'><strong>renuntiaret,</strong></span> <span class='ocrx_word' id='word_1_109' title='bbox 1714 1597 1908 1652; x_wconf 91' lang='lat' dir='ltr'><strong>neque</strong></span> <span class='ocrx_word' id='word_1_110' title='bbox 1960 1597 2022 1635; x_wconf 91' lang='lat' dir='ltr'><strong>se</strong></span> <span class='ocrx_word' id='word_1_111' title='bbox 2051 1581 2222 1652; x_wconf 91' lang='lat' dir='ltr'><strong>quid-</strong></span> 
     </span>
    </p>
   </div>
   <div class='ocr_carea' id='block_1_20' title="bbox 2328 395 3812 500">
    <p class='ocr_par' dir='ltr' id='par_1_20' title="bbox 2328 395 3812 500">
     <span class='ocr_line' id='line_1_20' title="bbox 2328 395 3812 500; baseline 0.017 -42"><span class='ocrx_word' id='word_1_112' title='bbox 2328 421 2496 489; x_wconf 65' lang='grc' dir='ltr'><strong>γένης,</strong></span> <span class='ocrx_word' id='word_1_113' title='bbox 2551 415 2736 488; x_wconf 81' lang='grc' dir='ltr'><strong>Ἰέραξ,</strong></span> <span class='ocrx_word' id='word_1_114' title='bbox 2789 417 3054 490; x_wconf 82' lang='grc' dir='ltr'><strong>Εύτύχιος</strong></span> <span class='ocrx_word' id='word_1_115' title='bbox 3103 423 3194 472; x_wconf 83' lang='grc' dir='ltr'><strong>καὶ</strong></span> <span class='ocrx_word' id='word_1_116' title='bbox 3225 416 3496 493; x_wconf 85' lang='grc' dir='ltr'><strong>Θεόδωρος</strong></span> <span class='ocrx_word' id='word_1_117' title='bbox 3523 395 3604 476; x_wconf 75' lang='grc' dir='ltr'><strong>καί</strong></span> <span class='ocrx_word' id='word_1_118' title='bbox 3635 395 3812 500; x_wconf 40' lang='lat' dir='ltr'><strong>statim</strong></span> 
     </span>
    </p>
   </div>
   <div class='ocr_carea' id='block_1_21' title="bbox 2329 503 3812 584">
    <p class='ocr_par' dir='ltr' id='par_1_21' title="bbox 2329 503 3812 584">
     <span class='ocr_line' id='line_1_21' title="bbox 2329 503 3812 584; baseline 0.005 -25"><span class='ocrx_word' id='word_1_119' title='bbox 2329 511 2416 560; x_wconf 78' lang='grc' dir='ltr'><strong>καὶ</strong></span> <span class='ocrx_word' id='word_1_120' title='bbox 2449 509 2690 571; x_wconf 80' lang='grc' dir='ltr'><strong>Λούκιος,</strong></span> <span class='ocrx_word' id='word_1_121' title='bbox 2747 503 3010 583; x_wconf 75' lang='grc' dir='ltr'><strong>διαφόρων</strong></span> <span class='ocrx_word' id='word_1_122' title='bbox 3061 510 3312 582; x_wconf 72' lang='grc' dir='ltr'><strong>ἡγεμόνες</strong></span> <span class='ocrx_word' id='word_1_123' title='bbox 3356 518 3592 584; x_wconf 74' lang='grc' dir='ltr'><strong>ποιμνίων</strong></span> <span class='ocrx_word' id='word_1_124' title='bbox 3619 533 3630 544; x_wconf 89' lang='grc'>·</span> <span class='ocrx_word' id='word_1_125' title='bbox 3671 523 3738 570; x_wconf 78' lang='grc' dir='ltr'><strong>καὶ</strong></span> <span class='ocrx_word' id='word_1_126' title='bbox 3769 525 3812 572; x_wconf 67' lang='lat'><strong>1&#39;1.</strong></span> 
     </span>
    </p>
   </div>
   <div class='ocr_carea' id='block_1_22' title="bbox 2329 595 3816 673">
    <p class='ocr_par' dir='ltr' id='par_1_22' title="bbox 2329 595 3816 673">
     <span class='ocr_line' id='line_1_22' title="bbox 2329 595 3816 673; baseline 0.006 -26"><span class='ocrx_word' id='word_1_127' title='bbox 2329 595 2409 648; x_wconf 91' lang='grc' dir='ltr'><strong>λοι</strong></span> <span class='ocrx_word' id='word_1_128' title='bbox 2457 600 2639 669; x_wconf 86' lang='grc' dir='ltr'><strong>μυρίοι</strong></span> <span class='ocrx_word' id='word_1_129' title='bbox 2689 598 2899 669; x_wconf 82' lang='grc' dir='ltr'><strong>σύναμα</strong></span> <span class='ocrx_word' id='word_1_130' title='bbox 2967 597 3330 673; x_wconf 82' lang='grc' dir='ltr'><strong>πρεσϐυτέροις</strong></span> <span class='ocrx_word' id='word_1_131' title='bbox 3387 607 3474 653; x_wconf 79' lang='grc' dir='ltr'><strong>καὶ</strong></span> <span class='ocrx_word' id='word_1_132' title='bbox 3525 599 3744 666; x_wconf 70' lang='grc' dir='ltr'><strong>διακόνοις</strong></span> <span class='ocrx_word' id='word_1_133' title='bbox 3777 611 3816 661; x_wconf 61' lang='grc' dir='ltr'><strong>ἑτι</strong></span> 
     </span>
    </p>
   </div>
   <div class='ocr_carea' id='block_1_23' title="bbox 2327 685 3820 764">
    <p class='ocr_par' dir='ltr' id='par_1_23' title="bbox 2327 685 3820 764">
     <span class='ocr_line' id='line_1_23' title="bbox 2327 685 3820 764; baseline 0.009 -29"><span class='ocrx_word' id='word_1_134' title='bbox 2327 689 2423 743; x_wconf 78' lang='grc' dir='ltr'><strong>τὴν</strong></span> <span class='ocrx_word' id='word_1_135' title='bbox 2505 685 2777 758; x_wconf 78' lang='grc' dir='ltr'><strong>εἰρημένην</strong></span> <span class='ocrx_word' id='word_1_136' title='bbox 2851 687 2998 738; x_wconf 89' lang='grc' dir='ltr'><strong>πόλιν</strong></span> <span class='ocrx_word' id='word_1_137' title='bbox 3075 688 3360 763; x_wconf 68' lang='grc' dir='ltr'><strong>πνέῥρἐον.</strong></span> <span class='ocrx_word' id='word_1_138' title='bbox 3431 693 3625 744; x_wconf 65' lang='grc' dir='ltr'><strong>Πάντων</strong></span> <span class='ocrx_word' id='word_1_139' title='bbox 3677 701 3764 764; x_wconf 69' lang='grc' dir='ltr'><strong>γοῦν</strong></span> <span class='ocrx_word' id='word_1_140' title='bbox 3795 697 3820 758; x_wconf 77' lang='grc' dir='ltr'><strong>ἐς</strong></span> 
     </span>
    </p>
   </div>
   <div class='ocr_carea' id='block_1_24' title="bbox 2328 775 3824 852">
    <p class='ocr_par' dir='ltr' id='par_1_24' title="bbox 2328 775 3824 852">
     <span class='ocr_line' id='line_1_24' title="bbox 2328 775 3824 852; baseline 0.007 -26"><span class='ocrx_word' id='word_1_141' title='bbox 2328 777 2484 828; x_wconf 87' lang='grc' dir='ltr'><strong>ταυτό</strong></span> <span class='ocrx_word' id='word_1_142' title='bbox 2534 778 2828 839; x_wconf 81' lang='grc' dir='ltr'><strong>συνιόντων,</strong></span> <span class='ocrx_word' id='word_1_143' title='bbox 2905 775 3150 838; x_wconf 81' lang='grc' dir='ltr'><strong>πολλάκις</strong></span> <span class='ocrx_word' id='word_1_144' title='bbox 3201 779 3274 839; x_wconf 81' lang='grc' dir='ltr'><strong>εἰς</strong></span> <span class='ocrx_word' id='word_1_145' title='bbox 3331 779 3509 852; x_wconf 88' lang='grc' dir='ltr'><strong>λόγους</strong></span> <span class='ocrx_word' id='word_1_146' title='bbox 3568 777 3699 840; x_wconf 72' lang='grc' dir='ltr'><strong>ἦλθον</strong></span> <span class='ocrx_word' id='word_1_147' title='bbox 3723 801 3734 814; x_wconf 81' lang='lat'>&#39;</span> <span class='ocrx_word' id='word_1_148' title='bbox 3775 805 3824 837; x_wconf 75' lang='lat' dir='ltr'><strong>ni</strong></span> 
     </span>
    </p>
   </div>
   <div class='ocr_carea' id='block_1_25' title="bbox 2328 862 3826 944">
    <p class='ocr_par' dir='ltr' id='par_1_25' title="bbox 2328 862 3826 944">
     <span class='ocr_line' id='line_1_25' title="bbox 2328 862 3826 944; baseline 0.007 -28"><span class='ocrx_word' id='word_1_149' title='bbox 2328 863 2444 916; x_wconf 89' lang='grc' dir='ltr'><strong>καθ’</strong></span> <span class='ocrx_word' id='word_1_150' title='bbox 2493 863 2717 924; x_wconf 75' lang='grc' dir='ltr'><strong>ἑκάστην</strong></span> <span class='ocrx_word' id='word_1_151' title='bbox 2771 862 2993 918; x_wconf 75' lang='grc' dir='ltr'><strong>σύνοδον</strong></span> <span class='ocrx_word' id='word_1_152' title='bbox 3025 867 3272 929; x_wconf 75' lang='grc' dir='ltr'><strong>ζητήσεις</strong></span> <span class='ocrx_word' id='word_1_153' title='bbox 3307 869 3400 921; x_wconf 78' lang='grc' dir='ltr'><strong>οὐκ</strong></span> <span class='ocrx_word' id='word_1_154' title='bbox 3449 869 3702 942; x_wconf 74' lang='grc' dir='ltr'><strong>ἐλάχισται</strong></span> <span class='ocrx_word' id='word_1_155' title='bbox 3731 882 3826 944; x_wconf 63' lang='lat' dir='ltr'><strong>spri-</strong></span> 
     </span>
    </p>
   </div>
   <div class='ocr_carea' id='block_1_26' title="bbox 2327 951 3829 1030">
    <p class='ocr_par' dir='ltr' id='par_1_26' title="bbox 2327 951 3829 1030">
     <span class='ocr_line' id='line_1_26' title="bbox 2327 951 3829 1030; baseline 0.007 -26"><span class='ocrx_word' id='word_1_156' title='bbox 2327 973 2514 1010; x_wconf 86' lang='grc' dir='ltr'><strong>κειντο.</strong></span> <span class='ocrx_word' id='word_1_157' title='bbox 2576 956 2641 1006; x_wconf 86' lang='grc' dir='ltr'><strong>Οἱ</strong></span> <span class='ocrx_word' id='word_1_158' title='bbox 2709 957 2799 1026; x_wconf 68' lang='grc' dir='ltr'><strong>μὲν</strong></span> <span class='ocrx_word' id='word_1_159' title='bbox 2867 951 2958 1008; x_wconf 83' lang='grc' dir='ltr'><strong>οὖν</strong></span> <span class='ocrx_word' id='word_1_160' title='bbox 3020 961 3139 1030; x_wconf 80' lang='grc' dir='ltr'><strong>περὶ</strong></span> <span class='ocrx_word' id='word_1_161' title='bbox 3205 960 3292 1009; x_wconf 89' lang='grc' dir='ltr'><strong>τὸν</strong></span> <span class='ocrx_word' id='word_1_162' title='bbox 3363 959 3558 1012; x_wconf 79' lang='grc' dir='ltr'><strong>Παῦλον</strong></span> <span class='ocrx_word' id='word_1_163' title='bbox 3617 963 3829 1022; x_wconf 75' lang='grc' dir='ltr'><strong>σνσκιιέζιν</strong></span> 
     </span>
    </p>
   </div>
   <div class='ocr_carea' id='block_1_27' title="bbox 2327 1046 3830 1122">
    <p class='ocr_par' dir='ltr' id='par_1_27' title="bbox 2327 1046 3830 1122">
     <span class='ocr_line' id='line_1_27' title="bbox 2327 1046 3830 1122; baseline 0.005 -27"><span class='ocrx_word' id='word_1_164' title='bbox 2327 1051 2622 1116; x_wconf 70' lang='grc' dir='ltr'><strong>ἐπειρῶντο,</strong></span> <span class='ocrx_word' id='word_1_165' title='bbox 2671 1049 2761 1096; x_wconf 81' lang='grc' dir='ltr'><strong>καὶ</strong></span> <span class='ocrx_word' id='word_1_166' title='bbox 2821 1049 2914 1102; x_wconf 82' lang='grc' dir='ltr'><strong>τὴν</strong></span> <span class='ocrx_word' id='word_1_167' title='bbox 2971 1046 3173 1120; x_wconf 84' lang='grc' dir='ltr'><strong>αἰρεσιν</strong></span> <span class='ocrx_word' id='word_1_168' title='bbox 3223 1049 3288 1108; x_wconf 86' lang='grc' dir='ltr'><strong>ὦς</strong></span> <span class='ocrx_word' id='word_1_169' title='bbox 3311 1051 3362 1119; x_wconf 86' lang='grc' dir='ltr'><strong>γ’</strong></span> <span class='ocrx_word' id='word_1_170' title='bbox 3411 1047 3522 1107; x_wconf 84' lang='grc' dir='ltr'><strong>ἐνῆν</strong></span> <span class='ocrx_word' id='word_1_171' title='bbox 3549 1051 3830 1122; x_wconf 69' lang='grc' dir='ltr'><strong>ἐπικρύπτειν·</strong></span> 
     </span>
    </p>
   </div>
   <div class='ocr_carea' id='block_1_28' title="bbox 2327 1128 3921 1210">
    <p class='ocr_par' dir='ltr' id='par_1_28' title="bbox 2327 1128 3921 1210">
     <span class='ocr_line' id='line_1_28' title="bbox 2327 1128 3921 1210; baseline 0.006 -27"><span class='ocrx_word' id='word_1_172' title='bbox 2327 1139 2436 1194; x_wconf 88' lang='grc' dir='ltr'><strong>τοῖς</strong></span> <span class='ocrx_word' id='word_1_173' title='bbox 2489 1128 2548 1184; x_wconf 68' lang='grc' dir='ltr'><strong>δὲ</strong></span> <span class='ocrx_word' id='word_1_174' title='bbox 2595 1129 2688 1184; x_wconf 79' lang='grc' dir='ltr'><strong>διὰ</strong></span> <span class='ocrx_word' id='word_1_175' title='bbox 2744 1131 2982 1196; x_wconf 80' lang='grc' dir='ltr'><strong>σπουδῆς</strong></span> <span class='ocrx_word' id='word_1_176' title='bbox 3043 1133 3237 1206; x_wconf 84' lang='grc' dir='ltr'><strong>ἐγίνετο</strong></span> <span class='ocrx_word' id='word_1_177' title='bbox 3283 1136 3516 1208; x_wconf 88' lang='grc' dir='ltr'><strong>μα’λιστα</strong></span> <span class='ocrx_word' id='word_1_178' title='bbox 3567 1143 3652 1198; x_wconf 74' lang='grc' dir='ltr'><strong>τήν</strong></span> <span class='ocrx_word' id='word_1_179' title='bbox 3707 1143 3833 1210; x_wconf 69' lang='grc' dir='ltr'><strong>αἰρεσιν</strong></span> <span class='ocrx_word' id='word_1_180' title='bbox 3920 1151 3921 1156; x_wconf 77' lang='lat'>‘</span> 
     </span>
    </p>
   </div>
   <div class='ocr_carea' id='block_1_29' title="bbox 2328 1219 3834 1300">
    <p class='ocr_par' dir='ltr' id='par_1_29' title="bbox 2328 1219 3834 1300">
     <span class='ocr_line' id='line_1_29' title="bbox 2328 1219 3834 1300; baseline 0.006 -28"><span class='ocrx_word' id='word_1_181' title='bbox 2328 1219 2642 1294; x_wconf 76' lang='grc' dir='ltr'><strong>ἀναφαίνειν,</strong></span> <span class='ocrx_word' id='word_1_182' title='bbox 2695 1226 2785 1274; x_wconf 82' lang='grc' dir='ltr'><strong>καὶ</strong></span> <span class='ocrx_word' id='word_1_183' title='bbox 2831 1227 2923 1282; x_wconf 83' lang='grc' dir='ltr'><strong>τὴν</strong></span> <span class='ocrx_word' id='word_1_184' title='bbox 2983 1223 3050 1284; x_wconf 85' lang='grc' dir='ltr'><strong>εἰς</strong></span> <span class='ocrx_word' id='word_1_185' title='bbox 3095 1229 3326 1298; x_wconf 83' lang='grc' dir='ltr'><strong>Χριστόν</strong></span> <span class='ocrx_word' id='word_1_186' title='bbox 3381 1225 3697 1300; x_wconf 70' lang='grc' dir='ltr'><strong>βλασφημίαν</strong></span> <span class='ocrx_word' id='word_1_187' title='bbox 3737 1236 3834 1281; x_wconf 67' lang='grc' dir='ltr'><strong>πάι-εν</strong></span> 
     </span>
    </p>
   </div>
   <div class='ocr_carea' id='block_1_30' title="bbox 2328 1308 3839 1391">
    <p class='ocr_par' dir='ltr' id='par_1_30' title="bbox 2328 1308 3839 1391">
     <span class='ocr_line' id='line_1_30' title="bbox 2328 1308 3839 1391; baseline 0.004 -27"><span class='ocrx_word' id='word_1_188' title='bbox 2328 1308 2545 1370; x_wconf 80' lang='grc' dir='ltr'><strong>ἔκδηλον</strong></span> <span class='ocrx_word' id='word_1_189' title='bbox 2600 1314 2875 1384; x_wconf 82' lang='grc' dir='ltr'><strong>καθιστᾷν.</strong></span> <span class='ocrx_word' id='word_1_190' title='bbox 2944 1314 3276 1385; x_wconf 79' lang='grc' dir='ltr'><strong>Εἰσηγήσεσι</strong></span> <span class='ocrx_word' id='word_1_191' title='bbox 3324 1319 3415 1388; x_wconf 72' lang='grc' dir='ltr'><strong>μὲν</strong></span> <span class='ocrx_word' id='word_1_192' title='bbox 3461 1321 3560 1389; x_wconf 62' lang='grc' dir='ltr'><strong>γὰρ</strong></span> <span class='ocrx_word' id='word_1_193' title='bbox 3615 1320 3674 1369; x_wconf 74' lang='grc' dir='ltr'><strong>τὰ</strong></span> <span class='ocrx_word' id='word_1_194' title='bbox 3725 1328 3839 1391; x_wconf 61' lang='grc' dir='ltr'><strong>πρὼτι</strong></span> 
     </span>
    </p>
   </div>
   <div class='ocr_carea' id='block_1_31' title="bbox 2327 1401 3838 1480">
    <p class='ocr_par' dir='ltr' id='par_1_31' title="bbox 2327 1401 3838 1480">
     <span class='ocr_line' id='line_1_31' title="bbox 2327 1401 3838 1480; baseline 0.005 -27"><span class='ocrx_word' id='word_1_195' title='bbox 2327 1407 2417 1454; x_wconf 82' lang='grc' dir='ltr'><strong>καὶ</strong></span> <span class='ocrx_word' id='word_1_196' title='bbox 2475 1401 2800 1474; x_wconf 83' lang='grc' dir='ltr'><strong>συμϐουλαῖς</strong></span> <span class='ocrx_word' id='word_1_197' title='bbox 2842 1405 3138 1475; x_wconf 84' lang='grc' dir='ltr'><strong>μεταθεῖναι</strong></span> <span class='ocrx_word' id='word_1_198' title='bbox 3188 1401 3522 1480; x_wconf 83' lang='grc' dir='ltr'><strong>διεπειρῶντο</strong></span> <span class='ocrx_word' id='word_1_199' title='bbox 3572 1411 3650 1460; x_wconf 90' lang='grc' dir='ltr'><strong>τόν</strong></span> <span class='ocrx_word' id='word_1_200' title='bbox 3691 1409 3838 1470; x_wconf 60' lang='lat' dir='ltr'><strong>Heilm,</strong></span> 
     </span>
    </p>
   </div>
   <div class='ocr_carea' id='block_1_32' title="bbox 2327 1489 3840 1567">
    <p class='ocr_par' dir='ltr' id='par_1_32' title="bbox 2327 1489 3840 1567">
     <span class='ocr_line' id='line_1_32' title="bbox 2327 1489 3840 1567; baseline 0.003 -26"><span class='ocrx_word' id='word_1_201' title='bbox 2327 1495 2418 1542; x_wconf 81' lang='grc' dir='ltr'><strong>καὶ</strong></span> <span class='ocrx_word' id='word_1_202' title='bbox 2481 1499 2573 1543; x_wconf 83' lang='grc' dir='ltr'><strong>τοῦ</strong></span> <span class='ocrx_word' id='word_1_203' title='bbox 2626 1489 2858 1544; x_wconf 78' lang='grc' dir='ltr'><strong>ἐναντίου</strong></span> <span class='ocrx_word' id='word_1_204' title='bbox 2913 1498 3239 1565; x_wconf 74' lang='grc' dir='ltr'><strong>φρονήματος</strong></span> <span class='ocrx_word' id='word_1_205' title='bbox 3307 1493 3573 1567; x_wconf 76' lang='grc' dir='ltr'><strong>ἁφιστᾷν·</strong></span> <span class='ocrx_word' id='word_1_206' title='bbox 3624 1499 3682 1558; x_wconf 84' lang='grc' dir='ltr'><strong>ὡς</strong></span> <span class='ocrx_word' id='word_1_207' title='bbox 3725 1493 3763 1548; x_wconf 83' lang='grc' dir='ltr'><strong>δ’</strong></span> <span class='ocrx_word' id='word_1_208' title='bbox 3803 1499 3840 1558; x_wconf 74' lang='lat' dir='ltr'><strong>ti;</strong></span> 
     </span>
    </p>
   </div>
   <div class='ocr_carea' id='block_1_33' title="bbox 2329 1575 3843 1657">
    <p class='ocr_par' dir='ltr' id='par_1_33' title="bbox 2329 1575 3843 1657">
     <span class='ocr_line' id='line_1_33' title="bbox 2329 1575 3843 1657; baseline 0.004 -26"><span class='ocrx_word' id='word_1_209' title='bbox 2329 1584 2464 1652; x_wconf 85' lang='grc' dir='ltr'><strong>μέγα</strong></span> <span class='ocrx_word' id='word_1_210' title='bbox 2511 1575 2850 1652; x_wconf 82' lang='grc' dir='ltr'><strong>διομνύμενος</strong></span> <span class='ocrx_word' id='word_1_211' title='bbox 2907 1591 3180 1654; x_wconf 68' lang='grc' dir='ltr'><strong>προφανῶς</strong></span> <span class='ocrx_word' id='word_1_212' title='bbox 3227 1581 3441 1654; x_wconf 83' lang='grc' dir='ltr'><strong>ἀπέλεγε</strong></span> <span class='ocrx_word' id='word_1_213' title='bbox 3493 1581 3646 1657; x_wconf 73' lang='grc' dir='ltr'><strong>μηδεν</strong></span> <span class='ocrx_word' id='word_1_214' title='bbox 3685 1595 3843 1638; x_wconf 67' lang='lat' dir='ltr'><strong>rauim</strong></span> 
     </span>
    </p>
   </div>
   <div class='ocr_carea' id='block_1_34' title="bbox 571 1667 2220 1746">
    <p class='ocr_par' dir='ltr' id='par_1_34' title="bbox 571 1671 2220 1746">
     <span class='ocr_line' id='line_1_34' title="bbox 571 1671 2220 1746; baseline -0.001 -19"><span class='ocrx_word' id='word_1_215' title='bbox 571 1687 754 1746; x_wconf 87' lang='lat' dir='ltr'><strong>quam</strong></span> <span class='ocrx_word' id='word_1_216' title='bbox 783 1674 1082 1746; x_wconf 89' lang='lat' dir='ltr'><strong>ejusmodi</strong></span> <span class='ocrx_word' id='word_1_217' title='bbox 1114 1674 1349 1738; x_wconf 89' lang='lat' dir='ltr'><strong>sentire,</strong></span> <span class='ocrx_word' id='word_1_218' title='bbox 1378 1673 1482 1728; x_wconf 91' lang='lat' dir='ltr'><strong>sed</strong></span> <span class='ocrx_word' id='word_1_219' title='bbox 1513 1671 1854 1744; x_wconf 85' lang='lat' dir='ltr'><strong>apostolicis</strong></span> <span class='ocrx_word' id='word_1_220' title='bbox 1888 1671 2137 1726; x_wconf 89' lang='lat' dir='ltr'><strong>decretis</strong></span> <span class='ocrx_word' id='word_1_221' title='bbox 2167 1673 2220 1726; x_wconf 89' lang='lat' dir='ltr'><strong>et</strong></span> 
     </span>
    </p>
   </div>
   <div class='ocr_carea' id='block_1_35' title="bbox 2326 1667 3846 1746">
    <p class='ocr_par' dir='ltr' id='par_1_35' title="bbox 2331 1667 3846 1746">
     <span class='ocr_line' id='line_1_35' title="bbox 2331 1667 3846 1746; baseline 0.003 -26"><span class='ocrx_word' id='word_1_222' title='bbox 2331 1675 2568 1742; x_wconf 78' lang='grc' dir='ltr'><strong>φρονεῖνε,</strong></span> <span class='ocrx_word' id='word_1_223' title='bbox 2631 1677 2736 1731; x_wconf 85' lang='grc' dir='ltr'><strong>τοῖς</strong></span> <span class='ocrx_word' id='word_1_224' title='bbox 2796 1667 2846 1722; x_wconf 88' lang='grc' dir='ltr'><strong>δ’</strong></span> <span class='ocrx_word' id='word_1_225' title='bbox 2899 1670 3264 1734; x_wconf 83' lang='grc' dir='ltr'><strong>ἁποστολικοῐς</strong></span> <span class='ocrx_word' id='word_1_226' title='bbox 3319 1673 3462 1746; x_wconf 83' lang='grc' dir='ltr'><strong>ὅροις</strong></span> <span class='ocrx_word' id='word_1_227' title='bbox 3523 1679 3608 1727; x_wconf 85' lang='grc' dir='ltr'><strong>καὶ</strong></span> <span class='ocrx_word' id='word_1_228' title='bbox 3659 1671 3846 1746; x_wconf 72' lang='grc' dir='ltr'><strong>δόγματα</strong></span> 
     </span>
    </p>
   </div>
   <div class='ocr_carea' id='block_1_36' title="bbox 571 1759 2219 1834">
    <p class='ocr_par' dir='ltr' id='par_1_36' title="bbox 571 1759 2219 1834">
     <span class='ocr_line' id='line_1_36' title="bbox 571 1759 2219 1834; baseline -0.002 -17"><span class='ocrx_word' id='word_1_229' title='bbox 571 1761 856 1817; x_wconf 88' lang='lat' dir='ltr'><strong>doctrinis</strong></span> <span class='ocrx_word' id='word_1_230' title='bbox 892 1761 1218 1830; x_wconf 68' lang='lat' dir='ltr'><strong>adhaerere,</strong></span> <span class='ocrx_word' id='word_1_231' title='bbox 1250 1761 1456 1834; x_wconf 88' lang='lat' dir='ltr'><strong>eisque</strong></span> <span class='ocrx_word' id='word_1_232' title='bbox 1485 1761 1756 1817; x_wconf 88' lang='lat' dir='ltr'><strong>insistere</strong></span> <span class='ocrx_word' id='word_1_233' title='bbox 1787 1759 2174 1816; x_wconf 86' lang='lat' dir='ltr'><strong>conﬁrmaret</strong></span> <span class='ocrx_word' id='word_1_234' title='bbox 2204 1773 2219 1824; x_wconf 87' lang='lat'><strong>;</strong></span> 
     </span>
    </p>
   </div>
   <div class='ocr_carea' id='block_1_37' title="bbox 573 1850 2223 1922">
    <p class='ocr_par' dir='ltr' id='par_1_37' title="bbox 573 1850 2223 1922">
     <span class='ocr_line' id='line_1_37' title="bbox 573 1850 2223 1922; baseline -0.002 -16"><span class='ocrx_word' id='word_1_235' title='bbox 573 1857 696 1906; x_wconf 88' lang='lat' dir='ltr'><strong>tum</strong></span> <span class='ocrx_word' id='word_1_236' title='bbox 729 1852 976 1922; x_wconf 80' lang='lat' dir='ltr'><strong>quidem</strong></span> <span class='ocrx_word' id='word_1_237' title='bbox 1007 1851 1109 1920; x_wconf 91' lang='lat' dir='ltr'><strong>illi,</strong></span> <span class='ocrx_word' id='word_1_238' title='bbox 1130 1867 1516 1908; x_wconf 91' lang='lat' dir='ltr'><strong>communem</strong></span> <span class='ocrx_word' id='word_1_239' title='bbox 1537 1853 1912 1908; x_wconf 84' lang='lat' dir='ltr'><strong>Servatorem</strong></span> <span class='ocrx_word' id='word_1_240' title='bbox 1939 1851 2125 1905; x_wconf 90' lang='lat' dir='ltr'><strong>Deum</strong></span> <span class='ocrx_word' id='word_1_241' title='bbox 2148 1850 2223 1904; x_wconf 91' lang='lat' dir='ltr'><strong>de</strong></span> 
     </span>
    </p>
   </div>
   <div class='ocr_carea' id='block_1_38' title="bbox 571 1939 2223 1997">
    <p class='ocr_par' dir='ltr' id='par_1_38' title="bbox 571 1939 2223 1997">
     <span class='ocr_line' id='line_1_38' title="bbox 571 1939 2223 1997; baseline -0.002 -1"><span class='ocrx_word' id='word_1_242' title='bbox 571 1941 955 1996; x_wconf 88' lang='lat' dir='ltr'><strong>ecclesiarum</strong></span> <span class='ocrx_word' id='word_1_243' title='bbox 1001 1955 1298 1996; x_wconf 88' lang='lat' dir='ltr'><strong>consensu</strong></span> <span class='ocrx_word' id='word_1_244' title='bbox 1327 1947 1383 1997; x_wconf 91' lang='lat' dir='ltr'><strong>et</strong></span> <span class='ocrx_word' id='word_1_245' title='bbox 1408 1941 1733 1996; x_wconf 87' lang='lat' dir='ltr'><strong>concordia</strong></span> <span class='ocrx_word' id='word_1_246' title='bbox 1762 1956 1898 1995; x_wconf 92' lang='lat' dir='ltr'><strong>cum</strong></span> <span class='ocrx_word' id='word_1_247' title='bbox 1942 1939 2223 1995; x_wconf 86' lang='lat' dir='ltr'><strong>laudibus</strong></span> 
     </span>
    </p>
   </div>
   <div class='ocr_carea' id='block_1_39' title="bbox 572 2031 2224 2103">
    <p class='ocr_par' dir='ltr' id='par_1_39' title="bbox 572 2031 2224 2103">
     <span class='ocr_line' id='line_1_39' title="bbox 572 2031 2224 2103; baseline -0.002 -16"><span class='ocrx_word' id='word_1_248' title='bbox 572 2031 1108 2099; x_wconf 88' lang='lat' dir='ltr'><strong>concelebrassent,</strong></span> <span class='ocrx_word' id='word_1_249' title='bbox 1157 2031 1455 2103; x_wconf 82' lang='lat' dir='ltr'><strong>synodum</strong></span> <span class='ocrx_word' id='word_1_250' title='bbox 1513 2031 1843 2099; x_wconf 85' lang='lat' dir='ltr'><strong>solverunt,</strong></span> <span class='ocrx_word' id='word_1_251' title='bbox 1885 2037 1943 2085; x_wconf 92' lang='lat' dir='ltr'><strong>et</strong></span> <span class='ocrx_word' id='word_1_252' title='bbox 1999 2044 2108 2100; x_wconf 89' lang='lat' dir='ltr'><strong>pro</strong></span> <span class='ocrx_word' id='word_1_253' title='bbox 2162 2042 2224 2083; x_wconf 88' lang='lat' dir='ltr'><strong>se</strong></span> 
     </span>
    </p>
   </div>
   <div class='ocr_carea' id='block_1_40' title="bbox 571 2119 1682 2194">
    <p class='ocr_par' dir='ltr' id='par_1_40' title="bbox 571 2119 1682 2194">
     <span class='ocr_line' id='line_1_40' title="bbox 571 2119 1682 2194; baseline -0.003 -17"><span class='ocrx_word' id='word_1_254' title='bbox 571 2119 826 2194; x_wconf 90' lang='lat' dir='ltr'><strong>quisque</strong></span> <span class='ocrx_word' id='word_1_255' title='bbox 855 2121 935 2177; x_wconf 89' lang='lat' dir='ltr'><strong>ad</strong></span> <span class='ocrx_word' id='word_1_256' title='bbox 956 2135 1165 2192; x_wconf 81' lang='lat' dir='ltr'><strong>greges</strong></span> <span class='ocrx_word' id='word_1_257' title='bbox 1194 2137 1334 2176; x_wconf 90' lang='lat' dir='ltr'><strong>suos</strong></span> <span class='ocrx_word' id='word_1_258' title='bbox 1363 2120 1682 2176; x_wconf 88' lang='lat' dir='ltr'><strong>redierunt.</strong></span> 
     </span>
    </p>
   </div>
   <div class='ocr_carea' id='block_1_41' title="bbox 1155 2227 1642 2285">
    <p class='ocr_par' dir='ltr' id='par_1_41' title="bbox 1155 2227 1642 2285">
     <span class='ocr_line' id='line_1_41' title="bbox 1155 2227 1642 2285; baseline -0.006 -1"><span class='ocrx_word' id='word_1_259' title='bbox 1155 2227 1378 2285; x_wconf 83' lang='lat' dir='ltr'><strong>CAPUT</strong></span> <span class='ocrx_word' id='word_1_260' title='bbox 1419 2228 1642 2284; x_wconf 83' lang='lat' dir='ltr'><strong>XXVIII.</strong></span> 
     </span>
    </p>
   </div>
   <div class='ocr_carea' id='block_1_42' title="bbox 579 2333 2214 2406">
    <p class='ocr_par' dir='ltr' id='par_1_42' title="bbox 579 2333 2214 2406">
     <span class='ocr_line' id='line_1_42' title="bbox 579 2333 2214 2406; baseline -0.002 -13"><span class='ocrx_word' id='word_1_261' title='bbox 579 2337 650 2394; x_wconf 93' lang='lat' dir='ltr'><strong>Ut</strong></span> <span class='ocrx_word' id='word_1_262' title='bbox 680 2336 744 2392; x_wconf 85' lang='lat' dir='ltr'><strong>in</strong></span> <span class='ocrx_word' id='word_1_263' title='bbox 770 2337 1027 2393; x_wconf 85' lang='lat' dir='ltr'><strong>secundo</strong></span> <span class='ocrx_word' id='word_1_264' title='bbox 1059 2343 1350 2393; x_wconf 84' lang='lat' dir='ltr'><strong>conventu</strong></span> <span class='ocrx_word' id='word_1_265' title='bbox 1381 2337 1728 2406; x_wconf 78' lang='lat' dir='ltr'><strong>confutatus</strong></span> <span class='ocrx_word' id='word_1_266' title='bbox 1753 2335 1979 2392; x_wconf 83' lang='lat' dir='ltr'><strong>Paulus</strong></span> <span class='ocrx_word' id='word_1_267' title='bbox 2003 2350 2040 2390; x_wconf 94' lang='lat' dir='ltr'><strong>a</strong></span> <span class='ocrx_word' id='word_1_268' title='bbox 2063 2333 2214 2390; x_wconf 78' lang='lat' dir='ltr'><strong>Mal-</strong></span> 
     </span>
    </p>
   </div>
   <div class='ocr_carea' id='block_1_43' title="bbox 773 2407 2010 2478">
    <p class='ocr_par' dir='ltr' id='par_1_43' title="bbox 773 2407 2010 2478">
     <span class='ocr_line' id='line_1_43' title="bbox 773 2407 2010 2478; baseline -0.002 -13"><span class='ocrx_word' id='word_1_269' title='bbox 773 2407 980 2465; x_wconf 81' lang='lat' dir='ltr'><strong>chione</strong></span> <span class='ocrx_word' id='word_1_270' title='bbox 1009 2408 1277 2477; x_wconf 80' lang='lat' dir='ltr'><strong>sophista</strong></span> <span class='ocrx_word' id='word_1_271' title='bbox 1312 2423 1386 2466; x_wconf 72' lang='lat' dir='ltr'><strong>ea:</strong></span> <span class='ocrx_word' id='word_1_272' title='bbox 1413 2408 1639 2478; x_wconf 81' lang='lat' dir='ltr'><strong>synodo</strong></span> <span class='ocrx_word' id='word_1_273' title='bbox 1667 2409 1740 2462; x_wconf 84' lang='lat' dir='ltr'><strong>sit</strong></span> <span class='ocrx_word' id='word_1_274' title='bbox 1772 2409 2010 2478; x_wconf 86' lang='lat' dir='ltr'><strong>ejectus.</strong></span> 
     </span>
    </p>
   </div>
   <div class='ocr_carea' id='block_1_44' title="bbox 642 2583 2223 2656">
    <p class='ocr_par' dir='ltr' id='par_1_44' title="bbox 642 2583 2223 2656">
     <span class='ocr_line' id='line_1_44' title="bbox 642 2583 2223 2656; baseline -0.001 -17"><span class='ocrx_word' id='word_1_275' title='bbox 642 2583 924 2640; x_wconf 88' lang='lat' dir='ltr'><strong>Sedeuim</strong></span> <span class='ocrx_word' id='word_1_276' title='bbox 971 2585 1256 2656; x_wconf 89' lang='lat' dir='ltr'><strong>temporis</strong></span> <span class='ocrx_word' id='word_1_277' title='bbox 1296 2599 1597 2656; x_wconf 86' lang='lat' dir='ltr'><strong>processu,</strong></span> <span class='ocrx_word' id='word_1_278' title='bbox 1631 2599 1769 2640; x_wconf 93' lang='lat' dir='ltr'><strong>cum</strong></span> <span class='ocrx_word' id='word_1_279' title='bbox 1807 2599 2046 2639; x_wconf 83' lang='lat' dir='ltr'><strong>rursum</strong></span> <span class='ocrx_word' id='word_1_280' title='bbox 2095 2583 2223 2638; x_wconf 89' lang='lat' dir='ltr'><strong>ubi-</strong></span> 
     </span>
    </p>
   </div>
   <div class='ocr_carea' id='block_1_45' title="bbox 571 2673 2220 2746">
    <p class='ocr_par' dir='ltr' id='par_1_45' title="bbox 571 2673 2220 2746">
     <span class='ocr_line' id='line_1_45' title="bbox 571 2673 2220 2746; baseline -0.001 -18"><span class='ocrx_word' id='word_1_281' title='bbox 571 2690 688 2746; x_wconf 86' lang='lat' dir='ltr'><strong>que</strong></span> <span class='ocrx_word' id='word_1_282' title='bbox 741 2674 904 2730; x_wconf 89' lang='lat' dir='ltr'><strong>fama</strong></span> <span class='ocrx_word' id='word_1_283' title='bbox 937 2681 1315 2746; x_wconf 85' lang='lat' dir='ltr'><strong>spargeretur</strong></span> <span class='ocrx_word' id='word_1_284' title='bbox 1369 2673 1443 2728; x_wconf 91' lang='lat' dir='ltr'><strong>de</strong></span> <span class='ocrx_word' id='word_1_285' title='bbox 1483 2673 1684 2739; x_wconf 85' lang='lat' dir='ltr'><strong>Paulo,</strong></span> <span class='ocrx_word' id='word_1_286' title='bbox 1738 2673 1842 2746; x_wconf 92' lang='lat' dir='ltr'><strong>qui</strong></span> <span class='ocrx_word' id='word_1_287' title='bbox 1873 2674 1954 2728; x_wconf 89' lang='lat' dir='ltr'><strong>ita</strong></span> <span class='ocrx_word' id='word_1_288' title='bbox 1984 2689 2021 2728; x_wconf 90' lang='lat' dir='ltr'><strong>a</strong></span> <span class='ocrx_word' id='word_1_289' title='bbox 2067 2687 2220 2728; x_wconf 67' lang='lat' dir='ltr'><strong>veras</strong></span> 
     </span>
    </p>
   </div>
   <div class='ocr_carea' id='block_1_46' title="bbox 569 2762 2221 2835">
    <p class='ocr_par' dir='ltr' id='par_1_46' title="bbox 569 2762 2221 2835">
     <span class='ocr_line' id='line_1_46' title="bbox 569 2762 2221 2835; baseline -0.001 -16"><span class='ocrx_word' id='word_1_290' title='bbox 569 2764 706 2819; x_wconf 83' lang='lat' dir='ltr'><strong>ﬁdei</strong></span> <span class='ocrx_word' id='word_1_291' title='bbox 738 2763 1108 2835; x_wconf 88' lang='lat' dir='ltr'><strong>professione</strong></span> <span class='ocrx_word' id='word_1_292' title='bbox 1139 2764 1512 2833; x_wconf 82' lang='lat' dir='ltr'><strong>degenerans</strong></span> <span class='ocrx_word' id='word_1_293' title='bbox 1563 2762 1933 2831; x_wconf 89' lang='lat' dir='ltr'><strong>descivisset,</strong></span> <span class='ocrx_word' id='word_1_294' title='bbox 1961 2763 2221 2818; x_wconf 90' lang='lat' dir='ltr'><strong>celeber-</strong></span> 
     </span>
    </p>
   </div>
   <div class='ocr_carea' id='block_1_47' title="bbox 569 2849 2218 2922">
    <p class='ocr_par' dir='ltr' id='par_1_47' title="bbox 569 2849 2218 2922">
     <span class='ocr_line' id='line_1_47' title="bbox 569 2849 2218 2922; baseline -0.001 -15"><span class='ocrx_word' id='word_1_295' title='bbox 569 2851 704 2908; x_wconf 88' lang='lat' dir='ltr'><strong>rimi</strong></span> <span class='ocrx_word' id='word_1_296' title='bbox 743 2851 824 2907; x_wconf 88' lang='lat' dir='ltr'><strong>illi</strong></span> <span class='ocrx_word' id='word_1_297' title='bbox 867 2853 978 2907; x_wconf 87' lang='lat' dir='ltr'><strong>viri</strong></span> <span class='ocrx_word' id='word_1_298' title='bbox 1007 2866 1082 2907; x_wconf 88' lang='lat' dir='ltr'><strong>ne</strong></span> <span class='ocrx_word' id='word_1_299' title='bbox 1115 2858 1240 2906; x_wconf 87' lang='lat' dir='ltr'><strong>tum</strong></span> <span class='ocrx_word' id='word_1_300' title='bbox 1287 2851 1534 2922; x_wconf 88' lang='lat' dir='ltr'><strong>quidem</strong></span> <span class='ocrx_word' id='word_1_301' title='bbox 1563 2852 1760 2906; x_wconf 90' lang='lat' dir='ltr'><strong>statim</strong></span> <span class='ocrx_word' id='word_1_302' title='bbox 1792 2851 1870 2905; x_wconf 90' lang='lat' dir='ltr'><strong>ad</strong></span> <span class='ocrx_word' id='word_1_303' title='bbox 1921 2849 2086 2906; x_wconf 93' lang='lat' dir='ltr'><strong>illum</strong></span> <span class='ocrx_word' id='word_1_304' title='bbox 2118 2849 2218 2906; x_wconf 90' lang='lat' dir='ltr'><strong>dc-</strong></span> 
     </span>
    </p>
   </div>
   <div class='ocr_carea' id='block_1_48' title="bbox 571 2939 2218 3012">
    <p class='ocr_par' dir='ltr' id='par_1_48' title="bbox 571 2939 2218 3012">
     <span class='ocr_line' id='line_1_48' title="bbox 571 2939 2218 3012; baseline -0.002 -15"><span class='ocrx_word' id='word_1_305' title='bbox 571 2939 942 2997; x_wconf 90' lang='lat' dir='ltr'><strong>turbandum</strong></span> <span class='ocrx_word' id='word_1_306' title='bbox 999 2945 1136 2995; x_wconf 89' lang='lat' dir='ltr'><strong>sunt</strong></span> <span class='ocrx_word' id='word_1_307' title='bbox 1189 2939 1511 3012; x_wconf 84' lang='lat' dir='ltr'><strong>progressi,</strong></span> <span class='ocrx_word' id='word_1_308' title='bbox 1573 2939 1678 2994; x_wconf 87' lang='lat' dir='ltr'><strong>sed</strong></span> <span class='ocrx_word' id='word_1_309' title='bbox 1725 2939 1931 2994; x_wconf 89' lang='lat' dir='ltr'><strong>litteris</strong></span> <span class='ocrx_word' id='word_1_310' title='bbox 1988 2939 2218 3012; x_wconf 84' lang='lat' dir='ltr'><strong>scriptis</strong></span> 
     </span>
    </p>
   </div>
   <div class='ocr_carea' id='block_1_49' title="bbox 568 3027 2217 3100">
    <p class='ocr_par' dir='ltr' id='par_1_49' title="bbox 568 3027 2217 3100">
     <span class='ocr_line' id='line_1_49' title="bbox 568 3027 2217 3100; baseline -0.001 -15"><span class='ocrx_word' id='word_1_311' title='bbox 568 3028 784 3085; x_wconf 84' lang='lat' dir='ltr'><strong>vulnus</strong></span> <span class='ocrx_word' id='word_1_312' title='bbox 819 3029 948 3100; x_wconf 90' lang='lat' dir='ltr'><strong>ejus</strong></span> <span class='ocrx_word' id='word_1_313' title='bbox 1000 3045 1210 3085; x_wconf 90' lang='lat' dir='ltr'><strong>curare</strong></span> <span class='ocrx_word' id='word_1_314' title='bbox 1259 3035 1399 3084; x_wconf 89' lang='lat' dir='ltr'><strong>sunt</strong></span> <span class='ocrx_word' id='word_1_315' title='bbox 1443 3029 1661 3094; x_wconf 86' lang='lat' dir='ltr'><strong>conati,</strong></span> <span class='ocrx_word' id='word_1_316' title='bbox 1715 3027 1993 3084; x_wconf 89' lang='lat' dir='ltr'><strong>lethalem</strong></span> <span class='ocrx_word' id='word_1_317' title='bbox 2045 3045 2107 3084; x_wconf 91' lang='lat' dir='ltr'><strong>se</strong></span> <span class='ocrx_word' id='word_1_318' title='bbox 2147 3044 2217 3084; x_wconf 90' lang='lat' dir='ltr'><strong>eo</strong></span> 
     </span>
    </p>
   </div>
   <div class='ocr_carea' id='block_1_50' title="bbox 571 3117 2221 3190">
    <p class='ocr_par' dir='ltr' id='par_1_50' title="bbox 571 3117 2221 3190">
     <span class='ocr_line' id='line_1_50' title="bbox 571 3117 2221 3190; baseline -0.002 -15"><span class='ocrx_word' id='word_1_319' title='bbox 571 3117 755 3175; x_wconf 89' lang='lat' dir='ltr'><strong>modo</strong></span> <span class='ocrx_word' id='word_1_320' title='bbox 785 3119 1120 3174; x_wconf 89' lang='lat' dir='ltr'><strong>doctrinam</strong></span> <span class='ocrx_word' id='word_1_321' title='bbox 1148 3133 1541 3190; x_wconf 88' lang='lat' dir='ltr'><strong>oppressuros</strong></span> <span class='ocrx_word' id='word_1_322' title='bbox 1567 3133 1694 3172; x_wconf 89' lang='lat' dir='ltr'><strong>esse</strong></span> <span class='ocrx_word' id='word_1_323' title='bbox 1724 3117 1972 3188; x_wconf 87' lang='lat' dir='ltr'><strong>Opinati.</strong></span> <span class='ocrx_word' id='word_1_324' title='bbox 2008 3119 2221 3190; x_wconf 87' lang='lat' dir='ltr'><strong>Diony-</strong></span> 
     </span>
    </p>
   </div>
   <div class='ocr_carea' id='block_1_51' title="bbox 579 3205 2220 3280">
    <p class='ocr_par' dir='ltr' id='par_1_51' title="bbox 579 3205 2220 3280">
     <span class='ocr_line' id='line_1_51' title="bbox 579 3205 2220 3280; baseline 0 -18"><span class='ocrx_word' id='word_1_325' title='bbox 579 3210 702 3262; x_wconf 87' lang='lat' dir='ltr'><strong>sius</strong></span> <span class='ocrx_word' id='word_1_326' title='bbox 754 3207 1034 3279; x_wconf 89' lang='lat' dir='ltr'><strong>equidem</strong></span> <span class='ocrx_word' id='word_1_327' title='bbox 1081 3205 1393 3278; x_wconf 89' lang='lat' dir='ltr'><strong>epistolam</strong></span> <span class='ocrx_word' id='word_1_328' title='bbox 1445 3206 1628 3272; x_wconf 89' lang='lat' dir='ltr'><strong>dedit,</strong></span> <span class='ocrx_word' id='word_1_329' title='bbox 1683 3205 1858 3280; x_wconf 67' lang='grc'><strong>422</strong></span> <span class='ocrx_word' id='word_1_330' title='bbox 1915 3211 2220 3262; x_wconf 90' lang='lat' dir='ltr'><strong>auctorem</strong></span> 
     </span>
    </p>
   </div>
   <div class='ocr_carea' id='block_1_52' title="bbox 573 3295 2222 3368">
    <p class='ocr_par' dir='ltr' id='par_1_52' title="bbox 573 3295 2222 3368">
     <span class='ocr_line' id='line_1_52' title="bbox 573 3295 2222 3368; baseline 0 -16"><span class='ocrx_word' id='word_1_331' title='bbox 573 3297 788 3352; x_wconf 91' lang='lat' dir='ltr'><strong>erroris</strong></span> <span class='ocrx_word' id='word_1_332' title='bbox 815 3297 944 3368; x_wconf 86' lang='lat' dir='ltr'><strong>ejus</strong></span> <span class='ocrx_word' id='word_1_333' title='bbox 990 3311 1064 3350; x_wconf 93' lang='lat' dir='ltr'><strong>ne</strong></span> <span class='ocrx_word' id='word_1_334' title='bbox 1100 3295 1458 3352; x_wconf 86' lang='lat' dir='ltr'><strong>allocutione</strong></span> <span class='ocrx_word' id='word_1_335' title='bbox 1496 3296 1740 3367; x_wconf 89' lang='lat' dir='ltr'><strong>quidem</strong></span> <span class='ocrx_word' id='word_1_336' title='bbox 1776 3297 2057 3367; x_wconf 84' lang='lat' dir='ltr'><strong>dignans,</strong></span> <span class='ocrx_word' id='word_1_337' title='bbox 2116 3296 2222 3352; x_wconf 87' lang='lat' dir='ltr'><strong>sed</strong></span> 
     </span>
    </p>
   </div>
   <div class='ocr_carea' id='block_1_53' title="bbox 573 3385 2224 3458">
    <p class='ocr_par' dir='ltr' id='par_1_53' title="bbox 573 3385 2224 3458">
     <span class='ocr_line' id='line_1_53' title="bbox 573 3385 2224 3458; baseline -0.001 -17"><span class='ocrx_word' id='word_1_338' title='bbox 573 3385 866 3458; x_wconf 88' lang='lat' dir='ltr'><strong>populum</strong></span> <span class='ocrx_word' id='word_1_339' title='bbox 897 3385 1160 3441; x_wconf 63' lang='lat' dir='ltr'><strong>ecclesias</strong></span> <span class='ocrx_word' id='word_1_340' title='bbox 1187 3385 1572 3440; x_wconf 67' lang='lat' dir='ltr'><strong>Antiocheam</strong></span> <span class='ocrx_word' id='word_1_341' title='bbox 1599 3386 1895 3440; x_wconf 88' lang='lat' dir='ltr'><strong>instruens</strong></span> <span class='ocrx_word' id='word_1_342' title='bbox 1913 3391 2145 3441; x_wconf 89' lang='lat' dir='ltr'><strong>tantum</strong></span> <span class='ocrx_word' id='word_1_343' title='bbox 2169 3391 2224 3440; x_wconf 92' lang='lat' dir='ltr'><strong>et</strong></span> 
     </span>
    </p>
   </div>
   <div class='ocr_carea' id='block_1_54' title="bbox 569 3473 2216 3545">
    <p class='ocr_par' dir='ltr' id='par_1_54' title="bbox 569 3473 2216 3545">
     <span class='ocr_line' id='line_1_54' title="bbox 569 3473 2216 3545; baseline -0.001 -14"><span class='ocrx_word' id='word_1_344' title='bbox 569 3475 955 3532; x_wconf 86' lang='lat' dir='ltr'><strong>conﬁrmans.</strong></span> <span class='ocrx_word' id='word_1_345' title='bbox 993 3474 1363 3530; x_wconf 87' lang='lat' dir='ltr'><strong>Firmilianus</strong></span> <span class='ocrx_word' id='word_1_346' title='bbox 1407 3480 1608 3530; x_wconf 90' lang='lat' dir='ltr'><strong>autem</strong></span> <span class='ocrx_word' id='word_1_347' title='bbox 1666 3473 1993 3545; x_wconf 81' lang='lat' dir='ltr'><strong>Cappadox</strong></span> <span class='ocrx_word' id='word_1_348' title='bbox 2019 3475 2216 3530; x_wconf 80' lang='lat' dir='ltr'><strong>Antio-</strong></span> 
     </span>
    </p>
   </div>
   <div class='ocr_carea' id='block_1_55' title="bbox 572 3563 2214 3634">
    <p class='ocr_par' dir='ltr' id='par_1_55' title="bbox 572 3563 2214 3634">
     <span class='ocr_line' id='line_1_55' title="bbox 572 3563 2214 3634; baseline -0.001 -14"><span class='ocrx_word' id='word_1_349' title='bbox 572 3565 769 3620; x_wconf 91' lang='lat' dir='ltr'><strong>chiam</strong></span> <span class='ocrx_word' id='word_1_350' title='bbox 817 3565 1016 3620; x_wconf 88' lang='lat' dir='ltr'><strong>venit:</strong></span> <span class='ocrx_word' id='word_1_351' title='bbox 1073 3564 1176 3618; x_wconf 90' lang='lat' dir='ltr'><strong>sed</strong></span> <span class='ocrx_word' id='word_1_352' title='bbox 1227 3563 1426 3619; x_wconf 88' lang='lat' dir='ltr'><strong>statim</strong></span> <span class='ocrx_word' id='word_1_353' title='bbox 1484 3564 1624 3620; x_wconf 93' lang='lat' dir='ltr'><strong>dolo</strong></span> <span class='ocrx_word' id='word_1_354' title='bbox 1669 3563 1746 3620; x_wconf 87' lang='lat' dir='ltr'><strong>ab</strong></span> <span class='ocrx_word' id='word_1_355' title='bbox 1799 3579 1869 3620; x_wconf 92' lang='lat' dir='ltr'><strong>eo</strong></span> <span class='ocrx_word' id='word_1_356' title='bbox 1918 3565 2214 3634; x_wconf 91' lang='lat' dir='ltr'><strong>repulsus,</strong></span> 
     </span>
    </p>
   </div>
   <div class='ocr_carea' id='block_1_56' title="bbox 569 3653 2219 3726">
    <p class='ocr_par' dir='ltr' id='par_1_56' title="bbox 569 3653 2219 3726">
     <span class='ocr_line' id='line_1_56' title="bbox 569 3653 2219 3726; baseline 0 -16"><span class='ocrx_word' id='word_1_357' title='bbox 569 3655 1039 3726; x_wconf 89' lang='lat' dir='ltr'><strong>resipiscentiam</strong></span> <span class='ocrx_word' id='word_1_358' title='bbox 1078 3658 1136 3709; x_wconf 86' lang='lat' dir='ltr'><strong>et</strong></span> <span class='ocrx_word' id='word_1_359' title='bbox 1166 3653 1621 3710; x_wconf 89' lang='lat' dir='ltr'><strong>conversionem</strong></span> <span class='ocrx_word' id='word_1_360' title='bbox 1651 3653 1852 3708; x_wconf 91' lang='lat' dir='ltr'><strong>denuo</strong></span> <span class='ocrx_word' id='word_1_361' title='bbox 1885 3653 2219 3724; x_wconf 89' lang='lat' dir='ltr'><strong>pollicente,</strong></span> 
     </span>
    </p>
   </div>
   <div class='ocr_carea' id='block_1_57' title="bbox 569 3743 2222 3800">
    <p class='ocr_par' dir='ltr' id='par_1_57' title="bbox 569 3743 2222 3800">
     <span class='ocr_line' id='line_1_57' title="bbox 569 3743 2222 3800; baseline 0.001 -1"><span class='ocrx_word' id='word_1_362' title='bbox 569 3744 708 3800; x_wconf 91' lang='lat' dir='ltr'><strong>inde</strong></span> <span class='ocrx_word' id='word_1_363' title='bbox 737 3743 1009 3798; x_wconf 89' lang='lat' dir='ltr'><strong>decessit.</strong></span> <span class='ocrx_word' id='word_1_364' title='bbox 1053 3744 1266 3800; x_wconf 88' lang='lat' dir='ltr'><strong>Postea</strong></span> <span class='ocrx_word' id='word_1_365' title='bbox 1315 3759 1452 3798; x_wconf 93' lang='lat' dir='ltr'><strong>vero</strong></span> <span class='ocrx_word' id='word_1_366' title='bbox 1505 3758 1642 3798; x_wconf 92' lang='lat' dir='ltr'><strong>cum</strong></span> <span class='ocrx_word' id='word_1_367' title='bbox 1696 3758 1906 3798; x_wconf 91' lang='lat' dir='ltr'><strong>rursus</strong></span> <span class='ocrx_word' id='word_1_368' title='bbox 1961 3759 2100 3798; x_wconf 91' lang='lat' dir='ltr'><strong>cum</strong></span> <span class='ocrx_word' id='word_1_369' title='bbox 2150 3759 2222 3800; x_wconf 87' lang='lat' dir='ltr'><strong>eo</strong></span> 
     </span>
    </p>
   </div>
   <div class='ocr_carea' id='block_1_58' title="bbox 570 3831 2222 3904">
    <p class='ocr_par' dir='ltr' id='par_1_58' title="bbox 570 3831 2222 3904">
     <span class='ocr_line' id='line_1_58' title="bbox 570 3831 2222 3904; baseline -0.001 -15"><span class='ocrx_word' id='word_1_370' title='bbox 570 3847 1004 3902; x_wconf 86' lang='lat' dir='ltr'><strong>congressurus</strong></span> <span class='ocrx_word' id='word_1_371' title='bbox 1036 3837 1207 3898; x_wconf 90' lang='lat' dir='ltr'><strong>esset,</strong></span> <span class='ocrx_word' id='word_1_372' title='bbox 1266 3838 1327 3888; x_wconf 88' lang='lat' dir='ltr'><strong>ut</strong></span> <span class='ocrx_word' id='word_1_373' title='bbox 1368 3832 1471 3904; x_wconf 87' lang='lat' dir='ltr'><strong>qui</strong></span> <span class='ocrx_word' id='word_1_374' title='bbox 1523 3832 1691 3888; x_wconf 87' lang='lat' dir='ltr'><strong>toties</strong></span> <span class='ocrx_word' id='word_1_375' title='bbox 1725 3831 1911 3888; x_wconf 91' lang='lat' dir='ltr'><strong>Deum</strong></span> <span class='ocrx_word' id='word_1_376' title='bbox 1949 3833 2222 3904; x_wconf 88' lang='lat' dir='ltr'><strong>negantis</strong></span> 
     </span>
    </p>
   </div>
   <div class='ocr_carea' id='block_1_59' title="bbox 571 3919 2216 3994">
    <p class='ocr_par' dir='ltr' id='par_1_59' title="bbox 571 3919 2216 3994">
     <span class='ocr_line' id='line_1_59' title="bbox 571 3919 2216 3994; baseline 0 -18"><span class='ocrx_word' id='word_1_377' title='bbox 571 3921 878 3994; x_wconf 87' lang='lat' dir='ltr'><strong>pravitatis</strong></span> <span class='ocrx_word' id='word_1_378' title='bbox 905 3921 1034 3991; x_wconf 91' lang='lat' dir='ltr'><strong>ejus</strong></span> <span class='ocrx_word' id='word_1_379' title='bbox 1064 3921 1398 3992; x_wconf 87' lang='lat' dir='ltr'><strong>periculum</strong></span> <span class='ocrx_word' id='word_1_380' title='bbox 1430 3919 1677 3986; x_wconf 82' lang='lat' dir='ltr'><strong>fecisset,</strong></span> <span class='ocrx_word' id='word_1_381' title='bbox 1713 3937 1744 3975; x_wconf 92' lang='lat' dir='ltr'><strong>e</strong></span> <span class='ocrx_word' id='word_1_382' title='bbox 1771 3921 1891 3976; x_wconf 91' lang='lat' dir='ltr'><strong>vita</strong></span> <span class='ocrx_word' id='word_1_383' title='bbox 1919 3921 2173 3977; x_wconf 81' lang='lat' dir='ltr'><strong>excessit</strong></span> <span class='ocrx_word' id='word_1_384' title='bbox 2203 3941 2216 3976; x_wconf 91' lang='lat'><strong>:</strong></span> 
     </span>
    </p>
   </div>
   <div class='ocr_carea' id='block_1_60' title="bbox 569 4008 2223 4081">
    <p class='ocr_par' dir='ltr' id='par_1_60' title="bbox 569 4008 2223 4081">
     <span class='ocr_line' id='line_1_60' title="bbox 569 4008 2223 4081; baseline 0.001 -17"><span class='ocrx_word' id='word_1_385' title='bbox 569 4025 690 4080; x_wconf 91' lang='lat' dir='ltr'><strong>quo</strong></span> <span class='ocrx_word' id='word_1_386' title='bbox 749 4015 1015 4081; x_wconf 88' lang='lat' dir='ltr'><strong>tempore</strong></span> <span class='ocrx_word' id='word_1_387' title='bbox 1064 4012 1242 4066; x_wconf 88' lang='lat' dir='ltr'><strong>etiam</strong></span> <span class='ocrx_word' id='word_1_388' title='bbox 1295 4009 1614 4080; x_wconf 90' lang='lat' dir='ltr'><strong>Dionysius</strong></span> <span class='ocrx_word' id='word_1_389' title='bbox 1655 4008 2091 4066; x_wconf 76' lang='lat' dir='ltr'><strong>Alexandrinus</strong></span> <span class='ocrx_word' id='word_1_390' title='bbox 2134 4013 2223 4065; x_wconf 90' lang='lat' dir='ltr'><strong>est</strong></span> 
     </span>
    </p>
   </div>
   <div class='ocr_carea' id='block_1_61' title="bbox 571 4097 2221 4166">
    <p class='ocr_par' dir='ltr' id='par_1_61' title="bbox 571 4097 2221 4166">
     <span class='ocr_line' id='line_1_61' title="bbox 571 4097 2221 4166; baseline 0 -12"><span class='ocrx_word' id='word_1_391' title='bbox 571 4105 866 4164; x_wconf 89' lang='lat' dir='ltr'><strong>mortuus,</strong></span> <span class='ocrx_word' id='word_1_392' title='bbox 915 4097 1299 4160; x_wconf 91' lang='lat' dir='ltr'><strong>duodecimo,</strong></span> <span class='ocrx_word' id='word_1_393' title='bbox 1336 4105 1397 4152; x_wconf 91' lang='lat' dir='ltr'><strong>ut</strong></span> <span class='ocrx_word' id='word_1_394' title='bbox 1441 4097 1667 4153; x_wconf 86' lang='lat' dir='ltr'><strong>dictum</strong></span> <span class='ocrx_word' id='word_1_395' title='bbox 1701 4103 1808 4166; x_wconf 87' lang='lat' dir='ltr'><strong>est,</strong></span> <span class='ocrx_word' id='word_1_396' title='bbox 1858 4097 2078 4154; x_wconf 88' lang='lat' dir='ltr'><strong>Galieni</strong></span> <span class='ocrx_word' id='word_1_397' title='bbox 2113 4099 2221 4154; x_wconf 90' lang='lat' dir='ltr'><strong>im-</strong></span> 
     </span>
    </p>
   </div>
   <div class='ocr_carea' id='block_1_62' title="bbox 570 4186 2221 4260">
    <p class='ocr_par' dir='ltr' id='par_1_62' title="bbox 570 4186 2221 4260">
     <span class='ocr_line' id='line_1_62' title="bbox 570 4186 2221 4260; baseline 0.001 -18"><span class='ocrx_word' id='word_1_398' title='bbox 570 4189 832 4260; x_wconf 89' lang='lat' dir='ltr'><strong>perantis</strong></span> <span class='ocrx_word' id='word_1_399' title='bbox 848 4203 1028 4251; x_wconf 91' lang='lat' dir='ltr'><strong>anno,</strong></span> <span class='ocrx_word' id='word_1_400' title='bbox 1058 4203 1194 4242; x_wconf 88' lang='lat' dir='ltr'><strong>cum</strong></span> <span class='ocrx_word' id='word_1_401' title='bbox 1219 4186 1464 4260; x_wconf 92' lang='lat' dir='ltr'><strong>quidem</strong></span> <span class='ocrx_word' id='word_1_402' title='bbox 1482 4186 1690 4242; x_wconf 90' lang='lat' dir='ltr'><strong>decem</strong></span> <span class='ocrx_word' id='word_1_403' title='bbox 1713 4194 1770 4244; x_wconf 92' lang='lat' dir='ltr'><strong>et</strong></span> <span class='ocrx_word' id='word_1_404' title='bbox 1800 4194 2026 4259; x_wconf 86' lang='lat' dir='ltr'><strong>septem</strong></span> <span class='ocrx_word' id='word_1_405' title='bbox 2045 4189 2221 4243; x_wconf 91' lang='lat' dir='ltr'><strong>annis</strong></span> 
     </span>
    </p>
   </div>
   <div class='ocr_carea' id='block_1_63' title="bbox 569 4275 2220 4350">
    <p class='ocr_par' dir='ltr' id='par_1_63' title="bbox 569 4275 2220 4350">
     <span class='ocr_line' id='line_1_63' title="bbox 569 4275 2220 4350; baseline 0 -18"><span class='ocrx_word' id='word_1_406' title='bbox 569 4292 696 4332; x_wconf 90' lang='lat' dir='ltr'><strong>rem</strong></span> <span class='ocrx_word' id='word_1_407' title='bbox 724 4276 1188 4332; x_wconf 88' lang='lat' dir='ltr'><strong>ecclesiasticam</strong></span> <span class='ocrx_word' id='word_1_408' title='bbox 1245 4275 1745 4332; x_wconf 89' lang='lat' dir='ltr'><strong>administrasset.</strong></span> <span class='ocrx_word' id='word_1_409' title='bbox 1795 4279 1983 4350; x_wconf 84' lang='lat' dir='ltr'><strong>Atque</strong></span> <span class='ocrx_word' id='word_1_410' title='bbox 2037 4277 2220 4348; x_wconf 90' lang='lat' dir='ltr'><strong>hujus</strong></span> 
     </span>
    </p>
   </div>
   <div class='ocr_carea' id='block_1_64' title="bbox 571 4364 2220 4423">
    <p class='ocr_par' dir='ltr' id='par_1_64' title="bbox 571 4364 2220 4423">
     <span class='ocr_line' id='line_1_64' title="bbox 571 4364 2220 4423; baseline 0.002 -3"><span class='ocrx_word' id='word_1_411' title='bbox 571 4381 880 4421; x_wconf 89' lang='lat' dir='ltr'><strong>successor</strong></span> <span class='ocrx_word' id='word_1_412' title='bbox 921 4364 1290 4421; x_wconf 59' lang='lat' dir='ltr'><strong>Alexandriae</strong></span> <span class='ocrx_word' id='word_1_413' title='bbox 1351 4365 1704 4420; x_wconf 83' lang='lat' dir='ltr'><strong>Maximinus</strong></span> <span class='ocrx_word' id='word_1_414' title='bbox 1752 4365 1879 4421; x_wconf 89' lang='lat' dir='ltr'><strong>fuit.</strong></span> <span class='ocrx_word' id='word_1_415' title='bbox 1930 4367 2220 4423; x_wconf 68' lang='lat' dir='ltr'><strong>Caeterum</strong></span> 
     </span>
    </p>
   </div>
   <div class='ocr_carea' id='block_1_65' title="bbox 568 4453 2221 4526">
    <p class='ocr_par' dir='ltr' id='par_1_65' title="bbox 568 4453 2221 4526">
     <span class='ocr_line' id='line_1_65' title="bbox 568 4453 2221 4526; baseline 0.001 -16"><span class='ocrx_word' id='word_1_416' title='bbox 568 4471 708 4510; x_wconf 90' lang='lat' dir='ltr'><strong>cum</strong></span> <span class='ocrx_word' id='word_1_417' title='bbox 739 4453 1018 4510; x_wconf 86' lang='lat' dir='ltr'><strong>Galicnus</strong></span> <span class='ocrx_word' id='word_1_418' title='bbox 1047 4453 1536 4526; x_wconf 86' lang='lat' dir='ltr'><strong>quindecimjam</strong></span> <span class='ocrx_word' id='word_1_419' title='bbox 1564 4455 1737 4509; x_wconf 89' lang='lat' dir='ltr'><strong>annis</strong></span> <span class='ocrx_word' id='word_1_420' title='bbox 1764 4470 1964 4510; x_wconf 84' lang='lat' dir='ltr'><strong>rerum</strong></span> <span class='ocrx_word' id='word_1_421' title='bbox 1997 4458 2221 4526; x_wconf 87' lang='lat' dir='ltr'><strong>potitus</strong></span> 
     </span>
    </p>
   </div>
   <div class='ocr_carea' id='block_1_66' title="bbox 569 4541 2220 4614">
    <p class='ocr_par' dir='ltr' id='par_1_66' title="bbox 569 4541 2220 4614">
     <span class='ocr_line' id='line_1_66' title="bbox 569 4541 2220 4614; baseline 0.001 -16"><span class='ocrx_word' id='word_1_422' title='bbox 569 4550 744 4608; x_wconf 88' lang='lat' dir='ltr'><strong>esset,</strong></span> <span class='ocrx_word' id='word_1_423' title='bbox 771 4541 1054 4599; x_wconf 87' lang='lat' dir='ltr'><strong>Claudius</strong></span> <span class='ocrx_word' id='word_1_424' title='bbox 1086 4545 1138 4598; x_wconf 92' lang='lat' dir='ltr'><strong>ei</strong></span> <span class='ocrx_word' id='word_1_425' title='bbox 1182 4545 1486 4608; x_wconf 89' lang='lat' dir='ltr'><strong>successit,</strong></span> <span class='ocrx_word' id='word_1_426' title='bbox 1520 4544 1622 4614; x_wconf 91' lang='lat' dir='ltr'><strong>qui</strong></span> <span class='ocrx_word' id='word_1_427' title='bbox 1673 4543 1958 4600; x_wconf 90' lang='lat' dir='ltr'><strong>biennum</strong></span> <span class='ocrx_word' id='word_1_428' title='bbox 1988 4550 2220 4600; x_wconf 86' lang='lat' dir='ltr'><strong>tantum</strong></span> 
     </span>
    </p>
   </div>
   <div class='ocr_carea' id='block_1_67' title="bbox 569 4631 2222 4706">
    <p class='ocr_par' dir='ltr' id='par_1_67' title="bbox 569 4631 2222 4706">
     <span class='ocr_line' id='line_1_67' title="bbox 569 4631 2222 4706; baseline 0.001 -17"><span class='ocrx_word' id='word_1_429' title='bbox 569 4633 818 4706; x_wconf 90' lang='lat' dir='ltr'><strong>imperio</strong></span> <span class='ocrx_word' id='word_1_430' title='bbox 867 4633 1307 4696; x_wconf 88' lang='lat' dir='ltr'><strong>administrato,</strong></span> <span class='ocrx_word' id='word_1_431' title='bbox 1353 4631 1670 4689; x_wconf 81' lang='lat' dir='ltr'><strong>Aureliano</strong></span> <span class='ocrx_word' id='word_1_432' title='bbox 1700 4633 1758 4688; x_wconf 93' lang='lat' dir='ltr'><strong>id</strong></span> <span class='ocrx_word' id='word_1_433' title='bbox 1791 4633 2066 4706; x_wconf 89' lang='lat' dir='ltr'><strong>reliquit:</strong></span> <span class='ocrx_word' id='word_1_434' title='bbox 2109 4633 2222 4690; x_wconf 91' lang='lat' dir='ltr'><strong>sub</strong></span> 
     </span>
    </p>
   </div>
   <div class='ocr_carea' id='block_1_68' title="bbox 570 4721 2222 4795">
    <p class='ocr_par' dir='ltr' id='par_1_68' title="bbox 570 4721 2222 4795">
     <span class='ocr_line' id='line_1_68' title="bbox 570 4721 2222 4795; baseline -0.001 -17"><span class='ocrx_word' id='word_1_435' title='bbox 570 4738 693 4795; x_wconf 87' lang='lat' dir='ltr'><strong>quo</strong></span> <span class='ocrx_word' id='word_1_436' title='bbox 725 4721 974 4778; x_wconf 89' lang='lat' dir='ltr'><strong>ultimus</strong></span> <span class='ocrx_word' id='word_1_437' title='bbox 1015 4725 1102 4778; x_wconf 92' lang='lat' dir='ltr'><strong>est</strong></span> <span class='ocrx_word' id='word_1_438' title='bbox 1132 4725 1342 4778; x_wconf 87' lang='lat' dir='ltr'><strong>contra</strong></span> <span class='ocrx_word' id='word_1_439' title='bbox 1383 4724 1866 4788; x_wconf 86' lang='lat' dir='ltr'><strong>Samosatenum,</strong></span> <span class='ocrx_word' id='word_1_440' title='bbox 1898 4723 2222 4795; x_wconf 92' lang='lat' dir='ltr'><strong>quamplu-</strong></span> 
     </span>
    </p>
   </div>
   <div class='ocr_carea' id='block_1_69' title="bbox 569 4811 2220 4884">
    <p class='ocr_par' dir='ltr' id='par_1_69' title="bbox 569 4811 2220 4884">
     <span class='ocr_line' id='line_1_69' title="bbox 569 4811 2220 4884; baseline -0.001 -16"><span class='ocrx_word' id='word_1_441' title='bbox 569 4812 739 4868; x_wconf 87' lang='lat' dir='ltr'><strong>rimis</strong></span> <span class='ocrx_word' id='word_1_442' title='bbox 763 4813 1058 4884; x_wconf 87' lang='lat' dir='ltr'><strong>episcopis</strong></span> <span class='ocrx_word' id='word_1_443' title='bbox 1079 4811 1544 4875; x_wconf 87' lang='lat' dir='ltr'><strong>conﬂuentibus,</strong></span> <span class='ocrx_word' id='word_1_444' title='bbox 1575 4817 1901 4867; x_wconf 89' lang='lat' dir='ltr'><strong>conventus</strong></span> <span class='ocrx_word' id='word_1_445' title='bbox 1926 4818 2220 4884; x_wconf 88' lang='lat' dir='ltr'><strong>peractus.</strong></span> 
     </span>
    </p>
   </div>
   <div class='ocr_carea' id='block_1_70' title="bbox 573 4900 2222 4973">
    <p class='ocr_par' dir='ltr' id='par_1_70' title="bbox 573 4900 2222 4973">
     <span class='ocr_line' id='line_1_70' title="bbox 573 4900 2222 4973; baseline 0.001 -17"><span class='ocrx_word' id='word_1_446' title='bbox 573 4902 898 4973; x_wconf 90' lang='lat' dir='ltr'><strong>Postquam</strong></span> <span class='ocrx_word' id='word_1_447' title='bbox 942 4902 1100 4957; x_wconf 91' lang='lat' dir='ltr'><strong>enim</strong></span> <span class='ocrx_word' id='word_1_448' title='bbox 1133 4900 1208 4956; x_wconf 91' lang='lat' dir='ltr'><strong>illi</strong></span> <span class='ocrx_word' id='word_1_449' title='bbox 1261 4901 1448 4957; x_wconf 89' lang='lat' dir='ltr'><strong>multa</strong></span> <span class='ocrx_word' id='word_1_450' title='bbox 1475 4901 1888 4966; x_wconf 86' lang='lat' dir='ltr'><strong>admonendo,</strong></span> <span class='ocrx_word' id='word_1_451' title='bbox 1941 4902 2222 4958; x_wconf 88' lang='lat' dir='ltr'><strong>cohorta-</strong></span> 
     </span>
    </p>
   </div>
   <div class='ocr_carea' id='block_1_71' title="bbox 575 4990 2223 5064">
    <p class='ocr_par' dir='ltr' id='par_1_71' title="bbox 575 4990 2223 5064">
     <span class='ocr_line' id='line_1_71' title="bbox 575 4990 2223 5064; baseline 0 -17"><span class='ocrx_word' id='word_1_452' title='bbox 575 4991 767 5048; x_wconf 90' lang='lat' dir='ltr'><strong>tiones</strong></span> <span class='ocrx_word' id='word_1_453' title='bbox 795 4990 1160 5054; x_wconf 81' lang='lat' dir='ltr'><strong>adhibendo,</strong></span> <span class='ocrx_word' id='word_1_454' title='bbox 1185 4996 1240 5045; x_wconf 92' lang='lat' dir='ltr'><strong>et</strong></span> <span class='ocrx_word' id='word_1_455' title='bbox 1261 4990 1527 5062; x_wconf 88' lang='lat' dir='ltr'><strong>priorum</strong></span> <span class='ocrx_word' id='word_1_456' title='bbox 1551 4991 2016 5060; x_wconf 84' lang='lat' dir='ltr'><strong>promissionum</strong></span> <span class='ocrx_word' id='word_1_457' title='bbox 2043 4996 2223 5064; x_wconf 87' lang='lat' dir='ltr'><strong>atque</strong></span> 
     </span>
    </p>
   </div>
   <div class='ocr_carea' id='block_1_72' title="bbox 573 5080 2222 5151">
    <p class='ocr_par' dir='ltr' id='par_1_72' title="bbox 573 5080 2222 5151">
     <span class='ocr_line' id='line_1_72' title="bbox 573 5080 2222 5151; baseline 0 -14"><span class='ocrx_word' id='word_1_458' title='bbox 573 5084 1002 5138; x_wconf 89' lang='lat' dir='ltr'><strong>conventorum</strong></span> <span class='ocrx_word' id='word_1_459' title='bbox 1037 5087 1212 5151; x_wconf 88' lang='lat' dir='ltr'><strong>pacta</strong></span> <span class='ocrx_word' id='word_1_460' title='bbox 1267 5080 1328 5134; x_wconf 92' lang='lat' dir='ltr'><strong>in</strong></span> <span class='ocrx_word' id='word_1_461' title='bbox 1363 5080 1716 5136; x_wconf 89' lang='lat' dir='ltr'><strong>memoriam</strong></span> <span class='ocrx_word' id='word_1_462' title='bbox 1764 5080 2127 5146; x_wconf 89' lang='lat' dir='ltr'><strong>revocando,</strong></span> <span class='ocrx_word' id='word_1_463' title='bbox 2161 5083 2222 5137; x_wconf 91' lang='lat' dir='ltr'><strong>in</strong></span> 
     </span>
    </p>
   </div>
   <div class='ocr_carea' id='block_1_73' title="bbox 569 5168 2224 5240">
    <p class='ocr_par' dir='ltr' id='par_1_73' title="bbox 569 5168 2224 5240">
     <span class='ocr_line' id='line_1_73' title="bbox 569 5168 2224 5240; baseline 0 -13"><span class='ocrx_word' id='word_1_464' title='bbox 569 5170 932 5227; x_wconf 85' lang='lat' dir='ltr'><strong>iuticiatione</strong></span> <span class='ocrx_word' id='word_1_465' title='bbox 989 5185 1127 5224; x_wconf 89' lang='lat' dir='ltr'><strong>eum</strong></span> <span class='ocrx_word' id='word_1_466' title='bbox 1181 5168 1490 5240; x_wconf 86' lang='lat' dir='ltr'><strong>perstitere</strong></span> <span class='ocrx_word' id='word_1_467' title='bbox 1534 5168 1827 5236; x_wconf 89' lang='lat' dir='ltr'><strong>viderunt,</strong></span> <span class='ocrx_word' id='word_1_468' title='bbox 1877 5177 1932 5226; x_wconf 89' lang='lat' dir='ltr'><strong>et</strong></span> <span class='ocrx_word' id='word_1_469' title='bbox 1971 5186 2224 5227; x_wconf 85' lang='lat' dir='ltr'><strong>accusa-</strong></span> 
     </span>
    </p>
   </div>
   <div class='ocr_carea' id='block_1_74' title="bbox 573 5259 2223 5323">
    <p class='ocr_par' dir='ltr' id='par_1_74' title="bbox 573 5259 2223 5323">
     <span class='ocr_line' id='line_1_74' title="bbox 573 5259 2223 5323; baseline -0.001 -6"><span class='ocrx_word' id='word_1_470' title='bbox 573 5267 730 5317; x_wconf 90' lang='lat' dir='ltr'><strong>tores</strong></span> <span class='ocrx_word' id='word_1_471' title='bbox 786 5275 924 5314; x_wconf 92' lang='lat' dir='ltr'><strong>eum</strong></span> <span class='ocrx_word' id='word_1_472' title='bbox 978 5259 1336 5314; x_wconf 79' lang='lat' dir='ltr'><strong>confutaturi</strong></span> <span class='ocrx_word' id='word_1_473' title='bbox 1387 5259 1748 5323; x_wconf 88' lang='lat' dir='ltr'><strong>institerunt,</strong></span> <span class='ocrx_word' id='word_1_474' title='bbox 1787 5259 2103 5314; x_wconf 87' lang='lat' dir='ltr'><strong>concilium</strong></span> <span class='ocrx_word' id='word_1_475' title='bbox 2136 5264 2223 5316; x_wconf 90' lang='lat' dir='ltr'><strong>est</strong></span> 
     </span>
    </p>
   </div>
   <div class='ocr_carea' id='block_1_75' title="bbox 573 5347 2220 5421">
    <p class='ocr_par' dir='ltr' id='par_1_75' title="bbox 573 5347 2220 5421">
     <span class='ocr_line' id='line_1_75' title="bbox 573 5347 2220 5421; baseline -0.001 -15"><span class='ocrx_word' id='word_1_476' title='bbox 573 5355 870 5406; x_wconf 88' lang='lat' dir='ltr'><strong>coactum.</strong></span> <span class='ocrx_word' id='word_1_477' title='bbox 887 5349 984 5403; x_wconf 87' lang='lat' dir='ltr'><strong>Hic</strong></span> <span class='ocrx_word' id='word_1_478' title='bbox 999 5348 1291 5404; x_wconf 87' lang='lat' dir='ltr'><strong>Malchion</strong></span> <span class='ocrx_word' id='word_1_479' title='bbox 1309 5347 1558 5418; x_wconf 87' lang='lat' dir='ltr'><strong>quidam</strong></span> <span class='ocrx_word' id='word_1_480' title='bbox 1584 5347 1688 5421; x_wconf 93' lang='lat' dir='ltr'><strong>qui</strong></span> <span class='ocrx_word' id='word_1_481' title='bbox 1715 5347 1880 5420; x_wconf 89' lang='lat' dir='ltr'><strong>prius</strong></span> <span class='ocrx_word' id='word_1_482' title='bbox 1895 5349 2220 5404; x_wconf 64' lang='lat' dir='ltr'><strong>Antiochiae</strong></span> 
     </span>
    </p>
   </div>
   <div class='ocr_carea' id='block_1_76' title="bbox 575 5436 2220 5512">
    <p class='ocr_par' dir='ltr' id='par_1_76' title="bbox 575 5436 2220 5512">
     <span class='ocr_line' id='line_1_76' title="bbox 575 5436 2220 5512; baseline 0 -18"><span class='ocrx_word' id='word_1_483' title='bbox 575 5439 914 5512; x_wconf 62' lang='lat' dir='ltr'><strong>sophisticae</strong></span> <span class='ocrx_word' id='word_1_484' title='bbox 937 5436 1156 5493; x_wconf 65' lang='lat' dir='ltr'><strong>scholae</strong></span> <span class='ocrx_word' id='word_1_485' title='bbox 1190 5439 1522 5492; x_wconf 69' lang='lat' dir='ltr'><strong>Graecarum</strong></span> <span class='ocrx_word' id='word_1_486' title='bbox 1554 5437 2008 5509; x_wconf 84' lang='lat' dir='ltr'><strong>disciplinarum</strong></span> <span class='ocrx_word' id='word_1_487' title='bbox 2039 5453 2220 5508; x_wconf 67' lang='lat' dir='ltr'><strong>prase-</strong></span> 
     </span>
    </p>
   </div>
   <div class='ocr_carea' id='block_1_77' title="bbox 571 5526 2222 5600">
    <p class='ocr_par' dir='ltr' id='par_1_77' title="bbox 571 5526 2222 5600">
     <span class='ocr_line' id='line_1_77' title="bbox 571 5526 2222 5600; baseline -0.001 -14"><span class='ocrx_word' id='word_1_488' title='bbox 571 5533 682 5594; x_wconf 87' lang='lat' dir='ltr'><strong>rat,</strong></span> <span class='ocrx_word' id='word_1_489' title='bbox 716 5533 772 5584; x_wconf 89' lang='lat' dir='ltr'><strong>et</strong></span> <span class='ocrx_word' id='word_1_490' title='bbox 800 5533 1007 5600; x_wconf 84' lang='lat' dir='ltr'><strong>postea</strong></span> <span class='ocrx_word' id='word_1_491' title='bbox 1037 5532 1280 5600; x_wconf 88' lang='lat' dir='ltr'><strong>propter</strong></span> <span class='ocrx_word' id='word_1_492' title='bbox 1321 5526 1623 5597; x_wconf 87' lang='lat' dir='ltr'><strong>egregiam</strong></span> <span class='ocrx_word' id='word_1_493' title='bbox 1657 5528 1784 5599; x_wconf 90' lang='lat' dir='ltr'><strong>ejus</strong></span> <span class='ocrx_word' id='word_1_494' title='bbox 1817 5527 1876 5582; x_wconf 87' lang='lat' dir='ltr'><strong>in</strong></span> <span class='ocrx_word' id='word_1_495' title='bbox 1923 5527 2222 5584; x_wconf 87' lang='lat' dir='ltr'><strong>Christum</strong></span> 
     </span>
    </p>
   </div>
   <div class='ocr_carea' id='block_1_78' title="bbox 2331 1759 3850 1835">
    <p class='ocr_par' dir='ltr' id='par_1_78' title="bbox 2331 1759 3850 1835">
     <span class='ocr_line' id='line_1_78' title="bbox 2331 1759 3850 1835; baseline 0.001 -25"><span class='ocrx_word' id='word_1_496' title='bbox 2331 1759 2579 1830; x_wconf 79' lang='grc' dir='ltr'><strong>ἐμμένεῖν,</strong></span> <span class='ocrx_word' id='word_1_497' title='bbox 2639 1763 2729 1811; x_wconf 86' lang='grc' dir='ltr'><strong>καὶ</strong></span> <span class='ocrx_word' id='word_1_498' title='bbox 2777 1762 2981 1822; x_wconf 84' lang='grc' dir='ltr'><strong>τούτοις</strong></span> <span class='ocrx_word' id='word_1_499' title='bbox 3025 1769 3256 1832; x_wconf 81' lang='grc' dir='ltr'><strong>στοχιῑν,</strong></span> <span class='ocrx_word' id='word_1_500' title='bbox 3309 1767 3424 1815; x_wconf 78' lang='grc' dir='ltr'><strong>τότε</strong></span> <span class='ocrx_word' id='word_1_501' title='bbox 3487 1767 3574 1835; x_wconf 74' lang='grc' dir='ltr'><strong>μεν</strong></span> <span class='ocrx_word' id='word_1_502' title='bbox 3621 1766 3695 1816; x_wconf 86' lang='grc' dir='ltr'><strong>τόν</strong></span> <span class='ocrx_word' id='word_1_503' title='bbox 3739 1784 3850 1816; x_wconf 71' lang='lat' dir='ltr'><strong>mm</strong></span> 
     </span>
    </p>
   </div>
   <div class='ocr_carea' id='block_1_79' title="bbox 2334 1847 3850 1926">
    <p class='ocr_par' dir='ltr' id='par_1_79' title="bbox 2334 1847 3850 1926">
     <span class='ocr_line' id='line_1_79' title="bbox 2334 1847 3850 1926; baseline 0.001 -26"><span class='ocrx_word' id='word_1_504' title='bbox 2334 1857 2548 1921; x_wconf 80' lang='grc' dir='ltr'><strong>σωτῆρα</strong></span> <span class='ocrx_word' id='word_1_505' title='bbox 2595 1851 2724 1902; x_wconf 84' lang='grc' dir='ltr'><strong>Θεὸν</strong></span> <span class='ocrx_word' id='word_1_506' title='bbox 2763 1847 2846 1902; x_wconf 79' lang='grc' dir='ltr'><strong>ἐπὶ</strong></span> <span class='ocrx_word' id='word_1_507' title='bbox 2877 1857 2938 1922; x_wconf 75' lang='grc' dir='ltr'><strong>τῇ</strong></span> <span class='ocrx_word' id='word_1_508' title='bbox 2980 1858 3082 1902; x_wconf 87' lang='grc' dir='ltr'><strong>τῶν</strong></span> <span class='ocrx_word' id='word_1_509' title='bbox 3130 1851 3417 1910; x_wconf 71' lang='grc' dir='ltr'><strong>ἐκκλησιῶν</strong></span> <span class='ocrx_word' id='word_1_510' title='bbox 3469 1857 3718 1926; x_wconf 70' lang='grc' dir='ltr'><strong>συμφωνίᾳ</strong></span> <span class='ocrx_word' id='word_1_511' title='bbox 3749 1855 3850 1924; x_wconf 68' lang='grc' dir='ltr'><strong>ὑμνο-</strong></span> 
     </span>
    </p>
   </div>
   <div class='ocr_carea' id='block_1_80' title="bbox 2335 1955 2531 2004">
    <p class='ocr_par' dir='ltr' id='par_1_80' title="bbox 2335 1955 2531 2004">
     <span class='ocr_line' id='line_1_80' title="bbox 2335 1955 2531 2004; baseline 0.005 -16"><span class='ocrx_word' id='word_1_512' title='bbox 2335 1955 2531 2004; x_wconf 80' lang='grc' dir='ltr'><strong>σαντες,</strong></span> 
     </span>
    </p>
   </div>
   <div class='ocr_carea' id='block_1_81' title="bbox 2617 1933 3852 2014">
    <p class='ocr_par' dir='ltr' id='par_1_81' title="bbox 2617 1933 3852 2014">
     <span class='ocr_line' id='line_1_81' title="bbox 2617 1933 3852 2014; baseline 0.002 -24"><span class='ocrx_word' id='word_1_513' title='bbox 2617 1933 2899 2002; x_wconf 79' lang='grc' dir='ltr'><strong>διελύοντο,</strong></span> <span class='ocrx_word' id='word_1_514' title='bbox 2977 1944 3070 1991; x_wconf 88' lang='grc' dir='ltr'><strong>καὶ</strong></span> <span class='ocrx_word' id='word_1_515' title='bbox 3137 1939 3224 1992; x_wconf 82' lang='grc' dir='ltr'><strong>ἐπὶ</strong></span> <span class='ocrx_word' id='word_1_516' title='bbox 3299 1943 3366 1993; x_wconf 77' lang='grc' dir='ltr'><strong>τὰ</strong></span> <span class='ocrx_word' id='word_1_517' title='bbox 3430 1945 3647 2014; x_wconf 73' lang='grc' dir='ltr'><strong>σφέτερα</strong></span> <span class='ocrx_word' id='word_1_518' title='bbox 3701 1943 3852 2002; x_wconf 73' lang='grc' dir='ltr'><strong>ἕκαστος</strong></span> 
     </span>
    </p>
   </div>
   <div class='ocr_carea' id='block_1_82' title="bbox 2332 2023 2910 2102">
    <p class='ocr_par' dir='ltr' id='par_1_82' title="bbox 2332 2023 2910 2102">
     <span class='ocr_line' id='line_1_82' title="bbox 2332 2023 2910 2102; baseline 0.007 -24"><span class='ocrx_word' id='word_1_519' title='bbox 2332 2023 2631 2102; x_wconf 71' lang='grc' dir='ltr'><strong>ἐπορεύοντο</strong></span> <span class='ocrx_word' id='word_1_520' title='bbox 2670 2031 2886 2101; x_wconf 83' lang='grc' dir='ltr'><strong>ποίμνια</strong></span> <span class='ocrx_word' id='word_1_521' title='bbox 2897 2071 2910 2084; x_wconf 95' lang='grc'><strong>.</strong></span> 
     </span>
    </p>
   </div>
   <div class='ocr_carea' id='block_1_83' title="bbox 2927 2223 3344 2280">
    <p class='ocr_par' dir='ltr' id='par_1_83' title="bbox 2927 2223 3344 2280">
     <span class='ocr_line' id='line_1_83' title="bbox 2927 2223 3344 2280; baseline 0.002 -1"><span class='ocrx_word' id='word_1_522' title='bbox 2927 2223 3180 2280; x_wconf 73' lang='grc' dir='ltr'><strong>ΚΕΦΑΛ.</strong></span> <span class='ocrx_word' id='word_1_523' title='bbox 3217 2224 3344 2280; x_wconf 82' lang='lat' dir='ltr'><strong>KH&#39;.</strong></span> 
     </span>
    </p>
   </div>
   <div class='ocr_carea' id='block_1_84' title="bbox 2328 2327 3858 2404">
    <p class='ocr_par' dir='ltr' id='par_1_84' title="bbox 2328 2327 3858 2404">
     <span class='ocr_line' id='line_1_84' title="bbox 2328 2327 3858 2404; baseline 0.001 -22"><span class='ocrx_word' id='word_1_524' title='bbox 2328 2329 2426 2392; x_wconf 74' lang='grc' dir='ltr'><strong>Ὠς</strong></span> <span class='ocrx_word' id='word_1_525' title='bbox 2507 2333 2566 2404; x_wconf 80' lang='grc' dir='ltr'><strong>ἑν</strong></span> <span class='ocrx_word' id='word_1_526' title='bbox 2640 2327 3350 2404; x_wconf 14' lang='grc' dir='ltr'><strong>δευτέρᾳῗσυνελεύσει</strong></span> <span class='ocrx_word' id='word_1_527' title='bbox 3431 2331 3858 2404; x_wconf 64' lang='grc' dir='ltr'><strong>ἐξελεγχθεὶςέ</strong></span> 
     </span>
    </p>
   </div>
   <div class='ocr_carea' id='block_1_85' title="bbox 2403 2402 3859 2478">
    <p class='ocr_par' dir='ltr' id='par_1_85' title="bbox 2403 2402 3859 2478">
     <span class='ocr_line' id='line_1_85' title="bbox 2403 2402 3859 2478; baseline 0.006 -24"><span class='ocrx_word' id='word_1_528' title='bbox 2403 2402 2648 2478; x_wconf 73' lang='grc' dir='ltr'><strong>Παῦλος</strong></span> <span class='ocrx_word' id='word_1_529' title='bbox 2680 2405 2710 2454; x_wconf 87' lang='grc' dir='ltr'>ὑ</span> <span class='ocrx_word' id='word_1_530' title='bbox 2733 2407 2809 2478; x_wconf 78' lang='grc' dir='ltr'><strong>πὸ</strong></span> <span class='ocrx_word' id='word_1_531' title='bbox 2839 2402 3232 2478; x_wconf 37' lang='grc' dir='ltr'><strong>ῌαᾼλχίωνος</strong></span> <span class='ocrx_word' id='word_1_532' title='bbox 3273 2409 3592 2477; x_wconf 72' lang='grc' dir='ltr'><strong>σοφιστόῦ</strong></span> <span class='ocrx_word' id='word_1_533' title='bbox 3623 2402 3859 2478; x_wconf 46' lang='lat' dir='ltr'><strong>capiti:</strong></span> 
     </span>
    </p>
   </div>
   <div class='ocr_carea' id='block_1_86' title="bbox 2405 2471 3172 2534">
    <p class='ocr_par' dir='ltr' id='par_1_86' title="bbox 2405 2471 3172 2534">
     <span class='ocr_line' id='line_1_86' title="bbox 2405 2471 3172 2534; baseline 0.001 -8"><span class='ocrx_word' id='word_1_534' title='bbox 2405 2471 2690 2526; x_wconf 86' lang='grc' dir='ltr'><strong>συνόδου</strong></span> <span class='ocrx_word' id='word_1_535' title='bbox 2752 2473 2903 2527; x_wconf 82' lang='grc' dir='ltr'><strong>ἑκϐἐ</strong></span> <span class='ocrx_word' id='word_1_536' title='bbox 2927 2471 3172 2534; x_wconf 69' lang='grc' dir='ltr'><strong>ϐληται.</strong></span> 
     </span>
    </p>
   </div>
   <div class='ocr_carea' id='block_1_87' title="bbox 2400 2577 3854 2654">
    <p class='ocr_par' dir='ltr' id='par_1_87' title="bbox 2400 2577 3854 2654">
     <span class='ocr_line' id='line_1_87' title="bbox 2400 2577 3854 2654; baseline 0 -22"><span class='ocrx_word' id='word_1_537' title='bbox 2400 2585 2602 2652; x_wconf 81' lang='grc' dir='ltr'><strong>Χρόνου</strong></span> <span class='ocrx_word' id='word_1_538' title='bbox 2649 2577 2707 2633; x_wconf 74' lang='grc' dir='ltr'><strong>δὲ</strong></span> <span class='ocrx_word' id='word_1_539' title='bbox 2762 2577 3074 2645; x_wconf 82' lang='grc' dir='ltr'><strong>διελθόντος,</strong></span> <span class='ocrx_word' id='word_1_540' title='bbox 3115 2583 3146 2640; x_wconf 82' lang='grc' dir='ltr'><strong>ἠ</strong></span> <span class='ocrx_word' id='word_1_541' title='bbox 3203 2585 3348 2654; x_wconf 77' lang='grc' dir='ltr'><strong>φήμη</strong></span> <span class='ocrx_word' id='word_1_542' title='bbox 3413 2579 3569 2644; x_wconf 79' lang='grc' dir='ltr'><strong>αὖθις</strong></span> <span class='ocrx_word' id='word_1_543' title='bbox 3623 2587 3854 2652; x_wconf 63' lang='grc' dir='ltr'><strong>πανταχόσε</strong></span> 
     </span>
    </p>
   </div>
   <div class='ocr_carea' id='block_1_88' title="bbox 2329 2666 3861 2744">
    <p class='ocr_par' dir='ltr' id='par_1_88' title="bbox 2329 2666 3861 2744">
     <span class='ocr_line' id='line_1_88' title="bbox 2329 2666 3861 2744; baseline -0.001 -22"><span class='ocrx_word' id='word_1_544' title='bbox 2329 2666 2523 2744; x_wconf 80' lang='grc' dir='ltr'><strong>διέρῥεί</strong></span> <span class='ocrx_word' id='word_1_545' title='bbox 2576 2675 2670 2728; x_wconf 83' lang='grc' dir='ltr'><strong>τὴν</strong></span> <span class='ocrx_word' id='word_1_546' title='bbox 2712 2669 2964 2744; x_wconf 76' lang='grc' dir='ltr'><strong>ἐκτροπὴν</strong></span> <span class='ocrx_word' id='word_1_547' title='bbox 3021 2678 3114 2722; x_wconf 80' lang='grc' dir='ltr'><strong>τού</strong></span> <span class='ocrx_word' id='word_1_548' title='bbox 3174 2671 3379 2723; x_wconf 80' lang='grc' dir='ltr'><strong>Παύλου</strong></span> <span class='ocrx_word' id='word_1_549' title='bbox 3429 2675 3712 2744; x_wconf 82' lang='grc' dir='ltr'><strong>μηνύουσα.</strong></span> <span class='ocrx_word' id='word_1_550' title='bbox 3749 2673 3798 2723; x_wconf 84' lang='grc' dir='ltr'><strong>Οἱ</strong></span> <span class='ocrx_word' id='word_1_551' title='bbox 3825 2667 3861 2722; x_wconf 68' lang='grc' dir='ltr'><strong>δὲ</strong></span> 
     </span>
    </p>
   </div>
   <div class='ocr_carea' id='block_1_89' title="bbox 2326 2755 3863 2831">
    <p class='ocr_par' dir='ltr' id='par_1_89' title="bbox 2326 2755 3863 2831">
     <span class='ocr_line' id='line_1_89' title="bbox 2326 2755 3863 2831; baseline -0.002 -20"><span class='ocrx_word' id='word_1_552' title='bbox 2326 2761 2654 2831; x_wconf 79' lang='grc' dir='ltr'><strong>πανεύφημοι</strong></span> <span class='ocrx_word' id='word_1_553' title='bbox 2701 2761 2886 2812; x_wconf 84' lang='grc' dir='ltr'><strong>ἐκεῖνοι</strong></span> <span class='ocrx_word' id='word_1_554' title='bbox 2943 2755 3058 2812; x_wconf 76' lang='grc' dir='ltr'><strong>οὐδ’</strong></span> <span class='ocrx_word' id='word_1_555' title='bbox 3105 2760 3268 2821; x_wconf 77' lang='grc' dir='ltr'><strong>οὕτως</strong></span> <span class='ocrx_word' id='word_1_556' title='bbox 3313 2759 3385 2821; x_wconf 80' lang='grc' dir='ltr'><strong>εἰς</strong></span> <span class='ocrx_word' id='word_1_557' title='bbox 3435 2767 3535 2820; x_wconf 79' lang='grc' dir='ltr'><strong>τὴν</strong></span> <span class='ocrx_word' id='word_1_558' title='bbox 3605 2763 3768 2813; x_wconf 80' lang='grc' dir='ltr'><strong>ἐκείνου</strong></span> <span class='ocrx_word' id='word_1_559' title='bbox 3813 2759 3863 2810; x_wconf 70' lang='lat' dir='ltr'><strong>r5-</strong></span> 
     </span>
    </p>
   </div>
   <div class='ocr_carea' id='block_1_90' title="bbox 2330 2847 3103 2924">
    <p class='ocr_par' dir='ltr' id='par_1_90' title="bbox 2330 2847 3103 2924">
     <span class='ocr_line' id='line_1_90' title="bbox 2330 2847 3103 2924; baseline 0 -24"><span class='ocrx_word' id='word_1_560' title='bbox 2330 2850 2416 2909; x_wconf 87' lang='grc' dir='ltr'><strong>θὺς</strong></span> <span class='ocrx_word' id='word_1_561' title='bbox 2461 2848 2746 2924; x_wconf 76' lang='grc' dir='ltr'><strong>ἐχώρησαν</strong></span> <span class='ocrx_word' id='word_1_562' title='bbox 2795 2847 3050 2922; x_wconf 80' lang='grc' dir='ltr'><strong>ἐκτροπήν</strong></span> <span class='ocrx_word' id='word_1_563' title='bbox 3089 2867 3103 2879; x_wconf 90' lang='grc'><strong>·</strong></span> 
     </span>
    </p>
   </div>
   <div class='ocr_carea' id='block_1_91' title="bbox 2325 2937 3864 3012">
    <p class='ocr_par' dir='ltr' id='par_1_91' title="bbox 2325 2937 3864 3012">
     <span class='ocr_line' id='line_1_91' title="bbox 2325 2937 3864 3012; baseline 0.005 -22"><span class='ocrx_word' id='word_1_564' title='bbox 2325 2943 2382 2990; x_wconf 91' lang='grc' dir='ltr'><strong>τό</strong></span> <span class='ocrx_word' id='word_1_565' title='bbox 2434 2957 2645 3011; x_wconf 87' lang='grc' dir='ltr'><strong>τραυμα</strong></span> <span class='ocrx_word' id='word_1_566' title='bbox 2707 2940 3001 3012; x_wconf 85' lang='grc' dir='ltr'><strong>θεραπεύειν</strong></span> <span class='ocrx_word' id='word_1_567' title='bbox 3069 2937 3362 3012; x_wconf 84' lang='grc' dir='ltr'><strong>ἒπειρωντο,</strong></span> <span class='ocrx_word' id='word_1_568' title='bbox 3419 2945 3521 2998; x_wconf 78' lang='grc' dir='ltr'><strong>τὴν</strong></span> <span class='ocrx_word' id='word_1_569' title='bbox 3581 2941 3864 3010; x_wconf 51' lang='lat' dir='ltr'><strong>Gnatam&quot;</strong></span> 
     </span>
    </p>
   </div>
   <div class='ocr_carea' id='block_1_92' title="bbox 2257 3023 3860 3103">
    <p class='ocr_par' dir='ltr' id='par_1_92' title="bbox 2257 3023 3860 3103">
     <span class='ocr_line' id='line_1_92' title="bbox 2257 3023 3860 3103; baseline -0.002 -23"><span class='ocrx_word' id='word_1_570' title='bbox 2257 3040 2296 3096; x_wconf 71' lang='grc' dir='ltr'>ο</span> <span class='ocrx_word' id='word_1_571' title='bbox 2330 3023 2684 3080; x_wconf 83' lang='grc' dir='ltr'><strong>διδασκαλίαν</strong></span> <span class='ocrx_word' id='word_1_572' title='bbox 2752 3030 2971 3103; x_wconf 75' lang='grc' dir='ltr'><strong>φθείρειν</strong></span> <span class='ocrx_word' id='word_1_573' title='bbox 3033 3029 3278 3100; x_wconf 84' lang='grc' dir='ltr'><strong>οἰόμενοι.</strong></span> <span class='ocrx_word' id='word_1_574' title='bbox 3347 3031 3622 3091; x_wconf 86' lang='grc' dir='ltr'><strong>Διονύσιος</strong></span> <span class='ocrx_word' id='word_1_575' title='bbox 3801 3031 3860 3096; x_wconf 67' lang='grc' dir='ltr'><strong>γάι</strong></span> 
     </span>
    </p>
   </div>
   <div class='ocr_carea' id='block_1_93' title="bbox 2329 3117 3862 3191">
    <p class='ocr_par' dir='ltr' id='par_1_93' title="bbox 2329 3117 3862 3191">
     <span class='ocr_line' id='line_1_93' title="bbox 2329 3117 3862 3191; baseline 0.002 -24"><span class='ocrx_word' id='word_1_576' title='bbox 2329 3120 2520 3188; x_wconf 75' lang='grc' dir='ltr'><strong>ἔπεμπε</strong></span> <span class='ocrx_word' id='word_1_577' title='bbox 2599 3118 2905 3191; x_wconf 73' lang='grc' dir='ltr'><strong>γράμματα,</strong></span> <span class='ocrx_word' id='word_1_578' title='bbox 2964 3121 3049 3169; x_wconf 89' lang='grc' dir='ltr'><strong>τὸν</strong></span> <span class='ocrx_word' id='word_1_579' title='bbox 3111 3120 3201 3190; x_wconf 71' lang='grc' dir='ltr'><strong>μὶν</strong></span> <span class='ocrx_word' id='word_1_580' title='bbox 3275 3118 3510 3190; x_wconf 76' lang='grc' dir='ltr'><strong>ἡγεμόνα</strong></span> <span class='ocrx_word' id='word_1_581' title='bbox 3573 3125 3663 3180; x_wconf 82' lang='grc' dir='ltr'><strong>τῆς</strong></span> <span class='ocrx_word' id='word_1_582' title='bbox 3713 3117 3862 3176; x_wconf 70' lang='grc' dir='ltr'><strong>πλάττει</strong></span> 
     </span>
    </p>
   </div>
   <div class='ocr_carea' id='block_1_94' title="bbox 2329 3201 3866 3281">
    <p class='ocr_par' dir='ltr' id='par_1_94' title="bbox 2329 3201 3866 3281">
     <span class='ocr_line' id='line_1_94' title="bbox 2329 3201 3866 3281; baseline -0.002 -23"><span class='ocrx_word' id='word_1_583' title='bbox 2329 3201 2469 3278; x_wconf 78' lang='grc' dir='ltr'><strong>μηδέ</strong></span> <span class='ocrx_word' id='word_1_584' title='bbox 2515 3211 2854 3281; x_wconf 81' lang='grc' dir='ltr'><strong>προσρήσεων</strong></span> <span class='ocrx_word' id='word_1_585' title='bbox 2897 3205 3074 3273; x_wconf 76' lang='grc' dir='ltr'><strong>ἀξιῶν,</strong></span> <span class='ocrx_word' id='word_1_586' title='bbox 3123 3211 3209 3259; x_wconf 87' lang='grc' dir='ltr'><strong>τόν</strong></span> <span class='ocrx_word' id='word_1_587' title='bbox 3248 3203 3308 3259; x_wconf 86' lang='grc' dir='ltr'><strong>δέ</strong></span> <span class='ocrx_word' id='word_1_588' title='bbox 3357 3225 3416 3278; x_wconf 89' lang='grc' dir='ltr'><strong>γε</strong></span> <span class='ocrx_word' id='word_1_589' title='bbox 3467 3207 3593 3260; x_wconf 86' lang='grc' dir='ltr'><strong>λαόν</strong></span> <span class='ocrx_word' id='word_1_590' title='bbox 3639 3215 3724 3267; x_wconf 73' lang='grc' dir='ltr'><strong>τῆς</strong></span> <span class='ocrx_word' id='word_1_591' title='bbox 3761 3205 3866 3257; x_wconf 66' lang='lat' dir='ltr'><strong>inin</strong></span> 
     </span>
    </p>
   </div>
   <div class='ocr_carea' id='block_1_95' title="bbox 2329 3295 3019 3368">
    <p class='ocr_par' dir='ltr' id='par_1_95' title="bbox 2329 3295 3019 3368">
     <span class='ocr_line' id='line_1_95' title="bbox 2329 3295 3019 3368; baseline 0 -21"><span class='ocrx_word' id='word_1_592' title='bbox 2329 3301 2612 3368; x_wconf 85' lang='grc' dir='ltr'><strong>παροικίας</strong></span> <span class='ocrx_word' id='word_1_593' title='bbox 2678 3295 3019 3368; x_wconf 81' lang='grc' dir='ltr'><strong>ἐγκαθιστῶν.</strong></span> 
     </span>
    </p>
   </div>
   <div class='ocr_carea' id='block_1_96' title="bbox 3165 2847 3860 2923">
    <p class='ocr_par' dir='ltr' id='par_1_96' title="bbox 3165 2847 3860 2923">
     <span class='ocr_line' id='line_1_96' title="bbox 3165 2847 3860 2923; baseline -0.003 -23"><span class='ocrx_word' id='word_1_594' title='bbox 3165 2847 3293 2900; x_wconf 81' lang='grc' dir='ltr'><strong>ἀλλὰ</strong></span> <span class='ocrx_word' id='word_1_595' title='bbox 3351 2851 3636 2923; x_wconf 73' lang='grc' dir='ltr'><strong>γράμμασι</strong></span> <span class='ocrx_word' id='word_1_596' title='bbox 3684 2857 3860 2923; x_wconf 53' lang='grc' dir='ltr'><strong>πρότιμν</strong></span> 
     </span>
    </p>
   </div>
   <div class='ocr_carea' id='block_1_97' title="bbox 3099 3293 3868 3369">
    <p class='ocr_par' dir='ltr' id='par_1_97' title="bbox 3099 3293 3868 3369">
     <span class='ocr_line' id='line_1_97' title="bbox 3099 3293 3868 3369; baseline -0.008 -19"><span class='ocrx_word' id='word_1_597' title='bbox 3099 3297 3430 3369; x_wconf 76' lang='grc' dir='ltr'><strong>Φιρμιλιανός</strong></span> <span class='ocrx_word' id='word_1_598' title='bbox 3515 3293 3576 3350; x_wconf 73' lang='grc' dir='ltr'><strong>δὲ</strong></span> <span class='ocrx_word' id='word_1_599' title='bbox 3662 3299 3688 3348; x_wconf 92' lang='grc' dir='ltr'><strong>ό</strong></span> <span class='ocrx_word' id='word_1_600' title='bbox 3749 3303 3868 3349; x_wconf 69' lang='grc' dir='ltr'><strong>Καπι-</strong></span> 
     </span>
    </p>
   </div>
   <div class='ocr_carea' id='block_1_98' title="bbox 2333 3377 3862 3461">
    <p class='ocr_par' dir='ltr' id='par_1_98' title="bbox 2333 3377 3862 3461">
     <span class='ocr_line' id='line_1_98' title="bbox 2333 3377 3862 3461; baseline 0.001 -25"><span class='ocrx_word' id='word_1_601' title='bbox 2333 3381 2518 3446; x_wconf 86' lang='grc' dir='ltr'><strong>δοκίας</strong></span> <span class='ocrx_word' id='word_1_602' title='bbox 2569 3389 2700 3456; x_wconf 81' lang='grc' dir='ltr'><strong>μετὰ</strong></span> <span class='ocrx_word' id='word_1_603' title='bbox 2762 3389 2853 3436; x_wconf 82' lang='grc' dir='ltr'><strong>καὶ</strong></span> <span class='ocrx_word' id='word_1_604' title='bbox 2903 3385 3069 3436; x_wconf 78' lang='grc' dir='ltr'><strong>ἄλλων</strong></span> <span class='ocrx_word' id='word_1_605' title='bbox 3117 3394 3309 3458; x_wconf 81' lang='grc' dir='ltr'><strong>παρῆν.</strong></span> <span class='ocrx_word' id='word_1_606' title='bbox 3393 3387 3790 3461; x_wconf 81' lang='grc' dir='ltr'><strong>Ιῐοιρακρονσθεὶς</strong></span> <span class='ocrx_word' id='word_1_607' title='bbox 3833 3377 3862 3432; x_wconf 69' lang='grc' dir='ltr'><strong>δ’</strong></span> 
     </span>
    </p>
   </div>
   <div class='ocr_carea' id='block_1_99' title="bbox 2331 3472 3865 3546">
    <p class='ocr_par' dir='ltr' id='par_1_99' title="bbox 2331 3472 3865 3546">
     <span class='ocr_line' id='line_1_99' title="bbox 2331 3472 3865 3546; baseline 0 -22"><span class='ocrx_word' id='word_1_608' title='bbox 2331 3475 2419 3526; x_wconf 81' lang='grc' dir='ltr'><strong>ὑπ’</strong></span> <span class='ocrx_word' id='word_1_609' title='bbox 2465 3473 2656 3526; x_wconf 80' lang='grc' dir='ltr'><strong>ἐκείνου</strong></span> <span class='ocrx_word' id='word_1_610' title='bbox 2703 3473 2857 3526; x_wconf 65' lang='grc' dir='ltr'><strong>πάλιν</strong></span> <span class='ocrx_word' id='word_1_611' title='bbox 2919 3477 2983 3534; x_wconf 84' lang='grc' dir='ltr'><strong>ὡς</strong></span> <span class='ocrx_word' id='word_1_612' title='bbox 3061 3479 3155 3532; x_wconf 77' lang='grc' dir='ltr'><strong>τὴν</strong></span> <span class='ocrx_word' id='word_1_613' title='bbox 3206 3477 3489 3546; x_wconf 73' lang='grc' dir='ltr'><strong>μετάθεσιν</strong></span> <span class='ocrx_word' id='word_1_614' title='bbox 3575 3472 3865 3546; x_wconf 36' lang='lat' dir='ltr'><strong>ina-nim?</strong></span> 
     </span>
    </p>
   </div>
   <div class='ocr_carea' id='block_1_100' title="bbox 2330 3561 3868 3638">
    <p class='ocr_par' dir='ltr' id='par_1_100' title="bbox 2330 3561 3868 3638">
     <span class='ocr_line' id='line_1_100' title="bbox 2330 3561 3868 3638; baseline -0.003 -25"><span class='ocrx_word' id='word_1_615' title='bbox 2330 3581 2440 3628; x_wconf 91' lang='grc' dir='ltr'><strong>νου,</strong></span> <span class='ocrx_word' id='word_1_616' title='bbox 2485 3561 2758 3638; x_wconf 77' lang='grc' dir='ltr'><strong>ἀνεχώρει.</strong></span> <span class='ocrx_word' id='word_1_617' title='bbox 2815 3562 2975 3616; x_wconf 73' lang='grc' dir='ltr'><strong>Πάλιν</strong></span> <span class='ocrx_word' id='word_1_618' title='bbox 3023 3561 3083 3616; x_wconf 66' lang='grc' dir='ltr'><strong>δὲ</strong></span> <span class='ocrx_word' id='word_1_619' title='bbox 3129 3563 3323 3636; x_wconf 80' lang='grc' dir='ltr'><strong>μέλλων</strong></span> <span class='ocrx_word' id='word_1_620' title='bbox 3376 3568 3556 3636; x_wconf 78' lang='grc' dir='ltr'><strong>ἐκείνῳ</strong></span> <span class='ocrx_word' id='word_1_621' title='bbox 3607 3563 3868 3638; x_wconf 60' lang='grc' dir='ltr'><strong>ἐφίστασθαι,</strong></span> 
     </span>
    </p>
   </div>
   <div class='ocr_carea' id='block_1_101' title="bbox 2330 3648 3870 3725">
    <p class='ocr_par' dir='ltr' id='par_1_101' title="bbox 2330 3648 3870 3725">
     <span class='ocr_line' id='line_1_101' title="bbox 2330 3648 3870 3725; baseline -0.003 -21"><span class='ocrx_word' id='word_1_622' title='bbox 2330 3651 2420 3704; x_wconf 80' lang='grc' dir='ltr'><strong>ἅτε</strong></span> <span class='ocrx_word' id='word_1_623' title='bbox 2485 3648 2552 3710; x_wconf 79' lang='grc' dir='ltr'><strong>δὴ</strong></span> <span class='ocrx_word' id='word_1_624' title='bbox 2607 3660 2788 3720; x_wconf 85' lang='grc' dir='ltr'><strong>πεῖραν</strong></span> <span class='ocrx_word' id='word_1_625' title='bbox 2831 3660 2925 3713; x_wconf 80' lang='grc' dir='ltr'><strong>τῆς</strong></span> <span class='ocrx_word' id='word_1_626' title='bbox 2981 3650 3292 3725; x_wconf 78' lang='grc' dir='ltr'><strong>ἁρνησιθέου</strong></span> <span class='ocrx_word' id='word_1_627' title='bbox 3361 3657 3562 3707; x_wconf 76' lang='grc' dir='ltr'><strong>ἐκείνου</strong></span> <span class='ocrx_word' id='word_1_628' title='bbox 3615 3657 3776 3712; x_wconf 79' lang='grc' dir='ltr'><strong>κακίας</strong></span> <span class='ocrx_word' id='word_1_629' title='bbox 3825 3648 3870 3700; x_wconf 67' lang='grc' dir='ltr'><strong>εἰ·</strong></span> 
     </span>
    </p>
   </div>
   <div class='ocr_carea' id='block_1_102' title="bbox 2330 3739 3868 3814">
    <p class='ocr_par' dir='ltr' id='par_1_102' title="bbox 2330 3739 3868 3814">
     <span class='ocr_line' id='line_1_102' title="bbox 2330 3739 3868 3814; baseline -0.004 -20"><span class='ocrx_word' id='word_1_630' title='bbox 2330 3740 2523 3814; x_wconf 76' lang='grc' dir='ltr'><strong>ληφὼς,</strong></span> <span class='ocrx_word' id='word_1_631' title='bbox 2579 3741 2722 3804; x_wconf 85' lang='grc' dir='ltr'><strong>τέλος</strong></span> <span class='ocrx_word' id='word_1_632' title='bbox 2767 3743 2897 3813; x_wconf 77' lang='grc' dir='ltr'><strong>ἔσχε</strong></span> <span class='ocrx_word' id='word_1_633' title='bbox 2946 3749 3038 3794; x_wconf 79' lang='grc' dir='ltr'><strong>τοῦ</strong></span> <span class='ocrx_word' id='word_1_634' title='bbox 3077 3740 3199 3814; x_wconf 84' lang='grc' dir='ltr'><strong>βίου</strong></span> <span class='ocrx_word' id='word_1_635' title='bbox 3231 3759 3244 3772; x_wconf 89' lang='grc'><strong>·</strong></span> <span class='ocrx_word' id='word_1_636' title='bbox 3289 3743 3374 3796; x_wconf 84' lang='grc' dir='ltr'><strong>ὅτε</strong></span> <span class='ocrx_word' id='word_1_637' title='bbox 3423 3739 3500 3802; x_wconf 75' lang='grc' dir='ltr'><strong>δη</strong></span> <span class='ocrx_word' id='word_1_638' title='bbox 3549 3748 3638 3795; x_wconf 84' lang='grc' dir='ltr'><strong>καί</strong></span> <span class='ocrx_word' id='word_1_639' title='bbox 3673 3743 3868 3796; x_wconf 63' lang='lat' dir='ltr'><strong>Aio-risu;</strong></span> 
     </span>
    </p>
   </div>
   <div class='ocr_carea' id='block_1_103' title="bbox 2331 3827 3868 3906">
    <p class='ocr_par' dir='ltr' id='par_1_103' title="bbox 2331 3827 3868 3906">
     <span class='ocr_line' id='line_1_103' title="bbox 2331 3827 3868 3906; baseline 0.001 -23"><span class='ocrx_word' id='word_1_640' title='bbox 2331 3833 2356 3883; x_wconf 90' lang='grc' dir='ltr'><strong>ό</strong></span> <span class='ocrx_word' id='word_1_641' title='bbox 2420 3827 2816 3906; x_wconf 81' lang='grc' dir='ltr'><strong>Ἀλεξανδρείας</strong></span> <span class='ocrx_word' id='word_1_642' title='bbox 2871 3829 3104 3884; x_wconf 81' lang='grc' dir='ltr'><strong>ἐτελεύτα</strong></span> <span class='ocrx_word' id='word_1_643' title='bbox 3159 3835 3297 3884; x_wconf 85' lang='grc' dir='ltr'><strong>κατὰ</strong></span> <span class='ocrx_word' id='word_1_644' title='bbox 3353 3835 3412 3884; x_wconf 89' lang='grc' dir='ltr'><strong>τὸ</strong></span> <span class='ocrx_word' id='word_1_645' title='bbox 3482 3829 3764 3886; x_wconf 81' lang='grc' dir='ltr'><strong>δωδέκατον</strong></span> <span class='ocrx_word' id='word_1_646' title='bbox 3803 3831 3868 3884; x_wconf 60' lang='lat' dir='ltr'><strong>ita;</strong></span> 
     </span>
    </p>
   </div>
   <div class='ocr_carea' id='block_1_104' title="bbox 2329 3919 3870 3994">
    <p class='ocr_par' dir='ltr' id='par_1_104' title="bbox 2329 3919 3870 3994">
     <span class='ocr_line' id='line_1_104' title="bbox 2329 3919 3870 3994; baseline -0.002 -20"><span class='ocrx_word' id='word_1_647' title='bbox 2329 3929 2419 3982; x_wconf 80' lang='grc' dir='ltr'><strong>τῆς</strong></span> <span class='ocrx_word' id='word_1_648' title='bbox 2481 3921 2729 3979; x_wconf 81' lang='grc' dir='ltr'><strong>Γαλιηνοῦ</strong></span> <span class='ocrx_word' id='word_1_649' title='bbox 2788 3919 3083 3994; x_wconf 82' lang='grc' dir='ltr'><strong>βασιλείας,</strong></span> <span class='ocrx_word' id='word_1_650' title='bbox 3146 3923 3214 3984; x_wconf 84' lang='grc' dir='ltr'><strong>ὦς</strong></span> <span class='ocrx_word' id='word_1_651' title='bbox 3269 3925 3502 3991; x_wconf 82' lang='grc' dir='ltr'><strong>εἴρηται,</strong></span> <span class='ocrx_word' id='word_1_652' title='bbox 3565 3923 3721 3976; x_wconf 84' lang='grc' dir='ltr'><strong>ἐτεσιν</strong></span> <span class='ocrx_word' id='word_1_653' title='bbox 3769 3921 3870 3972; x_wconf 66' lang='grc' dir='ltr'><strong>ἐπτι-</strong></span> 
     </span>
    </p>
   </div>
   <div class='ocr_carea' id='block_1_105' title="bbox 2329 4009 3921 4086">
    <p class='ocr_par' dir='ltr' id='par_1_105' title="bbox 2329 4009 3921 4086">
     <span class='ocr_line' id='line_1_105' title="bbox 2329 4009 3921 4086; baseline 0 -22"><span class='ocrx_word' id='word_1_654' title='bbox 2329 4009 2551 4064; x_wconf 85' lang='grc' dir='ltr'><strong>καίδεκα</strong></span> <span class='ocrx_word' id='word_1_655' title='bbox 2636 4019 2730 4072; x_wconf 82' lang='grc' dir='ltr'><strong>τῆς</strong></span> <span class='ocrx_word' id='word_1_656' title='bbox 2797 4010 3106 4071; x_wconf 87' lang='grc' dir='ltr'><strong>Ἐκκλησίας</strong></span> <span class='ocrx_word' id='word_1_657' title='bbox 3197 4013 3434 4084; x_wconf 76' lang='grc' dir='ltr'><strong>προστάς</strong></span> <span class='ocrx_word' id='word_1_658' title='bbox 3465 4033 3482 4046; x_wconf 93' lang='grc'><strong>·</strong></span> <span class='ocrx_word' id='word_1_659' title='bbox 3567 4013 3630 4064; x_wconf 80' lang='grc' dir='ltr'><strong>οὗ</strong></span> <span class='ocrx_word' id='word_1_660' title='bbox 3683 4009 3921 4086; x_wconf 47' lang='lat' dir='ltr'><strong>Meﬁtis“!</strong></span> 
     </span>
    </p>
   </div>
   <div class='ocr_carea' id='block_1_106' title="bbox 2329 4096 3921 4172">
    <p class='ocr_par' dir='ltr' id='par_1_106' title="bbox 2329 4096 3921 4172">
     <span class='ocr_line' id='line_1_106' title="bbox 2329 4096 3921 4172; baseline -0.005 -19"><span class='ocrx_word' id='word_1_661' title='bbox 2329 4101 2551 4172; x_wconf 78' lang='grc' dir='ltr'><strong>ἐγεγόνει</strong></span> <span class='ocrx_word' id='word_1_662' title='bbox 2627 4096 2907 4171; x_wconf 75' lang='grc' dir='ltr'><strong>διάδοχος.</strong></span> <span class='ocrx_word' id='word_1_663' title='bbox 2992 4105 3092 4153; x_wconf 82' lang='grc' dir='ltr'><strong>Καὶ</strong></span> <span class='ocrx_word' id='word_1_664' title='bbox 3177 4100 3430 4158; x_wconf 78' lang='grc' dir='ltr'><strong>Γαλιηνοῠ</strong></span> <span class='ocrx_word' id='word_1_665' title='bbox 3527 4097 3592 4154; x_wconf 75' lang='grc' dir='ltr'><strong>δέ</strong></span> <span class='ocrx_word' id='word_1_666' title='bbox 3661 4105 3921 4172; x_wconf 58' lang='grc' dir='ltr'><strong>τηνικαῦτιῇ</strong></span> 
     </span>
    </p>
   </div>
   <div class='ocr_carea' id='block_1_107' title="bbox 2327 4183 3869 4264">
    <p class='ocr_par' dir='ltr' id='par_1_107' title="bbox 2327 4183 3869 4264">
     <span class='ocr_line' id='line_1_107' title="bbox 2327 4183 3869 4264; baseline -0.006 -20"><span class='ocrx_word' id='word_1_667' title='bbox 2327 4195 2472 4244; x_wconf 82' lang='grc' dir='ltr'><strong>πέντε</strong></span> <span class='ocrx_word' id='word_1_668' title='bbox 2527 4194 2659 4262; x_wconf 81' lang='grc' dir='ltr'><strong>πρὸς</strong></span> <span class='ocrx_word' id='word_1_669' title='bbox 2725 4197 2831 4249; x_wconf 88' lang='grc' dir='ltr'><strong>τοῖς</strong></span> <span class='ocrx_word' id='word_1_670' title='bbox 2879 4185 3010 4241; x_wconf 83' lang='grc' dir='ltr'><strong>δέκα</strong></span> <span class='ocrx_word' id='word_1_671' title='bbox 3085 4191 3248 4242; x_wconf 78' lang='grc' dir='ltr'><strong>ἔτεσιν</strong></span> <span class='ocrx_word' id='word_1_672' title='bbox 3324 4189 3610 4264; x_wconf 79' lang='grc' dir='ltr'><strong>ἄρξαντος,</strong></span> <span class='ocrx_word' id='word_1_673' title='bbox 3685 4183 3869 4242; x_wconf 71' lang='grc' dir='ltr'><strong>Κλαύδιῆ</strong></span> 
     </span>
    </p>
   </div>
   <div class='ocr_carea' id='block_1_108' title="bbox 2329 4273 3867 4349">
    <p class='ocr_par' dir='ltr' id='par_1_108' title="bbox 2329 4273 3867 4349">
     <span class='ocr_line' id='line_1_108' title="bbox 2329 4273 3867 4349; baseline -0.003 -18"><span class='ocrx_word' id='word_1_674' title='bbox 2329 4285 2556 4338; x_wconf 79' lang='grc' dir='ltr'><strong>κατέστη</strong></span> <span class='ocrx_word' id='word_1_675' title='bbox 2617 4274 2897 4349; x_wconf 79' lang='grc' dir='ltr'><strong>διάδοχος.</strong></span> <span class='ocrx_word' id='word_1_676' title='bbox 2959 4277 3034 4330; x_wconf 68' lang='lat' dir='ltr'><strong>OG</strong></span> <span class='ocrx_word' id='word_1_677' title='bbox 3091 4278 3250 4331; x_wconf 85' lang='grc' dir='ltr'><strong>πλείω</strong></span> <span class='ocrx_word' id='word_1_678' title='bbox 3299 4275 3360 4332; x_wconf 63' lang='grc' dir='ltr'><strong>δε</strong></span> <span class='ocrx_word' id='word_1_679' title='bbox 3389 4285 3483 4332; x_wconf 85' lang='grc' dir='ltr'><strong>καὶ</strong></span> <span class='ocrx_word' id='word_1_680' title='bbox 3517 4281 3662 4340; x_wconf 82' lang='grc' dir='ltr'><strong>οὗτος</strong></span> <span class='ocrx_word' id='word_1_681' title='bbox 3687 4288 3771 4331; x_wconf 83' lang='grc' dir='ltr'><strong>τῶν</strong></span> <span class='ocrx_word' id='word_1_682' title='bbox 3809 4273 3867 4326; x_wconf 71' lang='grc' dir='ltr'><strong>δνι</strong></span> 
     </span>
    </p>
   </div>
   <div class='ocr_carea' id='block_1_109' title="bbox 2255 4367 3868 4450">
    <p class='ocr_par' dir='ltr' id='par_1_109' title="bbox 2255 4367 3868 4450">
     <span class='ocr_line' id='line_1_109' title="bbox 2255 4367 3868 4450; baseline -0.006 -28"><span class='ocrx_word' id='word_1_683' title='bbox 2255 4395 2298 4450; x_wconf 81' lang='lat' dir='ltr'>D</span> <span class='ocrx_word' id='word_1_684' title='bbox 2331 4369 2453 4422; x_wconf 84' lang='grc' dir='ltr'><strong>ἐτῶν</strong></span> <span class='ocrx_word' id='word_1_685' title='bbox 2509 4369 2855 4439; x_wconf 66' lang='grc' dir='ltr'><strong>ἡγησάμενος,</strong></span> <span class='ocrx_word' id='word_1_686' title='bbox 2923 4367 3235 4439; x_wconf 80' lang='grc' dir='ltr'><strong>Αύρηλιανῷ</strong></span> <span class='ocrx_word' id='word_1_687' title='bbox 3291 4376 3383 4430; x_wconf 82' lang='grc' dir='ltr'><strong>τῆς</strong></span> <span class='ocrx_word' id='word_1_688' title='bbox 3432 4371 3618 4444; x_wconf 77' lang='grc' dir='ltr'><strong>ἀρχῆς</strong></span> <span class='ocrx_word' id='word_1_689' title='bbox 3665 4367 3868 4428; x_wconf 68' lang='grc' dir='ltr'><strong>ὑπεξέπι-</strong></span> 
     </span>
    </p>
   </div>
   <div class='ocr_carea' id='block_1_110' title="bbox 2329 4453 3868 4532">
    <p class='ocr_par' dir='ltr' id='par_1_110' title="bbox 2329 4453 3868 4532">
     <span class='ocr_line' id='line_1_110' title="bbox 2329 4453 3868 4532; baseline -0.005 -21"><span class='ocrx_word' id='word_1_690' title='bbox 2329 4478 2438 4511; x_wconf 86' lang='grc' dir='ltr'><strong>ται.</strong></span> <span class='ocrx_word' id='word_1_691' title='bbox 2479 4457 2556 4510; x_wconf 79' lang='grc' dir='ltr'><strong>Οὔ</strong></span> <span class='ocrx_word' id='word_1_692' title='bbox 2597 4453 2864 4516; x_wconf 83' lang='grc' dir='ltr'><strong>διέποντος</strong></span> <span class='ocrx_word' id='word_1_693' title='bbox 2915 4461 3010 4515; x_wconf 79' lang='grc' dir='ltr'><strong>τὴν</strong></span> <span class='ocrx_word' id='word_1_694' title='bbox 3051 4455 3248 4532; x_wconf 78' lang='grc' dir='ltr'><strong>ἀρχὴν,</strong></span> <span class='ocrx_word' id='word_1_695' title='bbox 3293 4459 3502 4516; x_wconf 78' lang='grc' dir='ltr'><strong>ὑστάτη</strong></span> <span class='ocrx_word' id='word_1_696' title='bbox 3549 4463 3639 4510; x_wconf 79' lang='grc' dir='ltr'><strong>καὶ</strong></span> <span class='ocrx_word' id='word_1_697' title='bbox 3673 4457 3868 4509; x_wconf 62' lang='lat' dir='ltr'><strong>alr-arsi:</strong></span> 
     </span>
    </p>
   </div>
   <div class='ocr_carea' id='block_1_111' title="bbox 2331 4542 3864 4622">
    <p class='ocr_par' dir='ltr' id='par_1_111' title="bbox 2331 4542 3864 4622">
     <span class='ocr_line' id='line_1_111' title="bbox 2331 4542 3864 4622; baseline -0.003 -22"><span class='ocrx_word' id='word_1_698' title='bbox 2331 4551 2467 4600; x_wconf 82' lang='grc' dir='ltr'><strong>κατὰ</strong></span> <span class='ocrx_word' id='word_1_699' title='bbox 2519 4553 2611 4598; x_wconf 88' lang='grc' dir='ltr'><strong>τοῦ</strong></span> <span class='ocrx_word' id='word_1_700' title='bbox 2672 4549 3007 4618; x_wconf 84' lang='grc' dir='ltr'><strong>Σαμοσατέως</strong></span> <span class='ocrx_word' id='word_1_701' title='bbox 3058 4542 3282 4607; x_wconf 86' lang='grc' dir='ltr'><strong>σύνοδος</strong></span> <span class='ocrx_word' id='word_1_702' title='bbox 3337 4552 3743 4622; x_wconf 84' lang='grc' dir='ltr'><strong>συγκεκρότητο,</strong></span> 
     </span>
    </p>
   </div>
   <div class='ocr_carea' id='block_1_112' title="bbox 2335 4631 3864 4710">
    <p class='ocr_par' dir='ltr' id='par_1_112' title="bbox 2335 4631 3864 4710">
     <span class='ocr_line' id='line_1_112' title="bbox 2335 4631 3864 4710; baseline -0.002 -21"><span class='ocrx_word' id='word_1_703' title='bbox 2335 4656 2468 4689; x_wconf 88' lang='grc' dir='ltr'><strong>στων</strong></span> <span class='ocrx_word' id='word_1_704' title='bbox 2520 4635 2654 4688; x_wconf 89' lang='grc' dir='ltr'><strong>ὂσων</strong></span> <span class='ocrx_word' id='word_1_705' title='bbox 2732 4631 3137 4710; x_wconf 88' lang='grc' dir='ltr'><strong>συνδραμόντων</strong></span> <span class='ocrx_word' id='word_1_706' title='bbox 3203 4640 3482 4708; x_wconf 87' lang='grc' dir='ltr'><strong>ποιμένων.</strong></span> <span class='ocrx_word' id='word_1_707' title='bbox 3571 4631 3768 4692; x_wconf 75' lang='grc' dir='ltr'><strong>Ἐπειδὴ</strong></span> <span class='ocrx_word' id='word_1_708' title='bbox 3807 4633 3864 4702; x_wconf 62' lang='grc' dir='ltr'><strong>7ἑίι</strong></span> 
     </span>
    </p>
   </div>
   <div class='ocr_carea' id='block_1_113' title="bbox 2329 4724 3864 4800">
    <p class='ocr_par' dir='ltr' id='par_1_113' title="bbox 2329 4724 3864 4800">
     <span class='ocr_line' id='line_1_113' title="bbox 2329 4724 3864 4800; baseline -0.004 -20"><span class='ocrx_word' id='word_1_709' title='bbox 2329 4729 2462 4798; x_wconf 82' lang='grc' dir='ltr'><strong>μετὰ</strong></span> <span class='ocrx_word' id='word_1_710' title='bbox 2545 4725 2707 4778; x_wconf 82' lang='grc' dir='ltr'><strong>πολλὰ</strong></span> <span class='ocrx_word' id='word_1_711' title='bbox 2765 4733 3154 4798; x_wconf 74' lang='grc' dir='ltr'><strong>παραινούντες,</strong></span> <span class='ocrx_word' id='word_1_712' title='bbox 3227 4725 3568 4800; x_wconf 74' lang='grc' dir='ltr'><strong>παράκλησιν</strong></span> <span class='ocrx_word' id='word_1_713' title='bbox 3649 4724 3864 4794; x_wconf 63' lang='grc' dir='ltr'><strong>ἐπάγοντες.</strong></span> 
     </span>
    </p>
   </div>
   <div class='ocr_carea' id='block_1_114' title="bbox 2334 4815 3864 4888">
    <p class='ocr_par' dir='ltr' id='par_1_114' title="bbox 2334 4815 3864 4888">
     <span class='ocr_line' id='line_1_114' title="bbox 2334 4815 3864 4888; baseline -0.006 -20"><span class='ocrx_word' id='word_1_714' title='bbox 2334 4825 2436 4868; x_wconf 88' lang='grc' dir='ltr'><strong>τῶν</strong></span> <span class='ocrx_word' id='word_1_715' title='bbox 2514 4817 2965 4888; x_wconf 70' lang='grc' dir='ltr'><strong>προγεγενημένων</strong></span> <span class='ocrx_word' id='word_1_716' title='bbox 3053 4815 3548 4888; x_wconf 80' lang='grc' dir='ltr'><strong>ὑπομιμνήσκοντες</strong></span> <span class='ocrx_word' id='word_1_717' title='bbox 3655 4815 3864 4868; x_wconf 63' lang='grc' dir='ltr'><strong>συνθνιέι.</strong></span> 
     </span>
    </p>
   </div>
   <div class='ocr_carea' id='block_1_115' title="bbox 2335 4893 3864 4978">
    <p class='ocr_par' dir='ltr' id='par_1_115' title="bbox 2335 4893 3864 4978">
     <span class='ocr_line' id='line_1_115' title="bbox 2335 4893 3864 4978; baseline 0.001 -21"><span class='ocrx_word' id='word_1_718' title='bbox 2335 4901 2425 4958; x_wconf 80' lang='grc' dir='ltr'><strong>εἶθ’</strong></span> <span class='ocrx_word' id='word_1_719' title='bbox 2477 4903 2645 4975; x_wconf 82' lang='grc' dir='ltr'><strong>ἑώρων</strong></span> <span class='ocrx_word' id='word_1_720' title='bbox 2717 4907 2805 4956; x_wconf 80' lang='grc' dir='ltr'><strong>τόν</strong></span> <span class='ocrx_word' id='word_1_721' title='bbox 2855 4905 2944 4975; x_wconf 74' lang='grc' dir='ltr'><strong>μὲν</strong></span> <span class='ocrx_word' id='word_1_722' title='bbox 3020 4901 3403 4978; x_wconf 85' lang='grc' dir='ltr'><strong>ἐξαρνούμενος,</strong></span> <span class='ocrx_word' id='word_1_723' title='bbox 3469 4904 3800 4977; x_wconf 75' lang='grc' dir='ltr'><strong>ἐνισταμένους</strong></span> <span class='ocrx_word' id='word_1_724' title='bbox 3833 4893 3864 4944; x_wconf 58' lang='grc' dir='ltr'><strong>δέ</strong></span> 
     </span>
    </p>
   </div>
   <div class='ocr_carea' id='block_1_116' title="bbox 2333 4990 3480 5066">
    <p class='ocr_par' dir='ltr' id='par_1_116' title="bbox 2333 4990 3480 5066">
     <span class='ocr_line' id='line_1_116' title="bbox 2333 4990 3480 5066; baseline -0.003 -19"><span class='ocrx_word' id='word_1_725' title='bbox 2333 4998 2453 5056; x_wconf 84' lang='grc' dir='ltr'><strong>τοὺς</strong></span> <span class='ocrx_word' id='word_1_726' title='bbox 2543 4994 2884 5065; x_wconf 84' lang='grc' dir='ltr'><strong>κατηγόρους,</strong></span> <span class='ocrx_word' id='word_1_727' title='bbox 2979 4999 3069 5045; x_wconf 86' lang='grc' dir='ltr'><strong>καὶ</strong></span> <span class='ocrx_word' id='word_1_728' title='bbox 3183 4990 3480 5066; x_wconf 78' lang='grc' dir='ltr'><strong>διελέγχειν</strong></span> 
     </span>
    </p>
   </div>
   <div class='ocr_carea' id='block_1_117' title="bbox 2335 5079 3921 5154">
    <p class='ocr_par' dir='ltr' id='par_1_117' title="bbox 2335 5079 3921 5154">
     <span class='ocr_line' id='line_1_117' title="bbox 2335 5079 3921 5154; baseline -0.005 -17"><span class='ocrx_word' id='word_1_729' title='bbox 2335 5083 2586 5142; x_wconf 81' lang='grc' dir='ltr'><strong>συνῆλθον</strong></span> <span class='ocrx_word' id='word_1_730' title='bbox 2635 5083 2702 5142; x_wconf 85' lang='grc' dir='ltr'><strong>εἰς</strong></span> <span class='ocrx_word' id='word_1_731' title='bbox 2765 5085 2822 5135; x_wconf 84' lang='grc' dir='ltr'><strong>τό</strong></span> <span class='ocrx_word' id='word_1_732' title='bbox 2887 5079 3177 5154; x_wconf 81' lang='grc' dir='ltr'><strong>συνέδριον.</strong></span> <span class='ocrx_word' id='word_1_733' title='bbox 3219 5081 3478 5136; x_wconf 79' lang='grc' dir='ltr'><strong>Ἐνταῦθα</strong></span> <span class='ocrx_word' id='word_1_734' title='bbox 3537 5083 3774 5154; x_wconf 74' lang='grc' dir='ltr'><strong>Μαλχίων</strong></span> <span class='ocrx_word' id='word_1_735' title='bbox 3810 5095 3860 5130; x_wconf 54' lang='grc' dir='ltr'><strong>τίει</strong></span> 
     </span>
    </p>
   </div>
   <div class='ocr_carea' id='block_1_118' title="bbox 2330 5165 3862 5248">
    <p class='ocr_par' dir='ltr' id='par_1_118' title="bbox 2330 5165 3862 5248">
     <span class='ocr_line' id='line_1_118' title="bbox 2330 5165 3862 5248; baseline -0.001 -23"><span class='ocrx_word' id='word_1_736' title='bbox 2330 5179 2577 5248; x_wconf 84' lang='grc' dir='ltr'><strong>πρότερον</strong></span> <span class='ocrx_word' id='word_1_737' title='bbox 2639 5174 2730 5243; x_wconf 70' lang='grc' dir='ltr'><strong>μὲν</strong></span> <span class='ocrx_word' id='word_1_738' title='bbox 2794 5178 3110 5244; x_wconf 75' lang='grc' dir='ltr'><strong>σοφιστικῆς</strong></span> <span class='ocrx_word' id='word_1_739' title='bbox 3179 5167 3460 5245; x_wconf 81' lang='grc' dir='ltr'><strong>διατριϐῆς</strong></span> <span class='ocrx_word' id='word_1_740' title='bbox 3539 5173 3628 5226; x_wconf 80' lang='grc' dir='ltr'><strong>ἐπὶ</strong></span> <span class='ocrx_word' id='word_1_741' title='bbox 3687 5167 3768 5230; x_wconf 64' lang='lat' dir='ltr'><strong>ti;</strong></span> <span class='ocrx_word' id='word_1_742' title='bbox 3801 5165 3862 5217; x_wconf 54' lang='grc' dir='ltr'><strong>’ἓν</strong></span> 
     </span>
    </p>
   </div>
   <div class='ocr_carea' id='block_1_119' title="bbox 2330 5259 3858 5336">
    <p class='ocr_par' dir='ltr' id='par_1_119' title="bbox 2330 5259 3858 5336">
     <span class='ocr_line' id='line_1_119' title="bbox 2330 5259 3858 5336; baseline -0.001 -22"><span class='ocrx_word' id='word_1_743' title='bbox 2330 5267 2516 5334; x_wconf 84' lang='grc' dir='ltr'><strong>τιόχου</strong></span> <span class='ocrx_word' id='word_1_744' title='bbox 2598 5269 2698 5314; x_wconf 87' lang='grc' dir='ltr'><strong>τῶν</strong></span> <span class='ocrx_word' id='word_1_745' title='bbox 2770 5260 2884 5314; x_wconf 84' lang='grc' dir='ltr'><strong>καθ’</strong></span> <span class='ocrx_word' id='word_1_746' title='bbox 2951 5259 3200 5323; x_wconf 82' lang='grc' dir='ltr'><strong>’Έλληνας</strong></span> <span class='ocrx_word' id='word_1_747' title='bbox 3268 5260 3432 5332; x_wconf 79' lang='grc' dir='ltr'><strong>λόγων</strong></span> <span class='ocrx_word' id='word_1_748' title='bbox 3505 5264 3752 5336; x_wconf 79' lang='grc' dir='ltr'><strong>προστὰς,</strong></span> <span class='ocrx_word' id='word_1_749' title='bbox 3813 5271 3858 5302; x_wconf 67' lang='grc' dir='ltr'><strong>ιπτ</strong></span> 
     </span>
    </p>
   </div>
   <div class='ocr_carea' id='block_1_120' title="bbox 2330 5347 3921 5426">
    <p class='ocr_par' dir='ltr' id='par_1_120' title="bbox 2330 5347 3921 5426">
     <span class='ocr_line' id='line_1_120' title="bbox 2330 5347 3921 5426; baseline -0.01 -22"><span class='ocrx_word' id='word_1_750' title='bbox 2330 5349 2698 5424; x_wconf 83' lang='grc' dir='ltr'><strong>πρεσϐυτερίου</strong></span> <span class='ocrx_word' id='word_1_751' title='bbox 2748 5347 2828 5417; x_wconf 75' lang='grc' dir='ltr'><strong>δὲ,</strong></span> <span class='ocrx_word' id='word_1_752' title='bbox 2894 5347 2987 5404; x_wconf 72' lang='grc' dir='ltr'><strong>διὰ</strong></span> <span class='ocrx_word' id='word_1_753' title='bbox 3037 5355 3131 5409; x_wconf 78' lang='grc' dir='ltr'><strong>τὴν</strong></span> <span class='ocrx_word' id='word_1_754' title='bbox 3181 5351 3252 5412; x_wconf 83' lang='grc' dir='ltr'><strong>εἰς</strong></span> <span class='ocrx_word' id='word_1_755' title='bbox 3302 5355 3543 5426; x_wconf 75' lang='grc' dir='ltr'><strong>Χριστὸν</strong></span> <span class='ocrx_word' id='word_1_756' title='bbox 3603 5355 3778 5414; x_wconf 62' lang='grc' dir='ltr'><strong>πίστιν9</strong></span> <span class='ocrx_word' id='word_1_757' title='bbox 3813 5359 3858 5390; x_wconf 72' lang='grc' dir='ltr'><strong>ει.</strong></span> 
     </span>
    </p>
   </div>
   <div class='ocr_carea' id='block_1_121' title="bbox 2331 5437 3860 5512">
    <p class='ocr_par' dir='ltr' id='par_1_121' title="bbox 2331 5437 3860 5512">
     <span class='ocr_line' id='line_1_121' title="bbox 2331 5437 3860 5512; baseline -0.006 -18"><span class='ocrx_word' id='word_1_758' title='bbox 2331 5446 2425 5500; x_wconf 78' lang='grc' dir='ltr'><strong>τὴν</strong></span> <span class='ocrx_word' id='word_1_759' title='bbox 2485 5437 2626 5493; x_wconf 81' lang='grc' dir='ltr'><strong>ἰδίαν</strong></span> <span class='ocrx_word' id='word_1_760' title='bbox 2671 5439 2855 5512; x_wconf 77' lang='grc' dir='ltr'><strong>ἀρετὴν</strong></span> <span class='ocrx_word' id='word_1_761' title='bbox 2909 5459 3043 5512; x_wconf 83' lang='grc' dir='ltr'><strong>μετα</strong></span> <span class='ocrx_word' id='word_1_762' title='bbox 3069 5448 3238 5494; x_wconf 76' lang='grc' dir='ltr'><strong>ταῦτα</strong></span> <span class='ocrx_word' id='word_1_763' title='bbox 3287 5441 3618 5512; x_wconf 78' lang='grc' dir='ltr'><strong>ἠξιωμένος·</strong></span> <span class='ocrx_word' id='word_1_764' title='bbox 3676 5439 3794 5492; x_wconf 72' lang='grc' dir='ltr'><strong>οὗτος</strong></span> <span class='ocrx_word' id='word_1_765' title='bbox 3823 5447 3860 5484; x_wconf 70' lang='grc' dir='ltr'><strong>ες</strong></span> 
     </span>
    </p>
   </div>
   <div class='ocr_carea' id='block_1_122' title="bbox 2339 5523 3856 5606">
    <p class='ocr_par' dir='ltr' id='par_1_122' title="bbox 2339 5523 3856 5606">
     <span class='ocr_line' id='line_1_122' title="bbox 2339 5523 3856 5606; baseline -0.01 -23"><span class='ocrx_word' id='word_1_766' title='bbox 2339 5530 2527 5602; x_wconf 90' lang='grc' dir='ltr'><strong>λόγους</strong></span> <span class='ocrx_word' id='word_1_767' title='bbox 2611 5532 2784 5603; x_wconf 72' lang='grc' dir='ltr'><strong>ἐκείνῳ</strong></span> <span class='ocrx_word' id='word_1_768' title='bbox 2866 5528 3140 5606; x_wconf 72' lang='grc' dir='ltr'><strong>παρρησίᾳ</strong></span> <span class='ocrx_word' id='word_1_769' title='bbox 3209 5529 3383 5590; x_wconf 83' lang='grc' dir='ltr'><strong>ἐλθὼν,</strong></span> <span class='ocrx_word' id='word_1_770' title='bbox 3447 5531 3784 5604; x_wconf 44' lang='lat' dir='ltr'><strong>taxo-794i”;</strong></span> <span class='ocrx_word' id='word_1_771' title='bbox 3827 5523 3856 5568; x_wconf 70' lang='grc' dir='ltr'>τί</span> 
     </span>
    </p>
   </div>
   <div class='ocr_carea' id='block_1_123' title="bbox 2979 4995 3921 5067">
    <p class='ocr_par' dir='ltr' id='par_1_123' title="bbox 2979 4995 3921 5067">
     <span class='ocr_line' id='line_1_123' title="bbox 2979 4995 3921 5067; baseline -0.008 -23"><span class='ocrx_word' id='word_1_772' title='bbox 2979 4999 3069 5045; x_wconf 86' lang='grc' dir='ltr'><strong>καὶ</strong></span> <span class='ocrx_word' id='word_1_773' title='bbox 3183 4995 3480 5066; x_wconf 78' lang='grc' dir='ltr'><strong>διελέγχειν</strong></span> <span class='ocrx_word' id='word_1_774' title='bbox 3577 4995 3862 5067; x_wconf 52' lang='lat' dir='ltr'><strong>trapetum-4;</strong></span> 
     </span>
    </p>
   </div>
   <div class='ocr_carea' id='block_1_124' title="bbox 3917 3755 3924 5550">
    <p class='ocr_par' dir='ltr' id='par_1_124' title="bbox 3919 3755 3921 5550">
     <span class='ocr_line' id='line_1_124' title="bbox 3919 3755 3921 3852; baseline 0 0"><span class='ocrx_word' id='word_1_775' title='bbox 3919 3755 3921 3852; x_wconf 74' lang='grc' dir='ltr'><strong>ι</strong></span> 
     </span>
     <span class='ocr_line' id='line_1_125' title="bbox 3919 5393 3921 5550; baseline 0 0"><span class='ocrx_word' id='word_1_776' title='bbox 3919 5401 3921 5550; x_wconf 68' lang='lat' dir='ltr'><strong>l</strong></span> 
     </span>
    </p>
   </div>
  </div>
