4020 6218
120 310 265 366 1185
1171 302 1734 363 ECCLESIASTICJE

1857 303 2129 361 STORIE
2169 303 2307 360 LIB.
2350 307 2438 361 VI.
3353 303 3492 358 1186

117 435 370 508 εἰρημένα
441 435 670 507 χάρταις
754 437 1161 506 σημειουμένων,
1238 430 1471 503 ἐξήλεγξέ
1539 448 1590 482 τε
1641 433 1732 482 καὶ

1857 428 2025 486 idem
2097 429 2584 501 singularemque
2637 429 2940 495 virtutem,
2999 427 3077 485 ad
3141 427 3493 496 dignitatem

115 528 180 577 τὸ
252 522 538 599 κρυψνοίυν
603 522 796 576 ἐκείνου
875 527 964 575 καὶ
1017 520 1218 582 ἀπάτης
1272 525 1428 593 γέμον
1491 520 1732 591 φωράσαι

1857 517 2192 591 presbyterii
2257 522 2497 574 evectus
2563 517 2773 586 fuerat,
2833 534 2970 573 cum
3020 533 3090 572 eo
3138 516 3198 572 in
3252 516 3494 589 publico

115 618 213 666 καὶ
275 617 396 675 τοὺς
456 611 636 673 among
700 617 968 670 πεποίηκε.
1040 617 1140 665 Καὶ
1198 615 1368 664 τοίνυν
1436 604 1734 682 ἐτερόδοξος

1857 608 2145 681 :olloquio
2162 625 2548 679 congressus,
2577 607 2871 663 celeribus
2896 608 3163 673 notariis,
3188 607 3288 679 qui
3313 607 3495 662 verba

119 704 405 775 φωραθεὶς,
464 704 528 763 ὡς
581 701 819 775 ἀρχηρός
876 702 970 762 τῆς
1023 703 1287 773 αἱρέσεως,
1348 707 1442 761 τῆς
1495 699 1593 750 ὑπὸ
1643 699 1731 749 τόν

1857 697 2050 754 )mnia
2105 697 2324 753 chartis
2362 698 2718 770 exciperent,
2761 696 3088 768 dispositis,
3138 697 3302 751 illum
3357 711 3496 750 con-

117 794 340 864 ούρανόν
405 790 688 851 καθολικῆς
753 790 1061 850 Ἐκκλησίας
1135 788 1454 861 ἐκκηρυκτος
1509 791 1728 858 γίνεται.

1857 787 2014 842 vicit:
2047 793 2103 842 et
2134 791 2354 842 tectum
2385 787 2788 856 latentemque
2815 785 2944 856 ejus
2976 801 3220 840 sensum
3256 783 3497 840 fraudu-

1841 876 2000 930 lenta
2043 875 2390 930 seductione
2443 873 2690 945 plenum
2735 874 2816 930 ita
2867 874 2924 928 in
2981 873 3177 928 lucem
3232 872 3495 944 protulit,

1844 970 1906 1019 ut
1961 980 2099 1018 eum
2151 963 2248 1019 alii
2293 979 2535 1036 quoque
2587 962 2900 1018 manifesto
2955 961 3493 1033 deprehenderent.

115 1068 320 1133 Δόμνος
367 1059 474 1112 ἀντ’
526 1060 685 1113 αὐτοῦ
739 1067 833 1122 τῆς
878 1061 1161 1133 Ἀντιόχου
1211 1063 1332 1119 τοὺς
1381 1061 1563 1119 οἴακας
1593 1059 1729 1128 ἐγκε-

1857 1058 2044 1126 itaque
2073 1053 2270 1109 aliena
2299 1053 2531 1123 opinari
2562 1061 2739 1123 atque
2760 1052 2973 1108 docere
3000 1051 3332 1115 convictus,
3359 1056 3416 1107 et
3439 1057 3500 1107 ut

118 1156 243 1222 χείρ
253 1169 388 1204 ιστο.

1857 1142 2084 1198 Heresis
2127 1142 2250 1198 dux
2282 1148 2338 1198 et
2387 1147 2614 1208 auctor,
2660 1157 2694 1197 a
2733 1141 3028 1197 catholica
3067 1146 3124 1196 et
3155 1140 3496 1198 universali,

121 1240 362 1296 Christo
391 1238 786 1309 decertantes,
821 1255 960 1294 cum
988 1252 1212 1309 magna
1241 1237 1581 1294 animorum
1620 1229 1822 1289 laetitia
1871 1231 2258 1287 libentissime
2297 1247 2642 1302 supremam
2675 1230 3054 1301 excipiebant
3091 1229 3446 1285 sententiam
3482 1225 3498 1266 ί

121 1345 320 1401 usque
348 1327 523 1394 adeo,
575 1334 639 1384 ut
669 1343 807 1384 cum
839 1327 1168 1399 gratiarum
1207 1327 1439 1384 actione
1469 1325 1548 1382 ad
1595 1322 1778 1380 ﬁnem
1819 1336 2010 1394 usque
2041 1335 2335 1394 perquam
2366 1320 2643 1377 decenter
2686 1319 2950 1392 hymnos
2995 1319 3326 1391 laudesque
3379 1321 3497 1374 Deo

120 1422 428 1475 canerent.

123 886 229 935 Καὶ
300 889 392 934 τοῦ
464 881 658 953 κλήρου
732 885 822 952 μὲν
889 880 1128 952 ἐξάγεται
1204 888 1299 932 τῶν
1369 885 1567 931 πιστῶν
1598 894 1610 907 ·
1672 876 1730 929 ού

116 970 228 1042 μὴν
293 967 352 1024 δε
409 969 534 1022 ἀλλὰ
589 974 678 1022 καὶ
728 978 824 1032 τῆς
879 970 1190 1034 Ἐκκλησὶας
1256 972 1570 1041 ἑκρίπτεται.
1631 971 1732 1019 Καὶ

725 1517 972 1570 ΚΕΦΔΛ.
1017 1517 1149 1570 ΚΘ¹.

2452 1507 2678 1565 CAPUT
2719 1509 2893 1564 XXIX.

123 1605 252 1678 υἷα
305 1605 332 1656 ό
393 1603 706 1678 βασιλεὺς
761 1603 1164 1678 Δᾼύρηλιανὸς
1219 1607 1363 1678 περι
1413 1609 1522 1678 τῆς
1562 1618 1739 1653 συνο-

1857 1597 1988 1664 Quae
2003 1597 2332 1678 imperctcr
2351 1597 2811 1678 Aurelianusde
2829 1597 3120 1666 suffragio
3134 1602 3187 1652 et
3205 1598 3497 1678 sententia

200 1668 403 1752 δικῆξ
457 1674 672 1748 ψήφου
729 1668 904 1752 εἶπέ·
950 1678 1188 1752 καὶῃὼς
1222 1668 1362 1752 καθ’
1409 1676 1580 1752 ἡμῶν
1637 1692 1736 1724 κι-

1919 1669 2473 1752 synodalidizeﬁt;
2506 1676 2560 1724 et
2587 1674 2650 1722 ut
2672 1669 2824 1752 idern
2845 1668 3500 1752 quoqueeontruphri-

196 1740 505 1820 νούμενος
544 1740 652 1801 καὶ
690 1746 892 1816 οὗτος,
933 1748 1166 1800 ἄνωθεν
1214 1740 1556 1818 ἐπεσχέθη.

1919 1740 2141 1866 dignos
2170 1741 2633 1810 persecutionem
2675 1740 2941 1804 moliens,
2975 1740 3205 1797 caelitus
3235 1743 3310 1795 sit
3334 1755 3497 1810 pra:-

1919 1827 1992 1867 υε
2035 1822 2176 1867 itus.

1918 1827 2176 1881 peditus.

1924 1901 2204 1958 Sedenim
2257 1917 2394 1956 cum
2452 1900 2671 1956 Paulus
2716 1904 2923 1956 contra
2961 1900 3261 1968 niteretur,
3311 1899 3502 1955 Eccle-

1852 1989 2075 2062 siaeque
2105 1990 2686 2046 administrationem
2714 1989 2963 2045 retinere
2992 1997 3328 2056 conaretur,
3357 1993 3413 2045 et
3442 1990 3502 2045 in

1851 2079 2066 2152 synodi
2089 2080 2325 2135 decreto
2357 2079 2735 2150 acquiescere
2768 2078 2964 2146 nollet,
2991 2079 3247 2135 audacia
3268 2080 3396 2150 ejus
3424 2079 3502 2135 ad

1851 2168 2233 2224 Aurelianum
2266 2174 2392 2224 tum
2427 2169 2821 2240 imperantem
2864 2166 3040 2241 423
3071 2173 3158 2224 est
3197 2167 3415 2224 delata.
3448 2173 3500 2223 ls

1854 2257 2228 2313 sanctissime
2257 2257 2329 2312 de
2374 2273 2444 2313 ea
2473 2273 2533 2312 re
2565 2258 2884 2321 constituit,
2914 2259 2997 2313 eis
3028 2257 3243 2314 scilicet
3270 2259 3500 2329 episco-

1850 2352 2062 2418 patum
2117 2347 2390 2402 mandari
2440 2346 2680 2418 jubens,
2731 2363 2884 2418 quos
2927 2347 3107 2402 Italici
3138 2353 3193 2402 et
3250 2347 3504 2404 Romani

1853 2435 2114 2508 episcopi
2171 2435 2378 2492 litteris
2425 2437 2546 2491 suis
2585 2436 3081 2508 comprobassent
3106 2437 3207 2509 (1).
3261 2436 3504 2492 Etiamsi

1851 2526 2012 2582 enim
2055 2525 2401 2581 daemonum
2455 2525 2639 2581 cultui
2668 2525 2906 2580 deditus
2938 2531 3111 2592 esset,
3142 2531 3268 2580 tum
3303 2531 3504 2582 tamen

1852 2616 2019 2688 quod
2045 2615 2274 2686 justum
2307 2620 2459 2670 esset
2501 2615 2812 2686 judicavit,
2871 2619 2931 2670 ut
2965 2615 3066 2688 qui
3113 2615 3171 2670 in
3203 2615 3340 2670 ﬁdei
3369 2631 3506 2688 pro-

1854 2703 2113 2759 fessione
2131 2703 2639 2759 consentientibus
2658 2711 3056 2775 responsaret,
3077 2704 3505 2776 decretumque

1854 2809 2062 2850 eorum
2107 2798 2529 2858 contemneret,
2581 2792 2659 2848 ab
2703 2792 2918 2848 ilorum
2950 2793 3262 2849 sodalitate
3292 2799 3348 2850 et
3383 2793 3508 2849 col-

1853 2883 2009 2952 legio
2033 2887 2418 2938 resecaretur.
2449 2883 2534 2937 Ita
2565 2881 2782 2937 Paulus
2814 2881 2891 2937 ab
2924 2881 3200 2948 Ecclesia,
3229 2898 3348 2938 non
3383 2887 3508 2938 tan-

135 2968 274 3038 ίερᾶς
307 2965 505 3039 ἀρχῆς,
566 2965 694 3018 ἀλλὰ
743 2972 831 3019 καὶ
885 2971 1031 3042 παρὰ
1068 2975 1162 3029 τῆς
1208 2975 1470 3039 κοσμικῆς
1507 2967 1744 3039 αἰσχρῶς

1857 2975 1981 3027 tum
2015 2989 2052 3027 a
2079 2987 2248 3027 sacra
2279 2978 2336 3028 et
2365 2971 2788 3037 ecclesiastica,
2840 2988 3052 3028 verum
3099 2973 3279 3028 etiam
3311 2989 3346 3028 a
3373 2989 3506 3043 pro-

128 3054 472 3118 ἐξελαύνεται.
530 3061 632 3109 Καὶ
688 3061 802 3109 τότε
855 3059 945 3128 μὶν
1008 3064 1238 3117 τοιοῦτος
1301 3053 1362 3115 ἦν
1422 3061 1541 3132 περὶ
1605 3058 1744 3128 ἡμᾶς

1857 3061 1997 3116 fana
2041 3065 2098 3116 et
2144 3060 2457 3116 mundana
2510 3065 2802 3133 potestate
2851 3062 3099 3134 turpiter
3133 3067 3219 3116 est
3261 3061 3498 3132 pulsus.

125 3145 452 3217 Δύρηλιανός
486 3163 499 3175 ⁶
570 3148 748 3218 χρόνῳ
833 3142 892 3198 δι
968 3151 1274 3222 προκόπτων
1337 3145 1384 3198 έν
1449 3153 1510 3205 τῆ
1575 3143 1743 3218 ἀρχῇ,

1857 3149 2207 3205 Aurelianus
2263 3155 2463 3205 autem
2514 3155 2640 3206 tum
2690 3149 2937 3222 quidem
2982 3155 3104 3206 tam
3159 3166 3402 3223 aequum
3445 3166 3508 3206 se

128 3233 336 3286 ἀλλοῖόν
405 3253 458 3286 τι
539 3242 737 3307 φρονεῖν
814 3237 958 3309 παρά
1029 3255 1180 3287 τινων
1252 3235 1560 3288 ἀνεπείθετο.
1645 3239 1744 3288 Καὶ

1857 3254 1998 3309 erga
2024 3255 2133 3294 nos
2164 3239 2439 3310 praebuit.
2467 3239 2824 3295 Procedente
2857 3255 3018 3304 vero,
3053 3255 3174 3296 una
3205 3256 3341 3294 cum
3368 3246 3510 3294 tem-

1855 3343 2020 3400 pore,
2065 3328 2316 3400 imperio
2347 3329 2500 3399 ejus,
2531 3334 2593 3384 ut
2641 3328 2759 3384 alio
2797 3329 2856 3384 in
2891 3345 3000 3385 nos
3031 3337 3184 3385 esset
3213 3328 3439 3394 animo,
3474 3346 3510 3386 a

1855 3419 2222 3491 quibusdam
2246 3418 2717 3490 persuadebatur
2741 3435 2754 3473 ;
2783 3418 3197 3491 paulatimque
3220 3423 3283 3474 ut
3308 3425 3362 3473 et
3383 3419 3510 3489 ipse

1855 3509 2331 3580 persecutionem
2383 3508 2670 3563 adversus
2703 3507 3066 3564 Christianos
3118 3513 3382 3562 moveret
3408 3509 3508 3577 (2),

1856 3596 2237 3652 incitabatur.
2260 3595 2324 3651 Et
2347 3595 2471 3667 jam
2493 3611 2612 3651 non
2640 3596 2924 3650 minimus
2955 3611 3160 3650 rumor
3180 3595 3252 3649 de
3287 3611 3358 3650 ea
3376 3611 3512 3666 pas-

1858 3684 1974 3740 sim
2005 3685 2473 3740 increbescebat.
2531 3685 2797 3756 Cumque
2851 3684 2946 3739 vix
2980 3683 3220 3739 tandem
3255 3683 3511 3738 suaden-

1857 3774 2014 3828 tibus
2066 3773 2318 3837 cederet,
2379 3778 2435 3827 et
2498 3772 2872 3828 subscribere
2922 3772 3126 3827 litteris
3200 3771 3306 3838 eis,
3375 3788 3511 3844 quae

1857 3866 2064 3917 contra
2117 3876 2320 3916 veram
2375 3860 2654 3932 pietatem
2714 3862 2881 3917 editae
2929 3860 3183 3925 fuerant,
3238 3861 3510 3928 deberet,

1856 3949 2175 4021 derepente
2212 3949 2416 4004 divina
2433 3949 2905 4006 adfuitvindicta
2935 3950 3033 4022 (3),
3067 3966 3201 4022 quae
3231 3966 3352 4006 una
3374 3967 3512 4006 cum

1859 4040 1990 4110 ipso
2017 4038 2218 4094 cubito
2247 4039 2506 4110 improbi
2549 4040 2758 4095 scribae
2813 4055 3030 4095 manus
3057 4038 3336 4104 inhibuit,
3387 4055 3515 4094 om-

132 4121 386 4188 παιδείας
436 4127 582 4179 ἓνεκα
627 4132 715 4179 καὶ
766 4125 1127 4200 έπιστροφῆς⁸
1180 4127 1297 4180 καθ’
1353 4127 1436 4187 οὕς
1479 4125 1539 4178 ἂν
1580 4125 1743 4185 ἐκείνη

1857 4129 2035 4184 nibus
2068 4129 2210 4183 satis
2231 4127 2567 4191 declarans,
2600 4144 2720 4182 non
2754 4144 2992 4200 semper
3025 4128 3108 4183 eis
3153 4128 3255 4200 qui
3287 4127 3345 4183 in
3403 4143 3515 4183 nos

131 4219 353 4288 καιροὺς
433 4211 827 4287 δοκιμάζουσα,
911 4215 1120 4290 ἀῤῥὴτῳ
1198 4221 1374 4289 κρίσει
1449 4223 1744 4290 συγχωρεῖν

1858 4224 2331 4282 commoventur,
2361 4216 2532 4272 facile
2583 4233 2714 4272 esse
2743 4217 3036 4273 adversus
3067 4217 3346 4273 ecclesias
3389 4219 3516 4290 ejus

129 4303 320 4358 ἕλοιτο.
367 4305 514 4357 Ἐπεὶ
577 4301 626 4358 δ’
679 4307 704 4357 ό
749 4308 1080 4376 Σαμόσατεύς
1117 4305 1226 4375 μετ’
1283 4305 1544 4377 αἰσχύνης
1584 4305 1744 4364 ἀπήλ-

1857 4307 2024 4380 quod
2082 4307 2497 4362 constituerint
2565 4307 2905 4379 perﬁcere:
2963 4307 3076 4362 nisi
3133 4307 3232 4362 illa
3290 4323 3515 4364 arcano

128 4393 310 4458 λακτο,
362 4395 410 4446 οἱ
449 4392 533 4446 ἐπὶ
590 4397 750 4446 ταυτὸ
806 4390 1192 4468 συνδραμόντες
1251 4399 1508 4467 ποιμένες,
1570 4399 1744 4454 κοινὴν

1858 4397 2213 4466 occultoque
2257 4396 2505 4465 judicio,
2559 4412 2682 4469 quo
2737 4397 2788 4451 ei
2847 4397 3042 4452 visum
3091 4404 3174 4453 est
3223 4403 3512 4468 tempore,

1859 4485 2299 4557 explorationis,
2337 4486 2745 4555 castigationis
2777 4490 2831 4541 et
2852 4485 3263 4542 conversionis
3289 4490 3515 4542 nostra:

1859 4573 2070 4644 gratia,
2123 4573 2182 4628 id
2214 4574 2567 4645 permiserit.
2618 4577 2796 4630 Porro
2830 4576 3226 4631 Samosateno
3257 4573 3333 4630 ad
3377 4591 3518 4630 eum

1858 4661 2111 4718 modum
2123 4663 2363 4734 rejecto,
2378 4662 2762 4720 ecclesiarum
2778 4671 3048 4735 pastores
3060 4664 3508 4730 convenientes,

1859 4752 1937 4808 ad
1989 4751 2337 4824 Dionysium
2386 4755 2723 4808 Romanum
2753 4757 2808 4808 et
2840 4753 3224 4808 Maximinum
3267 4752 3513 4809 Alexan-

1859 4841 2100 4896 drinum
2129 4841 2446 4914 episcopos
2476 4857 2858 4898 communem
2889 4842 3374 4912 conscripserunt
3398 4843 3522 4912 epi-

197 1899 341 1953 Ἐπεὶ
400 1895 452 1952 δ’
506 1898 795 1951 ἀντιτείνων
848 1899 873 1949 ό
929 1897 1150 1966 Παῦλος,
1215 1903 1304 1950 καὶ
1361 1900 1436 1950 ἔτι
1501 1913 1740 1969 παρακα-

128 1993 302 2060 τέχειν
368 1992 463 2046 τὴν
535 1996 631 2049 τῆς
695 1987 1012 2050 Ἐκκλησίας
1083 1988 1398 2040 ἐπιστασίαν
1468 1985 1736 2056 ἠϐούλετο,

126 2081 200 2149 μὴ
257 2080 315 2129 τό
375 2085 436 2149 τῇ
509 2073 715 2148 συνόδῳ
767 2073 925 2140 δόξαν
984 2083 1218 2150 στέργειν
1269 2079 1591 2151 αἱρούμενος,
1655 2074 1740 2126 ἐπὶ

123 2165 452 2238 Αύρηλιάνόν
522 2174 811 2225 τηνικαῦτα
879 2174 970 2228 τῆς
1049 2166 1228 2240 ἀρχῆς
1308 2171 1402 2224 τὴν
1464 2167 1739 2238 ἠγεμονίαν

125 2250 398 2321 διέποντα,
457 2260 552 2314 τὴν
614 2258 921 2328 θρασύτητα
979 2264 1070 2308 τοῦ
1125 2255 1331 2308 Παύλου
1387 2254 1640 2329 ἀνέφερον.
1680 2251 1740 2305 Ὀ

127 2341 190 2396 δε
256 2345 524 2397 ὁσιώτατα
580 2350 696 2418 περὶ
755 2352 848 2397 τοῦ
922 2350 1182 2418 πρακτέου
1248 2341 1547 2416 διείληφενο
1617 2347 1743 2395 ἐκεί·-

121 2453 232 2495 νοις
286 2431 354 2492 δὴ
405 2437 492 2486 τόν
561 2436 738 2508 θρόνον
802 2437 1202 2510 ἕγχειρισθῆναι
1261 2433 1494 2498 κελεύων,
1551 2434 1627 2495 οἷς
1682 2431 1742 2483 ἆν

125 2526 178 2575 οἱ
243 2532 342 2586 τῆς
418 2523 618 2596 Ῥώμης
697 2524 977 2576 ἐπίσκοποι
1060 2523 1438 2584 ἐπιστέλλοντες
1523 2519 1744 2580 εύδοκή-

127 2631 300 2668 σαιεν.
353 2612 412 2665 Εἰ
457 2615 559 2685 γὰρ
599 2617 686 2665 καὶ
720 2620 782 2685 τῇ
841 2609 1107 2685 δαιμόνων
1142 2615 1388 2685 θεραπείᾳ
1415 2614 1744 2683 κατάσχετος

127 2697 215 2766 ἧν,
273 2697 479 2753 δίκαιόν
536 2720 595 2772 γε
651 2705 776 2762 τέως
825 2704 990 2774 ἔκρινε
1043 2705 1128 2753 τόν
1185 2709 1247 2774 τῇ
1297 2709 1398 2752 τῶν
1441 2701 1745 2772 όμοπίστων

131 2788 462 2861 ἀντιλέγοντα
514 2789 673 2863 ψήφῳ
733 2799 823 2850 τῆς
877 2790 1080 2842 ἐκείνων
1144 2795 1445 2863 συμμορίας
1511 2788 1746 2862 ἀποτμη-

135 2879 310 2936 ϐῆναι.
366 2877 470 2932 Καὶ
523 2879 550 2929 ό
605 2881 695 2949 μεν
751 2878 916 2940 οὕτως
958 2879 1146 2930 ἐκεῖθεν
1195 2878 1254 2930 ού
1283 2883 1437 2949 μόνον
1480 2880 1626 2950 παρὰ
1652 2885 1746 2940 τῆς

128 3323 305 3395 ἠρέμα
353 3327 444 3375 καὶ
481 3322 632 3385 οὗτος
688 3319 928 3396 διωγμόν
981 3324 1102 3376 καθ’
1141 3326 1288 3396 ἡμῶν
1343 3324 1556 3397 ἐγείρειν
1608 3324 1748 3382 ὑπη-

125 3401 386 3483 ρεθίςετο.
447 3413 551 3466 Καὶ
613 3411 764 3482 λόγος
833 3411 926 3464 οὐκ
981 3413 1269 3484 ἐλάχιστος
1347 3419 1437 3465 τοῦ
1506 3409 1745 3484 διωγμοῦ

131 3496 484 3574 διαθρυλλείτο
560 3499 892 3573 ἁπανταχοῦ.
981 3502 1128 3556 Ἐπεὶ
1211 3498 1270 3554 δὲ
1359 3501 1506 3574 μόλις
1589 3501 1744 3567 εἴξας,

132 3588 332 3663 ἀπάρτι
395 3594 486 3642 καὶ
569 3593 1074 3664 παρασημειοῦσθαι
1138 3593 1206 3643 τὰ
1257 3593 1393 3643 κατὰ
1451 3591 1548 3652 τῆς
1606 3590 1746 3643 εύσε.

134 3677 285 3742 ϐεἰας
335 3679 505 3752 ἔμελλε
551 3681 858 3752 γράμματα,
903 3682 1014 3733 θεία
1067 3683 1246 3752 μετῄει
1303 3677 1446 3744 δίκη,
1488 3680 1542 3742 ἑξ
1580 3683 1745 3732 αὐτῶν

132 3768 381 3838 ἀγκώνων
455 3776 547 3820 τοῦ
626 3775 856 3842 πονηροῦ
930 3772 1169 3842 γραφέως
1241 3770 1332 3829 τὰς
1388 3776 1576 3843 χεῖρας
1633 3767 1748 3821 έπέ-

128 3876 338 3929 χουσο,
398 3857 711 3931 έμφιίνουσά
768 3878 822 3911 τε
871 3864 1054 3928 πᾶσιν,
1107 3860 1176 3918 ὡς
1231 3857 1326 3910 ούκ
1374 3860 1436 3910 ἄν
1489 3877 1613 3911 ποτε
1641 3865 1747 3919 τοῖς

128 3946 253 4000 καθ’
314 3947 462 4020 ἡμῶν
543 3953 864 4020 κινουμένοις
915 3947 966 4000 έν
1030 3948 1272 4022 ῥᾳστώνη
1329 3951 1528 4018 γένοιτο
1585 3949 1749 4020 πράτ-

135 4055 247 4089 τειν
293 4039 353 4088 τό
393 4038 778 4111 παριστάμενον
833 4044 949 4098 ταῖς
1003 4037 1164 4089 αὑτοῦ
1206 4035 1530 4106 ἐκκλησίαις,
1583 4037 1627 4090 εἰ
1672 4041 1743 4109 μὴ

130 4482 414 4541 ἐπιστολὴν
487 4483 895 4557 ἑγχαράξαντες,
975 4481 1046 4544 εἰς
1115 4487 1394 4556 πρόσωπον
1469 4491 1561 4537 τοῦ
1629 4484 1749 4538 Ῥω-

134 4577 309 4646 μαίων
369 4572 657 4625 ἐπισκόπου
717 4577 1010 4634 Διονυσίου,
1068 4577 1158 4625 καὶ
1211 4580 1300 4625 τοῦ
1350 4570 1748 4649 Ἀλεξανδρείας

131 4660 455 4732 Μαξιμίνου,
509 4661 822 4734 ἁπανταχοῦ
879 4670 974 4723 τῆς
1032 4669 1132 4732 γῆς
1183 4658 1570 4734 διαπέμπονται
1614 4667 1749 4735 πρὸς

125 4748 313 4803 λεπτόν
360 4751 428 4802 τὰ
472 4758 566 4813 τῆς
619 4748 844 4804 συνόδου
884 4747 1283 4823 ἐκδιηγούμενοι
1310 4749 1322 4766 ¹
1351 4755 1446 4809 τήν
1481 4771 1533 4805 τε
1575 4752 1749 4805 αὐτῶν

133 4836 402 4903 σπουδὴν,
455 4843 547 4897 τήν
606 4859 661 4892 τε
716 4847 808 4893 τοῦ
863 4839 1070 4892 Παύλου
1127 4837 1473 4916 δυστροπίαν,
1533 4844 1626 4904 τάς
1693 4859 1748 4895 τε

133 4926 395 4992 διαλέξεις
447 4931 540 4990 τὰς
593 4932 672 4982 ἐπὶ
732 4936 928 4996 κοινοῦ,
983 4934 1076 4982 καὶ
1125 4933 1249 4993 τοὺς
1304 4929 1556 5003 ἐλέγχους
1588 4948 1600 4960 ·
1655 4934 1747 4984 καὶ

128 5019 208 5070 ἔτι
264 5021 352 5069 τὸν
399 5022 588 5092 τρόπον
641 5022 730 5071 καὶ
783 5023 873 5077 τὴν
934 5016 1220 5072 ἀκόλαστον
1275 5022 1467 5073 ἐκείνου
1535 5016 1742 5073 δίαιτάν

207 5122 289 5267 ἓί)
319 5123 530 5179 Euseb.
557 5123 664 5180 lib.
697 5141 794 5194 vn,
829 5141 963 5196 cap.
999 5129 1088 5181 30.

230 5197 288 5266 2)
345 5196 701 5252 Aurelianus
749 5204 806 5251 et
845 5198 975 5265 ipse
1031 5212 1088 5267 pe

230 5197 288 5266 2)
345 5196 701 5252 Aurelianus
749 5204 806 5251 et
845 5198 975 5265 ipse
1031 5199 1507 5267 persecutionem
1540 5203 1749 5254 contra

135 5266 504 5341 Christianos
534 5267 804 5341 molitur:
828 5289 855 5316 ‹‹
879 5266 1110 5341 Primus
1137 5269 1233 5325 hic
1259 5271 1422 5341 apud
1443 5272 1746 5326 Romanos

133 5338 420 5394 diadema
437 5339 621 5410 capiti
649 5339 936 5413 innexuit,
963 5338 1341 5413 gemmisque
1373 5350 1427 5398 et
1449 5344 1613 5398 omni
1645 5358 1750 5398 au-

132 5415 270 5466 rata
294 5418 476 5474 veste,
501 5411 669 5482 quod
694 5411 771 5466 ad
802 5410 859 5464 id
889 5418 1127 5480 tempus
1159 5410 1441 5469 Romanis
1473 5415 1748 5470 moribus

135 5483 514 5553 incognitum
546 5483 674 5551 fuit,
712 5499 856 5537 usus
894 5489 1003 5537 est.
1042 5503 1070 5530 κ
1103 5483 1312 5553 (Eutr.)

212 5554 290 5625 (3)
342 5552 700 5609 Aurelianus
754 5569 889 5608 cum
938 5552 1414 5625 persecutionem
1453 5557 1746 5612 adversus

139 5623 531 5691 Christianos,
566 5640 765 5682 nonus
807 5639 844 5680 a
871 5626 1099 5681 Nerone
1124 5623 1486 5694 decerneret,
1519 5625 1745 5684 fulmen

1859 4930 2093 4992 stolam,
2129 4945 2386 5004 eamque
2413 4932 2490 4987 ad
2513 4932 2718 4987 omnia
2748 4936 2912 4985 terrae
2942 4929 3073 4986 loca
3107 4932 3428 4986 miserunt:
3453 4931 3515 4986 in

1858 5036 1982 5093 qua
2034 5019 2380 5092 plenissime
2429 5019 2646 5094 synodi
2691 5025 2842 5086 acta,
2895 5019 3168 5076 videlicet
3220 5021 3514 5077 eximium

1858 5132 1994 5183 ante
2023 5143 2161 5183 eum
2194 5143 2418 5196 magno
2459 5127 2968 5198 circumstantium
3011 5143 3234 5198 pavore
3263 5127 3397 5182 ruit.
3429 5130 3513 5182 Ac

1859 5215 1980 5270 non
2039 5199 2224 5254 multo
2258 5206 2393 5270 post
2423 5200 2571 5254 inter
2594 5269 2598 5270 ί
2623 5196 3199 5270 constantinopolim
3232 5204 3288 5252 et
3338 5201 3510 5254 Hera-

1859 5269 2068 5332 cleam.
2093 5268 2375 5325 Mnesthei
2393 5268 2710 5324 notariisui
2739 5268 2966 5341 fraude,
2992 5268 3094 5340 qui
3111 5270 3187 5323 ad
3208 5270 3513 5341 quosdam

1861 5341 2145 5396 militares
2193 5341 2420 5396 amicos
2475 5342 2626 5411 ejus,
2675 5340 2921 5395 nomina
2969 5355 3178 5394 eorum
3225 5340 3512 5398 adnotata

1860 5412 2120 5484 pertulit,
2167 5412 2314 5467 falso
2350 5428 2594 5484 manum
2623 5411 2775 5484 illius
2817 5411 3106 5476 imitatus,
3142 5412 3388 5484 perinde
3426 5417 3510 5468 at-

1859 5483 1977 5557 que
2020 5484 2370 5557 Aurelianus
2395 5499 2497 5557 eos
2529 5483 2856 5557 interﬁcere
2885 5483 3306 5552 constituisset,
3332 5485 3484 5540 occi-

1861 5553 1965 5612 sus
1993 5561 2101 5612 est.
2128 5554 2396 5627 (Eutrop.
2430 5554 2508 5611 Fl.
2535 5553 2878 5627 Vopiscus).
