4020 6218
559 299 692 354 118⁵1

1863 297 2211 355 NICEPHOE

2323 297 2607 354 iALLISTI
3764 299 3856 356 1188

555 423 819 480 studiam
879 440 1081 493 suum,
1121 427 1178 480 et
1229 423 1392 480 Pauli
1441 439 1681 480 morum
1739 423 2208 496 improbitatem,

2323 444 2380 478 τε
2433 429 2524 482 καὶ
2573 422 2759 496 βιοτήν
2799 439 2812 454 ο
2846 421 2898 487 ἐξ
2951 423 3016 486 ἧς
3061 422 3216 494 ὀλίγα
3260 423 3568 494 παραθεῖναι
3609 429 3677 492 τῷ
3701 441 3850 496 tragum

555 511 1116 585 disputationesque
1154 518 1211 570 et
1241 511 1680 569 confutationes
1702 513 1993 584 publieas,
2032 519 2214 586 atque

555 601 859 674 impuram
889 602 1380 674 impudicamque
1405 603 1672 657 hominis
1709 603 1886 658 vitam
1920 617 2216 674 exposue-

556 696 718 748 runt.
754 691 918 748 Unde
944 707 1140 764 pauca
1170 691 1453 764 quaedam
1485 691 1604 750 huc
1631 691 1838 748 afferre
1861 692 2104 764 placuit.

1080 815 1260 889 424
1286 817 1508 873 CAPUT
1545 819 1695 874 xxx.

559 923 871 994 Epistolas
879 925 1061 994 νηοάὶ
1076 927 1120 979 Α
1132 925 1476 989 ntiochenae,
1501 924 1952 980 immoderatam
1967 929 2020 980 et
2036 925 2212 980 luxu-

795 997 1014 1052 riosam
1035 995 1410 1052 Samosateni
1439 996 1622 1052 vitam
1651 1011 1970 1067 exponens.

629 1123 690 1176 Et
723 1119 840 1177 alia
877 1120 1125 1192 quidem
1155 1121 1606 1192 praetermittam
1645 1135 1658 1173 :
1690 1137 1826 1194 qua;
1847 1136 1982 1176 vero
2014 1135 2211 1178 mores

557 1209 709 1281 ejus,
739 1209 920 1265 veluti
963 1210 1024 1264 in
1076 1209 1424 1266 columnam
1471 1211 1680 1274 incisa,
1730 1210 2055 1280 declarant,
2085 1225 2213 1281 per-

561 1314 822 1355 curram.
857 1301 936 1354 Ea
973 1299 1060 1354 sic
1089 1299 1347 1354 habent:
1409 1321 1436 1349 «
1471 1302 1792 1371 Postquam
1831 1316 1868 1355 a
1895 1315 2125 1355 canone
2156 1305 2213 1356 et

557 1389 766 1459 regula
824 1389 1067 1443 sincerae
1112 1388 1396 1443 doctrina;
1427 1387 1751 1459 digressus,
1797 1389 1873 1443 ad
1905 1389 2212 1458 illegitima

561 1483 618 1534 et
671 1476 1006 1532 adulterina
1053 1477 1343 1547 dogmata
1399 1476 1668 1540 descivit,
1725 1477 1870 1532 nihil
1917 1494 2070 1549 opus
2123 1483 2214 1534 est

561 1568 826 1622 actiones
869 1566 998 1637 ejus
1052 1573 1216 1621 extra
1247 1565 1570 1622 Ecclesiam
1613 1583 1958 1622 recensere:
1995 1583 2208 1638 neque,

559 1671 698 1712 cum
746 1655 910 1728 prius
960 1670 1190 1727 pauper
1246 1654 1421 1710 fuerit
1479 1662 1534 1710 et
1599 1655 1932 1720 mendicus,
1988 1657 2212 1728 quippe

558 1743 662 1816 qui
697 1759 892 1816 neque
915 1760 950 1798 a
982 1743 1330 1815 parentibus
1372 1743 1802 1815 patrimonium
1838 1743 2080 1816 aliquod
2114 1761 2211 1800 ac-

2323 1751 2454 1818 μήτε
2491 1743 2544 1796 ἐκ
2593 1747 2846 1816 τέχνηςῆ
2915 1763 3050 1804 τινος
3107 1739 3529 1814 ἐπιτηδεύματος
3589 1743 3874 1812 κτησάμενος,

559 1834 833 1906 cepisset,
855 1849 1049 1906 neque
1073 1839 1196 1889 arte
1216 1839 1318 1889 aut
1341 1833 1539 1888 studio
1561 1835 1850 1906 quopiam
1877 1834 2212 1906 quidquam

557 1928 846 1996 parasset,
883 1923 1049 1994 quod
1074 1923 1148 1977 ad
1175 1923 1503 1978 immensas
1535 1939 1680 1995 opes
1712 1939 1816 1994 per
1845 1923 2085 1978 fraudes
2106 1925 2214 1978 ini-

557 2012 882 2084 quissimas
931 2017 984 2068 et
1017 2011 1328 2082 sacrilegia
1381 2013 1746 2084 pervenerit:
1809 2028 2002 2084 neque
2033 2013 2212 2068 etiam

557 2115 693 2173 quae
751 2100 959 2156 fratres
1013 2101 1316 2156 excutiens
1371 2099 1643 2172 exegerit,
1697 2101 1946 2172 praemia
1994 2101 2072 2157 ab
2129 2102 2212 2159 eis

557 2206 711 2262 quos
754 2189 973 2260 injuria
1024 2187 1223 2244 affecit
1275 2191 1540 2262 capiens,
1583 2197 1640 2246 et
1693 2191 1968 2246 mercede
2012 2207 2074 2246 se
2127 2193 2210 2248 eis

557 2293 733 2350 opem
759 2278 1018 2334 laturum
1047 2277 1356 2349 pollicens,
1375 2295 1529 2350 quos
1552 2285 1750 2335 tamen
1782 2279 1946 2352 ipsos
1973 2279 2171 2336 fefellit
2195 2297 2209 2336 :

555 2365 896 2440 frustraque
943 2367 1156 2423 uberes
1207 2367 1434 2423 fructus
1466 2367 1824 2440 percipiens,
1859 2385 1931 2424 ex
1961 2385 2214 2442 propen-

558 2456 726 2512 sione
767 2462 822 2511 et
847 2456 1320 2528 promptitudine
1357 2473 1564 2512 eorum
1591 2457 1694 2529 qui
1727 2459 1977 2528 negotiis
2015 2459 2216 2530 impli-

563 2544 660 2601 citi
708 2561 778 2601 eo
825 2546 1069 2600 nomine
1114 2543 1188 2599 illi
1235 2544 1552 2613 dederunt,
1597 2551 1656 2601 ut
1701 2547 1974 2602 molestia
2019 2545 2210 2602 litium

559 2633 1048 2704 defungeremur,
1079 2641 1434 2706 proventum
1469 2639 1649 2706 atque
1683 2635 1934 2705 vectigal
1971 2637 2069 2692 Dei
2096 2635 2214 2692 cul-

561 2729 688 2780 tum
715 2740 846 2779 esse
874 2724 1136 2780 ducens:
1175 2740 1370 2796 neque
1398 2730 1460 2778 ut
1484 2723 1578 2780 ille
1610 2723 1984 2795 superbierit,
2019 2725 2216 2782 subla-

559 2817 778 2885 tusque
793 2811 966 2868 fuerit
989 2811 1313 2868 mundanis
1333 2812 1746 2882 dignitatibus,
1762 2813 2122 2870 ducenarius
2137 2815 2212 2890 (t)

561 2903 758 2974 potius
805 2918 990 2974 quam
1043 2903 1362 2974 episcopus
1391 2904 1591 2958 vocari
1640 2903 1878 2958 volens:
1915 2919 2109 2976 neque
2155 2911 2216 2962 ut

558 3005 665 3062 per
691 2990 884 3046 forum
909 2991 1165 3061 superbe
1187 2992 1512 3058 incesserit,
1537 2991 1834 3064 simulque
1854 2996 1908 3047 et
1928 2991 2215 3064 epistolas

559 3079 766 3148 legerit
811 3085 865 3136 et
912 3080 1240 3146 dictaverit,
1289 3097 1428 3136 cum
1476 3081 1716 3137 stallitio
1777 3081 2093 3153 publicitus
2133 3082 2216 3138 iu-

561 3169 858 3239 grediens,
888 3184 1110 3239 magno
1151 3184 1405 3224 numero
1447 3167 1540 3224 his
1573 3169 2072 3241 praecedentibus,
2103 3171 2216 3226 illis

562 3257 951 3331 sequentibus
978 3274 990 3312 :
1026 3257 1178 3313 adeo
1211 3263 1292 3326 ut,
1318 3264 1560 3330 propter
1590 3258 1811 3314 fastum
1845 3267 1898 3315 et
1924 3277 2214 3330 arrogan-

562 3347 710 3404 tiam
740 3347 939 3402 cordis
978 3347 1129 3418 ejus,
1177 3347 1324 3402 ﬁdes
1374 3352 1585 3404 nostra
1633 3363 1878 3418 gravem
1925 3349 2216 3406 invidiam

561 3437 891 3510 odiumque
909 3453 1308 3508 permagnum
1330 3437 1596 3493 subierit.
1617 3439 1744 3494 Non
1763 3439 2018 3494 etiamin
2036 3441 2218 3497 eccle-

563 3525 817 3583 siasticis
841 3527 1236 3582 conventibus
1259 3533 1664 3583 monstrosam
1689 3531 1819 3600 ejus
1846 3528 2212 3600 superbiam,

560 3632 704 3690 qam
748 3616 1148 3688 aucupatione
1203 3615 1374 3672 famae
1427 3623 1482 3671 et
1516 3615 1739 3686 gloriae,
1795 3623 1851 3672 et
1904 3617 2216 3675 oculorum

561 3705 904 3778 prastigiis,
939 3705 1338 3777 fucorumque
1381 3705 1764 3762 meditatione
1817 3713 1902 3764 est
1933 3707 2211 3764 molitus:

561 3795 782 3868 quibus
829 3795 1009 3851 rebUS
1035 3794 1465 3866 simpliciorum
1509 3795 1746 3852 animas
1775 3797 2119 3864 conterruit,
2162 3803 2217 3856 et

563 3884 1049 3940 consternatione
1079 3883 1362 3955 implevit,
1399 3883 1655 3940 tribunal
1679 3885 1922 3957 quidem
1958 3893 2013 3942 et
2051 3887 2214 3943 thro-

561 3989 708 4030 num
733 3973 998 4029 altiorem
1030 3973 1142 4029 sibi
1171 3979 1542 4038 construens,
1568 3989 1689 4030 non
1725 3981 1784 4029 ut
1815 3975 2024 4030 Christi
2043 3975 2213 4031 disci-

562 4064 762 4134 pulus,
789 4069 1082 4118 secretum
1107 4079 1248 4118 vero
1281 4063 1452 4118 sicuti
1485 4063 1692 4118 mundi
1722 4063 2021 4136 principes
2038 4071 2091 4120 et
2113 4065 2215 4120 ha-

563 4151 715 4207 bens
747 4157 800 4208 et
851 4153 1173 4207 nominans
1206 4153 1322 4223 (2):
1359 4151 1738 4226 subindeque
1788 4151 1982 4208 femur
2028 4169 2216 4210 manu

562 4240 836 4313 pulsans,
870 4247 924 4296 et
955 4247 1302 4312 suggestum
1342 4241 1596 4313 pedibus
1627 4241 1924 4313 quatiens.
1959 4241 2130 4310 Quod
2166 4245 2214 4298 si

562 4330 663 4402 qui
702 4330 830 4385 haec
859 4345 982 4384 non
1030 4329 1365 4394 laudarent,
1399 4339 1454 4385 et
1507 4331 1670 4402 quod
1720 4329 1780 4385 in
1809 4330 2050 4387 theatris
2086 4332 2216 4390 ﬁeri

562 4417 730 4484 solet,
763 4419 1097 4474 orariorum
1147 4423 1204 4473 et
1243 4418 1568 4475 fasciarum
1604 4421 1867 4476 teuuium
1889 4420 2214 4490 jactatione

562 4513 618 4565 et
635 4509 1031 4564 concussione
1051 4523 1173 4563 non
1191 4507 1646 4580 applauderent,
1677 4509 1854 4580 quive
1877 4525 1998 4564 non
2020 4509 2214 4566 accla-

561 4603 815 4668 marent,
863 4604 1042 4671 atque
1083 4597 1286 4653 itidem
1317 4603 1377 4653 ut
1405 4598 1507 4670 qui
1538 4598 1695 4654 circa
1742 4599 1942 4670 ipsum
1975 4600 2216 4655 stabant

561 4685 839 4744 factionis
889 4688 1016 4758 ejus
1046 4686 1366 4756 exsilirent,
1399 4687 1476 4742 ab
1509 4687 1592 4742 eis
1643 4686 1748 4741 sibi
1779 4687 2062 4758 injuriam
2088 4687 2213 4744 ﬁeri

565 4776 836 4850 putabat.
869 4778 960 4833 Sic
986 4776 1144 4831 enim
1168 4781 1223 4830 et
1251 4775 1356 4830 viri
1384 4781 1441 4831 et
1463 4775 1734 4831 mulieres
1756 4777 2212 4833 concionantem

560 4866 840 4923 indecore
869 4865 1200 4921 admodum
1225 4864 1570 4920 audiebant.
1607 4863 1784 4938 425
1819 4868 2007 4938 Atque
2035 4867 2091 4921 in
2112 4882 2212 4922 eos

563 4956 690 5028 qui,
721 4961 784 5011 ut
812 4955 872 5011 in
895 4955 1078 5011 domo
1111 4955 1232 5026 Dei,
1265 4959 1418 5010 statu
1442 4957 1708 5025 corporis
1738 4955 1815 5010 ad
1843 4971 2086 5025 gravem
2109 4955 2212 5010 de-

547 5051 920 5118 .centemque
948 5044 1220 5101 habitum
1251 5045 1587 5117 composito
1613 5045 1906 5110 sederent,
1940 5045 2212 5100 acerbius

632 5172 712 5243 (l)
759 5169 1126 5226 Ducenarius
1179 5169 1462 5243 princeps
1503 5169 1682 5226 ofﬁcii
1739 5169 1866 5233 fuit,
1925 5169 2016 5226 vel
2049 5170 2213 5242 apud

559 5241 904 5315 praefectum
933 5242 1345 5315 Augustalem,
1379 5241 1468 5297 vel
1493 5243 1656 5315 apud
1697 5243 1976 5298 comitem
2007 5241 2211 5298 Orien-

561 5313 651 5380 tis,
685 5315 778 5370 vel
803 5315 985 5370 etiam
1025 5314 1190 5385 apud
1219 5314 1366 5370 alios
1397 5313 1840 5385 provinciarum
1873 5315 2207 5384 praefectos,

559 5389 782 5444 ascitus
815 5402 886 5441 ex
915 5385 1120 5441 schola
1151 5385 1452 5454 agentium
1503 5387 1560 5440 in
1593 5387 1792 5451 rebus,
1826 5386 1930 5454 qui
1959 5385 2212 5441 adorata

559 5459 874 5515 clementia
895 5457 1208 5529 principali
1230 5473 1367 5512 cum
1389 5456 1726 5526 insignibus
1757 5456 1976 5513 exibat.
2012 5457 2064 5511 Is
2097 5457 2212 5513 sub

560 5547 622 5585 se
669 5529 932 5586 habebat
971 5529 1466 5596 Cornicularium,
1497 5529 1866 5594 Adiutorem,
1899 5530 2214 5584 Commen-

559 5603 900 5670 tariensem,
927 5600 1017 5658 Ab
1044 5601 1216 5668 actis,
1237 5600 1640 5668 Numerarios,
1681 5602 2059 5672 Exceptores,
2081 5605 2204 5658 etc.

2325 509 2534 568 δίκαιον
2564 517 2788 588 ἥγημαι.

2940 815 3182 874 [ΕΦΑΛ.
3227 815 3307 868 Λ’.

2323 910 2670 982 ⁹Ετιτιστολή
2702 932 2772 984 τῆ
2797 921 2906 996 ςᾼὲν
2939 923 3310 996 Ἀντιοχείᾳ
3348 918 3648 996 συνόδου,
3677 925 3769 996 τὴν
3791 932 3860 974 τοῦ

2323 1000 2742 1068 Σαμοσατέως
2801 990 3206 1068 διηγουμὲνῆ
3262 990 3624 1046 ἀκόλαστον
3681 990 3861 1049 diuisi.

2391 1123 2469 1173 Τά
2514 1123 2604 1192 μὲν
2653 1116 2739 1172 οὖν
2785 1118 2915 1172 ἄλλα
2940 1124 3167 1192 παρήσω
3198 1161 3210 1174 .
3245 1121 3346 1174 ὅσα
3396 1115 3444 1170 δ’
3499 1117 3561 1169 ἂν
3609 1120 3690 1169 τὸν
3729 1115 3864 1171 ἐκείνου

2321 1210 2390 1270 ὡς
2470 1209 2520 1261 ἐν
2597 1213 2767 1281 στήγῃ
2847 1205 2957 1281 βίον
3013 1203 3438 1280 διαγορεύουσιν,
3517 1202 3866 1280 ἐπιδραμοῦμαι,

2319 1306 2500 1352 τοῦτον
2531 1300 2866 1370 ὑφηγούμενοι
2897 1301 2981 1350 τὸν
3031 1303 3220 1372 τρόπον
3252 1315 3265 1327 ·
3303 1320 3330 1348 ι(
3381 1296 3556 1350 Ὅπου
3597 1314 3654 1368 γε
3691 1295 3868 1354 ἀποστὰς

2319 1395 2408 1440 τού
2456 1394 2687 1454 κανόνος,
2737 1390 2820 1439 ἐπὶ
2872 1383 3103 1444 κίϐδηλα
3153 1391 3245 1438 καὶ
3297 1387 3424 1438 νόθα
3479 1381 3774 1458 διδάγματα
3795 1404 3870 1456 μετ-

2321 1477 2580 1546 ελήλυθεν,
2657 1473 2808 1529 οὐδὲν
2889 1473 2974 1529 δεῖ
3055 1483 3148 1528 τοῦ
3227 1476 3322 1538 ἔξω
3373 1477 3522 1536 ὄντος
3572 1477 3666 1536 τὰς
3711 1475 3870 1548 spagit;

2321 1571 2549 1641 κρίνειν·
2612 1563 2728 1618 οὐδ’
2785 1566 2868 1618 ὃτι
2927 1570 3178 1640 πρότερον
3231 1569 3382 1626 πένης
3437 1565 3507 1615 ὢν
3561 1567 3648 1615 καὶ
3695 1569 3871 1636 πτυχὰς,

2321 1656 2443 1729 μήτ’
2505 1655 2560 1708 ἐκ
2624 1661 2858 1730 πατέρων
2925 1653 3238 1730 παραλαϐὼν
3319 1651 3587 1726 μηδεμίαν
3667 1653 3872 1722 εὐπορία,

2321 1841 2408 1886 νῦν
2461 1835 2532 1895 εἷς
2597 1832 2982 1908 ύπερϐἁλλοντα
3031 1831 3250 1884 πλοῦτον
3312 1830 3554 1889 ἐλήλακεν
3607 1829 3657 1892 ἐξ
3705 1827 3874 1901 ἀνομιῶν

2321 1928 2411 1976 καὶ
2471 1923 2768 1998 ἱεροσυλιῶν
2800 1940 2814 1952 ·
2875 1927 2960 1974 καὶ
2995 1921 3062 1972 ὧν
3123 1919 3333 1973 ἀπαιτεί
3387 1925 3477 1971 καὶ
3540 1915 3748 1971 διασείει
3791 1923 3876 1976 τοὺς

3373 2005 3755 2080 ἀδικουμένους,
3813 2013 3874 2059 ui

3475 2095 3778 2171 ψευδόμενος
3837 2095 3876 2148 δὲ

2325 2010 2546 2086 ἀδελφοῦ
2557 2035 2596 2078 ς,
2673 2011 2871 2086 καταϐρ
2881 2010 3073 2063 αϐεύων
3160 2014 3276 2070 τούς

2323 2105 2740 2175 ὑπισχνούμενος
2807 2100 3094 2174 βοηθήσειν
3171 2101 3409 2172 μισθοῡο

2323 2197 2410 2244 καί
2469 2194 2700 2256 τόύτους,
2759 2195 2850 2243 καὶ
2901 2192 3071 2264 μάτην
3128 2191 3485 2261 καρπούμενος
3556 2190 3648 2245 τήν
3711 2194 3792 2238 τῶν
3843 2184 3874 2236 ἐν

2327 2301 2628 2358 πραγμασιν
2685 2285 2839 2333 ὄντων
2887 2279 3196 2352 ἑτοιμότητα
3251 2281 3375 2351 πρὸς
3427 2280 3485 2328 τό
3531 2273 3750 2338 διδόναι,
3783 2277 3874 2344 ὑπὲρ

2325 2370 2624 2442 ἀπαλλαγῆς
2701 2378 2800 2421 τῶν
2876 2367 3247 2441 ἐνοχλούντων,
3317 2369 3582 2438 πορισμὸν
3653 2367 3876 2436 ἡγούμενος

2323 2465 2416 2520 τὴν
2495 2458 2784 2512 θεοσέϐειαν
2815 2479 2829 2491 ·
2908 2463 2998 2511 καὶ
3071 2461 3187 2510 οὗτε
3241 2459 3304 2517 ὡς
3359 2455 3544 2527 ὑψηλὰ
3614 2461 3768 2527 φρονεί
3814 2459 3878 2504 καὶ

2324 2551 2613 2622 ὑπερῆρται
2710 2549 2944 2620 κοσμικά
3033 2545 3308 2619 ἀξιώματα
3386 2541 3748 2616 ὑποδυόμενος,
3815 2549 3878 2593 καὶ

2326 2635 2657 2713 δουκινάριος
2723 2637 2913 2710 μᾶλλον
2979 2637 3008 2696 ἣ
3068 2633 3351 2697 ἐπίσκοπος
3411 2634 3570 2686 θέλων
3639 2633 3876 2700 καλεῖσθαι,

2325 2733 2414 2780 καὶ
2465 2730 2630 2780 σοϐῶν
2676 2729 2812 2778 κατά
2861 2735 2954 2788 τῆς
3013 2725 3230 2796 ἀγορᾶς,
3281 2729 3370 2775 καὶ
3421 2721 3698 2783 ἐπιστολὰς
3743 2720 3876 2791 ἀναγι-

2324 2824 2534 2869 νώσκων
2590 2820 2678 2868 καὶ
2725 2817 3057 2889 ὑπαγορεύων
3115 2813 3245 2886 ἅμα,
3299 2809 3543 2886 βαδίζων
3585 2808 3876 2884 δημοσὶαχαὶ

2328 2903 2788 2980 δορυφορούμενος,
2849 2913 2946 2957 τῶν
3001 2906 3090 2975 μὶν
3157 2905 3640 2978 προπορευομένων,
3701 2909 3786 2953 τῶν
3839 2895 3878 2950 δὲ

2326 2994 2640 3068 ἔφεπομένων
2691 2993 2887 3046 πολλῶν
2945 2995 3032 3046 τὸν
3104 2989 3323 3066 ἀριθμόν
3358 3032 3372 3044 .
3431 2993 3502 3052 ὡς
3569 2994 3658 3042 καὶ
3701 2992 3782 3046 τήν
3821 2992 3878 3038 τί·

2329 3104 2442 3136 στιν
2473 3085 2772 3156 φθονεῖσθαι
2825 3087 2914 3134 καὶ
2965 3083 3243 3154 μισεῖσθαι
3292 3076 3386 3132 διὰ
3437 3081 3528 3130 τόν
3585 3083 3730 3150 ὄγκον
3763 3079 3878 3128 αὑτοῦ

2326 3179 2416 3226 καὶ
2462 3174 2554 3232 τήν
2606 3174 2957 3244 ὑπερηφανίαν
3009 3178 3105 3234 τῆς
3154 3165 3383 3244 καρδίας
3409 3188 3422 3201 ·
3457 3173 3580 3221 οὕτε
3609 3171 3698 3226 τήν
3735 3168 3775 3219 ἑν
3803 3171 3880 3223 ταῖς

2325 3263 2784 3322 ἐκκλησιαστικαῖς
2857 3257 3098 3322 συνόδοις
3169 3263 3453 3332 τερατείαν,
3510 3259 3574 3318 ἣν
3627 3261 3880 3330 μηχανᾶται

2328 3348 2625 3415 δοξοκοπῶν
2678 3355 2768 3403 καὶ
2827 3357 3279 3422 φαντασιοκοπῶν,
3335 3353 3428 3400 καὶ
3489 3349 3590 3409 τάς
3646 3355 3738 3398 τῶν
3797 3343 3880 3395 ἁκε-

2325 3445 2601 3514 ραιοτέρων
2662 3439 2848 3512 ψυχὰς
2913 3446 3023 3500 τοῖς
3095 3439 3348 3498 τοιούτοις
3411 3435 3730 3504 ἐκπλήττων,
3775 3431 3880 3506 βῆμα

2325 3533 2414 3602 μὲν
2481 3535 2571 3582 καὶ
2645 3531 2820 3602 θρόνον
2868 3527 3067 3599 ὑψηλὸν
3149 3527 3316 3598 ἐαυτῷ
3387 3525 3876 3595 κατασκευασάμενος,

2325 3619 2430 3691 οὐχ
2485 3622 2555 3680 ὡς
2607 3625 2843 3693 Χριστοῦ
2901 3619 3162 3690 μαθητὴς,
3221 3620 3471 3690 σίκρητον
3533 3613 3596 3669 δὲ
3665 3616 3812 3685 ὥσπερ
3848 3613 3878 3661 οἱ

2325 3717 2416 3761 τού
2473 3713 2676 3780 κόσμου
2725 3707 2982 3780 ἄρχοντες
3029 3709 3168 3779 ἔχων
3221 3725 3276 3757 τε
3301 3711 3391 3758 καὶ
3422 3704 3693 3778 ὀνομάζων
3717 3722 3729 3732 ·
3759 3705 3876 3755 παίων

2325 3817 2378 3852 τε
2423 3806 2482 3872 τῇ
2533 3801 2678 3871 χειρὶ
2734 3801 2821 3850 τόν
2853 3799 3041 3870 μηρὸν,
3089 3801 3177 3848 καὶ
3224 3799 3281 3848 τό
3335 3791 3487 3868 βῆμα
3536 3795 3768 3870 ἀράσσων
3804 3799 3878 3850 τοῖς

2323 3893 2452 3941 ποσί
2485 3905 2498 3917 ’
2553 3892 2644 3940 καὶ
2691 3893 2796 3947 τοῖς
2843 3891 2913 3960 μή
2967 3889 3240 3939 ἐπαινοῦσι
3288 3881 3428 3958 μηδὲ
3495 3887 3669 3958 ὧσπερ
3721 3881 3762 3935 ἐν
3806 3887 3876 3939 τοῖς

2327 3979 2556 4052 θεάτροις
2605 3979 2741 4028 κατὰ
2798 3980 3003 4028 σείουσι
3044 3983 3160 4038 ταῖς
3186 3973 3411 4040 ὀθόναις,
3439 3971 3582 4047 μηδὲ
3624 3973 3815 4026 ἐκϐοῶσὶ
3843 3987 3876 4033 τε

2324 4071 2413 4118 καὶ
2466 4061 2782 4124 ἀναπηδῶσι
2838 4067 2976 4116 κατὰ
3023 4067 3087 4116 τὰ
3139 4065 3275 4116 αύτά
3321 4070 3426 4124 τοῖς
3458 4063 3588 4136 ἀμφ’
3617 4061 3756 4114 αὑτὸν
3783 4077 3875 4111 στα·

2326 4161 2579 4216 σιώταις’
2633 4151 2862 4228 ἀνδράσι
2912 4174 2966 4207 τε
3015 4157 3108 4206 καὶ
3163 4157 3399 4223 γυναίοις
3455 4151 3700 4225 ἀκόσμως
3759 4149 3876 4206 οὕτως

2325 4241 2670 4319 ἀκροωμένοις
2703 4261 2716 4274 °
2769 4251 2879 4306 τοῖς
2929 4239 2980 4296 δ’
3048 4239 3135 4295 οὖν
3180 4245 3250 4304 ὡς
3303 4241 3350 4294 ἓν
3403 4245 3530 4316 οἴκῳ
3585 4240 3716 4295 Θεοῦ
3747 4256 3875 4311 σεμνο-

2323 4339 2616 4408 προσὼπως
2698 4339 2787 4385 καὶ
2865 4331 3089 4394 εύτάκως
3169 4333 3450 4383 ἀκούουσιν
3525 4334 3763 4402 ἐπιτιμῶν
3818 4327 3877 4376 ιιιὶ

2324 4421 2622 4495 ἐνυϐρίζων,
2703 4426 2793 4474 καὶ
2863 4421 2930 4482 εἰς
2997 4425 3121 4482 τοὺς
3197 4419 3508 4481 ἀπελθόντας
3565 4419 3620 4472 ἐκ
3673 4425 3753 4472 τοῦ
3790 4415 3872 4488 βίον

2323 4515 2508 4565 τούτου
2573 4519 2831 4583 παροινῶν
2906 4509 3161 4582 ἐξηγητὰς
3207 4515 3300 4560 τοῦ
3349 4508 3528 4580 λόγου,
3587 4503 3872 4582 φορτικῶς

2322 4608 2395 4672 τῷ
2449 4607 2624 4671 κοινῷ,
2683 4605 2774 4652 καὶ
2822 4598 3285 4674 μεγαλορρήμονῶν
3357 4603 3476 4672 περὶ
3523 4593 3870 4650 ἐαυτοῡ’καὸἐ·

2325 4708 2415 4765 περ
2465 4689 2560 4742 οὐκ
2603 4687 2905 4754 ἐπίσκοπος,
2949 4687 3077 4740 ἀλλὰ
3124 4691 3380 4760 σοφιστής
3421 4691 3510 4740 καὶ
3575 4691 3694 4760 γόης
3723 4701 3736 4715 ο
3783 4679 3872 4752 φιλ·

2321 4782 2453 4851 μούς
2524 4797 2577 4833 τε
2638 4783 2758 4841 τοὺς
2821 4779 2912 4850 μὶν
2989 4777 3055 4838 εἰς
3117 4780 3202 4831 τόν
3267 4779 3455 4850 Κύριον
3527 4779 3672 4849 ἡμῶν
3719 4774 3868 4830 Ἰησοῦν

2325 4871 2549 4937 παύσας,
2621 4871 2686 4929 ὡς
2751 4863 2817 4926 δή
2887 4869 3164 4941 νεωτέρους
3237 4871 3327 4918 καὶ
3391 4869 3645 4940 νεωτέρων
3721 4857 3868 4932 ἀνδρῶν

2327 4958 2734 5030 συγγράμματα,
2791 4955 2862 5018 εἰς
2919 4955 3096 5008 ἑαυτὸν
3157 4953 3236 5020 δὲ,
3293 4954 3340 5006 ἐν
3395 4959 3528 5028 μέσῃ
3581 4961 3642 5027 τῇ
3675 4951 3866 5014 ante;

2323 5053 2384 5119 τῇ
2436 5047 2628 5120 μεγάλῃ
2689 5054 2779 5099 τοῦ
2837 5047 3035 5118 Πάσχα
3085 5047 3256 5120 ἡμέρᾳ
3325 5041 3632 5117 ψαλμῳδείν
3681 5045 3866 5113 γυναῖκες

2324 5173 2531 5229 Scotus
2544 5173 2618 5227 de
2633 5171 2972 5242 insignibus
2987 5167 3866 5242 magistratuum.Ducenariorugl
3959 5175 3961 5242 ς

2323 5245 2546 5300 mentio
2573 5244 2635 5299 ﬁt
2663 5244 2724 5298 in
2751 5233 2810 5298 ιῖ.
2831 5233 3239 5308 Μαινίσιιῖανη,
3267 5241 3340 5296 de
3369 5247 3568 5310 agent.
3597 5241 3656 5296 in
3685 5239 3787 5293 reb.
3815 5233 3864 5286 1?-

2321 5315 2424 5370 lib.
2457 5315 2599 5386 Cod.
2649 5313 3047 5386 Temporibus
3097 5315 3332 5376 nostris,
3379 5312 3723 5386 Ducenariis
3743 5317 3862 5386 pares

2322 5385 2760 5494 esseividentur
2790 5375 2960 5458 apud
3011 5400 3180 5455 reges
3211 5389 3268 5440 et
3313 5375 3632 5456 principes,
3681 5375 3862 5438 Cancer
3959 5425 3961 5494 ἱ

2328 5459 2610 5660 ιαῖἐῖἓέκ
2619 5549 2648 5602 ρ
2665 5548 2694 5588 η
2709 5547 2737 5582 τ
2751 5547 2776 5582 ο
2791 5549 2840 5582 ν.
2873 5527 3040 5585 Unde
3067 5527 3388 5594 secretarii,
3423 5531 3480 5583 et
3509 5541 3546 5584 a
3577 5522 3788 5582 secretis
3809 5515 3863 5570 di-

2331 5616 2453 5659 cun
2481 5617 2571 5660 ur.

2331 5616 2571 5660 cuntur.
