4020 6218
144 267 283 323 1189

141 393 578 466 παρασκευάζων,
639 394 707 444 ὧν
763 397 853 446 καὶ
910 391 1138 453 ἀκούσας
1184 393 1245 444 οἶν
1321 412 1396 453 τις
1454 393 1670 465 φρίξειεν
1732 406 1747 423 ⁶
1782 393 1828 446 Α

142 482 229 533 οἷα
288 486 379 533 καὶ
451 485 572 544 τούς
641 483 966 543 θωπεύοντας
1022 481 1178 534 αὐτὸν
1266 481 1584 543 ἐπισκόπους
1650 489 1749 533 τῶν

141 574 342 645 όμόρων
394 569 564 644 ἀγρῶν
621 591 675 624 τε
727 576 815 624 καὶ
857 572 1072 638 πόλεων,
1114 577 1203 624 καὶ
1246 571 1644 645 πρεσϐυτέρους,
1700 573 1748 623 ἐν

138 668 257 722 ταῖς
308 663 436 734 πρὸς
499 663 584 714 τόν
641 661 763 713 λαόν
822 661 1052 734 ὁμιλίαις
1104 664 1325 720 καθίησι
1392 657 1746 733 διαλέγεσθαι.

137 753 237 803 Τόν
294 753 384 822 μὲν
440 752 540 823 γὰρ
599 753 716 804 Υὶόν
765 758 856 804 τοῦ
909 758 1042 805 Θεοῦ
1101 751 1159 803 ού
1229 750 1474 824 βούλεται
1531 770 1750 822 συνομο-

1285 841 1366 893 ίνα
1431 861 1482 892 τι
1551 841 1746 915 προλα-

1649 933 1748 984 Καὶ

1474 1020 1540 1070 ὧν
1599 1022 1747 1092 ἔπέμ·

135 838 304 910 λογεῖν
356 839 409 902 ἐξ
470 839 689 914 ούρανοῦ
762 840 1157 900 κατεληλυθέναι
1191 861 1204 875 ·

135 925 307 988 εόντες
398 936 496 980 τῶν
566 929 845 1001 μελλόντων
934 931 1300 1004 γραφήσςσθαι
1375 932 1558 1002 θῶμεν.

133 1024 292 1071 τούτο
345 1017 402 1070 ού
455 1017 590 1090 λόγῳ
633 1018 770 1090 ψιλῷ
825 1020 1117 1094 ῥηθήσεται
1147 1037 1159 1050 ·
1217 1019 1322 1071 ἀλλ’
1373 1018 1424 1083 ἐξ

133 1108 308 1180 ψαμεν
393 1109 797 1182 ύπομνημάτων,
877 1107 1142 1162 δείκνυται
1212 1112 1560 1181 πανταχόθεν.
1626 1110 1748 1181 Οὐχ

138 1199 340 1255 ἣκιστα
393 1194 452 1250 δέ
495 1217 598 1250 που
645 1198 782 1269 λέγει
839 1201 1044 1258 Ἰησοῦν
1094 1203 1326 1273 Χριστόν
1373 1201 1600 1252 κάτωθεν
1634 1220 1648 1232 ·
1699 1201 1747 1251 οἱ

137 1281 201 1337 δὲ
265 1285 337 1347 εἰς
399 1285 552 1338 αύτόν
614 1285 894 1358 ψάλλοντες
949 1293 1039 1340 καὶ
1091 1287 1502 1360 ἐγκωμιάζοντες
1567 1287 1618 1339 ἐν
1673 1297 1746 1359 τῷ

131 1372 244 1444 λαῷ
293 1374 506 1446 ἄγγελον
558 1378 644 1427 τόν
704 1376 864 1434 ἀσεϐῆ
917 1374 1242 1429 διδάσκαλον
1291 1377 1459 1428 αὐτῶν
1503 1375 1555 1439 ἐξ
1593 1377 1746 1449 ούρα-

131 1470 229 1515 νοῦ
283 1464 679 1522 κατεληλυθέναι
734 1464 970 1537 λέγουσι.
1039 1467 1142 1521 Καὶ
1191 1474 1358 1518 ταῦτα
1412 1466 1470 1518 ού
1536 1465 1742 1534 κωλύει,

135 1550 265 1604 ἀλλὰ
329 1558 420 1604 καὶ
485 1553 772 1626 λεγομένοις
837 1557 1088 1630 πάρεστιν
1150 1555 1174 1607 ὁ
1236 1557 1579 1627 ὑπερήφανος.
1640 1558 1746 1616 Τάς

1449 1648 1744 1716 Ἀντιοχεῖς

135 1729 480 1803 ὀνομάζουσι,
539 1738 629 1785 καὶ
684 1741 784 1784 τῶν
847 1739 964 1806 περὶ
1033 1737 1186 1786 αὐτόν
1237 1732 1594 1808 πρεσϐυτέρων
1654 1737 1742 1786 καὶ
1781 1749 1821 1804 Β

134 1815 438 1872 διακόνων·
491 1821 563 1882 οἷς
611 1825 700 1873 καὶ
758 1829 910 1874 τούτο
955 1827 1043 1875 καὶ
1101 1824 1166 1874 τά
1209 1821 1338 1874 ἄλλα
1390 1822 1746 1898 ἁμαρτήματα

135 1907 324 1962 ἀνίατα
411 1913 535 1962 ὄντα
605 1914 950 1984 συγκρύπτει,
1031 1907 1284 1973 συνειδὼς
1368 1917 1457 1964 καὶ
1540 1911 1744 1983 ἐλέγξας

136 1998 274 2062 ὃπως
330 1998 515 2060 αύτούς
575 1999 848 2074 ὑπόχρεως
917 2003 1014 2073 ἔχῃ
1047 2020 1061 2033 ο
1131 2006 1247 2074 περὶ
1304 2001 1371 2052 ὧν
1427 2001 1596 2072 λόγοις
1656 2003 1745 2051 καὶ

136 1638 202 1694 δὲ
277 1643 649 1706 συνεισάκτους
726 1643 886 1696 αύτού
959 1652 1228 1716 γυναῖκας,
1311 1646 1378 1706 ὡς

135 2089 310 2162 ἔργοις
367 2085 558 2156 ἀδικεῖ,
632 2093 704 2160 μὴ
755 2089 1053 2158 τολμῶντας
1116 2096 1424 2162 κατηγορεῖν
1480 2097 1553 2159 τῷ
1629 2089 1744 2140 καθ’

1668 2176 1743 2249 ἐφ’

131 2265 176 2334 ᾦ
234 2268 366 2339 πρὸς
419 2274 518 2316 τῶν
582 2268 645 2318 τά
716 2274 938 2320 τοιαῦτα
1005 2266 1295 2327 ζηλούντων
1354 2267 1573 2339 φιλεῖται
1654 2271 1744 2318 καὶ

133 2175 354 2238 ἑαυτούς
409 2175 586 2248 φόϐῳ’
651 2174 780 2228 ἀλλά
827 2183 915 2229 καὶ
973 2178 1254 2240 πλουσίους
1310 2177 1560 2248 ἀπέφηνεν
1595 2195 1606 2206 ·

135 2355 466 2427 θαυμάζεθαι
497 2371 508 2384 ·
579 2358 630 2406 τί
680 2353 740 2406 ἂν
805 2364 972 2408 ταῦτα
1015 2359 1338 2430 γράφοιμεν;
1391 2357 1746 2428 Ἐπιστάμεθα

132 2439 216 2510 δε,
300 2442 562 2516 ἀγαηπτοὶ
636 2447 724 2497 τόν
797 2447 1080 2498 ἐπίσκοπον
1170 2451 1259 2498 καὶ

129 2533 270 2586 ἅπαν
325 2530 666 2606 παράδειγμα
719 2531 848 2586 εἶναι
910 2531 994 2587 δεῖ
1048 2544 1120 2606 τῷ
1169 2535 1355 2593 πλήθει
1398 2538 1600 2588 πάντων
1648 2555 1746 2587 κα-

1353 2449 1412 2498 τό
1500 2448 1744 2520 ἱερατεῖον

1640 2626 1741 2677 ὑπὸ

1585 2714 1633 2764 οἱ
1692 2710 1743 2766 δ’

128 2801 572 2858 ὑπωπτεύθησαν.
630 2798 790 2852 Ὥστε
830 2801 873 2852 εἰ
924 2806 1011 2853 καὶ
1056 2799 1177 2859 δοίη
1229 2821 1309 2864 τις
1351 2802 1490 2873 αὐτῷ
1530 2805 1588 2854 τὸ
1645 2823 1746 2874 μη-

127 2623 230 2675 λῶν
282 2625 464 2697 ἂργων.
523 2628 624 2676 Καὶ
665 2619 788 2676 οὐδὲ
847 2626 1007 2676 ἐκεῖνο
1063 2623 1344 2696 ἀγνοοῦμεν
1387 2645 1402 2659 ο
1462 2625 1577 2676 ὅσοι

128 2719 228 2764 τού
287 2713 610 2782 συνεισάγειν
665 2711 869 2774 ἑαυτοῖς
933 2721 1184 2783 γυναῖκας
1250 2712 1484 2775 ἐξέπεσον
1515 2729 1528 2741 ’

132 2885 223 2943 δὲν
280 2887 493 2962 ἀσελγὲς
542 2897 726 2956 ποιεῖν,
779 2889 908 2942 ἀλλὰ
961 2909 1018 2962 γε
1079 2891 1322 2943 ὑπόνοιαν
1381 2897 1474 2949 τὴν
1533 2890 1587 2942 ἑκ
1653 2899 1743 2943 τοῦ

131 2981 372 3032 τοιούτου
443 2980 751 3051 πράγματος
819 2983 1073 3051 φυομένην
1146 2979 1310 3054 ἐχρῆν
1371 2979 1741 3046 εὐλαϐηθῆναι,

128 3072 205 3140 μή
257 3087 372 3120 τινα
442 3063 796 3140 σκανδαλίσῃ,
862 3071 980 3129 τούς
1036 3064 1095 3120 δε
1144 3073 1234 3120 καὶ
1285 3070 1565 3140 μιμεῖσθαι
1617 3088 1744 3143 προ·
1781 3100 1820 3156 C

126 3156 322 3229 τρέψῃ.
385 3163 502 3218 Πῶς
542 3157 642 3229 γὰρ
699 3155 1088 3218 ἐπιπλήξειενῆ
1145 3158 1497 3216 νουθετήσειεν
1547 3159 1738 3232 ἕτερον,

126 3249 207 3318 μὴ
269 3244 705 3317 σκγκαταϐαίνειν
755 3245 994 3299 ἐπιπλέον
1044 3246 1114 3308 εἰς
1162 3250 1349 3299 ταυτὸν
1401 3251 1612 3318 γυναικὶ
1668 3251 1740 3320 μὴ

129 3334 319 3406 ὀλισθῇ
395 3335 791 3407 φυλαττόμενον,
873 3338 937 3396 ὡς
1018 3339 1314 3410 γέγρπαται
1390 3337 1558 3403 ὅστις,
1618 3341 1742 3408 μίαν

126 3427 226 3497 μὲν
277 3423 567 3482 ἀπέστησεν
633 3420 767 3488 ἠδη,
831 3420 930 3476 δύο
989 3421 1048 3477 δὲ
1109 3423 1457 3496 ἀκμαζούσας
1511 3430 1600 3478 καὶ
1665 3425 1743 3478 εύ-

129 3519 348 3587 πρεπεῖς
399 3516 494 3571 τὴν
547 3511 668 3584 ὄψιν
719 3516 835 3584 ἔχει
879 3513 993 3585 μεθ’
1034 3512 1218 3566 ἑαυτοῦ
1248 3531 1262 3543 ⁸
1306 3515 1401 3565 κᾶν
1441 3513 1564 3587 ἀπίῃ
1614 3534 1738 3581 που,

131 3605 462 3675 συνεπιφέρει
513 3607 603 3654 καὶ
663 3605 874 3667 ταύτας⁹
932 3610 1138 3676 τρυφῶν
1203 3607 1292 3654 καὶ
1358 3603 1743 3675 ὑπερεμπιπλά-

127 3708 322 3764 μενοςς
376 3692 470 3744 Ὧν
527 3695 677 3744 ἕνεκα
751 3692 1062 3752 στενάζουσι
1125 3695 1213 3763 μεν
1292 3696 1382 3744 καὶ
1462 3690 1742 3763 ὀδύρονται

126 3783 317 3842 πάντες
372 3783 490 3834 καθ’
539 3781 798 3843 ἑαυτούς’
865 3781 998 3832 ούτω
1052 3777 1111 3833 δὲ
1155 3785 1248 3838 τὴν
1313 3777 1600 3855 τυραννίδα
1654 3785 1744 3832 καὶ

132 3868 451 3925 δυναστείαν
502 3870 663 3923 αὐτοῦ
719 3868 1054 3942 πεφόϐηνται,
1118 3872 1252 3922 ὥστε
1307 3877 1616 3943 κατηγορεῖν
1667 3874 1740 3942 μὴ

131 3960 330 4033 τολμᾷν
361 3977 374 3991 ·
434 3958 561 4012 ἀλλά
629 3967 795 4012 ταῦτα
847 3963 958 4032 μεν,
1035 3963 1103 4021 ὡς
1169 3960 1467 4032 εἰρήκαμεν,
1535 3961 1738 4012 εὔθυνεν

133 4051 201 4101 ἄν
275 4068 356 4111 τις
437 4053 522 4102 τόν
599 4045 790 4122 ἄνδρα,
858 4053 914 4102 τὸ
989 4056 1112 4120 γοῦν
1172 4054 1411 4124 φρόνημα
1466 4049 1742 4102 καθολικόν

139 4141 336 4210 ἔχοντα
389 4143 479 4191 καὶ
515 4140 1097 4211 σνγκαταριθμούμενος
1148 4141 1272 4210 ἡμῖν
1303 4157 1314 4169 ·
1365 4142 1452 4192 τόν
1494 4135 1553 4192 δε
1603 4139 1744 4214 ἐξορ-

135 4229 444 4300 χησάμενον
503 4232 588 4280 τὸν
653 4232 943 4300 μυστήριον
1006 4231 1096 4280 καὶ
1168 4230 1609 4300 ἑμπομπεύσαντα
1676 4236 1738 4300 τῇ

133 4321 310 4392 μιαρᾷ
363 4319 559 4388 αἱρέσει
611 4324 704 4368 τοῦ
761 4315 988 4388 Ἀρτεμᾶ
1031 4315 1107 4387 (τί
1157 4319 1258 4388 γὰρ
1308 4316 1366 4368 ού
1426 4321 1536 4391 χρὴ
1602 4317 1744 4384 μόλις

133 4410 229 4459 τόν
285 4409 483 4479 πατέρα
529 4404 689 4458 αύτόύ
735 4400 976 4462 δηλῶσαι
1001 4405 1038 4476 ;)
1096 4401 1245 4457 οὐδὲν
1303 4401 1412 4456 δεῖν
1473 4407 1744 4478 ἡγούμεθα

132 4497 337 4548 τούτων
418 4499 538 4556 τοὺς
610 4494 897 4567 λογισμοὺς
952 4493 1210 4548 ἀπαιτεῖν.
1280 4491 1409 4547 Εἶτα
1480 4498 1565 4548 επὶ
1617 4495 1743 4549 τελει

134 4593 233 4646 τῆς
297 4585 572 4644 έπῖστολῆς
637 4588 728 4636 καὶ
785 4582 932 4636 ταῦτ’
1004 4582 1350 4654 ἐπιλέγουσιν.
1409 4605 1437 4634 ‹‹
1491 4583 1744 4655 Ἦναγκά-

137 4675 341 4746 σθημὲν
387 4675 474 4726 οὖν
533 4673 972 4744 ἀντιτασσόμενον
1021 4672 1174 4725 αὐτὸν
1223 4682 1294 4745 τῷ
1343 4680 1479 4746 Θεῷ,
1526 4678 1618 4727 καὶ
1667 4677 1739 4747 μὴ

1780 4448 1822 4501 D

215 4854 292 4923 (3)
321 4849 889 4917 Συνείσακτοι,Ιιοο
911 4855 1017 4915 est,
1045 4849 1741 4923 subiutroductaimeque

135 4921 383 5006 uxores,
428 4939 620 5006 neque
671 4923 1047 5006 concubinae,
1089 4922 1193 4978 sed
1230 4921 1377 4977 tertii
1407 4921 1740 5006 cujusdam

134 4998 377 5068 generis
393 4994 668 5052 mulieres
690 4999 847 5068 sunt,
867 5009 1022 5066 quas
1041 4994 1613 5068 secumpresbyteri,
1628 5000 1738 5068 etc.

133 5064 265 5126 non
321 5069 594 5125 creandw
649 5064 904 5129 sobolis;
949 5081 1144 5137 neque
1195 5064 1462 5121 libidinis
1530 5064 1738 5133 gratia,

133 5142 248 5196 sed
285 5141 530 5211 pietatis
591 5139 804 5203 studio,
851 5145 1148 5211 aut_certe
1187 5138 1420 5211 pietatis
1454 5143 1742 5211 praetextu

135 5207 442 5267 fovebant.
468 5211 546 5265 De
563 5211 782 5280 quibus
806 5208 1086 5280 praeclara
1117 5207 1308 5263 exstat
1334 5207 1742 5280 Chrysostomi

132 5282 409 5339 homilia.
433 5279 678 5335 Ruﬁnus
708 5283 767 5335 in
794 5279 1129 5334 Canonibus
1160 5281 1408 5333 Nicaeum
1434 5279 1649 5350 synodi
1680 5281 1741 5333 in

133 5353 370 5412 Eccles.
419 5351 555 5408 hist.
587 5351 690 5406 lib.
727 5367 785 5416 ι,
825 5365 958 5420 cap.
1010 5353 1062 5414 6,
1114 5354 1426 5406 extraneas
1466 5350 1740 5406 mulieres

132 5426 331 5481 vertit.
365 5423 543 5481 Sicuti
568 5424 747 5478 etiam
778 5428 1082 5477 extraneae
1108 5423 1386 5476 dicuntur
1416 5423 1475 5476 in
1500 5421 1562 5476 L.
1585 5422 1740 5478 Eum

135 5497 342 5571 ᾳιιί,(;.
376 5495 450 5571 de
480 5495 663 5571 episc.
683 5492 1032 5571 e‘t_cler.Vid.
1065 5492 1738 5571 GregoriusTheologus

135 5563 221 5628 ad
261 5563 664 5640 virgines'Deo
690 5565 937 5631 dicatas,
969 5569 1178 5622 contra
1197 5563 1701 5621 subiutroductas.

1202 266 1765 323 ECCLESIASTICJE
1810 264 2164 321 HISTORI/E
2207 265 2344 321 LIB.
2388 267 2482 322 VI.

3381 267 3520 322 1190

1861 407 1998 447 cum
2029 391 2391 447 contumelia
2447 389 2862 447 invehebatur.
2904 391 3185 447 Doctores
3235 391 3412 448 etiam
3463 397 3520 448 et

1858 486 2232 536 enarratores
2290 480 2475 545 verbi,
2532 481 2636 552 qui
2695 497 2768 536 ex
2814 480 2928 536 hac
2967 481 3086 536 vita
3138 481 3517 551 migrassent,

1859 569 2195 641 petulanter
2220 569 2662 640 proscindebat.
2693 568 2899 625 Gravis
2927 573 2982 624 et
3009 568 3293 625 molestus
3324 570 3384 625 in
3410 586 3521 641 pu-

1856 658 2034 724 blico,
2067 665 2123 714 et
2179 657 2498 727 magniﬁca
2551 658 2624 714 de
2673 657 2870 729 seipso
2903 658 3250 730 praedicans,
3284 674 3400 714 non
3459 664 3521 716 ut

1857 750 2199 820 episcopus,
2220 747 2326 802 sed
2356 747 2625 819 sophista
2652 753 2706 802 et
2736 747 3310 817 impostor.Psalmis
3341 764 3520 820 porro

1857 837 1931 892 de
1962 837 2213 892 Domino
2255 843 2456 892 nostro
2488 839 2623 892 Jesu
2649 836 2972 906 abrogatis,
3007 843 3296 909 tanquam
3319 853 3521 894 recen-
3579 896 3594 912 ,

1857 926 2036 992 tibus,
2087 932 2144 982 et
2186 943 2221 982 a
2276 926 2706 982 recentioribus
2773 927 3139 998 compositis,
3196 926 3255 983 in
3321 927 3520 985 media

1856 1015 2356 1086 ecclesia,magno
2382 1015 2477 1070 die
2511 1014 2747 1070 Paschte
2795 1015 2869 1069 de
2901 1016 3096 1086 seipso
3137 1015 3519 1072 mulierculas

1854 1104 2064 1160 laudes
2090 1111 2331 1161 cantare
2363 1103 2888 1176 instiiuebat,quas
2918 1120 3096 1160 nemo
3121 1106 3246 1160 sine
3272 1105 3518 1162 horrore

1855 1194 2172 1250 audiverit.
2232 1193 2759 1260 Quemadmodum
2821 1193 3022 1258 etiam,
3079 1200 3141 1248 ut
3179 1194 3252 1249 de
3299 1211 3359 1250 se
3409 1211 3519 1266 pro

1856 1285 2141 1340 concione
2167 1284 2244 1339 ad
2295 1283 2587 1356 populum
2621 1282 2904 1348 dicerent,
2935 1299 3006 1337 ex
3061 1281 3334 1338 ﬁnitimis
3359 1287 3520 1353 agris

1855 1378 1910 1428 et
1939 1373 2205 1444 oppidis.
2237 1389 2342 1443 per
2382 1372 2851 1427 assentationem
2901 1371 3015 1426 sibi
3043 1372 3358 1428 adulantes
3400 1374 3522 1444 epi-

1855 1478 2072 1534 sc0pos
2103 1469 2160 1517 et
2198 1462 2581 1534 presbyteros
2629 1461 2929 1516 summisit
2975 1468 3154 1533 atque
3201 1462 3516 1533 disposuit.

1854 1551 2064 1606 Filium
2099 1553 2342 1624 quidem
2380 1552 2628 1618 Dei,non
2670 1550 2793 1605 vult
2825 1549 3139 1606 nobiscum
3174 1552 3456 1624 proﬁteri,
3487 1569 3518 1607 e

1854 1640 2002 1696 cmlo
2048 1641 2464 1696 descendisse:
2501 1648 2562 1694 ut
2587 1639 2814 1710 aliquid
2880 1656 3090 1694 earum
3135 1656 3329 1695 rerum
3382 1657 3518 1712 quae

1855 1735 2067 1802 postea
2083 1729 2436 1793 scribentur,
2455 1734 2942 1800 praeoccupantes
2955 1728 3204 1784 afferam
3217 1746 3282 1784 us
3303 1747 3314 1784 :
3336 1729 3518 1802 idque

1855 1835 1975 1874 non
2011 1818 2188 1874 nudis
2219 1835 2253 1874 a
2294 1818 2467 1873 nobis
2489 1818 2722 1872 dicetur
2753 1816 3081 1883 verbis,sed
3115 1834 3186 1873 ex
3214 1834 3519 1874 commen-

1855 1908 2040 1973 tariis,
2069 1923 2222 1978 quos
2253 1907 2330 1962 ad
2360 1923 2464 1962 vos
2505 1905 2800 1971 misimus,
2853 1908 3102 1962 omnino
3141 1907 3516 1979 probabitur.

1854 1998 1985 2052 Non
2019 1997 2218 2051 minus
2250 2011 2390 2051 vero
2417 1996 2594 2051 etiam
2637 1995 2860 2050 alicubi
2906 1995 3070 2064 dicit,
3099 1997 3303 2051 Jesum
3330 1996 3519 2051 Chris-

1856 2091 2014 2141 stum
2049 2103 2079 2140 e
2107 2092 2258 2142 terra
2297 2091 2493 2140 ortum
2517 2083 2941 2150 habuisse.Qui
2971 2092 3171 2141 autem
3203 2086 3262 2140 in
3293 2086 3518 2158 populo

1856 2175 2105 2247 psalmis
2143 2180 2198 2229 et
2223 2173 2504 2228 laudibus
2542 2172 2799 2245 impium
2836 2173 2994 2227 hunc
3031 2173 3336 2228 hominem
3369 2174 3516 2229 cele-

1853 2264 2050 2329 brant,
2089 2262 2371 2332 angelum
2405 2278 2544 2318 eum
2585 2267 2641 2317 et
2703 2263 3058 2331 magistrum
3101 2265 3178 2317 ad
3210 2278 3270 2318 se
3304 2279 3334 2318 e
3367 2261 3517 2318 ccelo

1854 2352 2236 2408 descendisse
2267 2353 2582 2408 canunt.Et
2612 2350 2737 2406 haec
2764 2350 2856 2405 ille
2888 2351 3362 2422 superbissimus
3394 2367 3517 2407 non

1855 2442 2144 2514 prohibet,
2186 2442 2289 2496 sed
2333 2457 2404 2496 ea
2457 2440 2809 2496 canentibus
2847 2440 3042 2496 adest.
3101 2441 3252 2505 Quid
3307 2447 3512 2497 autem

1854 2532 2134 2587 mulieres
2191 2532 2319 2600 ejus
2379 2528 2874 2584 subiutroductas
2917 2529 3016 2600 (3),
3071 2534 3132 2584 ut
3169 2529 3518 2586 Antiocheni

1855 2622 2171 2676 nominant
2201 2637 2214 2675 :
2246 2619 2392 2692 quid
2451 2619 2580 2690 ejus
2639 2618 3025 2690 presbyteros
3083 2623 3138 2674 et
3177 2619 3512 2676 diaconos:

1854 2710 2076 2782 quibus
2105 2714 2162 2764 et
2183 2710 2295 2764 hoc
2318 2707 2626 2772 delictum,
2655 2713 2708 2763 et
2735 2707 2855 2763 alia
2895 2707 3358 2764 immeeicabilia
3380 2725 3517 2780 pec-

1856 2807 1988 2854 cata
2014 2797 2318 2871 permittit,
2352 2813 2543 2869 eaque
2575 2812 2712 2852 cum
2751 2796 2862 2850 illis
2901 2797 3072 2852 celat.
3108 2798 3382 2852 conscius
3402 2798 3514 2853 sibi

1855 2904 2082 2955 eorum,
2121 2893 2176 2943 et
2214 2886 2391 2942 simul
2432 2885 2562 2941 illos
2611 2885 2685 2941 de
2731 2886 2814 2940 eis
2844 2901 3126 2958 arguens,
3170 2897 3233 2942 ut
3272 2886 3381 2942 sibi
3415 2888 3518 2943 ob-

1853 2978 2065 3033 noxios
2116 2975 2356 3042 habeat,
2381 2975 2656 3031 dicamus
2677 2973 2705 3028 ?
2731 2974 2967 3045 Quibus
2999 2975 3059 3030 in
3084 2975 3283 3042 rebus,
3319 2975 3516 3032 verbis

1855 3066 2033 3122 simul
2082 3071 2138 3122 et
2193 3065 2364 3121 factis
2419 3065 2504 3120 eis
2567 3069 2655 3120 est
2686 3063 2960 3134 injurias,
3023 3065 3182 3135 quod
3237 3080 3516 3121 accusare

1855 3173 2014 3224 eum,
2057 3155 2169 3210 sibi
2225 3155 2372 3226 ipsis
2415 3154 2708 3221 timentes,
2762 3168 2881 3208 non
2934 3153 3217 3210 audeant.
3258 3154 3372 3210 Sed
3412 3171 3517 3211 eos

1853 3245 1949 3300 ille
1975 3259 2217 3317 quoque
2248 3241 2745 3313 collocupletavit.
2781 3243 3156 3315 QuaprOpter
3193 3243 3270 3299 ab
3299 3245 3382 3299 eis
3409 3243 3516 3317 qui

1854 3333 1994 3390 talia
2015 3337 2720 3398 consectantur,amatur,
2742 3339 2798 3386 et
2822 3331 2881 3386 in
2915 3332 3315 3388 admiratione
3335 3333 3518 3389 babe-

1853 3428 1968 3480 tur.
2003 3422 2146 3488 Quid
2166 3422 2596 3492 haecdnquam,
2620 3421 2957 3475 scribamus
2980 3420 3008 3474 ‘I
3027 3423 3258 3478 Scimus
3289 3429 3514 3486 autem,

1852 3512 2070 3577 dilecti,
2101 3512 2454 3583 episcopum
2501 3516 2558 3566 et
2605 3509 3040 3566 sacerdotalem
3073 3511 3347 3566 ordinem
3391 3527 3518 3566 om-

1854 3617 1993 3658 nem
2034 3599 2398 3656 multitudini
2440 3597 2718 3669 exemplo
2754 3614 2886 3653 esse
2934 3599 3153 3654 debere
3213 3599 3514 3655 bonorum

1853 3705 2107 3762 operum
2165 3688 2458 3744 omnium.
2503 3686 2584 3742 Ne
2638 3687 2787 3741 illud
2843 3687 3091 3758 quidem
3141 3688 3513 3757 ignoramus,

1853 3793 2143 3852 perquam
2174 3776 2413 3841 multos,
2456 3775 2551 3847 qui
2583 3775 2695 3830 sibi
2724 3776 3000 3830 mulieres
3035 3776 3518 3832 subintroduxis-

1854 3872 2004 3936 sent,
2035 3867 2290 3938 graviter
2319 3864 2522 3937 lapsos
2551 3881 2678 3919 esse
2701 3883 2714 3917 :
2737 3863 2957 3920 multos
2978 3865 3036 3918 in
3067 3864 3290 3920 foedam
3328 3866 3516 3937 suspi-

1854 3958 2086 4014 cionem
2130 3955 2496 4027 pervenisse.
2531 3956 2719 4026 Atque
2762 3961 2824 4010 ut
2864 3956 3291 4022 concedamus,
3322 3969 3512 4011 unum

1853 4045 2117 4118 aliquem
2164 4044 2222 4100 in
2266 4043 2366 4100 tali
2398 4060 2459 4099 re
2517 4043 2663 4099 nihil
2713 4048 2881 4114 turpe
2928 4050 3105 4116 atque
3137 4043 3514 4115 impudicum

1853 4135 2220 4192 committere
2249 4150 2262 4190 :
2293 4132 2694 4205 suspicionem
2719 4137 3091 4204 tamen,quae
3119 4147 3189 4188 ex
3211 4132 3514 4204 ejusmodi

1852 4226 2128 4282 convictu
2177 4227 2463 4288 nascitur,
2519 4221 2702 4277 vitare
2761 4228 2997 4292 oportet
3037 4221 3139 4291 (4),
3209 4237 3284 4277 ne
3331 4237 3512 4294 quem

1852 4313 2138 4372 oﬁ'endat.
2168 4319 2272 4368 aut
2300 4311 2377 4367 ad
2424 4311 2820 4366 imitationem
2855 4309 3029 4366 mala:
3060 4311 3514 4367 consuetudinis

1853 4403 2075 4459 incitet.
2109 4400 2287 4474 426
2311 4401 2623 4466 Quomodo
2650 4415 2914 4472 namque
2939 4401 3122 4456 alium
3143 4401 3507 4472 objurgabit,

1853 4492 1947 4549 vel
1976 4491 2265 4560 instituet,
2297 4495 2360 4545 ut
2391 4490 2591 4546 videat
2621 4506 2695 4545 ne
2727 4488 3068 4561 frequenter
3094 4507 3231 4546 cum
3267 4491 3511 4547 muliere

1852 4581 2210 4639 conveniens
2241 4579 2498 4644 labatur,
2528 4579 2698 4635 sicuti
2725 4581 3014 4651 scriptum
3046 4587 3150 4644 est,
3191 4581 3295 4652 qui
3325 4595 3509 4636 unam

1851 4671 2100 4744 quidem
2119 4670 2245 4742 jam
2267 4669 2614 4742 repudiarit,
2643 4668 2797 4726 duas
2847 4673 3051 4726 autem
3099 4675 3266 4726 aetate
3297 4668 3513 4727 ﬂoren-

1924 4848 2000 4921 (Ii)
2034 4851 2176 4920 Cap.
2208 4850 2242 4903 3
2285 4847 2501 4905 Nicmni
2541 4847 2774 4903 concilii
2809 4867 2820 4907 :
2853 4867 2881 4899 ‹‹
2914 4847 3216 4904 Interdixit
3246 4863 3352 4920 per
3377 4864 3508 4904 om-

1850 4921 1953 4976 nia
1981 4928 2189 4976 sancta
2205 4921 2495 4992 synodus,
2523 4937 2643 4975 non
2662 4921 3110 4992 episcopomon
3130 4921 3505 4992 presbytero,

1850 5008 1973 5048 non
2008 4991 2285 5056 diacono,
2314 5009 2428 5047 non
2460 4993 2851 5054 subdiacono,
2885 5007 3005 5045 non
3037 4991 3213 5045 alicui
3256 4991 3508 5048 omnino

1849 5067 1966 5135 qui
2009 5065 2068 5118 in
2114 5063 2270 5120 clero
2335 5070 2442 5135 est,
2507 5063 2680 5119 licere
2721 5062 3242 5118 subintroductam
3284 5062 3507 5118 habere

1852 5134 2182 5200 mulierem,
2211 5135 2322 5190 nisi
2353 5134 2497 5190 forte
2530 5141 2633 5190 aut
2659 5139 2932 5198 matrem,
2967 5139 3071 5190 aut
3111 5141 3507 5199 sororem,aut

1852 5207 2126 5274 amitam,
2158 5214 2262 5262 aut
2281 5207 2458 5261 etiam
2486 5221 2586 5260 eas
2644 5204 2896 5260 idoneas
2934 5221 3224 5277 personas
3250 5221 3387 5277 quas
3421 5206 3508 5260 fu-

1851 5277 2016 5348 giant
2052 5278 2483 5349 suspiciones.»
2506 5278 2915 5347 (Distinct.32.)
2938 5275 2985 5326 ί»
3019 5275 3225 5349 Nullus
3256 5275 3505 5349 missam

1849 5347 2058 5406 audiat
2085 5347 2430 5420 presbyteri,
2460 5363 2642 5420 quem
2695 5348 3238 5420 scitconcubinam
3273 5347 3508 5402 indubi-

1851 5427 2044 5478 tantes
2076 5418 2314 5486 habere,
2347 5425 2450 5476 aut
2480 5418 3033 5476 ’subintroductam
3092 5418 3428 5476 mulierem.
3475 5435 3507 5474 η

1850 5493 2056 5565 (lbid.)
