4020 6218
571 213 701 270 1191

1855 211 2242 269 NICEPHOBI
2281 210 2606 268 CALLISTI
3731 215 3828 274 ltili

561 341 650 393 tes
681 341 737 392 et
801 335 992 394 forma
1039 341 1396 409 praestantes
1453 336 1617 410 apud
1671 353 1732 393 se
1783 337 2006 402 foveat,
2041 341 2219 410 atque

2336 339 2537 390 εἴκοντα
2602 334 2996 408 ἔκκηρύξαντες,
3061 334 3229 406 ἕτερον
3293 331 3400 384 ἀντ’
3439 332 3584 385 αὐτοῦ
3632 343 3681 408 τῇ
3725 341 3834 391 καθο-

563 427 766 492 etiam,
800 427 846 482 si
891 427 1178 499 quopiam
1227 432 1342 492 eat,
1405 442 1608 482 secum
1650 426 1852 490 ducat,
1909 427 2220 482 lasciviens

566 522 746 588 atque
776 515 998 570 deliciis
1025 515 1302 571 difﬂuens
1327 514 1355 570 ?
1388 516 1566 587 Cujus
1589 519 1669 570 rei
1697 517 1886 586 gratia
1909 516 1988 586 pii
2011 531 2222 570 omnes

565 621 770 660 secum
821 606 1075 674 graviter
1125 606 1424 677 suspirant
1470 611 1524 660 et
1571 605 1794 674 lugent.
1831 605 1992 660 Adeo
2021 611 2220 660 autem

563 693 952 765 impotentem
1011 695 1142 766 ejus
1201 694 1582 766 tyrannidem
1645 695 2124 762 reformidarunt,
2161 701 2222 750 ut

565 781 764 840 nullus
789 798 1072 838 accusare
1112 800 1246 837 eum
1286 782 1550 838 auderet.
1593 791 1780 854 Atque
1796 783 1922 838 haec
1949 783 2217 854 quidem,

565 871 736 930 sicuti
765 873 1044 936 diximus,
1085 873 1408 944 quisquam
1438 873 1846 926 emendaverit
1871 873 1926 926 in
1963 871 2088 926 viro
2115 871 2218 943 qui

567 959 872 1017 catholicas
901 966 1054 1016 esset
1085 962 1408 1030 sententias,
1433 969 1489 1016 et
1539 961 1734 1016 ordini
1783 967 1990 1016 nostro
2017 976 2222 1015 connu

563 1057 911 1106 mereretur.
953 1050 1017 1105 In
1056 1065 1126 1106 eo
1166 1065 1304 1104 vero
1363 1050 1466 1121 qui
1507 1050 1761 1106 tacenda
1802 1049 2216 1105 enuntiaverit.

563 1139 1038 1210 mysteriumque
1065 1137 1409 1208 prodiderit,
1431 1143 1486 1194 et
1513 1139 1930 1194 detestandam
1945 1139 2218 1194 haeresim

563 1227 904 1284 Artemonis
933 1226 1010 1298 (l)
1053 1231 1184 1297 (cur
1227 1228 1386 1282 enim
1442 1228 1681 1282 tandem
1723 1231 2032 1298 parentem
2090 1227 2219 1298 ejus

2333 425 2452 500 λικῇ
2513 425 2804 496 Ἐκκλησία
2849 431 3186 482 καταστῆσαι
3245 429 3379 475 Θεοῦ
3427 429 3637 494 προνοίᾳ,
3685 428 3734 486 ὡς
3781 449 3832 480 πε.

2332 518 2590 587 πείσμεθα
2631 534 2643 547 ·
2721 518 2808 566 τὸν
2900 520 2988 566 τοῦ
3065 517 3326 586 μακαρίου
3413 519 3730 584 Δημητριανοῡ
3779 527 3832 570 ut

2331 607 2590 677 ἐπιφανῶς
2639 605 2970 679 προστάντος
3025 607 3126 676 πρὸ
3179 605 3366 654 τούτου
3428 610 3516 662 τῆς
3567 603 3702 666 αὐτῆς
3751 626 3832 678 πορ-

2785 699 2997 766 Δόμνον,
3063 692 3232 744 ἅπασι
3295 699 3406 752 τοῖς
3481 699 3726 764 πρέπουσιν
3771 699 3837 747 ἐπι-

2898 787 3305 852 κεκοσμημένον.
3415 777 3743 853 Ἐδηλώσαμέν
3807 805 3837 836 τε

2330 700 2501 757 οικίας
2567 696 2696 758 υἱον,

2332 787 2510 854 σκὸπῳ
2611 782 2790 845 καλοῖς

2330 874 2472 944 ὑμῖν,
2519 873 2656 934 ὅπως
2717 875 2879 944 τούτῳ
2939 874 3192 945 γράφητι,
3261 875 3349 922 καὶ
3409 875 3546 943 παρὰ
3613 875 3760 924 τοῦτον
3803 879 3840 926 τὰ

2330 963 2606 1014 κοινωνικὰ
2691 958 2930 1032 δέχησθε
3021 963 3328 1034 γράμματα.
3406 967 3488 1030 Τῷ
3571 956 3622 1013 δὲ
3682 963 3844 1034 Ἀρτεμᾲ

2329 1049 2480 1110 οὗτος
2530 1049 2865 1102 ἐπιστελλέτω
2899 1068 2911 1080 ·
2973 1054 3062 1100 καί
3109 1051 3158 1100 οἱ
3223 1051 3289 1100 τὰ
3359 1048 3577 1122 Ἀρτεμᾶ
3626 1058 3846 1122 φρονοῦντες

2327 1142 2489 1210 τούτῳ
2541 1143 2970 1193 κοινωνείτωσαν.
3004 1161 3031 1191 ι)
3093 1141 3196 1190 Καί
3247 1140 3314 1190 τὰ
3364 1141 3453 1210 μὲν
3508 1141 3629 1190 κατὰ
3677 1142 3745 1190 τὸν
3785 1147 3847 1191 Σο-

2329 1233 2563 1299 μοσατέα
2593 1228 2793 1281 Παῦλον
2833 1236 3015 1280 τοῦτον
3055 1231 3184 1299 ἔσχε
3221 1231 3308 1280 τὸν
3337 1232 3543 1302 τρόπον.

563 1332 686 1373 non
712 1315 1138 1388 ostendimus?)
1168 1316 1558 1387 producendo
1576 1317 1834 1386 jactarit,
1863 1331 1984 1372 non
2022 1320 2252 1387 oportet
2291 1319 2584 1374 rationem
2639 1318 2846 1375 talium
2876 1317 3228 1373 delictorum
3281 1317 3598 1388 requirere.
3635 1340 3658 1368 »
3693 1317 3850 1374 Deinde

563 1406 626 1464 in
651 1405 771 1462 ﬁne
793 1405 1074 1477 epistolae,
1108 1404 1327 1476 epilogi
1353 1405 1504 1470 loco,
1535 1405 1664 1461 haec
1691 1406 1982 1476 adjiciunt
2009 1423 2022 1460 :
2058 1427 2080 1456 c
2115 1407 2490 1478 Quapropter
2514 1423 2650 1462 cum
2691 1409 2743 1463 is
2777 1413 3082 1479 tantOpere
3117 1409 3232 1462 Deo
3283 1412 3647 1478 repugnaret,
3673 1422 3760 1464 nec
3789 1423 3852 1464 ce-

565 1495 706 1551 dere
743 1495 936 1560 vellet,
967 1511 1037 1551 ea
1065 1494 1239 1550 nobis
1270 1499 1358 1550 est
1409 1496 1688 1566 imposita
1728 1495 2070 1553 necessitas.
2099 1501 2182 1562 ut,
2239 1495 2479 1552 homine
2535 1497 2648 1553 isto
2702 1495 3241 1562 excommunicato,
3292 1495 3480 1552 alium
3537 1511 3634 1567 pro
3665 1512 3739 1562 eo,
3773 1513 3854 1552 non

563 1584 690 1640 sine
723 1585 845 1654 Dei,
879 1584 1050 1639 sicuti
1075 1599 1434 1655 persuasum
1489 1583 1806 1650 habemus,
1861 1583 2258 1656 providentia,
2317 1585 2592 1642 Ecclesiae
2641 1586 2948 1642 catholicae
3001 1585 3444 1658 praeticeremus
3488 1601 3502 1639 :
3547 1585 3685 1641 beati
3713 1589 3856 1640 Deme

562 1673 764 1740 triaui,
795 1673 898 1746 qui
956 1673 1274 1729 Ecclesiam
1333 1688 1468 1728 eam
1530 1679 1666 1729 aute
1709 1674 1870 1730 hunc
1900 1673 2182 1745 praeclare
2253 1674 2710 1741 administravit,
2758 1675 2970 1740 ﬁlium,
3007 1675 3328 1738 Domuum,
3372 1673 3644 1730 omnibus
3691 1676 3857 1746 episco-

573 1763 808 1835 palibus
835 1762 1008 1818 donis
1030 1765 1460 1828 orn.atum.Hoc
1499 1762 1632 1818 ideo
1651 1763 1821 1818 vobis
1853 1763 2224 1834 scripsimus,
2259 1768 2320 1818 ut
2369 1763 2446 1819 ad
2483 1781 2622 1820 eum
2677 1764 3118 1820 communionis
3143 1763 3367 1819 litteras
3399 1764 3566 1829 detis,
3604 1769 3654 1818 et
3683 1779 3856 1819 rursum

565 1853 644 1908 ab
667 1868 738 1908 eo
756 1851 1084 1923 accipiatis.
1130 1853 1559 1908 Samosatenus
1593 1857 1793 1907 autem
1812 1852 1890 1907 ad
1911 1857 2294 1908 Artemonem
2325 1853 2610 1926 epistolas
2643 1855 2885 1923 scribat,
2912 1861 3129 1910 etcum
3155 1867 3224 1908 eo
3264 1852 3574 1925 etiam,qui
3597 1853 3859 1909 Artemonis

565 1941 923 1998 sententiam
958 1940 1238 2012 probant,
1271 1941 1734 1996 communicent.
1768 1943 1913 1997 )Res
1953 1941 2328 1998 Samosateui
2363 1943 2446 1998 sic
2483 1959 2544 1998 se
2572 1942 2934 2000 habuerunt.

1069 2063 1242 2137 427
1280 2065 1502 2121 CAPUT
1535 2067 1717 2120 χχχι.

562 2171 650 2228 De
673 2171 910 2228 Manete
928 2169 1348 2238 heresiarcha,
1365 2186 1402 2227 ιι
1425 2186 1538 2242 quo
1567 2171 1890 2227 Manichzi
1905 2185 2224 2242 cognomen

891 2246 1251 2312 acceperunt
1281 2260 1298 2297 :
1329 2251 1381 2298 et
1410 2243 1482 2299 de
1513 2243 1723 2298 haeresi
1751 2243 1896 2313 ejus.

635 2420 918 2478 Nondum
964 2436 1036 2476 ea
1093 2419 1358 2492 procella
1414 2419 1559 2476 satis
1611 2419 1820 2476 sedata
1849 2421 2041 2490 fuerit,
2087 2436 2227 2478 cum

565 2525 774 2566 rursus
813 2509 950 2578 alia,
988 2511 1183 2581 priore
1213 2509 1400 2564 multo
1427 2510 1656 2575 saevior,
1689 2515 1893 2565 coorta
1923 2509 2110 2572 irruit,
2143 2509 2228 2565 in-

566 2605 774 2670 gentes
805 2597 1022 2654 ﬂuctus
1061 2614 1266 2653 secum
1298 2598 1564 2668 trahens,
1590 2605 1769 2670 atque
1817 2598 2012 2654 acrius
2043 2597 2231 2654 insul-

565 2696 723 2746 tans.
755 2690 808 2743 Is
831 2691 1030 2744 Manes
1060 2687 1137 2758 (2)
1189 2694 1333 2753 erat,
1377 2693 1575 2743 mente
1633 2703 1879 2758 prorsus
1932 2693 2144 2758 captus
2175 2704 2232 2759 et

565 2779 870 2834 insaniens
903 2793 916 2831 :
949 2777 1050 2848 qui
1075 2791 1184 2848 pro
1209 2777 1550 2848 depravata:
1583 2777 1797 2832 mentis
1822 2777 2225 2847 perversitate,

565 2867 964 2936 liuguaetiam
985 2865 1446 2932 armata,verbis
1460 2865 1770 2922 diabolicae
1791 2865 2036 2920 haeresis
2059 2879 2230 2922 vene-

567 2957 812 3022 natis,se
826 2957 884 3010 iu
903 2955 1230 3010 multorum
1250 2955 1486 3010 animos
1501 2955 1579 3010 ad
1592 2971 1800 3009 eorum
1815 2953 2132 3025 perniciem
2145 2955 2229 3010 in—

569 3045 854 3100 sinuavit.
894 3045 1019 3099 Fuit
1052 3051 1252 3099 autem
1285 3047 1458 3098 Persa
1481 3059 1718 3112 genere,
1739 3043 2075 3116 iugumque
2107 3059 2225 3098 ser-

570 3135 766 3189 vitutis
795 3133 976 3203 longo
1001 3133 1173 3188 traxit
1201 3139 1486 3203 tempore.
1513 3141 1592 3188 Ac
1619 3148 1756 3188 cum
1782 3132 2100 3204 derepente
2126 3132 2227 3188 he-

566 3238 786 3278 raesuaa
799 3237 870 3277 ex
889 3227 1240 3276 testamento
1263 3222 1668 3277 hmreditatem
1688 3221 2064 3286 adisset,nou
2087 3238 2227 3277 con-

571 3317 765 3368 tentus
789 3311 898 3366 fuit
929 3309 1196 3365 molliore
1243 3316 1300 3365 et
1346 3308 1738 3376 alﬂuentiore,
1772 3327 1904 3382 qua:
1933 3312 1984 3365 ei
2015 3317 2226 3382 praeter

569 3415 742 3472 spem
771 3400 1086 3469 obtigerat,
1117 3399 1236 3456 vita
1268 3415 1280 3453 :
1311 3405 1366 3454 et
1397 3399 1647 3468 gratiam
1695 3415 1828 3454 eam
1861 3399 2126 3468 largitori
2147 3409 2224 3456 ta-
2256 3408 2296 3462 C
2335 3399 2441 3465 δὼς
2489 3405 2651 3474 χάριν
2685 3419 2698 3432 ο

566 3490 717 3546 lium
748 3506 810 3545 se
849 3487 1068 3544 bebere
1117 3490 1331 3553 sciens,
1353 3489 1818 3544 instrumentum
1847 3504 1931 3554 se,
1962 3495 2224 3560 quantus

567 3586 831 3652 quantus
849 3586 1025 3648 esset,
1057 3579 1317 3634 veritatis
1335 3579 1580 3634 inimico
1604 3577 1983 3650 prmedns,ad
2007 3579 2223 3650 impias

564 3667 807 3725 fabulas
833 3668 1086 3724 divertit.
1121 3670 1183 3723 Et
1212 3668 1334 3723 duo
1360 3669 1624 3739 ingenita
1663 3683 1797 3723 esse
1840 3667 2005 3734 dixit,
2039 3670 2223 3724 Deum

565 3765 622 3814 et
645 3758 954 3814 materiam
986 3777 1000 3818 :
1030 3773 1292 3830 quorum
1313 3757 1479 3812 illum
1515 3756 1732 3823 lucem,
1759 3755 1916 3812 hanc
1949 3758 2224 3813 tenebras

565 3847 894 3920 appellavit
937 3863 949 3902 :
1002 3852 1061 3902 et
1107 3847 1304 3902 lucem
1355 3845 1602 3918 quidem
1645 3847 1893 3912 bonam,
1949 3849 2224 3902 tenebras

567 3936 760 3993 malas
795 3955 808 3995 :
847 3942 1157 4008 utrumque
1191 3943 1393 3992 autem
1429 3935 1676 3992 arbores
1702 3936 2053 4000 nominavit,
2087 3951 2224 3991 con-

569 4031 846 4094 gruentes
895 4025 1147 4081 ferentes
1199 4026 1444 4080 fructus.
1499 4027 1684 4080 Deum
1739 4024 1916 4095 longe
1945 4025 2158 4080 abesse
2189 4040 2225 4082 a

571 4113 839 4180 materia,
872 4120 928 4168 et
959 4115 1274 4170 materiam
1314 4130 1519 4168 rursus
1540 4112 1777 4182 longius
1802 4131 1836 4168 a
1867 4116 2002 4168 Deo.
2035 4113 2225 4170 Deum

569 4204 750 4259 etiam
769 4203 1140 4270 orientalem,
1157 4201 1702 4275 septentrionalem,
1718 4208 1774 4258 et
1793 4202 2224 4258 occidentalem

572 4291 841 4348 obtinere
871 4292 1116 4363 plagam
1151 4308 1163 4347 :
1196 4292 1527 4358 materiam,
1557 4291 1900 4348 australem.
1936 4293 1998 4347 Et
2027 4291 2225 4348 multis

573 4388 784 4453 postea
799 4381 1030 4438 saeculis
1043 4380 1352 4438 materiam
1371 4381 1725 4436 seditionem
1745 4381 2004 4436 movisse
2020 4383 2225 4436 adver-

575 4487 677 4526 sus
706 4469 932 4526 fructus
976 4487 1139 4536 suos,
1199 4471 1647 4541 commissaque
1695 4471 1918 4542 praelia,
1961 4471 2071 4526 hos
2101 4471 2226 4543 qui-

573 4561 712 4616 dem
740 4561 998 4631 tugasse,
1023 4559 1154 4616 illos
1185 4567 1386 4616 autem
1413 4558 1679 4628 fugisse:
1714 4575 1972 4631 eamque
1989 4565 2230 4615 conten-

575 4651 798 4706 tionem
831 4655 887 4705 et
929 4649 1407 4722 persecutionem
1445 4663 1636 4720 usque
1675 4648 1752 4704 ad
1784 4649 1979 4704 lucem
2021 4663 2226 4719 perve-

2961 2069 3205 2119 ΚΕΦΑΛ.
3241 2065 3370 2120 ΛΑ’.

2343 2177 2492 2246 Περὶ
2533 2175 2853 2234 Μάνεντος
2883 2179 2999 2246 τοῦ
3032 2171 3492 2246 αἰρεσιοὲρχογ,
3535 2169 3707 2243 ἆφόὔ
3732 2173 3860 2223 κοιὶοί

2411 2241 2774 2316 Μανιχαῑοι
2825 2249 2939 2302 τὴν
2979 2241 3508 2315 ἒπω-νυμίαννεῖχ
3535 2241 3631 2296 ον·
3682 2249 3863 2303 καὶτῆς

2409 2319 2720 2391 αἱρέσεως
2776 2320 3010 2368 αὒτῶν.

2407 2430 2510 2476 Τοῦ
2560 2419 2619 2476 δὲ
2683 2422 2797 2475 κατ’
2849 2421 3004 2474 αὐτὸν
3057 2418 3319 2482 κλύδωνος
3377 2425 3522 2474 οὔπω
3586 2421 3734 2484 καλῶς
3779 2419 3864 2492 ἁγν-

2339 2512 2632 2584 ϐρίσαντος,
2713 2513 2881 2584 ἕτερος
2937 2507 3089 2572 αὖθις
3145 2510 3372 2586 ἐπεισρεῖ
3441 2511 3610 2582 πολλῷ
3663 2519 3740 2562 τοῦ
3783 2530 3865 2582 spo-

2338 2605 2486 2675 τέρου
2552 2603 2893 2676 τραχύτερος,
2948 2601 3103 2652 ἕλκων
3159 2605 3295 2672 μέγα
3349 2608 3494 2672 κῦμα
3541 2605 3625 2652 καὶ
3659 2597 3866 2672 σφοδρότε-

2883 2691 3064 2751 Μάνης
3133 2690 3278 2751 οὗτος
3344 2685 3427 2756 ἧν,
3496 2691 3522 2742 ὁ
3597 2693 3682 2751 τὰς
3743 2694 3866 2762 φρένας

2339 2785 2514 2852 μανείς
2548 2800 2562 2812 ·
2612 2781 2668 2840 ὃς
2713 2785 2803 2830 καὶ
2859 2787 2920 2852 τῇ
2996 2786 3305 2852 παρατροπῇ
3373 2785 3466 2830 τοῦ
3535 2778 3765 2850 λογισμοῦ
3805 2781 3864 2834 τὴν

2337 2869 2581 2940 γλῶσσαν
2633 2867 3018 2935 καθοπλισθεὶς,
3051 2875 3162 2927 τοῖς
3217 2877 3312 2928 τῆς
3361 2863 3732 2939 δαιμονιώδους
3771 2867 3866 2936 αἱρέ-

2337 2710 2426 2762 ρον
2488 2689 2793 2761 ἐπαιγίζων.

2339 2976 2463 3017 σεως
2529 2957 2782 3031 ῥήμασιν,
2843 2956 2926 3008 ἐπὶ
2994 2956 3130 3028 λύμῃ
3189 2963 3289 3007 τῶν
3365 2956 3568 3008 πολλῶν
3635 2956 3866 3028 εἰσεῳθςιρτ.

2337 3051 2544 3120 Πέρσης
2609 3043 2668 3098 δὲ
2717 3045 2784 3096 ὠν
2830 3049 2887 3097 τὸ
2917 3049 3082 3115 γένος,
3123 3049 3212 3098 τὸν
3244 3053 3339 3106 τῆς
3370 3041 3612 3106 δουλείας
3647 3045 3780 3114 ζυγόν
3819 3047 3867 3094 ἐπὶ

2334 3135 2574 3188 πλεῖστον
2623 3135 2828 3187 εἵλκυσε
2863 3139 3054 3205 χρόνον
3087 3149 3100 3163 ·
3153 3139 3242 3185 καὶ
3273 3131 3342 3192 δή
3385 3153 3512 3186 ποτε
3553 3133 3770 3196 ἐξαπίνης
3791 3133 3868 3188 xi:-

2334 3229 2551 3297 ρονόμος
2587 3233 2682 3286 τῆς
2739 3220 3012 3284 δεσποίνης
3065 3225 3352 3294 γενόμενος,
3399 3223 3494 3276 οὐκ
3549 3225 3722 3295 ἠγάπα
3761 3231 3870 3294 μένειν

2333 3322 2537 3386 τρυφῶν
2583 3313 2706 3387 παρ’
2761 3309 2968 3378 ἐλπίδα,
3029 3321 3102 3382 τῷ
3158 3321 3380 3386 χορηγῷ
3427 3322 3532 3365 τῶν
3581 3315 3794 3364 τοιούτων
3831 3311 3874 3360 ει.

2753 3401 2863 3454 ἀλλ’
2902 3405 3114 3474 ὄργανον
3163 3401 3352 3462 emit;
3407 3410 3500 3454 τοῦ
3566 3411 3655 3464 τῆς
3701 3401 3874 3458 ἀληθείας

2333 3491 2531 3566 ἐχθροῦ
2586 3495 2830 3562 γεγονὼς,
2881 3490 2954 3552 εἰς
3007 3487 3244 3549 δυσσεϐῆ
3299 3491 3614 3563 μυθολογίαν
3667 3491 3870 3564 ἐτράπετο

2337 3587 2437 3634 Καὶ
2477 3577 2574 3633 δύο
2606 3584 2694 3650 μὲν
2742 3579 2994 3650 ἀγέννητοι
3052 3580 3217 3650 ἔλεγεν
3284 3576 3432 3648 εἶναι,
3471 3585 3600 3634 Θεὸν
3643 3585 3724 3632 καὶ
3751 3578 3868 3633 ὓλην

2335 3671 2402 3722 ὧν
2429 3675 2488 3722 τὸ
2527 3673 2619 3741 μὲν
2674 3677 2798 3739 φῶς,
2837 3675 2930 3727 τὴν
2974 3665 3032 3721 δὲ
3086 3669 3212 3726 ὓλην
3254 3673 3440 3730 σκότος
3511 3668 3690 3722 ἐκαλει.
3723 3673 3800 3721 Καὶ
3832 3669 3867 3714 τε
3941 3725 3943 3741 ί

2333 3762 2422 3831 μὲν
2480 3767 2584 3831 φῶς
2640 3756 2852 3829 ἀγαθὸν,
2911 3761 2970 3810 τὸ
3033 3754 3091 3810 δὲ
3131 3761 3316 3820 σκότος
3351 3762 3532 3810 κακόν.
3593 3763 3685 3811 Καὶ
3737 3749 3874 3824 divi}:
3941 3749 3943 3780 ¹

2333 3829 2495 3921 ἄμφω.
2568 3848 2826 3918 ὠνόμαζε,
2918 3845 3300 3918 συμϐαίνοντας
3369 3845 3739 3920 βλασταίνοντα
3797 3847 3872 3899 τοὺς

2333 3940 2589 4012 καρπούς,
2633 3938 2947 4012 Πὸῥρωτέρω
2987 3933 3035 3988 δ’
3091 3935 3220 3989 ἐὶναι
3249 3939 3372 3990 Θεὸν
3411 3943 3507 4000 τὴς
3560 3937 3696 4004 ὕλης,
3723 3939 3795 3988 καὶ
3815 3935 3872 3988 fit!

2335 4027 2460 4085 ὕλην
2515 4022 2664 4088 αὖθις
2723 4024 3029 4101 πορρωτέρω
3069 4033 3228 4082 Θεοῦ,
3293 4027 3397 4080 Καὶ
3449 4030 3537 4078 τὸν
3569 4029 3656 4098 μὲν
3705 4029 3808 4078 Θεὸν
3835 4023 3874 4070 2i:

2335 4117 2438 4188 ἑῷα
2493 4120 2623 4187 μέρη
2674 4119 2835 4187 ἔχειν,
2881 4120 2976 4173 τὴν
3029 4115 3249 4187 ἑσπέραν
3307 4121 3396 4169 καὶ
3447 4119 3517 4168 τὰ
3569 4116 3778 4190 ἀρκτῷα,
3817 4129 3874 4166 πῖ
3941 4135 3943 4190 ἰ

2338 4201 2398 4258 δὲ
2439 4204 2564 4262 ὕλην
2619 4205 2686 4256 τὰ
2722 4210 2890 4261 νότια.
2923 4204 3095 4258 Αἰῶσι
3135 4201 3194 4256 δὲ
3223 4203 3430 4267 πολλοῖς
3469 4205 3683 4276 ὓστερον
3711 4199 3876 4255 διαστα-

2339 4295 2526 4346 σιάσαι
2579 4297 2673 4352 τὴν
2735 4293 2860 4352 ὕλην
2922 4297 3053 4368 πρὸς
3119 4297 3242 4356 τοὺς
3297 4293 3486 4354 ἑαυτῆς
3547 4295 3774 4369 καρπούς.
3815 4290 3876 4340 Καὶ

2339 4381 2682 4458 συρραγέντος
2737 4382 2981 4454 πολέμου,
3037 4385 3160 4444 τοὺς
3219 4385 3309 4454 μὲν
3377 4379 3613 4452 διώκειν,
3688 4385 3787 4441 τοὺς
3841 4375 3874 4426 τῖε

2341 4469 2631 4525 διώκεσθαι
2663 4489 2678 4503 ο
2736 4477 2826 4525 καὶ
2881 4473 3018 4545 ἄχρι
3045 4479 3138 4524 τοῦ
3165 4475 3328 4543 φωτὸς
3377 4475 3582 4544 φθάσαι
3619 4477 3705 4529 τὴν
3733 4465 3872 4528 δίωξιν·

2342 4567 2438 4615 Καὶ
2479 4564 2712 4634 ὁρμῆσαι
2769 4565 2862 4619 τὴν
2915 4561 3038 4619 ὕλην
3095 4563 3232 4613 κατὰ
3277 4569 3370 4613 τοῦ
3425 4567 3594 4632 φωτός
3629 4579 3746 4633 φησι
3797 4557 3877 4626 μετὰ

2337 4659 2436 4703 τῶν
2476 4647 2735 4722 δαιμόνων
2787 4655 2878 4702 καὶ
2935 4658 3026 4702 τοῦ
3063 4653 3226 4724 πυρὸς
3281 4655 3372 4702 καὶ
3429 4658 3524 4702 τοῦ
3575 4647 3787 4707 ὓδατος·
3819 4649 3874 4695 ﬁt?

651 4758 726 4828 (t)
767 4758 1103 4838 Artemoni's
1131 4757 1251 4838 _qui
1283 4756 1359 4836 ab
1401 4755 1652 4838 Eqsebio
1691 4757 1954 4838 Artemas
1993 4755 2226 4838 dicitur,
2263 4767 2306 4823 ι)
2337 4757 2568 4838 reliqua
2589 4755 3708 4838 haereditateUrbicus,quiseManetem
3725 4757 3870 4838 postea

575 4827 677 4884 lib.
713 4844 812 4894 vn,
837 4845 973 4900 cap.
1011 4832 1099 4894 30,
1131 4827 1433 4900 haeresim_
1463 4829 2224 4900 Samosateuusrenovavit.

648 4901 725 4972 (2)
761 4921 790 4951 «
815 4897 1036 4968 Manes,
1067 4899 1173 4972 qui
1200 4903 1258 4954 et
1283 4897 1974 4972 Scythianusdictusest.
2019 4899 2227 4972 Brach-

579 4969 720 5027 man
737 4969 1173 5042 fuitgeuere,et
1212 4969 1637 5042 prmceptorem
1681 4969 1892 5042 habuit
1927 4969 2227 5036 Buddam,

577 5051 753 5100 antea
779 5040 1620 5099 Terebinthum‘nominatum.
1659 5040 1895 5097 Buddas
1930 5043 1988 5096 in
2017 5043 2230 5098 Graecis

577 5115 906 5187 disciplinis
962 5115 1333 5186 Empedoclis
1379 5113 1656 5187 haeresim
1700 5119 2088 5187 estsecutus,
2127 5115 2231 5186 qui

579 5187 700 5242 duo
731 5183 1026 5258 principia
1047 5183 1196 5240 inter
1225 5202 1286 5241 se
1308 5185 1605 5258 contraria
1635 5201 1763 5240 esse
1793 5183 1959 5258 dixit,
1981 5183 2228 5241 Conten-

581 5255 799 5315 tionem
823 5265 878 5314 et
906 5255 1262 5314 Amicitiam.
1309 5260 1368 5311 lu
1411 5255 1643 5312 Perside
1687 5257 1921 5311 Buddas
1945 5275 1975 5311 e
2003 5259 2230 5327 Virgine

580 5347 641 5386 se
664 5332 1014 5399 genitum,et
1044 5331 1104 5384 in
1137 5327 1440 5385 montibus
1469 5328 1791 5384 educatum
1813 5329 2093 5383 mentitus
2123 5333 2229 5390 est,

625 5409 956 5474 uatuorque
976 5401 1316 5472 composuit
1341 5399 1550 5474 libros,
1576 5400 2063 5474 quibusnomiua
2085 5399 2231 5454 indi-

625 5419 956 5474 ualuorque
976 5419 1316 5472 οοωροειιιι
1341 5419 1550 5466 1101⁵08,
1576 5419 1798 5470 QUIBUS
1816 5419 2063 5454 [101111Ηᾶ
2085 5419 2228 5454 ιῐιαι-

577 5419 2228 5544 3η,Μνειενίοηιιηβυαηρειίξ,ΤΙιοοαιινίβαρὶιαιοναηι.

577 5552 627 5602 Α
651 5541 926 5602 daemone
948 5551 1152 5603 autem
1201 5541 1390 5600 tortus
1433 5541 1673 5600 interiit.
1700 5543 1840 5614 Ejus
1865 5541 2056 5599 libros
2091 5558 2232 5600 cuin

2339 4829 2691 4893 nominavit,
2715 4829 2792 4884 ab
2810 4845 2880 4883 ea
2895 4829 3113 4883 femina
3126 4836 3482 4884 consecutus
3505 4835 3871 4897 est,etpro_slll$

2339 4900 2666 4956 venditavit
2693 4919 2705 4958 :
2736 4916 2870 4972 quas
2895 4899 3119 4955 femina
3145 4899 3414 4974 Buddam
3437 4893 3872 4974 foveratpetl'rbi-

2339 4967 2920 5042 cumscptema'nnos
2948 4981 3155 5026 natum
3187 4987 3302 5025 mre
3333 4972 3556 5027 etlibra
3585 4973 3738 5033 emit,
3763 4967 3872 5021 liber
3941 4967 3943 5040 ξ

2341 5050 2578 5098 tateuue
2609 5043 2825 5097 deinde
2860 5043 3151 5098 donatum
3192 5042 3494 5098 haeredem
3523 5042 3832 5097 instituerat.
3859 5051 3872 5078 ι

2339 5108 2621 5186 (Suidas.)
2641 5133 2667 5166 ‹‹
2684 5116 2968 5186 Manetem
2985 5115 3142 5186 hunc
3156 5114 3402 5185 quidem
3418 5121 3602 5186 etiam
3620 5108 3872 5186 Manicbem

2339 5184 2560 5251 dixere,
2589 5184 2746 5240 unde
2761 5184 3066 5241 Mauichmi
3093 5184 3430 5254 dicti,quod
3457 5185 3704 5239 verbum
3727 5185 3874 5254 Graeca

2339 5245 2794 5329 quodammodo
2835 5256 3133 5326 signiﬁcat
3171 5245 3468 5329 insaniam
3493 5256 3812 5329 fundentes.
3841 5245 3870 5296 l'a'

2340 5325 2608 5398 veroipsi
2635 5325 3177 5383 Manichminomeu
3201 5327 3518 5396 fugientes,
3547 5325 3874 5398 Mannicheiyé

2341 5415 2468 5454 sese
2491 5389 2841 5464 vocitarunt,
2875 5399 3050 5470 quasi
3081 5389 3732 5470 manavfundehtesmt
3769 5389 3870 5470 verbi

2339 5470 2635 5528 lenocinio
2655 5467 2928 5527 rudiores
2949 5470 3030 5528 ad
3049 5486 3112 5526 se
3137 5467 3417 5527 homines
3445 5467 3832 5543 pertraherent.
3857 5481 3868 5504 ι
