4020 6218
158 307 294 363 H93

1224 300 1803 361 ECCLESIASTICIE
1841 298 2207 358 HISTORIIE
2245 301 2381 359 LIB.
2421 298 2518 355 VI.

3381 299 3521 360 1194

154 430 205 486 δ’
266 431 457 506 ἁθρόαν
528 437 802 504 στρατείαν
879 428 1260 506 όρῥωδήσαντα
1310 436 1397 484 τὸν
1475 434 1625 497 Θεὸν,
1679 435 1749 502 μὴ

1892 430 2042 486 tisse.
2092 432 2157 485 Et
2204 428 2516 485 materiam
2565 443 2702 484 cum
2749 427 3129 487 dmmonibus
3177 433 3233 486 et
3279 429 3419 501 igne
3465 435 3525 489 et

151 527 294 594 ἔχειν
339 522 364 574 ὃ
404 542 456 573 τι
484 523 802 594 χρησασθαι
842 522 909 582 εἰς
947 523 1169 593 ἄμυναν.
1209 521 1227 541 ⁴¹
1269 524 1397 574 Οθεν
1438 529 1623 595 μοῖραν
1668 520 1757 591 ἁρ-

149 613 396 665 πάσαντα
449 618 540 662 τοῦ
594 615 780 682 φωτός,
851 612 955 663 οἷόν
1007 632 1057 663 τι
1098 609 1278 683 δέλεαρ
1319 608 1662 681 καταπέμψαι
1691 615 1753 680 τῇ

149 701 268 772 ὕλη.
315 701 589 771 Τρωθεῐσα
643 695 864 758 δ’ἐκείνη
920 707 1010 753 καὶ
1067 709 1404 753 καταπιοῦσα
1456 702 1757 758 ἑκίσσησεν,

155 791 584 860 Ἀναγκασθέντα
632 785 691 841 δὲ
721 793 807 841 τὸν
860 793 1008 854 Θεὸν,
1054 787 1457 862 δημιουργῆσαι
1500 791 1587 840 τόν
1637 792 1739 838 κόσ

150 897 249 951 μον
290 894 306 909 ⁶

153 968 361 1040 εἰρήνην
423 967 636 1038 ἀγαγεῖν
694 970 760 1019 τὰ
816 973 1096 1039 μαχόμενα
1150 986 1161 996 ·

369 877 501 930 ὣστε
551 875 807 930 διαλῦσαι
872 879 1029 939 αὐτῆς
1078 884 1171 936 τὴν
1215 881 1497 941 σύστασιν,
1548 881 1636 928 καὶ
1689 875 1760 936 εἰς

1227 973 1316 1019 καὶ
1356 970 1415 1019 τό
1476 965 1759 1038 ἁνακραθὲν

148 1064 215 1128 τῇ
260 1055 355 1128 ὕλῃ
398 1064 501 1127 φῶς
549 1058 684 1108 κατά
732 1053 914 1130 βραχὺ
972 1057 1335 1129 ἐλευθερῶσαι.
1403 1061 1502 1109 Τὸν
1560 1051 1618 1106 δὲ
1675 1055 1762 1106 ἄν·

153 1147 358 1218 θρωπον
387 1145 492 1216 οὐχ
524 1146 624 1196 ὑπὸ
659 1153 812 1212 Θεοῦ,
848 1145 954 1197 ἀλλ’
987 1147 1093 1198 ὑπὸ
1135 1153 1227 1198 τοῦ
1285 1145 1522 1217 ὑλάρχου
1572 1142 1762 1196 Σεύκλα

147 1234 456 1292 πλασθῆναι
490 1251 503 1263 ·
537 1240 626 1286 καὶ
687 1240 779 1292 τὴν
822 1236 959 1288 Εὕαν
1015 1238 1283 1301 ὡσαύτως,
1351 1234 1483 1292 πλὴν
1549 1232 1760 1305 ἄψυχον

148 1323 453 1382 πλασθῆναι
511 1329 600 1376 xui
652 1321 896 1382 ἀκίνητον
933 1341 946 1353 θ

152 1431 247 1483 φον

151 1501 298 1559 ἣλιον
346 1506 436 1553 xui
487 1506 582 1559 τὴν
649 1502 866 1560 σελήνην
917 1505 1028 1554 θεῖα
1069 1501 1293 1574 ἐνόμιζε.
1348 1505 1450 1554 Καὶ
1497 1505 1614 1574 περὶ
1653 1502 1768 1551 τού-

149 1609 256 1641 των
296 1586 354 1642 δε
410 1590 574 1642 πολλὰ
614 1600 769 1661 σιγῆς
822 1591 945 1653 ἄξια
1000 1591 1222 1643 πλεῖστα
1279 1590 1626 1662 ἐτερατεύετο.
1669 1591 1766 1640 Τόν

996 1328 1083 1376 τόν
1137 1321 1196 1376 δὲ
1253 1320 1430 1395 Ἀδὰμ
1490 1325 1765 1395 θηριόμορ-

299 1430 312 1444 ο
355 1417 445 1463 καὶ
488 1411 618 1463 ἄλλα
675 1417 944 1484 παρόμοια
995 1413 1166 1485 ληρῶν
1209 1414 1488 1464 συνετίθει.
1548 1414 1645 1463 Τόν
1707 1407 1765 1463 δι

153 1675 218 1730 δὲ
278 1675 520 1731 διάϐολον
575 1685 697 1732 ποτε
747 1684 838 1750 μὲν
892 1681 1037 1743 ὕλην,
1093 1683 1216 1733 ποτε
1274 1676 1334 1732 δὲ
1386 1681 1621 1752 ἄρχοντα
1678 1684 1769 1736 τῆς

1867 535 2026 592 aqua
2051 519 2343 592 impetum
2370 518 2576 573 fecisse
2601 518 2660 572 in
2686 517 2882 574 lucem
2904 517 3077 575 dicit:
3104 519 3290 576 Deum
3318 525 3522 576 autem

1867 614 1987 664 tam
2016 608 2326 680 repentina
2352 607 2641 662 exercitus
2667 607 2798 679 ejus
2829 607 3224 679 impressione
3249 610 3526 665 conterri-

1870 703 1994 754 tum
2014 713 2131 752 non
2149 696 2454 755 habuisse.
2469 712 2590 766 quo
2605 701 2832 753 tantam
2846 698 2966 753 vim
2985 697 3331 756 vindicaret.
3347 697 3524 771 428

1869 787 2072 857 Itaque
2112 785 2276 840 illum
2305 790 2533 857 partem
2563 785 2710 840 lucis
2743 791 3061 858 arreptam,
3096 788 3277 844 veluti
3307 805 3525 861 quam-

1868 875 2008 931 dam
2033 875 2478 937 inescationem,
2507 879 2713 930 contra
2740 876 3049 931 materiam
3075 877 3328 934 misisse.
3363 877 3529 935 Hanc

1867 979 2010 1018 vero
2049 962 2445 1029 vulneratam,
2480 967 2768 1035 parteque
2798 979 2869 1020 ea
2896 964 3044 1020 lucis
3073 966 3360 1040 absorpta
3398 983 3532 1038 gra-

1868 1052 2075 1109 vidam
2114 1068 2244 1108 esse
2275 1052 2518 1108 factam.
2555 1054 2683 1118 Qua
2711 1068 2774 1108 re
2800 1053 3078 1110 adactum
3113 1057 3318 1123 Deum,
3353 1073 3534 1113 mun-

1871 1143 2018 1196 dum
2047 1141 2414 1207 condidisse,
2439 1147 2504 1197 ut
2524 1146 3026 1199 concertationem
3051 1143 3229 1201 talem
3252 1146 3528 1217 solveret,

1873 1237 1929 1287 et
1949 1231 2026 1287 ad
2054 1247 2289 1302 pacem,
2311 1247 2381 1286 ea
2409 1232 2715 1302 quaeinter
2735 1247 2797 1286 se
2823 1239 3178 1304 pugnarent,
3201 1237 3532 1304 reduceret,

1874 1320 2195 1393 lucemque
2226 1323 2489 1377 materiae
2522 1321 2760 1378 mistam
2793 1323 3083 1393 paulatim
3113 1325 3171 1380 in
3199 1325 3534 1384 libertatem

1874 1411 2188 1481 redigeret.
2213 1411 2520 1466 Hominem
2542 1427 2722 1483 porro
2740 1427 2859 1466 non
2879 1429 2914 1467 a
2933 1415 3070 1484 Deo,
3087 1415 3190 1470 sed
3209 1431 3244 1470 a
3269 1415 3536 1488 principe

1876 1500 2140 1556 materiae
2168 1500 2377 1556 Seucla
2398 1501 2605 1556 ﬁctum
2627 1517 2758 1557 esse
2784 1517 2796 1556 :
2828 1507 2882 1557 et
2906 1504 3083 1558 Evam
3107 1503 3394 1574 similiter,
3429 1506 3537 1561 sed

1877 1591 2272 1645 inanimatam
2311 1596 2593 1655 creatam,
2627 1596 2683 1646 et
2711 1591 3081 1647 immobilem
3117 1609 3130 1648 :
3168 1593 3358 1650 Adam
3396 1610 3536 1652 vero

1879 1679 2071 1733 forma
2103 1678 2262 1743 ferte,
2294 1677 2527 1749 aliaque
2555 1678 2721 1734 hisce
2751 1679 2969 1735 similia
2999 1687 3258 1752 nugatus
3289 1689 3395 1739 est.
3426 1683 3536 1740 So-

150 1767 281 1827 ὗλης
333 1767 502 1820 ἐκάλει
545 1787 558 1800 ο
592 1773 678 1820 τὸν
721 1766 780 1821 δὲ
808 1773 976 1841 γάμον
1016 1777 1106 1822 τοῦ
1148 1767 1398 1821 διαϐόλου
1451 1769 1768 1838 νομοθεσίαν

1892 1770 1995 1825 tem
2026 1772 2083 1820 et
2110 1766 2318 1821 lunam
2341 1766 2607 1822 divinum
2628 1767 2920 1839 quiddam
2945 1785 3074 1826 esse
3102 1772 3348 1844 putavit,
3371 1789 3440 1829 ac
3461 1775 3536 1830 de

151 1857 314 1927 ἔλεγε.
367 1861 466 1909 Τὸν
523 1854 582 1909 δὲ
631 1861 820 1932 Κύριον
873 1861 991 1910 οὔτε
1037 1859 1223 1930 ψυχὴν
1278 1857 1618 1930 ἀνειληφέναι,
1656 1859 1772 1907 οὔτε

159 1948 317 2016 σῶμά
370 1966 549 2018 φησιν,
602 1947 710 1999 ἁλλ’
767 1951 830 2008 ὡς
885 1950 1156 2021 ἄνθρωπον
1213 1956 1433 2020 φανῆναι
1477 1942 1641 2018 μηδὲν
1691 1942 1772 1996 ἁν-

161 2036 418 2107 θρὼπινον
473 2039 667 2108 ἔχοντα
707 2052 722 2067 ⁸
766 2043 1030 2110 φαντασίᾳ
1088 2035 1148 2090 δὲ
1186 2042 1278 2089 καὶ
1328 2039 1394 2089 τὰ
1432 2038 1574 2092 ποίθη
1634 2034 1773 2103 αὐτῷ

155 2127 424 2194 γενέσθαι.
456 2129 562 2183 Τὴν
609 2122 660 2178 δ’
706 2125 994 2178 ἀνάστασιν
1042 2135 1142 2178 τῶν
1199 2127 1452 2196 σωμάτων
1507 2127 1576 2184 ὡς
1614 2125 1775 2195 μῦθον

161 2215 458 2266 ἁπωθεῖτο’
500 2211 650 2266 οὐδὲν
703 2219 805 2289 γὰρ
866 2225 962 2277 τῆς
1006 2215 1132 2277 ὕλης
1172 2221 1353 2287 μόριον
1393 2214 1537 2276 ἄξιον
1604 2231 1778 2269 σωτη-

157 2307 279 2375 ρίας
351 2303 509 2374 ἔλεγε.

157 2397 255 2444 xui
309 2392 378 2454 εἰς
444 2401 649 2450 πτηνῶν
705 2398 795 2444 καὶ
857 2402 1059 2450 κτηνῶν
1123 2399 1212 2444 καὶ
1282 2395 1474 2466 θηρίων
1536 2397 1775 2462 σώματα,

591 2309 784 2375 Ψυχῶν
857 2302 914 2356 δὲ
983 2309 1470 2376 μετενσωματώσεις
1536 2298 1774 2365 ἐδόξαζε,

155 2479 297 2534 Ὀλα
327 2478 386 2534 δὲ
417 2486 508 2534 xui
547 2482 680 2534 αὐτὰ
732 2485 796 2534 τὰ
830 2489 1072 2553 στοιχεῖα
1101 2483 1325 2554 ἔμψυχα
1365 2479 1492 2534 εἶναι
1531 2479 1779 2551 νομίξου-

161 2588 249 2622 σιν
288 2573 337 2622 οἱ
375 2576 492 2643 περὶ
519 2571 695 2622 αὐτόν.
739 2575 1007 2633 Γοητείαις
1054 2567 1112 2623 δὲ
1153 2568 1421 2643 διαφόροις
1467 2573 1776 2642 κέχρηνται,

157 2665 255 2711 xui
293 2665 565 2732 μυστήρια
597 2656 808 2730 δυσαγῆ
852 2660 1139 2714 ἐκτελοῦσι.
1175 2664 1262 2712 Διό
1301 2664 1389 2711 καὶ
1432 2655 1778 2718 δυσέκνιπτος

158 2750 193 2806 ἡ
239 2747 440 2800 ἐκείνων
497 2747 844 2814 διδασκαλία,
901 2747 1035 2810 ταῖς
1068 2757 1168 2801 τῶν
1237 2746 1500 2820 δαιμόνων
1551 2742 1779 2818 ἒπῳδαῖς

167 2841 266 2899 τὰς
306 2837 489 2910 ψυχὰς
519 2835 935 2911 καταὸεσμοῦσα
963 2847 1065 2891 τῶν
1089 2839 1419 2911 τελουμένων.

1880 1856 1965 1911 eis
1987 1856 2173 1910 multa
2189 1855 2420 1910 silentio
2437 1855 2620 1926 digna
2637 1861 2978 1928 portentose
2995 1860 3304 1917 confinxit.
3327 1862 3538 1920 Diabo-

1880 1944 2006 2000 lum
2039 1959 2197 1998 nunc
2229 1944 2564 2009 materiam,
2595 1961 2755 2001 nunc
2785 1948 3047 2003 materiae
3078 1950 3409 2022 principem
3438 1968 3541 2008 vo-

1883 2033 2056 2088 cavit.
2091 2032 2448 2103 Conjugium
2479 2033 2698 2090 diaboli
2730 2035 2920 2106 legem
2954 2042 3011 2092 et
3049 2038 3540 2097 constitutionem

1883 2137 2012 2177 esse
2044 2121 2211 2188 dixit,
2243 2123 2560 2178 Dominum
2592 2130 2791 2180 autem
2819 2141 3016 2198 neque
3045 2126 3315 2183 animam
3345 2144 3541 2202 neque

1885 2227 2104 2284 corpus
2126 2214 2439 2284 recepisse,
2454 2214 2557 2268 sed
2579 2213 2885 2270 hominem
2918 2221 3150 2273 tantum
3170 2219 3366 2274 visum
3389 2235 3542 2290 esse,

1885 2301 2033 2356 nihil
2064 2302 2310 2358 humani
2342 2302 2684 2370 habentem,
2713 2308 3093 2369 asseveravit.
3130 2309 3544 2378 perpessiones

1885 2407 2023 2444 vero
2045 2391 2096 2444 ei
2126 2406 2231 2461 per
2261 2392 2519 2462 speciem
2549 2397 2780 2447 tantum
2811 2398 2866 2448 et
2889 2393 3095 2450 fucum
3123 2396 3415 2452 accidisse
3442 2398 3542 2469 (t).

1888 2479 2394 2536 Resurrectionem
2425 2496 2746 2552 corporum
2768 2482 2946 2539 veluti
2968 2483 3236 2541 fabulam
3267 2486 3546 2559 repudia-

1885 2567 1971 2621 vit
1993 2567 2218 2624 nullam
2240 2569 2394 2624 enim
2423 2569 2684 2624 materia
2705 2571 3060 2641 particulam
3083 2573 3330 2643 dignam
3355 2575 3544 2631 salute

1883 2656 2193 2726 judicavit.
2223 2658 2571 2712 Animarum
2599 2664 2800 2714 autem
2829 2661 3211 2718 transitiones
3237 2678 3268 2719 e
3292 2679 3544 2736 corpore

1889 2746 1947 2800 in
1973 2760 2209 2816 corpus,
2228 2751 2285 2800 et
2303 2746 2548 2818 quidem
2566 2749 2744 2804 etiam
2762 2747 2823 2803 in
2850 2749 3163 2806 volucrum
3180 2757 3236 2808 et
3253 2768 3542 2824 pecorum

1889 2840 1945 2889 et
1971 2833 2232 2891 ferarum
2256 2850 2528 2907 corpora,
2553 2835 2778 2892 docuit.
2808 2839 2986 2909 Cujus
3015 2846 3333 2898 sectatores
3363 2843 3544 2900 etiam

167 2927 470 2983 elementa
500 2930 705 2984 omnia
744 2930 1014 2985 animata
1041 2945 1168 2984 esse
1201 2927 1578 2982 arbitrantur.
1617 2927 1868 2981 Utuntur
1897 2923 2077 2978 variis
2104 2923 2451 2995 imposturis
2477 2941 2547 2980 ac
2574 2928 2903 2997 praestigiis,
2937 2928 3284 3002 nefariaque
3305 2941 3360 2986 et
3386 2948 3552 2989 exse-

163 3017 398 3071 cranda
419 3023 717 3089 peragunt
741 3018 1023 3088 mysteria
1048 3018 1150 3088 (2).
1183 3016 1559 3087 Quapropter
1583 3012 1853 3069 doctrina
1872 3028 2082 3068 eorum
2104 3013 2424 3068 ineluibilis
2446 3013 2703 3071 habetur
2727 3032 2738 3071 :
2765 3017 3112 3074 daemonum
3134 3019 3551 3078 incantationi-

158 3107 282 3161 bus
313 3107 553 3161 animas
584 3106 923 3170 hominum,
951 3106 1053 3178 qui
1086 3121 1156 3161 ea
1187 3109 1327 3160 sunt
1355 3103 1588 3168 initiati,
1633 3101 1949 3159 obstrictas
1983 3101 2343 3158 tenentibus.

761 3227 1007 3275 ΚΕΦΑΛ.
1052 3224 1173 3277 ΛΒ¹.

198 3337 283 3390 Ως
321 3329 347 3380 6
385 3329 605 3389 Μάνης
641 3332 754 3387 τὴν
791 3325 989 3402 δορὰν
1026 3336 1136 3402 τοῦ
1178 3333 1478 3402 σώματος
1518 3326 1778 3400 ἀφαιρε-

498 3402 656 3466 θεὶς,
699 3399 1224 3476 κυσὶ-παρεδόθη
1268 3399 1457 3474 βορά.

245 3513 394 3582 Τρεῖς
435 3503 485 3558 δ’
541 3509 566 3558 6
625 3509 803 3568 Μάνης
853 3510 1179 3581 κτησάμενος
1245 3509 1511 3580 φοιτητὰς,
1573 3501 1780 3558 ’Δδὸαν

173 3601 268 3650 καὶ
315 3602 507 3668 Θωμᾶν
545 3600 636 3649 καὶ
672 3596 886 3670 Ἑρμᾶν,
929 3601 1016 3649 τὸν
1067 3602 1155 3668 μὲν
1195 3593 1402 3650 Ἀδδαν
1443 3599 1623 3667 Σύροις
1663 3594 1782 3645 ἀπέ-

175 3686 345 3739 στειλε
377 3691 584 3758 κήρυκα
619 3703 631 3715 ·
692 3684 882 3748 Ἰνδοῖς
921 3683 980 3739 δὲ
1019 3690 1104 3738 τὸν
1147 3692 1361 3758 Θωμᾶν.
1406 3686 1544 3738 Ἐπεὶ
1585 3680 1636 3735 δ’
1663 3681 1783 3735 ἐπα-

171 3777 362 3836 νῆλθον
424 3775 587 3828 πολλὰ
623 3775 855 3847 λέγοντες
923 3774 1070 3828 δεινά
1129 3778 1332 3840 παθεῖν,
1400 3771 1620 3848 μηδενὸς
1675 3771 1783 3824 ἁνε-

170 3870 404 3939 χόμένου
437 3869 522 3917 τὸν
553 3867 775 3924 Μάνητα
815 3862 1142 3918 διδάσκαλον
1184 3863 1459 3928 δέξάσθαι,
1506 3862 1784 3933 ἐτόλμησεν

173 3959 200 4009 6
242 3959 584 4029 παμπόνηρος
640 3960 729 4007 xui
795 3959 1026 4030 Χριστόν
1094 3955 1273 4007 ἑαυτὸν
1349 3953 1625 4026 ὀνομάσαι,
1697 3955 1786 4002 xui

174 4053 387 4116 Πνεῦμα
435 4043 603 4114 ἅγιον,
664 4049 753 4096 xui
820 4045 968 4096 ἄλλον
1029 4045 1366 4118 Παράκλητον
1441 4041 1784 4096 ἀπεστάλθαι.

179 4138 284 4186 Καὶ
336 4129 661 4184 δυοκαίδεκα
722 4129 781 4184 δὲ
830 4134 1067 4205 μαθητὰς
1157 4132 1490 4203 ἐπαγόμενος,
1560 4131 1630 4191 εἰς
1695 4132 1788 4186 τὴν

173 4223 359 4279 Μέσην
412 4231 511 4273 τῶν
551 4231 796 4294 ποταμῶν
830 4223 1059 4295 ἀφίκετο,
1114 4227 1209 4281 τὴν
1239 4231 1334 4274 τῶν
1382 4229 1588 4294 Περσῶν
1630 4217 1790 4292 βασι-

173 4314 320 4367 λείαν
375 4309 801 4386 διαδιδράσκων.
871 4315 1182 4386 Θεραπεύειν
1245 4315 1346 4384 γὰρ
1417 4314 1791 4382 νεανιευόμενος

173 4405 269 4455 τὸν
298 4409 392 4454 τοῦ
435 4400 691 4473 βασιλέως
743 4398 932 4472 παῖδα,
989 4405 1201 4474 μείζοσι
1238 4409 1422 4462 κακοῖς
1476 4398 1787 4474 περιέϐαλεν.

188 4501 264 4552 Ως
324 4489 566 4544 δ’ὲκεῖθεν
627 4489 711 4543 οἶα
783 4496 1049 4564 προφανὴς
1106 4491 1332 4552 ἀντίθεος
1393 4490 1638 4555 ἐξηλάθη,
1701 4493 1787 4540 καὶ

1811 3217 1850 3274 C

2387 3217 2563 3291 429
2595 3221 2818 3277 CAPUT
2849 3223 3052 3282 XXXII.

1898 3325 1970 3382 Ut
2015 3325 2241 3392 Manes,
2273 3325 2546 3383 detracta
2589 3330 2764 3403 totius
2794 3331 3062 3401 corporis
3096 3334 3274 3403 pelle,
3307 3333 3552 3392 canibus

2447 3414 2578 3455 esca
2606 3401 2870 3470 objectus
2897 3405 2996 3458 sit.

1960 3507 2157 3561 Manes
2191 3510 2392 3560 autem
2441 3521 2579 3561 cum
2631 3513 2744 3562 tres
2772 3508 3020 3566 haberet
3063 3515 3402 3578 sectatores,
3433 3513 3553 3569 Ad-

1889 3595 2052 3658 dam,
2077 3594 2370 3650 Thomam
2399 3601 2456 3650 et
2483 3596 2764 3663 Herman,
2797 3605 2870 3654 ex
2895 3599 2967 3654 iis
2987 3599 3220 3656 Addam
3245 3603 3324 3658 ad
3347 3604 3549 3673 Syros,

1893 3683 1969 3737 ad
2001 3682 2180 3738 Indos
2222 3688 2422 3738 autem
2459 3684 2748 3740 Thomam
2782 3686 2944 3742 misit
2974 3703 3300 3759 praecones.
3331 3689 3442 3756 Qui
3470 3705 3557 3748 re-

1879 3772 2042 3826 versi
2103 3787 2239 3826 cum
2289 3789 2351 3827 se
2406 3771 2671 3828 dicerent
2715 3775 2906 3830 multa
2949 3775 3101 3832 dura
3142 3793 3353 3850 passos
3398 3795 3552 3849 esse,

1893 3875 2088 3930 neque
2108 3875 2479 3932 quemquam
2503 3861 2839 3919 doctrinam
2857 3864 2906 3936 ej
2920 3881 2986 3919 us
2997 3866 3110 3921 reci
3121 3882 3258 3938 pere
3273 3867 3558 3938 voluisse,

1895 3965 2081 4005 ausus
2138 3955 2225 4004 est
2278 3950 2551 4006 omnium
2605 3952 2918 4008 hominum
2977 3955 3555 4026 importunissimus,

1896 4039 2158 4109 seipsum
2194 4039 2489 4094 Christum
2511 4041 2842 4112 nominare,
2872 4047 2928 4098 et
2957 4041 3241 4116 Spiritum
3275 4052 3556 4105 sanctum

1897 4128 2203 4199 aliumque
2231 4128 2602 4185 Paracletum
2627 4131 2878 4186 missum
2906 4147 3035 4208 esse
3063 4133 3280 4190 dicere.
3309 4137 3378 4191 Et
3410 4135 3561 4192 duo-

1898 4217 2090 4273 decim
2115 4234 2316 4272 secum
2350 4217 2574 4274 ducens
2601 4219 2946 4292 discipulos,
2979 4223 3036 4278 in
3067 4224 3562 4296 Mesopotamiam

1898 4306 2183 4379 pervenit,
2219 4308 2655 4382 Persarumque
2685 4323 2939 4378 regnum
2971 4315 3332 4383 peragravit,
3365 4331 3434 4371 ac
3475 4320 3562 4370 te-

1899 4397 2154 4453 merario
2207 4398 2638 4470 impotentique
2686 4399 2889 4456 animo
2928 4401 3086 4471 regis
3135 4403 3215 4458 ibi
3255 4403 3445 4460 tilium
3495 4419 3560 4460 se

1902 4493 2248 4541 curaturum
2279 4493 2369 4541 est
2398 4487 2714 4558 pollicitus,
2744 4489 2847 4544 sed
2874 4490 3073 4562 ipsum
3105 4491 3434 4563 majoribus
3454 4509 3566 4566 op-

175 4581 330 4642 αὖθις
397 4585 488 4639 τὴν
547 4577 788 4653 Περσίδα
841 4579 1106 4644 κατέλαϐε,
1169 4580 1484 4652 συλληφθεὶς
1534 4580 1634 4631 ὑπὸ
1704 4585 1783 4630 τοί

1905 4575 2119 4648 pressit
2139 4575 2338 4631 malis.
2362 4577 2757 4649 Posteaquam
2779 4584 2980 4634 autem
3002 4580 3140 4636 inde
3161 4587 3270 4648 est,
3293 4589 3354 4638 ut
3371 4583 3564 4639 mani-

182 4667 465 4743 βασιλέως,
499 4671 591 4725 τὴν
624 4671 885 4739 Περσικὴν
938 4669 1223 4739 ὑφίσταται
1267 4665 1501 4719 κόλασιν.
1551 4671 1656 4726 Τῆς
1694 4665 1795 4735 γὰρ

175 4755 350 4830 δορᾶς
406 4758 715 4829 γυμνωθεὶς,
779 4760 933 4808 κυσὶν
996 4752 1154 4814 ἐδόθη
1225 4752 1376 4829 βορά.
1432 4754 1682 4808 Τοιοῦτον
1728 4760 1801 4823 τῷ

186 4842 446 4899 δυσσεϐεῖ
496 4849 554 4898 τὸ
595 4846 753 4906 τέλος.
809 4845 869 4897 Ei
893 4847 991 4920 γάρ
1036 4865 1114 4907 τις
1145 4848 1230 4896 τὸν
1297 4845 1554 4916 φληναφον
1600 4841 1802 4913 ἐκείνου

266 4970 348 5041 (1)
393 4991 415 5019 ι
462 4971 554 5027 Sic
589 4977 644 5025 et
681 4969 967 5026 Basilides
1009 4971 1086 5025 ab
1141 4970 1370 5025 abraxa
1417 4969 1718 5041 Christ.th
1745 4967 1806 5021 in

186 5038 614 5116 phantasmate
634 5043 1091 5116 carnismissum
1107 5059 1240 5116 esse
1257 5040 1590 5096 blateravit.
1614 5038 1672 5116 ιχ(
1690 5038 1808 5093 l‘er-

189 5112 324 5170 ῐυιι.
341 5113 359 5184 )
377 5114 540 5168 —Ita
558 5115 714 5168 enim
731 5114 846 5168 sibi
861 5113 1119 5168 haeretici
1134 5120 1472 5168 monstrosa
1500 5112 1812 5182 conﬁgunt

186 5184 511 5242 vocabula.

270 5256 346 5326 (2)
407 5278 434 5306 ‹‹
494 5253 725 5327 Ἐναγεῖς
792 5260 878 5306 καὶ
948 5258 1250 5327 νυκτερινὰς
1323 5260 1411 5307 xui
1481 5254 1813 5327 παρανόμους

190 5327 386 5401 μίξεις,
415 5331 504 5378 καὶ
527 5326 938 5401 ναιόρητοποιίας·
971 5326 1228 5401 ὴόόρει,
1267 5327 1686 5401 exsecramios,
1707 5341 1815 5401 _no-

198 5397 438 5456 (turno:
451 5397 837 5471 etillégitimos
853 5398 1524 5471 concubitus,etﬂagitiai
1535 5397 1814 5470 nfanda.»

238 5471 474 5529 Suidas.

209 5473 760 5613 (SilgiiisPLrsarum
784 5557 886 5596 rex
919 5556 1055 5595 eum
1079 5539 1282 5594 vivum
1305 5540 1595 5596 excoriari
1622 5538 1817 5613 jussit,

202 5619 274 5672 ut
290 5609 688 5671 'ﬁliisuinecis
718 5619 1045 5670 auctorem.
1068 5613 1314 5684 ASgrum
1333 5627 1602 5683 namque
1627 5609 1819 5677 illum,

495 5707 647 5760 Pun
661 5719 747 5760 οι..
789 5705 891 5760 Gn.
919 5703 1122 5760 CXLV.

1905 4665 2090 4721 festus
2128 4664 2228 4719 Dei
2259 4670 2654 4738 contemptor,
2681 4668 2979 4739 repulsus,
3004 4685 3140 4725 cum
3171 4686 3242 4725 eo
3271 4670 3560 4738 rediisset,

1908 4771 1944 4810 a
1980 4768 2119 4823 rege
2159 4753 2632 4824 comprehensus
2680 4755 2979 4812 Persicum
3021 4757 3299 4814 sustinuit
3339 4758 3568 4830 suppli-

1909 4843 2068 4899 cium
2109 4843 2210 4914 (3).
2264 4845 2529 4899 Detracta
2570 4844 2729 4898 enim
2769 4851 2919 4911 cute,
2954 4845 3034 4901 ita
3068 4846 3268 4902 nudus
3309 4848 3565 4904 canibus

1913 4968 2053 5024 citra
2088 4983 2332 5022 omnem
2358 4968 2632 5022 omnium
2657 4967 3023 5024 medicorum
3046 4976 3570 5043 Opemetoperam

1915 5056 1977 5094 se
2029 5045 2380 5112 sanaturum
2434 5045 2900 5112 curaturumque
2952 5056 3080 5095 esse
3126 5041 3419 5112 pollicitus
3463 5051 3571 5100 est.

1918 5113 2062 5166 Cum
2093 5110 2315 5183 itaque,
2340 5109 2572 5183 medici,
2601 5110 2662 5183 in
2706 5109 2964 5183 quorum
3002 5109 3146 5167 cura
3183 5114 3382 5182 regius
3428 5131 3576 5183 puer

1920 5187 2062 5242 erat,
2092 5181 2321 5235 dimissi
2352 5180 2617 5246 fuissent,
2649 5181 2804 5236 brevi
2837 5181 2928 5235 ille
2965 5189 3232 5238 mortuus
3255 5180 3370 5240 cst.
3399 5180 3578 5243 Vetus

1919 5255 2387 5326 Testamentum,
2431 5253 2676 5326 perinde
2709 5258 2887 5323 atque
2929 5268 3048 5308 non
3082 5255 3224 5310 boni
3259 5257 3356 5311 Dei
3395 5265 3578 5326 esset,

1926 5325 2137 5398 Manes
2168 5339 2404 5398 quoque
2437 5322 2670 5398 rejecit;
2715 5331 2770 5378 et
2795 5322 3052 5388 Novum,
3083 5331 3384 5398 tanquam
3434 5322 3580 5386 boni

1928 5395 2306 5466 approbavit.
2349 5394 2644 5466 Christum
2686 5403 2886 5450 autem
2931 5394 3485 5466 opinione'tantum
3523 5407 3582 5458 et

1931 5414 1962 5452 a
2015 5413 2306 5466 pronavu.
2349 5413 2644 5450 unrismm
2686 5413 2886 5450 antem
2931 5413 3215 5466 opinione
3254 5413 3485 5456 tantum
3523 5413 3574 5458 el

1931 5413 2250 5543 phantasia
2288 5465 2660 5543 apparuisse,
2690 5468 3016 5543 omniaque
3053 5484 3160 5540 per
3194 5469 3399 5526 fucum
3439 5487 3574 5543 ges-

1936 5536 2100 5605 sisse,
2133 5537 2409 5594 asseruit.
2441 5560 2462 5590 ι
2502 5536 2690 5610 (Idem
2730 5536 2997 5612 Suidas.)

3236 5702 3308 5761 38
