4020 6218
573 248 708 312 1195

1872 245 2257 302 NICEPHOBI
2296 243 2614 302 CALLISTI

3751 259 3844 316 1196

565 390 706 432 esca
731 379 824 432 est
867 375 1156 446 objectus.
1188 377 1379 446 Atque
1417 373 1600 430 talem
1633 372 1852 443 impius
1881 373 1976 428 ille
2006 388 2193 428 conse'

2323 371 2485 444 λέγειν
2551 373 2802 438 θελήσειε,
2867 375 3181 448 παμπόλλων
3259 377 3320 428 ἄν
3395 373 3598 438 δεηθείη
3657 379 3836 454 βιϐλίων,

565 469 736 522 cutus
767 471 854 522 est
882 465 1083 520 tinem.
1106 463 1278 533 Quod
1309 463 1356 518 si
1376 461 1514 536 quis
1539 469 1905 536 nugamenta
1930 463 2058 531 ejus
2085 475 2218 534 per-

562 554 734 626 sequi
759 553 918 621 velit,
950 552 1361 625 compluribus
1399 553 1449 608 is
1487 568 1642 623 opus
1675 551 1894 608 habeat
1921 552 2106 606 libris.
2151 553 2218 606 Et

565 641 718 700 falsa
731 642 856 699 haec
871 641 1418 714 etimpiadogmata
1431 641 2213 710 exinnumerisjamdudum

564 731 870 788 exstinctis
901 731 1228 788 haeresibus
1259 731 1556 801 congessit
1586 736 1764 801 atque
1795 729 2212 795 accumulavit,

561 836 752 894 eaque
773 839 842 877 ex
863 821 1093 877 Perside
1115 821 1176 876 in
1189 820 1398 877 orbem
1421 825 1692 874 nostrum
1709 819 1880 874 veluti
1903 819 2212 890 quoddam

556 911 932 968 mortiferum
987 926 1288 968 venenum
1341 909 1620 966 evomuit.
1679 909 1845 964 Tales
1912 908 2214 964 doctrinas

553 999 876 1060 hominum
895 1000 1116 1057 animis
1137 999 1586 1054 versutissimus
1613 999 1922 1070 inspiravit
1952 1014 2211 1070 serpens,

559 1090 903 1163 talibusque
960 1088 1368 1160 antesignanis
1414 1088 1816 1160 ordinumque
1868 1087 2214 1143 ductoribus

556 1180 747 1236 aciem
793 1185 1001 1236 contra
1026 1180 1332 1236 veritatem
1363 1181 1598 1234 struens
1649 1193 1793 1232 usus
1841 1181 1945 1232 est.
1991 1177 2212 1232 Verum

555 1269 857 1326 enimvero
889 1267 1060 1326 facile
1095 1267 1386 1323 Dominus
1422 1266 1804 1322 mendacium
1837 1267 2122 1336 coarguit,
2156 1269 2214 1320 et

554 1358 864 1416 cohortem
901 1365 1292 1428 patronorum
1333 1356 1484 1428 ejus,
1541 1356 1711 1410 sicuti
1771 1371 1952 1410 arane
2007 1355 2206 1422 telam,

553 1449 750 1506 solvit.
781 1447 1078 1504 Adversus
1110 1447 1266 1503 hanc
1294 1445 1566 1501 haeresim
1592 1451 1827 1501 strenue
1853 1445 2021 1500 libris
2049 1461 2209 1500 com-

551 1538 764 1610 positis
789 1537 1213 1609 depugnarunt
1241 1534 1398 1592 Titus
1425 1537 1663 1602 Bostree,
1689 1540 1744 1589 et
1779 1535 2064 1590 Diodorus
2085 1551 2208 1590 me-

553 1626 798 1700 tropolis
852 1626 1084 1694 Ciliciae,
1138 1625 1427 1696 episcopi.
1477 1623 1722 1694 Scripsit
1769 1625 1948 1679 etiam
1998 1630 2204 1680 contra

547 1733 685 1776 eam
703 1717 991 1787 Georgius
1010 1713 1413 1779 Laodicensis,
1433 1714 1520 1768 vir
1537 1715 1640 1786 qui
1657 1713 1927 1768 haeresim
1958 1713 2193 1784 quidem

2311 1715 2420 1770 τοῖς
2471 1705 2530 1762 δὲ
2582 1709 2880 1782 φιλοσόφοις
2935 1714 3243 1784 μαθήμασιν
3295 1713 3553 1790 ἐντραφείς
3591 1735 3605 1748 ⁸

545 1807 832 1864 Arianam
877 1803 1226 1868 defenderit,
1261 1803 1364 1858 sed
1409 1802 1840 1874 pbilosophicis
1871 1801 2202 1874 disciplinis

549 1895 630 1953 ab
651 1896 888 1952 ineunte
911 1897 1079 1950 aetate
1105 1893 1376 1964 apprime
1407 1892 1672 1946 eruditus
1699 1891 1890 1946 fuerit.
1919 1894 2205 1947 Praeterea

547 1984 796 2040 Phcenix
837 1982 1148 2038 Eusebius.
1187 1983 1312 2036 Haec
1353 1980 1426 2036 de
1465 1980 1676 2035 haresi
1709 1979 1994 2035 Manentis
2037 1981 2135 2050 (ί),
2170 1997 2205 2036 a

545 2089 670 2146 quo
695 2071 896 2129 multis
928 2071 1127 2128 adhuc
1164 2085 1386 2126 nomen
1435 2069 1889 2126 Manichaeorum
1919 2070 2202 2124 adlimret.

545 2166 668 2233 Ego
707 2177 888 2235 porro
927 2160 1005 2216 ad
1047 2159 1281 2232 reliqua
1311 2159 1480 2214 istius
1517 2159 1775 2214 historiae
1815 2159 2200 2214 descendam.

543 2255 978 2326 Imperatorum
1034 2249 1216 2315 enim,
1275 2264 1758 2320 magnarumque
1815 2248 2202 2304 ecclesiarum

537 2343 875 2410 antistitum
927 2339 1418 2396 successionibus
1469 2337 1793 2400 recensitis.
1835 2354 1976 2393 mox
2021 2339 2200 2394 etiam

539 2449 675 2506 quas
717 2435 1114 2488 monumenta
1157 2433 1278 2484 tum
1324 2427 1706 2484 ecclesiastici
1737 2425 1918 2500 43o
1957 2428 2199 2499 εει-ἰριο-

537 2538 634 2580 res
673 2521 984 2588 ediderint,
1017 2523 1073 2575 et
1101 2517 1208 2590 qui
1252 2534 1323 2574 ex
1375 2517 1460 2573 eis
1508 2533 1700 2588 usque
1749 2519 1826 2572 ad
1873 2519 2196 2589 impiorum

535 2615 934 2685 tyrannorum
965 2609 1443 2682 persecutionem
1473 2607 1983 2679 ecclesiarumque
2009 2623 2196 2679 oppu-

535 2701 885 2773 gnationem
927 2699 1112 2756 vitam
1145 2696 1554 2770 produxerint,
1587 2712 1906 2768 exponam.

1125 2824 1348 2880 CAPUT
1375 2822 1598 2878 XXXIII.

641 2934 727 2991 De
780 2931 1141 2990 successione
1196 2932 1598 2988 Romanorum
1637 2929 2084 3000 imperatorum.

605 3113 742 3167 Post
769 3109 1012 3166 Decium
1043 3107 1243 3164 Gallus
1271 3106 1508 3162 duobus
1533 3107 1851 3178 imperavit
1878 3108 2074 3162 anuis.
2104 3109 2190 3164 Ab

533 3197 647 3255 hoc
669 3199 746 3254 ad
767 3197 1142 3253 Valerianum
1161 3200 1217 3251 et
1239 3195 1546 3252 Galienum
1564 3195 1879 3266 imperium
1902 3197 2190 3272 pervenit.

531 3285 879 3344 Valerianus
909 3291 1107 3341 autem
1156 3283 1312 3340 bello
1343 3291 1549 3339 contra
1587 3283 1796 3338 Persas
1825 3289 2011 3352 moto,
2051 3301 2188 3340 cum

529 3377 608 3433 ad
641 3376 921 3432 Edessam
947 3373 1238 3430 exercitus
1267 3373 1396 3444 ejus
1423 3371 1580 3427 fame
1607 3373 1796 3442 magis
1825 3389 2008 3444 quam
2037 3373 2190 3429 ferro

525 3463 916 3530 occideretur,
955 3464 1142 3519 Persae
1182 3462 1372 3518 aciem
1412 3467 1620 3517 contra
1658 3477 1793 3516 eum
1827 3465 2188 3520 struxerunt.

530 3553 710 3624 Cujus
748 3552 842 3609 ille
871 3551 1064 3624 gentis
1103 3553 1393 3623 impetum
1434 3549 1599 3622 quod
1640 3566 1703 3606 se
1744 3553 2030 3606 sustinere
2067 3568 2190 3609 non

523 3658 708 3716 posse
725 3645 1049 3706 vereretur,
1067 3640 1488 3698 conflicturum
1506 3655 1568 3694 se
1589 3655 1726 3695 cum
1747 3640 2023 3696 hostibus
2043 3643 2190 3698 assi-

528 3731 790 3799 mulans,
811 3731 890 3788 ad
927 3747 1035 3788 eos
1081 3729 1412 3801 transfugit,
1447 3745 1656 3800 pacem
1693 3746 1829 3785 cum
1865 3731 1950 3786 eis
1987 3739 2192 3804 pactu-

521 3838 646 3889 rus,
671 3823 1120 3892 exercitumque
1143 3835 1320 3875 suum
1345 3819 1708 3891 proditurus.
1735 3819 1904 3884 Quod
1937 3815 2187 3878 Romani

519 3911 664 3984 quia
691 3909 1266 3973 animadverterunt,
1299 3907 1440 3977 fuga
1466 3907 1598 3970 sibi,
1629 3923 1748 3962 non
1783 3909 1991 3979 paucis
2012 3912 2188 3966 amis-

521 4001 604 4060 sis
618 3998 1068 4056 consuluerunt.
1087 3997 1175 4053 lbi
1189 4011 1331 4067 ergo
1346 3997 1510 4068 apud
1527 3996 1816 4053 Barbaros
1831 4003 1886 4052 et
1900 3999 2184 4069 Saporem

519 4105 724 4162 regem
770 4088 1112 4144 servitutem
1147 4087 1366 4151 serviit,
1400 4091 1454 4141 et
1487 4087 1728 4141 tandem
1754 4087 2063 4157 jugulatus
2104 4087 2183 4159 (2)

515 4177 838 4249 imperium
871 4177 949 4232 ad
985 4175 1300 4232 Galienum
1342 4173 1532 4229 ﬁlium
1567 4176 1914 4231 transmisit.
1946 4177 2184 4249 quuin-

517 4267 716 4323 decim
757 4281 949 4322 annos
981 4264 1373 4337 imperatores
1402 4263 1584 4329 fuere,
1619 4267 1677 4318 et
1708 4263 2016 4320 Claudium
2051 4283 2182 4322 suc-

521 4371 817 4414 cessorem
850 4353 1135 4409 habuere.
1165 4355 1226 4408 Et
1253 4352 1351 4408 hic
1377 4367 1605 4408 annum
1639 4368 1826 4408 unum
1855 4359 1912 4408 et
1943 4369 2180 4411 menses

501 4445 725 4510 .decem
749 4459 948 4499 rerum
980 4457 1221 4498 summa
1250 4442 1667 4498 administrata
1698 4444 1792 4512 (3),
1827 4449 2178 4514 potestatem

517 4549 652 4592 eam
681 4531 1000 4588 Aureliano
1032 4531 1284 4602 reliquit.
1315 4530 1462 4586 Cum
1493 4535 1694 4586 autem
1724 4531 1773 4585 is
1805 4545 1910 4602 per
1934 4533 2179 4590 insidias
2229 4593 2236 4598 ,

517 4623 580 4678 in
613 4638 773 4678 novo
807 4621 1075 4692 quodam
1109 4618 1353 4675 castello
1382 4617 1787 4674 fraudulenter
1816 4635 2005 4675 cmsus
2040 4621 2179 4678 fuis-

515 4717 602 4768 set
625 4711 722 4784 (4),
746 4710 1184 4782 imperiumque
1205 4723 1396 4764 annos
1423 4724 1526 4763 sex
1552 4707 1852 4776 tenuisset,
1870 4709 2101 4766 Tacitus
2123 4707 2174 4768 ei

511 4800 819 4864 successit,
843 4799 945 4871 qui
968 4815 1072 4855 sex
1095 4805 1325 4855 tantum
1347 4813 1585 4854 menses
1603 4798 1659 4852 in
1680 4795 1972 4868 imperiali
1995 4800 2174 4857 subli-

511 4890 716 4946 mitate
735 4888 1038 4958 transegit.
1060 4887 1182 4944 Sub
1202 4903 1272 4943 eo
1295 4903 1586 4956 magnum
1605 4885 1770 4942 illum
1797 4885 2174 4948 Charitonem

508 4979 946 5037 confessionem
973 4995 1142 5035 suam
1181 4979 1482 5050 peregisse
1509 4977 1721 5032 ferunt.
1749 4981 1880 5033 Post
1908 4980 2174 5037 Tacitum

509 5069 816 5128 Florianus
860 5068 1190 5140 imperator
1228 5066 1446 5134 factus,
1485 5081 1720 5123 menses
1757 5071 1872 5123 tres
1911 5083 2036 5125 rem
2065 5071 2173 5126 Ro-

577 5195 656 5270 (t)
687 5197 888 5262 Μάνης,
922 5197 1138 5270 Manes,
1181 5193 1506 5270 genitivum
1551 5191 1690 5249 facit
1729 5193 2007 5270 manetis.
2059 5195 2170 5251 Sed

503 5265 648 5340 quia
675 5270 721 5324 is
745 5283 988 5340 prorsus
1014 5267 1272 5340 insaniit,
1303 5265 1588 5340 afﬁnitate
1615 5265 1774 5320 vocis
1801 5265 2169 5340 Nicephorus

499 5336 675 5412 lusit;
725 5336 899 5412 μανείς
945 5339 1122 5412 enim,
1154 5336 1485 5412 insaniens,
1541 5341 1780 5412 μανέντος
1837 5336 2166 5406 genitivum

497 5411 682 5540 liabet
707 5410 732 5467 ε’
751 5420 806 5469 et
828 5415 1068 5486 μανέντα,
1099 5411 1456 5480 Manentem,
1475 5411 1588 5466 hoc
1613 5415 1718 5476 est,
1747 5410 2163 5478 insanientem,

545 5501 620 5540 ιιι
655 5523 667 5537 .

700 5554 808 5614 Alii
851 5554 1114 5614 historici
1155 5569 1277 5611 non
1315 5568 1536 5610 caesum
1565 5568 1716 5620 esse,
1758 5552 1863 5610 sed
1903 5553 1963 5610 in
2001 5553 2164 5612 foeda

2327 467 2428 514 Καὶ
2486 469 2652 514 ταῦτα
2700 459 2760 515 δὲ
2813 466 2878 516 τὰ
2922 461 3094 534 ψευδῆ
3145 485 3200 517 τε
3251 471 3341 519 καὶ
3385 469 3513 520 ἄθεα
3561 465 3838 542 δόγματα,ὶι

2323 555 2522 622 μυρίων
2575 559 2674 602 τῶν
2735 551 2998 624 πρόπαλαι
3063 551 3430 612 ἀπεσϐηκυιῶν
3495 559 3717 629 αἱρέσεων
3759 581 3838 636 au?-

2323 643 2651 714 πεφυρμένως
2692 637 2964 713 ἁθροίσας,
3025 640 3079 693 ἐκ
3131 651 3222 704 τῆς
3272 651 3480 715 Περσῶν
3535 649 3612 699 ἐπὶ
3662 653 3741 706 τήν
3769 655 3840 704 καθ’

2323 728 2464 799 ἡμᾶς
2512 728 2814 802 οἰκουμένην
2869 731 3043 803 ὥσπερ
3093 735 3210 784 τινὰ
3273 735 3622 807 θανατηφόρον
3669 736 3731 789 ἰὸν
3773 741 3845 802 έξιξ.

2321 835 2466 888 μασι.
2512 823 2742 870 Τοιαῦτα
2771 827 2885 880 ταῖς
2921 827 3022 870 τῶν
3061 818 3338 894 ἀνθρώπων
3372 822 3579 894 ψυχαῖς
3623 826 3646 876 ὁ
3699 837 3844 900 παμπό-

2321 925 2478 978 νηρος
2533 905 2765 979 ἐνήχησε
2809 905 3018 982 δράκων
3049 927 3060 940 ·
3094 913 3352 974 τοιούτοις
3399 912 3650 986 λοχαγοῖς
3682 924 3756 970 καὶ
3787 939 3846 972 τι-

2323 993 2574 1068 ξιάρχαις
2631 995 2902 1068 ἐχρήσατο
2941 1000 3078 1050 κατὰ
3137 1005 3232 1061 τῆς
3285 999 3530 1066 ἀληθείας
3591 1015 3846 1077 παραταττό-

2321 1102 2486 1154 μενος.
2527 1083 2540 1106 ’
2574 1083 2712 1137 Αλλὰ
2732 1086 2926 1159 ῥᾷστον
2966 1087 2992 1138 ὁ
3018 1095 3284 1150 Δεσπότης
3313 1094 3367 1142 τὸ
3407 1088 3606 1162 ψεῦδος
3634 1092 3847 1167 ἀπήλεγξι,

2320 1178 2409 1225 καὶ
2441 1177 2533 1232 τὴν
2581 1179 2876 1247 συμμορίαν
2929 1182 3026 1228 τῶν
3065 1180 3252 1230 τούτου
3303 1187 3601 1254 συνηγόρων
3643 1187 3700 1244 ὡς
3749 1187 3848 1238 ἰστὸν

2320 1259 2561 1336 ἀράχνης
2599 1259 2825 1317 διέλυσε.
2871 1269 3016 1318 Κατὰ
3054 1264 3112 1320 δὲ
3153 1271 3344 1330 ταύτης
3382 1277 3472 1331 τῆς
3533 1273 3756 1344 αἱρέσεως
3773 1295 3850 1346 7t:-

2317 1355 2468 1411 ναίως
2522 1353 2872 1426 παρετάξαντο
2928 1354 3103 1426 λόγοις
3131 1362 3280 1419 Τῖτος
3329 1378 3381 1411 τε
3419 1365 3510 1412 καὶ
3549 1359 3796 1434 Διόδωρος,
3835 1371 3851 1416 6

2314 1441 2404 1512 μὲν
2439 1445 2528 1498 τὴν
2567 1441 2907 1516 Βωστρηνών,
2963 1441 3221 1520 Διόδωρος
3269 1442 3329 1500 δὲ
3389 1452 3483 1506 τὴν
3543 1449 3744 1503 Κιλίκων
3779 1453 3856 1505 ἰθύ-

2314 1549 2399 1590 νας
2444 1531 2782 1604 μητρόπολιν.
2845 1533 3138 1608 Συνέγραψε
3187 1532 3246 1589 δί
3293 1541 3382 1589 καὶ
3423 1543 3668 1613 Γεώργιος
3699 1542 3723 1593 ὁ
3759 1547 3856 1595 Aac.

2315 1614 2508 1684 δικεὺς,
2553 1619 2702 1694 ἀνὴρ,
2735 1629 2830 1684 τῆς
2878 1625 2969 1695 μὲν
3023 1625 3268 1698 αἱρέσεως
3317 1637 3625 1699 προστατῶν
3675 1631 3854 1702 ’Δριίον,

3667 1723 3780 1792 πρὸς
3815 1719 3856 1774 δί

2309 1800 2506 1858 τούτοις
2543 1805 2632 1851 καὶ
2682 1801 2706 1851 ὁ
2760 1801 2935 1863 Φοίνιξ
2979 1802 3240 1864 Εὐσέϐιος.
3303 1805 3386 1857 Ἐν
3410 1809 3616 1870 τούτοις
3657 1811 3736 1880 μὲν
3789 1817 3856 1864 καὶ

2312 1889 2378 1938 τὰ
2428 1890 2561 1940 κατὰ
2606 1893 2699 1947 την
2757 1885 2990 1949 δυσσεϐῆ
3039 1900 3130 1944 τοῦ
3181 1895 3442 1956 Μάνεντος
3495 1898 3690 1970 αἰρεσιν
3737 1917 3749 1930 ·
3793 1899 3855 1970 ἀφ’

2313 1975 2374 2027 οὗ
2402 1973 2468 2034 δὴ
2519 1983 2608 2029 καὶ
2660 1981 2718 2030 τὸ
2771 1979 3084 2050 Μανιχαίων
3134 1985 3294 2054 ὄνομα
3331 1991 3442 2047 τοῖς
3493 1985 3698 2048 πολλοῖς
3737 1987 3858 2040 εἰσέτι

2314 2065 2635 2126 ἰπιπολάξιι.
2691 2068 2824 2139 Ἐγὼ
2875 2064 2935 2120 δὲ
2973 2071 3057 2122 ἐπὶ
3103 2073 3167 2123 τὰ
3196 2071 3308 2133 ἑξῆς
3363 2080 3459 2137 τῆς
3513 2077 3734 2148 ἱστορίας
3766 2096 3858 2150 προ-

2314 2151 2566 2227 ϐήσομαι.
2603 2156 2856 2210 Ἐπειπὼν
2887 2160 2988 2232 γὰρ
3036 2161 3130 2221 τὰς
3179 2168 3278 2211 τῶν
3323 2157 3584 2234 βασιλέων
3615 2160 3858 2236 διαδοχὰς,

2311 2250 2401 2296 καὶ
2461 2247 2554 2306 τὰς
2610 2254 2708 2298 τῶν
2753 2247 2988 2319 μεγάλων
3043 2259 3326 2319 παροικιῶν
3370 2259 3470 2304 τῶν
3528 2254 3694 2326 ἰιρέων
3743 2255 3860 2326 ἀμοι-

2311 2333 2425 2402 ϐὰς,
2460 2332 2570 2387 εἶτα
2608 2340 2696 2387 καὶ
2754 2337 2870 2388 ὅσοι
2919 2335 3172 2395 τηνικάδε
3223 2335 3411 2414 ἄνδρες
3473 2341 3860 2401 ἐκκλησιαστικοὶ

2311 2419 2585 2496 διέπρεπον
2627 2433 2943 2498 συγγραφεῖς
2977 2443 2990 2456 ⁸
3038 2429 3212 2480 ἔπειτα
3240 2434 3330 2483 καὶ
3385 2431 3504 2483 ὅσοι
3536 2435 3724 2484 τούτων
3754 2435 3858 2504 ἄχρι

2307 2521 2402 2576 τῆς
2456 2522 2553 2565 τῶν
2619 2513 2906 2573 ἐκκλησιῶν
2970 2516 3274 2590 πολιορκίας
3337 2521 3422 2572 ἐπὶ
3479 2528 3584 2572 τῶν
3635 2518 3860 2575 δυσσεϐῶν

2305 2604 2563 2674 τυράννων
2584 2607 2914 2676 παρέμειναν,
2947 2600 3299 2679 διηγήσομαι.

2897 2819 3141 2873 ΚΕΦΑΛ.
3185 2818 3308 2876 ΛΓ.

2307 2928 2458 3000 Περὶ
2496 2932 2611 2986 τῆς
2656 2920 2998 3004 ῥἰαδοχῆᾼς
3033 2935 3152 2978 τῶν
3202 2926 3260 2979 ἓν
3297 2927 3504 3004 Ῥώμη
3549 2935 3663 2990 τὴν
3709 2929 3855 3004 βασί-

2656 2995 2825 3048 λειον
2866 2995 3266 3052 διθυνὸντων
3305 2995 3550 3076 ἀρχήν.

2371 3105 2515 3156 Μετὰ
2564 3107 2736 3156 Δέκιον
2790 3100 2913 3156 ούδὶ
2966 3100 3063 3157 δύο
3103 3107 3190 3164 ἔτη
3222 3114 3328 3168 τοῖς
3373 3111 3491 3182 περὶ
3539 3109 3724 3162 Γάλλον
3770 3111 3860 3179 ἡγι-

2299 3195 2604 3267 μονεύσασι,
2663 3195 2729 3244 τὰ
2802 3192 3066 3265 Ῥωμαίων
3141 3205 3382 3271 σκῆπτρα
3465 3203 3604 3272 πρὸς
3681 3197 3862 3252 Οὐαλλε-

2298 3287 2470 3357 ριανὸν
2536 3286 2624 3334 καὶ
2678 3281 2924 3340 Γαλιηνὸν
2976 3282 3260 3356 μετέϐαινε.
3341 3289 3489 3340 Κατὰ
3573 3295 3773 3362 Περσῶν
3819 3285 3861 3341 ἃ

2297 3374 2594 3443 κινούμενος
2658 3370 3051 3444 Οὐαλλεριανὸς,
3112 3371 3219 3426 ἐπεὶ
3271 3373 3323 3426 ἐν
3375 3373 3574 3450 Ἐδέσῃ
3635 3383 3859 3452 yearsqu

2297 3465 2384 3513 τὸν
2451 3464 2672 3534 στρατὸν
2721 3459 2872 3532 λιμὸς
2925 3465 2983 3512 τὸ
3041 3461 3188 3515 πλέον
3241 3466 3270 3522 ἣ
3329 3463 3470 3536 ξίφος
3519 3473 3700 3520 τοῦτον
3737 3468 3862 3541 ἐθέρι-

2299 3551 2404 3616 ζεν,
2463 3549 2539 3602 ἐπ’
2579 3549 2734 3602 αὐτὸν
2791 3555 3122 3604 συνίσταντο.
3161 3557 3266 3611 Τὴν
3326 3550 3386 3608 δὲ
3433 3563 3528 3608 τοῦ
3559 3556 3686 3610 λαοῦ
3716 3557 3862 3618 ἐκεῖνος

2298 3641 2626 3700 ὑποπτεύσας
2673 3641 2862 3714 ὁρμὴν,
2931 3641 3320 3713 συμπλέκεσθαι
3383 3649 3619 3719 Πέρσαις
3685 3667 3860 3721 σχημα-

2297 3731 2587 3801 τισάμενος,
2655 3729 2940 3801 αὐτόμολος
2995 3733 3206 3793 ἐκείνοις
3261 3737 3590 3810 προσρύεται
3662 3740 3861 3810 συνθέμε-

2295 3839 2378 3881 νος
2425 3823 2516 3872 καὶ
2573 3821 2630 3871 τὸ
2676 3817 2873 3882 πλῆθος
2937 3817 3248 3894 προδοῦναι.
3291 3821 3356 3874 ’0
3410 3823 3663 3898 Ῥωμαῖοι
3719 3827 3863 3880 αἰσθό-

2294 3927 2456 3980 μενοι,
2540 3909 2722 3960 θᾶττον
2805 3909 3031 3981 ἔφευγον,
3115 3914 3210 3963 οὐκ
3287 3911 3470 3985 ὀλίγων
3543 3914 3860 3991 ἀνῃρημένων,

2294 3998 2490 4052 Ἐκεῖσε
2538 4004 2663 4069 γοῦν
2725 4000 2866 4072 παρὰ
2922 3995 3210 4073 βαρϐάροις
3277 4007 3366 4055 καὶ
3415 4003 3696 4078 Σαπώριδι
3765 4004 3859 4059 δον-

2292 4086 2425 4139 λείαν
2481 4089 2789 4158 ὑπτνεγκὼν,
2847 4092 2936 4139 καὶ
2984 4088 3273 4143 τελευταῖον
3323 4099 3568 4164 σφαγεὶς,
3627 4103 3858 4170 μόναρχον

2291 4181 2378 4228 τὸν
2425 4176 2537 4228 υἱὸν
2595 4177 2842 4234 Γαλιηνὸν
2888 4173 3116 4231 ἐδείκνυ.
3171 4179 3330 4232 Οὗτοι
3371 4178 3477 4234 δ’ἐν
3519 4183 3858 4240 πεντεκαίδεκα

2291 4267 2428 4318 ἔτεσι
2485 4269 2578 4324 τὴν
2641 4263 2902 4338 Ῥωμαίων
2977 4265 3152 4339 ἀρχὴν
3221 4265 3564 4334 διιθύναντες.
3639 4271 3858 4330 Κλαύδιον

2291 4357 2450 4426 ἔσχον
2499 4350 2781 4426 διάδοχον.
2839 4353 2936 4417 ’ος
2999 4351 3065 4414 δὴ
3112 4358 3223 4420 ἔτος
3273 4357 3322 4410 ἓν
3368 4365 3458 4414 καὶ
3517 4373 3696 4435 μῆνας
3761 4361 3860 4418 δέκα

2289 4441 2738 4518 προσδιαρκέσας,
2787 4443 3090 4518 Αύρηλιανῷ
3149 4453 3241 4499 τοῦ
3293 4450 3518 4522 κράτους
3569 4462 3668 4516 τῆς
3717 4453 3858 4526 ἀρχῆς

2287 4529 2590 4606 μετεδίδου.
2641 4539 2905 4596 Συσκιυῆς
2957 4530 3016 4587 δὲ
3058 4535 3174 4587 κατ’
3237 4536 3396 4590 αὐτοῦ
3448 4545 3746 4614 γενομένης,
3791 4563 3842 4596 κα

2287 4625 2335 4676 ἓν
2391 4630 2550 4694 καινῷ
2601 4625 2841 4697 ’φρουρίῳ
2899 4629 3032 4696 φόνῳ
3094 4621 3254 4698 δολίῳ
3311 4629 3368 4680 τὸ
3433 4627 3592 4701 βιοῦν
3649 4631 3857 4705 ἐκμετρὲ-

2289 4731 2495 4778 σαντος,
2543 4711 2794 4779 ἑτελιύτα,
2847 4713 2931 4764 ἐπὶ
2983 4713 3036 4776 ἓξ
3085 4715 3172 4772 ἔτη
3227 4721 3290 4788 τῇ
3349 4715 3492 4791 ἀρχῇ
3547 4716 3852 4794 διαγεγονὼς,

2285 4802 2402 4856 Ἐπὶ
2460 4799 2518 4854 δὲ
2557 4805 2719 4873 τούτῳ
2757 4803 2978 4864 Τάκιτος
3023 4798 3208 4877 ἦρχεν,
3251 4802 3306 4868 ἓξ
3353 4813 3525 4877 μῆνας
3567 4805 3852 4871 auem”:

2285 4892 2358 4965 ἦν’
2415 4893 2475 4944 οὗ
2514 4911 2642 4965 φασι
2693 4897 2781 4944 καὶ
2831 4895 2918 4944 τὸν
2955 4896 3118 4965 μέγαν
3179 4893 3503 4966 ὁμολογῆσαι
3559 4905 3852 4976 Χαρίτων

2285 4983 2336 5035 ὃν
2387 4981 2697 5054 Φλωριανός,
2756 4977 2878 5033 οὐδὲ
2935 4989 3072 5054 τρεῖς
3127 4990 3296 5055 μῆνας
3360 4981 3653 5056 διηνυνιὼς,
3709 4987 3850 5044 61:3:-

2282 5089 2430 5144 χετο.
2484 5075 2584 5125 Καὶ
2632 5071 2784 5143 ἄμφω
2821 5066 2880 5124 δὲ
2936 5069 3077 5124 οὗτοι
3151 5080 3423 5146 μαχαίρας
3465 5078 3622 5150 ἔργον
3677 5085 3849 5153 γεγόνα-

2282 5195 2557 5254 servitute
2586 5195 2976 5250 consenuisse
3003 5195 3384 5255 Valerianum
3411 5201 3706 5260 scribunt.

2351 5267 2432 5340 (3)
2465 5271 2596 5340 Post
2617 5265 2698 5340 Fili.
2733 5265 2964 5340 Claudii
3006 5275 3278 5333 mortem,
3321 5273 3660 5336 Quentilius
3709 5275 3848 5332 frater

2281 5337 2470 5420 ejus'a
2494 5337 3123 5420 militibusim‘perator
3142 5341 3352 5410 lectus,
3371 5349 3426 5399 et
3449 5347 3510 5400 t7
3535 5347 3846 5420 imperiidie

2275 5411 2586 5484 jugulatus
2613 5415 2723 5484 est.
2765 5411 3056 5484 (Eutrop.)

2352 5481 2430 5557 (4)
2459 5481 2696 5540 Castalii
2715 5497 2939 5540 nomen
2964 5481 3052 5541 est
3087 5481 3610 5558 Canophrurium.
