4016 6224
195 313 334 371 1197

1249 311 1817 370 ECCLESIASTlC/E
1857 311 2207 369 HISTORIE
2246 314 2374 369 LIB.
2417 313 2511 370 Vl.

3407 315 3547 373 1198

200 461 302 497 σιν.
352 443 468 494 Ἐπὶ
502 437 560 494 δὲ
617 440 814 514 Πρόϐον
855 441 885 499 ἠ
938 438 1186 512 βασιλεία
1233 438 1618 512 μετεκυϐεύετο.
1667 443 1792 492 Τέσ-

1909 454 2148 495 manam
2205 439 2662 496 administravit.
2711 439 2953 513 Utrique
2988 440 3030 497 ii
3080 441 3234 498 ferro
3265 441 3545 500 trucidati

199 551 359 605 σαρας
387 538 512 602 γοῦν
547 539 709 602 μῆνας
739 534 828 582 καὶ
859 525 1006 591 οὗτος
1035 532 1182 580 πέντε
1218 533 1312 580 σὺν
1341 531 1477 581 ἔτεσι
1517 526 1788 595 διανύσας,

195 620 482 694 ἀναιρεῖται
521 623 610 692 μὲν
664 619 711 671 ἐν
761 623 956 692 Σερμίῳ
986 640 998 652 ο
1035 621 1188 692 Κάρῳ
1247 615 1305 669 δὲ
1357 623 1446 671 καὶ
1488 625 1607 685 ,τοῖς
1667 617 1794 670 ἐκεί-

193 731 282 763 νου
356 713 529 774 παισὶ,
606 713 812 782 Καρίνῳ
890 713 980 760 καὶ
1052 715 1408 782 Νουμεριανῷ,
1471 711 1528 759 τὸ
1607 708 1792 780 κράτος

195 805 515 874 παρέπεμπε.
573 803 672 851 Καὶ
724 801 916 850 τούτων
972 794 1031 850 δε
1084 795 1198 849 οὐδ’
1247 796 1378 856 ὅλοις
1428 801 1574 870 τρισὶ
1610 793 1790 868 διαγεο

193 893 413 962 νομένων
472 887 743 953 ἐνιαυτοῖς,
818 891 1019 959 μέτεισι
1087 890 1151 938 τὰ
1229 894 1322 948 τῆς
1376 888 1654 958 ἡγεμονίας
1709 887 1792 937 Eni

195 977 580 1035 Διοκλητιανόν.
634 984 718 1047 Τῷ
777 972 836 1028 δε
897 983 988 1028 τοῦ
1039 977 1211 1048 Κάρου
1265 977 1360 1045 υἱῷ
1433 971 1789 1047 Νουμεριανῷ,

195 1065 499 1139 Ἀντιοχείᾳ
552 1064 929 1140 προσϐάλλοντι
995 1073 1056 1138 τῇ
1111 1068 1240 1137 πρὸς
1298 1064 1565 1137 Ὀρόντην,
1645 1063 1793 1134 λόγος

193 1156 352 1209 αὐτόν
413 1161 504 1206 καὶ
559 1159 638 1208 ἐπὶ
699 1160 790 1212 τήν
856 1162 954 1206 τῶν
1009 1161 1330 1228 Χριστιανῶν
1377 1152 1655 1211 ἔκκλησίαν
1713 1151 1795 1204 ἐλ-

197 1247 300 1296 θεῖν
330 1266 344 1277 ·

194 1330 364 1394 ἀδεῶς
421 1336 797 1406 παρακύπτειν,
856 1335 940 1384 τὸν
992 1341 1082 1393 τῆς
1129 1331 1320 1394 πόλεως
1368 1331 1647 1385 ἐπίσκοπον
1693 1340 1795 1384 Βα-

414 1245 669 1316 ᾐρημένον
747 1239 804 1295 δὲ
878 1247 966 1295 καὶ
1038 1250 1149 1302 τοῖς
1210 1241 1408 1294 ἐκείνων
1478 1246 1794 1315 μυστηρίοις

196 1422 377 1488 ϐύλαν,
436 1425 640 1492 ἐπέχειν
694 1427 766 1483 είς
811 1429 1088 1494 πρόσωπον
1156 1419 1515 1474 ἀντιϐαίνοντα
1569 1426 1795 1494 γενναιό-

193 1531 339 1586 τερον
381 1528 395 1543 ·
437 1511 531 1563 οὐκ
585 1510 692 1573 ἐξὸν
746 1511 874 1562 εἶναι
927 1513 1191 1582 φάσκοντα
1242 1518 1350 1572 τοῖς
1401 1510 1455 1562 ἐκ
1501 1520 1600 1563 τῶν
1646 1508 1797 1564 εἰδω-

193 1601 352 1653 λικῶν
410 1603 602 1652 θυσιῶν
671 1601 879 1672 λύθροις
943 1604 1312 1672 μεμιασμένον,
1381 1604 1464 1653 τόν
1519 1608 1610 1653 τοῦ
1663 1608 1796 1655 Θεοῦ

191 1688 335 1744 οἶκον
391 1691 696 1743 είύελασνειν
746 1689 950 1762 ἁθρόον,
1004 1694 1094 1742 καὶ
1141 1693 1207 1742 τὰ
1256 1692 1367 1742 θεία
1408 1696 1680 1764 μυστήρια
1709 1688 1798 1764 βε-

1903 534 2040 583 sunt
2069 529 2171 597 (t),
2222 533 2280 583 et
2311 528 2472 584 caede
2515 544 2723 585 eorum
2773 530 3092 602 imperium
3149 530 3229 587 ad
3281 531 3542 588 Probum

1902 617 2254 672 translatum
2272 623 2378 672 est.
2407 617 2510 673 Hic
2532 617 2706 674 annis
2741 634 2846 674 sex
2874 625 2930 674 et
2959 619 3271 676 mensibus
3287 625 3548 692 quatuor

1901 721 1972 762 eo
1990 708 2231 777 potitus,
2261 713 2438 780 atque
2464 709 2522 762 in
2550 708 2764 764 Sirmio
2785 709 3039 775 occisus,
3070 712 3220 766 Caro
3250 709 3548 782 ejusdem-

1902 810 2020 866 que
2048 794 2183 850 ﬁliis
2199 796 2408 852 Carino
2420 802 2475 852 et
2494 797 2856 854 Numeriano
2869 802 3224 870 potestatem
3238 815 3546 857 summam

1901 884 2157 958 reliquit.
2191 885 2306 942 Sed
2339 892 2394 942 et
2424 887 2463 942 ii
2493 903 2612 942 non
2645 887 2778 942 totis
2811 887 2997 944 tribus
3025 890 3199 945 annis
3230 891 3548 962 imperium

1901 977 2235 1039 tenuerunt,
2261 981 2316 1030 et
2346 974 2423 1030 ab
2445 975 2516 1029 iis
2544 991 2740 1031 rerum
2774 992 3013 1032 summa
3035 977 3112 1033 ad
3142 977 3550 1036 Diocletauum

1901 1063 2185 1133 pervenit.
2244 1064 2557 1120 Enimvero
2587 1079 2725 1120 cum
2770 1066 2901 1120 Cari
2944 1065 3104 1122 ﬁlius
3155 1068 3548 1125 Numerianus

1903 1150 2017 1223 43
2033 1153 2075 1222 ι
2099 1152 2492 1225 Antiochiam,
2513 1169 2649 1225 quae
2663 1153 2740 1209 ad
2763 1155 3041 1211 Orontem
3058 1162 3166 1226 est,
3185 1158 3466 1223 venisset,
3486 1157 3549 1213 in

1902 1241 2215 1296 ecclesiam
2237 1243 2703 1299 Christianorum
2725 1243 3034 1313 ingressus
3065 1260 3193 1301 esse
3217 1246 3432 1303 dicitur
3453 1260 3466 1301 :
3493 1252 3551 1305 et

1903 1345 2039 1385 cum
2099 1329 2179 1385 ibi
2208 1330 2390 1387 libere
2438 1332 2615 1404 quasi
2673 1347 2778 1404 per
2809 1339 3195 1391 transennam
3253 1335 3546 1408 inspicere

1903 1434 2125 1474 arcana
2146 1435 2353 1476 eorum
2382 1421 2668 1492 mysteria
2697 1421 2888 1486 vellet,
2945 1423 3201 1496 Babylas
3229 1425 3552 1499 episcopus

1906 1525 2130 1579 magno
2151 1509 2354 1566 animo
2381 1512 2440 1566 in
2461 1510 2672 1567 faciem
2695 1511 2748 1567 ei
2765 1511 3122 1580 consistens,
3148 1514 3207 1570 id
3225 1515 3548 1586 prohibuit,

1907 1615 2026 1657 non
2057 1599 2228 1656 licere
2259 1601 2484 1667 dicens,
2513 1617 2652 1657 eum
2673 1617 2882 1658 cruore
2903 1618 2974 1658 ex
3003 1603 3301 1660 idolorum
3331 1607 3555 1663 sacriﬁ-

1906 1689 2010 1744 ciis
2058 1689 2373 1760 pollutum,
2406 1691 2465 1745 in
2507 1690 2758 1746 domum
2795 1691 2894 1747 Dei
2943 1698 3068 1748 tam
3113 1695 3554 1768 praacipitanter

193 1779 373 1840 ϐήλοις
431 1784 635 1852 ὄμμασι
695 1781 993 1852 καταθρεῑν.
1063 1779 1166 1851 Ἐφ’
1219 1788 1296 1840 οῖς
1361 1779 1796 1851 ἀγανακτήσαντα

1909 1778 2158 1848 ingredi,
2178 1785 2234 1834 et
2259 1779 2462 1834 divina
2484 1781 2770 1851 mysteria
2785 1783 3204 1838 contaminatis
3222 1783 3408 1840 oculis
3425 1801 3557 1857 spe-

191 1874 572 1943 Νουμεριανὸν,
631 1869 852 1921 κολάσαι
900 1877 1077 1921 τοῦτον
1118 1867 1374 1941 βασάνοις
1423 1875 1513 1922 καὶ
1563 1869 1796 1922 ἀποκτεῖ-

191 1980 303 2012 ναι.
355 1959 414 2011 Ὀ
462 1962 552 2031 μεν
605 1958 692 2010 οὖν
739 1960 928 2030 Κάρος,
986 1965 1226 2015 σκηπτοῦ
1278 1966 1338 2030 τῇ
1382 1961 1577 2011 ἐκείνου
1629 1968 1792 2033 σκηνῇ

195 2048 578 2118 ἐνσκήψαντος,
645 2051 738 2100 σὺν
803 2047 932 2118 αὐτῇ
987 2047 1382 2120 καταφλέγεται.
1447 2049 1799 2121 Νουμεριανός

194 2135 258 2191 δὲ
313 2139 413 2191 ὑπὸ
467 2145 555 2190 τοῦ
625 2134 765 2189 ἰδίου
816 2139 1059 2209 πενθεροῦ
1118 2136 1424 2210 ἀναιρεῖται.
1493 2138 1650 2192 Ἀλλὰ
1710 2143 1798 2192 καὶ

193 2229 419 2302 Καρῖνος
474 2227 717 2298 αἰσχρῶς
776 2234 838 2298 τῇ
908 2225 1052 2299 ἀρχῇ
1108 2231 1428 2301 κεχρημένος
1489 2231 1634 2300 παρὰ
1706 2236 1798 2281 τοῦ

189 2317 324 2368 λαοῦ
409 2318 706 2388 σφάττεται.
789 2315 938 2366 Οὕτω
1026 2312 1084 2368 δὲ
1169 2319 1362 2368 τούτων
1426 2321 1794 2389 γεγενημένων,

190 2404 553 2464 Διοκλητιανὸς
610 2409 667 2456 τὸ
722 2407 862 2474 γένος
921 2403 1190 2474 Δαλμάτης
1259 2405 1347 2473 ὧν,
1387 2406 1682 2476 συγκλήτου
1745 2425 1800 2458 τε

191 2492 391 2568 βουλὴς
439 2495 493 2546 ἐκ
524 2493 711 2545 πολλοῦ
742 2497 1026 2566 μετασχὼν
1073 2499 1162 2546 καὶ
1209 2496 1459 2557 ὑπατείας
1511 2504 1605 2556 τῆς
1654 2501 1800 2568 πρω-

191 2604 293 2646 της
357 2582 658 2655 ἠξιωμένος,
720 2587 809 2634 καὶ
875 2585 1002 2654 ἔργα
1060 2579 1119 2634 δε
1170 2587 1349 2658 χειρός
1416 2583 1635 2637 πλεῖστα
1691 2587 1799 2636 ἑπι-

194 2670 520 2745 δειξάμενος,
595 2674 644 2724 ἓν
715 2691 768 2724 τε
835 2672 1078 2743 πολέμοις
1151 2678 1240 2724 καὶ
1289 2670 1503 2745 βουλαῖς
1581 2676 1798 2748 ἄριστος

195 2759 329 2815 εἶναι
383 2766 698 2836 κρινόμενος,
747 2759 999 2834 βασιλεὺς
1056 2761 1318 2835 Ῥωμαίων
1371 2768 1525 2818 παντὶ
1575 2766 1798 2839 ίκρίνετο

197 2853 272 2922 τῷ
301 2860 518 2926 στρατῷ.

796 2964 1036 3013 ΚΕΦΑΛ.
1081 2955 1201 3013 ΛΔ’.

196 3048 383 3102 Ὅσοι
420 3055 539 3100 τῶν
579 3051 902 3119 μεγίστων
928 3048 1178 3122 πόλεων
1217 3053 1324 3108 τὴν
1363 3055 1796 3122 ποιμαντικήν

274 3120 682 3206 ἐκληροῦντο,
709 3125 848 3206 1,καὶ
909 3121 1072 3193 ἄχρι
1132 3130 1244 3183 τῆς
1282 3130 1398 3174 τῶν
1437 3120 1797 3180 ἐκκλησιῶν
1831 3149 1872 3206 C

272 3187 658 3268 πολιορκίας
697 3187 1051 3265 διέμειναν.

272 3301 418 3354 Ἐπεὶ
449 3297 508 3352 δε
551 3304 643 3358 τήν
674 3304 934 3372 κοσμικὴν
964 3298 1139 3373 ἀρχὴν
1196 3302 1264 3362 ὡς
1317 3303 1421 3353 ἐνὸν
1471 3298 1796 3376 διελάϐομεν,

195 3395 320 3464 φέρε
366 3395 456 3442 καὶ
485 3397 583 3441 τῶν
635 3388 717 3442 ἐπὶ
748 3393 952 3450 τούτοις
1002 3393 1092 3450 τὰς
1155 3392 1292 3462 ἱερὰς
1356 3393 1505 3454 ἡνίας
1571 3391 1801 3464 ἐγκεχει-

187 3483 454 3554 ρισμένων
529 3487 629 3530 τῶν
711 3483 968 3551 μεγίστων
1054 3489 1340 3553 παροικιῶν
1415 3483 1502 3542 τὰς
1591 3482 1800 3544 κλήσεις

192 3568 586 3641 διαληψόμεθα.
645 3569 726 3622 Ἐν
783 3571 873 3640 μεν
943 3564 1031 3620 οὖν
1086 3568 1254 3641 Ῥώμη
1313 3572 1444 3641 μετὰ
1497 3574 1581 3623 τόν
1639 3571 1798 3623 πολὺν

193 3659 500 3732 Κορνήλιον,

187 3752 334 3802 ἔτεσι
400 3753 571 3820 τρισὶν
638 3749 990 3819 ἡγησάμενον,
1059 3750 1286 3810 Λούκιος
1339 3752 1433 3807 τήν
1505 3749 1796 3808 ἐπισκοπὴν

189 3834 474 3908 διεδέχετο
507 3855 519 3867 ·
555 3836 610 3898 ὃς
639 3833 753 3889 οὐδ’
799 3836 933 3898 ὅλοις
981 3841 1143 3908 μησὶν
1191 3836 1326 3889 ὀκτὼ
1356 3843 1698 3911 παραμείνας,
1730 3847 1792 3911 τῇ

183 3927 511 4001 λειτουργίᾳ,
579 3929 811 3999 Στεφάνῳ
867 3927 1115 3979 τελευτῶν
1175 3927 1474 3980 καταλείπει
1527 3931 1613 3980 τόν
1674 3927 1797 3987 κλῆ-

595 3662 680 3710 τὸν
770 3665 1007 3712 Ναυᾶτον
1087 3660 1276 3721 ἱκανῶς
1367 3659 1794 3727 στηλιτεύσαντα,

184 4037 304 4094 ρον.
356 4022 454 4070 Καὶ
502 4017 650 4078 οὗτος
705 4013 754 4068 δ’
787 4015 870 4068 ὶπι
924 4013 1080 4068 δυσὶν
1123 4018 1288 4068 ἔτεσιν
1339 4019 1660 4089 ἱερατεύσας,
1693 4020 1795 4071 Ξύ-

189 4126 319 4160 στον
351 4109 478 4178 ἔσχε
528 4102 811 4178 διάδοχον.
864 4105 1023 4158 Οὗτοι
1076 4108 1166 4178 μὲν
1219 4105 1302 4158 ἔπι
1367 4106 1745 4181 Οὐαλλεριανοῦ
1777 4149 1793 4163 .

186 4194 280 4248 ἐπὶ
329 4192 388 4248 δὲ
439 4195 710 4257 Γαλιηνοῦ,
770 4196 971 4248 Ξύστου
1037 4197 1175 4247 ἔτεσι
1237 4192 1366 4247 δέκα
1421 4200 1550 4268 πρὸς
1603 4205 1675 4268 τῷ
1724 4196 1795 4250 ίνὶ

186 4281 670 4355 διακονησαμένου,
721 4287 987 4344 Διονύσιος
1026 4288 1112 4336 τὸν
1168 4286 1344 4358 θρόνον
1401 4283 1650 4358 ἐλάμϐανε
1701 4293 1793 4348 τῆς

181 4374 505 4435 ἐπισκοπῆς.
561 4371 737 4425 Ἔτεσι
786 4370 836 4424 δ’
893 4375 1032 4425 ἐννέα
1075 4372 1470 4445 κληρωσάμενον
1521 4379 1609 4426 καὶ
1672 4381 1796 4427 τοῦ·

179 4483 280 4517 τον
329 4467 422 4520 τὴν
475 4462 820 4535 λειτουργίαν,
876 4461 1036 4524 Φῆλιξ
1100 4461 1184 4513 ἐπὶ
1241 4471 1340 4514 τῶν
1399 4463 1542 4536 ἱερῶν
1603 4462 1794 4516 οἰάκων

179 4552 432 4623 ἀνήγετο.
469 4557 568 4604 Καὶ
620 4558 799 4604 τοῦτον
841 4548 892 4603 δ’
939 4550 1022 4603 ἐπὶ
1062 4550 1200 4603 ἐννέα
1232 4550 1485 4614 ὶνιαυτοίς
1536 4560 1631 4612 τῆς
1680 4552 1794 4604 Ἐκ·

174 4641 285 4704 κλη
299 4645 414 4703 σίας
443 4651 759 4713 προστάντα,
795 4640 1136 4712 Εὖμυχιανός
1167 4637 1462 4712 διεδέχετο.
1499 4638 1630 4694 Οὐδ’
1659 4641 1794 4703 ὅλοις

177 4729 250 4786 δὲ
302 4735 466 4803 μησὶν
519 4730 652 4781 ὀκτὼ
691 4727 842 4791 οὗτος
881 4727 1262 4801 διαγενόμενος,
1317 4733 1455 4802 Γαίῳ
1508 4728 1792 4802 μετεδίδου

171 4830 288 4882 τῆς
330 4821 580 4893 ἑερατείας
637 4823 723 4872 τόν
781 4819 988 4892 κλῆρον.
1053 4825 1152 4872 Καὶ
1203 4822 1370 4891 τούτῳ
1421 4817 1480 4872 δὲ
1532 4825 1794 4873 πεντεκαί-

173 4908 324 4964 δεκα
375 4912 458 4966 ἔτη
529 4911 946 4982 ἱερουργήσαντι,
1002 4909 1348 4982 Μαρκελλῖνος
1403 4908 1488 4961 ἐπὶ
1545 4917 1638 4961 τοῦ
1681 4912 1796 4983 θρό-

170 5021 278 5053 νου
347 5001 635 5051 καθίστατο
669 5017 681 5028 ·
747 4999 800 5049 ὃν
866 5005 955 5050 καὶ
1015 5001 1040 5050 ό
1109 4995 1343 5070 διωγμὸς
1401 4997 1794 5056 τῶνέκκλησιῶν

170 5089 510 5160 κατειλήφει.
575 5088 691 5142 Ἐπὶ
749 5085 808 5140 δὲ
855 5095 950 5150 τῆς
999 5086 1340 5163 Ἀλεξάνδρου
1395 5091 1661 5141 Διονύσιον
1711 5093 1794 5142 τόν

169 5182 374 5242 πολὺν,
415 5181 579 5230 ἔτεσιν
631 5175 984 5230 ἑπτακαίδεκα
1039 5186 1100 5250 τῇ
1140 5178 1397 5251 ἐπισκοπῇ
1463 5181 1595 5250 μετὰ
1640 5178 1795 5251 Ἡρα-

171 5271 317 5323 κλᾶν
375 5264 734 5339 διαμείναντα,
809 5264 1092 5338 δωδεκάτῳ
1156 5276 1252 5330 τῆς
1303 5268 1556 5327 Γαλιηνοῦ
1616 5270 1793 5343 άρχῆς

187 5413 200 5418 '
261 5395 346 5464 (l)
377 5395 466 5450 Sic
498 5395 755 5466 V0pisc.,
785 5395 950 5450 Oros.
987 5411 1000 5460 ;
1035 5393 1492 5466 sediEutropius
1523 5396 1791 5452 Tacitum

168 5469 342 5525 intra
373 5465 846 5521 ducentesimum
871 5466 1105 5535 imperii
1134 5465 1312 5531 diem,
1349 5467 1513 5537 apud
1543 5470 1790 5523 Tarsum

167 5538 356 5610 febre
397 5538 729 5610 interiisse“:
767 5537 1104 5610 Florianum
1148 5537 1352 5592 incisis
1379 5553 1416 5594 a
1467 5540 1788 5610 semetipso

169 5608 366 5668 venis
395 5609 638 5676 obiisse,
662 5608 829 5665 dicit.

1906 1872 2087 1924 ctare.
2139 1869 2265 1934 Qua
2294 1884 2355 1924 re
2394 1869 2791 1925 Numerianus
2833 1869 3114 1937 offensus,
3147 1875 3554 1931 excruciatum

1906 1957 2073 2012 illum
2117 1957 2369 2012 necavit.
2431 1957 2495 2013 Et
2539 1958 2722 2014 Carus
2759 1959 3026 2030 quidem,
3059 1975 3197 2016 cum
3233 1963 3556 2020 tentorium

1907 2047 1956 2117 ej
1970 2063 2034 2100 us
2056 2045 2304 2101 fulmine
2328 2046 2506 2101 ictum
2525 2051 2699 2113 esset,
2725 2063 2844 2104 una
2865 2064 3004 2104 cum
3021 2064 3092 2104 eo
3109 2050 3508 2122 conﬂagravit
3536 2069 3552 2110 :

1906 2136 2302 2190 Numerianus
2328 2140 2526 2191 autem
2542 2151 2577 2192 a
2594 2137 2940 2209 soceroipse
2953 2153 3061 2194 suo
3075 2139 3154 2212 (2)
3167 2141 3556 2214 interemptus

1907 2231 2009 2280 est.
2045 2225 2290 2279 Carinus
2339 2225 2537 2291 etiam,
2593 2226 2758 2298 quod
2811 2227 3062 2300 turpiter
3091 2244 3152 2284 se
3210 2231 3270 2285 in
3300 2231 3555 2303 imperio

1908 2320 2154 2383 gereret,
2201 2330 2235 2369 a
2266 2314 2488 2386 populo
2523 2320 2611 2370 est
2652 2331 2845 2371 caesus
2883 2318 2985 2389 (3).
3033 2317 3131 2374 His
3172 2319 3253 2376 ita
3284 2321 3552 2388 sublatis,

1909 2403 2325 2469 Diocletianus,
2345 2419 2560 2474 genere
2584 2404 2877 2474 Dalmata,
2891 2407 3260 2478 jamdudum
3291 2417 3553 2483 senator,

1907 2499 1963 2548 et
1991 2494 2185 2565 primo
2233 2495 2550 2550 consulatu
2581 2501 2747 2564 gesto
2794 2495 3009 2564 clarus,
3042 2497 3268 2570 quique
3297 2499 3560 2572 plurima

1909 2599 2096 2638 manu
2141 2583 2381 2653 egregia
2411 2583 2627 2640 fecerat
2659 2584 2946 2652 facinora,
2977 2591 3034 2642 et
3062 2586 3219 2644 bello
3258 2594 3554 2658 strenuus,

1909 2676 1964 2728 et
1987 2671 2234 2728 consilio
2265 2679 2598 2744 promptus,
2616 2675 2694 2730 ab
2715 2675 2969 2732 exercitu
2997 2676 3323 2750 imperator
3343 2681 3555 2739 Roma-

1907 2777 2125 2818 norum
2155 2768 2242 2818 est
2271 2762 2669 2820 renuntiatus.

2497 2960 2718 3016 CAPUT
2755 2961 2975 3019 XXXIV.

1911 3050 2037 3126 Qui
2061 3049 2336 3107 maximis
2375 3049 2704 3126 quibusque
2731 3051 2979 3126 urbibus
3008 3051 3268 3122 episcopi
3303 3055 3560 3126 praefue-

1980 3122 2126 3186 rint,
2183 3129 2242 3204 et_
2293 3121 2478 3204 usque
2509 3121 3558 3196 ad’ecclesiarum’Oppugnutiohem

1978 3199 2329 3250 manserint.

1980 3302 2117 3357 Hinc
2143 3300 2216 3355 de
2247 3300 2556 3356 mundano
2595 3301 2868 3373 imperio.
2900 3303 3069 3358 Nunc
3093 3302 3274 3360 etiam
3308 3305 3560 3363 nomina

1908 3405 2116 3445 eorum
2148 3391 2251 3461 qui
2303 3390 2600 3446 maximas
2630 3406 2908 3462 quasque
2933 3391 3212 3448 ecclesias
3253 3409 3425 3450 sacra
3449 3395 3559 3451 ad-

1911 3479 2343 3536 ministratione
2359 3478 2791 3548 gubernarunt,
2816 3495 3258 3538 recenseamus.
3278 3484 3343 3538 Et
3360 3485 3558 3540 Roma:

1909 3569 2152 3642 quidem
2187 3572 2322 3640 post
2360 3567 2717 3634 Cornelium,
2759 3569 2860 3640 qui
2893 3572 3187 3626 Novatum
3214 3572 3561 3643 proscripsit

1908 3659 2098 3714 etsuis
2122 3656 2356 3727 scriptis
2374 3656 2720 3723 confutavit,
2747 3673 2817 3712 ac
2832 3658 3020 3714 tribus
3033 3659 3207 3714 annis
3229 3658 3556 3718 Ecclesium

1906 3749 2074 3812 rexit,
2128 3745 2338 3801 Lucius
2369 3746 2686 3816 episcopus
2735 3751 2968 3802 creatus
3021 3753 3130 3803 est.
3167 3747 3396 3815 Lucius,
3430 3764 3555 3806 non

1905 3836 2149 3906 integris
2201 3839 2334 3889 octo
2393 3833 2707 3890 mensibus
2765 3834 3094 3893 ministerio
3151 3836 3554 3896 ecclesiastico

1905 3924 2092 3990 obito,
2127 3931 2349 3979 sortem
2392 3922 2714 3996 locumque
2745 3939 2922 3979 suum
2954 3925 3257 3997 Stephano
3283 3925 3548 4000 reliquit.

1906 4015 1970 4069 Et
1994 4013 2089 4069 hic
2119 4012 2358 4068 duobus
2375 4011 2550 4068 annis
2579 4013 2934 4085 episcopatu
2962 4019 3150 4083 gesto,
3172 4016 3417 4088 Xystum
3452 4015 3556 4074 ha-

1903 4104 2033 4160 buit
2085 4116 2510 4158 successorem.
2555 4103 2745 4174 Atque
2769 4103 2810 4158 ii
2858 4102 2970 4158 sub
3013 4102 3327 4160 Valeriano
3357 4103 3548 4165 fuere.

1905 4192 2150 4249 Galieno
2194 4198 2395 4247 autem
2429 4191 2781 4262 imperante,
2813 4193 3026 4264 Xystus
3049 4192 3392 4266 episcopale
3422 4211 3556 4251 mu-

1904 4298 2019 4338 nus
2051 4281 2328 4337 undecim
2361 4280 2538 4335 annis
2585 4281 2774 4337 tenuit
2805 4300 2818 4338 :
2851 4281 3025 4354 eique
3074 4283 3391 4355 Dionysius
3420 4301 3559 4342 suc-

1905 4373 2100 4438 cessit,
2133 4371 2235 4443 qui
2266 4370 2612 4441 episcopatu
2637 4371 2815 4425 annis
2842 4376 2975 4427 octo
3005 4376 3094 4428 est
3118 4371 3380 4431 functus.
3401 4373 3557 4431 Felix

1906 4467 2106 4518 autem
2126 4474 2438 4514 successor
2451 4458 2600 4528 ejus,
2617 4457 2794 4530 432
2813 4463 2986 4516 anuis
2999 4461 3268 4534 quinque
3284 4462 3554 4519 Ecclesia:

1904 4555 2176 4609 Romanas
2194 4547 2700 4620 praefuit,eamque
2719 4549 3087 4621 Eutychiano
3101 4552 3554 4622 gubernandam

1903 4640 2157 4712 reliquit.
2207 4638 2258 4692 ls
2296 4639 2395 4694 vix
2424 4641 2559 4693 octo
2604 4639 2914 4693 mensibus
2945 4639 3276 4710 episcopali
3307 4656 3555 4697 munere

1902 4731 2163 4794 functus,
2193 4729 2400 4784 Caium
2431 4743 2842 4783 successorem
2867 4727 3101 4783 habuit.
3135 4729 3201 4784 Et
3246 4729 3343 4784 hic
3376 4731 3550 4786 annis

1901 4819 2249 4893 quindecim
2275 4833 2510 4873 sacram
2530 4821 2885 4888 potestatem
2912 4818 3117 4882 tenuit,
3138 4823 3194 4873 et
3222 4818 3554 4875 Marcellino

1902 4925 2037 4966 eam
2091 4908 2344 4980 reliquit,
2377 4907 2436 4962 in
2466 4921 2649 4978 quem
2679 4905 3065 4961 ecclesiarum
3107 4909 3439 4978 persecutio
3464 4907 3556 4964 iu-

1903 4999 2064 5056 cidit.
2097 4995 2468 5053 Alexandriae
2509 5010 2710 5067 porro,
2741 4993 3024 5066 Dionysio
3054 4994 3135 5049 illi
3173 5012 3416 5068 magno.
3451 4997 3556 5069 qui

1902 5094 2035 5160 post
2059 5085 2366 5142 Heraclam
2397 5085 2607 5140 decem
2660 5089 2717 5138 et
2748 5087 2977 5155 septem
3007 5085 3181 5138 annis
3231 5085 3554 5141 Ecclesium

1902 5175 2278 5248 gubernavit,
2346 5173 2709 5230 duodecimo
2762 5171 2984 5227 Galieni
3046 5188 3229 5239 anno,
3281 5173 3555 5230 Maximi-

1903 5284 2016 5324 nus
2071 5266 2147 5338 (4)
2182 5264 2483 5320 successit.
2519 5263 2655 5318 Post
2684 5262 2869 5326 hunc,
2898 5277 3037 5317 cum
3092 5261 3302 5318 decem
3331 5265 3390 5318 et
3419 5268 3554 5319 octo

2002 5391 2054 5460 '2)
2083 5393 2244 5461 Apro
2271 5387 2514 5461 scilicet.

2002 5393 2054 5460 '2)
2083 5393 2244 5461 Apro
2271 5393 2514 5444 scilicet.

1975 5393 2053 5534 £3)
2084 5462 2323 5534 Tribuni
2345 5460 2473 5530 ejus
2511 5457 2740 5523 dextra,
2769 5457 2942 5529 cujus
2973 5457 3296 5529 conjugem
3326 5456 3555 5531 pollue-

1903 5532 2014 5592 rat.
2035 5532 2330 5607 (Eutrop)

1953 5607 2032 5681 (4)
2053 5602 2167 5663 Ὰιὶἱ
2195 5602 2531 5662 Maximum
2560 5603 2813 5658 vocant.
