4020 6218
565 274 708 330 1199

1877 271 2266 328 NICEPHORI
2305 269 2628 330 CALLISTI
3043 269 3046 274 ⁷
3743 281 3832 332 um

559 413 754 454 annos
770 396 1030 454 ecclesia;
1055 397 1409 470 praefuisset,
1429 397 1698 454 Theonas
1720 413 1853 452 eam
1877 396 2198 466 regendam

2317 401 2415 451 ἔτει
2439 398 2728 469 Μαξιμίνος
2774 401 2998 456 κατέστη
3033 393 3300 469 διάδοχός
3327 415 3340 426 ·
3398 396 3450 448 ὃν
3487 399 3609 469 μετὰ
3651 403 3726 456 τήν
3761 409 3832 452 Au.

558 487 842 558 suscepit.
883 487 984 542 Hic
1035 487 1242 544 decem
1291 491 1348 542 et
1385 503 1600 542 novem
1650 488 1824 542 annis
1884 487 2204 558 episcopus

557 574 683 642 fuit,
711 583 768 632 et
798 576 1034 632 Petrum
1081 591 1490 632 successorem
1531 576 1760 631 habuit.
1795 577 1901 640 Qui
1959 576 2205 648 quidem

555 665 874 722 duodecim
896 668 1071 722 annis
1119 667 1344 738 optime
1365 681 1612 722 munere
1654 681 1763 720 suo
1813 669 1903 720 est
1929 664 2198 722 functus.

555 757 700 811 Nam
738 755 950 820 tribus,
982 761 1120 810 ante
1161 757 1665 826 persecutionem,
1699 755 2046 824 faciliorem,
2081 754 2206 808 reli-

555 845 690 915 quis
719 848 920 900 autem
953 844 1258 900 duriorem
1291 846 1474 900 vitam
1507 859 1613 914 per
1640 845 1848 914 gravia
1880 845 2206 900 certamina

555 935 764 1002 exegit,
823 949 1210 988 communem
1243 933 1628 988 ecclesiarum
1677 933 1984 987 utilitatem
2020 949 2204 1002 quam

554 1022 818 1077 maxime
841 1037 1192 1092 procurans.
1227 1025 1290 1076 Et
1319 1037 1479 1077 nono
1507 1023 1746 1076 tandem
1777 1023 2202 1092 persecutionis

553 1125 714 1166 anno
732 1110 926 1182 capite
941 1110 1171 1182 plexus,
1197 1111 1512 1180 magniﬁce
1533 1111 1798 1181 martyrii
1814 1125 2098 1164 coronam
2121 1117 2208 1166 est

553 1205 930 1254 consecutus.
955 1199 1169 1254 Verum
1197 1201 1256 1254 in
1285 1199 1544 1254 Ecclesia
1573 1199 1956 1263 Antiochena,
1981 1200 2206 1269 episco—

550 1293 698 1360 patu
769 1288 1052 1359 gerendo,
1108 1289 1286 1344 Fabio
1342 1288 1771 1349 Demetrianus,
1831 1293 2010 1360 atque
2065 1288 2204 1342 huic

553 1377 770 1433 Paulus
796 1377 1225 1432 Samosatenus
1258 1377 1562 1432 successit.
1595 1377 1730 1432 Post
1763 1391 1900 1431 eum
1931 1377 2064 1432 loco
2093 1391 2204 1432 suo

551 1468 816 1540 pulsum,
855 1467 1116 1521 Domnus
1173 1467 1533 1522 Demetriani
1577 1465 1730 1520 filius
1783 1467 2107 1520 ministerio
2134 1482 2205 1520 eo

551 1561 640 1611 est
667 1555 928 1610 functus.
963 1557 1060 1610 Hie
1091 1554 1404 1622 Timaeum,
1439 1560 1616 1626 atque
1671 1555 1719 1609 is
1749 1571 1988 1610 rursum
2029 1555 2206 1627 Cyril~

551 1643 699 1711 lum,
731 1643 980 1716 Cyrillus
1000 1646 1344 1715 Tyrannum
1373 1659 1778 1699 successorem
1800 1643 2047 1708 habuit;
2082 1659 2202 1714 quo

549 1739 822 1804 tempore
857 1733 1156 1788 maximus
1195 1731 1290 1787 ille
1339 1733 1626 1788 adversus
1658 1731 1936 1787 ecclesias
1962 1739 2202 1786 exortus
2233 1773 2276 1827 Β

549 1829 639 1878 est
659 1826 881 1878 motus.
917 1820 1336 1892 Hierosolymis
1362 1827 1560 1876 autem
1587 1822 1648 1876 iu
1683 1821 1940 1876 Ecclesia
1967 1836 2202 1875 sacram

549 1911 916 1966 functionem
945 1915 1083 1981 post
1107 1909 1500 1980 Hymenaeum
1530 1909 1760 1964 Zabdas
1784 1911 1860 1972 (1)
1881 1909 2025 1962 obiit
2051 1926 2063 1963 :
2097 1909 2202 1980 qui

549 1999 795 2072 quidem
845 2007 982 2070 post
1033 2013 1226 2053 annos
1259 1999 1482 2068 plures,
1524 2015 1737 2054 somno
1781 2013 1850 2053 eo
1881 1999 1983 2069 qui
2009 1997 2202 2068 justos

547 2087 1112 2150 decetobdormivit,
1129 2092 1184 2142 et
1198 2087 1472 2142 Ecclesiae
1487 2087 1718 2143 clavum
1739 2087 2201 2156 gubernandum

549 2180 629 2234 ad
660 2180 1016 2233 Hermonem
1048 2177 1126 2248 (2)
1153 2177 1524 2236 transmisit:
1557 2183 1737 2248 atque
1763 2177 1857 2230 hic
1887 2176 2202 2232 ecclesiam

547 2284 704 2334 eam,
733 2268 853 2321 vita
881 2266 942 2320 in
973 2281 1166 2322 annos
1197 2265 1416 2320 multos
1445 2266 1758 2337 producta,
1791 2265 2028 2334 egregie
2057 2283 2201 2337 apo-

547 2355 818 2412 stolicam
845 2355 1028 2410 ﬁdem
1087 2359 1326 2420 tutatus,
1379 2371 1570 2426 usque
1619 2355 1696 2409 ad
1729 2355 2200 2425 persecutionem

547 2444 1008 2502 administravit.
1031 2443 1072 2498 Ii
1095 2449 1234 2498 sunt
1252 2445 1354 2515 qui
1373 2459 1564 2515 usque
1583 2443 1660 2498 ad
1682 2445 2013 2498 maximam
2035 2443 2200 2499 illam

547 2534 894 2604 Diocletiani
947 2538 1006 2588 et
1063 2533 1402 2588 Maximiani
1465 2535 1960 2604 persecutionem,
2023 2533 2198 2604 primi

545 2623 809 2680 nominis
849 2621 1134 2678 ecclesias
1164 2621 1373 2678 ordine
1407 2637 1509 2692 per
1543 2622 1956 2676 successiones
1985 2621 2199 2691 guber-

543 2717 786 2768 narunt.

2314 491 2496 539 νυσίου
2590 487 2828 544 τελευτὴν
2927 483 3288 538 ὀκτωκαίδεκα
3391 489 3478 544 ἔτη
3556 487 3828 560 ἱερασιίμενον,

2315 583 2522 638 Θεωνας
2571 581 2657 628 τόν
2709 583 2800 636 τῆς
2859 571 3130 638 διακονίας
3187 575 3378 628 ἐκείνου
3443 575 3696 644 ἐκληροῦτο
3750 577 3832 642 βαθ-

2313 671 2428 738 μὸν.
2476 671 2576 718 Καὶ
2625 673 2806 718 τοῦτον
2861 663 2910 718 δ’
2943 662 3009 718 αὖ
3064 663 3430 718 ἐννεακαίδεκα
3473 668 3631 717 ἔτεσιν
3659 665 3833 740 ἐξυπηρεο

2312 756 2622 826 τησάμενον,
2685 763 2784 806 τῶν
2835 753 2911 806 ἐπ’
2967 752 3356 828 Ἀλεξανδρείας
3413 759 3598 827 Πέτρος
3651 761 3726 812 τὴν
3765 759 3836 808 ἔτι·

2315 849 2516 902 σκοπὴν
2595 843 2965 914 ἂνελάμϐανεγ,
3024 844 3252 914 ἁρίστως
3317 840 3612 918 διαπρέψας
3774 845 3838 897 1a-

2313 937 2534 1004 τουργίᾳ
2581 933 2653 1004 ἐφ’
2708 933 2844 994 ὅλοις
2905 929 3232 985 δυοκαίδεκα
3287 941 3398 994 τοίς
3459 935 3732 994 ἐνιαυτοῖς·
3775 939 3839 1004 πρὸ

2313 1029 2404 1072 τοῦ
2455 1019 2694 1094 διωγμοῦ
2723 1027 2938 1096 χρονοις
2993 1021 3040 1074 ἐν
3089 1027 3234 1094 τρισὶ
3265 1031 3356 1082 τῆς
3383 1021 3706 1094 λειτουργίας
3733 1025 3778 1074 τό
3805 1021 3840 1075 ξε

2312 1119 2406 1172 τῆς
2465 1111 2604 1172 ζωῆς
2657 1111 2828 1163 λείπον
2883 1109 3080 1182 ἀγῶσιν
3140 1110 3411 1171 ἀσκήσεως
3459 1115 3682 1181 εμίζοσιν
3723 1109 3842 1164 ἐπεδί-

2315 1196 2434 1266 δου,
2483 1207 2579 1262 τῆς
2625 1209 2802 1262 κοινῆς
2853 1200 3166 1260 λυσιτελείας
3221 1209 3318 1252 τῶν
3349 1199 3630 1258 ἐκκλησιῶν
3667 1201 3723 1260 ὡς
3745 1199 3844 1251 πλεῖ-

2315 1307 2435 1340 στον
2489 1287 2902 1360 ἐπιμελούμενος.
2937 1290 3022 1340 Ἐν
3075 1285 3125 1340 δ’
3183 1287 3342 1360 ἐνάτῳ
3372 1297 3462 1340 τοῦ
3525 1285 3739 1360 διωγμοῦ
3763 1309 3844 1339 και-

2313 1385 2384 1450 ρῷ
2433 1377 2564 1449 ξίφει
2613 1387 2704 1438 τῆς
2743 1381 2964 1450 κεφαλὴν
3015 1377 3309 1450 ἐκτμηθείς,
3360 1386 3433 1447 τῷ
3483 1386 3575 1430 τοῦ
3617 1383 3844 1450 μαρτυρίου

2317 1467 2544 1538 στεφάνῳ
2605 1467 2850 1538 λαμπρῶς
2913 1469 3260 1538 κατεστέφθη.
3313 1466 3421 1528 Τῆς
3509 1463 3558 1518 δ’
3609 1468 3846 1538 Ἀντιόχου,

2311 1558 2442 1626 μετὰ
2494 1555 2680 1608 Φάϐιον
2735 1559 3087 1631 Δημητριανὸς
3126 1565 3220 1618 τῆς
3265 1556 3588 1616 Ἐκκλησίας
3635 1558 3846 1626 ἡγήσατο.

2313 1643 2365 1696 ὃν
2429 1645 2629 1707 Παῦλος
2695 1647 2720 1697 ὁ
2783 1649 3106 1717 Σαμοσατεὺς
3173 1641 3462 1708 διεδέξατο.
3545 1641 3640 1698 Εἶτ’
3711 1645 3852 1696 ἐκεῖνον

2313 1731 2625 1799 ἐξελαθέντα,
2701 1737 2893 1806 Δόμνος
2963 1737 2988 1787 ὁ
3041 1741 3130 1786 τοῦ
3199 1741 3565 1807 Δημητριανοῦ
3627 1741 3735 1796 παῖς
3785 1739 3849 1790 τήν

2309 1821 2631 1894 λειτουργίαν
2689 1823 2956 1896 ἐλάμϐανε.
2998 1829 3095 1876 Τὸν
3155 1820 3212 1876 δε
3253 1820 3321 1882 δὴ
3373 1829 3565 1891 Δόμνον
3607 1831 3762 1874 τοῦτον
3791 1829 3852 1876 Τί·

2310 1931 2460 1984 μαιος
2512 1909 2802 1984 διεδέχετο.
2857 1915 3000 1966 Μετὰ
3051 1909 3110 1964 δὲ
3157 1919 3336 1965 τοῦτον
3387 1912 3637 1984 Κύριλλος
3671 1915 3772 1972 τοὺς
3803 1915 3850 1962 ἰε-

2309 2005 2433 2072 ροὺς
2481 2009 2572 2062 τῆς
2623 2003 2950 2074 Ἀντιοχείας
2999 1999 3348 2074 διεχειρίζετο
3401 2004 3602 2062 οἴακας.
3651 2001 3852 2072 Rupili.”

2312 2086 2371 2142 δὲ
2413 2094 2507 2148 τὴν
2545 2089 2836 2148 ἐωισκοπὴν
2889 2094 3016 2162 μετὰ
3063 2098 3230 2143 ταῦτα
3273 2093 3538 2163 Τύραννος
3585 2089 3854 2162 ἐκληροῦτο*

2309 2178 2425 2230 καθ’
2465 2179 2518 2230 ὃν
2571 2181 2597 2230 ὁ
2626 2179 2785 2240 πολὺς
2833 2188 2930 2231 τῶν
2963 2179 3252 2236 ἐκκλησιῶν
3287 2176 3528 2251 διωγμὸς
3557 2178 3852 2252 όινερῥίπιστο.

2307 2274 2414 2328 Τῆς
2457 2264 2506 2318 δ’
2552 2267 2600 2319 ἐν
2645 2267 3018 2340 Ἱεροσολύμοις
3069 2268 3433 2329 Ἐκκλησίαςό
3484 2271 3617 2340 μετὰ
3649 2268 3856 2340 Ὑμέναιον

2307 2353 2518 2418 Ζαϐδᾱς
2565 2362 2658 2416 τὴν
2711 2360 2994 2428 ἱερωσύνην
3043 2357 3290 2418 οἰακίζων
3339 2355 3420 2416 ἦν.
3471 2361 3668 2412 Τούτου
3711 2355 3752 2408 δ’
3799 2357 3856 2406 ἐπὶ

2308 2451 2516 2517 χρόνοις
2556 2452 2666 2498 τισὶ
2713 2451 2800 2498 τόν
2847 2451 3108 2518 πρέποντα
3153 2445 3376 2508 δικαίοις
3419 2447 3580 2499 ὕπνον
3609 2447 3858 2498 ἀναπαυσα-

2307 2539 2482 2606 μένου,
2535 2533 2737 2608 Ἕρμων
2803 2533 3128 2588 ἐπιπλεῖστον
3192 2543 3254 2608 τῇ
3307 2544 3401 2598 τῆς
3467 2537 3742 2608 ἱερωσύνης
3789 2534 3859 2586 λει-

2307 2629 2525 2698 τουργίᾳ
2580 2630 3042 2696 παραμεμενηκὼς,
3093 2627 3228 2698 ἄχρι
3269 2621 3336 2684 δὴ
3391 2631 3482 2678 καὶ
3525 2633 3619 2678 τοῦ
3669 2621 3862 2696 διωγμοῦ

2305 2715 2392 2765 τόν
2475 2711 2817 2766 ἀποστολικόν
2891 2717 3056 2766 ἐκεῖσε
3129 2717 3243 2788 ὅρον
3309 2715 3530 2786 εὐγενῶς
3585 2711 3860 2788 διετήρησεν.

545 2802 704 2854 Οὗτοι
759 2804 850 2872 μὶν
901 2797 988 2852 οὖν
1047 2798 1132 2852 ἐπὶ
1183 2807 1284 2852 τῶν
1340 2799 1574 2872 μεγάλων
1630 2800 1822 2852 πόλεων
1874 2801 2010 2872 ἄχρι
2065 2805 2154 2853 καὶ
2219 2807 2310 2854 τοῦ
2366 2807 2619 2874 μεγίστου
2687 2799 2926 2874 διωγμοῦ
2983 2803 3069 2858 ἐπὶ
3131 2803 3504 2864 Διοκλητιανοῦ
3579 2811 3668 2858 καὶ
3737 2801 3864 2864 Maii.

545 2896 734 2963 μιανοῦ
786 2889 906 2942 καθ’
963 2891 1137 2964 εἱρμὸν
1197 2893 1288 2946 τὴν
1353 2889 1633 2962 ἱερωσύνην
1701 2885 1836 2948 ἦσαν
1903 2891 2237 2959 κατάγοντες.

1015 3012 1214 3086 ‘533
1241 3014 1465 3070 CAPUT
1507 3013 1708 3069 xxxv.

547 3121 636 3178 De
681 3119 819 3178 aliis
849 3121 978 3191 ejus
1001 3121 1192 3176 aetatis
1215 3120 1626 3176 ecclesiasticis
1682 3119 1824 3176 viris
1863 3121 2200 3192 eloquentia

959 3200 1011 3248 et
1037 3193 1310 3248 doctrina
1339 3192 1784 3260 praestantibus.

619 3302 766 3362 Cum
787 3313 928 3354 vero
959 3299 1020 3353 in
1061 3297 1192 3354 aliis
1221 3311 1464 3372 quoque
1495 3299 1770 3370 parmciis
1815 3299 2200 3370 sapientes'et

545 3389 920 3459 magnanimi
949 3387 1058 3442 viri
1095 3387 1329 3454 fuerint,
1363 3389 1435 3442 de
1490 3389 1573 3442 eis
1612 3389 1786 3442 etiam
1829 3403 2015 3459 quam
2071 3387 2198 3444 fieri

545 3482 742 3552 potest
773 3477 1126 3534 brevissime
1183 3476 1482 3532 dicamus.
1515 3477 1596 3532 Ac
1644 3479 1717 3531 de
1774 3478 2054 3544 Gregorio
2099 3477 2197 3532 illo

547 3565 852 3624 miraculis
905 3565 1088 3634 claro,
1134 3565 1292 3621 etde
1346 3565 1748 3632 Athenodoro,
1783 3565 1912 3636 ejus
1966 3565 2193 3632 fratre;

545 3663 833 3729 praeterea
862 3655 935 3710 de
955 3655 1320 3720 Firmiliano,
1346 3655 1447 3728 qui
1472 3655 1896 3726 Cappadocum
1919 3655 2194 3710 Ecclesiis

545 3746 798 3817 praefuit,
848 3749 1027 3815 atque
1075 3745 1250 3799 etiam
1284 3745 1360 3798 de
1389 3743 1743 3808 Theotecno,
1777 3745 2058 3799 Caesareas
2089 3747 2196 3800 Pa-

541 3835 788 3891 laestinae
809 3834 1115 3905 episcopo,
1146 3849 1281 3905 quae
1311 3849 1464 3904 opus
1495 3833 1620 3896 fuit,
1655 3839 1832 3888 antea
1861 3834 2190 3889 retulimus.

545 3923 876 3980 Dorotheus
953 3929 1154 3978 autem
1217 3937 1288 3978 eo
1349 3929 1614 3993 tempore
1678 3923 2024 3983 Antiochiae.
2089 3925 2194 3995 Ty-

541 4028 734 4069 ranno
761 4013 837 4084 (3)
870 4011 951 4067 ibi
1001 4012 1418 4082 episcopatum
1450 4017 1706 4083 gerente,
1749 4011 2080 4084 presbyter,
2133 4013 2194 4068 in

542 4105 710 4158 omni
739 4115 954 4171 genere
983 4099 1199 4155 artium
1231 4097 1568 4154 liberalium
1601 4115 1872 4170 apprime
1904 4099 2188 4166 eruditus,

542 4189 762 4246 ﬂoruit.
788 4189 899 4255 Qui
937 4189 1090 4244 adeo
1122 4187 1430 4244 studiosus
1459 4187 1692 4258 pietatis
1725 4187 1848 4251 fuit,
1881 4197 1939 4244 ut
1967 4188 2195 4244 divina-

544 4296 679 4336 rum
705 4280 1052 4335 Litterarum
1072 4279 1262 4348 gratia
1289 4277 1636 4332 Hebraicam
1661 4278 1928 4347 linguam
1957 4279 2193 4348 egregie

2909 3023 3151 3072 ΚΕΦΑΛ.
3183 3018 3312 3074 ΛΕ’.

2311 3122 2690 3197 Περὶᾼᾶλλων
2720 3121 3034 3197 τηνικάδε
3065 3123 3636 3197 ἐκκλησιαστικῶν
3659 3119 3864 3197 ἀνδρῶν

2379 3193 2434 3246 ἐν
2473 3193 2689 3266 λόγοις
2727 3203 2832 3248 καὶ
2873 3193 3348 3258 διδασκαλίαις
3386 3193 3864 3272 διαπρεψάντων.

2323 3317 2326 3320 ’
2379 3299 2519 3353 Ἐπεὶ
2579 3297 2638 3354 δὲ
2686 3307 2771 3353 καὶ
2822 3301 2870 3354 ἐν
2914 3301 3092 3364 ἄλλαις
3131 3311 3230 3354 τῶν
3278 3311 3570 3376 παροικιῶν
3617 3303 3706 3355 οὐκ
3759 3299 3866 3370 ἀγιν-

2305 3396 2407 3451 νεῖς
2456 3385 2658 3464 ἄνδρες,
2727 3389 2854 3442 ἀλλὰ
2907 3396 2996 3443 καὶ
3055 3396 3205 3463 σοφοὶ
3256 3388 3570 3462 διεγένοντο,
3642 3396 3750 3464 φέρε
3805 3395 3868 3440 καὶ

2304 3483 2422 3552 περὶ
2475 3483 2668 3530 τούτων
2725 3483 2789 3540 ὡς
2841 3477 2946 3531 ἐνὸν
2985 3477 3382 3553 ἐπιδραμοῦμαι
3437 3489 3514 3552 τῷ
3569 3481 3721 3552 λόγῳ.
3777 3483 3866 3548 Περὶ

2303 3571 2392 3640 μὲν
2459 3573 2748 3642 Γρηγορίου
2837 3575 2928 3620 τοῦ
3007 3568 3318 3641 περιϐοήτου
3381 3568 3431 3622 ἐν
3493 3573 3750 3635 θαύμασι,
3803 3573 3866 3618 καὶ

2303 3654 2671 3730 Ἀθηνοδώρου
2721 3665 2812 3710 τοῦ
2857 3655 3104 3730 ἀδελφοῦ,
3159 3663 3248 3710 καὶ
3292 3659 3638 3734 Φιρμιλιανοῦ
3683 3667 3764 3710 τοῦ
3799 3653 3864 3716 ri;

2305 3743 2670 3799 Καππαδοκῶν
2723 3743 3186 3819 προεδρεύσαντος,
3237 3749 3312 3798 ἔτι
3367 3745 3427 3800 δὲ
3479 3753 3578 3800 καὶ
3631 3751 3864 3802 Gloriam

2301 3843 2392 3887 τοῦ
2463 3839 2558 3893 τὴν
2625 3834 2674 3887 ἐν
2765 3835 3088 3907 Παλαιστίνη
3161 3839 3475 3907 Καισάρειαν
3557 3835 3864 3900 διιθύναντος,

2303 3925 2554 3996 φθάνομεν
2625 3927 2693 3976 τὰ
2739 3921 2925 3977 δέοντα
2987 3929 3105 3998 περὶ
3161 3925 3328 3977 αὐτῶν
3385 3926 3678 3999 εἰρηκότες,
3741 3927 3864 3998 Δωρό-

2305 4015 2414 4075 Θεος
2471 4011 2528 4066 δὲ
2582 4013 2664 4066 ἐπὶ
2717 4021 2806 4074 τῆς
2864 4015 3165 4086 Ἀντιόχου,
3231 4017 3500 4088 Τυράννου
3559 4021 3654 4074 τὴν
3695 4015 3866 4066 ἐπισκο-

2300 4107 2404 4160 πὴν
2445 4103 2818 4176 κληρουμένου,
2869 4103 2996 4175 ἀνὴρ
3035 4107 3291 4156 παντοίων
3337 4103 3498 4174 λόγων
3531 4111 3626 4158 καὶ
3665 4100 3864 4160 παιδείας

2301 4189 2586 4266 ἐλευθερίου
2663 4191 2729 4252 εἰς
2794 4197 2945 4266 κόρον
3013 4197 3376 4263 μετεσχηκὼς,
3457 4199 3557 4245 καὶ
3631 4191 3864 4268 πρεσϐυτε-

2301 4285 2418 4352 ρίου
2483 4279 2782 4352 ἠξιωμένος,
2841 4289 3130 4338 τηνικαῦτα
3193 4279 3455 4354 διέπρεπε.
3517 4283 3786 4342 Φιλόκαλος
3829 4275 3864 4328 δ’

547 4369 942 4442 perdidicerit.
1003 4367 1126 4422 Fuit
1183 4367 1232 4422 is
1293 4373 1510 4422 natura
1573 4383 1641 4422 ex
1703 4368 1836 4438 ipsa
1889 4367 2194 4424 nativitate

2307 4371 2352 4430 ἐς
2391 4377 2638 4422 τοσοῦτον
2687 4367 2748 4428 ἦν
2787 4371 2812 4422 ὁ
2851 4371 3002 4444 ἀνὴρ,
3051 4373 3115 4431 ὡς
3159 4377 3248 4422 καὶ
3297 4376 3390 4430 τὴν
3431 4370 3698 4444 Ἐϐραίδα
3737 4371 3865 4442 7166'-

545 4457 876 4515 eunuchus.
913 4457 1102 4522 Quam
1149 4455 1227 4511 ob
1259 4471 1382 4511 rem
1415 4455 1579 4510 illum
1607 4457 1784 4512 etiam
1843 4455 2191 4526 imperator,

545 4553 610 4604 ut
627 4563 851 4602 novum
866 4555 921 4601 et
937 4545 1240 4601 insolitum
1261 4543 1550 4618 quiddam
1571 4545 1914 4610 habentem,
1941 4545 2000 4599 in
2020 4561 2194 4602 suam

541 4635 834 4692 familiam
888 4635 1114 4704 ascivit,
1147 4641 1201 4690 et
1248 4633 1538 4689 honorem
1589 4635 1640 4688 ei
1688 4633 1912 4697 detulit.
1959 4639 2021 4690 ut
2058 4633 2194 4706 Tyri

541 4725 1150 4796 uingendaapurpuraa
1165 4721 1886 4794 praeesset.Docuitautem
1903 4725 2192 4794 populum

540 4831 636 4870 res
653 4831 853 4870 sacras
872 4830 978 4886 pro
997 4815 1305 4876 concione,
1325 4813 1374 4882 ej
1387 4827 1574 4884 usque
1588 4812 1922 4868 auditorem
1939 4811 2193 4868 sefuisse

540 4905 682 4960 dicit
729 4903 1019 4959 Eusebius
1075 4901 1383 4974 Pamphili.
1415 4901 1784 4958 Alexandriae
1825 4917 1964 4956 vero
1995 4902 2191 4958 clarus

537 4993 647 5050 fuit
677 4999 733 5050 et
762 4992 1008 5050 celebris
1047 4992 1245 5048 Pierus
1275 4991 1587 5064 presbyter
1616 4991 1928 5060 dignitate,
1958 4999 2014 5047 et
2053 5008 2191 5047 cum

539 5084 888 5140 divitiarum
920 5087 1289 5154 contemptu,
1321 5080 1836 5154 philosophiaque
1890 5087 1945 5135 et
1971 5083 2194 5137 Graeca-

535 5191 673 5232 rum
704 5173 1162 5246 disciplinarum
1217 5173 1484 5236 scientia,
1515 5177 1638 5226 tum
1673 5187 1980 5226 sacrarum
2023 5171 2190 5227 Litte-

534 5279 736 5322 rarum
795 5263 994 5319 studio
1044 5267 1100 5318 et
1156 5261 1389 5334 peritia,
1451 5259 1826 5332 publicisque
1875 5261 2188 5332 Scriptum

533 5351 1010 5412 enarrationibus
1067 5357 1124 5407 et
1171 5349 1681 5422 disputationibus
1726 5349 2188 5406 admirationem

607 5479 686 5552 (ﬁt)
711 5477 816 5552 Alii
851 5477 1102 5552 qudas.

607 5545 686 5628 (2)
713 5549 822 5608 Alii
853 5550 1238 5608 Thermonem
1275 5545 1504 5619 legunt.

2305 4475 2399 4510 σαν
2457 4465 2552 4521 τῆς
2618 4463 2733 4532 περὶ
2817 4462 2884 4511 τὰ
2937 4461 3048 4512 Θεία
3099 4457 3342 4522 σπουδῆς
3392 4465 3566 4514 εἵνεκα
3617 4463 3686 4524 εἰς
3745 4462 3864 4530 ἀκρον

2303 4547 2559 4615 ἀσκῆσαι,
2613 4553 2702 4600 καὶ⁵
2756 4548 2864 4621 μετ’
2923 4551 3218 4620 ἐπιστήμης
3267 4548 3515 4623 ἀκριϐοῦς
3570 4551 3864 4622 ἐντυγχάνειν
3951 4523 3953 4551 Ι

2303 4637 2457 4710 αὐτῇ.
2505 4637 2770 4709 Εύνοῦχος
2814 4633 2864 4690 δ’
2915 4638 2977 4696 ἧν
3023 4643 3117 4696 τὴν
3163 4641 3317 4710 φύσιν
3361 4639 3414 4702 ἐξ
3455 4639 3631 4702 αὐτῆς
3661 4637 3788 4698 δῆτα
3808 4653 3864 4706 γε·

2301 4730 2520 4786 νέσεως·
2575 4732 2666 4778 καὶ
2723 4723 2817 4778 διὰ
2869 4733 3020 4778 τοῦτο
3077 4731 3160 4779 καὶ
3214 4725 3440 4799 βασιλέα
3495 4731 3567 4790 ὥς
3607 4749 3662 4782 τι
3713 4727 3863 4792 ξενίζει

2302 4815 2456 4868 αὐτόν
2523 4815 2925 4887 εἰσῳκίσασθαι,
3006 4821 3094 4869 καὶ
3165 4822 3322 4889 τιμὴν
3371 4817 3514 4889 αὐτῷ
3581 4823 3858 4894 παρασχεῖν,

2299 4909 2391 4962 τήν
2443 4908 2492 4958 ἓν
2541 4908 2692 4978 Τύρῳ
2741 4903 2912 4978 βαφὴν
2961 4904 3214 4980 ἁλουργὸν
3275 4903 3470 4959 διέπειν
3503 4925 3520 4938 ⁶
3595 4909 3650 4970 ὃς
3701 4908 3770 4960 ἐπ’
3809 4905 3861 4956 ἐκ·

2300 4995 2522 5056 κλησίας
2567 4999 2654 5047 τόν
2703 4997 2834 5048 θεῖον
2877 4995 3026 5066 λόγον
3075 5003 3146 5065 τῷ
3203 4995 3388 5053 πλήθει
3441 4993 3746 5068 διωμιλεῐτο
3773 5014 3784 5026 ⁸
3821 4991 3860 5044 οὗ

2301 5103 2456 5156 φησιν
2503 5084 2672 5148 αὐτὸς,
2729 5082 2991 5143 ἀκουστὴν
3051 5087 3293 5156 γενέσθαι
3347 5089 3434 5138 τόν
3487 5088 3762 5160 Παμφίλου
3797 5081 3858 5136 Εὐο

2301 5173 2489 5228 σέϐιον.
2537 5172 2654 5227 Ἐπὶ
2707 5171 2766 5225 δε
2829 5181 2924 5235 τῆς
2981 5171 3324 5248 Ἀλεξάνδρου
3387 5178 3601 5248 Πιὲριος
3649 5177 3860 5244 ἕπίσεμες

2299 5259 2381 5328 ἦν,
2441 5261 2784 5337 πρεσϐύτερος
2835 5265 2926 5334 μὲν
2991 5267 3084 5320 τήν
3143 5262 3310 5329 ἀξίαν,
3372 5263 3616 5339 ἀκτησίᾳ
3671 5262 3728 5318 δὲ
3773 5261 3856 5336 ῥέεν

2297 5355 2388 5403 καὶ
2439 5357 2502 5424 τῇ
2557 5350 2673 5404 καθ’
2725 5347 2974 5412 Ἕλληνας
3019 5347 3238 5424 παιδείᾳ
3287 5356 3374 5404 καὶ
3421 5351 3714 5428 φιλοσοφίᾳ
3749 5347 3858 5405 δεδε-

2371 5473 2450 5548 (3)
2483 5473 2698 5532 Euseb.
2723 5473 2830 5535 lib.
2861 5491 2957 5548 vu,
2985 5491 3122 5550 cap.
3150 5479 3217 5534 32
3245 5475 3480 5549 Cyrillo.
