4016 6224
243 295 382 349 1201

1288 293 1858 352 ECCLESIASTlC/‘E
1898 291 2254 350 HISTORIfE
2296 294 2433 350 LIB.
2475 294 2564 352 Vl.

3460 293 3601 348 1202

239 424 556 492 κιμασμένος
579 437 591 450 ⁸
649 429 764 483 ταῖς
791 441 850 493 γε
884 426 986 493 μὴν
1025 426 1141 494 περὶ
1181 424 1245 474 τά
1284 423 1395 474 θεῖα
1433 418 1710 486 σπουδαῖς,
1751 425 1829 472 καῖ

1952 421 2225 475 omnium
2272 420 2532 474 meritus.
2576 420 3005 491 Episcopatum
3046 418 3128 474 ibi
3174 425 3298 474 tum
3337 417 3599 475 admini-

241 516 352 570 ταῖς
403 508 451 561 ἐν
500 519 654 581 κοινῷ
719 508 981 573 διαλέξεσι
1031 515 1119 563 καὶ
1180 511 1512 582 ἐξηγήσεσιν,
1571 510 1838 582 ὑπερφυῶς

243 599 678 671 θαυμαζόμενος·
731 607 908 654 Θεωνᾶ
966 596 1026 652 δε
1081 607 1142 672 τῇ
1199 600 1456 672 ἐπισκοπῇ
1521 596 1836 674 διαπρέπον-

237 708 320 748 τος
380 686 748 763 Ἀλεξάνδρου,
787 693 942 742 ικατά
1000 694 1187 742 ταυτὸν
1251 696 1440 764 Πιερίῳ
1491 689 1540 741 ἐν
1605 686 1841 762 καθέδρᾳ

237 776 600 850 πρεσϐυτέρων
666 783 754 830 καὶ
829 777 1085 850 Ἀχιλλᾶς
1145 779 1524 852 γνωριζόμενος
1590 774 1672 844 ἦν,
1746 782 1838 836 τὴν

235 875 328 926 τῆς
382 863 740 929 διδασκαλίας
787 870 924 938 ἔχων
979 866 1263 939 ἐπιτροπὴν
1295 877 1384 928 τῆς
1425 870 1564 941 ἱερᾶς
1618 866 1836 924 ίπιστή-

234 975 363 1026 μης,
431 955 737 1028 φιλοσοφίας
785 956 1144 1028 ἠκριϐωμένης
1211 961 1269 1009 τὸ
1334 957 1502 1031 ἔργον,
1583 961 1672 1008 καὶ
1743 964 1838 1017 τῆς

234 1049 369 1097 κατά
417 1051 474 1098 τὸ
548 1046 858 1118 Εὐαγγέλιον
913 1046 1167 1106 πολιτείας
1223 1050 1280 1098 τὸ
1348 1053 1586 1118 γνήσιον,
1635 1049 1838 1118 ἐναργέ-

237 1153 409 1186 στατα
455 1131 895 1206 ἐπιδεδειγμένος.
956 1136 1195 1198 Μέλίτιος

236 1228 427 1276 Πόντον
485 1223 812 1296 ,ἐγνωρίζετο
889 1228 1095 1298 μέρεσιν
1129 1241 1142 1254 ⁸

235 1318 424 1387 σοφίας
486 1312 900 1386 ἀντιποιούμενοι
973 1318 1031 1366 τὸ
1095 1313 1211 1386 μελι
1283 1323 1377 1375 τῆς
1428 1315 1674 1375 Ἀττικῆς
1720 1312 1836 1364 ἐκοί-

230 1403 352 1456 λουν
412 1403 586 1458 αὐτόν.
643 1411 901 1456 Τοσοῦτον
965 1401 1024 1456 δε
1076 1409 1190 1478 περὶ
1259 1404 1415 1456 αὑτοῦ
1469 1404 1624 1456 εἰπεῖν
1680 1423 1838 1474 αναγ-

1277 1132 1335 1188 δε
1409 1139 1459 1187 ἐν
1534 1143 1635 1194 τοῖς
1705 1137 1838 1186 κατά

1206 1226 1260 1277 ὃν
1325 1227 1374 1276 οἱ
1435 1233 1526 1286 τῆς
1585 1223 1836 1282 Ἑλλήνων

229 1501 402 1557 καῖον,
457 1496 520 1553 ὡς
579 1495 623 1546 εἰ
673 1513 753 1554 τις
790 1502 889 1545 τῶν
944 1493 992 1544 ἐν
1036 1493 1206 1565 λόγοις
1249 1493 1553 1545 τελεώτατον
1611 1490 1839 1564 διαγρά-

1580 1583 1832 1656 ῥητορικὴ

228 1675 324 1742 μεν
367 1674 467 1746 γὰρ
520 1673 549 1729 ἡ
599 1673 754 1743 φύσις
802 1671 942 1742 αὐτῷ
976 1691 989 1706 ο
1035 1672 1160 1724 ὥστ’
1202 1673 1244 1724 εἰ
1283 1675 1418 1724 κατά
1457 1680 1608 1724 τουτο
1637 1673 1836 1742 θαυμά-

231 1602 344 1654 φειν
419 1581 610 1648 ἐζήτει,
680 1582 865 1634 ἐκεῖνον
938 1578 1063 1635 ἰδὼν
1142 1581 1499 1654 ἀρκεσθῆναι·

1952 509 2155 564 stravit
2186 507 2482 564 'l‘heonas.
2517 511 2580 564 Et
2613 524 2731 564 una
2761 525 2900 564 cum
2941 509 3129 564 Pierio
3161 507 3418 564 Achillas
3448 523 3603 581 quo-

1949 612 2066 669 que
2096 597 2153 652 in
2194 597 2684 669 presbyterorum
2715 597 2999 653 cathedra
3026 596 3271 652 laudem
3310 612 3599 666 magnam

1950 691 2039 740 est
2069 692 2448 750 consecutus,
2490 702 2800 741 sacrarum
2840 685 3278 756 Scripturarum
3313 685 3598 742 doctrina

1948 774 2306 846 prapositus
2334 790 2346 828 ε
2379 791 2500 847 qua
2531 775 2838 846 provincia
2863 781 3017 829 recte
3039 774 3320 830 obeunda
3343 774 3596 830 multum

1947 864 1999 917 ei
2021 863 2246 934 profuit
2266 863 2660 936 philosophia
2684 863 2970 927 studium,
2998 879 3135 935 qua
3158 863 3388 919 sincera
3413 865 3602 919 Evan-

1947 952 2083 1021 gelii
2116 952 2406 1022 dogmata
2447 959 2504 1008 et
2546 953 2814 1008 instituta
2856 952 3185 1007 clarissime
3222 952 3280 1006 in
3322 959 3598 1025 apertum

1947 1041 2207 1113 protulit.
2237 1043 2300 1096 In
2327 1041 2492 1097 Ponti
2518 1049 2719 1096 autem
2744 1040 3093 1110 regionibus
3118 1040 3366 1097 Melitius
3392 1040 3598 1110 magni

1946 1131 2209 1186 nominis
2253 1131 2364 1186 fuit
2409 1147 2420 1185 :
2468 1147 2671 1203 quem,
2717 1132 2821 1202 qui
2862 1132 3128 1186 Gracam
3179 1136 3600 1186 consectantur

1946 1221 2322 1290 sapientiam,
2350 1219 2464 1274 mel
2486 1221 2688 1275 Attica
2711 1219 3233 1289 cognominarunt.
3262 1221 3338 1274 De
3359 1235 3431 1275 eo
3451 1219 3602 1276 illud

1945 1309 2122 1363 nobis
2160 1309 2498 1364 necessario
2539 1308 2859 1364 dicendum
2900 1315 3006 1374 est,
3044 1315 3104 1362 ut
3138 1309 3186 1362 si
3218 1309 3354 1380 quis
3383 1309 3444 1363 in
3473 1325 3604 1364 om-

1947 1397 2122 1453 nibus
2168 1398 2466 1468 praclaris
2515 1397 2726 1453 studiis
2781 1396 3280 1468 perfectissimum
3333 1397 3598 1470 aliquem

1945 1486 2253 1542 hominem
2283 1486 2618 1542 describere
2657 1485 2814 1552 velit,
2847 1487 2898 1542 ei
2931 1491 3221 1557 tanquam
3253 1485 3598 1543 absolutum

1944 1576 2246 1648 exemplar
2257 1576 2501 1632 Melitius
2515 1575 2789 1631 sufliciat.
2813 1583 2919 1632 Ars
2941 1576 3099 1630 enim
3119 1576 3378 1632 oratoria
3394 1577 3598 1634 nativa

1946 1665 2006 1720 in
2029 1681 2098 1720 eo
2120 1673 2206 1720 est
2223 1667 2363 1720 visa.
2389 1671 2467 1720 Ac
2488 1667 2534 1720 si
2557 1681 2695 1720 eum
2714 1681 2784 1720 eo
2810 1670 3042 1720 tantum
3067 1664 3311 1720 nomine
3332 1664 3597 1722 admira-

230 1761 430 1832 ζοιμεν,
484 1764 542 1813 τὸ
598 1770 864 1835 προσῆκον
911 1760 1005 1812 οὐκ
1054 1760 1113 1813 Ξιν
1162 1764 1410 1834 εἴποιμεν.
1471 1768 1576 1823 Τῆς
1622 1781 1681 1832 γε
1731 1766 1829 1832 μὴν

1945 1771 2162 1820 remur,
2209 1753 2405 1808 minus
2440 1755 2491 1808 ei
2531 1769 2718 1824 quam
2753 1755 2996 1810 meritus
3033 1753 3128 1819 sit,
3175 1753 3592 1812 tribueremus.

228 1849 395 1911 ἄλλης
449 1850 610 1902 αὐτοῦ
667 1851 1000 1917 πολυπειρίας
1064 1857 1149 1902 καὶ
1207 1851 1538 1922 φιλομαθείας
1596 1846 1710 1902 οὐδ’
1763 1849 1836 1901 ἐν·

227 1943 423 1998 νοῆσαί
452 1958 503 1991 τι
530 1940 679 1992 πλέον
719 1938 910 1992 ἐκείνου
944 1945 1163 2011 γένοιτο.
1220 1945 1317 1992 Τὸν
1360 1943 1461 2012 γὰρ
1520 1939 1594 2012 ἐφ’
1639 1940 1829 2012 ἑκάστη

227 2028 495 2102 ἐπιστήμῃ
570 2028 872 2081 τελεώτατον
974 2032 1147 2100 ὶκείνῳ
1228 2029 1578 2101 συμμίξαντα,
1671 2031 1836 2089 εἴποις

226 2119 292 2169 ἄν
349 2123 508 2189 μόνην
557 2118 811 2190 εἰληφέναι
861 2119 1062 2191 πεῖραν,
1112 2115 1169 2170 οὗ
1219 2123 1274 2171 τὸ
1326 2121 1512 2192 κράτος
1569 2121 1708 2189 ἔχειν
1760 2137 1835 2170 νε-

221 2211 447 2278 νόμιστο
503 2213 768 2282 πρότερον.
810 2211 887 2261 Τὰ
939 2206 998 2260 δε
1048 2217 1144 2269 τῆς
1190 2208 1370 2282 ἀρετῆς
1406 2208 1464 2260 οὗ
1506 2211 1658 2281 μόνον
1700 2204 1834 2265 ἦσαν

226 2295 502 2369 ἕφάμιλλα,
558 2296 687 2349 ἀλλά
742 2297 786 2349 εἰ
823 2294 988 2370 μηδὲν
1041 2297 1208 2369 ἐκείνῳ
1261 2307 1483 2368 προσῆν,
1534 2296 1708 2370 ἀρκεῖν
1762 2296 1834 2348 Ev-

225 2389 404 2440 τεῦθεν
434 2384 654 2458 μηδενὸς
703 2395 804 2439 τῶν
861 2393 977 2461 περὶ
1029 2389 1175 2439 ταῦτ’
1209 2384 1500 2460 εὐδοκίμων
1541 2387 1655 2440 κατ’
1682 2384 1832 2439 οὐδὲν

226 2475 353 2528 ὂσὸν
401 2495 460 2546 γε
514 2480 638 2550 πρὸς
697 2473 854 2540 δόξαν
895 2476 1183 2531 λείπεσθαι.
1245 2476 1338 2529 ⁸Ὀν
1389 2474 1529 2535 δῆτα
1577 2482 1686 2538 τοῖς
1740 2483 1831 2527 τοῦ

227 2561 473 2637 διῶγμοῦ
549 2573 753 2639 καιροῖς
821 2573 916 2626 τῆς
978 2566 1327 2628 Παλαιστίνης
1390 2569 1570 2639 μέρεσι
1625 2561 1834 2636 διατρί-

225 2652 385 2706 ϐοντα
412 2653 496 2712 ἐτη
525 2662 838 2727 παραμεῖναι
867 2656 997 2707 ἔπτά
1024 2655 1176 2726 λόγος
1203 2657 1336 2726 ἔχει.

1945 1842 2124 1916 434
2159 1847 2217 1898 In
2265 1843 2395 1898 aliis
2425 1849 2626 1898 autem
2661 1843 2858 1898 omnis
2887 1842 3124 1912 generis
3169 1842 3380 1899 studiis
3411 1848 3594 1916 atque

1942 1933 2225 1988 doctrinis
2249 1931 2510 2002 amplius
2542 1931 2899 2004 quidquam,
2932 1947 3117 2003 quam
3149 1931 3244 1987 ille
3275 1939 3591 1988 assecutus

1942 2023 2037 2085 sit,
2061 2021 2282 2076 nemini
2304 2021 2363 2076 in
2395 2027 2656 2077 mentem
2680 2021 2881 2076 venire
2907 2028 3120 2092 potest.
3151 2021 3323 2087 Quod
3353 2022 3400 2076 si
3429 2022 3591 2078 enim

1943 2111 2002 2166 in
2017 2109 2332 2182 disciplina
2347 2125 2590 2182 quaque
2603 2109 3089 2166 absolutissimus
3103 2109 3427 2182 quisquam
3451 2126 3593 2167 cum

1941 2201 2042 2257 illo
2065 2202 2139 2256 de
2168 2216 2238 2256 ea
2265 2200 2444 2255 verba
2474 2199 2838 2265 contulisset,
2866 2200 2927 2254 in
2959 2214 3032 2254 ea
3064 2198 3193 2256 sola
3221 2214 3360 2254 eum
3391 2199 3594 2256 erudi-

1943 2297 2068 2347 tum
2107 2296 2287 2361 atque
2317 2289 2707 2344 exercitatum
2749 2287 2930 2344 fuisse
2960 2288 3217 2344 dixisses
3250 2309 3265 2357 ;
3297 2294 3354 2345 et
3383 2304 3593 2346 rursus

1942 2381 2017 2436 de
2057 2379 2174 2435 alia
2202 2384 2326 2434 arte
2357 2378 2404 2432 si
2433 2378 2570 2450 quis
2602 2393 2737 2432 cum
2772 2393 2844 2433 eo
2885 2377 3124 2447 egisset,
3159 2377 3218 2432 in
3249 2393 3323 2434 ea
3349 2393 3595 2450 quoque

1943 2485 2084 2525 eum
2112 2468 2347 2539 longius
2378 2465 2682 2532 excellere,
2713 2482 2837 2538 pra
2863 2481 2934 2522 eo
2961 2466 3160 2522 studio
3189 2466 3251 2522 iu
3279 2482 3401 2539 quo
3428 2466 3594 2538 prius

1943 2559 2170 2631 primas
2216 2556 2437 2612 habere
2497 2555 2658 2610 visus
2708 2561 2888 2620 esset,
2929 2554 3291 2626 judicasses.
3344 2556 3593 2612 Virtutes

1945 2665 2123 2721 porro
2167 2663 2286 2704 non
2318 2646 2510 2702 solum
2543 2662 2680 2701 cum
2726 2651 2846 2702 tam
2881 2645 3044 2702 varia
3071 2646 3402 2702 eruditione
3433 2647 3495 2702 in
3520 2660 3592 2703 eo

228 2744 557 2807 certabant,
593 2760 797 2798 verum
842 2745 1021 2799 etiam
1069 2745 1114 2798 si
1157 2745 1300 2798 nihil
1341 2759 1585 2815 prorsus
1629 2740 2040 2798 doctrinarum
2081 2738 2459 2801 habuissent,
2482 2736 2574 2790 ha
2607 2734 2748 2790 satis
2788 2733 2866 2790 illi
2897 2734 3168 2791 fuissent.
3200 2735 3362 2791 Adeo
3411 2736 3473 2792 in
3504 2737 3591 2792 eis

229 2831 308 2886 ad
343 2849 643 2888 summam
675 2832 917 2888 laudem
956 2838 1010 2888 et
1041 2833 1292 2901 gloriam
1327 2832 1469 2888 nihil
1519 2833 1736 2888 fecerat
1776 2829 2004 2903 reliqui.
2035 2828 2134 2883 Hic
2182 2829 2243 2882 in
2275 2826 2410 2897 ipsa
2453 2825 2622 2897 gravi
2656 2826 3086 2896 persecutione,
3135 2831 3368 2897 septem
3397 2841 3594 2882 annos

241 2921 299 2976 in
320 2921 650 2978 Palastina
674 2922 945 2994 partibus
973 2922 1270 2978 mansisse
1300 2922 1533 2978 dicitur.

825 3053 1068 3100 ΚΕΦΑΛ.
1104 3047 1248 3129 κζ’,

230 3158 382 3230 Περὶ
438 3163 554 3206 τῶν
604 3153 661 3205 ἐν
712 3150 1074 3230 Λαοδικείᾳ
1127 3157 1465 3230 ξερατικῶς
1505 3156 1829 3230 ᾐγησαμί-

369 3247 508 3294 νων,
564 3231 669 3279 ἐπὶ
725 3229 921 3298 σοφίᾳ
996 3224 1362 3284 διαϐοήτων
1415 3224 1684 3298 ἀνδρῶν.

1864 3044 1905 3101 C

295 3341 404 3396 Τῆς
462 3330 514 3386 δ’
561 3332 608 3385 ἐν
657 3331 948 3406 Λαοδικείᾳ
1002 3339 1302 3408 παροικίας,
1356 3336 1487 3406 μετὰ
1553 3333 1827 3406 Σωκράτην

225 3421 473 3484 Εὐσέϐιος
535 3426 591 3474 τό
638 3425 876 3496 ἱερᾶσθαι
931 3423 1130 3494 λαχὼν,
1200 3425 1498 3494 καθηγείτο.
1569 3430 1673 3484 Τῆς
1723 3423 1824 3494 γὰρ

224 3496 568 3586 ⁹Αλεξάνδρου
600 3513 839 3585 ὁρμήσας
868 3512 1032 3584 (αἰτία
1064 3509 1117 3564 δ’
1169 3509 1229 3571 ἧν
1290 3512 1487 3574 Παῦλος
1551 3513 1576 3564 ὁ
1625 3515 1678 3564 ἐκ
1725 3519 1828 3563 Σα-

224 3604 467 3674 μοσάτων
509 3601 910 3672 ἐξεταζόμενος),
978 3609 1038 3673 τῇ
1088 3606 1248 3674 Συρίᾳ
1286 3600 1619 3674 προσϐάλλει.
1689 3603 1827 3675 Πρὸς

226 3688 286 3745 δε
339 3699 436 3743 τῶν
493 3694 656 3743 ἐκεῖσε
712 3696 830 3765 περὶ
897 3693 963 3742 τὰ
1025 3693 1137 3743 θεῖα
1192 3687 1593 3742 ἐσπουδακότων
1644 3687 1826 3743 οἶκαδε

225 3780 557 3854 ἀναστρέφειν
631 3783 873 3853 εἴργεται,
960 3779 1252 3852 ἀκροθίνιον
1326 3799 1377 3831 τι
1447 3786 1518 3848 τῷ
1579 3775 1826 3836 τηνικάδε

221 3876 399 3945 χρόνῳ
455 3871 550 3932 τῆς
592 3875 709 3943 περὶ
747 3874 868 3922 Θεὸν
921 3874 1141 3930 πίστεως
1185 3869 1579 3940 γνωριζόμενος.
1632 3870 1823 3924 Τοῦτον

226 3956 284 4011 δε
321 3958 634 4024 Ἀνατολιος,
696 3954 988 4021 διεδέξατο,
1040 3957 1231 4032 ἀραθός
1282 3956 1496 4032 ἀρίστου
1540 3952 1820 4026 διάδοχος,

223 4053 316 4106 τὴν
364 4044 754 4122 Ἀλεξάνδρειαν
803 4051 892 4120 μὲν
967 4053 1057 4100 καὶ
1113 4047 1264 4110 οὗτος
1322 4047 1504 4118 αὐχῶν
1562 4043 1818 4120 πατρδία,

223 4139 288 4188 τά
338 4145 522 4208 πρῶτα
561 4133 610 4189 δ’
660 4135 708 4188 ἐν
760 4145 822 4209 τῇ
873 4137 967 4199 ἔξω
1024 4141 1180 4208 σοφίᾳ
1223 4141 1310 4188 καὶ
1359 4137 1475 4188 καθ’
1523 4138 1674 4207 ἡμᾶς,
1729 4133 1821 4188 καὶ

221 4235 320 4278 τῶν
397 4226 510 4278 λίαν
589 4227 857 4298 ἐπισήμων
911 4225 1138 4286 ἀπάσαις
1197 4226 1389 4296 ψήφοις
1439 4225 1822 4299 κεκληρωμένος

222 4315 312 4367 οἱτε
361 4311 428 4386 δὴ
462 4315 529 4374 εἰς
567 4315 746 4388 ἄκρον,
795 4316 892 4374 ὅση
935 4321 1052 4388 περὶ
1087 4321 1423 4388 γεωμετρίαν,
1457 4321 1547 4367 καὶ
1587 4313 1820 4388 ἀρίθμών

224 4403 522 4476 ἀναλογίαν,
597 4408 687 4456 καὶ
773 4403 1141 4476 ἀστρονομίαν,
1207 4400 1540 4462 διαλεκτικὴν
1610 4423 1663 4456 τε
1732 4408 1821 4456 καὶ
1855 4399 1899 4453 D

225 4498 450 4566 φυσικὴν
506 4498 594 4545 καὶ
647 4495 944 4564 θεολογικὴν
1013 4493 1337 4566 φιλοσοφίαν,
1410 4497 1539 4564 πρὸς
1591 4489 1650 4546 δε
1733 4497 1821 4546 καὶ

225 4593 324 4636 τῶν
381 4583 430 4635 ἐν
475 4583 721 4657 ῥητορεία
771 4584 1095 4654 μαθημάτων
1145 4583 1355 4645 ὶλασας.
1389 4580 1574 4635 Οὐδενι
1611 4585 1712 4656 γὰρ
1764 4585 1821 4634 τό

223 4675 340 4724 ἶσον
392 4674 532 4742 ἔχείν
584 4679 812 4743 παρῆκεν
861 4669 1002 4743 αὑτῷ
1036 4687 1048 4700 ⁸
1111 4673 1164 4723 ὃν
1218 4671 1368 4743 λόγος
1421 4673 1534 4742 ἔχει
1595 4678 1684 4723 καὶ
1733 4679 1823 4732 τῆς

227 4760 342 4812 κατ’
410 4760 778 4833 Ἀριστοτέλην
827 4756 1104 4833 διατριϐῆς
1155 4768 1354 4833 πρῶτον
1399 4759 1680 4822 ἀξιωθέντα
1733 4779 1822 4811 συ-

231 4852 535 4907 στήσασθαι
590 4853 683 4907 τὴν
716 4848 936 4920 σχολήν.
969 4848 1136 4920 Ἔργα
1164 4859 1252 4920 μεν
1284 4845 1371 4900 οὖν
1402 4847 1596 4923 ἄριστα
1645 4857 1823 4900 τοῦτον

230 4936 629 5014 διαπράξασθαι
683 4939 796 4990 κατ’
841 4935 1228 5012 Ἀλεξάνδρειαν
1284 4937 1331 4990 ἐν
1389 4947 1449 5010 τῇ
1502 4947 1592 4990 τοῦ
1661 4939 1822 5011 Βρου-

229 5048 358 5101 χιου
409 5028 684 5103 πολιορκίᾳ
731 5030 1020 5101 ἱστόρηται.
1085 5033 1182 5081 Καὶ
1236 5033 1352 5102 περὶ
1407 5036 1500 5090 τῆς
1549 5028 1823 5102 ἰσημερίας

231 5126 324 5171 τοῦ
373 5121 573 5189 Πάσχα
615 5117 1020 5190 ἀκριϐεστάτους
1071 5118 1218 5189 ὂρους
1270 5113 1541 5180 ὑπέδειξε·
1603 5122 1692 5170 καὶ
1753 5117 1827 5170 εἰ-

235 5210 478 5278 σαγωγὰς
523 5203 580 5259 δε
624 5205 971 5280 ἀριθμητικὰς
1011 5209 1058 5257 ἐν
1111 5203 1239 5259 δέκα
1299 5209 1681 5280 συγγράμμασι
1734 5228 1826 5259 κα-

233 5296 518 5363 ταλέλοιπε,
549 5301 640 5348 καὶ
691 5295 820 5348 ἄλλα
871 5295 1107 5360 πλεῖστα,
1153 5291 1369 5358 ἓνδειξιν
1415 5296 1508 5348 οὐκ
1538 5295 1826 5368 ἐλαχίστην

234 5393 330 5446 τῆς
387 5393 502 5460 περὶ
553 5388 618 5438 τὰ
673 5383 806 5438 καλά
880 5379 1118 5446 σπουδῆς
1184 5385 1340 5438 αὐτοῦ
1420 5388 1824 5460 παριστάνοντα.

307 5509 386 5581 (1)
420 5509 633 5565 Euseb.
664 5516 724 5564 ut
761 5525 962 5582 supra,
998 5517 1332 5582 πυρουχείον,
1362 5512 1610 5582 publica
1635 5529 1828 5569 auno-

235 5597 332 5640 na
369 5587 427 5640 et
469 5582 644 5640 tritici
679 5581 845 5656 quod
881 5586 1040 5656 πυρός
1069 5581 1265 5644 Graece
1302 5581 1536 5651 dicitur,
1569 5591 1830 5660 recepta-

2523 3039 2749 3096 CAPUT
2778 3039 2999 3095 XXXVI.

1936 3149 2021 3206 De
2037 3147 2212 3204 Laodi
2215 3147 2475 3204 censibus
2488 3147 3073 3220 episcopis,sapientia
3085 3146 3413 3203 illustribus
3428 3146 3598 3211 viris.

2006 3344 2391 3402 Laodicensis
2423 3343 2694 3400 Ecclesia
2725 3359 2966 3401 sacrum
2995 3359 3218 3400 munus
3246 3343 3427 3414 gessit
3457 3347 3594 3416 post

1938 3437 2240 3491 Socratem
2310 3433 2618 3489 Eusebius.
2691 3437 2764 3499 ls,
2830 3432 3195 3489 Alexandria
3263 3431 3588 3504 profectus,

1935 3527 2179 3596 propter
2219 3524 2467 3579 Paulum
2507 3525 2990 3588 Samosatenum,
3032 3522 3093 3577 in
3121 3536 3304 3595 quem
3337 3527 3464 3577 tum
3502 3521 3596 3576 in-

1935 3613 2305 3685 quirebatur,
2346 3612 2406 3666 in
2448 3613 2681 3683 Syriam
2720 3613 2898 3668 venit.
2944 3611 3107 3667 Unde
3144 3610 3222 3666 ab
3261 3610 3330 3665 iis
3365 3610 3470 3682 qui
3509 3609 3591 3668 ibi

1934 3702 2276 3758 divinarum
2302 3716 2501 3755 rerum
2527 3701 2777 3756 studiosi
2801 3705 2986 3765 erant,
3020 3701 3078 3754 in
3106 3701 3364 3770 patriam
3393 3699 3588 3757 redire

1933 3795 2024 3845 est
2047 3789 2371 3861 impeditus
2399 3805 2411 3843 :
2445 3788 2612 3861 quod
2639 3789 2974 3844 maximum
2997 3789 3299 3857 religionis
3321 3793 3500 3862 atque
3527 3789 3588 3846 in

1936 3883 2120 3934 Deum
2151 3878 2286 3933 ﬁdei
2315 3879 2662 3949 prasidium
2689 3883 2745 3933 et
2768 3877 3046 3934 columen
3077 3877 3188 3933 illis
3218 3877 3588 3950 temporibus

1934 3973 2294 4023 censeretur.
2336 3967 2470 4037 Ejus
2501 3967 2719 4022 deinde
2748 3966 2948 4022 locum
2981 3966 3288 4023 Anatolius
3310 3966 3588 4037 obtinuit,

1932 4058 2139 4129 optimi
2157 4057 2486 4112 decessoris
2500 4056 2698 4111 bonus
2716 4071 3047 4112 successor.
3070 4056 3212 4112 Huic
3230 4054 3590 4114 Alexandria
3669 4062 3672 4065 ’

1932 4147 2126 4218 patria
2154 4145 2282 4201 fuit.
2303 4146 2610 4216 Pracipua
2636 4151 2790 4201 certe
2816 4145 2950 4201 laus
2967 4146 3019 4201 ei
3045 4146 3106 4202 in
3135 4144 3389 4217 profana
3410 4145 3589 4202 simul

1931 4241 1987 4290 et
2014 4250 2190 4291 sacra
2217 4233 2619 4306 philosophia,
2652 4234 2936 4290 omnibus
2971 4236 3246 4291 omnium
3276 4234 3588 4308 praeclaros

1929 4341 2064 4380 rum
2100 4323 2368 4379 virorum
2407 4323 2652 4379 calculis
2694 4329 2788 4379 est
2826 4323 3048 4381 tributa
3089 4340 3102 4380 :
3148 4329 3211 4380 ut
3251 4323 3327 4393 ei,
3368 4325 3474 4396 qui
3507 4324 3587 4382 ad

1933 4429 2236 4468 summam
2261 4413 2532 4484 peritiam
2555 4413 2918 4485 geometria,
2948 4413 3355 4486 proportionis
3377 4429 3587 4471 nume-

1931 4517 2155 4566 rorum,
2176 4503 2580 4566 astronomia,
2599 4501 2943 4572 dialectica,
2968 4503 3252 4575 physica,
3273 4501 3586 4576 ipsiusque

1931 4592 2084 4648 adeo
2113 4591 2459 4661 theologica
2481 4593 2810 4664 sapientia,
2835 4594 3172 4664 artiumque
3195 4592 3433 4648 dicendi
3453 4609 3584 4650 om-

1931 4680 2098 4736 niuin
2150 4680 2506 4752 pervenerit,
2558 4683 2984 4755 neminemque
3032 4681 3144 4737 sibi
3191 4697 3401 4753 parem
3453 4698 3584 4741 esse

1930 4785 2148 4841 passus
2187 4770 2280 4824 sit.
2315 4773 2497 4835 Quem
2532 4770 2696 4828 fama
2726 4771 2903 4827 etiam
2935 4775 3025 4826 est
3054 4769 3306 4840 dignum
3338 4787 3466 4828 esse
3492 4773 3584 4843 ju-

1932 4858 2220 4928 dicatum,
2283 4859 2386 4931 qui
2452 4861 2685 4931 primns
2759 4857 3192 4914 Aristotelicam
3254 4859 3587 4922 institueret

1933 4947 2222 5003 scholam.
2255 4949 2551 5020 Multaque
2577 4949 2625 5004 is
2652 4947 3026 5003 Alexandria
3061 4947 3289 5004 Bruchii
3318 4949 3398 5022 (l)
3427 4950 3586 5008 obsi-

1933 5037 2131 5092 dionis
2155 5043 2416 5107 tempore
2439 5037 2498 5093 in
2521 5037 2674 5092 civili
2697 5036 3072 5092 dissensione
3097 5041 3153 5092 et
3175 5037 3353 5093 famis
3375 5039 3586 5096 discri-

1934 5125 2116 5189 mine,
2150 5131 2391 5197 propter
2420 5142 2678 5182 annona
2713 5125 3077 5194 angustiam,
3111 5126 3336 5198 optime
3373 5127 3586 5186 iecisse

1934 5213 2285 5287 civibusque
2311 5215 2680 5271 consuluisse
2710 5214 2981 5272 traditur.
3018 5219 3086 5274 Et
3115 5217 3378 5274 rationes
3410 5217 3586 5275 ﬁnes-

1935 5319 2054 5377 que
2078 5312 2286 5369 certos,
2313 5304 2537 5360 Pascha
2557 5305 2958 5377 aquinoctiali
2987 5311 3253 5380 tempore
3280 5307 3588 5365 celebran-

1936 5391 2083 5449 dum
2113 5409 2243 5449 esse
2270 5393 2529 5450 ostendit
2562 5416 2574 5449 :
2603 5393 3018 5452 Arithmeticas
3052 5395 3454 5452 Institutiones
3479 5396 3587 5454 de-

1939 5517 2141 5590 culum
2181 5523 2359 5590 atque
2399 5519 2767 5590 granarium.
2801 5519 3067 5581 Refertur
3103 5520 3220 5580 hoc
3257 5520 3337 5578 ad
3368 5521 3590 5586 Euseb.

1938 5589 2043 5650 lib.
2077 5604 2178 5658 vu,
2221 5589 2354 5664 cap.
2397 5589 2490 5652 32.
