4020 6218
533 267 552 319 Ι
565 263 670 319 203

1808 267 2197 324 NICEPHORI
2237 268 2558 324 CALLISTI

3716 273 3816 330 1204

527 393 658 436 cem
683 379 896 436 libellis
923 382 1283 454 composuit,
1311 383 1550 456 aliaque
1569 383 2145 456 plurimalitterarun

2279 391 2466 460 Χεῖρας
2515 382 2574 438 δὲ
2623 386 2786 455 τούτῳ
2837 392 3038 457 πρῶτος
3101 383 3126 436 ό
3183 391 3278 446 τῆς
3323 381 3669 436 Παλὰιστινῶν
3721 394 3820 440 καί-

524 476 941 538 monumenta,
976 487 1110 542 qua
1151 471 1352 528 eximii
1389 474 1522 543 ejus
1551 473 1612 529 in
1653 474 1914 530 honestis
1945 479 2000 530 et
2025 474 2166 530 libe-

519 557 748 615 ralibus
771 559 998 616 artibus
1018 561 1194 616 studii
1219 561 1362 618 satis
1382 578 1604 634 magno
1623 569 1760 618 sunt
1781 564 2164 620 documento.

521 647 749 704 Primus
780 648 832 704 ei
861 647 1146 705 Casarea
1185 651 1508 708 Palastina
1537 653 1856 724 episcopus
1883 654 2168 710 Theotec-

517 752 634 792 nus
667 751 912 792 manum
943 738 1164 810 injecit,
1196 741 1667 814 episcopumque
1698 743 1937 808 creavit,
1985 743 2162 816 435

518 825 792 882 Ecclesia
829 843 954 882 sua
993 843 1400 885 successorem
1443 847 1580 886 eum
1621 831 1944 900 designans
1985 839 2164 904 atque

515 913 844 972 destinans.
877 916 993 972 Sed
1022 917 1206 974 ambo
1237 934 1358 974 non
1383 919 1466 975 ita
1494 920 1596 975 diu
1627 920 1898 977 Ecclesia
1930 922 1982 976 ei
2012 938 2168 994 pra-

515 1003 774 1062 fuerunt.
799 1007 946 1062 Nam
965 1021 1104 1062 cum
1125 1007 1360 1064 ethunc
1388 1010 1662 1081 synodus
1683 1015 1893 1066 contra
1916 1011 2162 1067 Paulum

514 1099 724 1152 coacta
755 1101 1082 1169 avocasset,
1111 1101 1168 1154 et
1197 1098 1322 1169 ipse
1353 1115 1458 1170 per
1489 1101 1842 1156 Laodiceam
1874 1101 1983 1156 iter
2012 1101 2164 1157 face-

513 1187 620 1251 ret,
652 1199 965 1258 nuperque
995 1186 1328 1244 admudum
1369 1188 1450 1244 ibi
1493 1189 1732 1260 pietatis
1763 1206 1984 1246 nomen
2017 1190 2162 1248 refe-

510 1287 650 1328 rens
676 1273 998 1345 episcopus
1025 1275 1313 1332 Eusebius
1339 1292 1370 1332 e
1399 1278 1516 1334 vita
1543 1279 1876 1348 migrasset,
1909 1295 1944 1336 a
1971 1280 2157 1335 fratri-

505 1359 624 1417 bus
662 1361 957 1430 detentus,
989 1364 1256 1421 ecclesia
1299 1366 1350 1421 ei
1391 1371 1480 1422 est
1511 1367 1844 1439 prafectus.
1887 1369 2159 1426 Anatolio

505 1449 670 1516 huic,
701 1467 840 1508 cum
871 1458 1008 1524 post
1041 1469 1230 1510 annos
1263 1455 1601 1527 complures
1640 1456 2008 1522 decessisset,
2053 1475 2158 1529 po-

513 1543 774 1596 stremus
797 1540 878 1596 ibi
900 1541 1166 1598 ﬁdelium
1195 1543 1534 1616 episcopus,
1559 1551 1696 1602 ante
1727 1548 2157 1617 persecutionis

506 1631 802 1701 tempora,
827 1629 1108 1686 suﬂectus
1131 1638 1217 1687 est
1239 1633 1578 1704 Stephanus
1601 1649 1612 1688 :
1635 1634 1777 1690 satis
1799 1633 1891 1690 ille
1912 1635 2156 1708 quidem

2279 479 2492 548 σαρείας
2573 478 2838 533 Θεότεκνος
2919 471 3194 538 ἐπιϐαλὼν,
3267 475 3496 524 καθίστα
3573 473 3814 542 ἐπίσκοπον,

2277 559 2540 636 διάδοχον
2611 571 2702 624 τῆς
2766 564 2879 615 κατ’
2931 563 3086 616 αὐτόν
3141 567 3418 634 παροικίας
3467 569 3814 634 προμνωμενοςο

2273 658 2364 706 καὶ
2393 653 2545 726 ἄμφω
2593 658 2764 705 τοίνυν
2815 653 2889 706 ἐπ’
2943 653 3110 724 ὀλίγον
3141 661 3236 714 τῆς
3273 651 3436 704 ἐκεῖσε
3487 649 3601 710 δῆτ’
3655 653 3818 715 Ἐκκλη-

2275 747 2396 804 σίας
2445 747 2797 816 προέστησαν.
2843 749 2948 805 Τῆς
2992 737 3050 793 δε
3091 743 3226 793 κατα
3279 741 3476 794 Παῦλον
3525 739 3732 794 συνόδου
3761 755 3820 798 καὶ

2271 839 2451 884 τοῦτον
2496 832 2775 896 καλούσης,
2817 829 2924 884 ἐπεὶ
2975 827 3265 903 ὁδοιπορῶν
3307 827 3402 882 διὰ
3440 839 3534 892 τῆς
3575 829 3820 886 Λαοδικέων

2269 925 2481 992 παρῄει,
2541 920 2662 996 ἄρτι
2712 927 2804 973 τοῦ
2853 927 2944 980 τῆς
2994 918 3256 981 εὐσεϐείας
3313 922 3606 994 φερωνύμου
3661 927 3822 991 μεταθε-

2269 1013 2422 1080 μένου
2481 1014 2538 1062 τό
2591 1011 2708 1082 ζῇν,
2755 1013 2887 1084 πρὸς
2939 1018 3036 1060 τῶν
3099 1008 3264 1062 ἐκεῖσε
3331 1007 3568 1082 βιασθεὶς
3619 1007 3822 1083 ἀδελφῶν,

2269 1105 2364 1159 τῆς
2415 1099 2728 1160 Ἐκκλησίας
2785 1103 3044 1172 προέστη.
3103 1097 3258 1152 Ἀλλὰ
3307 1104 3396 1150 καὶ
3443 1101 3626 1150 τούτου
3669 1096 3726 1158 δὴ
3757 1109 3824 1152 τοῦ

2269 1185 2569 1240 Ἀνατολίου
2615 1190 2746 1260 μετὰ
2797 1191 3024 1260 χρόνους
3091 1188 3298 1248 ἱκανοὺς
3351 1190 3408 1238 τό
3479 1185 3625 1258 βιοῦν
3687 1189 3826 1260 μεταλ·

2267 1275 2534 1344 λάξαντος,
2597 1278 2887 1338 τελευταῖος
2953 1285 3052 1328 τῶν
3119 1277 3282 1330 ἐκεῖσε
3360 1285 3562 1330 πιστῶν
3624 1281 3712 1351 πρὸ
3761 1288 3826 1330 τοῦ

2269 1363 2509 1440 διωγμοῦ
2559 1369 2873 1420 καθίσταται
2925 1371 3191 1439 Στέφανος,
3242 1370 3332 1418 καὶ
3385 1362 3531 1426 οὗτος
3585 1365 3828 1438 ἀρκούντως

2267 1459 2356 1528 μὲν
2399 1456 2553 1527 λόγου
2617 1461 2708 1508 καὶ
2749 1452 2966 1508 παιδεία
3017 1465 3108 1517 τῆς
3167 1455 3260 1518 ἔξω
3307 1455 3642 1526 μετειληφὼς,
3683 1461 3830 1508 οὔκουν

2269 1541 2302 1596 δ
2307 1545 2320 1564 '
2351 1548 2538 1606 ἐπίσης
2561 1551 2652 1597 καὶ
2681 1541 2926 1608 παιδείας
2953 1549 3045 1603 τὴν
3073 1546 3210 1596 θείαν
3239 1544 3480 1618 λατρείαν
3511 1544 3642 1616 ἔχων
3671 1553 3764 1606 τοῖς
3781 1545 3828 1596 εἰ·

2264 1639 2502 1708 ρημένοις
2530 1652 2543 1665 ·
2589 1634 2800 1706 ἐλεγχος
2843 1637 2942 1708 γὰρ
2979 1633 3122 1703 αὐτῷ
3161 1637 3390 1690 κατέστη
3439 1635 3465 1684 ό
3503 1641 3591 1684 τοῦ
3633 1629 3830 1704 διωγμοῦ

502 1717 765 1790 profanis
795 1718 1018 1776 artibus
1049 1719 1396 1786 instructus,
1433 1721 1540 1778 sed
1571 1737 1688 1778 non
1722 1723 1923 1780 itidem
1961 1730 2022 1779 ut
2061 1725 2145 1780 de-

2267 1729 2446 1797 καιρός
2478 1741 2491 1754 ·
2543 1724 2778 1796 μάλιστα
2825 1727 2923 1796 γὰρ
3011 1719 3207 1783 δειλίας
3281 1727 3372 1774 καὶ
3453 1727 3702 1797 εἰρωνείας
3737 1722 3832 1773 ἀνά.

501 1823 772 1865 cessores
800 1809 950 1880 ejus,
991 1810 1053 1865 in
1099 1809 1316 1866 divinis
1350 1812 1573 1867 Litteris
1599 1811 1922 1868 institutus.
1955 1814 2156 1870 Decla-

502 1897 658 1954 ravit
689 1898 752 1954 id
790 1899 1220 1971 persecutionis
1259 1905 1515 1972 tempus,
1553 1901 1714 1973 quod
1761 1903 1951 1958 virum
1994 1903 2156 1959 hunc

499 1987 942 2054 meticulosum,
966 1988 1044 2044 ad
1065 1989 1630 2062 simulationemque
1657 1995 1713 2046 et
1737 1991 2155 2048 dissimulatio-

498 2089 640 2133 nem
657 2077 1082 2150 compositum,
1103 2077 1364 2134 alienum
1379 2095 1508 2135 esse
1525 2080 1702 2136 etiam
1718 2096 1754 2135 a
1773 2080 2146 2153 philosophia

495 2165 802 2222 indicavit.
837 2166 1008 2232 Quod
1042 2167 1089 2222 si
1123 2167 1254 2222 talis
1283 2167 1380 2224 ille
1414 2167 1542 2234 fuit,
1579 2185 1780 2224 nonne
1810 2171 2153 2226 existiman-

495 2255 642 2312 dum
667 2255 776 2311 fuit
796 2255 1110 2312 ecclesiam
1135 2272 1378 2329 quoque
1395 2258 1525 2328 ejus
1545 2265 1756 2330 postea
1778 2275 1812 2315 a
1833 2265 1992 2315 recta
2011 2259 2150 2316 ﬁdei

495 2345 864 2418 professione
881 2345 1264 2402 decessuram
1282 2345 1310 2400 ἵ
1332 2347 1630 2414 Sedenim,
1659 2350 1774 2403 Deo
1796 2348 2146 2418 opitulante,

496 2449 562 2490 se
584 2433 683 2490 illa
711 2434 895 2490 erexit
915 2439 1094 2507 atque
1115 2435 1514 2492 conﬁrmavit.
1531 2436 1868 2493 Theodotus
1883 2453 2147 2511 namque

492 2528 630 2594 post
659 2523 828 2580 illum
858 2523 1204 2598 episcopale
1237 2541 1458 2580 munus
1483 2527 1747 2590 sortitus,
1775 2527 2006 2583 nomini
2039 2544 2148 2584 suo

493 2611 666 2670 factis
707 2613 852 2686 ipsis
895 2614 1207 2686 respondit
1253 2629 1268 2668 :
1319 2619 1376 2671 et
1413 2615 1699 2686 operibus
1740 2615 1980 2688 qualem
2017 2633 2147 2674 esse

493 2705 770 2774 oporteat
809 2703 1162 2776 episcopum
1197 2704 1476 2772 ostendit,
1513 2705 1835 2761 animabus
1877 2706 2054 2762 simul
2091 2710 2148 2762 et

489 2791 846 2864 corporibus
864 2797 1020 2849 recte
1041 2794 1325 2850 curandis
1347 2793 1568 2850 nemini
1590 2795 1908 2860 secundus,
1933 2795 2144 2851 huma-

2266 1813 2447 1878 πλεων,
2509 1818 2598 1866 καὶ
2667 1813 2968 1886 φιλοσοφίας
3027 1816 3090 1872 ὡς
3141 1811 3457 1886 πορρωτάτω
3519 1819 3688 1864 τοῦτον
3732 1811 3831 1864 ὄιπέ-

2268 1899 2451 1966 δειξεν.
2527 1902 2582 1956 Εἰ
2646 1899 2699 1954 δ’
2771 1901 2952 1964 ἐκεῖνος
3027 1909 3276 1966 τοιοῦτος,
3343 1901 3470 1972 οὖχὶ
3529 1906 3618 1954 καὶ
3669 1905 3724 1952 τα
3760 1911 3832 1962 τῆς

2265 1991 2579 2053 Ἐκκλησίας
2679 1991 2746 2052 εἰς
2835 1994 3148 2056 τούναντίον,
3241 1997 3570 2064 μεταχωρεῖν
3661 1989 3828 2062 ἓμελλε;

2265 2088 2398 2134 Θεοῦ
2453 2077 2512 2132 δὲ
2564 2087 2722 2152 χεῖρα
2773 2079 3146 2154 ὑπερτιθέντος,
3189 2077 3437 2130 ἀνίστατό
3481 2098 3538 2130 τε
3589 2083 3672 2129 καὶ
3717 2077 3832 2150 5m!)-

2261 2172 2509 2244 ῥώννυτο.
2571 2167 2819 2231 Θεόδοτος
2865 2172 2965 2242 γὰρ
3017 2171 3122 2242 μετ’
3164 2167 3349 2221 ἐκεῖνον
3400 2173 3488 2220 τόν
3533 2169 3700 2240 θρόνον
3733 2165 3830 2220 δια-

2264 2255 2556 2332 δεξάμενος,
2594 2264 2686 2318 τὴν
2752 2259 2805 2312 λε
2853 2259 3041 2318 κλῆσιν
3086 2257 3512 2316 ἐπαληθεύουσαν
3562 2257 3720 2330 ἔσχε·
3761 2265 3830 2310 καὶ

2261 2351 2570 2420 πράγμασιν
2627 2349 2806 2412 αὐτοῖς
2860 2351 3035 2401 ὁποῖον
3086 2347 3215 2402 εἶναι
3273 2353 3382 2420 χρὴ
3445 2351 3536 2400 τόν
3589 2349 3830 2400 ἐπίσκοπον

2261 2436 2442 2501 ἔδειξε.
2505 2443 2606 2492 Καὶ
2647 2441 2745 2511 γὰρ
2804 2437 3090 2512 ἀμφότερα,
3135 2442 3224 2489 καὶ
3283 2445 3382 2489 τῶν
3431 2437 3625 2508 ψυχῶν
3651 2443 3831 2490 καὶτῶν

2262 2531 2514 2600 σωμάτων
2571 2533 2665 2588 τὴν
2725 2530 3018 2602 θεραπείαν,
3081 2523 3292 2588 οὐδενὸς
3339 2526 3540 2598 ἐφέρετο
3600 2525 3824 2600 δεύτερα⁸

2259 2617 2614 2691 φιλάνθρωπος
2671 2615 2719 2672 δ’
2775 2621 2914 2690 εἴπερ
2960 2637 3038 2680 τις
3079 2618 3168 2682 ὢν,
3205 2619 3512 2689 συμπαθείᾳ
3569 2621 3658 2675 τήν
3703 2635 3832 2668 σπον-

2259 2703 2358 2766 δὴν
2415 2711 2620 2779 ἓμίγνυ,
2659 2711 2753 2768 τὴν
2803 2707 3042 2780 ὠφέλειαν
3109 2715 3208 2758 τῶν
3269 2711 3616 2780 προσιόντων,
3688 2709 3834 2758 όποτέ-

2255 2816 2350 2868 ραν
2383 2797 2580 2870 βούλει,
2623 2800 2718 2849 σὺν
2749 2799 3016 2870 ἐπιστήμη
3047 2801 3558 2868 πραγματευόμενος.

489 2879 793 2953 nitateque
815 2882 1125 2952 singulari,
1140 2883 1189 2938 si
1211 2884 1530 2956 quisquam
1549 2882 1724 2948 alius,
1741 2889 1796 2940 et
1813 2885 1938 2957 ipse
1953 2885 2257 2956 praditus.
2277 2885 2476 2942 Sicille
2494 2887 2876 2942 atlectionum
2891 2886 3450 2942 accommodatione
3469 2891 3528 2941 et
3543 2883 3830 2940 condolen-

489 2969 598 3037 tia,
637 2970 904 3027 studium
955 2971 1344 3042 ofﬁciumque
1384 2973 1679 3043 pastorale
1715 2975 2070 3046 temperavit
2111 2993 2124 3029 :
2157 2979 2336 3047 atque
2381 2975 2688 3032 utilitatem
2729 2991 2938 3032 eorum
2971 2975 3074 3048 qui
3107 2991 3168 3030 se
3212 2974 3590 3040 consuluere,
3643 2974 3698 3030 in
3745 2973 3834 3029 hac

502 3059 596 3116 vel
622 3059 686 3118 in
709 3059 811 3118 illa
833 3061 1222 3118 meditatione
1248 3061 1560 3132 diligenter
1584 3067 1640 3119 et
1661 3062 1914 3120 ﬁdeliter
1939 3066 2300 3136 procuravit.

1067 3213 1292 3270 CAPUT
1329 3214 1572 3270 XXXVII.

492 3321 582 3379 De
631 3320 920 3392 episcopis
968 3317 1252 3449 Casarlg:
1291 3321 1646 3450 Ριὶῑῗεςιίηα,
1697 3329 1750 3378 et
1789 3322 1862 3379 de
1889 3321 2140 3379 Eusebio

1247 3409 1346 3450 mn
1393 3409 1412 3448 ι
1443 3409 1482 3447 ι.

1247 3409 1482 3463 mpnm.

487 3515 512 3532 ⁵
559 3519 626 3576 Ιιι
675 3517 940 3576 Ecclesia
988 3517 1340 3574 Casariensi
1389 3517 1716 3577 Palastina
1765 3524 1902 3593 post
1955 3519 2139 3576 Theo-

491 3612 758 3680 tecnum,
797 3607 1062 3680 Agapius
1088 3623 1454 3681 magnopere
1479 3615 1566 3665 est
1598 3609 1878 3666 laudatus
1907 3627 1920 3666 :
1957 3626 2140 3684 quem

491 3697 726 3756 bonum
781 3697 1142 3772 ﬁdelemque
1197 3699 1552 3770 episcopum
1611 3699 1816 3768 fuisse,
1868 3699 2140 3756 doctrina

488 3788 667 3846 simul
708 3791 766 3844 et
801 3788 921 3844 vita
959 3789 1092 3860 ipsa
1139 3788 1488 3844 declaravit.
1522 3791 1692 3845 Recte
1723 3790 1880 3845 enim
1923 3789 2140 3863 pieque

482 3877 711 3952 populo
751 3893 861 3933 suo
895 3877 1108 3950 praiit,
1149 3883 1206 3933 et
1231 3877 1520 3934 muniﬁca
1559 3879 1910 3952 liberalique
1953 3895 2138 3936 manu

482 3967 740 4038 benigne
761 3967 1074 4038 egentibus
1097 3965 1406 4024 facultates
1427 3984 1568 4024 suas
1587 3969 1889 4040 impertiit.
1917 3969 2138 4025 Eodem

482 4059 777 4128 tempore,
809 4055 1140 4112 eruditione
1173 4056 1346 4128 juxta
1375 4061 1430 4113 et
1471 4057 1603 4114 vita
1643 4057 1911 4114 instituto
1943 4058 2139 4128 philo-

487 4145 746 4218 sophum
780 4145 1201 4212 Christianum,
1243 4151 1300 4202 et
1335 4147 1662 4218 presbyteri
1701 4147 1990 4216 dignitate
2029 4163 2138 4202 au-

486 4237 672 4301 Ctum,
696 4234 966 4290 divinum
989 4235 1370 4308 Pamphilum
1389 4235 1658 4292 ﬂoruisse
1685 4236 1928 4292 scimus.
1954 4236 2135 4306 Cujus

485 4325 671 4382 vitam
714 4329 770 4380 et
811 4313 1074 4380 actiones
1116 4339 1350 4390 omnes,
1391 4325 1685 4381 celebrem
1725 4326 1902 4382 etiam
1947 4342 2132 4399 quam

481 4413 567 4470 ibi
596 4413 844 4469 instituit
873 4411 1142 4484 profana
1163 4413 1502 4485 divinaque
1533 4413 1927 4487 philosophia
1958 4415 2135 4471 scho-

483 4501 628 4568 lam,
665 4501 844 4575 ᾆδε
885 4507 1174 4574 praterea
1215 4507 1590 4558 constantem
1631 4505 1689 4558 in
1721 4505 1898 4560 variis
1939 4520 2136 4574 perse-

2857 3221 3101 3270 ΚΕΦΔΛ.
3143 3214 3268 3270 ΑΖ’.

2253 3327 2408 3397 Περὶ
2444 3331 2560 3375 τῶν
2601 3325 2657 3376 ἓν
2698 3327 3060 3396 Καισαρείᾳ
3099 3331 3212 3397 τῇς
3267 3321 3702 3397 Παλαιστίνης
3752 3320 3828 3394 ἄρα

2286 3393 2588 3468 χιερέων·
2628 3400 2736 3448 καὶ
2773 3393 2927 3468 περῖ
2955 3393 3270 3448 Ευόσεϐίου
3311 3402 3420 3446 τοῦ
3461 3393 3804 3467 Παμφίλου.

2321 3525 2427 3580 Τῆς
2482 3516 2542 3572 δε
2597 3522 2731 3572 κατὰ
2787 3517 3138 3576 Παλοιστίνην
3183 3523 3504 3592 Καισαρείας
3556 3521 3685 3592 μετὰ
3729 3521 3831 3571 Θεό-

2251 3627 2421 3661 τεκνον
2477 3608 2720 3680 Ἀγοίπιος
2773 3607 3117 3682 ἐκηρύττετο·
3187 3608 3240 3659 ὃν
3293 3604 3587 3660 σπουδαῖον
3643 3611 3726 3679 μὲν
3775 3604 3828 3658 εἶ-

2249 3717 2333 3749 ναι
2381 3697 2410 3755 ἢ
2461 3717 2514 3750 τε
2553 3698 2742 3771 πρᾶξις
2777 3703 2866 3750 καὶ
2911 3699 2934 3748 ό
2986 3697 3136 3768 λόγος
3193 3697 3476 3770 ἐγνώρισε⁸
3529 3701 3752 3768 γνησίως
3787 3712 3827 3745 τε

2249 3785 2674 3856 προῖστατασθαι
2731 3791 2821 3834 τοῦ
2875 3782 3023 3845 λαοῦ,
3081 3787 3169 3834 καὶ
3227 3779 3478 3854 δαψιλείᾳ
3529 3784 3706 3854 χειρὸς
3747 3785 3828 3838 τοῖς

2251 3867 2508 3944 δεομένοις
2561 3875 2616 3924 τό
2653 3879 2917 3944 προσῆκον
2959 3867 3274 3945 ἓπάρδοντα.
3319 3871 3434 3942 Ἐφ’
3485 3871 3545 3923 οὖ
3589 3871 3717 3940 λόγῷ
3760 3872 3827 3920 καὶ

2250 3961 2508 4032 φιλοσόφῳ
2560 3959 2662 4032 βίῳ
2721 3957 3005 4024 διαξῶντα,
3057 3966 3146 4013 καὶ
3205 3967 3298 4012 τοῦ
3337 3959 3522 4012 αὐτόθι
3581 3957 3826 4034 πρεσϐείου

2247 4051 2548 4120 ἠξίωμένον,
2585 4054 2672 4102 τόν
2727 4053 2858 4102 θεῖον
2907 4052 3177 4122 Ποίμφιγον
3219 4052 3440 4120 ἔγνωμεν
3473 4067 3486 4078 ⁸
3531 4049 3594 4101 οὗ
3625 4053 3705 4100 τόν
3731 4045 3822 4120 βίον

2247 4145 2335 4192 καὶ
2381 4142 2446 4192 τὰ
2491 4140 2610 4192 καθ’
2659 4141 2874 4192 ἕκαστον
2915 4140 3057 4209 αὐτῷ
3110 4143 3462 4211 πεπραγμένα,
3527 4141 3604 4191 ἔτι
3657 4135 3714 4190 δὲ
3758 4139 3826 4188 καὶ

2246 4233 2363 4302 περὶ
2419 4230 2478 4290 ἧς
2535 4233 2892 4287 συνεστήσατο
2945 4232 3110 4282 ἐκεῖσε
3159 4229 3322 4298 λόγων
3383 4231 3528 4282 θείων
3575 4233 3664 4280 καὶ
3713 4225 3826 4298 φιλο-

2250 4321 2418 4389 σόφων
2465 4315 2756 4390 διατριϐῆι,
2807 4321 2937 4392 πρὸς
2987 4315 3054 4376 δὴ
3097 4320 3301 4380 τούτοις
3339 4321 3430 4370 καὶ
3461 4323 3560 4376 τὴν
3599 4319 3718 4390 ὑπὲρ
3765 4313 3826 4367 εὖ·

2248 4407 2446 4470 σεϐείας
2471 4411 2656 4460 τούτου
2688 4411 2736 4461 ἓν
2767 4405 3036 4480 διαφόροις
3087 4403 3343 4478 διωγμοῖς
3393 4407 3694 4478 ὁμολογίαν,
3723 4407 3824 4462 τούς

2244 4517 2297 4550 τε
2329 4497 2529 4570 ἀγῶνας
2559 4499 2739 4564 αὐτοῦ,
2781 4503 2868 4550 καὶ
2899 4501 2956 4549 τό
2985 4501 3269 4550 τελευταῖον
3301 4497 3370 4557 ὡς
3396 4501 3484 4548 τόν
3523 4505 3616 4548 τοῦ
3647 4514 3820 4567 μαρτν-

485 4573 827 4648 οιιιὶοηῖὺιιε
858 4573 1318 4656 confessionem,
1351 4596 1408 4646 et
1444 4591 1770 4648 certamina
1802 4573 2132 4664 egregium-

2258 4593 2358 4640 δίου
2399 4585 2692 4646 ἀνεδήσατο
2730 4589 2993 4660 στέφανον,
3037 4585 3282 4646 Εὐσέϐιος
3329 4587 3354 4637 ὁ
3399 4589 3588 4638 τούτου
3638 4583 3823 4650 arma-

483 4695 602 4753 que
655 4695 764 4752 pro
824 4679 1037 4737 Christi
1097 4681 1340 4736 nomine
1403 4681 1780 4752 martyrium,
1851 4683 2132 4737 Eusebius

480 4769 702 4825 sororis
726 4769 858 4842 ejus
879 4767 1058 4834 ﬁlius,
1092 4767 1406 4841 eidemque
1435 4769 1587 4825 adeo
1613 4769 1828 4826 charus
1855 4775 1920 4826 ut
1953 4773 2031 4826 ab
2061 4786 2132 4826 eo

480 4873 818 4929 cognomen
849 4858 1165 4931 acceperit,
1198 4859 1440 4931 copiose
1471 4859 1754 4928 peculiari
1787 4861 2003 4930 scripto
2045 4865 2132 4916 est

459 4951 830 5022 'prosecutus
861 4963 876 5003 :
909 4948 987 5004 ad
1017 4963 1200 5022 quem
1229 4964 1333 5004 eos
1365 4947 1470 5021 qui
1501 4949 1835 5004 accuratius
1867 4950 1990 5006 hac
2031 4965 2129 5004 co-

477 5051 764 5110 gnoscere
812 5035 1124 5104 voluerint,
1169 5037 1394 5108 rejicio.
1441 5037 1729 5094 Eusebius
1779 5039 1904 5104 iste,
1951 5039 2131 5094 disci-

473 5126 655 5200 plinis
683 5125 967 5183 omnibus
993 5127 1300 5198 perceptis,
1329 5143 1637 5184 sacrarum
1672 5129 1933 5183 maxime
1964 5129 2130 5183 Litte-

474 5231 700 5284 rarum,
743 5216 806 5272 in
835 5215 1056 5290 quibus
1096 5218 1459 5290 conquievit,
1491 5217 1738 5272 scientia
1777 5217 2030 5274 enituit:
2074 5221 2128 5274 et

476 5307 554 5364 ad
591 5306 918 5365 Constantii
955 5321 1144 5380 usque
1183 5311 1457 5379 tempora
1499 5305 1659 5362 vixit.
1696 5309 1760 5362 Et
1791 5323 1928 5362 cum
1962 5308 2124 5363 Chri-

471 5397 680 5454 stiana
745 5395 1132 5468 professionis
1191 5395 1667 5453 studiosissimus
1725 5403 1903 5460 esset,
1958 5413 2124 5470 egre-

469 5486 760 5560 giamque
805 5503 915 5560 pro
951 5486 1156 5544 Christi
1197 5485 1424 5542 honore
1458 5484 1903 5542 aemulationem
1937 5487 2123 5558 spira-

472 5581 584 5642 τοι,
598 5575 944 5652 quindecim
965 5575 1144 5637 tomis
1169 5574 1580 5648 evangelicam
1591 5575 2120 5654 Praparationem,

2245 4673 2390 4739 δοῦς,
2425 4683 2512 4730 καὶ
2549 4684 2796 4728 τοσοῦτον
2828 4675 2998 4748 ἐκείνῳ
3039 4675 3334 4748 φιλούμενον
3361 4677 3424 4734 ὡς
3463 4679 3555 4726 καὶ
3593 4678 3684 4732 τὴν
3721 4671 3824 4723 ἑκεί-

2241 4785 2328 4819 νου
2356 4765 2540 4825 κλῆσιν
2571 4765 2800 4818 ἐπίθετον
2853 4773 3025 4836 σχεῖν,
3055 4765 3121 4825 εἰς
3173 4765 3352 4816 λεπτόν
3391 4763 3440 4814 ἐν
3472 4761 3594 4834 ἰδίῳ
3629 4763 3822 4830 συντάγ-

2242 4875 2369 4928 ματι
2419 4853 2726 4928 περιέλαϐε·
2789 4859 2878 4906 καὶ
2933 4857 3040 4913 τοῖς
3095 4852 3324 4925 ἀκριϐῶς
3391 4851 3722 4922 βουλομένοις
3772 4851 3820 4899 τὰ
3953 4851 3955 4927 j

2240 4945 2432 4998 ἐκείνου
2467 4942 2680 5011 εἰδέναι,
2714 4943 2855 5014 αὐτῷ
2890 4948 3327 5018 παραπέμπομεκ.
3376 4941 3472 5004 ’ος
3519 4939 3660 5000 δῆτα
3689 4940 3820 4994 Εὐσέ-

2240 5034 2346 5098 ϐιος
2399 5031 2492 5088 διὰ
2547 5036 2751 5086 πάντων
2795 5031 2967 5094 ἐλθὼν,
3022 5033 3252 5104 μάλιστα
3308 5039 3368 5104 τῇ
3431 5037 3550 5104 περὶ
3607 5035 3671 5083 τὰ
3727 5031 3818 5081 θεῖε

2240 5121 2448 5198 σπουδῇ
2483 5123 2760 5194 ἐνακμαζει
2785 5138 2796 5150 ·
2849 5123 2983 5196 ἄχρι
3020 5118 3080 5174 δὲ
3109 5125 3195 5173 καὶ
3245 5125 3608 5174 Κωνσταντίου
3641 5123 3720 5172 τὸν
3745 5126 3818 5178 τῆς

2240 5215 2380 5278 ζωῆς
2425 5212 2738 5286 παρείλκυσε
2795 5217 3004 5286 χρόνον.
3057 5213 3366 5284 Χριστιανός
3402 5207 3460 5263 δε
3499 5213 3564 5262 τὰ
3613 5209 3818 5282 μάλιστα

2236 5309 2323 5372 ὧν,
2385 5309 2473 5357 καὶ
2525 5303 2682 5356 πολὺν
2735 5305 2820 5354 τόν
2877 5302 3030 5363 ζῆλον
3083 5303 3212 5372 ὑπερ
3263 5307 3497 5374 Χριστοῦ
3551 5305 3730 5365 πνέων,
3777 5296 3814 5347 ἐν

2237 5392 2512 5447 δεκαπέντε
2554 5397 2730 5464 τόμοις
2777 5397 2870 5450 τὴν
2909 5391 3245 5463 εὐαγγελικὴν
3296 5391 3588 5462 συγγράφει
3625 5388 3812 5458 Προπέ-

2231 5487 2495 5558 ρασκευήν
2527 5501 2540 5515 ο
2603 5486 2688 5535 καὶ
2732 5480 2780 5534 ἐν
2807 5477 2939 5534 δέκα
2983 5479 3136 5534 πάλιν
3185 5483 3277 5539 τήν
3309 5479 3646 5551 εὐαγγελικὴν
3685 5475 3811 5530 Ἀπό-

2235 5572 2418 5642 δειξιν.
2458 5578 2560 5632 Καὶ
2611 5581 2813 5654 πρῶτος
2871 5569 3021 5636 οὗτος
3073 5579 3134 5648 τῇ
3194 5573 3324 5644 μετά
3365 5577 3552 5647 χεῖρας
3595 5569 3810 5624 ὑποθίσὲι
