4020 6218
169 317 314 377 1205

1216 317 1784 378 ECCLESIASTICAE
1823 317 2178 374 HISTORIA)
2228 319 2364 375 LIB.
2406 320 2531 378 VII.

3391 303 3532 374 1206

168 444 428 512 έπέϐαλεν,
484 444 964 505 Ἐκκλησιαστικήν
1024 445 1254 522 ἱστορίαν
1322 455 1522 520 πρῶτος
1578 445 1764 519 ὄνομά-

1879 450 1935 501 et
1987 444 2195 501 decem
2235 445 2364 501 aliis
2392 446 2799 520 evangelicam
2830 444 3407 503 demonstrationem
3435 449 3526 502 est

167 553 262 596 σας
286 539 376 594 τὴν
406 534 606 609 βίϐλον.
642 539 772 588 Δίκα
802 531 854 588 δ’
893 535 940 588 ἐν
989 555 1169 608 τομοις
1197 541 1286 589 καὶ
1333 544 1484 589 τοῦτο
1537 539 1596 588 τό
1641 537 1766 588 σύν-

163 643 344 696 ταγμα
411 623 754 700 περικλείεται
848 631 948 678 Καὶ
1025 625 1152 684 ἄλλο
1230 622 1288 678 δὲ
1355 625 1514 678 αὐτοῦ
1587 623 1765 698 βίϐλος

165 713 460 788 ἐμφέρεται,
507 714 567 773 ἢν
627 719 874 768 Κανόνα
939 714 1218 788 ἐπέγραψε,
1270 717 1358 777 τὰς
1409 724 1505 767 τῶν
1558 719 1762 788 χρόνων

164 801 513 878 ἁκριϐουμένη
562 807 778 877 γραφείς.
828 809 928 858 Καὶ
974 805 1042 865 εἰς
1093 808 1178 857 τὸν
1233 803 1345 879 βίον
1390 801 1450 858 δὲ
1491 811 1763 857 Κώνσταν-

157 897 328 960 τίνου,
371 898 519 946 πέντε
572 893 753 966 λόγους
803 890 1020 956 ἐξέδωκε
1051 911 1064 925 ⁶
1123 898 1210 946 καὶ
1265 895 1431 969 ἓτερον
1509 890 1568 946 δὲ
1631 896 1762 966 πρὸς

160 983 340 1048 αὐτὸν,
387 982 441 1035 ὃν
469 989 868 1057 Τριακονταε
886 1003 1000 1057 τηρ
1021 987 1152 1035 ικὸν
1200 986 1490 1056 ἐπιγράφει.
1524 987 1623 1036 Καὶ
1649 989 1761 1035 Στε-

158 1075 300 1144 φάνῳ
356 1076 472 1148 περὶ
530 1081 629 1124 τῶν
681 1075 729 1126 ἓν
792 1079 895 1134 τοῖς
945 1075 1098 1146 ἱεροῖς
1144 1073 1474 1144 Εὑαγγελίοις
1536 1071 1759 1144 ἀπορου-

155 1164 321 1233 μένων
383 1161 548 1236 ἕτερον
623 1161 922 1220 ἀνατίθησι.
997 1166 1096 1214 Καὶ
1154 1163 1284 1214 ἄλλα
1341 1159 1573 1236 διάφορα
1629 1181 1758 1234 συφ-

154 1251 449 1322 γροίμματα
490 1250 846 1316 καταλέλοιπε,
902 1251 1094 1308 πολλὴν
1143 1254 1321 1309 ὄνησιν
1362 1259 1426 1324 τῇ
1470 1250 1756 1322 Ἐκκλησία

158 1339 485 1414 εἰσφέροντα.
541 1339 680 1398 Πλὴν
733 1347 966 1400 τοιοῦτος
1010 1341 1098 1404 ὢν,
1150 1339 1197 1392 ἐν
1256 1339 1463 1403 πολλοῖς
1520 1345 1754 1413 φαίνεται

155 1429 226 1480 τὰ
257 1429 461 1503 Ἀρείου
515 1427 832 1503 πρεσϐεύων,
886 1429 973 1482 ἅτε
1031 1425 1097 1488 δὴ
1149 1435 1350 1500 κτίσμα
1400 1433 1486 1482 τόν
1531 1432 1671 1495 Υίὸν,
1701 1429 1754 1493 ἐξ

154 1517 226 1568 ὧν
276 1519 518 1588 συνάγειν
566 1520 700 1582 ἔστι,
751 1516 920 1569 καλῶν
949 1536 962 1549 ·
995 1518 1090 1569 κοῖν
1140 1520 1412 1590 Σωκράτης
1460 1519 1485 1569 ὁ
1525 1517 1578 1569 ἐκ
1605 1525 1751 1571 Ναυ-

152 1612 283 1657 άτου
359 1609 427 1658 τὰ
491 1606 906 1664 έκκλησιαστικὰ
965 1611 1057 1658 καὶ
1123 1607 1274 1668 αὐτὸς
1333 1610 1650 1672 συντάττων,
1701 1606 1750 1659 έν

149 1701 225 1765 τῷ
276 1691 503 1768 δευτέρῳ
540 1704 639 1747 τῶν
679 1701 848 1766 τόμων
889 1698 1130 1748 ἔνστασιν
1169 1696 1263 1748 οὐκ
1315 1696 1604 1769 ἐλαχίστην
1661 1715 1750 1749 πε-

1875 533 2246 607 complexus.
2275 538 2338 591 Et
2365 537 2596 608 primus
2622 538 2748 609 ipse
2774 553 3023 592 manum
3052 535 3327 608 praesenti
3351 550 3526 605 argu-

1869 631 2078 680 mento
2108 624 2395 690 admovit,
2427 625 2780 700 primusque
2805 625 2993 682 libros
3025 639 3129 681 eos
3159 623 3525 681 ecclesiasti-

1873 729 2006 769 cam
2039 715 2353 770 Historiam
2411 715 2748 787 appellavit,
2794 715 3125 787 decemque
3177 729 3314 770 eam
3347 713 3524 770 tomis

1871 802 2141 860 absolvit.
2176 805 2270 860 Est
2296 811 2351 860 et
2389 804 2549 860 aliud
2583 806 2711 876 ejus
2769 805 3073 869 volumen,
3103 804 3163 860 in
3220 819 3342 877 quo
3377 808 3525 859 tem-

1870 907 2086 964 porum
2113 899 2338 949 certam
2364 900 2829 967 accuratamque
2855 893 3150 949 rationem
3173 891 3440 962 digessit,
3466 899 3523 948 et

1868 997 2051 1053 quem
2107 984 2409 1039 Canonem
2466 982 2806 1054 appellavit.
2857 983 3099 1054 Scripsit
3164 997 3407 1054 quoque
3438 982 3513 1038 de

1870 1070 2240 1127 Constantini
2267 1071 2394 1127 Vita
2444 1071 2628 1127 libros
2681 1071 2968 1143 quinque.
3017 1071 3212 1126 Edidit
3249 1076 3303 1126 et
3329 1071 3515 1126 alium

1865 1160 1945 1216 ad
2001 1161 2302 1229 eumdem,
2352 1177 2535 1234 quem
2593 1159 3006 1216 Tricennalem
3077 1159 3402 1231 inscripsit.
3430 1159 3521 1215 Ad

1867 1251 2232 1322 Stephanum
2258 1251 2398 1306 item
2430 1249 2613 1305 alium
2644 1250 2718 1305 de
2739 1250 2810 1306 iis
2844 1265 2980 1322 quae
3011 1250 3072 1304 in
3103 1248 3439 1319 Evangeliis
3460 1250 3521 1306 in

1863 1338 2113 1394 dubium
2146 1357 2251 1395 seu
2295 1339 2760 1411 disputationem
2809 1342 3123 1395 vocantur.
3162 1337 3283 1396 Sed
3315 1341 3371 1393 et
3401 1338 3522 1394 alia

1863 1428 2026 1484 varia
2071 1428 2305 1500 reliquit
2335 1429 2574 1500 scripta,
2615 1444 2749 1501 quae
2795 1427 3048 1483 multum
3075 1426 3344 1482 Ecclesiae
3375 1426 3521 1483 aﬂ'e—

1861 1523 2000 1572 runt
2041 1518 2326 1574 utilitatis.
2367 1518 2585 1572 Verum
2615 1516 2919 1572 enimvero
2950 1516 3184 1571 etiamsi
3224 1515 3358 1570 talis
3385 1515 3517 1572 fue-

1863 1605 1952 1675 rit,
1984 1607 2044 1662 in
2078 1607 2278 1662 multis
2304 1613 2506 1663 tamen
2541 1622 2680 1662 eum
2715 1609 2966 1678 apparet
2995 1605 3112 1660 Arii
3155 1605 3514 1660 sententiam

1860 1696 2312 1767 comprobasse,
2364 1701 2427 1750 ut
2481 1696 2582 1767 qui
2638 1695 2848 1750 Filium
2909 1693 3105 1766 (sicuti
3161 1693 3221 1748 id
3255 1709 3328 1748 ex
3384 1693 3515 1764 ejus

148 1787 389 1849 ποίηται,
446 1784 574 1856 ὀρθὰ
640 1792 836 1857 φρονεῖν
905 1784 1192 1837 ἀναπείθων
1270 1789 1356 1837 τὸν
1419 1782 1610 1860 ἄνδρα,
1661 1791 1750 1839 καί

1861 1785 2097 1857 scriptis
2127 1785 2406 1856 colligere
2433 1784 2591 1856 licet)
2623 1789 2959 1840 creaturam
2999 1786 3188 1838 vocet.
3226 1783 3514 1848 Quamvis

151 1878 499 1946 συκοφαντίαν
592 1874 920 1946 ὑφίστασθαι
1013 1879 1259 1944 γενναίως
1346 1871 1745 1947 διατεινόμενος,

148 1962 336 2036 ῥήσεις
381 1967 435 2015 τέ
480 1983 624 2024 τινας
654 1961 844 2015 ἐκείνου
903 1971 964 2036 τῇ
1017 1962 1271 2036 ἀπολογίᾳ
1322 1969 1744 2038 καταστρωννὺς,

149 2052 210 2102 τό
276 2051 620 2125 ἀναμφίϐολον
679 2047 838 2112 δῆθεν
889 2051 1154 2124 ἐχούσας·
1211 2058 1299 2105 καὶ
1349 2061 1420 2123 τῷ
1470 2061 1530 2125 τῇ
1562 2059 1740 2128 πρώτῃ

148 2136 361 2212 συνόδῳ
423 2149 665 2214 παρεῖναι
698 2158 710 2172 ⁸
766 2145 854 2194 καὶ
914 2141 1196 2215 σύμψηφον
1271 2144 1587 2195 καθεστάναι
1643 2151 1748 2204 τοῖς

145 2232 209 2280 τὸ
268 2231 546 2302 ὁμοούσιον
606 2230 747 2302 μάλα
803 2229 1210 2305 πρεσϐεύσασιν.
1263 2231 1396 2304 Ἐγώ
1457 2229 1506 2283 δ’
1564 2231 1607 2285 εἰ
1657 2235 1746 2304 μὲν

145 2315 393 2391 ἀγράφως
447 2323 539 2378 τὴν
595 2319 753 2392 ὀρθὴν
800 2321 1081 2379 ἠσπάσατο
1140 2318 1318 2387 δόξαν,
1378 2323 1686 2394 συντίθεμαι
1729 2338 1742 2352 ·

144 2409 192 2459 εἱ
233 2404 284 2460 δ’
334 2408 387 2472 ἐξ
437 2411 505 2460 ὧν
557 2408 748 2462 ἐκείνου
808 2409 1049 2482 ἀνέγνων,
1098 2411 1287 2463 πολλοῦ
1338 2407 1439 2463 δέω
1476 2413 1743 2483 ὑγιαίνου-

146 2515 246 2549 σαν
305 2503 393 2551 καὶ
457 2496 741 2557 ἀκίϐδηλον
807 2503 900 2558 τὴν
953 2499 1144 2552 ἐκείνου
1210 2506 1421 2573 γνώμην
1479 2506 1595 2574 περὶ
1653 2506 1744 2560 τὴν

143 2590 323 2639 πίστιν
379 2587 671 2643 ὑπολαϐεῖν.
726 2587 889 2643 Ἀλλὰ
955 2594 1043 2642 καὶ
1106 2595 1225 2663 περὶ
1288 2593 1472 2643 τούτου
1524 2589 1744 2644 ἐνταῦθα

138 2695 236 2747 μοι
283 2678 492 2732 κείσθω.
542 2681 784 2751 Περιέχει
828 2675 887 2731 δὲ
949 2684 1038 2731 καὶ
1095 2681 1124 2738 ἡ
1173 2687 1418 2753 παροῦσα
1473 2683 1590 2739 ἕκτη
1653 2700 1744 2751 μοι

137 2773 246 2816 τῶν
292 2767 532 2839 ἱστοριῶν
580 2771 770 2841 χρόνον
824 2769 948 2820 ἓτῶν
1001 2770 1284 2842 τριάκοντα
1346 2775 1434 2822 καὶ
1488 2766 1606 2836 δύο,
1655 2768 1746 2844 ἁρ-

140 2853 336 2926 ξαμένη
404 2859 494 2928 μὲν
564 2855 665 2908 ἀπὸ
727 2865 819 2910 τοῦ
866 2864 1074 2932 πρώτου
1134 2861 1274 2920 ἔτους
1339 2859 1736 2933 Οὐαλλεριανοῦ,

140 2943 488 3007 καταλήξασα
541 2942 601 2998 δὲ
644 2947 780 3018 ἄχρι
829 2955 920 3008 τῆς
959 2946 1138 3019 ἀρχῆς
1167 2948 1532 3006 Διοκλητιανοῦ
1564 2967 1577 2980 ·
1613 2950 1741 3006 ὀπη-

132 3038 265 3086 νίκα
313 3039 515 3106 κόσμου
566 3037 657 3107 μὲν
687 3037 793 3096 ἔτος
822 3035 999 3123 ,εψιὶεζ
1058 3036 1159 3089 ἀπὸ
1205 3034 1263 3090 δὲ
1319 3045 1412 3099 τῆς
1464 3039 1603 3099 θείας
1648 3045 1738 3090 τοῦ

136 3123 342 3196 Κυρίου
399 3125 544 3196 ἡμῶν
603 3123 780 3183 Ἰησοῦ
835 3115 1072 3197 Χρίστοῦ
1131 3131 1412 3198 γεννήσεως
1469 3123 1775 3179 διακοσιοο¹

1860 3133 1990 3181 tem.
2014 3127 2227 3180 Verum
2249 3124 2322 3179 de
2339 3124 2453 3179 hoc
2478 3122 2658 3178 etiam
2679 3121 2806 3176 haec
2829 3121 2975 3176 satis
2993 3121 3130 3176 sint.
3156 3122 3220 3176 Et
3237 3120 3500 3178 continet
3605 3135 3608 3138 ί

133 3215 265 3264 στὸν
291 3217 381 3264 καὶ
407 3211 737 3271 ἐνενηκοστὸν
766 3212 1076 3285 ἐπεραίνετο.

1857 1874 2148 1940 Socrates,
2180 1875 2280 1947 qui
2304 1881 2358 1930 et
2383 1875 2507 1946 ipse
2535 1889 2606 1929 ex
2644 1872 2988 1929 Novatianis
3019 1887 3112 1927 res
3152 1871 3512 1928 ecclesiasti-

1858 1980 1958 2018 cas
1988 1964 2238 2036 scripsit,
2273 1964 2332 2018 in
2363 1962 2628 2020 secundo
2649 1968 2813 2018 tomo
2837 1961 3248 2033 maximopere
3267 1975 3511 2033 persua-

1856 2051 1996 2107 dere
2033 2052 2358 2120 contendit,
2410 2057 2566 2108 recte
2613 2067 2752 2107 eum
2807 2049 2998 2105 virum
3051 2050 3288 2115 sentire,
3339 2065 3512 2106 eum-

1856 2141 2116 2214 demque
2139 2142 2566 2214 sycophantice
2587 2139 3263 2196 eonomineanonnullis
3281 2139 3508 2212 impeti.

1854 2235 2045 2303 Atque
2075 2238 2135 2287 ut
2160 2231 2219 2286 id
2261 2245 2483 2300 magno
2531 2229 2736 2286 animo
2793 2228 3005 2284 certius
3037 2229 3408 2300 comprobet.
3442 2228 3504 2286 in

1854 2320 2201 2376 defensione
2219 2336 2346 2386 sua,
2366 2319 2520 2375 dicta
2541 2319 2697 2374 illius
2723 2317 3028 2391 quaedam,
3053 2317 3506 2388 ambiguitatem

1855 2415 2054 2466 tamen
2073 2408 2547 2480 complectentia,
2568 2407 2854 2463 contexit:
2871 2406 3272 2478 eumdemque
3293 2407 3504 2478 primm

1854 2500 2088 2571 synodo
2112 2497 2372 2562 aﬂuisse,
2402 2504 2581 2569 atque
2615 2512 2734 2553 una
2755 2513 2893 2552 cum
2915 2495 3044 2552 aliis
3075 2495 3361 2566 suffragio
3393 2512 3503 2552 suo

1853 2595 1908 2645 et
1965 2588 2192 2644 calculo
2213 2588 2284 2650 εἰς
2308 2591 2365 2639 τὸ
2404 2589 2703 2659 όμοούσιον,
2735 2587 2860 2641 sive
2904 2586 2965 2641 in
2991 2585 3504 2642 consubstantiale

1852 2677 2229 2734 consensisse
2269 2675 2461 2732 refert.
2495 2673 2617 2745 Ego
2650 2691 2809 2742 vero,
2867 2675 2918 2730 si
2964 2673 3060 2730 ille
3099 2674 3343 2747 quidem
3375 2675 3506 2732 sine

1853 2767 2100 2838 scrripto
2126 2773 2348 2822 rectam
2391 2765 2742 2838 complexus
2771 2769 2860 2820 est
2887 2764 3242 2836 opinionem,
3277 2763 3506 2821 Socrati

1851 2873 1973 2913 non
2003 2857 2269 2926 refragor
2309 2872 2322 2921 ;
2383 2855 2476 2910 sin
2506 2860 2707 2910 autem
2762 2869 2835 2909 ex
2881 2853 3114 2925 scriptis
3139 2853 3313 2918 illius,
3365 2868 3502 2925 quas

1849 2946 1986 3017 legi,
2021 2962 2114 3002 res
2141 2947 2216 3001 sit
2244 2943 2653 3015 dijudicanda,
2685 2943 2942 2998 multum
2993 2942 3164 2998 abest
3194 2947 3258 2996 ut
3287 2957 3501 2998 sanam

1851 3037 2268 3106 sinceramque
2315 3034 2446 3105 ejus
2478 3033 2553 3088 de
2579 3032 2697 3088 ﬁde
2744 3031 3102 3087 sententiam
3154 3030 3338 3087 fuisse
3385 3047 3501 3103 pu-

1850 3215 1946 3270 hic
1977 3229 2220 3287 quoque
2248 3212 2430 3283 hujus
2461 3211 2721 3266 historiae
2750 3209 2901 3266 liber
2930 3224 3228 3266 annorum
3260 3209 3501 3279 triginta

129 3301 397 3357 duorum
430 3309 661 3373 tempus
695 3320 707 3358 :
738 3302 911 3376 437
945 3305 1049 3376 qui
1074 3304 1308 3360 initium
1323 3307 1629 3377 sumpsita
1655 3306 1848 3377 primo
1872 3303 2162 3359 Valeriani
2184 3317 2364 3368 anno,
2396 3301 2578 3356 ﬁnem
2600 3305 2800 3356 autem
2819 3299 3053 3369 accipit,
3075 3298 3318 3354 ineunte
3360 3299 3504 3354 Dio-

129 3389 372 3446 cletiani
401 3391 652 3463 imperio
687 3408 702 3444 :
749 3408 785 3449 a
829 3393 1055 3448 mundo
1103 3394 1346 3449 condito
1377 3395 1694 3466 quinquies
1728 3394 2044 3449 millesimo
2077 3391 2605 3463 septingentesimo
2649 3387 3048 3460 nonagesimo
3087 3388 3295 3461 quinto
3326 3387 3424 3460 (l),
3458 3403 3495 3445 a

131 3479 343 3535 divina
373 3485 571 3536 autem
604 3481 841 3537 Domini
871 3483 1054 3538 nostri
1083 3483 1222 3539 Jesu
1268 3482 1474 3540 Christi
1507 3483 1818 3540 nativitate
1848 3481 2257 3538 ducentesimo
2287 3478 2679 3549 nonagesimo
2709 3493 2872 3534 anno
2901 3476 2998 3550 (2).

208 3585 286 3658 (1)
315 3583 658 3642 Secundum
682 3587 1014 3643 neotericos
1041 3587 1467 3658 chronologos,
1502 3589 1661 3643 4265.

1920 3585 1995 3659 (2)
2030 3586 2117 3642 Al.
2147 3587 2273 3641 287.

853 3753 1776 3967 ΝΙΚΗΦΟΡΟΥ
1853 3842 2749 3967 ΚΑΛΛΙΣΤΟΥ

1563 4034 2071 4086 ΞΑΝΘΟΠΟΥΛΟΥ
2560 4068 2566 4082 ι

749 4155 2100 4244 ΕΚΚΑΗΣΙΛΣΤΙΚΗΣ
2178 4156 2883 4246 ΙΣΤΟΡΙΑΣ

1561 4323 1924 4390 ΤΟΜΟΣ
1998 4325 2090 4393 Z'.

1032 4538 1834 4664 NICEPHORI
1926 4542 2097 4663 CA
2121 4540 2579 4664 LLISTI

1552 4731 2059 4792 XANTHOPULI

1113 4870 1918 4966 ECGLESIASTICjE
1972 4872 2468 4964 HISTORIZE
2908 5001 2911 5004 _
3177 4927 3180 4930 .
3477 4923 3492 4957 -ι

1606 5030 1907 5130 TOMUS
1954 5031 2081 5130 Vll

751 5316 991 5366 ΚΕΦΔΛ.
1029 5311 1108 5366 A'.

266 5419 558 5490 Περιοχὴ
601 5425 717 5470 τῶν
755 5419 1107 5492 μελλόντων
1144 5421 1577 5495 ῥηθήσεσθαι.

191 5521 387 5597 Ῥᾴστη
446 5525 536 5597 μεν
581 5521 668 5578 οὖν
724 5529 889 5601 μέχρι
937 5523 1095 5580 τοῦδε
1149 5531 1240 5580 καὶ
1297 5524 1389 5580 διὰ
1443 5528 1576 5590 λείας
1632 5536 1723 5591 τῆς

111 5609 251 5670 ὁδοῦ
304 5616 554 5690 φερομένη
613 5615 645 5675 ἡ
695 5624 791 5678 τῆς
835 5617 974 5690 ἱερᾶς
1027 5618 1152 5691 ἡμῖν
1199 5619 1430 5694 ἱστορίας
1474 5619 1719 5680 ὑπόθεσις

2516 5312 2738 5370 CAPUT
2773 5311 2815 5368 Ι.

2153 5417 2333 5492 440
2388 5417 2700 5488 Expositio
2751 5416 3151 5476 dicendorum.

1904 5526 2110 5584 Facilis
2153 5527 2466 5599 hucusque
2523 5525 2703 5582 nobis
2755 5525 2864 5583 fuit
2911 5525 3102 5593 labor,
3133 5524 3368 5599 levique
3419 5529 3481 5585 et

1832 5616 2015 5691 plana
2041 5618 2141 5676 via
2169 5630 2343 5676 sacra
2373 5615 2634 5676 decurrit
2673 5615 2941 5676 historia.
2996 5615 3284 5686 Quamvis
3316 5616 3480 5678 enim
