4020 6218
509 255 648 313 1207

1832 257 2222 318 NICEPHORI
2259 259 2586 316 CALLISTI

3759 260 3872 317 1208

505 386 688 441 antea
709 399 954 458 quoque
984 385 1244 456 graviter
1267 386 1558 444 adversus
1577 401 1687 443 nos
1720 387 2019 458 malignus
2046 385 2157 458 spi-

2278 383 2359 452 ἧν,
2412 383 2580 439 δεινόν
2623 389 2712 458 μὲν
2768 386 2862 438 κάν
2891 393 3002 450 τοῖς
3059 387 3252 440 ἄνωθεν
3305 391 3550 447 πνέοντος
3599 391 3698 438 τοῦ
3741 405 3866 445 πονι-

503 474 727 530 raverit
744 473 1005 546 spiritus,
1025 475 1278 548 simplex
1308 482 1508 532 tamen
1535 483 1591 532 et
1623 476 1934 532 uniformis
1961 493 2033 532 ea
2063 475 2171 532 fuit

507 562 844 619 calamitas.
879 563 1164 636 Deinceps
1194 580 1334 622 vero
1385 565 1586 622 horret
1637 566 1918 638 progredi
1961 563 2164 637 stylus.

501 651 956 725 lnterrumpitur
981 668 1264 726 namque,
1297 659 1353 710 et
1381 654 1837 727 quodammodo
1859 656 2083 726 ingenti
2114 665 2171 718 et

505 741 768 798 violento
795 743 1099 799 variarum
1137 743 1400 800 cladium
1429 745 1656 816 impetu
1703 744 2005 800 inhibetur
2039 761 2051 799 :
2085 749 2170 800 at-

503 845 622 902 que
635 831 1086 888 eiinundatione
1099 834 1409 903 sanguinis
1427 839 1778 906 martyrum,
1795 833 1988 904 pelagi
2008 848 2171 905 pror-

504 935 608 974 sus
641 919 832 976 instar
853 920 1113 988 ﬂuentis,
1141 938 1384 977 cursum
1409 929 1606 978 tenere
1634 938 1756 978 non
1786 923 2166 994 permittitur.

507 1009 624 1066 Sed
653 1010 812 1066 enim
839 1011 940 1083 qui
975 1010 1160 1067 semel
1199 1013 1365 1083 operi
1415 1011 1556 1068 huic
1589 1027 1806 1068 manus
1837 1013 2170 1067 admoveri-

502 1099 1130 1170 mus,procedendum
1143 1100 1320 1156 nobis
1342 1101 1798 1158 estnecessario.
1815 1102 2022 1174 Itaque
2041 1103 2164 1173 qui,

501 1191 568 1244 ut
595 1188 922 1259 potuimus,
939 1189 1138 1260 priora
1157 1190 1571 1262 exposuimus,
1591 1191 1652 1245 in
1669 1191 1783 1246 hoc
1803 1190 1958 1246 libro
1989 1191 2167 1248 etiam

499 1289 596 1334 res
623 1276 737 1333 sub
767 1275 1150 1344 Diocletiano,
1183 1280 1390 1351 eisque
1427 1295 1582 1352 quos
1616 1279 1708 1335 ille
1741 1280 1850 1334 sibi
1887 1282 1942 1336 in
1984 1281 2168 1352 impe-

501 1364 592 1422 rio
623 1365 951 1439 adoptione
999 1367 1228 1434 ascivit,
1285 1373 1484 1439 gestas
1533 1384 1980 1442 persequemur.
2046 1371 2167 1426 Sub

513 1455 586 1511 iis
613 1454 772 1511 enim
800 1455 1066 1513 maxima
1087 1459 1358 1513 omnium
1392 1459 1726 1530 persecutio
1766 1463 1854 1514 est
1893 1459 2166 1514 excitata.

511 1545 578 1600 Et
607 1560 730 1600 non
761 1544 841 1600 ita
889 1546 1112 1612 multis,
1167 1562 1303 1618 quae
1361 1547 1534 1602 certis
1585 1548 1647 1602 in
1699 1547 1844 1602 locis
1902 1548 2169 1604 accidere

509 1633 903 1702 calamitates,
929 1637 1314 1706 attingemus.
1359 1637 1662 1703 Quasdam
1693 1639 1872 1693 etiam
1905 1637 2170 1710 singilla-

508 1723 616 1780 tim
651 1724 1143 1781 memorabimus.
1175 1729 1323 1782 Tum
1348 1733 1571 1794 autem,
1602 1726 1913 1799 quomodo
1931 1732 2157 1799 tyranni

2275 1733 2566 1799 ραννήσασι
2641 1723 2962 1798 παλινῳδίαν
3027 1723 3174 1798 ᾅδειν
3231 1729 3430 1798 ἐγένετο
3463 1745 3475 1756 ·

516 1813 856 1884 εωνίεεὶωἱ,
887 1815 990 1887 qui
1029 1830 1212 1887 supra
1267 1814 1518 1870 modum
1578 1816 1925 1872 crudelitate
1964 1817 2025 1871 in
2057 1832 2167 1872 nos

512 1908 926 1972 exercuerunt,
959 1903 1038 1959 ad
1070 1903 1442 1972 palinodiam
1473 1909 1529 1960 et
1561 1905 1894 1976 tyrannidis
1929 1921 2050 1960 suae
2081 1919 2167 1960 re‘

510 1991 914 2048 cantationem
967 1993 1084 2048 sint
1133 1993 1375 2060 redacti,
1427 2001 1856 2066 postremoque
1907 1994 2166 2050 interne-

507 2079 680 2138 cione
745 2081 1092 2140 interierint.
1157 2082 1462 2153 Praeterea,
1551 2091 1615 2138 ut
1689 2085 1994 2138 maximus
2067 2083 2163 2140 ille

505 2170 956 2238 Constantinus,
988 2173 1106 2228 Deo
1147 2176 1468 2238 annuente,
1535 2171 1780 2228 salutari
1838 2174 2160 2229 instructus

505 2265 836 2326 armatura,
859 2260 1218 2333 invictusque
1241 2260 1434 2316 crucis
1461 2261 1633 2332 signo
1655 2267 1944 2330 armatus,
1971 2262 2162 2330 regio-

504 2364 614 2406 nes
630 2354 688 2405 et
701 2354 888 2406 terras
909 2365 1122 2405 omnes
1142 2366 1178 2406 a
1203 2349 1592 2422 praedonibus
1619 2351 1953 2422 repurgarit
1980 2349 2152 2424 44],

503 2437 798 2511 tyrannis,
829 2439 1431 2512 superstitionemque
1464 2441 1803 2496 Graecorum
1834 2439 2161 2496 nefandam

503 2527 856 2600 exstirparit,
884 2535 940 2584 et
962 2544 1060 2584 res
1103 2533 1343 2584 nostras
1391 2529 1618 2600 oppido
1671 2545 1857 2602 quam
1913 2529 2160 2586 inclina-

501 2621 613 2684 tas,
646 2617 1007 2690 ruinamque
1031 2618 1160 2689 jam
1193 2618 1511 2684 minantes,
1561 2618 1834 2676 auxiliari
1890 2617 2160 2676 adhibita

2275 485 2368 550 ροῡ
2418 477 2534 529 καθ’
2588 479 2733 548 ἡμῶν
2791 481 3098 549 πνεύματος,
3159 477 3292 536 πλὴν
3341 477 3518 539 ἁπλῶς
3551 484 3646 529 καὶ
3703 496 3862 548 μονοει-

2279 563 2416 626 δῶς”
2471 573 2558 618 νῦν
2619 563 2678 618 δὲ
2743 575 2848 626 τοῖς
2904 567 3023 629 ἑξῆς
3083 567 3219 620 ὀκνεῖ
3281 566 3628 642 προϐαίνειν·
3681 565 3862 618 ἀναστο-

2276 662 2466 726 μοῦται
2510 652 2560 706 δ’
2623 657 2728 708 οἷον
2779 661 2870 708 xui
2919 659 3092 727 ὥσπερ
3149 657 3580 728 ἀναχαιτίζεται,
3613 663 3682 726 τῇ
3735 655 3860 712 mila;

2275 748 2365 817 μὲν
2413 751 2503 796 xui
2561 741 2716 817 βιαίᾳ
2785 751 2919 818 φορᾷ
2978 753 3069 797 τοῦ
3149 745 3474 798 πολυπλόκου
3551 753 3752 810 κακοῦ,
3799 751 3866 796 ni

2275 841 2381 896 τοῖς
2427 843 2525 887 τῶν
2557 837 2834 908 μαρτύρων
2898 830 2948 886 δ’
3001 833 3107 906 οὐχ
3163 834 3317 893 ἧττον
3377 837 3572 908 αἰμασι
3628 837 3770 886 κατὰ
3797 837 3864 886 52-

2274 924 2480 986 λοὶσσας
2547 923 2780 995 ἀτεχνῶς
2845 924 3076 998 ῥέουσιν,
3137 925 3542 997 ἐπικλυζομένη,
3637 921 3734 975 xui
3795 932 3868 974 τεῦ

2273 1019 2456 1086 πρόσω
2517 1012 2715 1085 βαίνειν
2775 1013 3135 1086 ἀνειργομένη.
3205 1019 3388 1085 Λέγειν
3443 1011 3492 1067 δ’
3552 1013 3764 1084 ἀνάγκη
3795 1033 3870 1065 xa-

2277 1103 2449 1166 θάπαξ
2503 1110 2662 1176 χεῖρα
2716 1111 2786 1176 τῷ
2839 1105 2971 1176 ἔργῳ
3039 1101 3358 1156 ἑπιϐαλόντι.
3429 1109 3528 1156 Καὶ
3593 1109 3772 1155 τοίνυν
3822 1123 3874 1154 τι

2274 1191 2600 1268 προλαϐόντα
2655 1195 2718 1252 ὡς
2771 1194 2880 1244 ἐνὸν
2935 1188 3243 1258 διελθόντες,
3301 1193 3349 1244 ἐν
3421 1202 3489 1264 τῷ
3545 1197 3774 1266 παρόντι
3823 1197 3876 1244 τι

2275 1284 2358 1334 ἐπὶ
2429 1281 2798 1340 Διοκλητιανοῦ
2861 1285 2952 1333 xui
3009 1289 3107 1332 τῶν
3175 1283 3286 1354 μετ’
3347 1285 3502 1334 αὑτὸν
3559 1281 3878 1338 εἰσποιηθέν-

2275 1390 2374 1423 των
2427 1370 2732 1442 ἐπέλθωμεν.
2787 1371 2892 1442 Ἐφ’
2949 1371 3015 1420 ὧν
3069 1377 3158 1423 καὶ
3211 1373 3236 1422 ὁ
3290 1375 3546 1443 μέγιστος
3603 1370 3875 1428 ἀνεκινήθη

2275 1468 2375 1511 τῶν
2433 1456 2702 1530 διωγμῶν.
2773 1463 3011 1532 Μετρίως
3074 1457 3132 1512 δὲ
3185 1465 3276 1512 καὶ
3347 1469 3448 1512 τῶν
3495 1463 3638 1512 κατά
3697 1467 3883 1519 τόπους

2279 1545 2457 1601 δεινῶν
2511 1548 2810 1622 ἐφαψόμεθα
2842 1570 2855 1581 ·
2903 1553 2992 1600 καὶ
3041 1553 3250 1620 μνήμην
3305 1545 3364 1601 δὲ
3415 1545 3568 1609 ἰδίως
3637 1559 3795 1600 τινῶν
3859 1551 3880 1600 ἐι

2275 1637 2422 1710 λόγος
2472 1640 2596 1710 ἡμῖν
2651 1634 2968 1708 διαλήψεται
3001 1653 3012 1664 ’
3051 1639 3186 1698 ὃπως
3243 1657 3295 1690 τε
3359 1646 3470 1698 τοῖς
3499 1641 3567 1690 τὰ
3597 1640 3752 1711 ἡμῶν
3805 1657 3884 1690 τυ-

3531 1731 3620 1779 τόν
3673 1747 3730 1780 τε
3772 1735 3886 1800 τρό-

2272 1835 2366 1868 πον
2417 1823 2508 1876 τῆς
2573 1815 2742 1868 αὐτῶν
2799 1817 3032 1877 ὑστάτης
3093 1815 3488 1890 πανωλεθρίας’
3541 1819 3620 1868 ἔτι
3679 1813 3741 1868 δὲ
3803 1825 3882 1867 καὶ

2272 1908 2340 1967 ὡς
2391 1906 2416 1957 ὁ
2467 1905 2625 1967 πολὺς
2676 1911 2764 1958 xui
2814 1909 3064 1976 μέγιστος
3119 1912 3523 1972 Κωνσταντίνος,
3589 1908 3714 1975 θείῳ
3783 1909 3882 1957 νεῦ-

2269 2013 2400 2066 ματι
2446 2002 2518 2064 τῷ
2561 1991 2884 2065 σωτηριώδει
2943 1993 3084 2065 ὅπλῳ
3126 1995 3492 2055 καθοπλισθεὶς
3541 2003 3614 2066 τῷ
3651 1993 3880 2065 unxit-'9

2273 2091 2500 2158 σταυρῷ,
2550 2089 2636 2142 τήν
2696 2103 2748 2136 τε
2805 2089 2988 2158 χώραν
3043 2084 3252 2136 ἅπασαν
3303 2093 3402 2137 τῶν
3473 2086 3748 2158 τυράννων
3807 2084 3884 2134 ἐκ·

2269 2175 2508 2248 καθαίρει
2583 2172 2810 2246 λῃστῶν,
2881 2178 2971 2225 xui
3033 2178 3126 2232 τὴν
3193 2181 3293 2225 τῶν
3356 2173 3610 2230 Ἑλλήνων
3665 2173 3886 2225 (inluu-

2267 2281 2340 2314 νει
2399 2265 2678 2336 θρησκείαν
2712 2279 2726 2292 ·
2793 2265 2858 2315 τοί
2919 2282 2974 2315 τε
3041 2265 3284 2334 ἡμέτερα,
3345 2263 3416 2324 εἰς
3469 2268 3598 2333 γόνυ
3647 2263 3890 2314 κλίνοντα

2266 2356 2357 2404 xui
2422 2357 2733 2404 καταπεσεῖν
2799 2350 3124 2424 ἐπειγόμενοι,
3189 2351 3520 2425 ἀποχρῶσαν
3581 2357 3892 2426 παρασχὼν

2265 2447 2444 2512 χεῖρα,
2501 2439 2778 2516 ἀνώρθωσέ
2825 2459 2898 2506 τε,
2952 2445 3043 2492 καὶ
3103 2441 3267 2493 εἰσαεὶ
3311 2440 3358 2492 ἐν
3413 2439 3616 2514 βεϐαίῳ
3671 2441 3890 2493 ἑστάναι

2265 2537 2362 2591 τῆς
2421 2532 2559 2592 θείας
2623 2532 2912 2602 ἡγουμένης
2981 2531 3166 2604 ῥοπῆς,
3249 2529 3474 2606 στερρῶς
3559 2535 3890 2606 stupentia-

2273 2638 2378 2673 σεν.
2411 2617 2568 2690 Ἔχει
2598 2615 2657 2672 δὲ
2687 2619 2870 2681 οὕτως.

502 2721 692 2764 manu
747 2706 1082 2774 restituerit,
1131 2711 1314 2779 atque
1363 2708 1424 2762 in
1465 2713 1824 2779 perpetuum
1875 2708 2062 2763 divini
2111 2707 2378 2764 numinis
2410 2717 2560 2764 nutu
2599 2723 3024 2780 permansurae
3073 2706 3462 2773 conﬁrmarit,
3523 2709 3892 2765 referemus.

506 2798 574 2852 Et
597 2811 693 2853 res
719 2796 804 2852 sic
826 2795 1031 2853 habet.

1183 2922 1406 2978 CAPUT
1432 2921 1501 2977 II.

509 3027 582 3088 Ut
597 3041 692 3102 re:
707 3027 1220 3102 Christianorum,
1238 3044 1369 3102 quae
1388 3034 1559 3086 antea
1581 3029 1835 3098 pulchre
1855 3035 2155 3098 steterant,

584 3099 869 3172 intestina
921 3099 1268 3172 dissensione
1291 3108 1470 3172 atque
1494 3102 1862 3158 contentione
1889 3118 1925 3158 a
1955 3104 2160 3158 divina

589 3171 1282 3246 visitationeeuciderint.
1303 3171 1444 3246 Qum
1454 3174 1691 3244 quidem
1704 3175 1783 3230 ad
1800 3181 2018 3246 tempus
2027 3190 2160 3245 per-

574 3241 848 3300 missione
879 3243 1086 3300 divina
1113 3245 1198 3300 sic
1233 3241 1518 3300 accidere.

575 3349 710 3406 Erat
750 3349 1079 3422 aliquando
1105 3357 1362 3421 tempus,
1393 3366 1530 3406 cum
1564 3350 1894 3407 Christiana
1935 3351 2159 3424 profes-

504 3438 595 3496 sio
625 3437 872 3511 pulchre
897 3443 1096 3504 staret,
1128 3439 1435 3512 gloriaque
1463 3455 1574 3496 sua
1599 3445 1656 3496 et
1685 3440 1959 3497 libertate
1997 3441 2158 3498 clara

501 3527 825 3584 haberetur
854 3543 868 3585 :
909 3527 1128 3585 Graecis
1153 3529 1325 3600 juxta
1350 3535 1407 3585 et
1437 3529 1726 3599 Barbaris,
1769 3530 1932 3602 quod
1973 3530 2156 3586 divini

499 3617 670 3674 verbi
702 3617 1047 3691 praedicatio
1087 3617 1312 3690 ubique
1361 3623 1654 3675 terrarum
1699 3620 1938 3688 vigeret,
1989 3625 2158 3691 grata

501 3712 560 3764 et
588 3713 854 3780 accepta.
885 3709 1074 3779 Hujus
1105 3708 1189 3764 rei
1219 3713 1377 3764 certa
1415 3708 1778 3764 documenta
1817 3712 1975 3774 sunt,
2017 3725 2154 3764 cum

502 3812 856 3868 magnorum
869 3798 1199 3870 principum
1221 3813 1364 3868 erga
1375 3798 1642 3854 homines
1656 3805 1888 3854 nostros
1920 3798 2157 3870 egregia

503 3885 919 3942 benevolentia
976 3891 1032 3942 et
1059 3885 1423 3950 humanitas,
1471 3902 1541 3942 ac
1589 3892 1794 3956 gentes
1847 3887 2149 3959 quaedam.

501 3991 762 4048 quarum
780 3975 1102 4047 provinciae
1116 3975 1468 4032 Christianis
1489 3975 1986 4031 administrandae
2000 3975 2156 4031 datas

503 4069 645 4120 sunt
679 4081 692 4120 :
723 4067 850 4120 tum
882 4065 1274 4135 imperatores
1315 4065 1426 4136 ipsi
1483 4065 1758 4128 Romani,
1801 4069 1858 4119 et
1907 4065 2155 4120 maximi

501 4153 726 4226 quique
756 4153 1166 4223 magistratus,
1199 4153 1302 4226 qui
1327 4169 1420 4210 res
1446 4153 1670 4210 aulicas
1714 4157 1769 4209 et
1794 4152 2152 4209 domesticas

2887 2923 3152 2976 KEQAA’.
3195 2923 3256 2978 Β.

2267 3028 2470 3090 Ὅπως
2619 3031 2899 3104 ᾑμέτερα
2927 3034 3244 3104 πρότερον
3276 3028 3486 3104 καλῶς
3513 3032 3790 3101 ἔχοντα,
3825 3039 3888 3100 τῇ

2339 3105 2502 3171 πρὸς
2534 3099 2860 3176 etiam»;
2890 3099 3066 3176 ἕρίδι
3097 3099 3206 3176 xui
3237 3099 3614 3176 φιλονεικία
3649 3099 3892 3176 ἄμοιρα

2339 3181 2452 3233 τῆς
2494 3175 2666 3233 θείας
2705 3172 3066 3236 ἐπισκοπῆς
3098 3172 3394 3245 ἐγένοντο
3423 3172 3894 3247 οἰκονομικὲις

2339 3249 2495 3320 πρὸς
2533 3249 2775 3317 καιρόν.

2337 3351 2434 3404 Ἦν
2487 3353 2565 3404 ὅτε
2617 3354 2681 3404 τὰ
2723 3354 2949 3424 ἡμέτερα
2995 3349 3109 3422 εἶχε
3156 3349 3346 3418 καλῶς,
3400 3347 3530 3414 δόξη
3587 3357 3686 3404 xui
3755 3353 3894 3427 παῤ-

2265 3440 2431 3514 ῥησίᾳ
2503 3441 2923 3513 ἐνσεμνυνόμενα,
2975 3449 3067 3492 τοῦ
3152 3443 3288 3492 θείου
3342 3440 3498 3512 λόγου
3559 3441 3892 3514 ἁπανταχοῦ

2266 3537 2362 3590 τῆς
2413 3536 2510 3600 γῆς
2563 3526 2806 3594 διιόντος,
2859 3529 3076 3588 Ἕλλησί
3128 3549 3182 3580 τε
3229 3534 3318 3582 καὶ
3374 3527 3673 3603 βαρϐάροις
3721 3552 3894 3606 παρα-

2268 3614 2430 3682 δόξως
2483 3615 2832 3690 εἰσ-δεχόμενα
2880 3624 2968 3670 καὶ
3021 3624 3308 3689 τιμώμενα.
3367 3625 3470 3672 Καί
3527 3620 3626 3672 οὐκ
3692 3623 3888 3692 ἁγεννξ

2265 3713 2522 3782 τεκμήρια
2575 3705 2707 3766 ἦσαν
2755 3709 2784 3766 ἦ
2841 3727 2894 3759 τε
2941 3715 3040 3759 τῶν
3089 3711 3415 3782 κρατούντων
3465 3706 3742 3774 δεξίωσις,
3793 3716 3888 3762 xui

2265 3797 2382 3854 ἔθνη
2415 3799 2552 3862 τινὰ,
2589 3797 2656 3848 ὧν
2694 3800 2790 3854 τὴν
2829 3799 3108 3868 ἠγεμονίαν
3150 3799 3276 3868 ἡμῖν
3325 3796 3670 3871 ἐνεχείριζον,
3733 3802 3802 3851 τά
3833 3819 3888 3852 τε

2269 3883 2527 3958 βασίλεια,
2585 3891 2675 3939 xui
2731 3887 2846 3938 ὅσοι
2903 3885 2986 3938 ἐπὶ
3035 3893 3134 3937 τῶν
3189 3891 3369 3959 ἀρχῶν
3421 3883 3583 3955 ἦσαν,
3633 3891 3708 3940 τὰ
3767 3891 3888 3940 κατ’

2265 3978 2434 4034 οἴκους
2499 3981 2605 4034 τοῖς
2669 3976 2937 4047 ἡμετέροις
3019 3973 3410 4046 ἐπιτρέποντες.
3471 3977 3560 4037 οὓς
3631 3973 3740 4029 διὰ
3791 3983 3888 4036 τήν

2264 4070 2358 4124 τῆς
2405 4067 2632 4123 πίστεως
2685 4065 3011 4136 περιφάνειαν
3066 4063 3288 4135 ἐξόχους
3343 4083 3398 4116 τε
3455 4069 3546 4116 καὶ
3603 4074 3716 4117 τῶν
3773 4069 3890 4118 κατ’

2265 4153 2450 4214 αὐτοὺς
2506 4155 2776 4226 ὑπερέχειν
2835 4157 3029 4225 ἔκρινον
3077 4151 3204 4210 δεῖν.
3261 4151 3466 4217 Ἐδειξε
3517 4163 3682 4208 τοῦτο
3713 4164 3886 4230 Δωρό-

501 4257 644 4298 suas
673 4243 894 4298 nostris
947 4243 1246 4298 curandas
1293 4244 1740 4298 commiserunt.
1793 4245 1904 4298 Eos
1929 4242 2152 4314 quippe

2271 4246 2376 4305 θεός
2401 4243 2607 4305 ἐκεῖνος,
2643 4245 2668 4295 ὁ
2698 4240 2887 4316 μηδενὶ
2935 4247 2992 4294 τὸ
3043 4247 3159 4295 ἴσον
3197 4243 3353 4304 ἐάσας
3395 4247 3538 4316 ἔχειν
3587 4246 3746 4318 αὐτῷ
3787 4258 3884 4308 τῆς

501 4335 746 4404 propter
782 4331 1087 4403 egregiam
1153 4337 1602 4403 spectatumque
1661 4331 1842 4386 ﬁdem
1897 4347 2154 4403 praeesse

504 4419 658 4489 aliis,
689 4423 869 4492 atque
897 4420 1124 4477 honore
1170 4421 1581 4493 dignitateque
1616 4420 1948 4493 praecellere
1981 4437 2155 4492 opor-

501 4513 624 4566 tere
647 4509 1014 4581 judicaruut.
1047 4510 1199 4567 Satis
1227 4509 1286 4564 id
1319 4509 1645 4566 declaravit
1679 4510 2003 4565 Dorotheus
2033 4511 2150 4577 ille,

498 4598 916 4671 quineminem
945 4599 1174 4655 honore
1196 4614 1269 4654 ex
1293 4599 1742 4668 magistratibus
1765 4604 1819 4654 et
1857 4599 2149 4670 praefectis

504 4687 810 4755 omnibus,
823 4695 1065 4760 propter
1074 4687 1249 4744 bonae
1266 4687 1479 4743 mentis
1493 4687 1884 4757 integritatem
1903 4696 1957 4744 et
1968 4689 2148 4746 ﬁdem

503 4775 717 4834 habuit
737 4793 944 4850 parem
973 4795 987 4834 :
1016 4783 1074 4834 et
1101 4777 1424 4850 praselarus
1454 4777 1808 4850 Gorgonius,
1843 4783 2022 4852 atque
2052 4779 2148 4834 alii

501 4865 586 4924 eis
615 4883 788 4940 pares
814 4885 826 4924 :
860 4869 962 4941 qui
985 4868 1164 4924 etiam
1195 4868 1272 4924 ad
1317 4883 1664 4940 supremum
1699 4868 1986 4924 honorem
2013 4873 2151 4924 sunt

500 4957 822 5030 assumpti,
846 4963 1090 5030 propter
1119 4957 1256 5014 ﬁdei
1299 4956 1720 5013 sinceritatem.
1765 4961 1846 5012 Ac
1875 4973 1980 5029 per
1999 4958 2150 5029 ejus-

499 5046 734 5102 cemodi
765 5047 925 5102 viros
950 5048 1011 5103 in
1039 5047 1187 5103 locis
1227 5047 1454 5119 passim
1485 5045 1828 5119 quibusque
1861 5047 2148 5104 Ecclesia-

496 5150 634 5192 rum
657 5136 1016 5193 antistitibus
1043 5151 1166 5192 non
1193 5151 1408 5208 parum
1449 5135 1666 5192 accidit
1686 5136 1816 5205 opis
1861 5141 1916 5191 et
1937 5152 2149 5192 conso-

495 5225 756 5282 lationis.
779 5225 1186 5282 Ostenduntid
1204 5241 1444 5298 quoque
1469 5225 1867 5297 plurimorum
1895 5226 2146 5282 millium

495 5314 812 5372 hominum
839 5315 896 5372 in
929 5316 1204 5372 oratoriis
1225 5315 1507 5372 domibus
1533 5323 1719 5371 coetus
1739 5319 1796 5369 et
1819 5321 2147 5371 conventus

493 5403 734 5462 habiti:
796 5421 933 5478 quas
984 5406 1263 5476 oratoria,
1308 5421 1445 5461 cum
1492 5409 1738 5476 prOpter
1777 5404 2144 5474 angustiam,

499 5495 901 5553 confluentem
933 5500 1163 5552 tantam
1198 5494 1642 5552 multitudinem
1689 5511 1810 5550 non
1841 5505 2142 5566 caperent,

494 5599 736 5642 cernere
765 5590 913 5654 erat,
945 5601 1019 5648 ex
1045 5585 1250 5658 parvis
1279 5585 1458 5642 initiis
1495 5591 1552 5642 et
1619 5584 2050 5650 fundamentis,
2079 5584 2142 5644 in

2261 4342 2420 4405 τιμῆς
2467 4341 2574 4394 τοῖς
2629 4336 2678 4385 ἐν
2729 4339 2842 4394 ταῖς
2887 4331 3080 4405 ἀρχαῖς
3133 4335 3384 4404 ἡγεμόσιν
3443 4335 3646 4395 εὐνοίας
3715 4340 3884 4407 χάριν

2261 4427 2351 4474 xui
2407 4427 2631 4484 πίστεως
2662 4441 2674 4454 ·
2707 4424 2733 4474 ὃ
2791 4441 2843 4473 τε
2893 4421 3200 4496 περιϐόητος
3253 4427 3546 4495 Γοργόνιος,
3601 4431 3700 4476 xui
3737 4427 3886 4478 ἄλλοι

2262 4511 2448 4573 ἐπίσης
2480 4512 2658 4571 αὐτοῖς
2705 4515 2930 4582 ἔχοντες,
2984 4516 3073 4562 καὶ
3131 4518 3227 4572 τῆς
3282 4509 3528 4563 ἀνωτάτω
3589 4511 3882 4586 ἠξιωμένοι

2261 4609 2414 4672 τιμῆς
2463 4598 2556 4653 δ’ιά
2606 4603 2664 4652 τὸ
2715 4607 2803 4660 τῆς
2849 4603 3072 4660 πίστεως
3124 4605 3359 4670 γνήσιον.
3419 4601 3493 4652 Δι’
3548 4601 3642 4662 οὓς
3693 4609 3788 4654 xui
3833 4606 3882 4654 ei

2259 4693 2394 4743 κατά
2435 4695 2616 4764 χώρας
2663 4697 2760 4742 τῶν
2818 4689 3106 4747 ἐκκλησιῶν
3157 4690 3400 4760 ἡγεμόνες
3445 4689 3542 4741 οὐκ
3573 4690 3880 4761 ἐλαχίστης

2263 4781 2535 4854 θεραπείας
2577 4779 2820 4842 ἠξίωντο.
2881 4782 3018 4849 Πρός
3067 4775 3136 4836 δὴ
3175 4781 3376 4838 τούτοις
3409 4777 3634 4849 ἐναργῶς
3663 4778 3878 4834 ἐδείκνυ

2259 4872 2346 4920 xui
2401 4869 2432 4928 ἡ
2483 4865 2804 4940 μυρίανδρος
2853 4867 3017 4924 ἐκείνη
3077 4876 3178 4918 τῶν
3235 4875 3664 4939 προσευκτηρίων
3715 4875 3876 4922 οἰκωτ

2261 4963 2538 5029 συναγωγή
2581 4974 2592 4986 ·
2677 4958 2744 5008 ὧν
2793 4960 3289 5028 στενοχωρουμένων
3360 4953 3452 5008 διὰ
3515 4961 3572 5009 τό
3645 4959 3876 5024 πλῆθος,

2259 5046 2457 5118 εὐρείας
2517 5043 2578 5105 ἦν
2632 5045 2685 5108 ἐξ
2754 5045 2922 5097 αὐτῶν
3001 5043 3130 5097 ἰδεῖν
3191 5042 3488 5117 κρηπίδων,
3545 5047 3618 5107 εἰς
3671 5047 3874 5108 πλάτος

2257 5136 2367 5208 ἅμα
2396 5141 2484 5188 καὶ
2514 5137 2724 5207 μέγεθος
2772 5137 2908 5187 κατὰ
2955 5137 3126 5195 πασας
3163 5141 3343 5206 χώρας
3385 5133 3674 5198 ἐκκλησίας
3733 5137 3876 5206 5:7“-

2255 5231 2474 5298 ρομὲνας
2503 5241 2518 5255 θ
2552 5224 2586 5277 ἃ
2637 5221 2703 5282 δὴ
2764 5229 2850 5276 xui
2904 5232 2974 5294 τῷ
3036 5231 3212 5296 χρόνῳ
3247 5229 3569 5298 προσήκοντι
3606 5225 3676 5286 εἰς
3709 5227 3874 5288 αὔξη-

2259 5334 2340 5367 σιν
2397 5320 2485 5367 καὶ
2540 5315 2674 5366 αὐτὰ
2725 5310 2994 5378 ἐπεδίδου,
3051 5309 3261 5374 οὐδενὸς
3313 5313 3600 5384 τολμῶντος
3654 5317 3870 5388 εἵργειν,

2255 5409 2344 5457 xui
2401 5407 2566 5476 φθόνῳ
2639 5403 2983 5478 βασκαίνοντι
3053 5402 3338 5476 ἀφανίζειν,
3413 5411 3504 5464 τῆς
3571 5407 3720 5467 θείας
3777 5411 3868 5457 καὶ

2253 5494 2496 5568 οὐρανίου
2568 5498 2751 5567 χειρός
2837 5495 3188 5568 φρουρούσης,
3239 5498 3330 5546 καὶ
3402 5502 3502 5544 τῶν
3575 5493 3866 5547 ἐπιϐουλὰς.

2255 5585 2360 5644 ἄνω
2413 5586 2652 5646 τιθείσης
2697 5584 2852 5643 αὐτοὶ.
2907 5585 3048 5642 Ἐπεὶ
3101 5580 3163 5636 δὲ
3191 5589 3262 5656 τῷ
3310 5582 3482 5655 πολλῷ
3529 5591 3625 5646 τῆς
3669 5584 3868 5640 ελευῦεα
