4020 6218
233 297 368 350 1209

1312 294 1880 352 ΕΟΟΕΕΞΙΑΞΤΙΟᾺΕ
1921 296 2285 354 HISTORUE
2325 300 2456 356 LIB.
2497 301 2606 357 VII.

3437 310 3572 363 i2l0

206 439 328 491 ριας
378 421 463 472 ἐπὶ
499 422 558 472 1'6
611 423 806 492 χαῦνόν
844 441 898 473 τε
925 425 1015 474 καὶ
1055 423 1249 496 νωθρὸν
1296 424 1361 474 τὰ
1389 423 1508 475 καθ’
1549 425 1684 494 ἡμᾶς
1721 441 1796 494 με·

1916 430 2194 494 augusta,
2238 425 2634 497 amplitudine
2666 433 2725 483 et
2746 428 3158 498 magnitudine
3181 429 3566 497 admiranda,

206 509 536 566 τεπλάττετο.
593 511 738 580 ἡμῶν
791 510 961 562 αὐτῶν
1009 511 1120 562 κατ’
1157 510 1386 569 ἀλλήλων
1447 519 1556 572 τοῖς
1606 513 1807 583 φθόνοις

204 598 575 668 ὁπλιζομένων,
631 603 720 650 καὶ
761 595 952 671 δόρασι
1000 606 1106 659 τοῖς
1157 599 1326 670 λόγοις
1380 606 1803 672 προσχρώμενοι,

203 684 420 758 ἀγεννῶς
469 688 632 748 οὕτως
690 687 1092 760 ἐστασιάζομεν,
1149 690 1428 763 ὑπόκρισις
1483 687 1543 741 δέ
1590 709 1670 750 τις
1715 695 1805 742 καὶ

210 776 446 848 εἰρωνεία
491 777 564 837 εἰς
618 778 738 828 ὅσον
793 774 853 835 ἦν
902 779 1170 851 ἐγχωροῦν
1219 777 1267 829 ἐν
1322 781 1445 850 ἡμῖν
1485 778 1663 840 αὐτοῖς
1701 780 1808 831 εἰσ-

199 868 422 938 εφθάρη,
489 871 578 917 καὶ
635 869 664 923 ἡ
733 871 894 918 κακία
973 866 1056 919 ἐπὶ
1124 868 1301 939 μεῖζον
1367 868 1690 940 προύχώρει,
1746 872 1804 921 τὸ

195 957 292 1025 μεν
348 957 480 1008 θεῖον
531 956 693 1027 ὄμμα,
745 955 916 1027 ὥσπερ
979 959 1091 1018 ἔθος
1152 957 1292 1026 αὐτῷ
1350 962 1696 1029 πεφεισμένως
1751 977 1806 1010 τε

193 1045 346 1115 ἡμῶν
395 1047 604 1109 ἥπτετο,
665 1049 756 1096 καὶ
813 1049 1036 1118 μετρίως
1094 1048 1161 1097 τὰ
1216 1053 1311 1107 τῆς
1367 1047 1618 1118 ἡμετέρας
1669 1046 1805 1099 ἐποι-

195 1140 306 1185 εῖτο
352 1134 664 1196 ἐπισκοπῆς.
723 1139 823 1187 Καὶ
863 1143 1046 1210 πρώτα
1102 1139 1191 1206 μεν
1241 1138 1306 1187 τὰ
1353 1132 1498 1188 δεινὰ
1549 1135 1804 1209 ἐπεχώρει

194 1220 304 1274 ἀπὸ
349 1231 450 1275 τῶν
504 1223 552 1274 ἐν
604 1230 719 1284 ταῖς
779 1229 1079 1296 στρατείαις
1133 1226 1278 1296 ἡμῶν
1327 1222 1554 1297 ἀδελφῶν
1593 1245 1606 1258 ·
1638 1229 1708 1287 ὡς
1746 1222 1807 1280 δέ

190 1317 290 1364 καὶ
346 1315 423 1363 ἔτι
487 1312 662 1388 πόῤῥω
728 1310 854 1384 ἦμεν
929 1314 1246 1377 αἰσθήσεως,
1324 1318 1413 1366 καὶ
1492 1315 1597 1386 οὐχ
1667 1316 1806 1377 ὃπως

195 1400 524 1455 ἱλεώσασθαι
575 1407 669 1460 τὴν
707 1403 824 1455 καθ’
864 1407 1008 1474 ἡμῶν
1057 1403 1213 1477 ὀργὴν
1271 1403 1588 1476 ἐσκοποῦμεν
1631 1422 1642 1433 ·
1689 1404 1806 1456 τοὺ-

189 1496 407 1543 ναντίον
461 1488 651 1544 δἀπαν
703 1490 792 1544 xui
845 1498 1035 1554 κακίας
1090 1492 1249 1554 ἄλλας
1277 1493 1736 1565 προσεπεῖρίϐομεν
1787 1513 1801 1526 ο

190 1582 375 1651 ὥσπερ
432 1579 476 1632 εἰ
541 1578 671 1651 μηδ’
732 1579 793 1640 ἦν
845 1584 869 1634 ὁ
926 1582 1220 1634 ἐπισκοπῶν
1287 1587 1378 1634 καὶ
1432 1587 1563 1656 πρὸς
1627 1582 1806 1654 λόγους

189 1668 401 1721 ἕκαστα
445 1667 726 1723 διευθύνων
767 1691 780 1703 ο
815 1675 865 1723 οῖ
907 1692 962 1724 τε
993 1670 1266 1733 δοκοῦντες
1296 1671 1344 1723 ἐν
1376 1674 1500 1744 ἡμῖν
1551 1680 1640 1733 τῆς
1673 1676 1804 1747 θρη-

191 1762 380 1820 σκείας
449 1765 806 1832 στηρίγματα,

189 1851 320 1909 τοὺς
417 1851 585 1911 θείους
684 1853 908 1920 θεσμοὺς
1005 1853 1393 1924 παρωσάμενοι,
1507 1853 1802 1918 φιλονεικεῖν

189 1938 441 2010 ᾑροῦντο,
489 1943 578 1991 καὶ
645 1943 776 2012 πρὸς
835 1939 1087 2001 ἀλλήλους
1140 1940 1555 2012 ἁναφλεγόμενοι,
1605 1941 1658 2004 ἐξ
1707 1943 1804 2014 ἔρι·

191 2023 293 2087 δος
350 2027 419 2087 εἰς
477 2030 580 2099 ἔριν
643 2032 700 2080 τό
758 2030 871 2080 κατ’
940 2028 1167 2088 ἀλλήλων
1224 2038 1375 2102 μῖσος
1427 2033 1510 2082 ἐπὶ
1557 2034 1800 2101 μέγιστον

189 2115 458 2179 ηὔξησαν,
528 2120 585 2169 τό
661 2117 932 2192 φιλαρχεῖν
994 2116 1380 2181 διεκὸικοῡντες
1435 2125 1797 2193 τυραννικώτε-

193 2224 290 2278 ρον

191 2295 613 2368 Ἐγνόφωσεν
653 2299 710 2348 ἓν
746 2297 906 2370 ὀργῇ
951 2298 1148 2350 αὑτοῦ
1183 2301 1417 2372 Κύριος
1454 2303 1566 2357 τὴν
1609 2301 1798 2371 θυγα-

357 2223 372 2235 ⁶
429 2215 712 2264 τηνικαῦτα
760 2211 824 2260 τὰ
880 2216 970 2269 τῆς
1028 2215 1232 2282 Γραφῆς
1288 2212 1455 2262 ἐκεῖνα
1507 2207 1568 2267 ἦν
1626 2211 1748 2284 όρᾷν
1781 2228 1795 2242 ·

187 2392 347 2461 τέρα
387 2391 568 2438 Σιών·
601 2391 711 2439 καὶ
750 2387 1142 2462 κατέρριψεν
1176 2388 1238 2450 ἐξ
1269 2389 1542 2463 οὐρανοῦ
1571 2389 1654 2450 εἰς
1681 2398 1798 2460 γῆν

187 2480 312 2534 τὴν
353 2473 550 2538 δόξαν
588 2483 701 2528 τοῦ
732 2476 1024 2550 Ἰσραήλ.
1063 2478 1344 2530 Καθεῖλε
1375 2481 1622 2540 πάντας
1651 2482 1799 2542 τοὺς

190 2567 540 2638 φραξγμοὺς
574 2565 794 2630 αὐτοῦ,
830 2571 937 2617 καὶ
982 2565 1386 2638 κατέστρεψε
1425 2571 1535 2625 τὴν
1570 2564 1794 2625 διαθη-⁵

187 2674 316 2712 κην
352 2662 462 2706 τοῦ
516 2651 734 2707 δούλον
790 2655 1016 2707 αὐτοῦ·
1075 2661 1183 2708 καὶ
1248 2655 1645 2712 ἐϐεϐήλωσεν
1709 2657 1797 2718 εἰς

189 2753 324 2818 γῆν,
361 2741 453 2797 διὰ
503 2752 598 2805 τῆς
635 2752 734 2796 τῶν
777 2743 1063 2802 ἐκκλησιῶν
1108 2747 1475 2819 καθαιρέσεως,
1504 2748 1570 2797 τὸ
1612 2746 1796 2817 ἁγία-

199 2853 336 2907 σμα
362 2834 573 2899 αὐτοῦ,
611 2840 699 2886 καὶ
721 2838 821 2886 ὅσα
849 2833 985 2897 ἑξῆς.
1015 2840 1124 2906 Νεῲ
1157 2837 1258 2909 γὰρ
1283 2834 1335 2896 ἐξ
1355 2834 1524 2886 αὐτῶν
1557 2834 1796 2888 ἀνασπώ-

197 2943 341 2996 μενοι
367 2933 464 2976 τῶν
496 2919 771 2998 κρηπίδων
811 2923 878 2983 εἰς
908 2921 1094 2995 ἔδαφος
1132 2923 1561 2998 κατηῤῥάσσοντο
1589 2943 1604 2958 ο
1639 2927 1705 2976 τὰ
1742 2943 1795 2976 τε

194 3016 309 3086 ἱερά
335 3015 622 3086 γράμματα
652 3013 737 3065 ἐπὶ
769 3017 935 3085 μέσης
966 3012 1156 3086 ἀγορᾶς
1182 3019 1509 3086 προκείμενα,
1543 3017 1702 3085 πυρὸς
1733 3010 1794 3072 ἦν

192 3100 408 3161 δαπάνη
444 3121 457 3133 ⁸
488 3105 536 3155 οἱ
585 3099 642 3155 δε
685 3105 1007 3176 προῦχοντες
1034 3105 1080 3154 ἓν
1111 3104 1257 3173 ἡμῖν,
1304 3099 1408 3154 ὧδε
1437 3102 1648 3155 κάκεῖσε
1679 3099 1795 3156 δια·
1831 3142 1870 3198 C

186 3189 593 3264 διδράσκοντες,
650 3201 784 3265 φυγῇ
836 3196 929 3250 την
989 3196 1252 3263 σωτηρίαν
1308 3190 1783 3266 ἐπραγματεύοντο,

179 3283 370 3336 Ἀλλοι
432 3279 491 3334 δε
554 3285 639 3333 xui
711 3284 1081 3355 ζωγρούμενοι,
1143 3281 1370 3354 αἰσχρόν
1436 3301 1488 3333 τι
1555 3285 1794 3352 παίγνιον

181 3371 328 3432 ἦσαν
385 3379 494 3434 τοίς
544 3374 688 3444 ἡμῶν
743 3370 1090 3443 ἐπηρεασταῖς
1142 3389 1154 3400 ⁶
1215 3375 1296 3423 ὅτε
1334 3376 1426 3424 xui
1477 3371 1591 3422 κατ’
1643 3372 1793 3424 ἄλλον

185 3459 338 3520 δῆτα
375 3465 665 3532 προφήτην,
707 3459 1006 3531 Ἐξεχύθη
1050 3457 1461 3522 ἐξουδένωσις
1500 3459 1597 3512 ἐπ’
1637 3463 1794 3534 ἄρχ-

180 3571 382 3611 οντας
425 3569 436 3582 ·
480 3555 588 3602 καὶ
627 3549 981 3606 ἐπλάνησεν
1028 3549 1264 3610 αὐτοὺς
1313 3549 1371 3600 ἐν
1425 3549 1635 3620 ἀϐάτῳ
1683 3555 1790 3602 xui

181 3641 255 3692 οὐ
274 3661 318 3710 χ
344 3636 488 3709 ὀδῷ.
515 3638 676 3691 Ἀλλὰ
699 3644 757 3690 τὸ
778 3641 866 3710 μὲν
893 3645 1109 3689 τοιαῦτα
1139 3640 1359 3709 ἱστορεῖν
1387 3638 1494 3709 οὐχ
1524 3640 1789 3712 ἡμέτερον*

179 3731 323 3788 πλὴν
375 3733 496 3780 ὅσον
549 3724 878 3790 ἐνδείξασθαι
938 3734 1031 3786 τὴν
1105 3729 1242 3779 θείαν
1303 3731 1499 3800 κρὶσιν,
1559 3733 1648 3779 καὶ
1713 3725 1791 3779 δι-

183 3820 532 3872 καιώσασθαι
597 3819 732 3869 κατὰ
792 3818 941 3888 λόγον
1016 3821 1342 3890 προηγμένην
1422 3816 1494 3888 ἐφ’
1557 3817 1780 3872 ἅπασιν,

180 3907 348 3964 Ἀλλὰ
399 3909 593 3959 τούτων
618 3910 744 3968 τέως
801 3905 1058 3979 ἀφέμενοι,
1116 3908 1199 3958 ἐπὶ
1246 3910 1360 3965 τοὺς
1419 3907 1586 3978 ἱεροὺς
1633 3907 1788 3975 ἴωμεν

178 4008 288 4051 τῶν
335 3999 612 4069 μαρτύρων
664 3996 845 4056 ἄθλους
909 3998 957 4047 ἐν
1019 3999 1247 4066 ἐπιτόμῳ
1301 3998 1368 4048 τὰ
1427 3996 1540 4046 κατ’
1600 3994 1789 4055 αὐτοὺς

181 4085 544 4161 διερχόμενοι.
601 4093 808 4160 Πρῶτον
880 4083 968 4138 ὀῦν
1023 4089 1156 4145 ὅπως
1206 4081 1319 4155 εἶχε
1370 4087 1434 4136 τὰ
1471 4091 1566 4144 τῆς
1616 4083 1788 4159 ἀρχῆς

185 4174 552 4248 διηγησομαι.

1916 511 1976 566 in
2006 512 2152 568 locis
2186 514 2468 570 omnibus
2511 517 2752 572 excitari
2787 524 2966 590 atque
3014 521 3279 574 construi
3312 520 3560 591 templa.

1917 603 2060 667 Quae
2110 603 2237 674 ipsa
2280 607 2567 675 temporis
2624 621 2908 676 processu
2938 607 3158 664 deinde
3202 608 3571 666 incrementa

1915 707 2157 764 quoque
2209 694 2502 766 ampliora
2532 711 2760 766 cepere,
2826 713 2965 752 cum
3005 699 3110 768 qui
3162 713 3234 754 ea
3285 699 3570 755 aediﬁcari

1915 789 2092 852 atque
2119 783 2322 852 augeri
2375 783 2736 854 prohiberet,
2771 791 2875 841 aut
2923 801 3030 857 per
3057 786 3452 843 fascinantem
3485 788 3570 842 in-

1913 870 2139 926 vidiam
2166 871 2447 936 aboleret,
2470 889 2646 929 nemo
2671 880 2848 930 esset.
2877 876 2968 930 Sic
2982 890 3053 930 ea
3068 875 3320 932 cmlestis
3352 893 3570 933 manus

1913 960 2252 1026 custodivit,
2279 968 2458 1033 atque
2489 970 2653 1018 extra
2683 963 3041 1020 insidiarum
3075 965 3348 1020 omnium
3370 966 3564 1022 aleam

1913 1050 2110 1119 posita
2139 1067 2270 1105 esse
2300 1052 2505 1107 voluit.
2537 1053 2926 1125 Posteaquam
2953 1060 3154 1110 autem
3179 1070 3282 1126 per
3313 1055 3566 1112 multam

1910 1135 2243 1194 liberlatein
2264 1145 2556 1206 nostram,
2578 1141 2636 1195 in
2662 1141 2966 1196 mollitiem
2985 1141 3410 1213 etlanguorem
3430 1159 3567 1215 pro-

1911 1226 2232 1284 fessionem
2265 1229 2401 1284 ﬁdei
2430 1229 2861 1294 convertimus,
2885 1235 3063 1303 atque
3098 1232 3326 1287 invidia
3356 1234 3569 1289 stimu-

1911 1315 2033 1380 lati,
2057 1317 2276 1372 armari
2308 1317 2420 1388 ipsi
2447 1326 2654 1374 contra
2677 1333 2788 1374 nos
2816 1320 3131 1390 cmpimus,
3167 1321 3567 1377 orationibus-

1911 1421 2028 1475 que
2058 1412 2114 1460 et
2144 1407 2377 1478 scriptis
2417 1423 2522 1479 pro
2563 1409 2750 1463 hastis
2780 1414 2836 1464 et
2867 1409 3110 1480 spiculis
3167 1410 3279 1473 usi,
3319 1412 3568 1481 turpiter

1913 1493 2105 1550 fmdas
2139 1496 2459 1551 seditiones
2505 1497 2935 1554 excitavimus:
2979 1497 3156 1572 442
3191 1499 3564 1572 proindeque

1913 1583 2215 1640 simulatio
2267 1586 2550 1658 quaedam
2591 1594 2644 1641 et
2683 1587 3089 1643 dissimulatio
3146 1605 3330 1660 quam
3375 1590 3567 1660 potuit

1914 1674 2174 1729 maxime
2205 1676 2262 1729 in
2323 1675 2644 1731 Ecclesiam
2690 1676 2992 1742 involavit,
3043 1683 3100 1732 et
3131 1677 3354 1734 malitia
3407 1679 3561 1733 vires

888 1766 978 1814 xui
1061 1769 1372 1833 ποιμενικῶς
1444 1761 1796 1834 ἐξηγούμενοι,

1913 1763 2170 1834 majores
2201 1765 2446 1836 accepit.
2475 1764 2686 1820 oculus
2715 1766 2810 1820 Dei
2834 1781 2998 1820 more
3024 1783 3138 1822 suo
3168 1766 3426 1838 benigne
3449 1783 3561 1824 nos

1912 1853 2266 1922 castigando
2314 1853 2584 1919 visitavit,
2611 1858 2668 1909 et
2719 1859 2962 1926 paterne
3016 1858 3296 1912 coercuit.
3327 1858 3411 1912 Ac
3443 1857 3565 1928 pri-

1911 1958 2078 1996 mum
2108 1943 2350 2014 quidem
2379 1959 2666 1999 mrumme
2695 1961 2730 2001 a
2777 1943 3056 2000 fratribus
3087 1952 3286 2002 castra
3316 1952 3372 2002 et
3413 1947 3565 2004 mili-

1910 2031 2054 2086 tiam
2085 2032 2450 2088 sectantibus
2499 2033 2795 2104 incepere.
2842 2038 2889 2089 A
2920 2052 3180 2106 quarum
3211 2051 3390 2092 sensu
3421 2053 3563 2092 cum

1909 2120 2108 2176 adhuc
2150 2121 2390 2190 longius
2446 2122 2818 2189 abessemus,
2881 2130 3110 2179 tantum
3164 2125 3331 2180 abest
3383 2131 3448 2181 ut
3485 2125 3560 2182 de

1908 2209 2206 2279 placanda
2217 2211 2378 2278 justa
2396 2212 2494 2266 Dei
2521 2213 2578 2266 iu
2599 2228 2709 2267 nos
2729 2213 2817 2268 ira
2838 2214 3256 2283 cogitaremus,
3288 2221 3352 2271 ut
3380 2216 3561 2271 etiam

1905 2298 2153 2370 insuper
2180 2315 2361 2354 omne
2415 2315 2606 2369 genus
2641 2301 2880 2358 malitiae
2919 2308 2976 2358 et
3004 2309 3389 2374 peccatorum
3418 2303 3562 2360 alio-

1905 2404 2061 2454 rum,
2094 2388 2171 2444 ad
2205 2389 2453 2460 pristina
2482 2389 2697 2445 delicta
2723 2391 3279 2448 accumularemus:
3311 2393 3560 2466 perinde

1905 2481 2083 2548 atque
2113 2493 2235 2533 non
2277 2486 2432 2534 esset
2469 2480 2573 2551 qui
2617 2479 2747 2534 haec
2777 2480 3178 2537 consideraret
3223 2487 3402 2554 atque
3431 2497 3564 2554 spe-

1906 2565 2222 2633 cularetur,
2252 2568 2430 2639 quive
2462 2569 2756 2623 rationem
2791 2569 3045 2625 istorum
3083 2571 3358 2626 omnium
3390 2571 3562 2642 ﬂagi-

1907 2661 2072 2711 taret.
2106 2659 2390 2712 Caeterum
2420 2658 2523 2728 qui
2555 2657 2667 2713 sibi
2694 2657 2998 2728 religionis
3019 2665 3238 2715 nostrae
3264 2660 3562 2716 columnas

1904 2759 2032 2800 esse
2083 2745 2459 2812 videbantur,
2519 2752 2577 2803 et
2634 2763 2858 2802 munus
2914 2748 3216 2820 pastorale
3249 2749 3561 2819 gerebant,

1904 2833 2117 2890 divinis
2152 2836 2564 2892 sanctionibus
2622 2843 2678 2891 et
2726 2836 2962 2905 legibus
3003 2838 3272 2909 abjectis,
3305 2839 3384 2894 ad
3414 2855 3562 2894 con-

1906 2923 2184 2979 tentionis
2227 2925 2493 2980 studium
2528 2926 2814 2997 prolapsi,
2850 2933 2903 2983 et
2951 2927 3364 2982 vehementius
3413 2928 3564 2984 inter

1905 3028 1966 3066 se
1997 3013 2211 3068 ardore
2234 3013 2504 3085 quodam
2537 3016 2836 3080 concitati,
2863 3016 3178 3071 dissidium
3211 3033 3281 3072 ex
3313 3016 3563 3074 dissidio

1906 3117 2128 3166 severe,
2181 3119 2250 3157 ac
2285 3109 2492 3159 mutua
2523 3104 2664 3158 odia
2694 3104 2892 3177 magis
2917 3121 2986 3160 ac
3020 3105 3211 3175 magis
3237 3105 3561 3176 adauxere,

1904 3190 2296 3247 ambitionem
2319 3197 2373 3247 et
2391 3193 2777 3263 cupiditatem
2791 3194 3145 3249 dominandi
3166 3193 3559 3262 vindicantes,

1903 3286 1959 3336 et
1985 3287 2377 3352 tyrannorum
2408 3297 2571 3337 more
2601 3283 2970 3338 contentiosa
3003 3284 3076 3339 ad
3117 3299 3178 3338 se
3205 3284 3560 3355 pertrahen-

1907 3380 2015 3425 tes.
2051 3373 2197 3425 Tum
2231 3371 2453 3427 scilicet
2483 3373 2715 3427 evenire
2745 3388 2836 3441 ea,
2868 3388 3004 3445 quas
3033 3374 3333 3445 Scriptura
3364 3375 3560 3442 refert,

1901 3461 2200 3515 vidimus:
2267 3461 2620 3517 Obscuravit
2649 3462 2712 3517 in
2756 3462 2852 3518 ira
2883 3479 2993 3519 sua
3040 3463 3328 3520 Dominus
3369 3465 3564 3528 ﬁliam

1901 3551 2066 3613 Sion,
2101 3557 2152 3605 et
2182 3549 2415 3618 disiecit
2446 3566 2475 3606 e
2505 3552 2650 3606 ctelo
2697 3552 2759 3606 in
2795 3557 3018 3607 terram
3056 3553 3314 3622 gloriam
3346 3553 3558 3608 Israel.

1899 3639 2209 3694 Destruxit
2223 3655 2420 3694 omnes
2434 3641 2726 3695 macerias
2741 3642 2890 3708 ejus.
2908 3648 2960 3695 et
2974 3643 3180 3696 evertit
3189 3641 3388 3709 fwdus
3399 3641 3558 3696 servi

1897 3727 2009 3781 sui.
2039 3729 2110 3781 Et
2136 3729 2526 3797 profanando
2548 3729 2877 3798 prostravit
2899 3730 2958 3782 in
2981 3735 3226 3793 terram,
3250 3745 3356 3799 per
3379 3729 3561 3784 eccle-

1899 3815 2120 3870 siarum
2140 3817 2556 3882 vastationem,
2578 3818 3112 3884 sanctiﬁcationem
3133 3820 3280 3887 ejus,
3299 3838 3326 3869 ι)
3352 3825 3408 3873 et
3423 3834 3560 3889 quae

1900 3911 2253 3975 sequuntur.
2275 3905 2520 3976 Templa
2547 3921 2831 3977 namque.
2865 3922 2936 3961 ex
2983 3906 3128 3977 ipsis
3159 3907 3400 3962 revulsa
3430 3906 3562 3962 fun-

1901 3993 2223 4058 damentis,
2248 3994 2374 4048 solo
2396 4000 2636 4066 aequata
2664 4003 2822 4059 sunt,
2851 4001 2906 4049 et
2935 4001 3317 4052 sacrosancta
3339 3997 3562 4067 scripta

1901 4083 1960 4136 in
1993 4082 2193 4137 medio
2222 4083 2345 4138 foro
2385 4085 2851 4152 conﬂagrarunt.
2886 4083 2994 4151 Qui
3026 4100 3167 4139 vero
3198 4085 3425 4139 honore
3469 4087 3561 4140 in-

1899 4177 1990 4226 ter
2017 4187 2128 4226 nos
2179 4172 2570 4238 excellebant,
2602 4173 2742 4228 hinc
2772 4180 2829 4228 et
2852 4174 2990 4228 inde
3016 4175 3389 4238 cursitanles,
3418 4175 3562 4244 fuga

178 4266 364 4322 saluti
399 4281 524 4319 suae
551 4264 998 4320 consuluerunt.
1033 4264 1139 4319 Alii
1166 4279 1344 4336 porro
1383 4264 1442 4318 in
1475 4264 1615 4332 fuga
1647 4261 1896 4333 excepti,
1931 4261 2254 4316 ludibrium
2288 4261 2450 4317 fuere
2501 4278 2710 4318 eorum
2743 4262 2844 4334 qui
2870 4263 3044 4318 nobis
3073 4263 3380 4319 insultant.
3413 4267 3559 4320 Cum

175 4355 386 4416 etiam,
412 4354 581 4423 juxta
608 4353 790 4407 alium
825 4354 1203 4425 prophetam,
1228 4355 1452 4421 eﬂusus
1481 4361 1565 4409 est
1592 4357 1960 4420 contemptus
1987 4352 2049 4405 in
2078 4352 2396 4419 principes,
2447 4358 2500 4408 et
2531 4367 2740 4408 errare
2765 4353 2911 4422 fecit
2941 4367 3034 4409 eos
3060 4353 3123 4408 in
3149 4353 3330 4419 invio,
3355 4358 3409 4410 et
3440 4370 3558 4410 non

175 4444 302 4500 via.
331 4443 546 4496 Verum
579 4443 706 4497 haec
736 4442 1012 4512 persequi
1043 4443 1312 4496 oratione
1355 4449 1624 4496 nostrum
1669 4456 1792 4495 non
1836 4444 1942 4503 est,
1971 4446 2372 4512 praeterquam
2416 4447 2479 4496 ut
2524 4441 2796 4496 divinum
2841 4441 3134 4512 judicium
3193 4443 3551 4499 indicemus.

177 4533 363 4604 eique
401 4530 648 4604 justitiae
696 4530 936 4585 laudem
969 4531 1327 4595 tribuamus,
1358 4532 1520 4602 quod
1555 4530 1826 4586 videlicet
1876 4535 2035 4585 certa
2066 4535 2120 4585 et
2150 4546 2325 4601 aequa
2378 4531 2607 4586 ratione
2639 4529 2910 4599 procedit
2965 4531 3028 4586 in
3059 4546 3288 4591 omnes.
3326 4531 3437 4588 Sed
3468 4531 3561 4587 his

174 4638 213 4676 a
245 4636 412 4676 nunc
444 4620 705 4682 omissis,
739 4619 816 4674 ad
871 4635 1042 4674 sacra
1075 4625 1405 4691 martyrum
1439 4621 1787 4683 certamina,
1820 4619 2077 4674 breviter
2124 4635 2196 4675 ea
2225 4620 2569 4691 exposituri,
2605 4621 3024 4692 procedemus.
3060 4620 3324 4676 Primum
3358 4626 3559 4677 autem

185 4710 508 4784 quomodo
535 4724 598 4764 se
625 4709 877 4785 Romani
908 4709 1141 4780 imperii
1168 4725 1260 4763 res
1291 4708 1628 4776 habuerint,
1655 4709 1949 4765 dicemus.

211 4977 302 5030 Ως
341 4966 800 5028 Διοκλητιανός
831 4968 1242 5038 Μαξιμιανόν
1280 4970 1367 5018 τὸν
1401 4967 1794 5039 Ερκούλλιον

254 5043 616 5112 συνάρχειν
674 5041 918 5092 εἵλετο·
970 5046 1083 5093 καὶ
1132 5042 1207 5100 ὡς
1255 5044 1362 5091 τόν
1415 5041 1550 5092 καθ’
1618 5042 1792 5112 ἡμῶν

252 5109 528 5170 ἐπένησε
569 5109 903 5184 διωγμόν.

250 5218 642 5285 Διοκλητιανὸς,
685 5223 858 5289 ὥσπερ
939 5221 1163 5291 εἴρηται,
1230 5221 1321 5275 τὴν
1368 5215 1637 5290 βασιλείαν
1693 5237 1790 5270 πα-

175 5309 444 5384 ραλαϐὼν,
474 5299 603 5360 ¹ἐπεὶ
642 5312 777 5360 κατὰ
828 5313 1064 5381 Χρίστοϋ
1110 5310 1292 5379 μάχην
1324 5315 1479 5359 κινεῖν
1537 5315 1634 5358 τῶν
1684 5313 1783 5359 πώ-

170 5420 305 5456 ποτε
388 5403 837 5471 μνημονευομένων
913 5397 1290 5469 χαλεπωτατην
1359 5399 1626 5469 ἠρέθιστο,
1692 5400 1788 5455 τὴν

171 5499 270 5544 τοῦ
312 5496 548 5560 Χριστοῦ
599 5491 874 5561 μαρτύρων
931 5491 1165 5558 γενναίαν
1216 5490 1456 5538 ἔνστασιν
1503 5484 1656 5548 εἰδὼς
1695 5491 1784 5539 xui

176 5577 596 5652 ἀντιπαράταξιν
627 5593 642 5608 ο
700 5579 807 5630 ἐπεὶ
849 5579 981 5648 πρὸς
1043 5578 1306 5639 τοιούτους
1360 5580 1448 5630 καὶ
1500 5578 1783 5638 τοσούτους

1829 4861 1874 4916 D

2440 4859 2616 4932 443
2661 4859 2889 4917 CAPUT
2928 4860 3022 4915 ιη.

1911 4970 1984 5026 Ut
2014 4968 2417 5024 Diocletianus
2462 4968 2897 5022 Maximianum
2949 4968 3302 5023 Herculium
3332 4969 3554 5025 socium

1969 5042 2081 5096 sibi
2104 5040 2342 5110 imperii
2366 5040 2660 5106 atlegerit,
2683 5047 2778 5095 etu
2804 5047 2823 5093 t
2853 5039 2902 5094 is
2930 5043 3396 5109 persecutionem
3422 5057 3556 5097 con-

1971 5119 2069 5180 tra
2103 5128 2208 5168 nos
2237 5111 2584 5167 instituerit.

1972 5219 2390 5282 Diocletianus,
2423 5217 2505 5272 uti
2537 5217 2763 5273 dictum
2815 5223 2921 5282 est,
2981 5217 3235 5288 imperio
3283 5223 3552 5290 accepto,

1896 5325 2034 5363 cum
2068 5315 2276 5364 contra
2319 5307 2620 5364 Christum
2674 5313 2968 5379 quantum
3025 5313 3202 5362 antea
3233 5323 3550 5378 nunquam

1893 5399 2124 5462 fuisset,
2174 5397 2393 5453 bellum
2456 5411 2696 5451 movere
2735 5396 3154 5460 constituisset,
3217 5405 3551 5470 martyrum

1891 5487 2100 5544 Christi
2151 5484 2624 5556 magnitudinem
2657 5487 2865 5552 animi,
2909 5487 3212 5557 robur,et
3267 5486 3554 5543 fortitudi-

1895 5591 2035 5638 nem
2085 5576 2227 5636 satis
2282 5577 2666 5650 perspectam
2724 5573 2980 5655 habens,
3030 5574 3194 5650 quod
3234 5590 3372 5632 cum
3427 5579 3550 5633 tam
