4020 6218
529 273 666 331 1211

1830 276 2214 336 NICEPHORI
2257 271 2580 334 CALLISTI
3723 281 3822 340 im

523 401 764 457 eximiis
819 399 1208 458 bellatoribus
1251 402 1362 458 sibi
1402 407 1705 460 certamen
1749 403 1873 460 fore
1926 405 2169 470 videret.

2289 401 2350 463 ἦν
2406 407 2544 475 αὐτῷ
2597 405 2622 456 ὁ
2672 402 2827 477 ἁγὼν,
2873 405 3001 476 ἔγνω
3049 400 3159 459 δεῖν
3213 413 3416 479 πρῶτον
3469 403 3738 480 ἐπιρρῶσαι
3765 411 3822 461 ὠ-

525 490 584 546 in
641 491 849 562 primis
909 492 1246 548 curandum
1305 493 1418 548 sibi
1475 492 1730 565 putavit,
1797 499 1857 549 ut
1907 494 2174 566 seipsum

527 579 929 645 conﬁrmaret,
979 586 1158 653 atque
1205 581 1286 638 ita
1316 581 1563 638 demum
1595 582 1996 638 conﬁdentius
2029 598 2176 654 pras-

522 668 669 726 lium
703 670 910 726 iniret:
955 670 1200 726 homine
1250 672 1376 742 pari
1421 687 1623 728 secum
1656 672 1898 742 ingenio
1951 679 2007 728 et
2043 687 2177 728 cru-

521 759 760 816 delitate
791 759 1147 816 Maximiano
1187 761 1270 832 (1)
1303 761 1570 818 Herculio
1600 766 1853 832 reperto,
1885 777 2024 817 eum
2064 761 2176 817 sibi

523 853 588 903 ut
643 863 820 921 aequa
859 853 1148 920 potestate
1195 850 1513 921 imperium
1567 851 2030 919 administraret,
2081 867 2175 906 as-

525 938 682 994 civit.
729 940 859 1005 Quo
891 945 1010 996 tam
1044 940 1262 996 eximio
1293 947 1688 1011 tyrannorum
1739 943 1888 1012 pari,
1940 957 2176 997 accom—

522 1029 768 1085 modato
793 1027 908 1084 sibi
935 1045 1178 1101 prorsus
1209 1037 1265 1086 et
1285 1031 1548 1102 proprio,
1581 1031 2006 1086 maxime-lusus
2037 1031 2172 1086 ﬁdei

523 1124 741 1174 nostrae
770 1119 978 1188 hostis,
1033 1123 1324 1190 tanquam
1351 1120 1607 1176 volucris
1639 1137 1824 1192 supra
1849 1137 1982 1176 eam
2038 1135 2174 1191 quae

525 1207 639 1262 sub
668 1206 815 1263 cmlo
846 1213 934 1263 est
953 1213 1171 1264 terram
1196 1209 1478 1274 volitavit,
1503 1225 1713 1266 omnes
1735 1212 1794 1264 in
1821 1213 2172 1282 potestatem

523 1312 698 1352 suam
725 1298 1012 1366 redigere,
1042 1304 1097 1352 et
1119 1299 1326 1354 Christi
1355 1315 1576 1354 nomen
1605 1315 1678 1354 ex
1709 1299 1874 1371 ipsis,
1907 1299 2070 1372 quod
2089 1299 2174 1354 di-

526 1386 698 1454 citur,
717 1384 1126 1442 fundamentis
1145 1402 1348 1442 eruere
1365 1393 1667 1458 satagens.
1689 1392 1879 1460 Atque
1893 1387 2172 1460 equidem

522 1474 786 1547 primum
817 1491 938 1530 non
995 1491 1113 1531 uno
1167 1476 1366 1532 statim
1416 1477 1644 1549 impetu
1697 1477 2172 1549 persecutionem

522 1571 734 1620 contra
783 1581 912 1634 nos,
951 1565 1056 1620 sed
1113 1565 1417 1632 insidiose,
1465 1571 1666 1638 atque,
1723 1573 1784 1622 ut
1837 1567 1919 1622 ita
1947 1565 2166 1630 dicam,

524 1651 894 1709 clandestine
923 1660 1010 1709 est
1034 1669 1374 1724 aggressus.
1415 1657 1458 1710 A
1489 1655 1784 1727 principio
1815 1656 1992 1727 igitur
2013 1654 2172 1710 Chri-

2285 497 2392 546 τόν.
2435 499 2521 545 καί
2565 493 2702 546 οὕτω
2751 498 2836 546 τὸν
2881 493 3058 565 ἀγῶνα
3094 493 3392 548 καταδῦναι
3422 514 3436 526 ·
3489 493 3734 569 θαρρῆσαι
3765 505 3818 550 ui

2287 579 2355 641 δὴ
2416 579 2589 657 ἄνδρα
2643 584 2800 656 εὑρὼν
2861 587 3036 656 ὅμοιον
3089 584 3230 654 αὐτῷ
3283 589 3374 637 καὶ
3417 588 3606 656 τρόπον
3648 588 3724 636 καὶ
3761 591 3819 646 τὴν

2285 673 2552 744 ὠμότητα,
2585 675 2754 744 τούτῳ
2805 669 3166 746 συνδιαφὲρειν
3212 675 3280 726 τὰ
3325 681 3422 735 τῆς
3462 673 3637 746 ἀρχῆς
3681 673 3824 749 Exarsi-

2283 781 2389 815 πει.
2429 763 2756 834 Μαξιμιανὸς
2803 764 2829 814 ὀ
2857 761 3182 836 Ἐρκούλλιος
3227 763 3374 825 οὗτος
3415 760 3476 821 ἦν
3512 781 3528 793 ”
3583 764 3656 824 οἷς
3698 764 3826 834 ζεῦγος

2283 853 2501 924 ἄριστον
2541 853 2566 904 ὁ
2603 859 2698 914 τῆς
2739 856 2965 914 πίστεως
3016 855 3161 924 ἡμῶν
3215 855 3462 928 τύραννος
3513 855 3754 924 προσφυές
3793 873 3829 907 τί

2283 945 2373 993 καὶ
2445 941 2630 994 οἰκεῖον
2704 941 2844 1012 μάλα
2916 943 3276 1016 χρησάμενος,

2282 1034 2473 1093 πτηνὸς
2526 1051 2605 1092 τις
2647 1027 2829 1096 διέθει,
2879 1033 3078 1093 πάντας
3133 1034 3258 1083 εἴσω
3303 1032 3487 1084 θέσθαι
3523 1038 3726 1104 χειρῶν,
3769 1037 3832 1084 καὶ

2283 1123 2376 1178 τὴν
2428 1123 2663 1192 Χριστοῦ
2729 1119 2916 1178 κλῆσιν
2979 1119 3034 1183 ἐξ
3095 1120 3284 1185 αὐτῶν,
3339 1121 3366 1172 ὃ
3403 1139 3554 1192 φασι,
3609 1117 3834 1191 κρηπίδων

2283 1207 2587 1262 ἀνασπάσαι
2625 1215 2957 1283 πειρώμενος.
3006 1213 3107 1262 Καὶ
3163 1207 3232 1268 δὴ
3299 1211 3367 1261 τὰ
3418 1212 3510 1281 μεν
3557 1217 3726 1282 πρῶτα
3765 1209 3834 1262 οὐκ

2283 1295 2484 1371 ἁθρόως
2533 1307 2604 1369 τῷ
2669 1299 2786 1351 καθ’
2827 1300 2972 1370 ἡμῶν
3027 1297 3236 1350 ἐπέϐαλε
3276 1294 3522 1370 διωγμῷ.
3569 1297 3838 1360 Ἐπιϐοὐλως

3354 946 3447 999 τὴν
3527 941 3612 992 ὑπ’
3664 941 3830 1014 οὐρανὸν

2283 1383 2343 1440 δὲ
2379 1393 2471 1440 καὶ
2520 1383 2778 1460 κρύϐδην.
2831 1391 2900 1450 ὡς
2929 1389 2992 1440 ἄν
3031 1407 3110 1450 τις
3151 1392 3299 1460 φαίη.
3343 1389 3509 1448 Εὐθὺς
3539 1389 3628 1459 μὶν
3667 1387 3746 1438 οὖν
3771 1394 3838 1440 τοῦ

2283 1473 2642 1550 στρατοπέδου
2709 1475 3125 1549 ἀποπειρώμενος
3195 1473 3276 1534 ἦν.
3356 1475 3515 1548 ’ῼετο
3570 1477 3666 1550 γάρ
3715 1478 3760 1528 οἱ
3799 1477 3840 1528 ix

2279 1572 2371 1616 τοῦ
2407 1565 2605 1640 ῥᾴστου
2653 1570 3026 1637 προχωρήσειν
3067 1564 3206 1635 αὐτῷ
3245 1567 3304 1616 τὸ
3345 1563 3640 1636 ἀγώνισμα,
3679 1563 3721 1616 εἰ
3751 1567 3842 1615 τού-

2279 1673 2378 1704 των
2444 1655 2614 1727 ἠρέμα
2664 1674 2768 1716 πως
2825 1659 2916 1706 καὶ
2981 1662 3238 1725 τεχνικῶς
3293 1657 3634 1726 περιγένοιτο.
3691 1653 3842 1706 Πολλοὶ

523 1743 731 1800 stianis
765 1741 1118 1812 atﬂigendis,
1143 1743 1376 1800 consilii
1399 1745 1490 1800 sui
1523 1746 1582 1800 in
1601 1746 1859 1801 exercitu
1883 1751 1938 1800 et
1959 1744 2169 1800 castris

2280 1745 2370 1815 μεν
2409 1739 2498 1796 οὖν
2537 1743 2738 1796 ἐκείνων
2791 1752 2888 1804 τῆς
2943 1749 3058 1816 περὶ
3107 1747 3167 1796 τὸ
3234 1745 3367 1802 θεῖον
3418 1745 3585 1818 χάριν
3651 1751 3842 1815 στοργῆς

515 1833 854 1904 periculum
885 1833 1038 1890 fecit.
1071 1833 1262 1888 Facile
1293 1835 1450 1889 enim
1481 1851 1552 1890 ex
1583 1835 1876 1890 sententia
1907 1839 2170 1905 emptum

525 1921 640 1977 sibi
668 1937 1082 1978 successurum
1116 1925 1361 1994 putavit,
1395 1925 1442 1978 si
1467 1923 1596 1980 illos
1623 1924 1841 1980 sensim
1869 1924 2169 1995 quodam-

527 2011 710 2066 modo
735 2017 790 2066 et
813 2017 936 2066 arte
971 2012 1408 2068 circumventos
1439 2015 1691 2068 vicisset.
1727 2015 1790 2070 Et
1831 2013 1996 2068 multi
2027 2027 2171 2069 sane

523 2114 596 2155 ex
616 2100 824 2156 ordine
856 2100 1112 2165 militari,
1145 2107 1385 2173 propter
1415 2103 1710 2174 insignem
1733 2118 1875 2172 erga
1899 2103 2170 2158 divinum

523 2205 734 2244 numen
749 2190 1282 2260 pietatatem.vitam
1298 2191 1582 2262 privatam
1597 2191 1922 2248 honoribus
1937 2191 2172 2264 quibus-

521 2293 762 2350 cunque
786 2278 1189 2350 praetulerunt.
1233 2283 1556 2352 Postquam
1584 2281 1742 2336 enim
1796 2285 2076 2336 lustrator
2117 2285 2174 2336 et

523 2373 877 2438 repurgator
887 2369 1487 2442 exercitus,idemque
1503 2370 1928 2442 persecutionis
1943 2376 2168 2435 auctor,

522 2458 832 2528 optionem
891 2457 1176 2514 militibus
1229 2459 1570 2514 Christianis
1623 2458 1786 2516 illam
1834 2459 2064 2524 obtulit,
2111 2463 2174 2516 ut

520 2545 616 2604 vel
645 2546 758 2618 ipsi
813 2546 1215 2619 obsequentes
1245 2547 1558 2604 ordinibus
1605 2549 1896 2604 ducendis
1935 2549 2172 2604 honori-

519 2633 756 2708 busque
786 2635 1061 2705 gerendis
1114 2653 1250 2692 cum
1293 2637 1423 2693 aliis
1465 2638 1780 2710 participes
1819 2637 2046 2704 ﬁerent,
2079 2638 2171 2694 vel

519 2724 1010 2781 constitutionum
1043 2727 1422 2798 imperiatum
1449 2730 1798 2783 auctoritate
1827 2733 2171 2798 contempta

518 2813 794 2870 militiam
839 2814 1240 2887 relinquerent
1270 2832 1283 2871 :
1339 2815 1770 2888 quamplurimi
1802 2820 1926 2871 tum
1957 2816 2170 2872 Christi

519 2903 740 2960 milites
759 2918 892 2958 eam
915 2919 1052 2975 quas
1083 2904 1398 2964 videbatur
1418 2921 1546 2960 esse
1575 2905 1914 2961 felicitatem
1938 2906 2169 2976 abjece-

517 2999 677 3061 runt,
711 2993 900 3064 parati
934 3008 1054 3048 non
1085 2993 1438 3063 dignitatem
1491 2999 1546 3050 et
1599 2993 1888 3050 honorem
1935 3001 2168 3050 tantum

516 3080 839 3152 deponere,
868 3082 972 3137 sed
1024 3081 1202 3137 etiam
1235 3089 1508 3148 mortem,
1574 3083 1622 3137 si
1650 3083 2027 3139 adversarius
2052 3083 2166 3139 illis
2205 3111 2246 3168 ρ

517 3171 712 3225 acrius
744 3170 1012 3235 instaret,
1044 3171 1228 3226 obire.
1259 3171 1322 3225 Id
1358 3173 1522 3244 quod
1570 3188 1606 3227 a
1633 3171 1924 3244 principio
1955 3171 2016 3228 in
2049 3188 2166 3228 uno

517 3263 695 3330 atque
719 3258 778 3314 in
805 3258 989 3314 altero
1017 3265 1104 3314 est
1129 3266 1528 3332 perspectum.
1561 3260 1772 3315 Rarius
1802 3260 1962 3315 enim
1993 3260 2053 3316 id
2083 3261 2168 3316 in-

517 3347 726 3403 sidiosi
768 3349 945 3420 ccepti
974 3353 1182 3404 auctor
1209 3354 1298 3404 est
1325 3365 1530 3405 ausus.
1562 3351 1870 3406 Certamen
1902 3365 2167 3422 namque

517 3443 782 3510 coeptum
827 3454 1016 3510 usque
1046 3438 1122 3494 ad
1155 3440 1466 3508 sanguinis
1499 3438 1764 3494 ﬁdelium
1811 3438 2166 3496 eﬂusionem

515 3527 869 3599 producere,
886 3526 1184 3600 simulque
1197 3526 1420 3583 bellum
1437 3533 1644 3584 contra
1660 3543 1870 3584 omnes
1887 3529 2164 3596 excitare,

514 3614 714 3671 adhuc
739 3615 1008 3688 quadam
1039 3617 1212 3688 quasi
1234 3616 1464 3672 desidia
1485 3615 1734 3672 distulit.
1759 3619 2038 3672 Utantem
2058 3618 2168 3674 sei-

511 3719 693 3776 psum
713 3704 980 3770 nudavit,
1002 3709 1281 3778 totusque
1297 3707 1354 3760 in
1381 3705 1854 3778 persecutionem
1873 3706 2162 3773 incubuit,

512 3794 781 3850 oratione
810 3793 974 3850 nulla
999 3794 1281 3866 explicari
1309 3799 1523 3866 potest,
1546 3800 1774 3867 quanta
1805 3795 2028 3868 ubique
2059 3813 2166 3869 per

511 3884 720 3940 omnia
749 3883 868 3939 fere
899 3883 1030 3940 loca
1082 3889 1138 3939 et
1188 3884 1414 3957 oppida
1454 3883 1908 3940 fortissimorum
1952 3885 2164 3942 Christi

512 3978 846 4044 martyrum
881 3973 1198 4029 multitudo
1231 3974 1302 4028 sit
1325 3973 1608 4031 exhibita.
1629 3974 1888 4030 Primum
1921 3975 2164 4046 quidem

512 4062 738 4135 ubique
750 4062 1315 4118 circumferebantur
1327 4069 1382 4118 et
1395 4063 1970 4136 proponebanturim
1979 4065 2164 4137 peria-

2279 1835 2367 1884 τὸν
2420 1828 2636 1891 ἰδιώτην
2697 1831 2812 1906 βίον
2869 1833 3194 1893 ἠσπάζοντο.
3229 1832 3372 1885 Ἐπεὶ
3423 1835 3526 1904 γὰρ
3579 1833 3604 1883 ὁ
3641 1831 3843 1903 φυλοκρι-

2279 1929 2376 1973 νῶν
2414 1926 2504 1974 καὶ
2565 1919 2722 1980 δῆθεν
2780 1921 3139 1994 ἆνακαθαίρων
3191 1924 3249 1974 τὸ
3309 1916 3664 1996 στρατόπεδον
3717 1921 3842 1980 αὐτὸς

2281 2009 2343 2070 ἧν
2399 2011 2674 2082 ἐγχειρῶν,
2731 2014 2802 2072 ὡς
2855 2013 2918 2063 ἄν
2973 2030 3056 2072 τις
3101 2013 3257 2075 εῖποι,
3299 2017 3372 2080 τῷ
3403 2006 3642 2082 διωγμῷ,
3678 2011 3841 2082 αἵρεσίν

2279 2119 2336 2153 τε
2389 2107 2640 2172 παρεῖχεν
2691 2100 2720 2158 ἢ
2772 2107 2999 2172 μετεῖναι
3051 2099 3220 2159 αὐτοῖς
3275 2107 3368 2159 τῆς
3429 2107 3587 2170 τιμῆς
3641 2099 3844 2168 πειθορέο

2279 2209 2406 2260 νοις,
2455 2189 2485 2247 ἢ
2535 2209 2638 2250 τοις
2695 2187 2992 2263 βασιλικοῖς
3057 2190 3414 2259 θεσπίσμασιν
3473 2186 3843 2260 ἀντιφερομένοις

2281 2278 2574 2332 ἀπολείπειν
2623 2283 2716 2337 τὴν
2771 2279 2915 2342 τάξιν
2949 2297 2960 2311 ·
2995 2285 3286 2336 τηνικαῦτα
3327 2277 3458 2330 πολὺ
3500 2275 3702 2338 πλείους
3736 2283 3842 2348 Χρι-

2284 2375 2409 2421 στοῦ
2465 2376 2779 2443 στρατιῶται
2831 2371 2918 2426 τήν
2973 2367 3322 2439 νομιζομένην
3375 2366 3662 2438 εὐπραγίαν
3707 2385 3845 2438 παρω-

2283 2460 2496 2530 σάμενοι
2547 2454 2921 2522 ἀνεδείκνυντο,
2953 2455 3014 2509 οὐ
3063 2461 3156 2514 τὴν
3207 2455 3358 2518 ἀξίαν
3407 2461 3586 2526 μόνον,
3619 2453 3738 2506 ἄλλὰ
3775 2467 3830 2504 κα

2283 2549 2499 2599 θάνατον
2549 2546 2704 2598 αὐτὸν
2769 2553 2860 2606 τῆς
2911 2547 3202 2606 ἑνστάσεως
3237 2543 3594 2617 ἀμειϐόμενοι.
3647 2544 3729 2604 Εἷς
3769 2561 3845 2593 πον

2279 2639 2368 2708 μὲν
2407 2640 2496 2688 καὶ
2535 2631 2632 2688 δύο
2681 2636 2959 2706 καταρχάς
2990 2655 3003 2668 ο
3037 2639 3126 2686 καὶ
3163 2636 3266 2706 γὰρ
3299 2639 3530 2693 σπανίως
3559 2635 3585 2684 ὁ
3620 2637 3710 2689 τήν
3759 2631 3847 2682 ἔπι-

2281 2725 2468 2783 ϐουλήν
2524 2727 2735 2799 ἐνεργῶν
2797 2723 3070 2795 ἐπετόλμα.
3132 2727 3234 2776 Καὶ
3289 2727 3482 2798 μέχρις
3537 2725 3752 2796 αἵματος
3791 2729 3848 2780 τῷ

2277 2814 2464 2872 πλήθει
2521 2809 2931 2886 διαγωνίζεσθαι
2987 2821 3086 2864 τῶν
3147 2820 3369 2876 πιστῶν,
3427 2812 3563 2884 ὁμοῦ
3633 2829 3684 2864 τε
3739 2811 3848 2862 κατὰ

2277 2905 2481 2956 πάντων
2511 2906 2596 2955 τὸν
2654 2901 2874 2974 πόλεμον
2933 2899 3187 2974 ἑφορμᾷν,
3231 2899 3526 2954 ἁποκναίων
3577 2897 3640 2958 ἧν
3669 2903 3736 2952 ἔτι
3777 2903 3846 2950 καὶ

2277 2992 2450 3066 ὥσπερ
2505 2989 2875 3064 ἀναδυόμενος.
2931 2990 3018 3053 Ὠς
3060 2987 3118 3044 δι
3173 2993 3504 3065 παρεγύμνου
3536 2990 3732 3056 ἑαυτὸν,
3777 2995 3848 3040 καί

2279 3083 2390 3146 ὅλος
2439 3090 2534 3143 τῆς
2590 3081 2946 3154 ἐγχειρήσεως
3001 3077 3084 3149 ἦν,
3125 3077 3248 3133 οὐδε
3311 3080 3446 3152 λόγῳ
3495 3075 3704 3154 ῥᾴδιον,
3757 3079 3848 3130 ὅσοι

2277 3177 2366 3224 καὶ
2423 3172 2524 3223 οἷοι
2579 3174 2715 3223 κατὰ
2759 3171 2931 3231 πάσας
2983 3166 3183 3241 σχεδὸν
3231 3173 3322 3222 καὶ
3373 3167 3546 3230 πόλεις
3586 3172 3674 3220 καὶ
3697 3173 3850 3241 χώρας

2276 3267 2512 3333 Χριστοῦ
2577 3262 2832 3335 μάρτυρες
2908 3255 3314 3330 ἁνεδείχθησαν.
3393 3256 3735 3330 Ἀπανταχοῠ
3777 3275 3848 3328 μιν

2276 3347 2364 3403 οὖν
2431 3354 2676 3426 πρότερον
2745 3349 3034 3422 γράμματα
3109 3343 3349 3420 διεφοίτα
3424 3343 3681 3420 βασιλικὰ
3754 3349 3848 3404 νεὼς

2276 3443 2366 3513 μὲν
2409 3439 2481 3502 εἰς
2535 3435 2723 3512 ἔδαφος
2773 3436 3131 3503 καταϐάλλειν,
3189 3439 3391 3510 Γραφὰς
3445 3432 3506 3488 δε
3565 3437 3702 3497 θείας
3747 3431 3848 3504 ἄφα-

2275 3537 2376 3591 νείς
2429 3533 2558 3602 πυρὶ
2614 3529 2870 3598 καθιστᾷν
2902 3543 2916 3558 ·
2971 3529 3092 3588 τοὺς
3141 3523 3246 3578 δ’ἒν
3275 3531 3450 3597 τιμαῖς
3503 3524 3554 3576 ἐν
3605 3523 3767 3596 ἀτίμῳ
3791 3519 3848 3575 εἶ-

2274 3639 2378 3683 ναι,
2451 3622 2542 3670 καὶ
2609 3621 2730 3679 τοὺς
2789 3617 2994 3676 οἰκέτας
3051 3615 3421 3688 ἐξομνυμένους
3485 3613 3744 3687 ἐλευθερίᾳ
3787 3631 3846 3663 τι-

2275 3713 2398 3780 μᾷν.
2427 3714 2660 3761 Τοιαῦτα
2683 3709 2772 3778 μεν
2811 3709 2842 3765 ἡ
2876 3710 3056 3780 πρώτη
3095 3711 3330 3779 περιεῖχε
3365 3707 3542 3778 γραφή
3589 3719 3603 3734 ·
3655 3702 3711 3756 οὗ
3736 3703 3842 3753 πάνυ

2277 3794 2336 3850 δι
2402 3793 2676 3866 διαλιπὼν,
2743 3799 2830 3848 καὶ
2903 3791 3124 3868 δέυτερα
3183 3795 3478 3865 κατέπεμπε
3563 3793 3844 3865 γράμματα,

2275 3889 2396 3948 τοὺς
2448 3893 2548 3938 τῶν
2595 3884 2883 3942 ἐκκλησιῶν
2930 3885 3204 3956 ἡγεμόνας,
3259 3883 3361 3940 ὅπη
3419 3883 3547 3934 ποτε
3602 3889 3700 3954 γῆς
3749 3875 3840 3941 εἷεν,

2275 3972 2493 4048 δεσμοῖς
2547 3973 2950 4046 περιϐάλλεσθαι
2981 3991 2994 4006 ’
3039 3969 3128 4026 εἶτ’
3185 3970 3416 4044 ἀνάγκην
3484 3973 3572 4024 ὅτι
3630 3970 3844 4024 πλείστην

2274 4063 2498 4137 ὶπάγειν,
2531 4068 2622 4116 καὶ
2649 4060 2900 4136 δαίμοσιν
2925 4060 3172 4116 ἐπιθύειν.

509 4151 590 4209 lia
615 4151 808 4207 edicta
829 4151 928 4224 (2),
956 4157 1019 4207 ut
1033 4151 1253 4223 templa
1279 4151 1405 4208 solo
1417 4157 1819 4224 aequarentur,
1833 4153 2048 4209 divinae
2076 4154 2393 4228 Scripturaa
2407 4152 2588 4226 444
2602 4153 3115 4216 comburerentur,
3133 4149 3526 4222 magistratus
3538 4153 3600 4206 et
3613 4148 3842 4206 honores

511 4245 780 4312 gerentes
813 4256 952 4296 cum
982 4241 1314 4312 ignominia
1347 4241 1406 4296 in
1439 4241 1710 4298 ordinem
1733 4241 2160 4312 redigerentur,
2189 4244 2342 4300 servi
2361 4241 2878 4300 Christianismum
2905 4239 3254 4311 abjurantes
3279 4239 3552 4295 libertate
3577 4237 3842 4295 donaren-

513 4336 627 4386 tur.
679 4335 869 4402 Atque
915 4331 1046 4386 haec
1075 4330 1320 4403 quidem
1375 4331 1570 4402 prima
1623 4331 1846 4403 scripta
1871 4331 2422 4404 complectebantnr
2455 4347 2470 4386 :
2499 4329 2718 4387 deinde
2766 4344 2907 4386 vero
2957 4343 3147 4400 parvo
3199 4325 3514 4384 intervallo
3572 4327 3690 4384 alia
3729 4327 3842 4381 sunt

511 4419 706 4476 edicta
735 4420 1064 4492 proposita,
1097 4418 1320 4492 quibus
1344 4419 1776 4492 imperabatur,
1809 4425 1872 4476 ut
1893 4420 2282 4479 ecclesiarum
2307 4419 2622 4494 praesides,
2657 4419 3001 4491 ubicunque
3030 4416 3302 4474 locorum
3331 4421 3554 4485 essent,
3585 4415 3844 4473 vinciren-

511 4516 606 4564 tur
645 4525 659 4565 :
721 4515 901 4582 utque
947 4508 1196 4576 eisdem,
1245 4509 1708 4582 quibuscunque
1757 4509 1886 4566 ﬁeri
1939 4515 2137 4582 posset
2191 4511 2409 4583 modis,
2451 4509 2774 4568 necessita
2826 4506 3208 4566 daemonibus
3261 4505 3644 4565 sacriﬁcandi
3681 4506 3841 4578 impo-

513 4603 775 4658 neretur.

1153 4725 1381 4783 CAPUT
1419 4724 1510 4785 IV.

2901 4725 3144 4777 ΚΕΦΑΛ.
3189 4717 3260 4776 Δ’.

516 4835 595 4892 De
624 4833 884 4892 moribus
911 4839 1279 4894 sanctorum.
1307 4835 1411 4906 qui
1434 4833 1497 4889 in
1521 4847 1589 4892 ea
1613 4834 2021 4903 persecutione
2037 4833 2168 4905 for-

1052 4907 1189 4962 titer
1218 4907 1624 4963 decertarunt.

583 5013 670 5070 Ibi
699 5017 824 5069 tum
853 5012 1054 5069 videre
1079 5017 1225 5078 erat,
1259 5012 1482 5069 multos
1507 5028 1580 5069 ex
1605 5027 1675 5069 eo
1705 5027 1957 5069 numero
1980 5012 2166 5070 incre-

511 5103 724 5161 dibiles
747 5107 1182 5159 tormentorum
1213 5103 1511 5158 cruciatus
1533 5103 2014 5158 constantissime
2035 5117 2165 5174 per-

511 5195 683 5254 ferre.
716 5195 891 5249 Erant
921 5193 1098 5248 etiam
1128 5191 1232 5264 qui
1287 5191 1630 5248 animorum
1665 5192 1972 5264 torpedine
2003 5191 2163 5248 inﬁr-

509 5299 730 5354 mores,
785 5283 862 5339 ad
899 5281 1160 5354 primum
1203 5281 1480 5339 cederent
1531 5286 1835 5338 terrorem.
1879 5283 1944 5338 Et
1997 5282 2162 5338 varia

510 5390 657 5431 sane
689 5389 999 5445 pmnarnm
1043 5371 1538 5444 proponebantur
1567 5387 1807 5444 genera.
1845 5371 1948 5427 Hic
2000 5371 2158 5428 enim

614 5511 664 5577 l)
692 5507 778 5564 Al.
807 5505 1312 5566 Maximinianum
1345 5509 1580 5564 vocant.

583 5509 664 5650 {2)
693 5583 761 5638 Ut
783 5581 898 5639 hoc
923 5579 1137 5638 eodem
1162 5584 1431 5650 tempore
1459 5577 1580 5636 ferii

2278 4835 2428 4907 Περὶ
2467 4837 2577 4886 τοῦ
2615 4833 2854 4906 τρόπου
2890 4836 3006 4882 τῶν
3046 4829 3212 4907 κατὰ
3247 4829 3352 4880 τὸν
3392 4823 3682 4900 διωγμὸν
3711 4825 3842 4898 ἀγω-

2880 4904 3280 4974 νισαμένων.

2344 5017 2644 5071 Τηνικαῦτα
2687 5006 2749 5068 ἧν
2811 5003 2938 5062 ἰδεῖν
2996 5007 3216 5070 πολλοὺς
3277 5014 3376 5060 τῶν
3427 5008 3674 5060 τοιούτων
3735 5003 3836 5076 ἀρύ-

2276 5103 2427 5162 θητόν
2479 5121 2596 5153 τινα
2653 5097 2892 5172 βασάνων
2935 5105 3116 5170 πεῖραν
3182 5104 3439 5172 καρτερῶς
3493 5091 3830 5170 διαφέροντας.

2271 5191 2292 5212 ’
2323 5199 2466 5246 Ησαν
2498 5187 2557 5243 δι
2601 5189 2651 5242 οἱ
2697 5187 2799 5242 κὰκ
2851 5192 3056 5261 πρώτης
3100 5187 3260 5260 νάρκη
3306 5185 3491 5258 ψυχῆς
3541 5185 3834 5244 ἀσθενήσαν-

2271 5299 2372 5344 τες,
2417 5282 2743 5352 ὑπεχώρουν,
2786 5279 3016 5350 Διάφορα
3053 5273 3113 5329 δὲ
3149 5276 3506 5348 κολαστηρίων
3547 5272 3660 5334 εἴδη
3707 5269 3834 5348 apo-5o

2271 5367 2536 5436 ϐέϐληντο,
2592 5367 2652 5422 ⁸0
2691 5371 2782 5440 μὲν
2817 5370 2918 5442 γὰρ
2975 5369 3240 5441 μάστιγας
3293 5365 3410 5420 καθ’
3463 5366 3582 5420 ὅλου
3625 5371 3714 5420 τοῦ
3755 5365 3832 5416 σώο

608 5573 664 5653 2)
693 5583 761 5638 Ut
783 5581 898 5639 hoc
923 5579 1137 5638 eodem
1162 5584 1431 5652 tempore
1459 5577 1618 5636 feriis
1643 5577 2028 5637 Paschalibus
2053 5577 2275 5654 ubique
2295 5576 2482 5646 ﬁeret,
2508 5575 2846 5635 institutum
2878 5574 3355 5650 mandatumque
3379 5573 3593 5633 fuerat.
