4020 6218
138 297 285 352 1213

1211 295 1781 354 ECCLESIASTICE
1821 295 2184 352 HISTORUE
2223 296 2358 354 LIB.
2401 298 2514 354 VII.

3366 298 3506 354 12M

129 442 299 493 ματος
323 425 492 496 ἔφερεν
525 440 538 456 ο
572 424 598 474 ὁ
648 421 697 476 δ’
755 421 1111 498 ἐστρεϐλοῦτο,
1165 429 1253 477 καὶ
1289 433 1399 487 τοῖς
1428 425 1638 497 ξεσμοῖς
1687 427 1716 476 ἐι

1845 422 2087 494 ﬂagella
2103 439 2350 496 corpore
2366 429 2488 482 tota
2517 425 2874 498 perferebat,
2898 426 2991 482 ille
3022 431 3222 482 autem
3255 426 3504 483 constri-

130 509 299 583 βάθος
348 508 626 570 διήκουσιν
678 517 958 587 ἐκαρτέρει.
1012 515 1092 566 Ἐν
1131 515 1208 575 οἷς
1257 511 1391 572 ἦσαν
1447 516 1496 566 οἰ
1539 518 1629 566 καὶ
1677 521 1735 565 τό

125 609 223 653 τοῦ
279 600 400 674 βίου
431 607 592 677 πέρας
643 602 946 675 ἐλάμϐανον.
980 603 1160 656 ’Ἄλλοι
1210 600 1260 655 δ’
1317 604 1482 664 ἄλλως
1539 600 1736 674 διηγω-

126 694 354 754 νίζοντο.
410 691 468 743 Ὀ
515 695 604 762 μὲν
658 697 758 767 γάρ
832 712 912 753 τις
991 691 1088 764 βίᾲ
1151 695 1554 764 συνωθούμενος,
1622 699 1736 754 ταῖς

126 778 374 852 ἀνάγνοις
437 783 644 842 θυσίαις
711 787 1024 856 προσήγετο,
1104 788 1193 833 καὶ
1266 787 1337 853 μή
1413 784 1594 846 θύσας,
1670 783 1736 840 ὡς

125 871 358 929 τεθυκὼς
399 869 695 927 ἀπήλλακτο
730 891 743 904 ·
785 870 936 932 ἄλλος
975 867 1113 942 μηδὲ
1169 873 1235 923 τά
1285 870 1437 942 ἐναγῆ
1480 866 1730 936 κατιδὼν,

125 963 283 1030 μόνον
338 960 419 1011 ὅτι
461 959 614 1020 ἄλλος
666 963 838 1031 εἴρηκε
888 962 1176 1025 τεθυκέναί,
1239 968 1362 1032 σιγῇ
1415 963 1510 1018 τὴν
1575 978 1735 1011 συκο-

126 1052 344 1119 φαντίαν
408 1053 568 1122 φέρων
617 1047 774 1121 ἀπῄει
803 1067 815 1078 ⁶
869 1046 970 1102 ὅδ’
1016 1048 1250 1122 ἀπαίρων
1309 1052 1406 1116 ἔτι,
1445 1052 1512 1111 ὡς
1558 1051 1735 1105 τεθνη-

122 1142 231 1198 κὼς
283 1140 554 1190 παντάπαν
595 1136 886 1212 ἐρῥίπτετο’
943 1138 1087 1191 ἄλλοι
1128 1135 1178 1191 δ’
1235 1141 1421 1190 ἐκεῖνον
1477 1145 1585 1189 τοῖν
1641 1157 1734 1190 πο-

125 1223 238 1278 δεῖν
295 1229 553 1298 σύροντες,
611 1227 799 1295 εἷλκον,
840 1230 905 1287 ὡς
949 1226 1183 1279 κάκεῖνον
1241 1225 1731 1300 συμπαραλαϐόντες

123 1322 241 1376 τοῖς
283 1317 530 1386 θύμασιν.
591 1315 774 1378 Ἄλλος
835 1321 968 1387 μέγα
1012 1317 1238 1391 κράζων,
1322 1321 1415 1374 τὴν
1475 1335 1728 1388 συκοφαν-

121 1409 242 1456 τίαν
295 1403 613 1478 ἀπετρίϐετο,
670 1409 741 1476 μή
809 1407 968 1457 θῦσαι
1027 1402 1430 1475 διατεινόμενος,
1495 1404 1590 1475 ’Τῷ
1648 1402 1726 1473 δε,

123 1496 447 1567 Χριστιανός
489 1494 614 1565 εἰμι,
657 1498 790 1565 μέγα
848 1493 998 1566 βοᾷν,
1035 1500 1228 1565 κόσμος
1261 1496 1344 1553 ἦν.
1397 1494 1605 1560 ”Λλλος,
1639 1497 1726 1559 ὡς,

121 1583 184 1634 ού
248 1585 465 1647 θύσειεν,
517 1579 642 1636 ούδέ
690 1603 750 1654 γε
801 1585 974 1636 θύσειν
1025 1590 1226 1636 πώποτε
1281 1583 1503 1658 στερρῶς
1547 1580 1729 1636 διετείο

123 1689 253 1724 νετο.
289 1672 428 1726 ’Λλλ’
467 1669 590 1725 οὐδὲ
627 1673 771 1725 οὗτοι
811 1671 1080 1745 ἀπείρατοι
1122 1671 1300 1726 δεινῶν
1351 1671 1484 1731 ἦσαν
1514 1691 1526 1703 ’
1577 1693 1727 1745 στρα-

1846 519 1975 568 ctus
2004 513 2413 585 torquebatur,
2443 519 2498 570 et
2529 517 2784 585 ungulas
2816 516 2929 572 alte
2955 522 3330 588 penetrantes
3363 515 3504 571 tole-

1844 601 2145 658 rabat.Cui
2169 603 2462 675 supplicio
2493 605 2743 678 quidam
2765 606 2942 663 etiam
2981 606 3500 670 immoriebantur,

1846 697 1901 746 et
1931 692 2027 747 alii
2058 693 2225 748 aliter
2254 708 2389 747 cum
2415 694 2775 750 cruciatibus
2797 694 3200 750 luctabantur.
3244 695 3500 760 Quidam

1844 782 2021 835 etiam
2044 797 2148 852 per
2171 782 2515 838 violentiam
2537 786 2838 855 protracti,
2868 790 2923 840 et
2954 785 3028 839 ad
3062 785 3300 856 impura
3325 784 3503 839 sacri-

1842 868 1980 924 ﬁcia
2023 869 2285 932 adducti,
2340 886 2477 926 cum
2523 888 2640 927 uon
2672 871 3123 936 sacriﬁcassent,
3159 872 3264 928 sed
3301 877 3500 927 tamen

1843 958 2022 1014 veluti
2056 960 2510 1024 sacriﬁcassent,
2543 960 2712 1015 liberi
2742 961 3212 1016 dimittebantur.
3242 961 3504 1017 Invenie-

1843 1046 2062 1102 bantur
2083 1063 2347 1119 quoque,
2374 1050 2474 1120 qui
2491 1051 2861 1106 exsecranda
2881 1067 3050 1106 sacra
3065 1065 3137 1105 ne
3156 1051 3502 1122 conspexis-

1843 1144 1970 1191 sent
1999 1137 2240 1209 quidem
2266 1139 2399 1193 :sed
2422 1138 2587 1211 quod
2603 1139 2681 1194 ab
2721 1139 2854 1194 aliis
2887 1139 3393 1210 sacrificassejam
3416 1139 3503 1194 di-

1842 1232 2131 1291 cerentur,
2159 1227 2389 1282 silentio
2412 1227 2684 1283 fraudem
2743 1244 2879 1284 eam
2927 1235 2982 1283 et
3040 1228 3500 1301 sycophantiam

1841 1320 2103 1384 tegentes
2119 1316 2623 1388 abibant.Aliquis
2641 1317 2837 1373 adhuc
2851 1319 3086 1389 spirans
3103 1317 3500 1373 etdecedens-

1840 1408 2130 1475 tanquam
2151 1405 2278 1475 jam
2311 1411 2579 1461 mortuus
2613 1409 2864 1462 omnino
2899 1406 3326 1479 projiciebatur
3355 1423 3366 1462 :
3411 1412 3498 1462 at-

1839 1508 1956 1564 que
1982 1509 2118 1548 cum
2138 1494 2334 1565 ipsum
2363 1495 2456 1550 alii
2481 1495 2736 1566 pedibus
2764 1494 3290 1566 tractum,perinde
3317 1501 3498 1566 atque

1840 1597 1976 1636 cum
2008 1583 2136 1638 aliis
2168 1585 2639 1639 sacriﬁcaturum
2671 1585 3092 1656 corripiebant.
3126 1585 3351 1656 Aliquis
3375 1600 3501 1639 rur-

1840 1687 1973 1727 sum
1988 1673 2210 1740 ingenti
2232 1672 2493 1729 clamore
2514 1673 2871 1740 vociferans,
2903 1673 3232 1746 dolumque
3253 1681 3308 1728 et
3327 1688 3500 1745 syco-

116 1769 334 1834 τιωτικῇ
372 1757 429 1814 δί
477 1767 621 1835 χειρὶ
669 1765 801 1815 κατά
853 1769 1024 1834 στόμα
1059 1767 1351 1834 παιόμενοι,
1385 1763 1488 1826 πύξ
1526 1782 1580 1815 τε
1633 1783 1716 1815 πα·

1839 1761 2149 1833 phantiam
2181 1780 2216 1818 ιι
2274 1779 2334 1818 se
2385 1763 2695 1834 amoliens,
2735 1767 2980 1820 minime
3024 1781 3085 1820 se
3132 1764 3498 1819 sacrificasse

117 1857 283 1924 ρειαῖς
335 1856 424 1903 καὶ
489 1856 748 1925 πρόσωπα
803 1855 1150 1924 ἐντεινόμενοι,
1219 1852 1552 1915 ἐξηλαύνοντο
1619 1855 1724 1904 ἐπι-

117 1943 422 2011 τρεπόμενοι
465 1944 559 1998 τὴν
611 1946 786 2011 σιγήν.
843 1941 1024 2002 Οὕτως
1076 1941 1134 1993 ού
1192 1946 1345 2012 μόνον
1392 1945 1450 1992 τὸ
1506 1941 1724 2013 πρᾶξαι,

121 2026 253 2080 ἀλλά
305 2033 363 2080 τὸ
415 2025 567 2092 δόξαι
621 2028 810 2081 ἀνυσαι
861 2036 980 2104 περὶ
1034 2030 1276 2082 πλείστου
1343 2034 1623 2088 πεποίηντο
1679 2032 1726 2082 οἱ

116 2115 417 2192 ἀλάστορες,
483 2118 622 2172 ’Λλλ’
706 2119 764 2170 οὐ
818 2122 954 2171 κατά
1011 2128 1108 2171 τῶν
1168 2118 1371 2178 ἀληθῶν
1437 2128 1532 2180 τῆς
1585 2119 1725 2172 εύσε-

118 2204 266 2266 ϐείας
306 2205 604 2276 ἀγωνιστῶν
645 2212 826 2280 χώραν
870 2206 982 2279 εἶχε
1034 2215 1203 2259 ταῦτα
1243 2213 1335 2259 καὶ
1381 2206 1678 2282 παρρησίαν
1706 2225 1719 2239 ·

113 2295 184 2344 ὧν
242 2299 337 2354 τήν
391 2295 576 2366 ἀκριϐῆ
639 2299 773 2348 κατά
828 2300 978 2372 μέρος
1027 2293 1276 2368 διήγησιν
1332 2305 1480 2359 ποῖος
1531 2298 1590 2348 οἷν
1635 2296 1725 2371 ἀρ-

113 2404 276 2436 κασοι
301 2404 405 2457 παρ
415 2391 562 2456 ιστᾴν
591 2385 743 2457 λόγος
759 2404 772 2450 ς

1838 1849 2138 1907 afﬁrmare
2162 1853 2597 1923 perseverabat.
2641 1854 2916 1910 Nonnulli
2957 1859 3312 1909 ornamento
3350 1858 3494 1920 erat,

1836 1941 1994 2012 quod
2013 1941 2411 1998 Christianum
2429 1959 2489 1997 se
2513 1959 2640 1999 esse
2667 1943 3000 1998 acclamare
3014 1943 3319 2014 pergebat.
3335 1942 3498 1998 Alius

1835 2045 1897 2083 se
1932 2045 2126 2101 neque
2157 2031 2548 2097 sacriﬁcasse,
2582 2048 2776 2104 neque
2825 2048 3092 2104 unquam
3131 2032 3494 2087 sacriﬁcatu-

1835 2132 1968 2174 rum
2009 2135 2159 2185 esse,
2209 2126 2550 2177 constanter
2589 2121 3008 2177 contendebat.
3043 2123 3258 2176 Verum
3307 2137 3380 2176 ne
3411 2121 3496 2176 illi

1834 2208 2079 2278 quidem
2114 2208 2412 2266 malorum
2441 2218 2712 2281 expertes
2742 2217 2910 2266 erant
2938 2227 2950 2264 :
2982 2210 3196 2266 milites
3218 2209 3495 2281 enimjpu-

1835 2297 1966 2366 gnis
1995 2313 2083 2364 os,
2138 2298 2411 2353 maxillas
2462 2305 2518 2354 et
2567 2299 2746 2355 facies
2804 2315 3012 2356 eorum
3049 2299 3491 2364 diverbeantes,

1836 2385 2175 2457 pulsabant,
2206 2390 2385 2459 atque
2400 2404 2502 2443 eos
2527 2389 2696 2444 silere
2714 2389 2916 2458 jussos
2937 2387 3494 2460 repellebant.Adeo

112 2489 236 2528 non
272 2475 464 2528 solum
499 2476 543 2528 si
575 2476 738 2547 quod
766 2474 1048 2531 volebant
1079 2475 1488 2547 perfecissent,
1519 2474 1626 2530 sed
1656 2475 1889 2531 etiamsi
1917 2474 1976 2529 id
2019 2475 2336 2546 perfecisse
2378 2477 2937 2548 viderentur,pestes
2967 2477 3081 2532 illas
3113 2477 3352 2548 plurimi
3376 2476 3493 2532 du-

113 2563 475 2619 cebant.Sed
502 2564 629 2619 haec
659 2565 953 2620 adversus
1003 2581 1177 2620 veros
1208 2569 1264 2620 et
1312 2580 1634 2633 germanos
1688 2564 1922 2636 pietatis
1983 2575 2462 2636 propugnatores
2495 2573 2673 2638 atque
2699 2568 3098 2622 decertatores
3130 2567 3325 2622 locum
3369 2581 3491 2621 non

107 2651 420 2707 habebant
455 2669 466 2706 :
509 2668 767 2724 quorum
791 2655 1140 2710 constantiae
1167 2660 1222 2709 et
1249 2653 1612 2710 fortitudinis
1667 2661 2010 2710 accuratam
2063 2655 2429 2727 plenamque
2471 2655 3107 2712 commemorationem
3159 2655 3323 2712 nulla
3353 2671 3490 2727 pro-

111 2741 269 2797 fecto
295 2747 488 2813 potest
528 2743 771 2815 exsequi
804 2743 1012 2798 oratio.

750 2861 991 2913 ΚΕΦΑΛ.
1022 2858 1096 2912 Ε’.

123 2949 271 3022 Περὶ
330 2949 573 3022 τοῦ-τὸ
633 2943 949 3022 δυσσεϐὲς
1005 2952 1397 3022 πρόσταγμα
1455 2944 1718 3022 διαῤῥή-

188 3019 418 3092 ξαντος
456 3017 971 3092 ἐνῗΝικομηδείᾳ,
1007 3017 1114 3072 καὶ
1153 3017 1283 3072 τῶν
1311 3017 1429 3072 ἀπὸ
1469 3017 1584 3083 τῆς
1612 3017 1716 3092 βα-

188 3091 450 3153 σιλικῆς
490 3091 703 3153 οἰκίας
740 3091 1323 3165 μαρτυρησάντων.

186 3204 399 3272 Πρῶτος
454 3203 622 3252 τοίνυν
662 3207 758 3251 τῶν
816 3197 1086 3270 ἐπισήμων
1136 3199 1263 3273 ἀνήρ
1323 3217 1418 3261 τις,
1468 3203 1558 3251 καὶ
1615 3205 1716 3251 τῶν

106 3287 458 3359 νομιζομένων
537 3291 586 3340 ἓν
667 3291 1049 3360 ὕπερεχούσαις
1124 3287 1317 3362 ἀρχαῖς
1401 3283 1712 3361 διαπρέψαι,

95 3376 227 3448 κρῖμα
272 3385 344 3446 τῷ
402 3381 495 3434 τὴν
547 3381 753 3448 γραφήν
814 3380 949 3428 κατά
995 3384 1086 3436 τῆς
1138 3376 1399 3438 εὐσεϐείας
1459 3376 1713 3449 ἀναγινώ-

109 3467 336 3518 σκεσθαι
382 3468 517 3518 κατά
570 3463 952 3537 Νικομήδειαν,
1001 3465 1140 3537 ζήλῳ
1194 3469 1309 3538 θείῳ
1339 3467 1580 3541 ῥωσθεὶς,
1625 3473 1712 3522 καὶ

105 3560 196 3613 τήν
253 3551 474 3627 καρδίαν
522 3555 894 3630 πυρποληθεὶς,
957 3558 1027 3616 ὡς
1079 3558 1234 3626 ἐναγῆ
1295 3575 1348 3608 τε
1398 3561 1486 3608 καὶ
1535 3557 1709 3628 ἐξάγι-

110 3648 238 3697 στόν
291 3647 373 3697 ἐπὶ
432 3648 594 3714 μέσου
651 3641 718 3702 δὴ
768 3649 1108 3717 προκειμένην
1165 3644 1354 3713 λαϐὼν,
1417 3645 1490 3707 εἰς
1553 3646 1711 3699 λεπτά

106 3731 143 3786 δ
150 3738 397 3804 ιατέμνων
428 3733 720 3807 ἐσπαραττε
751 3753 764 3766 ο
821 3739 910 3786 καὶ
948 3742 1114 3786 ταῦτα
1153 3739 1242 3786 καὶ
1276 3743 1376 3786 τῶν
1422 3732 1519 3787 δύο
1551 3733 1708 3808 βασι-

103 3823 232 3876 λέων
276 3833 338 3895 τῇ
388 3823 530 3876 πόλει
589 3819 1001 3894 ἐπιδημούντων.
1047 3830 1212 3875 Τοῦτο
1271 3827 1434 3874 τοίννν
1481 3819 1706 3896 δράσας,

104 3918 198 3966 καὶ
249 3915 318 3974 ὡς
355 3913 438 3966 ἐπὶ
468 3917 699 3985 μεγίστῳ
731 3913 1046 3984 τολμήματι,
1099 3909 1183 3963 οἷα
1211 3912 1271 3970 ἦν
1312 3911 1466 3974 εἰκός,
1507 3915 1704 3980 παθὼν,

105 4003 243 4075 ἄχρι
281 3998 348 4060 δή
386 4008 475 4054 καὶ
523 4001 594 4063 εἰς
632 4004 862 4073 ἔσχατον
898 4007 1158 4061 αναπνοῆς
1198 4003 1256 4052 τὸ
1303 4008 1531 4072 γενναῖον
1571 4008 1708 4076 πρώ-

104 4111 204 4151 τως
255 4096 340 4143 καὶ
389 4094 688 4164 καρτερικὸν
747 4093 795 4142 ἔν
843 4110 895 4142 τε
948 4089 1220 4164 παρρησία
1265 4095 1355 4142 καὶ
1406 4090 1572 4142 ἄθλων
1623 4090 1708 4142 ἀλ·

2385 2860 2563 2934 445
2602 2862 2828 2918 CAPUT
2866 2862 2931 2916 v.

1829 2947 1910 3004 De
1939 2963 2002 3022 eo
2023 2949 2503 3022 Christiano,qui
2525 2951 2884 3008 Nicomediae
2900 2950 3142 3022 impium
3172 2951 3490 3020 imperato-

1901 3020 1984 3075 ris
2013 3021 2262 3079 edictum
2293 3020 2624 3093 concerpsit
2646 3041 2662 3076 :
2684 3031 2737 3078 et
2764 3022 2836 3078 de
2865 3025 2943 3079 eis
2967 3020 3071 3093 ᾆαί
3099 3023 3486 3091 exipsiusim-

1898 3094 2192 3161 peratoris
2213 3095 2354 3150 aula
2384 3094 2676 3165 martyrio
2708 3102 2844 3150 sunt
2866 3095 3198 3165 perfuncti.

1900 3202 1979 3255 Ex
2006 3201 2430 3258 celebrioribus
2463 3202 2600 3257 viris
2631 3201 3153 3273 quidam,magnis
3170 3201 3490 3258 defunctus

1825 3289 2181 3358 honoribus,
2201 3290 2296 3346 ubi
2321 3291 2669 3347 Nicomediae
2693 3290 2951 3347 edictum
2970 3300 3178 3347 contra
3206 3291 3489 3363 pietatem

1828 3377 1940 3449 legi
1981 3380 2268 3446 audisset,
2320 3380 2534 3436 ardore
2592 3380 2796 3437 divino
2849 3381 3264 3446 conﬁrmatus,
3307 3387 3488 3452 atque

1825 3468 2204 3525 aemulatione
2222 3470 2560 3525 vehementi
2583 3471 2641 3524 in
2659 3471 2865 3525 animo
2889 3486 2998 3524 suo
3026 3471 3326 3535 incensus,
3347 3469 3486 3524 scri-

1824 3563 1991 3630 ptum
2026 3557 2106 3622 id,
2133 3565 2194 3613 ut
2219 3558 2416 3614 dirum
2447 3563 2503 3614 et
2538 3559 2996 3623 exsecrandum,
3032 3557 3205 3612 sicuti
3249 3557 3485 3628 publice

1824 3648 2199 3718 propositum
2254 3654 2396 3717 erat,
2435 3648 2704 3719 arripuit,
2734 3653 2914 3718 atque
2959 3648 3018 3701 in
3039 3647 3483 3703 minutissimas

1823 3741 2023 3805 partes
2053 3736 2360 3799 conscidit,
2394 3751 2531 3790 eum
2582 3735 2826 3806 quidem
2859 3751 2930 3790 ea
2956 3735 3015 3789 in
3063 3733 3207 3789 urbe
3235 3740 3482 3806 uterque

1823 3822 2136 3895 imperator
2163 3824 2556 3889 adesset.Quo
2583 3825 2911 3879 commisso
2944 3823 3481 3894 facinore,perinde

1823 3913 2073 3984 atquein
2088 3912 2497 3968 audacissimo
2511 3919 2690 3985 atque
2706 3913 2972 3967 maximo
2985 3912 3481 3981 crimine,gravis-

1822 4003 2006 4057 simas
2025 4001 2233 4073 quales
2260 4001 2570 4057 verisimile
2593 4007 2716 4057 erat
2743 4017 2882 4057 eum
2911 4000 3252 4056 subiturum
3272 4016 3481 4072 pcenas

1820 4091 2289 4163 pendens(t),ad
2315 4098 2636 4147 extremum
2654 4107 2842 4162 usque
2858 4091 3065 4163 spiritu
3076 4090 3479 4162 m,propalam

105 4180 341 4241 λοκότοις
393 4183 659 4254 ίπιφοραῖς
733 4180 980 4252 λαμπρῶς
1034 4175 1357 4239 ἀνεδείζατο.
1415 4182 1560 4232 Μετά
1649 4177 1708 4233 δὲ

1831 4183 1878 4236 in
1905 4181 2157 4235 summis
2185 4180 2785 4253 exquisitissimisque
2812 4181 3183 4237 cruciatuum
3224 4187 3481 4237 tormen-

102 4278 285 4323 τοῦτον
329 4272 378 4322 οἱ
417 4273 552 4322 κατὰ
593 4273 713 4331 τοὺς
757 4267 1059 4342 βασιλικούς
1107 4271 1302 4334 οἴκους,
1345 4271 1394 4320 οἱ
1441 4274 1557 4343 περὶ
1614 4274 1706 4322 Πέ-

100 4380 224 4433 τρον
274 4364 405 4432 φημὶ
457 4364 548 4411 καὶ
601 4361 877 4434 Δωρόθεον,
929 4355 1226 4429 Μυγδόνιόν
1273 4377 1326 4410 τε
1376 4363 1461 4410 καὶ
1522 4365 1709 4432 Γοργό-

98 4469 228 4516 νιον,
277 4457 377 4501 τῶν
438 4454 645 4502 πώποτε
700 4451 1152 4520 μνημονευομένων
1200 4449 1249 4499 ἓν
1302 4466 1355 4499 τε
1422 4445 1708 4520 βαρϐάροις

95 4545 191 4591 καὶ
246 4537 488 4596 Ἕλλησιν
541 4537 618 4590 ἐπ’
672 4534 865 4611 ἀνδρίᾳ
911 4538 1156 4609 γεγόνασι
1207 4533 1502 4595 διαϐόητοι.
1547 4538 1707 4601 Δόξης

94 4630 202 4701 γὰρ
258 4627 548 4700 ἀρκούντως
588 4633 693 4686 τοῖς
748 4623 1030 4688 δεσπόταις
1081 4625 1375 4698 ἠξιωμένοι,
1429 4629 1492 4686 ὡς
1539 4623 1706 4698 μηδὲν

93 4714 265 4770 ἐνδεῖν
323 4725 420 4769 τῶν
467 4720 697 4787 γνησίων
744 4712 948 4768 παίδων
985 4717 1106 4768 ὅσον
1149 4719 1214 4768 τά
1262 4715 1310 4776 ἐς
1351 4712 1610 4783 διάθεσιν,
1658 4715 1705 4768 έν

91 4803 274 4859 οὐδενὶ
304 4814 466 4858 ταῦτα
504 4811 594 4858 καὶ
633 4809 725 4863 τὴν
769 4805 925 4862 ἄλλην
983 4813 1073 4857 τοῦ
1116 4804 1237 4878 βίου
1289 4809 1484 4862 σκηνὴν
1541 4804 1708 4876 ἐλογί-

94 4910 302 4950 σαντο’
386 4899 455 4957 ὡς
501 4898 558 4947 τὸ
616 4896 740 4969 ὑπὲρ
796 4901 1032 4968 Χριστοῦ
1081 4897 1259 4947 παθεῖν
1340 4893 1565 4963 ἑλέσθαι,
1616 4900 1705 4948 καὶ

89 4990 230 5061 πρὸς
275 4988 342 5038 τά
397 4987 551 5037 καινά
607 4992 706 5037 τῶν
767 4982 1012 5056 βασάνων
1070 4989 1252 5042 καινήν
1305 4979 1704 5038 ἐπιδείκνυσθαι

88 5081 186 5128 καὶ
243 5079 336 5134 τήν
383 5076 699 5146 προθυμίαν.
747 5081 828 5134 Ὠς
878 5076 979 5147 γάρ
1035 5072 1271 5148 ἐφωράθη
1334 5078 1545 5147 Πέτρος,
1607 5073 1702 5126 εἷλ-

88 5184 212 5218 κετο
265 5161 360 5217 διὰ
407 5168 574 5236 μέσης
625 5172 716 5225 τῆς
771 5159 1143 5233 Νικομηδείας.
1202 5163 1344 5216 Ἐπεὶ
1403 5161 1452 5216 δ’
1504 5161 1704 5233 ἀπηγο-

86 5273 212 5330 ρευε
261 5257 420 5319 θύειν,
469 5256 664 5325 γυμνός
712 5255 985 5326 μετάρσιος
1043 5255 1262 5325 αἴρεται,
1325 5257 1414 5305 καὶ
1478 5251 1703 5323 ἀφειδῶς

87 5343 424 5406 κατεξαίνετο
455 5361 467 5374 ·
521 5346 606 5394 ἵνα
647 5341 740 5394 κᾶν
788 5344 924 5394 ἄκων
964 5340 1278 5408 ἐκϐιασθεὶς,
1329 5343 1356 5394 ὃ
1412 5341 1702 5416 ἀπηγόρευε

90 5432 363 5508 δράσειεν.
430 5440 505 5495 Ως
555 5429 612 5485 δὲ
669 5437 759 5485 καὶ
799 5435 873 5485 ἔτι
906 5430 1185 5484 ἀνθίστατο
1227 5435 1575 5506 γενναιότερον
1601 5439 1699 5482 τῶν

1821 4270 1912 4335 tis,
1962 4269 2217 4326 liberum
2275 4269 2440 4325 illum
2480 4286 2660 4342 quem
2721 4270 2886 4343 prius
2952 4269 3265 4336 habuerat,
3299 4285 3480 4340 gene—

1817 4375 2148 4432 rosumque
2171 4364 2226 4415 et
2251 4365 2624 4415 constantem
2651 4360 2924 4415 animum
2951 4359 3478 4429 magniﬁceosten-

1817 4449 1924 4504 dit.
1984 4448 2326 4505 Secundum
2375 4447 2556 4513 hunc,
2599 4449 3026 4520 imperatorum
3080 4448 3391 4504 domestici
3421 4452 3480 4504 et

1817 4537 2159 4604 familiares,
2188 4541 2409 4606 Petrus,
2445 4537 3164 4610 Dorotheus,Mygdonius
3183 4545 3238 4592 et
3261 4539 3479 4608 Gorgo-

1816 4627 1972 4692 nius,
2004 4628 2275 4682 omnium
2291 4627 2681 4699 quiunquam
2696 4628 2859 4698 apud
2891 4626 3128 4683 Graecos
3161 4632 3217 4682 et
3254 4627 3476 4682 Barba-

1814 4731 1912 4772 ros
1989 4715 2266 4771 celebrati
2341 4721 2498 4780 sunt,
2548 4715 2910 4772 fortitudinis
2976 4715 3153 4773 laude
3211 4715 3476 4772 maxime

1814 4808 2181 4876 praastantes,
2220 4820 2360 4860 cum
2409 4805 2652 4860 abunde
2694 4806 2882 4874 gratia
2931 4808 2988 4859 et
3039 4803 3474 4860 existimatione

1814 4894 1975 4965 apud
2002 4893 2177 4949 heros
2228 4910 2370 4950 suos
2424 4894 2508 4949 ita
2535 4893 2844 4965 pollerent,
2890 4899 2951 4948 ut
2981 4892 3090 4948 illis
3118 4909 3236 4948 non
3271 4892 3472 4950 minus

1812 5000 1998 5056 quam
2029 4983 2300 5055 germani
2328 4984 2429 5039 ﬁlii
2457 4984 2620 5040 chari
2662 4988 2878 5048 essent,
2911 4997 3021 5054 pro
3053 4982 3238 5038 nihilo
3269 4987 3470 5039 tamen

1813 5089 1885 5129 ea
1914 5073 2120 5129 omnia
2145 5073 2561 5146 reliquamque
2587 5073 2718 5128 vita:
2742 5071 2922 5143 hujus
2953 5087 3196 5127 scenam
3223 5070 3466 5139 duxere,

1813 5177 1936 5234 prte
1963 5179 2032 5218 eo
2059 5168 2123 5218 ut
2149 5179 2255 5233 pro
2289 5163 2516 5220 Christo
2547 5166 2907 5234 paterentur,
2933 5166 2987 5216 et
3017 5161 3097 5217 ad
3133 5177 3323 5218 novos
3346 5177 3472 5218 car-

1814 5251 2057 5307 niﬁcum
2073 5253 2369 5308 cruciatus
2389 5267 2609 5307 novam
2628 5249 2806 5306 etiam
2830 5251 3170 5307 animorum
3191 5249 3471 5307 afferrent

1814 5341 2351 5412 promptitudinem
2395 5346 2450 5397 et
2499 5339 2887 5396 alacritatem.
2947 5342 3149 5394 Petrus
3203 5355 3468 5411 namque

1816 5430 2422 5503 comprehensus,per
2435 5428 2676 5485 mediam
2688 5428 3080 5486 Nicomediam
3094 5433 3185 5485 est
3199 5432 3420 5485 tractus
3451 5445 3464 5486 :

167 5585 250 5658 (1)
280 5591 514 5639 Τοιαῦτα
534 5583 618 5639 οἷα
646 5588 737 5638 καὶ
767 5583 902 5646 εἰκός
931 5579 992 5643 ἦν
1013 5582 1313 5654 ὑπομείνας.
1346 5580 1558 5639 Euseb.
1586 5581 1689 5640 lib.

1831 5623 1843 5650 ,
1876 5598 2012 5656 cap.
2043 5587 2095 5638 5.
