4020 6218
557 263 695 320 1215

1908 262 2295 321 NICEPHORI
2333 263 2650 321 CALLISTI

3771 277 3862 335 1216

547 393 742 460 atque
771 387 876 444 ubi
899 388 1235 446 simulacris
1269 405 1443 446 sacra
1472 389 1686 446 offerre
1715 389 1924 454 renuit,
1947 389 2214 445 denuda-

2333 391 2524 443 ὀστέων
2593 385 3001 463 διαφαινομένων
3059 388 3167 451 ἢδη
3230 392 3396 465 αύτῷ,
3469 396 3584 459 ὄξος
3641 402 3726 450 σὺν
3765 402 3856 458 ita;

566 483 678 543 tus,
713 483 890 550 atque
921 478 980 534 in
1029 479 1286 535 sublime
1322 495 1676 550 suspensus,
1699 478 2106 535 crudelissime
2131 483 2220 535 est

563 569 996 634 diverberatus,
1053 573 1115 626 ut
1172 569 1262 624 vel
1311 569 1553 634 invitus,
1588 575 1643 626 et
1692 569 1867 625 tantis
1911 569 2222 624 tormentis

559 657 832 722 adactus,
862 659 1027 730 quod
1046 665 1456 724 recusaverat,
1491 658 1683 714 facere
1739 662 2070 726 cogeretur.
2105 657 2222 714 Sed

564 745 726 802 enim
757 762 896 802 cum
933 748 1108 802 etiam
1134 753 1258 802 tum
1290 747 1514 804 fortiter
1545 749 1602 802 in
1625 746 1916 803 sententia
1947 748 2217 820 persiste-

560 839 664 901 ret,
697 840 754 890 et
777 836 908 907 jam
935 851 1078 892 Ossa
1109 835 1436 906 ﬂagrorum
1469 835 1839 908 fustiumque
1862 837 2078 892 ictibus
2111 852 2217 892 nu-

561 923 704 980 data
735 933 1112 996 apparerent,
1147 925 1332 981 salem
1383 931 1552 981 aceto
1595 927 1836 980 mistum
1885 931 2134 982 tortores
2161 925 2218 980 in

564 1013 839 1069 membra
880 1013 1214 1070 difﬂuentia
1251 1014 1599 1070 infuderunt
1623 1021 1801 1086 atque
1831 1013 2210 1072 intriverunt.

565 1102 678 1159 Sed
710 1109 768 1159 et
811 1104 925 1160 hoc
971 1109 1334 1160 tormentum
1366 1121 1503 1160 cum
1547 1104 1640 1159 ille
1672 1111 2034 1175 superasset,
2067 1104 2222 1174 ignis

561 1195 656 1247 est
677 1198 1032 1257 constratus,
1065 1199 1122 1248 et
1153 1193 1438 1250 craticula
1473 1195 1660 1265 posita
1693 1209 1909 1264 :super
1941 1193 2098 1250 hanc
2127 1193 2222 1249 ille

563 1279 886 1336 collocatus
923 1297 936 1336 :
973 1282 1056 1336 sic
1075 1298 1284 1338 carnes
1301 1283 1506 1354 ipsius,
1532 1282 1786 1338 aliarum
1814 1281 2076 1338 edulium
2097 1299 2222 1338 car-

561 1370 730 1425 nium
757 1369 963 1435 instar,
992 1371 1282 1442 paulatim
1315 1371 1433 1442 igni
1469 1377 1634 1428 tostae
1656 1377 1833 1443 atque
1862 1371 2026 1428 frixee
2049 1377 2212 1428 sunt.

563 1462 628 1514 Et
647 1458 958 1516 carniﬁces
979 1476 1098 1516 non
1131 1463 1295 1533 prius
1319 1479 1380 1516 se
1402 1477 1761 1516 remissuros
1789 1461 2125 1533 quidquam
2145 1461 2221 1517 de

563 1548 740 1604 tantis
774 1548 1102 1620 suppliciis,
1135 1567 1320 1621 quam
1349 1549 1442 1605 ille
1469 1551 1766 1622 imperata
1799 1551 2050 1616 fecisset,
2084 1566 2223 1606 con-

560 1637 910 1694 ﬁrmabant.
943 1639 1042 1694 Ille
1073 1643 1274 1695 autem
1309 1656 1446 1696 cum
1483 1645 1637 1695 totus
1667 1641 1726 1695 in
1767 1656 1838 1696 eo
1887 1646 2066 1704 esset,
2107 1639 2222 1695 far-

561 1725 692 1782 titer
737 1725 849 1781 illis
891 1729 1207 1794 resisteret,
1239 1729 1300 1784 in
1348 1730 1495 1800 ipsis
1537 1730 1710 1784 tantis
1741 1729 2103 1785 cruciatibus
2135 1730 2222 1784 vi-

565 1815 766 1872 ctoria-3
809 1831 1034 1872 corona
1081 1823 1328 1873 ornatus
1367 1818 1646 1874 decessit.
1703 1824 1782 1874 Ac
1834 1818 1930 1873 ille
1977 1818 2222 1890 quidem

2329 478 2591 551 μίξαντες,
2671 483 2806 533 κατὰ
2879 489 2980 534 τῶν
3045 477 3408 536 διασαπέντων
3466 485 3632 557 μελῶν
3703 487 3858 559 ﬁcum;

2331 567 2612 644 ἀνέτριϐον.
2667 567 2752 631 Ὠς
2800 565 2859 623 δὲ
2923 575 3013 624 καὶ
3065 574 3261 624 τούτων
3325 574 3608 648 ὑπέρτερος
3659 577 3731 646 ἦν,
3791 581 3860 632 εὲτέε

2332 677 2532 732 στρωτο
2585 665 2713 732 πῦρ,
2753 664 2839 712 καὶ
2897 662 3106 736 ἐσχάρα
3156 681 3228 733 τῳ
3273 667 3400 734 πυρὶ
3459 663 3729 718 ἐπετίθετο.
3765 667 3806 720 ’0
3831 667 3865 722 is

2331 746 2520 800 ἀνωθεν
2571 747 2778 807 ἧπλωτο
2813 765 2824 777 ·
2861 753 3052 820 καὶτῷ
3111 755 3238 824 πυρὶ
3267 753 3404 804 κατὰ
3449 751 3640 826 βραχὺ
3697 757 3866 828 auisset;

2331 833 2490 894 δίκην
2534 834 2811 909 ἐδωδίμων
2867 847 3025 912 κρεῶν
3099 838 3614 913 ἁποτηγανιζόμεναι
3681 840 3868 900 διελύθη

2333 928 2398 978 Οἱ
2451 923 2509 980 δὲ
2539 931 2628 979 καὶ
2664 930 2799 1000 μετὰ
2837 935 3070 980 τοσαῦτα
3113 929 3172 980 ού
3226 935 3348 1004 πρὶν
3399 931 3598 984 ἀνεῖναι
3641 929 3872 987 dunt-mm

2329 1019 2523 1088 μέχρις
2561 1015 2621 1067 ἂν
2679 1020 2736 1069 τὸ
2781 1019 3117 1089 προσταχθὲν
3162 1019 3458 1075 ἐκτελέσειε.
3513 1025 3619 1074 Καί
3655 1021 3704 1093 γ’
3747 1022 3876 1086 ἐκεῖνος

2329 1105 2444 1166 ὅλος
2483 1113 2576 1168 τῆς
2619 1105 2913 1167 ἐνστάσεως
2959 1107 3047 1174 ὢν,
3099 1106 3176 1160 ἐπ’
3215 1108 3400 1170 αὐταῖς
3460 1108 3718 1182 βασάνοις
3753 1131 3880 1184 στεφα-

2329 1199 2471 1255 νίτης
2529 1191 2806 1268 ἀνέδραμε.
2859 1201 3102 1248 Τοιοῦτον
3151 1199 3240 1268 μὲν
3297 1193 3386 1250 οὖν
3429 1201 3601 1270 τούτῳ
3645 1203 3700 1252 τό
3749 1201 3880 1264 7:19;-

2329 1285 2388 1336 ού
2420 1291 2562 1356 μεῖον
2603 1281 2652 1336 δ’
2705 1287 2831 1346 ἴσως
2879 1291 2968 1337 καὶ
3018 1294 3129 1348 τοῖς
3176 1287 3374 1350 λοιποῖς
3403 1305 3416 1317 ·
3469 1289 3504 1340 ἆ
3547 1289 3704 1360 λόγου
3743 1310 3886 1362 συμμε-

2329 1377 2482 1445 τρίας
2539 1369 2834 1445 φειδόμενοι
2883 1374 3288 1446 παραλείψομεν,
3336 1384 3492 1430 τοῦτο
3557 1383 3710 1450 μόνον
3763 1380 3888 1432 εἷπον-

2328 1481 2412 1522 τες
2455 1464 2525 1524 ὡς
2589 1461 2773 1516 ἐκεῖνοι
2823 1465 2954 1535 μετὰ
3004 1463 3197 1527 πολλὰς
3261 1469 3350 1518 καὶ
3417 1471 3716 1538 ἀφορήτους
3769 1467 3890 1542 βατά-

2329 1569 2447 1612 νους
2478 1549 2665 1623 βρόχῳ
2697 1559 2790 1604 τοῦ
2831 1551 2925 1624 ζῇν
2957 1549 3358 1624 ἀπηλλάγησαν.
3403 1556 3473 1607 Οἰ
3527 1552 3597 1614 δὴ
3641 1559 3892 1618 πάντεςτξς

2328 1643 2707 1714 προσηκούσης
2777 1641 2929 1702 ὁσίας
2997 1647 3264 1714 τυχόντες,
3317 1645 3475 1696 ἔπειτ’
3549 1643 3898 1717 ἀνορυχθέντες,

2329 1737 2530 1802 μυχοῖς
2577 1729 2869 1790 θαλλατίοις
2910 1730 3373 1806 ὶναπορῥὲπτονται
3406 1749 3420 1762 ’
3467 1735 3538 1794 ὡς
3587 1733 3650 1786 ἂν
3677 1753 3754 1806 γε,
3787 1745 3897 1806 φασὶ,

2329 1823 2400 1890 μὴ
2434 1817 2482 1870 ἐν
2513 1823 2756 1890 μνήμασι
2780 1822 3027 1890 κείμενοι,
3057 1821 3161 1872 θεοὶ
3185 1822 3496 1892 νομισθεῖεν.

565 1907 853 1977 martyrio
883 1906 964 1962 ita
1002 1911 1094 1962 est
1117 1907 1452 1963 defunctus.
1488 1908 1712 1980 Reliqui
1733 1913 1934 1964 autem
1967 1923 2086 1964 non
2117 1908 2315 1963 minus
2351 1907 2605 1963 fortasse
2647 1914 3082 1964 tormentorum
3110 1909 3424 1980 pertulere,
3465 1927 3610 1983 quas
3645 1911 3902 1968 brevitatis

563 2009 748 2050 causa
771 1996 1276 2066 pemtermittimus
1307 2013 1320 2051 ε
1348 1997 1564 2053 etillud
1607 1997 1900 2052 duntaxat
1931 1997 2247 2068 adjicimus
2284 2012 2388 2052 eos
2422 2002 2558 2068 post
2589 1996 2808 2052 multos
2847 1998 3452 2071 insustentabilesque
3495 2001 3794 2056 cruciatus
3825 2017 3904 2073 po-

565 2088 785 2140 stremo
815 2084 1032 2158 laqueo
1073 2087 1197 2142 vint
1249 2087 1492 2143 ﬁniisse.
1527 2087 1706 2160 446
1751 2087 1858 2153 Qui
1924 2101 2134 2142 omnes
2183 2085 2598 2158 exsequiarum
2646 2085 2894 2158 quidem
2935 2093 2991 2142 et
3034 2087 3351 2158 sepultum
3387 2087 3556 2160 justa
3621 2091 3903 2152 consecuti,

562 2171 778 2228 deinde
807 2189 945 2230 vero
977 2174 1190 2242 effossi,
1227 2177 1286 2232 in
1325 2191 1490 2232 mare
1516 2183 1655 2233 sunt
1685 2175 1936 2246 conjecti
1965 2194 1978 2232 :
2015 2180 2074 2232 ut
2113 2190 2208 2242 ne,
2249 2174 2420 2230 sicuti
2475 2175 2806 2241 dicebatur,
2840 2176 2900 2230 in
2932 2176 3220 2248 sepulcris
3265 2177 3469 2248 positi,
3503 2177 3592 2234 dii
3623 2193 3750 2234 esse
3769 2179 3896 2250 judi-

568 2267 862 2318 carentur.

1209 2387 1438 2443 CAPUT
1474 2387 1562 2443 VI.

566 2493 653 2547 De
676 2493 840 2549 beato
867 2494 1028 2550 obitu
1056 2495 1268 2565 viginti
1303 2495 1560 2550 millium
1598 2495 1663 2550 in
1697 2494 2040 2551 Nicomedia
2064 2508 2223 2550 mar-

643 2568 844 2635 tyrum
876 2583 895 2621 :
922 2571 978 2622 et
1017 2566 1090 2622 de
1134 2567 1283 2623 Inde
1308 2567 1602 2634 eunucho,
1626 2575 1677 2624 et
1719 2568 1962 2630 Damna,
1991 2569 2223 2635 marty-

638 2637 824 2693 ribus.

640 2745 774 2798 Post
805 2743 919 2799 hoc
953 2745 1183 2800 Domna
1202 2745 1392 2814 virgo,
1424 2749 1480 2800 et
1508 2743 1684 2800 Indes
1715 2743 2125 2800 eunuchorum
2155 2743 2222 2798 θη

567 2831 935 2897 delissimus,
965 2833 1024 2887 in
1050 2833 1344 2904 judicium
1389 2843 1526 2889 sunt
1565 2834 1858 2905 producti.
1893 2834 2219 2905 Postquam

567 2922 728 2978 enim
756 2922 1016 2978 Anthimi
1073 2923 1434 2980 Nicomediae
1483 2924 1744 2995 episcopi
1773 2923 2134 2978 institutione
2166 2927 2221 2976 et

2933 2388 3176 2440 ΚΕΦΑΛ.
3209 2383 3311 2468 ς’,

2333 2495 2484 2562 Περὶ
2521 2497 2630 2544 τοῦ
2665 2495 2994 2564 μακαρίου
3033 2491 3260 2564 τέλᾼους
3294 2499 3413 2544 τῶν
3453 2492 3666 2564 ἁγίων
3707 2491 3910 2564 δυσμν-

2401 2553 2553 2636 ρίων
2591 2553 2711 2614 τῶν
2751 2562 2808 2614 ἐν
2847 2553 3301 2636 Νικομηδείᾳ·
3368 2569 3476 2617 καὶ
3506 2553 3683 2640 ’περὶ
3731 2553 3908 2620 Ἰνδον

2401 2639 2510 2687 καὶ
2565 2637 2830 2708 Δόμνας.

2401 2745 2540 2814 Πρὸς
2596 2743 2800 2802 τούτοις
2854 2742 2883 2798 ἡ
2957 2742 3204 2812 παρθένος
3259 2742 3431 2812 Δόμνα
3490 2747 3588 2795 καὶ
3653 2739 3841 2806 Ἰνδνες,
3887 2747 3904 2794 ἑ

2328 2838 2430 2883 τῶν
2481 2830 2742 2902 εὐνούχων
2799 2834 3130 2894 πιστότατος,
3193 2827 3525 2903 δικαστὴρίῳ
3601 2837 3908 2906 παρίσταντο.
3984 2901 3985 2906 η

2331 2923 2463 2991 Πρὸς
2515 2921 2615 2992 γὰρ
2671 2920 2925 2991 Ἀνθίμου
2980 2927 3072 2972 τοῦ
3129 2927 3225 2981 τῆς
3285 2917 3662 2992 Νικομηδείας
3718 2931 3912 2992 ποιμένα

567 3025 754 3081 Opera
774 3011 1040 3067 divinam
1063 3013 1364 3068 consecuti
1391 3011 1624 3068 fuerant
1641 3011 2218 3084 gratiam,quidquid

2330 3007 2630 3071 ἀξιωθέντες
2669 3015 2764 3070 τῆς
2800 3011 3041 3080 χάριτος,
3091 3017 3154 3082 τῇ
3233 3017 3333 3061 τῶν
3373 3020 3614 3082 πτωχῶν
3669 3011 3910 3084 ἐπιμελείᾳ,

565 3098 974 3154 habuerantin
1005 3100 1294 3171 imperiali
1324 3101 1462 3156 aula
1478 3101 1784 3164 favoris,id
1809 3117 1988 3156 omne
2013 3100 2216 3155 foven-

565 3187 660 3243 dis
680 3188 1084 3260 curandisque
1115 3191 1482 3261 pauperibus
1513 3191 2048 3260 insumpserant.Et
2079 3205 2216 3244 cum

569 3274 964 3332 Diocletianus
1012 3279 1450 3349 expeditionem
1497 3279 1768 3334 bellicam
1810 3279 2097 3334 adversus
2138 3278 2217 3349 (1)

563 3365 870 3438 IEthiopes
895 3367 1270 3439 suscepisset,
1302 3367 1614 3439 praefectus
1644 3369 2080 3435 cunuchorum,
2122 3367 2216 3422 cui

568 3456 820 3511 civitatis
851 3471 996 3511 cura
1025 3457 1307 3512 mandata
1330 3457 1540 3522 fuerat,
1569 3458 1808 3527 cognita
1833 3457 1892 3511 in
1919 3457 2216 3512 Christum

563 3545 704 3600 ﬁdei
727 3544 1093 3616 professione
1115 3547 1270 3601 Inda:
1300 3551 1359 3600 et
1379 3550 1642 3612 Domum,
1663 3561 1794 3618 quae
1827 3547 1884 3600 in
1899 3545 2037 3600 aula
2056 3546 2216 3615 prin-

566 3635 769 3705 cipum
793 3636 1072 3690 sacerdos
1099 3635 1398 3690 idolorum
1446 3634 1655 3698 fuerat,
1698 3637 1757 3690 in
1783 3650 2080 3690 carcerem
2115 3649 2217 3689 eos

565 3723 823 3781 demisit.
854 3724 1194 3780 lbiDomna
1247 3725 1412 3779 vultu
1472 3725 1532 3779 in
1577 3726 1836 3795 speciem
1869 3725 2140 3788 distorto,
2181 3739 2218 3779 a

566 3812 868 3868 dsemonio
882 3829 941 3868 se
959 3819 1293 3884 correptam
1316 3829 1448 3868 esse
1475 3813 1847 3868 assimulavit
1871 3819 1954 3868 :et
1979 3813 2058 3868 ob
2081 3827 2216 3867 eam

567 3915 818 3957 causam
837 3901 1117 3957 Anthimo
1129 3903 1534 3974 episcopo,ch
1547 3919 1610 3956 us
1625 3901 1844 3957 eximia
1866 3907 1989 3957 erat
2017 3903 2217 3971 ingen-

565 3991 637 4046 tis
664 3991 953 4046 adversus
980 3991 1288 4048 daemones
1310 3992 1616 4064 potestatis
1640 3991 1820 4055 fama,
1852 3992 2067 4048 tradita
2105 3998 2214 4047 est.

566 4081 857 4134 Reversus
883 4096 952 4134 eo
991 4081 1333 4152 imperator,
1371 4081 1467 4136 ubi
1498 4097 1630 4137 eam
1661 4097 1786 4136 rem
1813 4081 2218 4150 cognovit,eu-

565 4169 832 4224 nuchum
864 4170 1060 4225 statim
1100 4170 1292 4225 securi
1327 4169 1554 4240 percuti
1585 4171 1800 4240 jussit:
1835 4169 2217 4241 furoremque

569 4273 744 4312 suum
767 4273 1008 4312 omnem
1033 4265 1237 4314 contra
1259 4261 1544 4314 asceteria
1573 4259 2218 4330 emisit,etpersecutio-

569 4361 708 4401 nem
736 4347 814 4402 ab
840 4347 1006 4401 omni
1027 4349 1396 4403 humanitate
1423 4347 1851 4404 alienissimam
1870 4349 1931 4402 in
1952 4364 2061 4404 nos
2081 4363 2218 4404 con-

569 4436 788 4490 citavit.
825 4437 952 4500 Quo
995 4443 1259 4507 tempore
1302 4437 1512 4508 puellae
1571 4437 1790 4504 multae,
1817 4453 1954 4506 quas
1983 4437 2064 4492 ibi
2103 4439 2216 4507 piis

567 4523 778 4579 studiis
806 4526 1203 4592 virginitatem
1233 4541 1585 4581 conservare
1604 4526 1940 4592 studebant,
1973 4527 2032 4582 in
2065 4543 2219 4582 mar-

566 4613 699 4686 tyrii
733 4614 926 4670 stadio
958 4613 1429 4670 constantissime
1459 4615 1866 4671 decurrerunt.
1903 4619 2050 4672 Cum
2089 4616 2219 4688 qui-

564 4704 682 4760 bus
709 4708 764 4758 et
788 4703 1118 4776 Glycerius,
1141 4704 1293 4760 inter
1324 4705 1701 4776 presbyteros
1731 4705 1955 4776 primas
1985 4709 2215 4771 tenens,

565 4809 704 4850 cum
735 4793 901 4848 varia
931 4797 1224 4850 tormenta
1261 4795 1495 4864 egregie
1539 4795 1786 4860 vicisset,
1812 4800 2054 4867 totoque
2089 4811 2221 4850 cor-

567 4898 712 4956 pore
742 4883 935 4938 nervis
957 4882 1204 4939 bubulis
1244 4885 1517 4939 concisus
1561 4883 1781 4951 fuisset,
1811 4883 1932 4953 igni
1975 4884 2216 4940 tandem

567 4978 658 5030 est
687 4979 950 5028 exustus.
1023 4973 1299 5028 Permulti
1357 4989 1598 5044 quoque
1653 4977 1978 5039 senatores,
2021 4979 2077 5028 et
2113 4975 2219 5046 qui

569 5061 926 5117 militaribus
953 5063 1265 5118 ordinibus
1293 5062 1486 5118 allecti
1516 5063 1768 5122 fuerant,
1799 5063 2070 5132 prmclari
2089 5064 2217 5130 viri,

570 5157 708 5206 sunt
755 5151 1008 5222 jugulati
1040 5168 1051 5205 :
1085 5152 1304 5224 quibus
1343 5152 1628 5208 omnibus
1669 5167 1788 5208 non
1823 5151 1984 5208 aliud
2033 5169 2219 5226 quam

568 5256 725 5296 veras
765 5243 1000 5313 pietatis
1040 5243 1262 5298 crimen
1319 5249 1405 5298 est
1442 5242 1765 5313 objectum.
1799 5243 2020 5298 Verum
2061 5243 2221 5298 enim

569 5346 709 5388 vero
757 5347 894 5386 cum
961 5331 1174 5388 natalis
1239 5331 1454 5387 Christi
1517 5331 1700 5388 festus
1772 5331 2008 5388 adesset
2071 5331 2218 5397 dies,

2329 3099 2430 3150 ὅσα
2485 3095 2552 3154 δὴ
2595 3095 2879 3170 βασιλικῆς
2937 3099 3166 3170 χάριτος
3211 3095 3345 3156 ἦσαν
3385 3098 3592 3165 αὐτοῖς,
3649 3099 3910 3158 ἀνήλισκοο.

2327 3187 2658 3258 Μαξιμιανοῦ
2713 3183 2772 3239 δὲ
2819 3188 2934 3239 κατ’
2990 3189 3250 3240 Αἰθιόπων
3307 3192 3715 3260 στρατεύοντος,
3773 3192 3796 3242 ὁ
3849 3190 3914 3262 ἄρα

2326 3283 2646 3348 χιευνούχος
2683 3279 2777 3333 τὴν
2833 3273 3115 3350 ἐπιτροπὴν
3167 3284 3262 3336 τῆς
3317 3276 3512 3340 πόλεως
3553 3281 3722 3350 ἔχων,
3771 3283 3914 3350 μαθὼν
3983 3325 3985 3334 ,

2325 3368 2392 3417 τὰ
2438 3367 2574 3416 κατὰ
2621 3367 2708 3416 τὸν
2745 3361 2926 3421 Ἰνδην
2968 3369 3057 3417 καὶ
3113 3369 3332 3437 Δόμναν,
3393 3367 3583 3440 ἱέρειαν
3643 3363 3800 3421 οὖσαν
3839 3377 3914 3419 τὰς

2325 3453 2440 3506 κατ’
2481 3451 2619 3506 οἶκον
2667 3461 2740 3524 τῷ
2803 3451 3015 3527 βασιλεῖ
3065 3456 3206 3518 θεῶν,
3260 3456 3486 3527 εἱρκταῖς
3525 3465 3838 3530 περιεῖργεν.
3871 3457 3908 3508 Ἦ

2327 3540 2388 3596 δι
2431 3549 2600 3615 Δόμνα
2643 3545 2690 3595 ἓν
2744 3543 3020 3616 ὑποκρίσει
3077 3540 3472 3618 διαστρέφουσα
3517 3549 3582 3597 τὸ
3648 3553 3906 3618 πρόσωπον,

2328 3629 2581 3704 δαιμονᾷν
2635 3634 2930 3706 ὑπεκρίνετο
2963 3651 2975 3663 ·
3031 3640 3121 3685 καὶ
3169 3630 3263 3686 διὰ
3309 3641 3460 3686 τούτο
3519 3643 3599 3705 τῷ
3657 3635 3905 3704 immissa,

2327 3721 2578 3794 ’Ἃνθιμος
2631 3719 2681 3773 δ’
2736 3721 2883 3782 οὗτος
2937 3719 3018 3786 ἦν,
3068 3723 3410 3775 ἀπαλλάττειν
3455 3720 3706 3789 ἐδίδοτο,
3753 3743 3906 3798 μαρτν-

2325 3814 2570 3884 ρούμενος
2619 3813 2754 3862 κατὰ
2805 3813 2999 3863 τούτων
3057 3808 3126 3870 δή
3179 3812 3368 3870 πολλὴν
3415 3817 3722 3872 κεκτῆσθαι
3765 3815 3907 3884 ἰσχύν.

2323 3901 2412 3962 Ὠς
2464 3897 2515 3953 δ’
2555 3903 2821 3958 ἐπανήκων
2865 3901 2892 3952 ὁ
2947 3899 3187 3973 βασιλεὺς
3235 3903 3394 3962 μάθοι
3447 3904 3513 3954 τὰ
3561 3903 3690 3956 κατ’
3743 3904 3904 3962 αὐτούς,

2327 3994 2414 4042 τὸν
2469 3992 2557 4061 μὲν
2617 3985 3002 4062 ἀρχιευνοῦχον
3051 3989 3206 4051 εύθύς
3257 3993 3402 4063 ἔργον
3451 3990 3686 4045 ἐποιεῖτο
3740 3995 3908 4064 μαχεῐο

2325 4097 2420 4154 ρας
2461 4099 2475 4112 ·
2515 4083 2608 4136 τὴν
2659 4075 2718 4130 δε
2749 4083 2935 4150 μανίαν
2987 4078 3108 4137 ὃλην
3159 4083 3298 4131 κατὰ
3349 4087 3447 4131 τῶν
3479 4079 3820 4154 ἀσκητηρίων
3855 4079 3906 4130 ἐν·

2329 4173 2570 4226 σκήπτει.
2621 4171 2719 4220 Καὶ
2763 4165 2998 4240 διωγμὸν
3053 4166 3394 4240 ἀπάνθρωπον
3431 4171 3553 4221 καθ’
3597 4173 3752 4244 ἡμῶν
3799 4175 3908 4238 ἤγει-

2326 4277 2430 4332 ρεν,
2492 4259 2572 4309 ὅτι
2637 4253 2704 4315 δὴ
2758 4263 2848 4309 καὶ
2909 4257 3092 4310 πολλαὶ
3143 4267 3242 4310 τῶν
3321 4260 3610 4330 παρθενίαν
3681 4263 3904 4334 ﬁgulari-ss

2328 4347 2503 4400 ἀσκεῖν
2529 4349 2586 4398 τὸ
2617 4353 2710 4398 τοῦ
2748 4348 3038 4422 μαρτυρίου
3095 4345 3313 4400 στάδιον
3350 4353 3598 4418 γενναίως
3641 4347 3904 4418 διήνεγκεν.

2327 4437 2453 4490 Μεθ’
2489 4437 2556 4486 ὧν
2597 4441 2686 4487 καὶ
2743 4437 3020 4504 Γλυκέριος
3069 4435 3094 4488 ὀ
3141 4445 3232 4488 τοῦ
3273 4435 3660 4510 πρεσϐυτερίου
3703 4442 3768 4490 τὰ
3808 4443 3904 4506 πεν-

2705 4526 2758 4576 ὄν
2817 4527 2947 4597 μετὰ
3013 4525 3170 4578 πολύν
3225 4526 3458 4597 ἔλεγχον,
3531 4523 3678 4599 βοῶν
3743 4531 3900 4596 νεύροις

2330 4614 2538 4688 σύμπαν
2595 4614 2980 4676 καταξανθέντα
3021 4618 3080 4666 τὸ
3145 4623 3316 4686 σῶμα,
3367 4616 3551 4667 ἔπειτα
3609 4625 3718 4690 πῦρ
3767 4611 3906 4668 ὑπεδέ-

2325 4545 2388 4579 τα
2441 4529 2600 4598 φέρων
2633 4543 2645 4554 ·

2327 4724 2476 4778 χετο.
2535 4703 2721 4757 Πολλοὶ
2769 4701 2829 4758 δε
2875 4709 2964 4757 καὶ
3017 4712 3117 4757 τῶν
3171 4711 3266 4764 τῆς
3319 4705 3628 4775 συγκλήτου
3667 4712 3758 4758 καί
3799 4704 3902 4757 ille:

2327 4803 2426 4846 τῶν
2481 4798 2726 4867 στρατείᾳ
2783 4793 3178 4866 κατειλεγμένων
3227 4793 3516 4866 ἐφθείροντο
3549 4812 3560 4824 ·
3627 4793 3712 4858 οἷς
3765 4793 3903 4866 E711:-

2327 4905 2402 4957 μα
2460 4886 2486 4942 ᾖ
2549 4881 2801 4939 εὐσέϐεια.
2848 4883 2988 4936 Ἐπεὶ
3037 4881 3096 4936 δι
3143 4885 3172 4942 ἡ
3226 4871 3350 4936 τῶν’
3383 4891 3622 4960 Χριστοῦ
3674 4885 3896 4958 γενεθλίων

2329 4973 2565 5026 ἐνίστατο
2620 4973 2790 5046 ἑορτὴ,
2841 4979 2930 5024 καὶ
2993 4975 3202 5044 σύμπαν
3233 4976 3288 5024 τὸ
3331 4980 3716 5049 Χριστώνυμον
3749 4975 3898 5032 aliis;

2330 5062 2384 5114 ἐκ
2441 5066 2617 5125 πάσης
2669 5061 2878 5124 ἡλικίας
2930 5070 3001 5134 τῷ
3051 5061 3216 5115 ἐκεῖσε
3251 5071 3346 5134 νεῷ
3395 5064 3655 5137 ἤθροιστο
3713 5081 3899 5130 πανττδ-

2329 5154 2561 5226 ρίζοντες
2608 5155 2672 5204 τὰ
2700 5151 2948 5224 γενέθλια,
3001 5151 3242 5226 ἁρπάσας
3278 5153 3462 5212 ἐκεῖνος
3507 5156 3576 5214 ὡς
3613 5155 3818 5229 ἕρμαιον
3845 5153 3900 5202 τὲ*

2331 5245 2532 5316 καιρὸν,
2590 5243 2723 5294 ὥστε
2783 5247 2876 5301 τὴν
2935 5241 3120 5294 ἑαυτοῦ
3167 5247 3358 5314 μανίαν
3409 5241 3698 5309 ἐκπλῆσαι,

2339 5331 2612 5398 συνέκλειε,
2655 5335 2744 5384 καὶ
2795 5331 3088 5406 περικύκλῳ
3129 5338 3233 5406 πῦρ
3285 5329 3508 5390 ἀνῆπτεν
3559 5331 3738 5395 εὐθὺς.
3787 5331 3836 5382 ’0
3865 5322 3900 5378 is

645 5485 720 5566 (1)
753 5487 1024 5566 Fprlasse
1045 5483 1259 5566 legend
1269 5501 1391 5566 um,
1411 5485 1740 5558 Egyptios.
1763 5483 2086 5558 Egyptum
2103 5485 2264 5544 enim
2285 5484 2505 5544 invasit
2521 5483 2945 5554 Diocletianus,
2959 5488 3016 5542 et
3038 5482 3368 5542 Achilleum
3389 5483 3804 5544 incubatorem
3819 5483 3888 5536 im-

570 5557 720 5633 perii
746 5557 1118 5614 Alexandria:
1149 5557 1312 5616 vicit.
