  <div class='ocr_page' id='page_1' title='image "/cluster/home/n/w/nwhite01/storage/ocr_20150623/145/hvd.32044054086921/614.png"; bbox 0 0 4016 6224; ppageno 0'>
   <div class='ocr_carea' id='block_1_1' title="bbox 181 281 1793 341">
    <p class='ocr_par' dir='ltr' id='par_1_1' title="bbox 181 283 1793 341">
     <span class='ocr_line' id='line_1_1' title="bbox 181 283 1793 341; baseline 0.001 -2"><span class='ocrx_word' id='word_1_1' title='bbox 181 284 330 340; x_wconf 78' lang='grc'>1217</span> <span class='ocrx_word' id='word_1_2' title='bbox 1231 283 1793 341; x_wconf 70' lang='lat' dir='ltr'><strong>ECCLESIASTICE</strong></span> 
     </span>
    </p>
   </div>
   <div class='ocr_carea' id='block_1_2' title="bbox 1904 281 3547 341">
    <p class='ocr_par' dir='ltr' id='par_1_2' title="bbox 1904 281 3547 341">
     <span class='ocr_line' id='line_1_2' title="bbox 1904 281 3547 341; baseline 0.002 -3"><span class='ocrx_word' id='word_1_3' title='bbox 1904 281 2192 340; x_wconf 46' lang='lat' dir='ltr'><strong>:STORUE</strong></span> <span class='ocrx_word' id='word_1_4' title='bbox 2232 283 2368 340; x_wconf 87' lang='lat' dir='ltr'><strong>LIB.</strong></span> <span class='ocrx_word' id='word_1_5' title='bbox 2411 283 2530 340; x_wconf 89' lang='lat' dir='ltr'><strong>VII.</strong></span> <span class='ocrx_word' id='word_1_6' title='bbox 3411 286 3547 341; x_wconf 74' lang='grc'><strong>1218</strong></span> 
     </span>
    </p>
   </div>
   <div class='ocr_carea' id='block_1_3' title="bbox 167 408 1793 485">
    <p class='ocr_par' dir='ltr' id='par_1_3' title="bbox 167 409 1786 485">
     <span class='ocr_line' id='line_1_3' title="bbox 167 409 1786 485; baseline 0.001 -25"><span class='ocrx_word' id='word_1_7' title='bbox 167 409 352 484; x_wconf 79' lang='grc' dir='ltr'>κῆρυξ</span> <span class='ocrx_word' id='word_1_8' title='bbox 396 417 696 485; x_wconf 67' lang='grc' dir='ltr'>τρανοτερον</span> <span class='ocrx_word' id='word_1_9' title='bbox 745 409 1087 484; x_wconf 78' lang='grc' dir='ltr'>ἑωεκὴρυττεν</span> <span class='ocrx_word' id='word_1_10' title='bbox 1115 429 1128 443; x_wconf 74' lang='grc' dir='ltr'><strong>ο</strong></span> <span class='ocrx_word' id='word_1_11' title='bbox 1169 409 1240 482; x_wconf 69' lang='grc' dir='ltr'><strong>’ῼ</strong></span> <span class='ocrx_word' id='word_1_12' title='bbox 1270 411 1364 483; x_wconf 75' lang='grc' dir='ltr'><strong>ζῇν</strong></span> <span class='ocrx_word' id='word_1_13' title='bbox 1409 412 1632 484; x_wconf 86' lang='grc' dir='ltr'>αἱρετὸν,</span> <span class='ocrx_word' id='word_1_14' title='bbox 1665 409 1786 472; x_wconf 77' lang='grc' dir='ltr'>ἐξιέ-</span> 
     </span>
    </p>
   </div>
   <div class='ocr_carea' id='block_1_4' title="bbox 1904 408 3543 485">
    <p class='ocr_par' dir='ltr' id='par_1_4' title="bbox 1904 408 3543 482">
     <span class='ocr_line' id='line_1_4' title="bbox 1904 408 3543 482; baseline 0.003 -19"><span class='ocrx_word' id='word_1_15' title='bbox 1904 412 1954 464; x_wconf 81' lang='lat' dir='ltr'><strong>et</strong></span> <span class='ocrx_word' id='word_1_16' title='bbox 2003 408 2317 464; x_wconf 70' lang='lat' dir='ltr'><strong>multitudo</strong></span> <span class='ocrx_word' id='word_1_17' title='bbox 2356 409 2543 466; x_wconf 63' lang='lat' dir='ltr'><strong>aetatis</strong></span> <span class='ocrx_word' id='word_1_18' title='bbox 2587 410 2808 475; x_wconf 89' lang='lat' dir='ltr'><strong>omnis,</strong></span> <span class='ocrx_word' id='word_1_19' title='bbox 2853 425 2988 482; x_wconf 67' lang='lat' dir='ltr'><strong>quas</strong></span> <span class='ocrx_word' id='word_1_20' title='bbox 3039 409 3243 466; x_wconf 83' lang='lat' dir='ltr'><strong>Christi</strong></span> <span class='ocrx_word' id='word_1_21' title='bbox 3299 413 3543 468; x_wconf 85' lang='lat' dir='ltr'><strong>nomine</strong></span> 
     </span>
    </p>
   </div>
   <div class='ocr_carea' id='block_1_5' title="bbox 167 497 1793 575">
    <p class='ocr_par' dir='ltr' id='par_1_5' title="bbox 167 497 1787 575">
     <span class='ocr_line' id='line_1_5' title="bbox 167 497 1787 575; baseline 0.001 -25"><span class='ocrx_word' id='word_1_22' title='bbox 167 516 275 550; x_wconf 72' lang='grc' dir='ltr'>τωο</span> <span class='ocrx_word' id='word_1_23' title='bbox 326 504 414 553; x_wconf 80' lang='grc' dir='ltr'><strong>καὶ</strong></span> <span class='ocrx_word' id='word_1_24' title='bbox 458 501 530 571; x_wconf 82' lang='grc' dir='ltr'>τῷ</span> <span class='ocrx_word' id='word_1_25' title='bbox 577 506 936 573; x_wconf 80' lang='grc' dir='ltr'><strong>παρακειμένῳ</strong></span> <span class='ocrx_word' id='word_1_26' title='bbox 996 497 1156 575; x_wconf 77' lang='grc' dir='ltr'>βωμῷ</span> <span class='ocrx_word' id='word_1_27' title='bbox 1207 508 1299 553; x_wconf 90' lang='grc' dir='ltr'><strong>τοῦ</strong></span> <span class='ocrx_word' id='word_1_28' title='bbox 1351 503 1487 565; x_wconf 79' lang='grc' dir='ltr'>Διὸς,</span> <span class='ocrx_word' id='word_1_29' title='bbox 1530 502 1787 572; x_wconf 76' lang='grc' dir='ltr'>ἓπαφιέτω</span> 
     </span>
    </p>
   </div>
   <div class='ocr_carea' id='block_1_6' title="bbox 1904 497 3547 575">
    <p class='ocr_par' dir='ltr' id='par_1_6' title="bbox 1904 498 3547 570">
     <span class='ocr_line' id='line_1_6' title="bbox 1904 498 3547 570; baseline 0.003 -18"><span class='ocrx_word' id='word_1_30' title='bbox 1904 503 2185 561; x_wconf 79' lang='lat' dir='ltr'><strong>censetur,</strong></span> <span class='ocrx_word' id='word_1_31' title='bbox 2216 499 2275 552; x_wconf 93' lang='lat' dir='ltr'><strong>in</strong></span> <span class='ocrx_word' id='word_1_32' title='bbox 2305 498 2526 570; x_wconf 90' lang='lat' dir='ltr'><strong>templo</strong></span> <span class='ocrx_word' id='word_1_33' title='bbox 2555 499 2814 555; x_wconf 89' lang='lat' dir='ltr'><strong>natalem</strong></span> <span class='ocrx_word' id='word_1_34' title='bbox 2847 515 2983 554; x_wconf 88' lang='lat' dir='ltr'><strong>eum</strong></span> <span class='ocrx_word' id='word_1_35' title='bbox 3007 499 3377 555; x_wconf 89' lang='lat' dir='ltr'><strong>celebratura</strong></span> <span class='ocrx_word' id='word_1_36' title='bbox 3397 516 3547 557; x_wconf 90' lang='lat' dir='ltr'><strong>con-</strong></span> 
     </span>
    </p>
   </div>
   <div class='ocr_carea' id='block_1_7' title="bbox 1897 587 3550 662">
    <p class='ocr_par' dir='ltr' id='par_1_7' title="bbox 1897 587 3550 662">
     <span class='ocr_line' id='line_1_7' title="bbox 1897 587 3550 662; baseline 0.004 -21"><span class='ocrx_word' id='word_1_37' title='bbox 1897 587 2174 653; x_wconf 79' lang='lat' dir='ltr'><strong>venisset,</strong></span> <span class='ocrx_word' id='word_1_38' title='bbox 2209 593 2499 660; x_wconf 77' lang='lat' dir='ltr'><strong>tyrannus</strong></span> <span class='ocrx_word' id='word_1_39' title='bbox 2543 587 2720 644; x_wconf 89' lang='lat' dir='ltr'><strong>veluti</strong></span> <span class='ocrx_word' id='word_1_40' title='bbox 2757 594 3164 660; x_wconf 88' lang='lat' dir='ltr'><strong>opportunum</strong></span> <span class='ocrx_word' id='word_1_41' title='bbox 3197 593 3436 662; x_wconf 80' lang='lat' dir='ltr'><strong>tempus</strong></span> <span class='ocrx_word' id='word_1_42' title='bbox 3490 595 3550 648; x_wconf 91' lang='lat' dir='ltr'><strong>et</strong></span> 
     </span>
    </p>
   </div>
   <div class='ocr_carea' id='block_1_8' title="bbox 1892 677 3546 750">
    <p class='ocr_par' dir='ltr' id='par_1_8' title="bbox 1892 677 3546 750">
     <span class='ocr_line' id='line_1_8' title="bbox 1892 677 3546 750; baseline 0.003 -17"><span class='ocrx_word' id='word_1_43' title='bbox 1892 677 2194 733; x_wconf 88' lang='lat' dir='ltr'><strong>lucrosam</strong></span> <span class='ocrx_word' id='word_1_44' title='bbox 2220 677 2600 733; x_wconf 83' lang='lat' dir='ltr'><strong>occasionem</strong></span> <span class='ocrx_word' id='word_1_45' title='bbox 2633 683 2869 744; x_wconf 88' lang='lat' dir='ltr'><strong>nactus,</strong></span> <span class='ocrx_word' id='word_1_46' title='bbox 2897 694 3000 750; x_wconf 90' lang='lat' dir='ltr'><strong>per</strong></span> <span class='ocrx_word' id='word_1_47' title='bbox 3024 695 3208 750; x_wconf 88' lang='lat' dir='ltr'><strong>quam</strong></span> <span class='ocrx_word' id='word_1_48' title='bbox 3236 681 3546 738; x_wconf 85' lang='lat' dir='ltr'><strong>vesaniam</strong></span> 
     </span>
    </p>
   </div>
   <div class='ocr_carea' id='block_1_9' title="bbox 1897 765 3545 841">
    <p class='ocr_par' dir='ltr' id='par_1_9' title="bbox 1897 765 3545 841">
     <span class='ocr_line' id='line_1_9' title="bbox 1897 765 3545 841; baseline 0.002 -20"><span class='ocrx_word' id='word_1_49' title='bbox 1897 770 1951 821; x_wconf 89' lang='lat' dir='ltr'><strong>et</strong></span> <span class='ocrx_word' id='word_1_50' title='bbox 1970 765 2226 820; x_wconf 81' lang='lat' dir='ltr'><strong>furorem</strong></span> <span class='ocrx_word' id='word_1_51' title='bbox 2253 782 2429 821; x_wconf 91' lang='lat' dir='ltr'><strong>suum</strong></span> <span class='ocrx_word' id='word_1_52' title='bbox 2454 765 2825 836; x_wconf 90' lang='lat' dir='ltr'><strong>adimpleret,</strong></span> <span class='ocrx_word' id='word_1_53' title='bbox 2853 767 3099 822; x_wconf 88' lang='lat' dir='ltr'><strong>misiteo</strong></span> <span class='ocrx_word' id='word_1_54' title='bbox 3122 770 3222 838; x_wconf 90' lang='lat' dir='ltr'><strong>qui</strong></span> <span class='ocrx_word' id='word_1_55' title='bbox 3255 769 3545 841; x_wconf 87' lang='lat' dir='ltr'><strong>templum</strong></span> 
     </span>
    </p>
   </div>
   <div class='ocr_carea' id='block_1_10' title="bbox 1897 854 3547 924">
    <p class='ocr_par' dir='ltr' id='par_1_10' title="bbox 1897 854 3547 924">
     <span class='ocr_line' id='line_1_10' title="bbox 1897 854 3547 924; baseline 0.004 -15"><span class='ocrx_word' id='word_1_56' title='bbox 1897 855 2258 920; x_wconf 89' lang='lat' dir='ltr'><strong>clauderent,</strong></span> <span class='ocrx_word' id='word_1_57' title='bbox 2287 861 2344 910; x_wconf 92' lang='lat' dir='ltr'><strong>et</strong></span> <span class='ocrx_word' id='word_1_58' title='bbox 2366 856 2565 924; x_wconf 83' lang='lat' dir='ltr'><strong>ignem</strong></span> <span class='ocrx_word' id='word_1_59' title='bbox 2583 854 2969 910; x_wconf 87' lang='lat' dir='ltr'><strong>circumcirca</strong></span> <span class='ocrx_word' id='word_1_60' title='bbox 2993 857 3404 914; x_wconf 85' lang='lat' dir='ltr'><strong>accenderent.</strong></span> <span class='ocrx_word' id='word_1_61' title='bbox 3431 860 3547 914; x_wconf 80' lang='lat' dir='ltr'><strong>Ad-</strong></span> 
     </span>
    </p>
   </div>
   <div class='ocr_carea' id='block_1_11' title="bbox 1895 945 3542 1017">
    <p class='ocr_par' dir='ltr' id='par_1_11' title="bbox 1895 945 3542 1017">
     <span class='ocr_line' id='line_1_11' title="bbox 1895 945 3542 1017; baseline 0.003 -18"><span class='ocrx_word' id='word_1_62' title='bbox 1895 949 2020 1000; x_wconf 85' lang='lat' dir='ltr'><strong>erat</strong></span> <span class='ocrx_word' id='word_1_63' title='bbox 2049 945 2127 999; x_wconf 89' lang='lat' dir='ltr'><strong>ibi</strong></span> <span class='ocrx_word' id='word_1_64' title='bbox 2162 959 2378 1016; x_wconf 73' lang='lat' dir='ltr'><strong>prasco,</strong></span> <span class='ocrx_word' id='word_1_65' title='bbox 2409 945 2510 1016; x_wconf 88' lang='lat' dir='ltr'><strong>qui</strong></span> <span class='ocrx_word' id='word_1_66' title='bbox 2546 960 2688 999; x_wconf 91' lang='lat' dir='ltr'><strong>voce</strong></span> <span class='ocrx_word' id='word_1_67' title='bbox 2717 945 2965 1000; x_wconf 89' lang='lat' dir='ltr'><strong>clariore</strong></span> <span class='ocrx_word' id='word_1_68' title='bbox 2998 947 3444 1017; x_wconf 83' lang='lat' dir='ltr'><strong>promulgabat,</strong></span> <span class='ocrx_word' id='word_1_69' title='bbox 3478 953 3542 1004; x_wconf 89' lang='lat' dir='ltr'><strong>ut</strong></span> 
     </span>
    </p>
   </div>
   <div class='ocr_carea' id='block_1_12' title="bbox 1897 1033 3550 1107">
    <p class='ocr_par' dir='ltr' id='par_1_12' title="bbox 1897 1033 3550 1107">
     <span class='ocr_line' id='line_1_12' title="bbox 1897 1033 3550 1107; baseline 0.005 -22"><span class='ocrx_word' id='word_1_70' title='bbox 1897 1034 2001 1105; x_wconf 92' lang='lat' dir='ltr'><strong>qui</strong></span> <span class='ocrx_word' id='word_1_71' title='bbox 2035 1034 2230 1088; x_wconf 89' lang='lat' dir='ltr'><strong>vivere</strong></span> <span class='ocrx_word' id='word_1_72' title='bbox 2268 1033 2458 1098; x_wconf 80' lang='lat' dir='ltr'><strong>vellet,</strong></span> <span class='ocrx_word' id='word_1_73' title='bbox 2490 1049 2563 1088; x_wconf 89' lang='lat' dir='ltr'><strong>ex</strong></span> <span class='ocrx_word' id='word_1_74' title='bbox 2605 1033 2825 1104; x_wconf 92' lang='lat' dir='ltr'><strong>templo</strong></span> <span class='ocrx_word' id='word_1_75' title='bbox 2855 1035 3055 1100; x_wconf 85' lang='lat' dir='ltr'><strong>exiret,</strong></span> <span class='ocrx_word' id='word_1_76' title='bbox 3087 1041 3141 1091; x_wconf 90' lang='lat' dir='ltr'><strong>et</strong></span> <span class='ocrx_word' id='word_1_77' title='bbox 3180 1037 3239 1091; x_wconf 90' lang='lat' dir='ltr'><strong>in</strong></span> <span class='ocrx_word' id='word_1_78' title='bbox 3273 1038 3550 1107; x_wconf 88' lang='lat' dir='ltr'><strong>proxima</strong></span> 
     </span>
    </p>
   </div>
   <div class='ocr_carea' id='block_1_13' title="bbox 1896 1121 3544 1196">
    <p class='ocr_par' dir='ltr' id='par_1_13' title="bbox 1896 1121 3544 1196">
     <span class='ocr_line' id='line_1_13' title="bbox 1896 1121 3544 1196; baseline 0.004 -20"><span class='ocrx_word' id='word_1_79' title='bbox 1896 1121 2056 1178; x_wconf 86' lang='lat' dir='ltr'><strong>Jovis</strong></span> <span class='ocrx_word' id='word_1_80' title='bbox 2081 1137 2185 1177; x_wconf 90' lang='lat' dir='ltr'><strong>ara</strong></span> <span class='ocrx_word' id='word_1_81' title='bbox 2218 1122 2392 1178; x_wconf 89' lang='lat' dir='ltr'><strong>thura</strong></span> <span class='ocrx_word' id='word_1_82' title='bbox 2430 1123 2715 1191; x_wconf 88' lang='lat' dir='ltr'><strong>adoleret,</strong></span> <span class='ocrx_word' id='word_1_83' title='bbox 2743 1122 2967 1196; x_wconf 90' lang='lat' dir='ltr'><strong>alioqui</strong></span> <span class='ocrx_word' id='word_1_84' title='bbox 3000 1125 3109 1179; x_wconf 87' lang='lat' dir='ltr'><strong>nisi</strong></span> <span class='ocrx_word' id='word_1_85' title='bbox 3140 1125 3255 1180; x_wconf 89' lang='lat' dir='ltr'><strong>hoc</strong></span> <span class='ocrx_word' id='word_1_86' title='bbox 3286 1126 3544 1192; x_wconf 81' lang='lat' dir='ltr'><strong>fecisset,</strong></span> 
     </span>
    </p>
   </div>
   <div class='ocr_carea' id='block_1_14' title="bbox 1903 1210 3545 1283">
    <p class='ocr_par' dir='ltr' id='par_1_14' title="bbox 1903 1210 3545 1283">
     <span class='ocr_line' id='line_1_14' title="bbox 1903 1210 3545 1283; baseline 0.003 -17"><span class='ocrx_word' id='word_1_87' title='bbox 1903 1227 2020 1266; x_wconf 91' lang='lat' dir='ltr'><strong>una</strong></span> <span class='ocrx_word' id='word_1_88' title='bbox 2048 1227 2184 1266; x_wconf 90' lang='lat' dir='ltr'><strong>cum</strong></span> <span class='ocrx_word' id='word_1_89' title='bbox 2216 1210 2399 1266; x_wconf 88' lang='lat' dir='ltr'><strong>domo</strong></span> <span class='ocrx_word' id='word_1_90' title='bbox 2431 1211 2564 1283; x_wconf 89' lang='lat' dir='ltr'><strong>ipsa</strong></span> <span class='ocrx_word' id='word_1_91' title='bbox 2595 1212 3098 1282; x_wconf 80' lang='lat' dir='ltr'><strong>conﬂagraturus.</strong></span> <span class='ocrx_word' id='word_1_92' title='bbox 3139 1217 3285 1270; x_wconf 90' lang='lat' dir='ltr'><strong>Tum</strong></span> <span class='ocrx_word' id='word_1_93' title='bbox 3317 1231 3456 1272; x_wconf 89' lang='lat' dir='ltr'><strong>vero</strong></span> <span class='ocrx_word' id='word_1_94' title='bbox 3485 1217 3545 1271; x_wconf 90' lang='lat' dir='ltr'><strong>in</strong></span> 
     </span>
    </p>
   </div>
   <div class='ocr_carea' id='block_1_15' title="bbox 1898 1299 3548 1372">
    <p class='ocr_par' dir='ltr' id='par_1_15' title="bbox 1898 1299 3548 1372">
     <span class='ocr_line' id='line_1_15' title="bbox 1898 1299 3548 1372; baseline 0.004 -17"><span class='ocrx_word' id='word_1_95' title='bbox 1898 1299 2118 1371; x_wconf 91' lang='lat' dir='ltr'><strong>templo</strong></span> <span class='ocrx_word' id='word_1_96' title='bbox 2145 1301 2275 1371; x_wconf 89' lang='lat' dir='ltr'><strong>ipso</strong></span> <span class='ocrx_word' id='word_1_97' title='bbox 2290 1300 2539 1371; x_wconf 85' lang='lat' dir='ltr'><strong>quidam</strong></span> <span class='ocrx_word' id='word_1_98' title='bbox 2565 1317 2672 1372; x_wconf 93' lang='lat' dir='ltr'><strong>pro</strong></span> <span class='ocrx_word' id='word_1_99' title='bbox 2700 1301 3077 1357; x_wconf 89' lang='lat' dir='ltr'><strong>multitudine</strong></span> <span class='ocrx_word' id='word_1_100' title='bbox 3105 1318 3175 1358; x_wconf 90' lang='lat' dir='ltr'><strong>ea</strong></span> <span class='ocrx_word' id='word_1_101' title='bbox 3196 1303 3385 1370; x_wconf 90' lang='lat' dir='ltr'><strong>omni,</strong></span> <span class='ocrx_word' id='word_1_102' title='bbox 3406 1321 3548 1361; x_wconf 75' lang='lat' dir='ltr'><strong>cum</strong></span> 
     </span>
    </p>
   </div>
   <div class='ocr_carea' id='block_1_16' title="bbox 1896 1388 3553 1464">
    <p class='ocr_par' dir='ltr' id='par_1_16' title="bbox 1896 1388 3553 1464">
     <span class='ocr_line' id='line_1_16' title="bbox 1896 1388 3553 1464; baseline 0.003 -19"><span class='ocrx_word' id='word_1_103' title='bbox 1896 1389 2163 1445; x_wconf 84' lang='lat' dir='ltr'><strong>libertate</strong></span> <span class='ocrx_word' id='word_1_104' title='bbox 2186 1388 2402 1458; x_wconf 81' lang='lat' dir='ltr'><strong>insigni</strong></span> <span class='ocrx_word' id='word_1_105' title='bbox 2437 1390 2751 1461; x_wconf 87' lang='lat' dir='ltr'><strong>propalam</strong></span> <span class='ocrx_word' id='word_1_106' title='bbox 2778 1392 3106 1458; x_wconf 87' lang='lat' dir='ltr'><strong>respondit,</strong></span> <span class='ocrx_word' id='word_1_107' title='bbox 3149 1398 3205 1447; x_wconf 92' lang='lat' dir='ltr'><strong>et</strong></span> <span class='ocrx_word' id='word_1_108' title='bbox 3228 1393 3553 1464; x_wconf 88' lang='lat' dir='ltr'><strong>pulcherri-</strong></span> 
     </span>
    </p>
   </div>
   <div class='ocr_carea' id='block_1_17' title="bbox 1899 1477 3550 1551">
    <p class='ocr_par' dir='ltr' id='par_1_17' title="bbox 1899 1477 3550 1551">
     <span class='ocr_line' id='line_1_17' title="bbox 1899 1477 3550 1551; baseline 0.003 -17"><span class='ocrx_word' id='word_1_109' title='bbox 1899 1495 2058 1534; x_wconf 88' lang='lat' dir='ltr'><strong>mam</strong></span> <span class='ocrx_word' id='word_1_110' title='bbox 2089 1479 2253 1534; x_wconf 90' lang='lat' dir='ltr'><strong>illam</strong></span> <span class='ocrx_word' id='word_1_111' title='bbox 2283 1477 2468 1534; x_wconf 90' lang='lat' dir='ltr'><strong>edidit</strong></span> <span class='ocrx_word' id='word_1_112' title='bbox 2496 1495 2738 1538; x_wconf 90' lang='lat' dir='ltr'><strong>vocem:</strong></span> <span class='ocrx_word' id='word_1_113' title='bbox 2771 1479 2942 1551; x_wconf 67' lang='grc'><strong>447</strong></span> <span class='ocrx_word' id='word_1_114' title='bbox 2978 1482 3197 1538; x_wconf 86' lang='lat' dir='ltr'><strong>Omnes</strong></span> <span class='ocrx_word' id='word_1_115' title='bbox 3239 1498 3348 1536; x_wconf 89' lang='lat' dir='ltr'><strong>nos</strong></span> <span class='ocrx_word' id='word_1_116' title='bbox 3381 1483 3550 1539; x_wconf 85' lang='lat' dir='ltr'><strong>Chri-</strong></span> 
     </span>
    </p>
   </div>
   <div class='ocr_carea' id='block_1_18' title="bbox 177 1567 1793 1646">
    <p class='ocr_par' dir='ltr' id='par_1_18' title="bbox 177 1567 1786 1646">
     <span class='ocr_line' id='line_1_18' title="bbox 177 1567 1786 1646; baseline -0.001 -23"><span class='ocrx_word' id='word_1_117' title='bbox 177 1572 317 1645; x_wconf 73' lang='grc' dir='ltr'>ξίφει</span> <span class='ocrx_word' id='word_1_118' title='bbox 367 1578 461 1632; x_wconf 81' lang='grc' dir='ltr'>τὴν</span> <span class='ocrx_word' id='word_1_119' title='bbox 521 1573 744 1643; x_wconf 79' lang='grc' dir='ltr'>κεφαλὴν</span> <span class='ocrx_word' id='word_1_120' title='bbox 804 1572 1123 1646; x_wconf 81' lang='grc' dir='ltr'>ἀφαιρεῖται.</span> <span class='ocrx_word' id='word_1_121' title='bbox 1190 1577 1288 1625; x_wconf 82' lang='grc' dir='ltr'><strong>Καὶ</strong></span> <span class='ocrx_word' id='word_1_122' title='bbox 1351 1570 1603 1643; x_wconf 85' lang='grc' dir='ltr'>Ἀνθιμος</span> <span class='ocrx_word' id='word_1_123' title='bbox 1649 1567 1707 1624; x_wconf 70' lang='grc' dir='ltr'>δὲ</span> <span class='ocrx_word' id='word_1_124' title='bbox 1761 1572 1786 1622; x_wconf 88' lang='grc' dir='ltr'><strong><em>ὁ</em></strong></span> 
     </span>
    </p>
   </div>
   <div class='ocr_carea' id='block_1_19' title="bbox 1904 1567 3546 1646">
    <p class='ocr_par' dir='ltr' id='par_1_19' title="bbox 1904 1568 3546 1642">
     <span class='ocr_line' id='line_1_19' title="bbox 1904 1568 3546 1642; baseline 0.003 -19"><span class='ocrx_word' id='word_1_125' title='bbox 1904 1568 2074 1624; x_wconf 83' lang='lat' dir='ltr'><strong>stiani</strong></span> <span class='ocrx_word' id='word_1_126' title='bbox 2091 1584 2325 1632; x_wconf 90' lang='lat' dir='ltr'><strong>sumus,</strong></span> <span class='ocrx_word' id='word_1_127' title='bbox 2359 1583 2547 1624; x_wconf 92' lang='lat' dir='ltr'><strong>unum</strong></span> <span class='ocrx_word' id='word_1_128' title='bbox 2574 1585 2835 1640; x_wconf 88' lang='lat' dir='ltr'><strong>eumque</strong></span> <span class='ocrx_word' id='word_1_129' title='bbox 2849 1572 3044 1624; x_wconf 88' lang='lat' dir='ltr'><strong>solum</strong></span> <span class='ocrx_word' id='word_1_130' title='bbox 3061 1572 3246 1626; x_wconf 88' lang='lat' dir='ltr'><strong>Deum</strong></span> <span class='ocrx_word' id='word_1_131' title='bbox 3265 1578 3322 1627; x_wconf 93' lang='lat' dir='ltr'><strong>et</strong></span> <span class='ocrx_word' id='word_1_132' title='bbox 3343 1588 3546 1642; x_wconf 82' lang='lat' dir='ltr'><strong>regem</strong></span> 
     </span>
    </p>
   </div>
   <div class='ocr_carea' id='block_1_20' title="bbox 181 1656 1793 1735">
    <p class='ocr_par' dir='ltr' id='par_1_20' title="bbox 181 1656 1784 1735">
     <span class='ocr_line' id='line_1_20' title="bbox 181 1656 1784 1735; baseline -0.002 -21"><span class='ocrx_word' id='word_1_133' title='bbox 181 1664 455 1724; x_wconf 72' lang='grc' dir='ltr'><strong>θεσπέσιος</strong></span> <span class='ocrx_word' id='word_1_134' title='bbox 525 1671 724 1735; x_wconf 86' lang='grc' dir='ltr'>πρῶτον</span> <span class='ocrx_word' id='word_1_135' title='bbox 789 1666 879 1734; x_wconf 77' lang='grc' dir='ltr'><strong>μεν</strong></span> <span class='ocrx_word' id='word_1_136' title='bbox 953 1660 1163 1722; x_wconf 82' lang='grc' dir='ltr'><strong>ἀπηνῶς</strong></span> <span class='ocrx_word' id='word_1_137' title='bbox 1221 1660 1448 1723; x_wconf 79' lang='grc' dir='ltr'>ξαίνεται</span> <span class='ocrx_word' id='word_1_138' title='bbox 1481 1677 1494 1690; x_wconf 83' lang='lat'><strong><em>°</em></strong></span> <span class='ocrx_word' id='word_1_139' title='bbox 1551 1664 1670 1721; x_wconf 85' lang='grc' dir='ltr'>τούς</span> <span class='ocrx_word' id='word_1_140' title='bbox 1735 1656 1784 1711; x_wconf 89' lang='grc' dir='ltr'>δ’</span> 
     </span>
    </p>
   </div>
   <div class='ocr_carea' id='block_1_21' title="bbox 1904 1656 3549 1735">
    <p class='ocr_par' dir='ltr' id='par_1_21' title="bbox 1904 1657 3549 1733">
     <span class='ocr_line' id='line_1_21' title="bbox 1904 1657 3549 1733; baseline 0.003 -20"><span class='ocrx_word' id='word_1_141' title='bbox 1904 1657 2194 1713; x_wconf 82' lang='lat' dir='ltr'><strong>credimus</strong></span> <span class='ocrx_word' id='word_1_142' title='bbox 2223 1673 2357 1712; x_wconf 87' lang='lat' dir='ltr'><strong>esse</strong></span> <span class='ocrx_word' id='word_1_143' title='bbox 2390 1658 2685 1713; x_wconf 85' lang='lat' dir='ltr'><strong>Christum</strong></span> <span class='ocrx_word' id='word_1_144' title='bbox 2721 1675 2732 1713; x_wconf 93' lang='lat'>:</span> <span class='ocrx_word' id='word_1_145' title='bbox 2767 1666 2822 1714; x_wconf 89' lang='lat' dir='ltr'><strong>et</strong></span> <span class='ocrx_word' id='word_1_146' title='bbox 2845 1659 2979 1730; x_wconf 83' lang='lat' dir='ltr'><strong>ipsi,</strong></span> <span class='ocrx_word' id='word_1_147' title='bbox 3017 1661 3286 1733; x_wconf 87' lang='lat' dir='ltr'><strong>Patrique</strong></span> <span class='ocrx_word' id='word_1_148' title='bbox 3313 1661 3460 1733; x_wconf 88' lang='lat' dir='ltr'><strong>ejus,</strong></span> <span class='ocrx_word' id='word_1_149' title='bbox 3491 1667 3549 1718; x_wconf 87' lang='lat' dir='ltr'><strong>et</strong></span> 
     </span>
    </p>
   </div>
   <div class='ocr_carea' id='block_1_22' title="bbox 181 1746 1793 1838">
    <p class='ocr_par' dir='ltr' id='par_1_22' title="bbox 181 1746 1782 1826">
     <span class='ocr_line' id='line_1_22' title="bbox 181 1746 1782 1826; baseline 0 -24"><span class='ocrx_word' id='word_1_150' title='bbox 181 1750 550 1826; x_wconf 70' lang='grc' dir='ltr'><strong>ἀστραγάλους</strong></span> <span class='ocrx_word' id='word_1_151' title='bbox 591 1750 837 1812; x_wconf 76' lang='grc' dir='ltr'>σούϐλαις</span> <span class='ocrx_word' id='word_1_152' title='bbox 895 1754 1060 1824; x_wconf 87' lang='grc' dir='ltr'>πυρὸς</span> <span class='ocrx_word' id='word_1_153' title='bbox 1128 1757 1342 1822; x_wconf 81' lang='grc' dir='ltr'><strong>μεσταῖς</strong></span> <span class='ocrx_word' id='word_1_154' title='bbox 1393 1746 1782 1821; x_wconf 84' lang='grc' dir='ltr'>διαπερονᾶται.</span> 
     </span>
    </p>
   </div>
   <div class='ocr_carea' id='block_1_23' title="bbox 1904 1746 3553 1838">
    <p class='ocr_par' dir='ltr' id='par_1_23' title="bbox 1904 1747 3553 1820">
     <span class='ocr_line' id='line_1_23' title="bbox 1904 1747 3553 1820; baseline 0.002 -16"><span class='ocrx_word' id='word_1_155' title='bbox 1904 1747 2139 1816; x_wconf 88' lang='lat' dir='ltr'><strong>Spiritui</strong></span> <span class='ocrx_word' id='word_1_156' title='bbox 2171 1753 2381 1802; x_wconf 86' lang='lat' dir='ltr'><strong>sancto</strong></span> <span class='ocrx_word' id='word_1_157' title='bbox 2426 1747 2782 1814; x_wconf 84' lang='lat' dir='ltr'><strong>sacrificare,</strong></span> <span class='ocrx_word' id='word_1_158' title='bbox 2817 1755 2995 1820; x_wconf 89' lang='lat' dir='ltr'><strong>atque</strong></span> <span class='ocrx_word' id='word_1_159' title='bbox 3027 1764 3136 1804; x_wconf 89' lang='lat' dir='ltr'><strong>nos</strong></span> <span class='ocrx_word' id='word_1_160' title='bbox 3182 1766 3393 1805; x_wconf 89' lang='lat' dir='ltr'><strong>omnes</strong></span> <span class='ocrx_word' id='word_1_161' title='bbox 3431 1767 3553 1807; x_wconf 91' lang='lat' dir='ltr'><strong>una</strong></span> 
     </span>
    </p>
   </div>
   <div class='ocr_carea' id='block_1_24' title="bbox 179 1836 1793 1916">
    <p class='ocr_par' dir='ltr' id='par_1_24' title="bbox 179 1837 1782 1916">
     <span class='ocr_line' id='line_1_24' title="bbox 179 1837 1782 1916; baseline -0.002 -22"><span class='ocrx_word' id='word_1_162' title='bbox 179 1838 292 1895; x_wconf 80' lang='grc' dir='ltr'>Εἶτ’</span> <span class='ocrx_word' id='word_1_163' title='bbox 337 1839 412 1893; x_wconf 75' lang='grc' dir='ltr'><strong>ἐπ’</strong></span> <span class='ocrx_word' id='word_1_164' title='bbox 475 1840 754 1916; x_wconf 76' lang='grc' dir='ltr'><strong>ὀστράκοις</strong></span> <span class='ocrx_word' id='word_1_165' title='bbox 804 1841 1032 1905; x_wconf 80' lang='grc' dir='ltr'>ἠπλωτο,</span> <span class='ocrx_word' id='word_1_166' title='bbox 1096 1837 1304 1912; x_wconf 83' lang='grc' dir='ltr'>βάκ).οις</span> <span class='ocrx_word' id='word_1_167' title='bbox 1369 1858 1422 1891; x_wconf 88' lang='grc' dir='ltr'><strong>τε</strong></span> <span class='ocrx_word' id='word_1_168' title='bbox 1473 1837 1782 1912; x_wconf 82' lang='grc' dir='ltr'>συντριϐεὶς,</span> 
     </span>
    </p>
   </div>
   <div class='ocr_carea' id='block_1_25' title="bbox 1904 1836 3546 1916">
    <p class='ocr_par' dir='ltr' id='par_1_25' title="bbox 1904 1836 3546 1912">
     <span class='ocr_line' id='line_1_25' title="bbox 1904 1836 3546 1912; baseline 0.002 -20"><span class='ocrx_word' id='word_1_169' title='bbox 1904 1836 2106 1892; x_wconf 79' lang='lat' dir='ltr'><strong>offerre</strong></span> <span class='ocrx_word' id='word_1_170' title='bbox 2141 1836 2309 1892; x_wconf 86' lang='lat' dir='ltr'><strong>facile</strong></span> <span class='ocrx_word' id='word_1_171' title='bbox 2353 1838 2550 1909; x_wconf 86' lang='lat' dir='ltr'><strong>parati</strong></span> <span class='ocrx_word' id='word_1_172' title='bbox 2581 1854 2808 1893; x_wconf 90' lang='lat' dir='ltr'><strong>sumus.</strong></span> <span class='ocrx_word' id='word_1_173' title='bbox 2847 1840 2946 1892; x_wconf 86' lang='lat' dir='ltr'><strong>Vix</strong></span> <span class='ocrx_word' id='word_1_174' title='bbox 2982 1840 3108 1894; x_wconf 72' lang='lat' dir='ltr'><strong>haec</strong></span> <span class='ocrx_word' id='word_1_175' title='bbox 3150 1839 3243 1894; x_wconf 92' lang='lat' dir='ltr'><strong>ille</strong></span> <span class='ocrx_word' id='word_1_176' title='bbox 3296 1840 3546 1912; x_wconf 83' lang='lat' dir='ltr'><strong>dixerat,</strong></span> 
     </span>
    </p>
   </div>
   <div class='ocr_carea' id='block_1_26' title="bbox 1895 1926 3555 1999">
    <p class='ocr_par' dir='ltr' id='par_1_26' title="bbox 1895 1926 3555 1999">
     <span class='ocr_line' id='line_1_26' title="bbox 1895 1926 3555 1999; baseline 0.003 -18"><span class='ocrx_word' id='word_1_177' title='bbox 1895 1931 1951 1982; x_wconf 90' lang='lat' dir='ltr'><strong>et</strong></span> <span class='ocrx_word' id='word_1_178' title='bbox 1993 1926 2147 1996; x_wconf 90' lang='lat' dir='ltr'><strong>ignis</strong></span> <span class='ocrx_word' id='word_1_179' title='bbox 2186 1932 2273 1982; x_wconf 90' lang='lat' dir='ltr'><strong>est</strong></span> <span class='ocrx_word' id='word_1_180' title='bbox 2313 1942 2622 1992; x_wconf 89' lang='lat' dir='ltr'><strong>accensus,</strong></span> <span class='ocrx_word' id='word_1_181' title='bbox 2651 1927 2753 1998; x_wconf 92' lang='lat' dir='ltr'><strong>qui</strong></span> <span class='ocrx_word' id='word_1_182' title='bbox 2797 1928 2852 1982; x_wconf 92' lang='lat' dir='ltr'><strong>in</strong></span> <span class='ocrx_word' id='word_1_183' title='bbox 2879 1930 3163 1999; x_wconf 90' lang='lat' dir='ltr'><strong>temporis</strong></span> <span class='ocrx_word' id='word_1_184' title='bbox 3196 1929 3373 1985; x_wconf 87' lang='lat' dir='ltr'><strong>veluti</strong></span> <span class='ocrx_word' id='word_1_185' title='bbox 3427 1946 3555 1986; x_wconf 93' lang='lat' dir='ltr'><strong>mo-</strong></span> 
     </span>
    </p>
   </div>
   <div class='ocr_carea' id='block_1_27' title="bbox 1898 2015 3552 2082">
    <p class='ocr_par' dir='ltr' id='par_1_27' title="bbox 1898 2015 3552 2082">
     <span class='ocr_line' id='line_1_27' title="bbox 1898 2015 3552 2082; baseline 0.003 -12"><span class='ocrx_word' id='word_1_186' title='bbox 1898 2021 2100 2071; x_wconf 92' lang='lat' dir='ltr'><strong>mento</strong></span> <span class='ocrx_word' id='word_1_187' title='bbox 2139 2015 2454 2071; x_wconf 90' lang='lat' dir='ltr'><strong>ecclesiam</strong></span> <span class='ocrx_word' id='word_1_188' title='bbox 2486 2031 2727 2071; x_wconf 86' lang='lat' dir='ltr'><strong>omnem</strong></span> <span class='ocrx_word' id='word_1_189' title='bbox 2761 2016 3132 2082; x_wconf 84' lang='lat' dir='ltr'><strong>comnlexus,</strong></span> <span class='ocrx_word' id='word_1_190' title='bbox 3167 2017 3296 2074; x_wconf 85' lang='lat' dir='ltr'><strong>illos</strong></span> <span class='ocrx_word' id='word_1_191' title='bbox 3336 2035 3552 2075; x_wconf 89' lang='lat' dir='ltr'><strong>omnes</strong></span> 
     </span>
    </p>
   </div>
   <div class='ocr_carea' id='block_1_28' title="bbox 1895 2105 3551 2177">
    <p class='ocr_par' dir='ltr' id='par_1_28' title="bbox 1895 2105 3551 2177">
     <span class='ocr_line' id='line_1_28' title="bbox 1895 2105 3551 2177; baseline 0.004 -17"><span class='ocrx_word' id='word_1_192' title='bbox 1895 2107 2125 2160; x_wconf 89' lang='lat' dir='ltr'><strong>circiter</strong></span> <span class='ocrx_word' id='word_1_193' title='bbox 2172 2105 2380 2176; x_wconf 90' lang='lat' dir='ltr'><strong>viginti</strong></span> <span class='ocrx_word' id='word_1_194' title='bbox 2431 2105 2680 2160; x_wconf 89' lang='lat' dir='ltr'><strong>millium</strong></span> <span class='ocrx_word' id='word_1_195' title='bbox 2746 2121 3065 2162; x_wconf 89' lang='lat' dir='ltr'><strong>numerum</strong></span> <span class='ocrx_word' id='word_1_196' title='bbox 3109 2108 3434 2177; x_wconf 81' lang='lat' dir='ltr'><strong>explentes,</strong></span> <span class='ocrx_word' id='word_1_197' title='bbox 3488 2110 3551 2166; x_wconf 88' lang='lat' dir='ltr'><strong>in</strong></span> 
     </span>
    </p>
   </div>
   <div class='ocr_carea' id='block_1_29' title="bbox 1895 2195 3567 2270">
    <p class='ocr_par' dir='ltr' id='par_1_29' title="bbox 1895 2195 3567 2270">
     <span class='ocr_line' id='line_1_29' title="bbox 1895 2195 3567 2270; baseline 0.002 -20"><span class='ocrx_word' id='word_1_198' title='bbox 1895 2195 2154 2250; x_wconf 91' lang='lat' dir='ltr'><strong>cinerem</strong></span> <span class='ocrx_word' id='word_1_199' title='bbox 2181 2195 2428 2265; x_wconf 89' lang='lat' dir='ltr'><strong>redegit.</strong></span> <span class='ocrx_word' id='word_1_200' title='bbox 2457 2195 2675 2251; x_wconf 88' lang='lat' dir='ltr'><strong>Deinde</strong></span> <span class='ocrx_word' id='word_1_201' title='bbox 2697 2195 2877 2251; x_wconf 90' lang='lat' dir='ltr'><strong>etiam</strong></span> <span class='ocrx_word' id='word_1_202' title='bbox 2907 2195 3093 2252; x_wconf 67' lang='lat' dir='ltr'><strong>beata:</strong></span> <span class='ocrx_word' id='word_1_203' title='bbox 3126 2199 3391 2262; x_wconf 70' lang='lat' dir='ltr'><strong>Domnaa,</strong></span> <span class='ocrx_word' id='word_1_204' title='bbox 3418 2209 3567 2270; x_wconf 82' lang='lat' dir='ltr'><strong>post</strong></span> 
     </span>
    </p>
   </div>
   <div class='ocr_carea' id='block_1_30' title="bbox 174 2285 3536 2359">
    <p class='ocr_par' dir='ltr' id='par_1_30' title="bbox 174 2285 3536 2359">
     <span class='ocr_line' id='line_1_30' title="bbox 174 2285 3536 2359; baseline 0.001 -17"><span class='ocrx_word' id='word_1_205' title='bbox 174 2287 479 2359; x_wconf 87' lang='lat' dir='ltr'><strong>supplicia</strong></span> <span class='ocrx_word' id='word_1_206' title='bbox 511 2291 695 2343; x_wconf 92' lang='lat' dir='ltr'><strong>multa</strong></span> <span class='ocrx_word' id='word_1_207' title='bbox 729 2287 953 2343; x_wconf 85' lang='lat' dir='ltr'><strong>fortiter</strong></span> <span class='ocrx_word' id='word_1_208' title='bbox 992 2286 1262 2350; x_wconf 86' lang='lat' dir='ltr'><strong>tolerata,</strong></span> <span class='ocrx_word' id='word_1_209' title='bbox 1305 2285 1504 2356; x_wconf 85' lang='lat' dir='ltr'><strong>gladio</strong></span> <span class='ocrx_word' id='word_1_210' title='bbox 1548 2290 1727 2358; x_wconf 91' lang='lat' dir='ltr'><strong>caput</strong></span> <span class='ocrx_word' id='word_1_211' title='bbox 1762 2290 2080 2339; x_wconf 90' lang='lat' dir='ltr'><strong>resecatur.</strong></span> <span class='ocrx_word' id='word_1_212' title='bbox 2119 2285 2362 2339; x_wconf 89' lang='lat' dir='ltr'><strong>Divinus</strong></span> <span class='ocrx_word' id='word_1_213' title='bbox 2399 2289 2600 2340; x_wconf 90' lang='lat' dir='ltr'><strong>autem</strong></span> <span class='ocrx_word' id='word_1_214' title='bbox 2632 2285 2944 2341; x_wconf 84' lang='lat' dir='ltr'><strong>Anthimus</strong></span> <span class='ocrx_word' id='word_1_215' title='bbox 2983 2287 3244 2358; x_wconf 89' lang='lat' dir='ltr'><strong>primum</strong></span> <span class='ocrx_word' id='word_1_216' title='bbox 3287 2288 3536 2359; x_wconf 87' lang='lat' dir='ltr'><strong>quidem</strong></span> 
     </span>
    </p>
   </div>
   <div class='ocr_carea' id='block_1_31' title="bbox 169 2372 3559 2450">
    <p class='ocr_par' dir='ltr' id='par_1_31' title="bbox 169 2372 3559 2450">
     <span class='ocr_line' id='line_1_31' title="bbox 169 2372 3559 2450; baseline 0.001 -19"><span class='ocrx_word' id='word_1_217' title='bbox 169 2376 589 2433; x_wconf 89' lang='lat' dir='ltr'><strong>crudelissime</strong></span> <span class='ocrx_word' id='word_1_218' title='bbox 636 2377 905 2443; x_wconf 62' lang='lat' dir='ltr'><strong>caeditur,</strong></span> <span class='ocrx_word' id='word_1_219' title='bbox 957 2375 1189 2432; x_wconf 88' lang='lat' dir='ltr'><strong>subulis</strong></span> <span class='ocrx_word' id='word_1_220' title='bbox 1237 2375 1373 2444; x_wconf 90' lang='lat' dir='ltr'><strong>igne</strong></span> <span class='ocrx_word' id='word_1_221' title='bbox 1431 2374 1829 2430; x_wconf 78' lang='lat' dir='ltr'><strong>candentibus</strong></span> <span class='ocrx_word' id='word_1_222' title='bbox 1883 2372 2031 2428; x_wconf 92' lang='lat' dir='ltr'><strong>talos</strong></span> <span class='ocrx_word' id='word_1_223' title='bbox 2073 2373 2428 2445; x_wconf 84' lang='lat' dir='ltr'><strong>perforatur,</strong></span> <span class='ocrx_word' id='word_1_224' title='bbox 2486 2389 2669 2444; x_wconf 89' lang='lat' dir='ltr'><strong>super</strong></span> <span class='ocrx_word' id='word_1_225' title='bbox 2736 2374 2930 2430; x_wconf 83' lang='lat' dir='ltr'><strong>fractis</strong></span> <span class='ocrx_word' id='word_1_226' title='bbox 2990 2376 3154 2430; x_wconf 90' lang='lat' dir='ltr'><strong>testis</strong></span> <span class='ocrx_word' id='word_1_227' title='bbox 3210 2379 3559 2450; x_wconf 82' lang='lat' dir='ltr'><strong>reponitur,</strong></span> 
     </span>
    </p>
   </div>
   <div class='ocr_carea' id='block_1_32' title="bbox 166 2460 3551 2536">
    <p class='ocr_par' dir='ltr' id='par_1_32' title="bbox 166 2460 3551 2536">
     <span class='ocr_line' id='line_1_32' title="bbox 166 2460 3551 2536; baseline 0 -14"><span class='ocrx_word' id='word_1_228' title='bbox 166 2464 408 2523; x_wconf 87' lang='lat' dir='ltr'><strong>baculis</strong></span> <span class='ocrx_word' id='word_1_229' title='bbox 469 2468 954 2531; x_wconf 86' lang='lat' dir='ltr'><strong>converberatur,</strong></span> <span class='ocrx_word' id='word_1_230' title='bbox 1006 2465 1283 2536; x_wconf 85' lang='lat' dir='ltr'><strong>crepidas</strong></span> <span class='ocrx_word' id='word_1_231' title='bbox 1338 2479 1521 2519; x_wconf 75' lang='lat' dir='ltr'><strong>aareas</strong></span> <span class='ocrx_word' id='word_1_232' title='bbox 1585 2464 1802 2533; x_wconf 86' lang='lat' dir='ltr'><strong>ignitas</strong></span> <span class='ocrx_word' id='word_1_233' title='bbox 1860 2460 2149 2529; x_wconf 89' lang='lat' dir='ltr'><strong>induitur,</strong></span> <span class='ocrx_word' id='word_1_234' title='bbox 2204 2462 2460 2518; x_wconf 85' lang='lat' dir='ltr'><strong>ﬁdiculis</strong></span> <span class='ocrx_word' id='word_1_235' title='bbox 2513 2462 2765 2536; x_wconf 91' lang='lat' dir='ltr'><strong>aliisque</strong></span> <span class='ocrx_word' id='word_1_236' title='bbox 2829 2469 3260 2521; x_wconf 84' lang='lat' dir='ltr'><strong>tormentorum</strong></span> <span class='ocrx_word' id='word_1_237' title='bbox 3325 2467 3551 2524; x_wconf 90' lang='lat' dir='ltr'><strong>instru-</strong></span> 
     </span>
    </p>
   </div>
   <div class='ocr_carea' id='block_1_33' title="bbox 167 585 1787 663">
    <p class='ocr_par' dir='ltr' id='par_1_33' title="bbox 167 585 1787 663">
     <span class='ocr_line' id='line_1_33' title="bbox 167 585 1787 663; baseline 0.001 -23"><span class='ocrx_word' id='word_1_238' title='bbox 167 588 480 642; x_wconf 77' lang='grc' dir='ltr'>λιϐανωτόν·</span> <span class='ocrx_word' id='word_1_239' title='bbox 525 589 569 643; x_wconf 82' lang='grc' dir='ltr'><strong>εἰ</strong></span> <span class='ocrx_word' id='word_1_240' title='bbox 609 587 658 643; x_wconf 87' lang='grc' dir='ltr'>δ’</span> <span class='ocrx_word' id='word_1_241' title='bbox 691 587 800 659; x_wconf 80' lang='grc' dir='ltr'>οὖν,</span> <span class='ocrx_word' id='word_1_242' title='bbox 837 595 930 644; x_wconf 82' lang='grc' dir='ltr'><strong>σῦν</strong></span> <span class='ocrx_word' id='word_1_243' title='bbox 969 597 1039 661; x_wconf 83' lang='grc' dir='ltr'>τῷ</span> <span class='ocrx_word' id='word_1_244' title='bbox 1073 589 1198 662; x_wconf 71' lang='grc' dir='ltr'>οἴκῳ</span> <span class='ocrx_word' id='word_1_245' title='bbox 1227 592 1392 660; x_wconf 86' lang='grc' dir='ltr'>τούτῳ</span> <span class='ocrx_word' id='word_1_246' title='bbox 1423 597 1494 660; x_wconf 86' lang='grc' dir='ltr'>τῷ</span> <span class='ocrx_word' id='word_1_247' title='bbox 1535 595 1661 663; x_wconf 87' lang='grc' dir='ltr'>πυρὶ</span> <span class='ocrx_word' id='word_1_248' title='bbox 1692 585 1787 642; x_wconf 86' lang='grc' dir='ltr'><strong>δα-</strong></span> 
     </span>
    </p>
   </div>
   <div class='ocr_carea' id='block_1_34' title="bbox 171 676 1788 752">
    <p class='ocr_par' dir='ltr' id='par_1_34' title="bbox 171 676 1788 752">
     <span class='ocr_line' id='line_1_34' title="bbox 171 676 1788 752; baseline 0.001 -22"><span class='ocrx_word' id='word_1_249' title='bbox 171 682 320 738; x_wconf 86' lang='grc' dir='ltr'>πάνη</span> <span class='ocrx_word' id='word_1_250' title='bbox 378 684 673 752; x_wconf 81' lang='grc' dir='ltr'>γενήσεται.</span> <span class='ocrx_word' id='word_1_251' title='bbox 716 685 844 733; x_wconf 84' lang='grc' dir='ltr'><strong>Τότε</strong></span> <span class='ocrx_word' id='word_1_252' title='bbox 896 676 964 737; x_wconf 83' lang='grc' dir='ltr'>δή</span> <span class='ocrx_word' id='word_1_253' title='bbox 1028 699 1103 740; x_wconf 86' lang='grc' dir='ltr'><strong>τις</strong></span> <span class='ocrx_word' id='word_1_254' title='bbox 1141 689 1240 732; x_wconf 83' lang='grc' dir='ltr'>τῶν</span> <span class='ocrx_word' id='word_1_255' title='bbox 1297 676 1442 732; x_wconf 81' lang='grc' dir='ltr'>ἔνδον</span> <span class='ocrx_word' id='word_1_256' title='bbox 1511 685 1681 751; x_wconf 86' lang='grc' dir='ltr'>στόμα</span> <span class='ocrx_word' id='word_1_257' title='bbox 1717 688 1788 750; x_wconf 82' lang='grc' dir='ltr'>τῷ</span> 
     </span>
    </p>
   </div>
   <div class='ocr_carea' id='block_1_35' title="bbox 175 767 1789 844">
    <p class='ocr_par' dir='ltr' id='par_1_35' title="bbox 175 767 1789 844">
     <span class='ocr_line' id='line_1_35' title="bbox 175 767 1789 844; baseline 0 -24"><span class='ocrx_word' id='word_1_258' title='bbox 175 769 369 826; x_wconf 77' lang='grc' dir='ltr'>πλήθει</span> <span class='ocrx_word' id='word_1_259' title='bbox 436 775 726 843; x_wconf 88' lang='grc' dir='ltr'>γενόμενος,</span> <span class='ocrx_word' id='word_1_260' title='bbox 803 773 897 822; x_wconf 83' lang='grc' dir='ltr'><strong>σύν</strong></span> <span class='ocrx_word' id='word_1_261' title='bbox 972 769 1242 844; x_wconf 78' lang='grc' dir='ltr'>παρρησία</span> <span class='ocrx_word' id='word_1_262' title='bbox 1310 769 1550 842; x_wconf 76' lang='grc' dir='ltr'>λαμπρὰν</span> <span class='ocrx_word' id='word_1_263' title='bbox 1621 767 1789 841; x_wconf 76' lang='grc' dir='ltr'>ἀφῆκε</span> 
     </span>
    </p>
   </div>
   <div class='ocr_carea' id='block_1_36' title="bbox 171 866 395 930">
    <p class='ocr_par' dir='ltr' id='par_1_36' title="bbox 171 866 395 930">
     <span class='ocr_line' id='line_1_36' title="bbox 171 866 395 930; baseline 0 -21"><span class='ocrx_word' id='word_1_264' title='bbox 171 866 354 930; x_wconf 71' lang='grc' dir='ltr'>φωνήν</span> <span class='ocrx_word' id='word_1_265' title='bbox 383 877 395 890; x_wconf 87' lang='grc'><strong>·</strong></span> 
     </span>
    </p>
   </div>
   <div class='ocr_carea' id='block_1_37' title="bbox 170 946 1787 1022">
    <p class='ocr_par' dir='ltr' id='par_1_37' title="bbox 170 946 1787 1022">
     <span class='ocr_line' id='line_1_37' title="bbox 170 946 1787 1022; baseline 0 -24"><span class='ocrx_word' id='word_1_266' title='bbox 170 953 274 1000; x_wconf 79' lang='grc' dir='ltr'>καὶ</span> <span class='ocrx_word' id='word_1_267' title='bbox 330 946 552 1022; x_wconf 82' lang='grc' dir='ltr'>βασιλέα</span> <span class='ocrx_word' id='word_1_268' title='bbox 603 952 912 1020; x_wconf 87' lang='grc' dir='ltr'>πιστεύομεν</span> <span class='ocrx_word' id='word_1_269' title='bbox 960 951 1045 1000; x_wconf 89' lang='grc' dir='ltr'>τὸν</span> <span class='ocrx_word' id='word_1_270' title='bbox 1097 952 1362 1021; x_wconf 78' lang='grc' dir='ltr'>Χριστόν·</span> <span class='ocrx_word' id='word_1_271' title='bbox 1395 952 1485 998; x_wconf 83' lang='grc' dir='ltr'><strong>καὶ</strong></span> <span class='ocrx_word' id='word_1_272' title='bbox 1534 967 1593 1018; x_wconf 85' lang='grc' dir='ltr'><strong>γε</strong></span> <span class='ocrx_word' id='word_1_273' title='bbox 1646 947 1787 1016; x_wconf 87' lang='grc' dir='ltr'>αύτῷ</span> 
     </span>
    </p>
   </div>
   <div class='ocr_carea' id='block_1_38' title="bbox 457 857 1786 932">
    <p class='ocr_par' dir='ltr' id='par_1_38' title="bbox 457 857 1786 932">
     <span class='ocr_line' id='line_1_38' title="bbox 457 857 1786 932; baseline -0.004 -19"><span class='ocrx_word' id='word_1_274' title='bbox 457 864 770 932; x_wconf 73' lang='grc' dir='ltr'><strong>Χριστιανοὶ</strong></span> <span class='ocrx_word' id='word_1_275' title='bbox 820 861 1004 920; x_wconf 85' lang='grc' dir='ltr'>πάντες</span> <span class='ocrx_word' id='word_1_276' title='bbox 1058 861 1244 930; x_wconf 80' lang='grc' dir='ltr'>ἡμεῖς’</span> <span class='ocrx_word' id='word_1_277' title='bbox 1296 861 1382 910; x_wconf 80' lang='grc' dir='ltr'>ἕνα</span> <span class='ocrx_word' id='word_1_278' title='bbox 1447 864 1598 930; x_wconf 80' lang='grc' dir='ltr'>μόνον</span> <span class='ocrx_word' id='word_1_279' title='bbox 1658 857 1786 911; x_wconf 85' lang='grc' dir='ltr'><strong>Θεόν</strong></span> 
     </span>
    </p>
   </div>
   <div class='ocr_carea' id='block_1_39' title="bbox 176 1037 1786 1112">
    <p class='ocr_par' dir='ltr' id='par_1_39' title="bbox 176 1037 1786 1112">
     <span class='ocr_line' id='line_1_39' title="bbox 176 1037 1786 1112; baseline -0.001 -23"><span class='ocrx_word' id='word_1_280' title='bbox 176 1039 423 1103; x_wconf 82' lang='grc' dir='ltr'>θύεσθαι,</span> <span class='ocrx_word' id='word_1_281' title='bbox 471 1043 556 1090; x_wconf 84' lang='grc' dir='ltr'>καὶ</span> <span class='ocrx_word' id='word_1_282' title='bbox 594 1047 666 1109; x_wconf 83' lang='grc' dir='ltr'>τῷ</span> <span class='ocrx_word' id='word_1_283' title='bbox 716 1042 876 1112; x_wconf 80' lang='grc' dir='ltr'>Πατρὶ</span> <span class='ocrx_word' id='word_1_284' title='bbox 910 1037 1092 1104; x_wconf 84' lang='grc' dir='ltr'>αύτοῦ,</span> <span class='ocrx_word' id='word_1_285' title='bbox 1124 1041 1214 1089; x_wconf 84' lang='grc' dir='ltr'><strong>καὶ</strong></span> <span class='ocrx_word' id='word_1_286' title='bbox 1243 1046 1314 1108; x_wconf 84' lang='grc' dir='ltr'>τῷ</span> <span class='ocrx_word' id='word_1_287' title='bbox 1353 1041 1591 1107; x_wconf 82' lang='grc' dir='ltr'>παναγίῳ</span> <span class='ocrx_word' id='word_1_288' title='bbox 1634 1039 1786 1089; x_wconf 86' lang='grc' dir='ltr'>Πνεύ-</span> 
     </span>
    </p>
   </div>
   <div class='ocr_carea' id='block_1_40' title="bbox 171 1121 1789 1200">
    <p class='ocr_par' dir='ltr' id='par_1_40' title="bbox 171 1121 1789 1200">
     <span class='ocr_line' id='line_1_40' title="bbox 171 1121 1789 1200; baseline -0.001 -22"><span class='ocrx_word' id='word_1_289' title='bbox 171 1146 314 1197; x_wconf 80' lang='grc' dir='ltr'>ματι</span> <span class='ocrx_word' id='word_1_290' title='bbox 378 1126 799 1200; x_wconf 85' lang='grc' dir='ltr'>ὀλοκαρποῦσθαι</span> <span class='ocrx_word' id='word_1_291' title='bbox 859 1130 1088 1200; x_wconf 84' lang='grc' dir='ltr'>εύχερώς</span> <span class='ocrx_word' id='word_1_292' title='bbox 1145 1128 1355 1198; x_wconf 78' lang='grc' dir='ltr'>ἔχομεν.</span> <span class='ocrx_word' id='word_1_293' title='bbox 1402 1125 1544 1197; x_wconf 80' lang='grc' dir='ltr'>Ἀμα</span> <span class='ocrx_word' id='word_1_294' title='bbox 1602 1121 1662 1178; x_wconf 72' lang='grc' dir='ltr'><strong>δι</strong></span> <span class='ocrx_word' id='word_1_295' title='bbox 1717 1122 1789 1196; x_wconf 83' lang='grc' dir='ltr'><em>τῷ</em></span> 
     </span>
    </p>
   </div>
   <div class='ocr_carea' id='block_1_41' title="bbox 169 1209 1790 1289">
    <p class='ocr_par' dir='ltr' id='par_1_41' title="bbox 169 1209 1790 1289">
     <span class='ocr_line' id='line_1_41' title="bbox 169 1209 1790 1289; baseline -0.001 -22"><span class='ocrx_word' id='word_1_296' title='bbox 169 1215 319 1287; x_wconf 72' lang='grc' dir='ltr'>λόγῳ</span> <span class='ocrx_word' id='word_1_297' title='bbox 366 1221 456 1268; x_wconf 83' lang='grc' dir='ltr'><strong>καὶ</strong></span> <span class='ocrx_word' id='word_1_298' title='bbox 512 1220 568 1268; x_wconf 81' lang='grc' dir='ltr'>τὸ</span> <span class='ocrx_word' id='word_1_299' title='bbox 617 1224 720 1289; x_wconf 90' lang='grc' dir='ltr'><strong>πῦρ</strong></span> <span class='ocrx_word' id='word_1_300' title='bbox 774 1215 1048 1274; x_wconf 76' lang='grc' dir='ltr'>ἀνήπτετο.</span> <span class='ocrx_word' id='word_1_301' title='bbox 1110 1215 1290 1286; x_wconf 76' lang='grc' dir='ltr'>Κύκλῳ</span> <span class='ocrx_word' id='word_1_302' title='bbox 1322 1211 1380 1267; x_wconf 75' lang='grc' dir='ltr'>δὲ</span> <span class='ocrx_word' id='word_1_303' title='bbox 1409 1209 1790 1288; x_wconf 82' lang='grc' dir='ltr'>περιδραξάμε-</span> 
     </span>
    </p>
   </div>
   <div class='ocr_carea' id='block_1_42' title="bbox 171 1303 1787 1378">
    <p class='ocr_par' dir='ltr' id='par_1_42' title="bbox 171 1303 1787 1378">
     <span class='ocr_line' id='line_1_42' title="bbox 171 1303 1787 1378; baseline -0.001 -23"><span class='ocrx_word' id='word_1_304' title='bbox 171 1323 267 1357; x_wconf 78' lang='grc' dir='ltr'><strong>νον</strong></span> <span class='ocrx_word' id='word_1_305' title='bbox 344 1309 428 1358; x_wconf 87' lang='grc' dir='ltr'>τὸν</span> <span class='ocrx_word' id='word_1_306' title='bbox 505 1310 648 1372; x_wconf 76' lang='grc' dir='ltr'>νεὼν,</span> <span class='ocrx_word' id='word_1_307' title='bbox 729 1304 964 1368; x_wconf 78' lang='grc' dir='ltr'>ἅπαντας</span> <span class='ocrx_word' id='word_1_308' title='bbox 1037 1307 1085 1357; x_wconf 77' lang='grc' dir='ltr'>ἑν</span> <span class='ocrx_word' id='word_1_309' title='bbox 1147 1303 1327 1378; x_wconf 82' lang='grc' dir='ltr'>ἀκαρεὶ</span> <span class='ocrx_word' id='word_1_310' title='bbox 1401 1304 1787 1377; x_wconf 70' lang='grc' dir='ltr'>κατηθάλωσεν,</span> 
     </span>
    </p>
   </div>
   <div class='ocr_carea' id='block_1_43' title="bbox 174 1388 1784 1467">
    <p class='ocr_par' dir='ltr' id='par_1_43' title="bbox 174 1388 1784 1467">
     <span class='ocr_line' id='line_1_43' title="bbox 174 1388 1784 1467; baseline -0.001 -22"><span class='ocrx_word' id='word_1_311' title='bbox 174 1396 309 1446; x_wconf 83' lang='grc' dir='ltr'>ὡσεὶ</span> <span class='ocrx_word' id='word_1_312' title='bbox 366 1390 683 1467; x_wconf 78' lang='grc' dir='ltr'><strong>δισμυρίους</strong></span> <span class='ocrx_word' id='word_1_313' title='bbox 736 1398 887 1455; x_wconf 83' lang='grc' dir='ltr'>ὄντας</span> <span class='ocrx_word' id='word_1_314' title='bbox 942 1397 1030 1446; x_wconf 84' lang='grc' dir='ltr'>τὸν</span> <span class='ocrx_word' id='word_1_315' title='bbox 1079 1394 1318 1466; x_wconf 85' lang='grc' dir='ltr'>ἀριθμόν.</span> <span class='ocrx_word' id='word_1_316' title='bbox 1373 1392 1589 1446; x_wconf 77' lang='grc' dir='ltr'><strong>Ἔπειτα</strong></span> <span class='ocrx_word' id='word_1_317' title='bbox 1642 1388 1702 1445; x_wconf 78' lang='grc' dir='ltr'><strong>δε</strong></span> <span class='ocrx_word' id='word_1_318' title='bbox 1754 1393 1784 1450; x_wconf 81' lang='grc' dir='ltr'><strong>ἡ</strong></span> 
     </span>
    </p>
   </div>
   <div class='ocr_carea' id='block_1_44' title="bbox 176 1479 1784 1558">
    <p class='ocr_par' dir='ltr' id='par_1_44' title="bbox 176 1479 1784 1558">
     <span class='ocr_line' id='line_1_44' title="bbox 176 1479 1784 1558; baseline -0.001 -23"><span class='ocrx_word' id='word_1_319' title='bbox 176 1488 418 1557; x_wconf 81' lang='grc' dir='ltr'>μακαρία</span> <span class='ocrx_word' id='word_1_320' title='bbox 457 1488 626 1557; x_wconf 84' lang='grc' dir='ltr'>Δόμνα</span> <span class='ocrx_word' id='word_1_321' title='bbox 678 1484 882 1544; x_wconf 75' lang='grc' dir='ltr'>πολλοῖς</span> <span class='ocrx_word' id='word_1_322' title='bbox 934 1481 1366 1558; x_wconf 74' lang='grc' dir='ltr'>ἐγκαρτερήσασα</span> <span class='ocrx_word' id='word_1_323' title='bbox 1417 1489 1526 1544; x_wconf 89' lang='grc' dir='ltr'>τοῖς</span> <span class='ocrx_word' id='word_1_324' title='bbox 1578 1479 1784 1548; x_wconf 79' lang='grc' dir='ltr'><strong>δεινοῖς,</strong></span> 
     </span>
    </p>
   </div>
   <div class='ocr_carea' id='block_1_45' title="bbox 953 1660 1494 1723">
    <p class='ocr_par' dir='ltr' id='par_1_45' title="bbox 953 1660 1494 1723">
     <span class='ocr_line' id='line_1_45' title="bbox 953 1660 1494 1723; baseline 0 -11"><span class='ocrx_word' id='word_1_325' title='bbox 953 1660 1132 1718; x_wconf 88' lang='grc' dir='ltr'>ἀπηνῶ</span> <span class='ocrx_word' id='word_1_326' title='bbox 1143 1681 1163 1722; x_wconf 88' lang='grc' dir='ltr'><strong>ς</strong></span> <span class='ocrx_word' id='word_1_327' title='bbox 1221 1660 1448 1723; x_wconf 79' lang='grc' dir='ltr'>ξαίνεται</span> <span class='ocrx_word' id='word_1_328' title='bbox 1481 1677 1494 1690; x_wconf 78' lang='grc'><strong><em>⁵</em></strong></span> 
     </span>
    </p>
   </div>
   <div class='ocr_carea' id='block_1_46' title="bbox 177 1927 1784 2004">
    <p class='ocr_par' dir='ltr' id='par_1_46' title="bbox 177 1927 1784 2004">
     <span class='ocr_line' id='line_1_46' title="bbox 177 1927 1784 2004; baseline -0.001 -22"><span class='ocrx_word' id='word_1_329' title='bbox 177 1927 450 2004; x_wconf 72' lang='grc' dir='ltr'>κρηπῖδας</span> <span class='ocrx_word' id='word_1_330' title='bbox 523 1931 729 2002; x_wconf 80' lang='grc' dir='ltr'>χαλκοῦ</span> <span class='ocrx_word' id='word_1_331' title='bbox 809 1933 1177 2002; x_wconf 74' lang='grc' dir='ltr'>πεποιημένας,</span> <span class='ocrx_word' id='word_1_332' title='bbox 1250 1933 1378 2002; x_wconf 83' lang='grc' dir='ltr'>πυρὶ</span> <span class='ocrx_word' id='word_1_333' title='bbox 1457 1931 1784 2000; x_wconf 80' lang='grc' dir='ltr'>συνημμένας</span> 
     </span>
    </p>
   </div>
   <div class='ocr_carea' id='block_1_47' title="bbox 180 2016 1173 2095">
    <p class='ocr_par' dir='ltr' id='par_1_47' title="bbox 180 2016 1173 2095">
     <span class='ocr_line' id='line_1_47' title="bbox 180 2016 1173 2095; baseline -0.002 -23"><span class='ocrx_word' id='word_1_334' title='bbox 180 2016 498 2072; x_wconf 78' lang='grc' dir='ltr'>ὑποδέδεται</span> <span class='ocrx_word' id='word_1_335' title='bbox 534 2038 546 2050; x_wconf 93' lang='grc'>·</span> <span class='ocrx_word' id='word_1_336' title='bbox 595 2023 788 2095; x_wconf 84' lang='grc' dir='ltr'>τροχὸν</span> <span class='ocrx_word' id='word_1_337' title='bbox 842 2021 1128 2092; x_wconf 73' lang='grc' dir='ltr'>ὑφίσταται</span> <span class='ocrx_word' id='word_1_338' title='bbox 1161 2036 1173 2048; x_wconf 83' lang='lat'><strong><em>°</em></strong></span> 
     </span>
    </p>
   </div>
   <div class='ocr_carea' id='block_1_48' title="bbox 179 2104 1780 2185">
    <p class='ocr_par' dir='ltr' id='par_1_48' title="bbox 179 2104 1780 2185">
     <span class='ocr_line' id='line_1_48' title="bbox 179 2104 1780 2185; baseline -0.001 -25"><span class='ocrx_word' id='word_1_339' title='bbox 179 2128 306 2171; x_wconf 87' lang='grc' dir='ltr'>κτος</span> <span class='ocrx_word' id='word_1_340' title='bbox 355 2114 548 2180; x_wconf 89' lang='grc' dir='ltr'>γίνεται</span> <span class='ocrx_word' id='word_1_341' title='bbox 581 2127 593 2140; x_wconf 92' lang='grc'><strong>·</strong></span> <span class='ocrx_word' id='word_1_342' title='bbox 649 2115 738 2162; x_wconf 81' lang='grc' dir='ltr'><strong>καὶ</strong></span> <span class='ocrx_word' id='word_1_343' title='bbox 791 2114 950 2185; x_wconf 89' lang='grc' dir='ltr'>πέρας</span> <span class='ocrx_word' id='word_1_344' title='bbox 1011 2115 1102 2162; x_wconf 91' lang='grc' dir='ltr'><strong>τοῦ</strong></span> <span class='ocrx_word' id='word_1_345' title='bbox 1167 2105 1286 2183; x_wconf 86' lang='grc' dir='ltr'>βίου</span> <span class='ocrx_word' id='word_1_346' title='bbox 1329 2105 1546 2182; x_wconf 87' lang='grc' dir='ltr'>σίδηρος</span> <span class='ocrx_word' id='word_1_347' title='bbox 1597 2104 1658 2166; x_wconf 75' lang='grc' dir='ltr'>ἦν</span> <span class='ocrx_word' id='word_1_348' title='bbox 1706 2106 1780 2159; x_wconf 84' lang='grc' dir='ltr'>έκ-</span> 
     </span>
    </p>
   </div>
   <div class='ocr_carea' id='block_1_49' title="bbox 175 2198 786 2271">
    <p class='ocr_par' dir='ltr' id='par_1_49' title="bbox 175 2198 786 2271">
     <span class='ocr_line' id='line_1_49' title="bbox 175 2198 786 2271; baseline 0.005 -21"><span class='ocrx_word' id='word_1_349' title='bbox 175 2202 377 2270; x_wconf 82' lang='grc' dir='ltr'>τέμνων</span> <span class='ocrx_word' id='word_1_350' title='bbox 415 2203 508 2257; x_wconf 77' lang='grc' dir='ltr'>τὴν</span> <span class='ocrx_word' id='word_1_351' title='bbox 539 2198 786 2271; x_wconf 75' lang='grc' dir='ltr'>κεφαλήν.</span> 
     </span>
    </p>
   </div>
   <div class='ocr_carea' id='block_1_50' title="bbox 1233 2017 1786 2091">
    <p class='ocr_par' dir='ltr' id='par_1_50' title="bbox 1233 2017 1786 2091">
     <span class='ocr_line' id='line_1_50' title="bbox 1233 2017 1786 2091; baseline 0 -21"><span class='ocrx_word' id='word_1_352' title='bbox 1233 2018 1474 2091; x_wconf 75' lang='grc' dir='ltr'>λαμπάσι</span> <span class='ocrx_word' id='word_1_353' title='bbox 1537 2017 1786 2090; x_wconf 74' lang='grc' dir='ltr'>κατάφλε-</span> 
     </span>
    </p>
   </div>
   <div class='ocr_carea' id='block_1_51' title="bbox 180 2552 2612 2624">
    <p class='ocr_par' dir='ltr' id='par_1_51' title="bbox 180 2552 2612 2624">
     <span class='ocr_line' id='line_1_51' title="bbox 180 2552 2612 2624; baseline -0.002 -13"><span class='ocrx_word' id='word_1_354' title='bbox 180 2556 402 2612; x_wconf 90' lang='lat' dir='ltr'><strong>mentis</strong></span> <span class='ocrx_word' id='word_1_355' title='bbox 435 2555 828 2621; x_wconf 88' lang='lat' dir='ltr'><strong>excruciatur,</strong></span> <span class='ocrx_word' id='word_1_356' title='bbox 863 2553 1097 2611; x_wconf 83' lang='lat' dir='ltr'><strong>facibus</strong></span> <span class='ocrx_word' id='word_1_357' title='bbox 1131 2553 1420 2616; x_wconf 87' lang='lat' dir='ltr'><strong>aduritur,</strong></span> <span class='ocrx_word' id='word_1_358' title='bbox 1448 2557 1504 2608; x_wconf 92' lang='lat' dir='ltr'><strong>et</strong></span> <span class='ocrx_word' id='word_1_359' title='bbox 1535 2552 1613 2608; x_wconf 90' lang='lat' dir='ltr'><strong>ad</strong></span> <span class='ocrx_word' id='word_1_360' title='bbox 1637 2555 2008 2624; x_wconf 90' lang='lat' dir='ltr'><strong>postremum</strong></span> <span class='ocrx_word' id='word_1_361' title='bbox 2042 2552 2232 2608; x_wconf 90' lang='lat' dir='ltr'><strong>securi</strong></span> <span class='ocrx_word' id='word_1_362' title='bbox 2257 2552 2612 2624; x_wconf 91' lang='lat' dir='ltr'><strong>percutitur.</strong></span> 
     </span>
    </p>
   </div>
   <div class='ocr_carea' id='block_1_52' title="bbox 811 2681 1164 2734">
    <p class='ocr_par' dir='ltr' id='par_1_52' title="bbox 811 2681 1164 2734">
     <span class='ocr_line' id='line_1_52' title="bbox 811 2681 1164 2734; baseline 0 -1"><span class='ocrx_word' id='word_1_363' title='bbox 811 2681 1056 2734; x_wconf 73' lang='grc' dir='ltr'>ΚΕΦΑΛ.</span> <span class='ocrx_word' id='word_1_364' title='bbox 1089 2681 1164 2733; x_wconf 90' lang='lat' dir='ltr'><strong>Z’.</strong></span> 
     </span>
    </p>
   </div>
   <div class='ocr_carea' id='block_1_53' title="bbox 190 2785 1792 2860">
    <p class='ocr_par' dir='ltr' id='par_1_53' title="bbox 190 2785 1792 2860">
     <span class='ocr_line' id='line_1_53' title="bbox 190 2785 1792 2860; baseline -0.002 -21"><span class='ocrx_word' id='word_1_365' title='bbox 190 2791 342 2860; x_wconf 83' lang='grc' dir='ltr'>Περὶ</span> <span class='ocrx_word' id='word_1_366' title='bbox 376 2795 496 2839; x_wconf 87' lang='grc' dir='ltr'>τῶν</span> <span class='ocrx_word' id='word_1_367' title='bbox 534 2785 592 2838; x_wconf 75' lang='grc' dir='ltr'>ἓν</span> <span class='ocrx_word' id='word_1_368' title='bbox 633 2786 967 2859; x_wconf 75' lang='grc' dir='ltr'>Μελιτινῇ,</span> <span class='ocrx_word' id='word_1_369' title='bbox 1009 2786 1309 2857; x_wconf 80' lang='grc' dir='ltr'>Αἰγύπτῳ</span> <span class='ocrx_word' id='word_1_370' title='bbox 1357 2803 1422 2837; x_wconf 88' lang='grc' dir='ltr'><strong>τε</strong></span> <span class='ocrx_word' id='word_1_371' title='bbox 1468 2788 1576 2837; x_wconf 83' lang='grc' dir='ltr'><strong>καὶ</strong></span> <span class='ocrx_word' id='word_1_372' title='bbox 1613 2785 1792 2856; x_wconf 83' lang='grc' dir='ltr'><strong>Τύρῳ</strong></span> 
     </span>
    </p>
   </div>
   <div class='ocr_carea' id='block_1_54' title="bbox 465 2877 1506 2948">
    <p class='ocr_par' dir='ltr' id='par_1_54' title="bbox 465 2877 1506 2948">
     <span class='ocr_line' id='line_1_54' title="bbox 465 2877 1506 2948; baseline 0 -20"><span class='ocrx_word' id='word_1_373' title='bbox 465 2879 575 2928; x_wconf 75' lang='grc' dir='ltr'><strong>καὶ</strong></span> <span class='ocrx_word' id='word_1_374' title='bbox 616 2881 881 2948; x_wconf 75' lang='grc' dir='ltr'>Φοινίκῃ</span> <span class='ocrx_word' id='word_1_375' title='bbox 923 2877 1506 2948; x_wconf 77' lang='grc' dir='ltr'><strong>μαρτυρησάντων.</strong></span> 
     </span>
    </p>
   </div>
   <div class='ocr_carea' id='block_1_55' title="bbox 261 2977 1793 3056">
    <p class='ocr_par' dir='ltr' id='par_1_55' title="bbox 261 2977 1793 3056">
     <span class='ocr_line' id='line_1_55' title="bbox 261 2977 1793 3056; baseline -0.003 -20"><span class='ocrx_word' id='word_1_376' title='bbox 261 2989 490 3036; x_wconf 87' lang='grc' dir='ltr'>Τοιαῦτα</span> <span class='ocrx_word' id='word_1_377' title='bbox 559 2986 649 3056; x_wconf 72' lang='grc' dir='ltr'>μὶν</span> <span class='ocrx_word' id='word_1_378' title='bbox 703 2984 839 3035; x_wconf 86' lang='grc' dir='ltr'><strong>κατά</strong></span> <span class='ocrx_word' id='word_1_379' title='bbox 892 2977 1252 3054; x_wconf 81' lang='grc' dir='ltr'>Νικομήδειαν</span> <span class='ocrx_word' id='word_1_380' title='bbox 1317 2979 1366 3032; x_wconf 78' lang='grc' dir='ltr'><strong>έν</strong></span> <span class='ocrx_word' id='word_1_381' title='bbox 1423 2987 1532 3040; x_wconf 91' lang='grc' dir='ltr'>ταῖς</span> <span class='ocrx_word' id='word_1_382' title='bbox 1597 2977 1793 3051; x_wconf 87' lang='grc' dir='ltr'>ἀρχαῖς</span> 
     </span>
    </p>
   </div>
   <div class='ocr_carea' id='block_1_56' title="bbox 185 3065 1868 3162">
    <p class='ocr_par' dir='ltr' id='par_1_56' title="bbox 185 3065 1868 3162">
     <span class='ocr_line' id='line_1_56' title="bbox 185 3065 1868 3162; baseline -0.004 -36"><span class='ocrx_word' id='word_1_383' title='bbox 185 3074 432 3147; x_wconf 79' lang='grc' dir='ltr'>έπράχθη</span> <span class='ocrx_word' id='word_1_384' title='bbox 486 3079 578 3124; x_wconf 88' lang='grc' dir='ltr'><strong>τοῦ</strong></span> <span class='ocrx_word' id='word_1_385' title='bbox 630 3069 890 3144; x_wconf 84' lang='grc' dir='ltr'>διωγμοῦ.</span> <span class='ocrx_word' id='word_1_386' title='bbox 937 3076 1036 3124; x_wconf 81' lang='grc' dir='ltr'><strong>Καὶ</strong></span> <span class='ocrx_word' id='word_1_387' title='bbox 1082 3070 1131 3122; x_wconf 85' lang='grc' dir='ltr'><strong>έν</strong></span> <span class='ocrx_word' id='word_1_388' title='bbox 1180 3071 1423 3142; x_wconf 75' lang='grc' dir='ltr'>Μελιτινῇ</span> <span class='ocrx_word' id='word_1_389' title='bbox 1453 3065 1512 3122; x_wconf 74' lang='grc' dir='ltr'><strong>δε</strong></span> <span class='ocrx_word' id='word_1_390' title='bbox 1555 3075 1617 3141; x_wconf 76' lang='grc' dir='ltr'>τῇ</span> <span class='ocrx_word' id='word_1_391' title='bbox 1651 3068 1794 3121; x_wconf 82' lang='grc' dir='ltr'>πόλει</span> <span class='ocrx_word' id='word_1_392' title='bbox 1827 3104 1868 3162; x_wconf 79' lang='lat' dir='ltr'>C</span> 
     </span>
    </p>
   </div>
   <div class='ocr_carea' id='block_1_57' title="bbox 182 3157 1795 3235">
    <p class='ocr_par' dir='ltr' id='par_1_57' title="bbox 182 3157 1795 3235">
     <span class='ocr_line' id='line_1_57' title="bbox 182 3157 1795 3235; baseline -0.002 -21"><span class='ocrx_word' id='word_1_393' title='bbox 182 3163 280 3214; x_wconf 78' lang='grc' dir='ltr'>οὐκ</span> <span class='ocrx_word' id='word_1_394' title='bbox 338 3163 546 3214; x_wconf 78' lang='grc' dir='ltr'>ἔλαττον</span> <span class='ocrx_word' id='word_1_395' title='bbox 603 3157 988 3235; x_wconf 88' lang='grc' dir='ltr'>διεπράττοντο.</span> <span class='ocrx_word' id='word_1_396' title='bbox 1049 3162 1153 3215; x_wconf 85' lang='grc' dir='ltr'><strong>Καὶ</strong></span> <span class='ocrx_word' id='word_1_397' title='bbox 1210 3162 1259 3212; x_wconf 77' lang='grc' dir='ltr'>ἓν</span> <span class='ocrx_word' id='word_1_398' title='bbox 1312 3164 1472 3233; x_wconf 78' lang='grc' dir='ltr'>Συρίᾳ</span> <span class='ocrx_word' id='word_1_399' title='bbox 1529 3157 1680 3210; x_wconf 86' lang='grc' dir='ltr'>πάλιν</span> <span class='ocrx_word' id='word_1_400' title='bbox 1731 3160 1795 3210; x_wconf 85' lang='grc' dir='ltr'><strong>τά</strong></span> 
     </span>
    </p>
   </div>
   <div class='ocr_carea' id='block_1_58' title="bbox 180 3247 1794 3324">
    <p class='ocr_par' dir='ltr' id='par_1_58' title="bbox 180 3247 1794 3324">
     <span class='ocr_line' id='line_1_58' title="bbox 180 3247 1794 3324; baseline -0.002 -22"><span class='ocrx_word' id='word_1_401' title='bbox 180 3254 284 3303; x_wconf 90' lang='grc' dir='ltr'>ῖσα</span> <span class='ocrx_word' id='word_1_402' title='bbox 331 3259 393 3309; x_wconf 81' lang='grc' dir='ltr'>ῆν</span> <span class='ocrx_word' id='word_1_403' title='bbox 422 3268 436 3280; x_wconf 78' lang='grc' dir='ltr'><strong>ο</strong></span> <span class='ocrx_word' id='word_1_404' title='bbox 487 3252 773 3323; x_wconf 87' lang='grc' dir='ltr'>γράμματα</span> <span class='ocrx_word' id='word_1_405' title='bbox 822 3253 924 3324; x_wconf 80' lang='grc' dir='ltr'>γὰρ</span> <span class='ocrx_word' id='word_1_406' title='bbox 1001 3249 1174 3322; x_wconf 71' lang='grc' dir='ltr'>ἐφοίτα</span> <span class='ocrx_word' id='word_1_407' title='bbox 1231 3247 1508 3320; x_wconf 83' lang='grc' dir='ltr'>βασιλικὰ,</span> <span class='ocrx_word' id='word_1_408' title='bbox 1570 3249 1794 3321; x_wconf 81' lang='grc' dir='ltr'>εἱρκταῖς</span> 
     </span>
    </p>
   </div>
   <div class='ocr_carea' id='block_1_59' title="bbox 180 3332 1792 3411">
    <p class='ocr_par' dir='ltr' id='par_1_59' title="bbox 180 3332 1792 3411">
     <span class='ocr_line' id='line_1_59' title="bbox 180 3332 1792 3411; baseline -0.004 -19"><span class='ocrx_word' id='word_1_409' title='bbox 180 3343 307 3402; x_wconf 87' lang='grc' dir='ltr'>τούς</span> <span class='ocrx_word' id='word_1_410' title='bbox 353 3347 453 3391; x_wconf 85' lang='grc' dir='ltr'>τῶν</span> <span class='ocrx_word' id='word_1_411' title='bbox 511 3338 794 3397; x_wconf 77' lang='grc' dir='ltr'>έκκλησιῶν</span> <span class='ocrx_word' id='word_1_412' title='bbox 855 3343 1103 3411; x_wconf 83' lang='grc' dir='ltr'>ποιμένας</span> <span class='ocrx_word' id='word_1_413' title='bbox 1159 3337 1501 3390; x_wconf 89' lang='grc' dir='ltr'>κατακλείειν.</span> <span class='ocrx_word' id='word_1_414' title='bbox 1565 3341 1666 3389; x_wconf 73' lang='grc' dir='ltr'><strong>Καὶ</strong></span> <span class='ocrx_word' id='word_1_415' title='bbox 1732 3332 1792 3394; x_wconf 79' lang='grc' dir='ltr'>ἧν</span> 
     </span>
    </p>
   </div>
   <div class='ocr_carea' id='block_1_60' title="bbox 186 3425 1791 3502">
    <p class='ocr_par' dir='ltr' id='par_1_60' title="bbox 186 3425 1791 3502">
     <span class='ocr_line' id='line_1_60' title="bbox 186 3425 1791 3502; baseline -0.003 -22"><span class='ocrx_word' id='word_1_416' title='bbox 186 3431 217 3488; x_wconf 74' lang='grc' dir='ltr'><em>ἱ)</em></span> <span class='ocrx_word' id='word_1_417' title='bbox 279 3430 367 3480; x_wconf 85' lang='grc' dir='ltr'><strong>θέα</strong></span> <span class='ocrx_word' id='word_1_418' title='bbox 409 3436 508 3480; x_wconf 85' lang='grc' dir='ltr'><strong>τῶν</strong></span> <span class='ocrx_word' id='word_1_419' title='bbox 558 3431 830 3500; x_wconf 74' lang='grc' dir='ltr'>γινομένων</span> <span class='ocrx_word' id='word_1_420' title='bbox 879 3429 1020 3502; x_wconf 89' lang='grc' dir='ltr'>μάλα</span> <span class='ocrx_word' id='word_1_421' title='bbox 1063 3426 1228 3493; x_wconf 77' lang='grc' dir='ltr'>δεινὴ,</span> <span class='ocrx_word' id='word_1_422' title='bbox 1263 3431 1482 3500; x_wconf 86' lang='grc' dir='ltr'>μυρίων,</span> <span class='ocrx_word' id='word_1_423' title='bbox 1514 3428 1582 3486; x_wconf 87' lang='grc' dir='ltr'>ὡς</span> <span class='ocrx_word' id='word_1_424' title='bbox 1613 3425 1791 3490; x_wconf 88' lang='grc' dir='ltr'>εἰπεῖν,</span> 
     </span>
    </p>
   </div>
   <div class='ocr_carea' id='block_1_61' title="bbox 185 3515 1795 3591">
    <p class='ocr_par' dir='ltr' id='par_1_61' title="bbox 185 3515 1795 3591">
     <span class='ocr_line' id='line_1_61' title="bbox 185 3515 1795 3591; baseline -0.004 -20"><span class='ocrx_word' id='word_1_425' title='bbox 185 3517 500 3589; x_wconf 81' lang='grc' dir='ltr'>ἁπανταχοῦ</span> <span class='ocrx_word' id='word_1_426' title='bbox 543 3522 835 3590; x_wconf 85' lang='grc' dir='ltr'>συρομένων</span> <span class='ocrx_word' id='word_1_427' title='bbox 896 3523 985 3570; x_wconf 86' lang='grc' dir='ltr'>καὶ</span> <span class='ocrx_word' id='word_1_428' title='bbox 1043 3520 1509 3591; x_wconf 89' lang='grc' dir='ltr'>σπαρασσομένων.</span> <span class='ocrx_word' id='word_1_429' title='bbox 1572 3518 1672 3567; x_wconf 79' lang='grc' dir='ltr'><strong>Καὶ</strong></span> <span class='ocrx_word' id='word_1_430' title='bbox 1727 3515 1795 3565; x_wconf 87' lang='grc' dir='ltr'><strong>τά</strong></span> 
     </span>
    </p>
   </div>
   <div class='ocr_carea' id='block_1_62' title="bbox 183 3603 1796 3682">
    <p class='ocr_par' dir='ltr' id='par_1_62' title="bbox 183 3603 1796 3682">
     <span class='ocr_line' id='line_1_62' title="bbox 183 3603 1796 3682; baseline -0.003 -23"><span class='ocrx_word' id='word_1_431' title='bbox 183 3611 313 3679; x_wconf 82' lang='grc' dir='ltr'>πρὶν</span> <span class='ocrx_word' id='word_1_432' title='bbox 370 3603 707 3682; x_wconf 77' lang='grc' dir='ltr'>ἀνδροφόνοις</span> <span class='ocrx_word' id='word_1_433' title='bbox 759 3612 846 3659; x_wconf 79' lang='grc' dir='ltr'>καὶ</span> <span class='ocrx_word' id='word_1_434' title='bbox 909 3605 1284 3680; x_wconf 81' lang='grc' dir='ltr'>τυμϐωρύχοις</span> <span class='ocrx_word' id='word_1_435' title='bbox 1333 3606 1796 3673; x_wconf 81' lang='grc' dir='ltr'>κατεσκευασμένα</span> 
     </span>
    </p>
   </div>
   <div class='ocr_carea' id='block_1_63' title="bbox 182 3690 1792 3770">
    <p class='ocr_par' dir='ltr' id='par_1_63' title="bbox 182 3690 1792 3770">
     <span class='ocr_line' id='line_1_63' title="bbox 182 3690 1792 3770; baseline -0.004 -22"><span class='ocrx_word' id='word_1_436' title='bbox 182 3698 353 3770; x_wconf 86' lang='grc' dir='ltr'>χορός</span> <span class='ocrx_word' id='word_1_437' title='bbox 395 3692 618 3769; x_wconf 69' lang='grc' dir='ltr'>ἐπλήρου</span> <span class='ocrx_word' id='word_1_438' title='bbox 672 3694 1033 3770; x_wconf 82' lang='grc' dir='ltr'>πρεσϐυτέρων</span> <span class='ocrx_word' id='word_1_439' title='bbox 1071 3699 1162 3746; x_wconf 81' lang='grc' dir='ltr'><strong>καὶ</strong></span> <span class='ocrx_word' id='word_1_440' title='bbox 1202 3690 1478 3758; x_wconf 87' lang='grc' dir='ltr'>διακόνων,</span> <span class='ocrx_word' id='word_1_441' title='bbox 1535 3696 1626 3742; x_wconf 81' lang='grc' dir='ltr'>καὶ</span> <span class='ocrx_word' id='word_1_442' title='bbox 1677 3691 1792 3742; x_wconf 87' lang='grc' dir='ltr'>ὅσοι</span> 
     </span>
    </p>
   </div>
   <div class='ocr_carea' id='block_1_64' title="bbox 187 3778 1793 3856">
    <p class='ocr_par' dir='ltr' id='par_1_64' title="bbox 187 3778 1793 3856">
     <span class='ocr_line' id='line_1_64' title="bbox 187 3778 1793 3856; baseline -0.005 -18"><span class='ocrx_word' id='word_1_443' title='bbox 187 3782 261 3844; x_wconf 83' lang='grc' dir='ltr'>δὴ</span> <span class='ocrx_word' id='word_1_444' title='bbox 316 3791 407 3838; x_wconf 88' lang='grc' dir='ltr'><strong>τοῦ</strong></span> <span class='ocrx_word' id='word_1_445' title='bbox 453 3786 692 3837; x_wconf 88' lang='grc' dir='ltr'>τοιούτου</span> <span class='ocrx_word' id='word_1_446' title='bbox 750 3786 1110 3856; x_wconf 71' lang='grc' dir='ltr'>συντάγματος</span> <span class='ocrx_word' id='word_1_447' title='bbox 1139 3800 1152 3814; x_wconf 75' lang='grc'><em>⁸</em></span> <span class='ocrx_word' id='word_1_448' title='bbox 1204 3786 1268 3844; x_wconf 84' lang='grc' dir='ltr'>ὡς</span> <span class='ocrx_word' id='word_1_449' title='bbox 1297 3778 1429 3855; x_wconf 84' lang='grc' dir='ltr'>μηδ’</span> <span class='ocrx_word' id='word_1_450' title='bbox 1472 3783 1654 3833; x_wconf 76' lang='grc' dir='ltr'>ἐνεῖναι</span> <span class='ocrx_word' id='word_1_451' title='bbox 1683 3783 1793 3850; x_wconf 86' lang='grc' dir='ltr'><strong>χώ-</strong></span> 
     </span>
    </p>
   </div>
   <div class='ocr_carea' id='block_1_65' title="bbox 183 3867 1792 3949">
    <p class='ocr_par' dir='ltr' id='par_1_65' title="bbox 183 3867 1792 3949">
     <span class='ocr_line' id='line_1_65' title="bbox 183 3867 1792 3949; baseline -0.006 -22"><span class='ocrx_word' id='word_1_452' title='bbox 183 3893 284 3949; x_wconf 89' lang='grc' dir='ltr'><strong>ραν</strong></span> <span class='ocrx_word' id='word_1_453' title='bbox 335 3879 424 3926; x_wconf 79' lang='grc' dir='ltr'><strong>καὶ</strong></span> <span class='ocrx_word' id='word_1_454' title='bbox 463 3881 570 3936; x_wconf 87' lang='grc' dir='ltr'>τοῖς</span> <span class='ocrx_word' id='word_1_455' title='bbox 609 3873 772 3934; x_wconf 76' lang='grc' dir='ltr'>ἄλλως</span> <span class='ocrx_word' id='word_1_456' title='bbox 809 3877 1142 3947; x_wconf 88' lang='grc' dir='ltr'>κατακρίτοις</span> <span class='ocrx_word' id='word_1_457' title='bbox 1199 3871 1228 3930; x_wconf 80' lang='grc' dir='ltr'><strong>ἣ</strong></span> <span class='ocrx_word' id='word_1_458' title='bbox 1271 3876 1360 3923; x_wconf 84' lang='grc' dir='ltr'><strong>καὶ</strong></span> <span class='ocrx_word' id='word_1_459' title='bbox 1397 3869 1638 3944; x_wconf 74' lang='grc' dir='ltr'>λῃσταῖς.</span> <span class='ocrx_word' id='word_1_460' title='bbox 1681 3867 1792 3920; x_wconf 84' lang='grc' dir='ltr'>Οῦκ</span> 
     </span>
    </p>
   </div>
   <div class='ocr_carea' id='block_1_66' title="bbox 185 3955 1792 4037">
    <p class='ocr_par' dir='ltr' id='par_1_66' title="bbox 185 3955 1792 4037">
     <span class='ocr_line' id='line_1_66' title="bbox 185 3955 1792 4037; baseline -0.004 -22"><span class='ocrx_word' id='word_1_461' title='bbox 185 3963 264 4025; x_wconf 85' lang='grc' dir='ltr'>εἰς</span> <span class='ocrx_word' id='word_1_462' title='bbox 315 3965 518 4036; x_wconf 83' lang='grc' dir='ltr'>μακρὰν</span> <span class='ocrx_word' id='word_1_463' title='bbox 569 3959 620 4014; x_wconf 84' lang='grc' dir='ltr'>δ’</span> <span class='ocrx_word' id='word_1_464' title='bbox 670 3964 818 4037; x_wconf 83' lang='grc' dir='ltr'>ἔτερα</span> <span class='ocrx_word' id='word_1_465' title='bbox 867 3963 1182 4034; x_wconf 74' lang='grc' dir='ltr'>κατίφθανον</span> <span class='ocrx_word' id='word_1_466' title='bbox 1230 3961 1537 4032; x_wconf 89' lang='grc' dir='ltr'>γράμματα,</span> <span class='ocrx_word' id='word_1_467' title='bbox 1587 3961 1706 4019; x_wconf 83' lang='grc' dir='ltr'>τούς</span> <span class='ocrx_word' id='word_1_468' title='bbox 1744 3955 1792 4008; x_wconf 75' lang='grc' dir='ltr'>ἐν</span> 
     </span>
    </p>
   </div>
   <div class='ocr_carea' id='block_1_67' title="bbox 185 4045 1793 4126">
    <p class='ocr_par' dir='ltr' id='par_1_67' title="bbox 185 4045 1793 4126">
     <span class='ocr_line' id='line_1_67' title="bbox 185 4045 1793 4126; baseline -0.004 -22"><span class='ocrx_word' id='word_1_469' title='bbox 185 4054 418 4126; x_wconf 84' lang='grc' dir='ltr'>εἱρκταῖς</span> <span class='ocrx_word' id='word_1_470' title='bbox 481 4053 737 4112; x_wconf 85' lang='grc' dir='ltr'>θύσαντας</span> <span class='ocrx_word' id='word_1_471' title='bbox 784 4050 1069 4123; x_wconf 80' lang='grc' dir='ltr'>ἐλευθερίας</span> <span class='ocrx_word' id='word_1_472' title='bbox 1115 4049 1390 4112; x_wconf 86' lang='grc' dir='ltr'>καταξιοῦν</span> <span class='ocrx_word' id='word_1_473' title='bbox 1419 4069 1432 4082; x_wconf 79' lang='grc' dir='ltr'><strong>ο</strong></span> <span class='ocrx_word' id='word_1_474' title='bbox 1492 4048 1521 4106; x_wconf 79' lang='grc' dir='ltr'><strong><em>ἦ</em></strong></span> <span class='ocrx_word' id='word_1_475' title='bbox 1566 4051 1636 4119; x_wconf 81' lang='grc' dir='ltr'>μὴ</span> <span class='ocrx_word' id='word_1_476' title='bbox 1673 4045 1793 4120; x_wconf 84' lang='grc' dir='ltr'>βου-</span> 
     </span>
    </p>
   </div>
   <div class='ocr_carea' id='block_1_68' title="bbox 185 4134 1795 4214">
    <p class='ocr_par' dir='ltr' id='par_1_68' title="bbox 185 4134 1795 4214">
     <span class='ocr_line' id='line_1_68' title="bbox 185 4134 1795 4214; baseline -0.004 -22"><span class='ocrx_word' id='word_1_477' title='bbox 185 4140 450 4213; x_wconf 80' lang='grc' dir='ltr'>λομένους,</span> <span class='ocrx_word' id='word_1_478' title='bbox 511 4143 720 4214; x_wconf 80' lang='grc' dir='ltr'>σύμπαν</span> <span class='ocrx_word' id='word_1_479' title='bbox 781 4139 1063 4214; x_wconf 81' lang='grc' dir='ltr'>ἐπιτρίϐειν</span> <span class='ocrx_word' id='word_1_480' title='bbox 1120 4141 1326 4200; x_wconf 77' lang='grc' dir='ltr'>τούτοις</span> <span class='ocrx_word' id='word_1_481' title='bbox 1388 4134 1574 4190; x_wconf 81' lang='grc' dir='ltr'>δεινόν.</span> <span class='ocrx_word' id='word_1_482' title='bbox 1635 4134 1795 4189; x_wconf 82' lang='grc' dir='ltr'>Ἀλλὰ</span> 
     </span>
    </p>
   </div>
   <div class='ocr_carea' id='block_1_69' title="bbox 186 4225 1794 4300">
    <p class='ocr_par' dir='ltr' id='par_1_69' title="bbox 186 4225 1794 4300">
     <span class='ocr_line' id='line_1_69' title="bbox 186 4225 1794 4300; baseline -0.004 -18"><span class='ocrx_word' id='word_1_483' title='bbox 186 4238 295 4292; x_wconf 84' lang='grc' dir='ltr'>πῶς</span> <span class='ocrx_word' id='word_1_484' title='bbox 357 4232 418 4282; x_wconf 85' lang='grc' dir='ltr'>οἶν</span> <span class='ocrx_word' id='word_1_485' title='bbox 469 4249 570 4299; x_wconf 87' lang='grc' dir='ltr'>τις,</span> <span class='ocrx_word' id='word_1_486' title='bbox 619 4233 813 4282; x_wconf 87' lang='grc' dir='ltr'>τούτων</span> <span class='ocrx_word' id='word_1_487' title='bbox 888 4227 1301 4300; x_wconf 77' lang='grc' dir='ltr'>ἀνεγνωσμένων,</span> <span class='ocrx_word' id='word_1_488' title='bbox 1359 4230 1418 4278; x_wconf 89' lang='grc' dir='ltr'>τὸ</span> <span class='ocrx_word' id='word_1_489' title='bbox 1459 4225 1652 4285; x_wconf 82' lang='grc' dir='ltr'>πλῆθος</span> <span class='ocrx_word' id='word_1_490' title='bbox 1693 4233 1794 4276; x_wconf 86' lang='grc' dir='ltr'>τῶν</span> 
     </span>
    </p>
   </div>
   <div class='ocr_carea' id='block_1_70' title="bbox 187 4313 1797 4395">
    <p class='ocr_par' dir='ltr' id='par_1_70' title="bbox 187 4313 1797 4395">
     <span class='ocr_line' id='line_1_70' title="bbox 187 4313 1797 4395; baseline -0.004 -23"><span class='ocrx_word' id='word_1_491' title='bbox 187 4322 464 4395; x_wconf 87' lang='grc' dir='ltr'>μαρτύρων</span> <span class='ocrx_word' id='word_1_492' title='bbox 493 4322 932 4393; x_wconf 76' lang='grc' dir='ltr'>καταριθμήσειεν</span> <span class='ocrx_word' id='word_1_493' title='bbox 965 4334 979 4383; x_wconf 90' lang='grc'><strong>;</strong></span> <span class='ocrx_word' id='word_1_494' title='bbox 1014 4315 1061 4370; x_wconf 76' lang='grc' dir='ltr'>οἳ</span> <span class='ocrx_word' id='word_1_495' title='bbox 1107 4313 1176 4374; x_wconf 83' lang='grc' dir='ltr'>δὴ</span> <span class='ocrx_word' id='word_1_496' title='bbox 1230 4317 1363 4368; x_wconf 87' lang='grc' dir='ltr'><strong>κατά</strong></span> <span class='ocrx_word' id='word_1_497' title='bbox 1409 4321 1582 4367; x_wconf 75' lang='grc' dir='ltr'>πᾶσαν</span> <span class='ocrx_word' id='word_1_498' title='bbox 1635 4313 1797 4386; x_wconf 79' lang='grc' dir='ltr'>ἐπαρ-</span> 
     </span>
    </p>
   </div>
   <div class='ocr_carea' id='block_1_71' title="bbox 189 4403 1872 4492">
    <p class='ocr_par' dir='ltr' id='par_1_71' title="bbox 189 4403 1872 4492">
     <span class='ocr_line' id='line_1_71' title="bbox 189 4403 1872 4492; baseline -0.005 -31"><span class='ocrx_word' id='word_1_499' title='bbox 189 4414 322 4482; x_wconf 82' lang='grc' dir='ltr'>χίαν</span> <span class='ocrx_word' id='word_1_500' title='bbox 355 4405 749 4480; x_wconf 80' lang='grc' dir='ltr'>διηγωνίζοντο·</span> <span class='ocrx_word' id='word_1_501' title='bbox 782 4407 1017 4479; x_wconf 90' lang='grc' dir='ltr'>μάλιστα</span> <span class='ocrx_word' id='word_1_502' title='bbox 1057 4403 1116 4458; x_wconf 70' lang='grc' dir='ltr'>δὲ</span> <span class='ocrx_word' id='word_1_503' title='bbox 1162 4404 1290 4492; x_wconf 13' lang='grc' dir='ltr'>κατ’,</span> <span class='ocrx_word' id='word_1_504' title='bbox 1327 4404 1580 4476; x_wconf 78' lang='grc' dir='ltr'>’Δφρικὴν</span> <span class='ocrx_word' id='word_1_505' title='bbox 1618 4408 1706 4456; x_wconf 85' lang='grc' dir='ltr'><strong>καὶ</strong></span> <span class='ocrx_word' id='word_1_506' title='bbox 1737 4404 1796 4454; x_wconf 86' lang='grc' dir='ltr'>τὸ</span> <span class='ocrx_word' id='word_1_507' title='bbox 1825 4437 1872 4492; x_wconf 84' lang='lat' dir='ltr'><strong>D</strong></span> 
     </span>
    </p>
   </div>
   <div class='ocr_carea' id='block_1_72' title="bbox 186 4490 1799 4572">
    <p class='ocr_par' dir='ltr' id='par_1_72' title="bbox 186 4490 1799 4572">
     <span class='ocr_line' id='line_1_72' title="bbox 186 4490 1799 4572; baseline -0.004 -21"><span class='ocrx_word' id='word_1_508' title='bbox 186 4501 410 4572; x_wconf 77' lang='grc' dir='ltr'>Μαύρων</span> <span class='ocrx_word' id='word_1_509' title='bbox 466 4501 624 4560; x_wconf 73' lang='grc' dir='ltr'>ἔθνοςο</span> <span class='ocrx_word' id='word_1_510' title='bbox 682 4501 758 4551; x_wconf 83' lang='grc' dir='ltr'>ἔτι</span> <span class='ocrx_word' id='word_1_511' title='bbox 789 4493 848 4549; x_wconf 67' lang='grc' dir='ltr'><strong>δι</strong></span> <span class='ocrx_word' id='word_1_512' title='bbox 897 4499 1031 4549; x_wconf 83' lang='grc' dir='ltr'>κατὰ</span> <span class='ocrx_word' id='word_1_513' title='bbox 1083 4490 1336 4554; x_wconf 78' lang='grc' dir='ltr'>Θηϐαίδα</span> <span class='ocrx_word' id='word_1_514' title='bbox 1367 4513 1418 4546; x_wconf 87' lang='grc' dir='ltr'><strong>τε</strong></span> <span class='ocrx_word' id='word_1_515' title='bbox 1447 4499 1536 4546; x_wconf 81' lang='grc' dir='ltr'>καὶ</span> <span class='ocrx_word' id='word_1_516' title='bbox 1563 4497 1656 4552; x_wconf 78' lang='grc' dir='ltr'>τὴν</span> <span class='ocrx_word' id='word_1_517' title='bbox 1706 4495 1799 4547; x_wconf 83' lang='grc' dir='ltr'><strong>Λῖ-</strong></span> 
     </span>
    </p>
   </div>
   <div class='ocr_carea' id='block_1_73' title="bbox 185 4581 1797 4660">
    <p class='ocr_par' dir='ltr' id='par_1_73' title="bbox 185 4581 1797 4660">
     <span class='ocr_line' id='line_1_73' title="bbox 185 4581 1797 4660; baseline -0.004 -21"><span class='ocrx_word' id='word_1_518' title='bbox 185 4607 384 4660; x_wconf 76' lang='grc' dir='ltr'>γυπτον</span> <span class='ocrx_word' id='word_1_519' title='bbox 414 4605 426 4617; x_wconf 78' lang='grc'><strong><em>⁸</em></strong></span> <span class='ocrx_word' id='word_1_520' title='bbox 487 4588 571 4658; x_wconf 71' lang='grc' dir='ltr'><strong>ἀφ’</strong></span> <span class='ocrx_word' id='word_1_521' title='bbox 626 4587 684 4646; x_wconf 83' lang='grc' dir='ltr'>ἧς</span> <span class='ocrx_word' id='word_1_522' title='bbox 731 4590 822 4637; x_wconf 84' lang='grc' dir='ltr'>καὶ</span> <span class='ocrx_word' id='word_1_523' title='bbox 872 4586 944 4646; x_wconf 86' lang='grc' dir='ltr'><strong>εἰς</strong></span> <span class='ocrx_word' id='word_1_524' title='bbox 997 4585 1170 4658; x_wconf 80' lang='grc' dir='ltr'>ἑτέρας</span> <span class='ocrx_word' id='word_1_525' title='bbox 1229 4583 1551 4656; x_wconf 78' lang='grc' dir='ltr'>μετελθόντες</span> <span class='ocrx_word' id='word_1_526' title='bbox 1602 4581 1797 4652; x_wconf 85' lang='grc' dir='ltr'>πόλεις,</span> 
     </span>
    </p>
   </div>
   <div class='ocr_carea' id='block_1_74' title="bbox 193 4670 1800 4749">
    <p class='ocr_par' dir='ltr' id='par_1_74' title="bbox 193 4670 1800 4749">
     <span class='ocr_line' id='line_1_74' title="bbox 193 4670 1800 4749; baseline -0.004 -21"><span class='ocrx_word' id='word_1_527' title='bbox 193 4676 345 4730; x_wconf 84' lang='grc' dir='ltr'>κάκεῖ</span> <span class='ocrx_word' id='word_1_528' title='bbox 386 4680 474 4734; x_wconf 76' lang='grc' dir='ltr'>τήν</span> <span class='ocrx_word' id='word_1_529' title='bbox 526 4677 652 4748; x_wconf 76' lang='grc' dir='ltr'>ὑπερ</span> <span class='ocrx_word' id='word_1_530' title='bbox 709 4683 945 4749; x_wconf 86' lang='grc' dir='ltr'>Χριστοῦ</span> <span class='ocrx_word' id='word_1_531' title='bbox 997 4677 1240 4728; x_wconf 78' lang='grc' dir='ltr'>ῖνστασιν</span> <span class='ocrx_word' id='word_1_532' title='bbox 1294 4670 1640 4734; x_wconf 80' lang='grc' dir='ltr'>ἐπεδείξαντο.</span> <span class='ocrx_word' id='word_1_533' title='bbox 1693 4670 1800 4733; x_wconf 82' lang='grc' dir='ltr'><strong>Ούς</strong></span> 
     </span>
    </p>
   </div>
   <div class='ocr_carea' id='block_1_75' title="bbox 193 4759 1801 4831">
    <p class='ocr_par' dir='ltr' id='par_1_75' title="bbox 193 4759 1801 4831">
     <span class='ocr_line' id='line_1_75' title="bbox 193 4759 1801 4831; baseline -0.005 -13"><span class='ocrx_word' id='word_1_534' title='bbox 193 4770 277 4826; x_wconf 86' lang='grc' dir='ltr'><strong>τίς</strong></span> <span class='ocrx_word' id='word_1_535' title='bbox 325 4763 384 4816; x_wconf 76' lang='grc' dir='ltr'>ἂν</span> <span class='ocrx_word' id='word_1_536' title='bbox 439 4761 586 4831; x_wconf 79' lang='grc' dir='ltr'>ἰδὼν,</span> <span class='ocrx_word' id='word_1_537' title='bbox 638 4763 732 4816; x_wconf 90' lang='grc' dir='ltr'><strong>ούκ</strong></span> <span class='ocrx_word' id='word_1_538' title='bbox 775 4761 835 4814; x_wconf 84' lang='grc' dir='ltr'>ἂν</span> <span class='ocrx_word' id='word_1_539' title='bbox 890 4767 982 4822; x_wconf 82' lang='grc' dir='ltr'>τὴν</span> <span class='ocrx_word' id='word_1_540' title='bbox 1040 4765 1280 4815; x_wconf 79' lang='grc' dir='ltr'>ἔνστασιν</span> <span class='ocrx_word' id='word_1_541' title='bbox 1319 4759 1617 4830; x_wconf 82' lang='grc' dir='ltr'>κατεπλάγη</span> <span class='ocrx_word' id='word_1_542' title='bbox 1660 4759 1801 4831; x_wconf 85' lang='grc' dir='ltr'>μᾶλ-</span> 
     </span>
    </p>
   </div>
   <div class='ocr_carea' id='block_1_76' title="bbox 191 4851 1802 4927">
    <p class='ocr_par' dir='ltr' id='par_1_76' title="bbox 191 4851 1802 4927">
     <span class='ocr_line' id='line_1_76' title="bbox 191 4851 1802 4927; baseline -0.004 -20"><span class='ocrx_word' id='word_1_543' title='bbox 191 4854 302 4920; x_wconf 83' lang='grc' dir='ltr'>λον,</span> <span class='ocrx_word' id='word_1_544' title='bbox 341 4859 430 4906; x_wconf 82' lang='grc' dir='ltr'><strong>καὶ</strong></span> <span class='ocrx_word' id='word_1_545' title='bbox 467 4855 555 4914; x_wconf 82' lang='grc' dir='ltr'>τὰς</span> <span class='ocrx_word' id='word_1_546' title='bbox 606 4851 831 4926; x_wconf 84' lang='grc' dir='ltr'>ἀριθμοῦ</span> <span class='ocrx_word' id='word_1_547' title='bbox 883 4857 1149 4927; x_wconf 88' lang='grc' dir='ltr'>κρείττους</span> <span class='ocrx_word' id='word_1_548' title='bbox 1202 4853 1486 4923; x_wconf 86' lang='grc' dir='ltr'>μάστιγας,</span> <span class='ocrx_word' id='word_1_549' title='bbox 1546 4853 1666 4902; x_wconf 78' lang='grc' dir='ltr'>ὅσον</span> <span class='ocrx_word' id='word_1_550' title='bbox 1713 4851 1802 4900; x_wconf 90' lang='grc' dir='ltr'>τὸν</span> 
     </span>
    </p>
   </div>
   <div class='ocr_carea' id='block_1_77' title="bbox 192 4933 1804 5018">
    <p class='ocr_par' dir='ltr' id='par_1_77' title="bbox 192 4933 1804 5018">
     <span class='ocr_line' id='line_1_77' title="bbox 192 4933 1804 5018; baseline -0.006 -21"><span class='ocrx_word' id='word_1_551' title='bbox 192 4946 327 5018; x_wconf 84' lang='grc' dir='ltr'>μετὰ</span> <span class='ocrx_word' id='word_1_552' title='bbox 380 4950 549 4995; x_wconf 89' lang='grc' dir='ltr'>ταῦτα</span> <span class='ocrx_word' id='word_1_553' title='bbox 597 4946 724 5017; x_wconf 79' lang='grc' dir='ltr'>πρὸς</span> <span class='ocrx_word' id='word_1_554' title='bbox 780 4944 943 5017; x_wconf 85' lang='grc' dir='ltr'>θῆρας</span> <span class='ocrx_word' id='word_1_555' title='bbox 1018 4940 1230 5013; x_wconf 88' lang='grc' dir='ltr'>ἀγρίους</span> <span class='ocrx_word' id='word_1_556' title='bbox 1308 4939 1524 5012; x_wconf 84' lang='grc' dir='ltr'>ἀγῶνα;</span> <span class='ocrx_word' id='word_1_557' title='bbox 1590 4933 1804 5012; x_wconf 86' lang='grc' dir='ltr'>Παρδά-</span> 
     </span>
    </p>
   </div>
   <div class='ocr_carea' id='block_1_78' title="bbox 192 5022 1798 5107">
    <p class='ocr_par' dir='ltr' id='par_1_78' title="bbox 192 5022 1798 5107">
     <span class='ocr_line' id='line_1_78' title="bbox 192 5022 1798 5107; baseline -0.005 -21"><span class='ocrx_word' id='word_1_558' title='bbox 192 5034 299 5096; x_wconf 80' lang='grc' dir='ltr'>λεις</span> <span class='ocrx_word' id='word_1_559' title='bbox 345 5035 444 5106; x_wconf 80' lang='grc' dir='ltr'>γὰρ</span> <span class='ocrx_word' id='word_1_560' title='bbox 475 5037 566 5084; x_wconf 82' lang='grc' dir='ltr'>καὶ</span> <span class='ocrx_word' id='word_1_561' title='bbox 619 5033 824 5107; x_wconf 82' lang='grc' dir='ltr'>ἄρκτοι,</span> <span class='ocrx_word' id='word_1_562' title='bbox 869 5033 987 5093; x_wconf 88' lang='grc' dir='ltr'>σύες</span> <span class='ocrx_word' id='word_1_563' title='bbox 1018 5049 1071 5083; x_wconf 91' lang='grc' dir='ltr'><strong>τε</strong></span> <span class='ocrx_word' id='word_1_564' title='bbox 1111 5032 1306 5104; x_wconf 77' lang='grc' dir='ltr'>ἄγριοι,</span> <span class='ocrx_word' id='word_1_565' title='bbox 1359 5034 1448 5081; x_wconf 74' lang='grc' dir='ltr'>καὶ</span> <span class='ocrx_word' id='word_1_566' title='bbox 1501 5035 1685 5100; x_wconf 90' lang='grc' dir='ltr'>ταῦροι</span> <span class='ocrx_word' id='word_1_567' title='bbox 1731 5022 1798 5084; x_wconf 87' lang='grc' dir='ltr'>δή</span> 
     </span>
    </p>
   </div>
   <div class='ocr_carea' id='block_1_79' title="bbox 191 5112 1803 5198">
    <p class='ocr_par' dir='ltr' id='par_1_79' title="bbox 191 5112 1803 5198">
     <span class='ocr_line' id='line_1_79' title="bbox 191 5112 1803 5198; baseline -0.006 -23"><span class='ocrx_word' id='word_1_568' title='bbox 191 5141 328 5184; x_wconf 89' lang='grc' dir='ltr'>τινες</span> <span class='ocrx_word' id='word_1_569' title='bbox 396 5127 525 5198; x_wconf 83' lang='grc' dir='ltr'>πυρὶ</span> <span class='ocrx_word' id='word_1_570' title='bbox 597 5127 686 5174; x_wconf 83' lang='grc' dir='ltr'>καὶ</span> <span class='ocrx_word' id='word_1_571' title='bbox 757 5117 965 5195; x_wconf 79' lang='grc' dir='ltr'>σιδήρῳ</span> <span class='ocrx_word' id='word_1_572' title='bbox 1035 5122 1559 5193; x_wconf 86' lang='grc' dir='ltr'>κεκαυτηριασμένοι,</span> <span class='ocrx_word' id='word_1_573' title='bbox 1623 5112 1803 5176; x_wconf 83' lang='grc' dir='ltr'>δεινῶς</span> 
     </span>
    </p>
   </div>
   <div class='ocr_carea' id='block_1_80' title="bbox 195 5205 1802 5284">
    <p class='ocr_par' dir='ltr' id='par_1_80' title="bbox 195 5205 1802 5284">
     <span class='ocr_line' id='line_1_80' title="bbox 195 5205 1802 5284; baseline -0.005 -21"><span class='ocrx_word' id='word_1_574' title='bbox 195 5210 464 5284; x_wconf 72' lang='grc' dir='ltr'>ἐπαφίεντο</span> <span class='ocrx_word' id='word_1_575' title='bbox 498 5227 511 5242; x_wconf 86' lang='grc'><em>’</em></span> <span class='ocrx_word' id='word_1_576' title='bbox 567 5211 634 5261; x_wconf 83' lang='grc' dir='ltr'>ὧν</span> <span class='ocrx_word' id='word_1_577' title='bbox 685 5209 888 5282; x_wconf 77' lang='grc' dir='ltr'>ἑκάστῳ</span> <span class='ocrx_word' id='word_1_578' title='bbox 934 5213 1233 5282; x_wconf 88' lang='grc' dir='ltr'>θαυμασίαν</span> <span class='ocrx_word' id='word_1_579' title='bbox 1282 5207 1396 5268; x_wconf 76' lang='grc' dir='ltr'>ἐνῆν</span> <span class='ocrx_word' id='word_1_580' title='bbox 1452 5205 1656 5281; x_wconf 83' lang='grc' dir='ltr'>βλέπειν</span> <span class='ocrx_word' id='word_1_581' title='bbox 1701 5212 1802 5256; x_wconf 87' lang='grc' dir='ltr'>τῶν</span> 
     </span>
    </p>
   </div>
   <div class='ocr_carea' id='block_1_81' title="bbox 192 5293 1806 5373">
    <p class='ocr_par' dir='ltr' id='par_1_81' title="bbox 192 5293 1806 5373">
     <span class='ocr_line' id='line_1_81' title="bbox 192 5293 1806 5373; baseline -0.005 -20"><span class='ocrx_word' id='word_1_582' title='bbox 192 5304 440 5372; x_wconf 84' lang='grc' dir='ltr'>γενναίων</span> <span class='ocrx_word' id='word_1_583' title='bbox 488 5301 762 5373; x_wconf 86' lang='grc' dir='ltr'>μαρτύρων</span> <span class='ocrx_word' id='word_1_584' title='bbox 816 5303 910 5356; x_wconf 79' lang='grc' dir='ltr'>τὴν</span> <span class='ocrx_word' id='word_1_585' title='bbox 959 5303 1257 5372; x_wconf 88' lang='grc' dir='ltr'>καρτερίαν.</span> <span class='ocrx_word' id='word_1_586' title='bbox 1308 5297 1404 5350; x_wconf 86' lang='grc' dir='ltr'>Ἦν</span> <span class='ocrx_word' id='word_1_587' title='bbox 1459 5293 1518 5349; x_wconf 73' lang='grc' dir='ltr'><strong>δε</strong></span> <span class='ocrx_word' id='word_1_588' title='bbox 1559 5299 1649 5347; x_wconf 83' lang='grc' dir='ltr'>καὶ</span> <span class='ocrx_word' id='word_1_589' title='bbox 1681 5296 1806 5347; x_wconf 70' lang='grc' dir='ltr'>θαῦο</span> 
     </span>
    </p>
   </div>
   <div class='ocr_carea' id='block_1_82' title="bbox 194 5383 1804 5465">
    <p class='ocr_par' dir='ltr' id='par_1_82' title="bbox 194 5383 1804 5465">
     <span class='ocr_line' id='line_1_82' title="bbox 194 5383 1804 5465; baseline -0.005 -21"><span class='ocrx_word' id='word_1_590' title='bbox 194 5410 272 5464; x_wconf 87' lang='grc' dir='ltr'>μα</span> <span class='ocrx_word' id='word_1_591' title='bbox 322 5391 468 5465; x_wconf 79' lang='grc' dir='ltr'>ὀρᾷν,</span> <span class='ocrx_word' id='word_1_592' title='bbox 522 5398 633 5452; x_wconf 86' lang='grc' dir='ltr'>πῶς</span> <span class='ocrx_word' id='word_1_593' title='bbox 684 5389 818 5461; x_wconf 85' lang='grc' dir='ltr'>λιμῷ</span> <span class='ocrx_word' id='word_1_594' title='bbox 854 5390 922 5442; x_wconf 82' lang='grc' dir='ltr'>τὰ</span> <span class='ocrx_word' id='word_1_595' title='bbox 977 5387 1354 5460; x_wconf 78' lang='grc' dir='ltr'>ἀνθρωποϐὁρα</span> <span class='ocrx_word' id='word_1_596' title='bbox 1406 5387 1574 5440; x_wconf 75' lang='grc' dir='ltr'>ἐκεῖνα</span> <span class='ocrx_word' id='word_1_597' title='bbox 1623 5383 1804 5446; x_wconf 80' lang='grc' dir='ltr'>πιεζὸ-</span> 
     </span>
    </p>
   </div>
   <div class='ocr_carea' id='block_1_83' title="bbox 296 5513 1114 5590">
    <p class='ocr_par' dir='ltr' id='par_1_83' title="bbox 296 5513 1114 5590">
     <span class='ocr_line' id='line_1_83' title="bbox 296 5513 1114 5590; baseline -0.001 -20"><span class='ocrx_word' id='word_1_598' title='bbox 296 5517 349 5590; x_wconf 85' lang='grc'><strong>1)</strong></span> <span class='ocrx_word' id='word_1_599' title='bbox 377 5520 556 5590; x_wconf 70' lang='grc' dir='ltr'>Χὼρᾳ,</span> <span class='ocrx_word' id='word_1_600' title='bbox 588 5514 844 5587; x_wconf 82' lang='lat' dir='ltr'><strong>regione.</strong></span> <span class='ocrx_word' id='word_1_601' title='bbox 894 5513 1114 5569; x_wconf 91' lang='lat' dir='ltr'><strong>Euseb.</strong></span> 
     </span>
    </p>
   </div>
   <div class='ocr_carea' id='block_1_84' title="bbox 267 5516 1802 5662">
    <p class='ocr_par' dir='ltr' id='par_1_84' title="bbox 267 5516 1802 5662">
     <span class='ocr_line' id='line_1_84' title="bbox 296 5516 1114 5587; baseline -0.001 -17"><span class='ocrx_word' id='word_1_602' title='bbox 296 5517 349 5582; x_wconf 85' lang='grc'><strong>1)</strong></span> <span class='ocrx_word' id='word_1_603' title='bbox 377 5520 556 5583; x_wconf 77' lang='grc' dir='ltr'>Χὼοα,</span> <span class='ocrx_word' id='word_1_604' title='bbox 588 5516 844 5587; x_wconf 82' lang='lat' dir='ltr'><strong>regione.</strong></span> <span class='ocrx_word' id='word_1_605' title='bbox 894 5516 1114 5569; x_wconf 91' lang='lat' dir='ltr'><strong>Euseb.</strong></span> 
     </span>
     <span class='ocr_line' id='line_1_85' title="bbox 267 5516 1802 5662; baseline -0.001 -19"><span class='ocrx_word' id='word_1_606' title='bbox 267 5516 348 5662; x_wconf 42' lang='grc' dir='ltr'><strong>ὃ)</strong></span> <span class='ocrx_word' id='word_1_607' title='bbox 367 5569 655 5654; x_wconf 69' lang='lat' dir='ltr'><strong>Quasdam</strong></span> <span class='ocrx_word' id='word_1_608' title='bbox 677 5591 930 5644; x_wconf 87' lang='lat' dir='ltr'><strong>istorum</strong></span> <span class='ocrx_word' id='word_1_609' title='bbox 950 5584 1376 5658; x_wconf 86' lang='lat' dir='ltr'><strong>martyriorum</strong></span> <span class='ocrx_word' id='word_1_610' title='bbox 1398 5583 1460 5640; x_wconf 89' lang='lat' dir='ltr'><strong>in</strong></span> <span class='ocrx_word' id='word_1_611' title='bbox 1483 5581 1802 5642; x_wconf 68' lang='lat' dir='ltr'><strong>Palmstina</strong></span> 
     </span>
    </p>
   </div>
   <div class='ocr_carea' id='block_1_85' title="bbox 2523 2677 2906 2734">
    <p class='ocr_par' dir='ltr' id='par_1_85' title="bbox 2523 2677 2906 2734">
     <span class='ocr_line' id='line_1_86' title="bbox 2523 2677 2906 2734; baseline 0 0"><span class='ocrx_word' id='word_1_612' title='bbox 2523 2679 2746 2734; x_wconf 80' lang='lat' dir='ltr'><strong>CAPUT</strong></span> <span class='ocrx_word' id='word_1_613' title='bbox 2788 2677 2906 2734; x_wconf 88' lang='lat' dir='ltr'><strong>VII.</strong></span> 
     </span>
    </p>
   </div>
   <div class='ocr_carea' id='block_1_86' title="bbox 1901 2785 3550 2856">
    <p class='ocr_par' dir='ltr' id='par_1_86' title="bbox 1901 2785 3550 2856">
     <span class='ocr_line' id='line_1_87' title="bbox 1901 2785 3550 2856; baseline 0.005 -17"><span class='ocrx_word' id='word_1_614' title='bbox 1901 2786 1988 2841; x_wconf 89' lang='lat' dir='ltr'><strong>De</strong></span> <span class='ocrx_word' id='word_1_615' title='bbox 2001 2785 2478 2842; x_wconf 78' lang='lat' dir='ltr'><strong>Melitinensibus</strong></span> <span class='ocrx_word' id='word_1_616' title='bbox 2493 2785 2813 2856; x_wconf 60' lang='lat' dir='ltr'><strong>Egypliis,</strong></span> <span class='ocrx_word' id='word_1_617' title='bbox 2843 2787 3058 2856; x_wconf 82' lang='lat' dir='ltr'><strong>Tyriis,</strong></span> <span class='ocrx_word' id='word_1_618' title='bbox 3086 2793 3142 2844; x_wconf 79' lang='lat' dir='ltr'><strong>et</strong></span> <span class='ocrx_word' id='word_1_619' title='bbox 3169 2787 3550 2847; x_wconf 67' lang='lat' dir='ltr'><strong>Phanicibus</strong></span> 
     </span>
    </p>
   </div>
   <div class='ocr_carea' id='block_1_87' title="bbox 2543 2859 2932 2928">
    <p class='ocr_par' dir='ltr' id='par_1_87' title="bbox 2543 2859 2932 2928">
     <span class='ocr_line' id='line_1_88' title="bbox 2543 2859 2932 2928; baseline 0.003 -15"><span class='ocrx_word' id='word_1_620' title='bbox 2543 2859 2932 2928; x_wconf 80' lang='lat' dir='ltr'><strong>martyribus.</strong></span> 
     </span>
    </p>
   </div>
   <div class='ocr_carea' id='block_1_88' title="bbox 1975 2964 3556 3038">
    <p class='ocr_par' dir='ltr' id='par_1_88' title="bbox 1975 2964 3556 3038">
     <span class='ocr_line' id='line_1_89' title="bbox 1975 2964 3556 3038; baseline 0.004 -20"><span class='ocrx_word' id='word_1_621' title='bbox 1975 2964 2110 3020; x_wconf 67' lang='lat' dir='ltr'><strong>Haec</strong></span> <span class='ocrx_word' id='word_1_622' title='bbox 2139 2966 2222 3019; x_wconf 90' lang='lat' dir='ltr'><strong>sic</strong></span> <span class='ocrx_word' id='word_1_623' title='bbox 2259 2965 2423 3038; x_wconf 90' lang='lat' dir='ltr'><strong>apud</strong></span> <span class='ocrx_word' id='word_1_624' title='bbox 2467 2965 2875 3021; x_wconf 84' lang='lat' dir='ltr'><strong>Nicomediam</strong></span> <span class='ocrx_word' id='word_1_625' title='bbox 2906 2967 2966 3020; x_wconf 90' lang='lat' dir='ltr'><strong>in</strong></span> <span class='ocrx_word' id='word_1_626' title='bbox 2996 2965 3162 3021; x_wconf 91' lang='lat' dir='ltr'><strong>initio</strong></span> <span class='ocrx_word' id='word_1_627' title='bbox 3195 2968 3556 3037; x_wconf 91' lang='lat' dir='ltr'><strong>persecutio-</strong></span> 
     </span>
    </p>
   </div>
   <div class='ocr_carea' id='block_1_89' title="bbox 1903 3053 3551 3124">
    <p class='ocr_par' dir='ltr' id='par_1_89' title="bbox 1903 3053 3551 3124">
     <span class='ocr_line' id='line_1_90' title="bbox 1903 3053 3551 3124; baseline 0.004 -16"><span class='ocrx_word' id='word_1_628' title='bbox 1903 3054 1995 3108; x_wconf 90' lang='lat' dir='ltr'><strong>nis</strong></span> <span class='ocrx_word' id='word_1_629' title='bbox 2026 3053 2401 3124; x_wconf 89' lang='lat' dir='ltr'><strong>gerebantur.</strong></span> <span class='ocrx_word' id='word_1_630' title='bbox 2435 3056 2562 3110; x_wconf 90' lang='lat' dir='ltr'><strong>Non</strong></span> <span class='ocrx_word' id='word_1_631' title='bbox 2591 3056 2790 3109; x_wconf 88' lang='lat' dir='ltr'><strong>minus</strong></span> <span class='ocrx_word' id='word_1_632' title='bbox 2809 3061 3008 3110; x_wconf 90' lang='lat' dir='ltr'><strong>autem</strong></span> <span class='ocrx_word' id='word_1_633' title='bbox 3032 3053 3090 3109; x_wconf 91' lang='lat' dir='ltr'><strong>in</strong></span> <span class='ocrx_word' id='word_1_634' title='bbox 3116 3055 3371 3112; x_wconf 83' lang='lat' dir='ltr'><strong>Melitina</strong></span> <span class='ocrx_word' id='word_1_635' title='bbox 3402 3057 3551 3114; x_wconf 88' lang='lat' dir='ltr'><strong>urbe</strong></span> 
     </span>
    </p>
   </div>
   <div class='ocr_carea' id='block_1_90' title="bbox 1903 3143 3553 3215">
    <p class='ocr_par' dir='ltr' id='par_1_90' title="bbox 1903 3143 3553 3215">
     <span class='ocr_line' id='line_1_91' title="bbox 1903 3143 3553 3215; baseline 0.004 -18"><span class='ocrx_word' id='word_1_636' title='bbox 1903 3143 1981 3214; x_wconf 86' lang='grc'><strong>(1)</strong></span> <span class='ocrx_word' id='word_1_637' title='bbox 2011 3146 2279 3214; x_wconf 86' lang='lat' dir='ltr'><strong>tyrannis</strong></span> <span class='ocrx_word' id='word_1_638' title='bbox 2299 3143 2706 3212; x_wconf 89' lang='lat' dir='ltr'><strong>grassabatur.</strong></span> <span class='ocrx_word' id='word_1_639' title='bbox 2730 3143 2893 3199; x_wconf 90' lang='lat' dir='ltr'><strong>Idem</strong></span> <span class='ocrx_word' id='word_1_640' title='bbox 2923 3145 2981 3198; x_wconf 90' lang='lat' dir='ltr'><strong>in</strong></span> <span class='ocrx_word' id='word_1_641' title='bbox 3006 3146 3176 3215; x_wconf 83' lang='lat' dir='ltr'><strong>Syria</strong></span> <span class='ocrx_word' id='word_1_642' title='bbox 3196 3145 3396 3202; x_wconf 86' lang='lat' dir='ltr'><strong>ﬁebat.</strong></span> <span class='ocrx_word' id='word_1_643' title='bbox 3432 3145 3553 3202; x_wconf 86' lang='lat' dir='ltr'><strong>Cir-</strong></span> 
     </span>
    </p>
   </div>
   <div class='ocr_carea' id='block_1_91' title="bbox 1903 3232 3555 3306">
    <p class='ocr_par' dir='ltr' id='par_1_91' title="bbox 1903 3232 3555 3306">
     <span class='ocr_line' id='line_1_92' title="bbox 1903 3232 3555 3306; baseline 0.002 -18"><span class='ocrx_word' id='word_1_644' title='bbox 1903 3232 2388 3288; x_wconf 86' lang='lat' dir='ltr'><strong>cumferebantur</strong></span> <span class='ocrx_word' id='word_1_645' title='bbox 2404 3233 2562 3288; x_wconf 89' lang='lat' dir='ltr'><strong>enim</strong></span> <span class='ocrx_word' id='word_1_646' title='bbox 2581 3232 2916 3304; x_wconf 89' lang='lat' dir='ltr'><strong>imperialia</strong></span> <span class='ocrx_word' id='word_1_647' title='bbox 2941 3235 3179 3304; x_wconf 90' lang='lat' dir='ltr'><strong>scripta,</strong></span> <span class='ocrx_word' id='word_1_648' title='bbox 3204 3251 3339 3306; x_wconf 66' lang='lat' dir='ltr'><strong>quas</strong></span> <span class='ocrx_word' id='word_1_649' title='bbox 3370 3236 3555 3292; x_wconf 85' lang='lat' dir='ltr'><strong>eccle-</strong></span> 
     </span>
    </p>
   </div>
   <div class='ocr_carea' id='block_1_92' title="bbox 1905 3321 3554 3394">
    <p class='ocr_par' dir='ltr' id='par_1_92' title="bbox 1905 3321 3554 3394">
     <span class='ocr_line' id='line_1_93' title="bbox 1905 3321 3554 3394; baseline 0.002 -17"><span class='ocrx_word' id='word_1_650' title='bbox 1905 3323 2130 3378; x_wconf 88' lang='lat' dir='ltr'><strong>siarum</strong></span> <span class='ocrx_word' id='word_1_651' title='bbox 2159 3329 2433 3394; x_wconf 83' lang='lat' dir='ltr'><strong>pastores</strong></span> <span class='ocrx_word' id='word_1_652' title='bbox 2463 3336 2699 3377; x_wconf 87' lang='lat' dir='ltr'><strong>carcere</strong></span> <span class='ocrx_word' id='word_1_653' title='bbox 2723 3321 2948 3378; x_wconf 90' lang='lat' dir='ltr'><strong>includi</strong></span> <span class='ocrx_word' id='word_1_654' title='bbox 2979 3323 3295 3393; x_wconf 90' lang='lat' dir='ltr'><strong>jubebant.</strong></span> <span class='ocrx_word' id='word_1_655' title='bbox 3332 3326 3395 3379; x_wconf 88' lang='lat' dir='ltr'><strong>Et</strong></span> <span class='ocrx_word' id='word_1_656' title='bbox 3427 3328 3554 3382; x_wconf 88' lang='lat' dir='ltr'><strong>erat</strong></span> 
     </span>
    </p>
   </div>
   <div class='ocr_carea' id='block_1_93' title="bbox 1905 3411 3551 3485">
    <p class='ocr_par' dir='ltr' id='par_1_93' title="bbox 1905 3411 3551 3485">
     <span class='ocr_line' id='line_1_94' title="bbox 1905 3411 3551 3485; baseline 0.002 -19"><span class='ocrx_word' id='word_1_657' title='bbox 1905 3413 2128 3484; x_wconf 91' lang='lat' dir='ltr'><strong>ubique</strong></span> <span class='ocrx_word' id='word_1_658' title='bbox 2184 3411 2526 3466; x_wconf 89' lang='lat' dir='ltr'><strong>miseranda</strong></span> <span class='ocrx_word' id='word_1_659' title='bbox 2568 3417 2625 3466; x_wconf 89' lang='lat' dir='ltr'><strong>et</strong></span> <span class='ocrx_word' id='word_1_660' title='bbox 2663 3413 2863 3480; x_wconf 85' lang='lat' dir='ltr'><strong>gravis</strong></span> <span class='ocrx_word' id='word_1_661' title='bbox 2903 3428 3100 3467; x_wconf 91' lang='lat' dir='ltr'><strong>rerum</strong></span> <span class='ocrx_word' id='word_1_662' title='bbox 3150 3413 3349 3478; x_wconf 82' lang='lat' dir='ltr'><strong>facies,</strong></span> <span class='ocrx_word' id='word_1_663' title='bbox 3383 3415 3551 3485; x_wconf 85' lang='lat' dir='ltr'><strong>quod</strong></span> 
     </span>
    </p>
   </div>
   <div class='ocr_carea' id='block_1_94' title="bbox 1902 3500 3554 3573">
    <p class='ocr_par' dir='ltr' id='par_1_94' title="bbox 1902 3500 3554 3573">
     <span class='ocr_line' id='line_1_95' title="bbox 1902 3500 3554 3573; baseline 0.001 -17"><span class='ocrx_word' id='word_1_664' title='bbox 1902 3501 2163 3573; x_wconf 90' lang='lat' dir='ltr'><strong>plurima</strong></span> <span class='ocrx_word' id='word_1_665' title='bbox 2196 3500 2383 3556; x_wconf 88' lang='lat' dir='ltr'><strong>millia</strong></span> <span class='ocrx_word' id='word_1_666' title='bbox 2405 3500 2630 3571; x_wconf 90' lang='lat' dir='ltr'><strong>passim</strong></span> <span class='ocrx_word' id='word_1_667' title='bbox 2651 3500 3019 3554; x_wconf 86' lang='lat' dir='ltr'><strong>traherentur</strong></span> <span class='ocrx_word' id='word_1_668' title='bbox 3036 3509 3216 3572; x_wconf 90' lang='lat' dir='ltr'><strong>atque</strong></span> <span class='ocrx_word' id='word_1_669' title='bbox 3244 3508 3554 3572; x_wconf 88' lang='lat' dir='ltr'><strong>raptaren-</strong></span> 
     </span>
    </p>
   </div>
   <div class='ocr_carea' id='block_1_95' title="bbox 1902 3589 3555 3661">
    <p class='ocr_par' dir='ltr' id='par_1_95' title="bbox 1902 3589 3555 3661">
     <span class='ocr_line' id='line_1_96' title="bbox 1902 3589 3555 3661; baseline 0.001 -16"><span class='ocrx_word' id='word_1_670' title='bbox 1902 3596 2017 3645; x_wconf 91' lang='lat' dir='ltr'><strong>tur.</strong></span> <span class='ocrx_word' id='word_1_671' title='bbox 2052 3593 2116 3645; x_wconf 87' lang='lat' dir='ltr'><strong>Et</strong></span> <span class='ocrx_word' id='word_1_672' title='bbox 2153 3605 2286 3661; x_wconf 69' lang='lat' dir='ltr'><strong>qua:</strong></span> <span class='ocrx_word' id='word_1_673' title='bbox 2315 3596 2492 3644; x_wconf 89' lang='lat' dir='ltr'><strong>antea</strong></span> <span class='ocrx_word' id='word_1_674' title='bbox 2522 3589 2996 3659; x_wconf 88' lang='lat' dir='ltr'><strong>percussoribus,</strong></span> <span class='ocrx_word' id='word_1_675' title='bbox 3029 3589 3345 3645; x_wconf 77' lang='lat' dir='ltr'><strong>llomicidis</strong></span> <span class='ocrx_word' id='word_1_676' title='bbox 3370 3598 3426 3646; x_wconf 90' lang='lat' dir='ltr'><strong>et</strong></span> <span class='ocrx_word' id='word_1_677' title='bbox 3463 3607 3555 3646; x_wconf 92' lang='lat' dir='ltr'><strong>se-</strong></span> 
     </span>
    </p>
   </div>
   <div class='ocr_carea' id='block_1_96' title="bbox 1904 3678 3552 3750">
    <p class='ocr_par' dir='ltr' id='par_1_96' title="bbox 1904 3678 3552 3750">
     <span class='ocr_line' id='line_1_97' title="bbox 1904 3678 3552 3750; baseline 0.001 -18"><span class='ocrx_word' id='word_1_678' title='bbox 1904 3679 2247 3750; x_wconf 91' lang='lat' dir='ltr'><strong>pulcrorum</strong></span> <span class='ocrx_word' id='word_1_679' title='bbox 2272 3678 2657 3733; x_wconf 90' lang='lat' dir='ltr'><strong>violatoribus</strong></span> <span class='ocrx_word' id='word_1_680' title='bbox 2677 3683 2844 3732; x_wconf 90' lang='lat' dir='ltr'><strong>erant</strong></span> <span class='ocrx_word' id='word_1_681' title='bbox 2862 3684 3214 3748; x_wconf 68' lang='lat' dir='ltr'><strong>praeparatae</strong></span> <span class='ocrx_word' id='word_1_682' title='bbox 3239 3680 3552 3747; x_wconf 67' lang='lat' dir='ltr'><strong>custodias,</strong></span> 
     </span>
    </p>
   </div>
   <div class='ocr_carea' id='block_1_97' title="bbox 1901 3765 3550 3840">
    <p class='ocr_par' dir='ltr' id='par_1_97' title="bbox 1901 3765 3550 3840">
     <span class='ocr_line' id='line_1_98' title="bbox 1901 3765 3550 3840; baseline 0.001 -17"><span class='ocrx_word' id='word_1_683' title='bbox 1901 3767 1994 3823; x_wconf 64' lang='lat' dir='ltr'><strong>has</strong></span> <span class='ocrx_word' id='word_1_684' title='bbox 2034 3768 2547 3840; x_wconf 85' lang='lat' dir='ltr'><strong>presbyterorum,</strong></span> <span class='ocrx_word' id='word_1_685' title='bbox 2579 3765 2977 3820; x_wconf 92' lang='lat' dir='ltr'><strong>diaconorum</strong></span> <span class='ocrx_word' id='word_1_686' title='bbox 3010 3766 3386 3839; x_wconf 89' lang='lat' dir='ltr'><strong>aliorumque</strong></span> <span class='ocrx_word' id='word_1_687' title='bbox 3417 3768 3550 3840; x_wconf 88' lang='lat' dir='ltr'><strong>ejus</strong></span> 
     </span>
    </p>
   </div>
   <div class='ocr_carea' id='block_1_98' title="bbox 1902 3855 3556 3926">
    <p class='ocr_par' dir='ltr' id='par_1_98' title="bbox 1902 3855 3556 3926">
     <span class='ocr_line' id='line_1_99' title="bbox 1902 3855 3556 3926; baseline 0 -13"><span class='ocrx_word' id='word_1_688' title='bbox 1902 3856 2128 3913; x_wconf 87' lang='lat' dir='ltr'><strong>ordinis</strong></span> <span class='ocrx_word' id='word_1_689' title='bbox 2167 3862 2511 3911; x_wconf 90' lang='lat' dir='ltr'><strong>sanctorum</strong></span> <span class='ocrx_word' id='word_1_690' title='bbox 2544 3857 2806 3909; x_wconf 90' lang='lat' dir='ltr'><strong>virorum</strong></span> <span class='ocrx_word' id='word_1_691' title='bbox 2836 3855 3020 3909; x_wconf 89' lang='lat' dir='ltr'><strong>choro</strong></span> <span class='ocrx_word' id='word_1_692' title='bbox 3050 3855 3462 3926; x_wconf 76' lang='lat' dir='ltr'><strong>rapiebantur:</strong></span> <span class='ocrx_word' id='word_1_693' title='bbox 3491 3865 3556 3914; x_wconf 85' lang='lat' dir='ltr'><strong>ut</strong></span> 
     </span>
    </p>
   </div>
   <div class='ocr_carea' id='block_1_99' title="bbox 1895 3943 3559 4020">
    <p class='ocr_par' dir='ltr' id='par_1_99' title="bbox 1895 3943 3559 4020">
     <span class='ocr_line' id='line_1_100' title="bbox 1895 3943 3559 4020; baseline 0.001 -18"><span class='ocrx_word' id='word_1_694' title='bbox 1895 3948 2024 4020; x_wconf 84' lang='lat' dir='ltr'><strong>jam</strong></span> <span class='ocrx_word' id='word_1_695' title='bbox 2066 3945 2370 4008; x_wconf 83' lang='lat' dir='ltr'><strong>maleﬁcis,</strong></span> <span class='ocrx_word' id='word_1_696' title='bbox 2411 3943 2800 4015; x_wconf 69' lang='lat' dir='ltr'><strong>praedonibus</strong></span> <span class='ocrx_word' id='word_1_697' title='bbox 2843 3943 3095 4016; x_wconf 88' lang='lat' dir='ltr'><strong>aliisque</strong></span> <span class='ocrx_word' id='word_1_698' title='bbox 3140 3944 3559 4003; x_wconf 87' lang='lat' dir='ltr'><strong>condemnatis</strong></span> 
     </span>
    </p>
   </div>
   <div class='ocr_carea' id='block_1_100' title="bbox 1902 4033 3558 4106">
    <p class='ocr_par' dir='ltr' id='par_1_100' title="bbox 1902 4033 3558 4106">
     <span class='ocr_line' id='line_1_101' title="bbox 1902 4033 3558 4106; baseline 0.001 -14"><span class='ocrx_word' id='word_1_699' title='bbox 1902 4037 2246 4092; x_wconf 89' lang='lat' dir='ltr'><strong>hominibus</strong></span> <span class='ocrx_word' id='word_1_700' title='bbox 2286 4034 2451 4088; x_wconf 90' lang='lat' dir='ltr'><strong>locus</strong></span> <span class='ocrx_word' id='word_1_701' title='bbox 2485 4033 2546 4087; x_wconf 89' lang='lat' dir='ltr'><strong>in</strong></span> <span class='ocrx_word' id='word_1_702' title='bbox 2593 4048 2825 4087; x_wconf 89' lang='lat' dir='ltr'><strong>carcere</strong></span> <span class='ocrx_word' id='word_1_703' title='bbox 2856 4049 2977 4088; x_wconf 89' lang='lat' dir='ltr'><strong>non</strong></span> <span class='ocrx_word' id='word_1_704' title='bbox 3031 4039 3201 4089; x_wconf 91' lang='lat' dir='ltr'><strong>esset.</strong></span> <span class='ocrx_word' id='word_1_705' title='bbox 3237 4037 3351 4090; x_wconf 84' lang='lat' dir='ltr'><strong>Nec</strong></span> <span class='ocrx_word' id='word_1_706' title='bbox 3379 4034 3558 4106; x_wconf 90' lang='lat' dir='ltr'><strong>longe</strong></span> 
     </span>
    </p>
   </div>
   <div class='ocr_carea' id='block_1_101' title="bbox 1903 4120 3555 4199">
    <p class='ocr_par' dir='ltr' id='par_1_101' title="bbox 1903 4120 3555 4199">
     <span class='ocr_line' id='line_1_102' title="bbox 1903 4120 3555 4199; baseline 0 -18"><span class='ocrx_word' id='word_1_707' title='bbox 1903 4131 2040 4199; x_wconf 90' lang='lat' dir='ltr'><strong>post</strong></span> <span class='ocrx_word' id='word_1_708' title='bbox 2068 4126 2198 4180; x_wconf 60' lang='lat' dir='ltr'><strong>alia:</strong></span> <span class='ocrx_word' id='word_1_709' title='bbox 2229 4122 2656 4194; x_wconf 90' lang='lat' dir='ltr'><strong>superveniunt</strong></span> <span class='ocrx_word' id='word_1_710' title='bbox 2674 4120 2912 4177; x_wconf 73' lang='lat' dir='ltr'><strong>litterae:</strong></span> <span class='ocrx_word' id='word_1_711' title='bbox 2948 4127 3009 4177; x_wconf 89' lang='lat' dir='ltr'><strong>ut</strong></span> <span class='ocrx_word' id='word_1_712' title='bbox 3029 4123 3134 4194; x_wconf 91' lang='lat' dir='ltr'><strong>qui</strong></span> <span class='ocrx_word' id='word_1_713' title='bbox 3164 4123 3222 4177; x_wconf 92' lang='lat' dir='ltr'><strong>in</strong></span> <span class='ocrx_word' id='word_1_714' title='bbox 3262 4124 3555 4181; x_wconf 88' lang='lat' dir='ltr'><strong>custodiis</strong></span> 
     </span>
    </p>
   </div>
   <div class='ocr_carea' id='block_1_102' title="bbox 1903 4210 3554 4283">
    <p class='ocr_par' dir='ltr' id='par_1_102' title="bbox 1903 4210 3554 4283">
     <span class='ocr_line' id='line_1_103' title="bbox 1903 4210 3554 4283; baseline 0 -13"><span class='ocrx_word' id='word_1_715' title='bbox 1903 4215 2019 4270; x_wconf 87' lang='lat' dir='ltr'><strong>dits</strong></span> <span class='ocrx_word' id='word_1_716' title='bbox 2059 4213 2481 4276; x_wconf 83' lang='lat' dir='ltr'><strong>sacriﬁcarent,</strong></span> <span class='ocrx_word' id='word_1_717' title='bbox 2528 4210 2696 4265; x_wconf 86' lang='lat' dir='ltr'><strong>liberi</strong></span> <span class='ocrx_word' id='word_1_718' title='bbox 2739 4210 3011 4278; x_wconf 89' lang='lat' dir='ltr'><strong>abirent;</strong></span> <span class='ocrx_word' id='word_1_719' title='bbox 3067 4212 3169 4283; x_wconf 90' lang='lat' dir='ltr'><strong>qui</strong></span> <span class='ocrx_word' id='word_1_720' title='bbox 3232 4211 3292 4268; x_wconf 88' lang='lat' dir='ltr'><strong>id</strong></span> <span class='ocrx_word' id='word_1_721' title='bbox 3355 4212 3554 4270; x_wconf 85' lang='lat' dir='ltr'><strong>facere</strong></span> 
     </span>
    </p>
   </div>
   <div class='ocr_carea' id='block_1_103' title="bbox 1904 4299 3550 4372">
    <p class='ocr_par' dir='ltr' id='par_1_103' title="bbox 1904 4299 3550 4372">
     <span class='ocr_line' id='line_1_104' title="bbox 1904 4299 3550 4372; baseline -0.001 -11"><span class='ocrx_word' id='word_1_722' title='bbox 1904 4308 2268 4368; x_wconf 87' lang='lat' dir='ltr'><strong>recusarent,</strong></span> <span class='ocrx_word' id='word_1_723' title='bbox 2300 4301 2465 4356; x_wconf 90' lang='lat' dir='ltr'><strong>omni</strong></span> <span class='ocrx_word' id='word_1_724' title='bbox 2505 4299 2803 4355; x_wconf 90' lang='lat' dir='ltr'><strong>malorum</strong></span> <span class='ocrx_word' id='word_1_725' title='bbox 2855 4315 3072 4372; x_wconf 88' lang='lat' dir='ltr'><strong>genere</strong></span> <span class='ocrx_word' id='word_1_726' title='bbox 3113 4299 3550 4369; x_wconf 83' lang='lat' dir='ltr'><strong>afﬂigerentur.</strong></span> 
     </span>
    </p>
   </div>
   <div class='ocr_carea' id='block_1_104' title="bbox 1905 4388 3556 4462">
    <p class='ocr_par' dir='ltr' id='par_1_104' title="bbox 1905 4388 3556 4462">
     <span class='ocr_line' id='line_1_105' title="bbox 1905 4388 3556 4462; baseline -0.002 -12"><span class='ocrx_word' id='word_1_727' title='bbox 1905 4394 2019 4450; x_wconf 92' lang='lat' dir='ltr'><strong>Sed</strong></span> <span class='ocrx_word' id='word_1_728' title='bbox 2058 4393 2216 4448; x_wconf 89' lang='lat' dir='ltr'><strong>enim</strong></span> <span class='ocrx_word' id='word_1_729' title='bbox 2258 4390 2394 4462; x_wconf 90' lang='lat' dir='ltr'><strong>quis</strong></span> <span class='ocrx_word' id='word_1_730' title='bbox 2442 4388 2709 4454; x_wconf 90' lang='lat' dir='ltr'><strong>tandem,</strong></span> <span class='ocrx_word' id='word_1_731' title='bbox 2756 4390 2859 4461; x_wconf 89' lang='lat' dir='ltr'><strong>qui</strong></span> <span class='ocrx_word' id='word_1_732' title='bbox 2911 4389 3050 4445; x_wconf 90' lang='lat' dir='ltr'><strong>talia</strong></span> <span class='ocrx_word' id='word_1_733' title='bbox 3110 4389 3288 4459; x_wconf 88' lang='lat' dir='ltr'><strong>legat,</strong></span> <span class='ocrx_word' id='word_1_734' title='bbox 3324 4397 3556 4448; x_wconf 88' lang='lat' dir='ltr'><strong>tantam</strong></span> 
     </span>
    </p>
   </div>
   <div class='ocr_carea' id='block_1_105' title="bbox 1908 4477 3557 4555">
    <p class='ocr_par' dir='ltr' id='par_1_105' title="bbox 1908 4477 3557 4555">
     <span class='ocr_line' id='line_1_106' title="bbox 1908 4477 3557 4555; baseline -0.003 -15"><span class='ocrx_word' id='word_1_735' title='bbox 1908 4488 2242 4555; x_wconf 90' lang='lat' dir='ltr'><strong>martyrum</strong></span> <span class='ocrx_word' id='word_1_736' title='bbox 2273 4479 2509 4535; x_wconf 90' lang='lat' dir='ltr'><strong>turbam</strong></span> <span class='ocrx_word' id='word_1_737' title='bbox 2533 4477 2921 4534; x_wconf 80' lang='lat' dir='ltr'><strong>dinumerat?</strong></span> <span class='ocrx_word' id='word_1_738' title='bbox 2946 4478 3049 4550; x_wconf 90' lang='lat' dir='ltr'><strong>qui</strong></span> <span class='ocrx_word' id='word_1_739' title='bbox 3078 4494 3183 4550; x_wconf 90' lang='lat' dir='ltr'><strong>per</strong></span> <span class='ocrx_word' id='word_1_740' title='bbox 3213 4480 3557 4550; x_wconf 81' lang='lat' dir='ltr'><strong>provincias</strong></span> 
     </span>
    </p>
   </div>
   <div class='ocr_carea' id='block_1_106' title="bbox 1907 4568 3564 4632">
    <p class='ocr_par' dir='ltr' id='par_1_106' title="bbox 1907 4568 3564 4632">
     <span class='ocr_line' id='line_1_107' title="bbox 1907 4568 3564 4632; baseline -0.005 0"><span class='ocrx_word' id='word_1_741' title='bbox 1907 4589 2117 4632; x_wconf 90' lang='lat' dir='ltr'><strong>omnes</strong></span> <span class='ocrx_word' id='word_1_742' title='bbox 2140 4569 2784 4630; x_wconf 88' lang='lat' dir='ltr'><strong>strenuedecertarunt,</strong></span> <span class='ocrx_word' id='word_1_743' title='bbox 2813 4568 3074 4623; x_wconf 84' lang='lat' dir='ltr'><strong>maxime</strong></span> <span class='ocrx_word' id='word_1_744' title='bbox 3105 4569 3378 4624; x_wconf 88' lang='lat' dir='ltr'><strong>autemin</strong></span> <span class='ocrx_word' id='word_1_745' title='bbox 3409 4570 3564 4625; x_wconf 79' lang='lat' dir='ltr'><strong>Afri-</strong></span> 
     </span>
    </p>
   </div>
   <div class='ocr_carea' id='block_1_107' title="bbox 1908 4656 3555 4729">
    <p class='ocr_par' dir='ltr' id='par_1_107' title="bbox 1908 4656 3555 4729">
     <span class='ocr_line' id='line_1_108' title="bbox 1908 4656 3555 4729; baseline -0.01 -8"><span class='ocrx_word' id='word_1_746' title='bbox 1908 4681 1980 4720; x_wconf 88' lang='lat' dir='ltr'><strong>ca</strong></span> <span class='ocrx_word' id='word_1_747' title='bbox 2025 4667 2080 4719; x_wconf 91' lang='lat' dir='ltr'><strong>et</strong></span> <span class='ocrx_word' id='word_1_748' title='bbox 2120 4658 2472 4716; x_wconf 80' lang='lat' dir='ltr'><strong>Mauritania</strong></span> <span class='ocrx_word' id='word_1_749' title='bbox 2512 4675 2525 4712; x_wconf 90' lang='lat'><strong>:</strong></span> <span class='ocrx_word' id='word_1_750' title='bbox 2557 4657 2698 4712; x_wconf 90' lang='lat' dir='ltr'><strong>item</strong></span> <span class='ocrx_word' id='word_1_751' title='bbox 2727 4656 3022 4712; x_wconf 88' lang='lat' dir='ltr'><strong>Thebaide</strong></span> <span class='ocrx_word' id='word_1_752' title='bbox 3062 4663 3118 4712; x_wconf 90' lang='lat' dir='ltr'><strong>et</strong></span> <span class='ocrx_word' id='word_1_753' title='bbox 3156 4657 3216 4712; x_wconf 91' lang='lat' dir='ltr'><strong>in</strong></span> <span class='ocrx_word' id='word_1_754' title='bbox 3252 4656 3507 4729; x_wconf 62' lang='grc' dir='ltr'>Αἳεγριο</span> <span class='ocrx_word' id='word_1_755' title='bbox 3539 4675 3555 4714; x_wconf 72' lang='grc' dir='ltr'><strong>ε</strong></span> 
     </span>
    </p>
   </div>
   <div class='ocr_carea' id='block_1_108' title="bbox 1912 4745 3561 4810">
    <p class='ocr_par' dir='ltr' id='par_1_108' title="bbox 1912 4745 3561 4810">
     <span class='ocr_line' id='line_1_109' title="bbox 1912 4745 3561 4810; baseline -0.004 -2"><span class='ocrx_word' id='word_1_756' title='bbox 1912 4752 2068 4808; x_wconf 90' lang='lat' dir='ltr'><strong>unde</strong></span> <span class='ocrx_word' id='word_1_757' title='bbox 2101 4747 2352 4805; x_wconf 90' lang='lat' dir='ltr'><strong>nonnuli</strong></span> <span class='ocrx_word' id='word_1_758' title='bbox 2383 4748 2565 4802; x_wconf 88' lang='lat' dir='ltr'><strong>etiam</strong></span> <span class='ocrx_word' id='word_1_759' title='bbox 2595 4746 2654 4800; x_wconf 88' lang='lat' dir='ltr'><strong>in</strong></span> <span class='ocrx_word' id='word_1_760' title='bbox 2677 4745 2824 4800; x_wconf 89' lang='lat' dir='ltr'><strong>alias</strong></span> <span class='ocrx_word' id='word_1_761' title='bbox 2855 4745 3213 4800; x_wconf 88' lang='lat' dir='ltr'><strong>divertentes</strong></span> <span class='ocrx_word' id='word_1_762' title='bbox 3249 4747 3446 4810; x_wconf 91' lang='lat' dir='ltr'><strong>urbes,</strong></span> <span class='ocrx_word' id='word_1_763' title='bbox 3475 4745 3561 4802; x_wconf 93' lang='lat' dir='ltr'><strong>ibi</strong></span> 
     </span>
    </p>
   </div>
   <div class='ocr_carea' id='block_1_109' title="bbox 1909 4833 3563 4905">
    <p class='ocr_par' dir='ltr' id='par_1_109' title="bbox 1909 4833 3563 4905">
     <span class='ocr_line' id='line_1_110' title="bbox 1909 4833 3563 4905; baseline -0.004 -8"><span class='ocrx_word' id='word_1_764' title='bbox 1909 4839 2315 4898; x_wconf 85' lang='lat' dir='ltr'><strong>fortitudinem</strong></span> <span class='ocrx_word' id='word_1_765' title='bbox 2338 4851 2511 4890; x_wconf 90' lang='lat' dir='ltr'><strong>suam</strong></span> <span class='ocrx_word' id='word_1_766' title='bbox 2537 4850 2646 4905; x_wconf 92' lang='lat' dir='ltr'><strong>pro</strong></span> <span class='ocrx_word' id='word_1_767' title='bbox 2676 4833 2905 4890; x_wconf 90' lang='lat' dir='ltr'><strong>Christo</strong></span> <span class='ocrx_word' id='word_1_768' title='bbox 2935 4839 2992 4888; x_wconf 91' lang='lat' dir='ltr'><strong>et</strong></span> <span class='ocrx_word' id='word_1_769' title='bbox 3030 4834 3432 4890; x_wconf 89' lang='lat' dir='ltr'><strong>constantiam</strong></span> <span class='ocrx_word' id='word_1_770' title='bbox 3460 4851 3563 4891; x_wconf 90' lang='lat' dir='ltr'><strong>ex-</strong></span> 
     </span>
    </p>
   </div>
   <div class='ocr_carea' id='block_1_110' title="bbox 1909 4921 3560 4995">
    <p class='ocr_par' dir='ltr' id='par_1_110' title="bbox 1909 4921 3560 4995">
     <span class='ocr_line' id='line_1_111' title="bbox 1909 4921 3560 4995; baseline -0.004 -9"><span class='ocrx_word' id='word_1_771' title='bbox 1909 4930 2252 4988; x_wconf 90' lang='lat' dir='ltr'><strong>hibuerunt.</strong></span> <span class='ocrx_word' id='word_1_772' title='bbox 2285 4927 2549 4992; x_wconf 86' lang='lat' dir='ltr'><strong>Quorum</strong></span> <span class='ocrx_word' id='word_1_773' title='bbox 2576 4923 2711 4995; x_wconf 89' lang='lat' dir='ltr'><strong>quis</strong></span> <span class='ocrx_word' id='word_1_774' title='bbox 2750 4937 2892 4988; x_wconf 91' lang='lat' dir='ltr'><strong>non,</strong></span> <span class='ocrx_word' id='word_1_775' title='bbox 2928 4922 2978 4976; x_wconf 91' lang='lat' dir='ltr'><strong>si</strong></span> <span class='ocrx_word' id='word_1_776' title='bbox 3009 4921 3233 4992; x_wconf 86' lang='lat' dir='ltr'><strong>videat,</strong></span> <span class='ocrx_word' id='word_1_777' title='bbox 3257 4939 3397 4979; x_wconf 89' lang='lat' dir='ltr'><strong>cum</strong></span> <span class='ocrx_word' id='word_1_778' title='bbox 3431 4929 3560 4980; x_wconf 88' lang='lat' dir='ltr'><strong>stu-</strong></span> 
     </span>
    </p>
   </div>
   <div class='ocr_carea' id='block_1_111' title="bbox 1911 5011 3559 5092">
    <p class='ocr_par' dir='ltr' id='par_1_111' title="bbox 1911 5011 3559 5092">
     <span class='ocr_line' id='line_1_112' title="bbox 1911 5011 3559 5092; baseline -0.003 -17"><span class='ocrx_word' id='word_1_779' title='bbox 1911 5034 2055 5092; x_wconf 90' lang='lat' dir='ltr'><strong>pore</strong></span> <span class='ocrx_word' id='word_1_780' title='bbox 2081 5016 2408 5074; x_wconf 88' lang='lat' dir='ltr'><strong>admiretur</strong></span> <span class='ocrx_word' id='word_1_781' title='bbox 2445 5012 2832 5078; x_wconf 88' lang='lat' dir='ltr'><strong>alacritatem,</strong></span> <span class='ocrx_word' id='word_1_782' title='bbox 2861 5011 3275 5084; x_wconf 89' lang='lat' dir='ltr'><strong>suppliciaque</strong></span> <span class='ocrx_word' id='word_1_783' title='bbox 3304 5028 3559 5070; x_wconf 88' lang='lat' dir='ltr'><strong>numero</strong></span> 
     </span>
    </p>
   </div>
   <div class='ocr_carea' id='block_1_112' title="bbox 1909 5101 3561 5180">
    <p class='ocr_par' dir='ltr' id='par_1_112' title="bbox 1909 5101 3561 5180">
     <span class='ocr_line' id='line_1_113' title="bbox 1909 5101 3561 5180; baseline -0.005 -13"><span class='ocrx_word' id='word_1_784' title='bbox 1909 5111 2089 5180; x_wconf 90' lang='lat' dir='ltr'><strong>longe</strong></span> <span class='ocrx_word' id='word_1_785' title='bbox 2125 5105 2434 5178; x_wconf 89' lang='lat' dir='ltr'><strong>superiora</strong></span> <span class='ocrx_word' id='word_1_786' title='bbox 2453 5104 2555 5174; x_wconf 85' lang='lat'><strong>(2),</strong></span> <span class='ocrx_word' id='word_1_787' title='bbox 2598 5101 2980 5173; x_wconf 90' lang='lat' dir='ltr'><strong>potissimum</strong></span> <span class='ocrx_word' id='word_1_788' title='bbox 3007 5105 3229 5167; x_wconf 88' lang='lat' dir='ltr'><strong>autem,</strong></span> <span class='ocrx_word' id='word_1_789' title='bbox 3263 5107 3402 5172; x_wconf 91' lang='lat' dir='ltr'><strong>post</strong></span> <span class='ocrx_word' id='word_1_790' title='bbox 3431 5102 3561 5158; x_wconf 75' lang='lat' dir='ltr'><strong>haec</strong></span> 
     </span>
    </p>
   </div>
   <div class='ocr_carea' id='block_1_113' title="bbox 1912 5189 3564 5265">
    <p class='ocr_par' dir='ltr' id='par_1_113' title="bbox 1912 5189 3564 5265">
     <span class='ocr_line' id='line_1_114' title="bbox 1912 5189 3564 5265; baseline -0.006 -9"><span class='ocrx_word' id='word_1_791' title='bbox 1912 5200 2136 5258; x_wconf 88' lang='lat' dir='ltr'><strong>omnia.</strong></span> <span class='ocrx_word' id='word_1_792' title='bbox 2169 5210 2306 5251; x_wconf 90' lang='lat' dir='ltr'><strong>cum</strong></span> <span class='ocrx_word' id='word_1_793' title='bbox 2327 5192 2662 5261; x_wconf 86' lang='lat' dir='ltr'><strong>agrestibus</strong></span> <span class='ocrx_word' id='word_1_794' title='bbox 2682 5191 2829 5265; x_wconf 71' lang='lat' dir='ltr'><strong>ieris</strong></span> <span class='ocrx_word' id='word_1_795' title='bbox 2865 5189 3347 5245; x_wconf 89' lang='lat' dir='ltr'><strong>colluctationem</strong></span> <span class='ocrx_word' id='word_1_796' title='bbox 3372 5189 3402 5242; x_wconf 83' lang='lat'><strong><em>?</em></strong></span> <span class='ocrx_word' id='word_1_797' title='bbox 3429 5191 3564 5246; x_wconf 90' lang='lat' dir='ltr'><strong>Par-</strong></span> 
     </span>
    </p>
   </div>
   <div class='ocr_carea' id='block_1_114' title="bbox 1912 5277 3563 5358">
    <p class='ocr_par' dir='ltr' id='par_1_114' title="bbox 1912 5277 3563 5358">
     <span class='ocr_line' id='line_1_115' title="bbox 1912 5277 3563 5358; baseline -0.006 -12"><span class='ocrx_word' id='word_1_798' title='bbox 1912 5289 1970 5346; x_wconf 91' lang='lat' dir='ltr'><strong>di</strong></span> <span class='ocrx_word' id='word_1_799' title='bbox 1986 5279 2765 5358; x_wconf 58' lang='lat' dir='ltr'><strong>namque,ursi,apri,458</strong></span> <span class='ocrx_word' id='word_1_800' title='bbox 2779 5280 2994 5336; x_wconf 86' lang='lat' dir='ltr'><strong>ettauri</strong></span> <span class='ocrx_word' id='word_1_801' title='bbox 3011 5277 3488 5343; x_wconf 88' lang='lat' dir='ltr'><strong>silvestres,ferro</strong></span> <span class='ocrx_word' id='word_1_802' title='bbox 3505 5283 3563 5336; x_wconf 90' lang='lat' dir='ltr'><strong>et</strong></span> 
     </span>
    </p>
   </div>
   <div class='ocr_carea' id='block_1_115' title="bbox 1912 5367 3566 5449">
    <p class='ocr_par' dir='ltr' id='par_1_115' title="bbox 1912 5367 3566 5449">
     <span class='ocr_line' id='line_1_116' title="bbox 1912 5367 3566 5449; baseline -0.007 -14"><span class='ocrx_word' id='word_1_803' title='bbox 1912 5378 2036 5449; x_wconf 91' lang='lat' dir='ltr'><strong>igni</strong></span> <span class='ocrx_word' id='word_1_804' title='bbox 2077 5376 2156 5433; x_wconf 90' lang='lat' dir='ltr'><strong>ad</strong></span> <span class='ocrx_word' id='word_1_805' title='bbox 2194 5373 2486 5430; x_wconf 81' lang='lat' dir='ltr'><strong>feritatem</strong></span> <span class='ocrx_word' id='word_1_806' title='bbox 2530 5372 2786 5436; x_wconf 81' lang='lat' dir='ltr'><strong>excitati,</strong></span> <span class='ocrx_word' id='word_1_807' title='bbox 2821 5369 3171 5440; x_wconf 89' lang='lat' dir='ltr'><strong>gravissime</strong></span> <span class='ocrx_word' id='word_1_808' title='bbox 3205 5367 3268 5424; x_wconf 88' lang='lat' dir='ltr'><strong>in</strong></span> <span class='ocrx_word' id='word_1_809' title='bbox 3308 5384 3413 5424; x_wconf 90' lang='lat' dir='ltr'><strong>eos</strong></span> <span class='ocrx_word' id='word_1_810' title='bbox 3453 5368 3566 5424; x_wconf 84' lang='lat' dir='ltr'><strong>im-</strong></span> 
     </span>
    </p>
   </div>
   <div class='ocr_carea' id='block_1_116' title="bbox 1911 5493 3561 5644">
    <p class='ocr_par' dir='ltr' id='par_1_116' title="bbox 1911 5493 3561 5644">
     <span class='ocr_line' id='line_1_117' title="bbox 1911 5493 3561 5644; baseline -0.007 -83"><span class='ocrx_word' id='word_1_811' title='bbox 1911 5509 1967 5561; x_wconf 91' lang='lat' dir='ltr'><strong>et</strong></span> <span class='ocrx_word' id='word_1_812' title='bbox 1991 5502 2126 5630; x_wconf 42' lang='lat' dir='ltr'><strong>Tyri</strong></span> <span class='ocrx_word' id='word_1_813' title='bbox 2156 5501 2221 5644; x_wconf 47' lang='grc' dir='ltr'><strong>ζα</strong></span> <span class='ocrx_word' id='word_1_814' title='bbox 2247 5497 2520 5556; x_wconf 64' lang='lat' dir='ltr'><strong>Phoenice</strong></span> <span class='ocrx_word' id='word_1_815' title='bbox 2563 5497 2708 5554; x_wconf 88' lang='lat' dir='ltr'><strong>vidit</strong></span> <span class='ocrx_word' id='word_1_816' title='bbox 2745 5495 2874 5570; x_wconf 91' lang='lat' dir='ltr'><strong>ipse</strong></span> <span class='ocrx_word' id='word_1_817' title='bbox 2923 5493 3234 5551; x_wconf 88' lang='lat' dir='ltr'><strong>Eusebius.</strong></span> <span class='ocrx_word' id='word_1_818' title='bbox 3267 5493 3398 5566; x_wconf 91' lang='lat' dir='ltr'><strong>(lib.</strong></span> <span class='ocrx_word' id='word_1_819' title='bbox 3437 5507 3561 5568; x_wconf 81' lang='lat' dir='ltr'><strong>vni,</strong></span> 
     </span>
     <span class='ocr_line' id='line_1_118' title="bbox 1911 5592 2123 5644; baseline -0.014 -10"><span class='ocrx_word' id='word_1_820' title='bbox 1911 5592 2042 5644; x_wconf 89' lang='lat' dir='ltr'><strong>cap.</strong></span> <span class='ocrx_word' id='word_1_821' title='bbox 2110 5617 2123 5631; x_wconf 98' lang='lat'><strong>.</strong></span> 
     </span>
    </p>
   </div>
   <div class='ocr_carea' id='block_1_117' title="bbox 1909 5592 2123 5649">
    <p class='ocr_par' dir='ltr' id='par_1_117' title="bbox 1909 5592 2123 5649">
     <span class='ocr_line' id='line_1_119' title="bbox 1909 5592 2123 5649; baseline -0.019 -15"><span class='ocrx_word' id='word_1_822' title='bbox 1909 5592 2042 5649; x_wconf 88' lang='lat' dir='ltr'><strong>cap.</strong></span> <span class='ocrx_word' id='word_1_823' title='bbox 2069 5592 2123 5631; x_wconf 59' lang='grc' dir='ltr'><strong>τι.</strong></span> 
     </span>
    </p>
   </div>
  </div>
