4020 6218
529 265 668 328 1219
1823 267 2210 330 NICEPHORI
2252 271 2564 330 CALLISTI
2617 295 2622 302 ·
3747 275 3844 334 {120

521 395 932 452 mittebantur.
956 395 1018 450 In
1045 395 1267 467 quibus
1283 395 1570 452 omnibus
1593 395 2018 453 admirandum
2039 414 2108 470 sp

2277 417 2423 471 μενα,
2483 397 2568 451 ἐπὶ
2620 397 2750 452 πολύ
2803 395 3169 473 διεκαρτέρουν
3215 404 3286 473 μὴ
3379 407 3484 462 τοῖς
3556 407 3841 474 μαρτυρικὲς

521 483 818 541 ctaculum
873 491 1016 550 erat,
1067 491 1228 541 tanta
1279 499 1707 554 generosarum
1763 491 1818 542 et
1874 487 2102 542 nobiliu

2281 493 2518 560 σώμασςι
2575 491 2732 560 θίγειν
2765 488 3117 562 ἐπιτολμῶντα
3150 510 3163 523 ·
3219 489 3324 541 ἀλλ’
3365 489 3449 543 ἐπὶ
3477 493 3580 563 μὲν
3629 494 3742 551 τοὺς
3787 495 3843 546 ὦ.

521 581 854 646 martyrum
884 575 1220 630 constantia
1249 578 1307 630 et
1338 575 1642 630 fortitudo.
1681 575 1894 631 Verum
1931 581 1986 632 et
2023 576 2108 632 ὶΙΙι

2276 577 2396 640 λους
2458 579 2507 630 οἳ
2561 574 2678 636 δῆτ’
2729 579 2906 640 ἔξωθεν
2965 579 3182 641 ἑστῶτες
3233 581 3398 632 ἐκεῖνα
3445 581 3592 632 κατὰ
3645 589 3738 630 τῶν
3777 583 3845 634 Θεο-

518 665 784 720 maximo
813 663 984 718 fuerit
1017 663 1323 728 miraculo,
1355 664 1520 736 quod
1550 663 1688 720 feras
1727 665 1840 720 illae
1885 665 2105 720 carnibl

2279 667 2438 738 φιλῶν
2495 668 2755 740 ἠρέθιζον,
2809 668 2969 742 ῥοίζῳ
3023 669 3191 739 πολλῷ
3243 669 3384 740 μάλα
3439 669 3690 742 ἐφέροντο
3721 687 3731 696 ·
3781 681 3849 722 sia

517 752 802 808 humanis
835 754 992 808 vesci
1039 753 1249 818 solitis,
1283 760 1337 807 et
1367 753 1546 821 longa
1579 753 1736 808 fame
1775 755 2048 820 elferatae,
2091 771 2104 809 ε

2279 752 2337 808 δὲ
2389 758 2538 828 ἱερῶν
2589 755 2844 822 ἀθλητῶν,
2901 762 3084 831 καίπερ
3137 766 3315 830 γυμνῷ
3369 766 3443 829 τῷ
3499 758 3853 823 σώματι

517 841 632 896 illis
661 842 1094 908 abstinuerunt,
1129 857 1322 913 neque
1355 847 1689 913 martyrum
1719 859 1972 915 corpora
1998 845 2098 899 alti

2275 850 2456 909 κότων,
2545 843 2632 898 ἐπὶ
2705 851 2840 918 σφᾶς
2913 865 2966 898 τε
3030 847 3216 907 αύτούς
3277 849 3630 900 ἐπισπώντων
3683 867 3855 920 χερσιν,

517 945 655 1000 gere
682 946 842 986 ausae
869 930 1108 986 fuerunt
1139 949 1152 988 :
1187 931 1290 986 sed
1325 932 1383 986 iu
1411 931 1578 998 alios,
1631 948 1732 986 eos
1767 933 2034 988 videlicet
2063 950 2102 1005 q

2277 934 2452 992 ἧκιστ’
2502 937 2802 1008 ἐπέτρεχον.
2845 935 2904 990 Εἰ
2950 932 3013 988 δέ
3049 955 3146 987 που
3187 941 3275 988 καὶ
3315 945 3602 1008 ὥρμησαν,
3647 938 3762 988 ὅσον
3803 941 3862 1008 ἓν

517 1025 683 1076 extra
720 1035 965 1075 arenam
1010 1026 1254 1086 stantes,
1311 1019 1441 1076 illas
1493 1025 1700 1076 contra
1747 1022 1876 1092 pios
1931 1025 2104 1093 Deoqi

2276 1042 2435 1092 γιστα
2487 1027 2768 1095 γενέσθαι·
2833 1021 2944 1080 εἶτα
2997 1027 3168 1100 ὥσπερ
3237 1027 3336 1078 ὑπὸ
3393 1046 3540 1088 τινος
3629 1023 3863 1098 δυνάμεως

515 1107 732 1164 charos
761 1109 1036 1164 homines
1063 1110 1474 1180 provocabant
1504 1115 1559 1164 et
1605 1111 2004 1176 concitabant,
2039 1117 2102 1165 st:

2278 1111 2634 1187 ἀνεκρούοντο,
2673 1119 2762 1164 καὶ
2808 1113 2880 1176 εἰς
2927 1115 3162 1168 τούπίσω
3214 1110 3366 1176 αὖθις
3395 1115 3668 1190 ἐχώρουν.
3713 1113 3771 1166 a0
3797 1123 3865 1168 ui

516 1197 662 1254 dore
691 1204 748 1254 et
773 1198 996 1268 impetu
1029 1200 1216 1253 multo
1249 1198 1566 1264 irrueruut,
1601 1205 2020 1255 sacrosanctos
2040 1205 2100 1255 at

2278 1209 2538 1274 γινόμενον
2597 1203 2664 1263 εἰς
2719 1202 2962 1266 ἔκπληξιν
3013 1200 3138 1274 ἦγεν
3171 1221 3184 1234 ·
3235 1207 3304 1265 ὡς
3351 1210 3443 1256 καὶ
3515 1203 3768 1264 πολλάκις
3811 1205 3865 1256 ἑοὶ

513 1285 680 1351 Ietas,
715 1287 890 1342 nudis
912 1287 1302 1343 consistentes
1333 1287 1684 1358 corporibus
1724 1305 1945 1360 easque
1977 1306 2100 1345 mal

2278 1289 2494 1358 ἐκείνων,
2545 1297 2634 1344 καὶ
2687 1289 2914 1364 διάφορα
2963 1301 3060 1344 τῶν
3094 1294 3240 1352 ζώων
3283 1292 3556 1366 ἀφίεσθαι,
3615 1293 3865 1366 ἀπράκτῳ

515 1375 629 1432 bus
655 1377 716 1432 in
753 1392 814 1432 se
857 1375 1240 1442 attrahentes,
1277 1377 1524 1432 minime
1574 1378 1876 1434 laedentes.
1913 1379 2080 1444 Quod

2284 1379 2728 1452 Ξιπαλλαττομένων
2805 1391 2904 1433 τῶν
2965 1385 3417 1454 προηγησαμένων
3477 1385 3704 1456 θηρίων.
3771 1383 3871 1453 Οὐχ

515 1465 732 1537 aliquae
777 1467 956 1521 etiam
1007 1466 1308 1522 incurrere
1361 1467 1420 1522 in
1471 1483 1574 1522 eos
1643 1475 1965 1539 coeperant,
2027 1485 2100 1524 cu

2285 1471 2429 1528 ἧττον
2483 1467 2780 1533 δ’ἔκπληξιν
2841 1473 3054 1523 ἐνεποίει
3106 1475 3164 1522 τὸ
3229 1480 3326 1522 νῶν
3381 1479 3639 1543 γενναίων
3697 1475 3872 1524 ἐκείνων

514 1569 700 1626 quam
723 1554 992 1626 proxime
1021 1555 1098 1609 ad
1130 1571 1232 1610 eos
1259 1557 1675 1622 accessissent,
1719 1557 2040 1628 derepente
2081 1560 2096 1613 i

2290 1557 2553 1624 ἱπτόητον,
2615 1565 2702 1612 καὶ
2757 1563 2850 1618 τὴν
2889 1563 2938 1610 ἐν
2985 1558 3148 1612 ἀτελεῖ
3199 1561 3380 1631 ἡλικίᾳ
3415 1561 3690 1634 γηραλέαν
3719 1565 3877 1612 ἔνστα-

513 1649 804 1716 tanquam
831 1644 886 1698 vi
915 1645 1182 1716 quadam
1201 1645 1476 1717 repulsae,
1503 1647 1970 1702 retrocedebant.
1993 1650 2100 1714 Qut

2282 1667 2380 1700 σιν.
2435 1653 2532 1701 Καί
2559 1667 2618 1720 γε
2661 1645 2792 1710 εἶδες
2821 1650 2882 1701 οἷν
2913 1654 3020 1701 νέον
3051 1647 3221 1723 ἄνδρα
3261 1647 3375 1702 οὐδ’
3407 1652 3502 1703 ὅλα
3575 1653 3772 1704 εἴκοσιν
3799 1653 3869 1708 ἐτη

513 1749 658 1790 sane
715 1733 960 1802 factum,
1020 1735 1500 1790 consternatione
1555 1735 1830 1791 homines
1874 1737 2096 1808 implev

2290 1734 2648 1790 ῗιατελέσαντα
2691 1735 2896 1809 δεσμῶν
2933 1739 3051 1790 ἄνευ
3107 1741 3210 1790 οῐνω
3265 1741 3357 1799 τὰς
3397 1747 3598 1814 χεῖρας
3639 1738 3877 1792 ἀνι-λούπα

513 1823 743 1894 Quippe
765 1839 904 1878 cum
931 1825 987 1878 in
1023 1838 1210 1878 unum
1239 1830 1564 1895 martyrem
1583 1827 1804 1895 saepius
1835 1827 2036 1882 multas
2057 1828 2100 1882 ir

2292 1828 2410 1878 ιατὰ
2481 1835 2674 1900 σχῆμα
2741 1834 2993 1902 σταυροῦ,
3069 1833 3158 1880 καὶ
3221 1827 3458 1902 ἀτρέπτῳ
3515 1826 3730 1901 καρδία
3783 1835 3879 1890 ταῖς

512 1911 1147 1984 ωἱιιοτοηιυτξὺοιιυιε,
1173 1912 1400 1968 infectis
1425 1919 1625 1969 tamen
1653 1915 1731 1969 ab
1763 1915 1844 1970 eis
1869 1915 2048 1970 rebus
2089 1917 2099 1971 l

2288 1915 2404 1989 τρός
2453 1920 2580 1970 Θεὸν
2638 1917 2805 1978 λιταῖς
2853 1921 3024 1988 ἠρέμα
3077 1916 3518 1989 ἑνασχολούμενον
3555 1936 3570 1948 ⁸
3607 1923 3682 1990 μή
3727 1922 3875 1968 κινού-

515 2015 718 2056 rarum
749 2001 1026 2056 ductores
1056 2001 1304 2057 abirent.
1336 2004 1462 2057 Non
1503 2003 1794 2058 minorem
1827 2004 2102 2062 admirati

2288 2025 2443 2070 ιενον,
2490 2003 2629 2077 μηδὲ
2673 2005 3080 2078 μετοκλάζοντα,
3132 2015 3232 2058 τῶν
3285 2009 3480 2080 θηρίων
3517 2010 3696 2080 θυμὸν
3727 2013 3875 2060 πνεόν-

509 2105 650 2144 nem
681 2089 866 2146 movit
893 2096 1271 2146 strenuorum
1294 2089 1528 2146 illorum
1557 2097 1894 2164 martyrum
1923 2095 2096 2148 anim‘

2286 2113 2372 2146 των
2403 2099 2492 2146 καὶ
2521 2092 2686 2148 δεινὸν
2717 2093 3080 2167 ἐπωρυομένων
3141 2100 3296 2166 αύτῷ,
3353 2095 3401 2147 ἐν
3458 2105 3588 2169 χρῷ
3639 2115 3694 2149 τε
3721 2099 3873 2167 ὥσπερ

510 2177 816 2244 infractus,
877 2185 934 2234 et
981 2179 1386 2252 quorumdam
1438 2183 1498 2234 in
1564 2180 1915 2252 imperfecta
1966 2183 2097 2238 adh:

2292 2191 2372 2234 πῶν
2427 2187 2574 2236 θείων
2627 2183 2826 2236 ἐκείνων
2883 2189 3159 2256 γινομένων
3205 2194 3412 2260 σαρκῶν
3447 2203 3460 2214 ·
3497 2189 3628 2257 θείῳ
3685 2183 3746 2238 δέ
3789 2205 3879 2238 τινι

516 2272 689 2323 aetate
715 2267 915 2324 senilis
935 2267 1272 2324 constantia
1297 2269 1574 2324 .Vidisses
1596 2269 1758 2325 enim
1777 2271 1858 2326 ibi
1878 2271 2098 2342 juvene

2290 2272 2474 2343 ζαλινῷ
2529 2277 2886 2345 φραττομένων
2935 2278 2990 2325 τὸ
3023 2279 3212 2346 στόμα,
3259 2279 3348 2326 καὶ
3401 2273 3877 2349 ἀνασειραςομένων

515 2358 788 2420 nondum
829 2359 1032 2428 viginti
1065 2359 1198 2414 totis
1231 2359 1478 2430 expletis
1516 2361 1710 2426 annis,
1745 2363 1992 2418 vinculis
2022 2363 2102 2420 lib

2288 2369 2382 2423 τοῖς
2439 2364 2670 2414 ὄπισθεν.
2731 2359 2878 2422 Εἶδες
2930 2360 2979 2414 δ’
3013 2361 3072 2414 ἂν
3119 2367 3282 2436 ἕτερον
3331 2363 3672 2436 παράϐλημα
3721 2368 3875 2440 ταύρῳ

511 2447 958 2517 rum,manibus
972 2455 1129 2504 recto
1153 2453 1312 2504 statu
1329 2450 1389 2504 in
1403 2451 1592 2504 crucis
1607 2452 1864 2521 speciem
1877 2458 2098 2508 extenta

2292 2455 2605 2522 τροκείμενον
2639 2468 2650 2480 '
2713 2450 2766 2503 ὃν
2821 2455 2937 2512 τούς
2989 2455 3078 2523 μὲν
3135 2452 3317 2513 ἄλλους
3365 2461 3472 2514 τοῖς
3539 2459 3766 2526 κέρασιν
3819 2460 3879 2515 εἰς

511 2536 826 2608 intrepido,
875 2539 1246 2610 immotoque
1299 2537 1476 2594 corde
1523 2538 1694 2594 tacite
1751 2542 2030 2610 precibus
2085 2559 2098 2598 ι

2292 2541 2400 2612 ideo:
2443 2540 2635 2614 ῥίπτων
2687 2541 2902 2606 ἁνέσπα,
2937 2544 2994 2592 τὸ
3057 2541 3221 2594 πλεῖον
3273 2549 3362 2602 τῆς
3414 2543 3564 2604 ζωῆς
3619 2551 3737 2603 ταῖς
3767 2543 3879 2602 πλη-

507 2625 698 2682 Deum
713 2633 1046 2691 vacantem,
1069 2641 1262 2698 neque
1284 2627 1374 2682 vel
1387 2643 1450 2682 se
1473 2633 1834 2694 moventem,
1853 2629 1940 2684 vel
1965 2645 2094 2700 geni

2289 2636 2386 2692 uti;
2429 2637 2720 2704 παρασπῶν
2757 2645 2770 2658 ⁸
2821 2629 3002 2702 ἀπειλῇ
3055 2626 3114 2682 δὲ
3161 2635 3251 2682 καὶ
3284 2634 3428 2702 θυμῷ
3459 2631 3783 2695 πλησιάζων
3817 2641 3876 2702 τῷ

507 2715 894 2772 inclinantem
927 2733 939 2770 :
975 2731 1112 2770 cum
1141 2715 1386 2786 quidem
1419 2716 1722 2772 circaeum
1751 2717 1887 2773 ferre
1915 2719 2094 2774 crude

2292 2722 2518 2793 ιάρτυρι,
2561 2718 2746 2790 ψαύειν
2795 2716 2909 2772 οὐδ’
2964 2720 3087 2780 ὅλως
3135 2721 3237 2780 οἷος
3276 2740 3330 2772 τε
3369 2721 3429 2779 ἦν
3474 2739 3488 2750 ⁸
3520 2725 3802 2796 κηρύττων
3829 2719 3879 2774 δε

509 2805 690 2860 tatem
722 2805 1036 2876 spirarent,
1065 2804 1439 2876 graviterque
1477 2807 1758 2876 rugirent,
1784 2811 1840 2861 et
1860 2809 1984 2876 jam
2009 2823 2096 2879 pel

2292 2813 2439 2880 γρὲμα
2486 2813 2574 2860 καὶ
2621 2817 2682 2880 τῇ
2717 2808 2931 2882 γλώσσᾳ
2985 2811 3050 2862 τὰ
3086 2815 3205 2884 περὶ
3243 2815 3366 2872 τοὺς
3393 2805 3572 2871 πόδας
3605 2817 3879 2886 προσχρώ-

509 2893 744 2948 divinas
773 2892 930 2948 illius
963 2909 1172 2948 carnes
1205 2894 1556 2950 invaderent
1585 2901 1640 2950 et
1669 2895 1965 2952 laniarent
1993 2913 2004 2950 :
2048 2914 2096 2953 ct

2294 2915 2442 2960 ιενος,
2500 2895 2720 2956 εὐλαϐῶς
2773 2897 2877 2948 οἷον
2930 2896 3228 2956 ἀπήλλακτο
3259 2915 3271 2928 ·
3332 2903 3422 2951 καὶ
3476 2899 3693 2951 πολλῶν
3753 2901 3881 2970 ἀφιε-

505 2981 753 3038 lestibus
787 2989 986 3038 autem
1037 2983 1216 3038 frenis
1247 2999 1352 3038 ora
1383 2999 1590 3039 earum
1623 2985 2070 3054 obturarentur,

2293 2991 2428 3039 ιένων
2485 2991 2576 3038 καὶ
2627 2988 2694 3038 τὰ
2751 2989 2906 3057 ὅμοια
2955 2983 3442 3060 διαπεπραγμένων,
3491 2987 3642 3051 nlo;
3677 2989 3880 3062 ἀμηχα-

507 3071 690 3127 veluti
719 3072 942 3128 catenis
977 3071 1033 3127 in
1065 3087 1166 3126 eos
1195 3073 1297 3144 qui
1325 3080 1458 3144 post
1483 3072 1616 3128 illos
1637 3073 1878 3130 stabant
1903 3078 2094 3132 retrah

2291 3083 2474 3136 currat;
2511 3079 2632 3138 τοὺς
2661 3073 2908 3147 δημίους,
2967 3080 3097 3148 μετὰ
3127 3076 3316 3136 πολλὴν
3369 3077 3548 3130 αἰκίαν
3605 3085 3702 3132 καὶ
3747 3079 3878 3132 ἅλλα-ι

507 3166 730 3216 rentur.
773 3160 1034 3216 Vidisses
1069 3130 1250 3215 alium
1295 3130 1465 3216 tauro
1506 3160 1832 3232 objectum,
1879 3130 1980 3236 qui

2459 3130 2472 3136 -
2617 3130 2631 3138 .
2719 3130 2746 3147 .,
2876 3130 2908 3140 ,,
2967 3130 2975 3148 ,
3269 3130 3281 3136 ,
3691 3130 3700 3132 ἡ
3753 3130 3758 3132 Ἴ
3845 3130 3848 3131 ν

2295 3168 2422 3237 σμὸν
2498 3173 2596 3216 τῶν
2683 3161 2863 3216 δεινῶν
2931 3165 3130 3237 ξίφεσιν
3197 3164 3408 3227 ἀπηνῶς
3493 3169 3881 3239 κατασφάττειν

507 3247 776 3320 quidem,
819 3265 890 3304 ex
930 3249 1364 3319 spectatoribus
1391 3249 1754 3316 infidelibus,
1788 3253 2071 3307 cornibus

2288 3257 2480 3321 πάντας,
2531 3259 2620 3307 καὶ
2672 3257 2831 3326 τάφον
2871 3254 3044 3316 αὐτοῖς
3095 3251 3404 3326 σχεδιάζειν
3451 3260 3546 3314 τὴν
3606 3257 3875 3310 θάλατταν.

509 3338 766 3394 sublime
807 3338 1066 3409 jactatis,
1100 3353 1238 3392 cum
1287 3355 1390 3394 eos
1428 3338 1641 3394 ictibus
1679 3340 1804 3395 suis
1843 3357 2096 3413 ροτουεε‹

2292 3345 2426 3400 Α).λὰ
2478 3352 2699 3396 τοιαῦτα
2763 3347 2852 3416 μὲν
2913 3349 3003 3396 καὶ
3069 3346 3136 3396 τὰ
3189 3346 3240 3396 ἐν
3299 3347 3452 3420 Τύρῳ
3503 3353 3613 3397 τῶν
3677 3351 3879 3420 γεναίων

507 3429 928 3486 semimortuos
959 3427 1310 3499 reliquisset,
1345 3429 1638 3484 minacius
1682 3435 1880 3486 autem
1913 3437 1969 3486 et
2011 3431 2094 3488 fer

1345 3429 1638 3484 minacius
1682 3435 1880 3486 autem
1913 3437 1969 3486 et
2011 3431 2160 3488 fero-
2272 3432 2505 3491 ἀθλητῶν
2547 3433 2909 3506 ἁγῶνίσματα.

505 3517 629 3573 cius
663 3517 904 3589 martyri
930 3516 1447 3588 appropinquans,
1481 3533 1554 3573 ne
1587 3519 1873 3589 stringere
1896 3520 2142 3592 quidem
2161 3537 2296 3577 eum
2332 3527 2554 3593 posset,
2581 3521 2686 3576 sed
2721 3522 2942 3576 sensim
2973 3520 3393 3577 tantummodo
3415 3537 3612 3578 cornu
3647 3528 3876 3596 peteret.

497 3605 825 3678 linguaque
859 3606 1040 3677 pedes
1071 3606 1384 3672 lamberet,
1402 3612 1458 3662 et
1485 3607 1766 3677 religione
1793 3609 2252 3681 quodammodo
2289 3611 2641 3667 discederet.
2673 3613 2738 3665 Et
2761 3627 2896 3665 cum
2919 3611 2997 3666 ad
3025 3626 3162 3665 eum
3179 3611 3426 3666 modum
3449 3613 3668 3669 multa;
3691 3613 3878 3670 bestia:

499 3695 560 3752 in
597 3701 891 3768 martyres
920 3695 1209 3750 immissm
1250 3701 1466 3760 essent,
1493 3695 1774 3768 idemque
1806 3699 2086 3755 omnibus
2125 3698 2458 3766 accidisset,
2513 3705 2818 3770 postremo
2866 3699 3173 3754 carniﬁces
3201 3700 3312 3770 ipsi
3345 3699 3592 3756 animos
3637 3703 3880 3775 despon-

499 3784 731 3852 dentes,
760 3788 900 3858 post
953 3784 1210 3856 plurima
1264 3785 1576 3856 supplicia,
1611 3786 1912 3860 aliamque
1970 3789 2248 3858 gravium
2291 3793 2728 3844 tormentorum
2777 3787 2897 3843 vim
2931 3787 3044 3844 illis
3081 3787 3332 3854 illatam,
3375 3789 3535 3845 ferro
3569 3792 3877 3848 crudeliter

499 3888 710 3930 omnes
751 3873 1136 3945 jugulabant,
1176 3878 1232 3930 et
1270 3875 1329 3929 in
1368 3875 1730 3945 profundum
1792 3893 1955 3934 mare
2001 3877 2384 3950 dejiciebant.
2472 3881 2662 3951 Atque
2707 3877 2838 3934 haec
2884 3877 3130 3950 quidem
3185 3883 3325 3934 sunt
3364 3879 3878 3939 nobilissimorum

497 3963 919 4037 Egyptiorum
946 3963 1329 4029 athletarum,
1361 3979 1497 4036 quia
1529 3963 1665 4037 Tyri
1698 3965 2080 4044 decertarunt
2109 3970 2457 4026 certamina.

1015 4105 1196 4180 449
1236 4107 1468 4163 CAPUT
1497 4108 1636 4162 VIII.
2887 4109 3126 4164 KE<l>AA.
3166 4107 3248 4164 θ’.

501 4213 586 4272 De
605 4213 915 4284 martyriis
939 4213 999 4269 in
1032 4215 1328 4292 Thebaide
1347 4215 1636 4280 toleratis,
1661 4219 1716 4292 et
1747 4217 1930 4273 variis
1961 4217 2088 4274 vari

2282 4221 2419 4292 Ιερὶ
2477 4225 2595 4269 τῶν
2647 4217 2810 4268 κατὰ
2867 4213 3172 4292 Θηϐαΐδα
3226 4220 3724 4292 γεγενημῗένωνο
3779 4225 3869 4272 καὶ

893 4301 1027 4342 rum
1068 4285 1505 4356 suppliciorum
1535 4287 1747 4343 modis.
2355 4284 2365 4292 ’
2415 4309 2480 4342 το

2355 4284 2365 4292 ’
2415 4297 2524 4342 τοῦ
2563 4294 2805 4361 τρόπον
2845 4297 2964 4340 τῶν
3005 4284 3327 4360 διαφόρων
3367 4284 3729 4344 κολάσεων.

571 4391 682 4458 Qui
712 4407 854 4448 vero
893 4391 952 4446 in
993 4392 1184 4463 patria
1227 4408 1339 4449 sua
1371 4393 1726 4466 martyrium
1759 4393 1979 4460 obiere,
2013 4396 2150 4468 quis

2331 4399 2462 4458 Τοὺς
2513 4391 2562 4448 δ’
2616 4395 2699 4448 ἐπὶ
2749 4402 2842 4454 τῆς
2880 4395 3066 4456 οἰκείας
3113 4401 3214 4466 γῆς
3263 4401 3722 4467 μαρτυρήσαντας
3777 4407 3867 4458 πῶς

496 4481 591 4538 vel
619 4496 830 4537 eorum
873 4497 1192 4536 numerum
1243 4483 1410 4548 inire,
1457 4483 1548 4538 vel
1595 4488 1679 4539 tot
1719 4487 1776 4538 et
1815 4489 1936 4540 tam
1985 4501 2083 4540 var

2276 4486 2320 4536 ἰν
2373 4505 2449 4547 τις
2481 4488 2540 4537 τὸ
2588 4484 2784 4546 πλῆθος
2817 4481 3036 4548 διέλθοι,
3066 4489 3156 4536 καὶ
3187 4487 3245 4536 τὸ
3283 4485 3520 4537 ποικίλον
3565 4495 3676 4538 τῶν
3715 4485 3863 4560 βασά-

496 4577 930 4628 tormentorum
954 4586 1173 4640 genera
1199 4570 1492 4642 eXplicare
1514 4572 1742 4643 queat?
1768 4574 2083 4646 Quandoqi

2277 4595 2354 4628 νων
2403 4578 2492 4626 καὶ
2549 4571 2860 4640 πολυειδές;
2911 4575 2960 4625 οἰ
2995 4577 3087 4626 σὺν
3139 4574 3348 4646 γυναιξὶ
3396 4579 3486 4626 καὶ
3535 4579 3740 4638 τέκνοις
3787 4575 3864 4629 διὰ

497 4661 636 4717 dem
668 4658 1098 4732 quamplurimi
1130 4675 1249 4716 una
1293 4675 1432 4716 cum
1473 4661 1832 4730 coniugibus
1863 4667 1920 4718 et
1953 4663 2084 4718 libet

2276 4667 2486 4736 Κριστὸν
2541 4667 2598 4716 τὸ
2663 4664 2760 4734 ζῇν
2817 4659 3107 4736 ὑπερεῖδον,
3187 4659 3438 4736 διάφορον
3505 4665 3863 4736 ύπενεγκόντες

493 4756 738 4823 prOpter
751 4749 1044 4805 Christum
1063 4748 1247 4804 vitam
1271 4750 1462 4820 ipsam
1483 4750 1818 4822 prodidere,
1835 4753 2080 4824 variasq‘

2274 4757 2344 4805 τὸν
2394 4754 2632 4809 θάνατον,
2665 4757 2762 4804 Ὧν
2814 4753 2862 4804 οἱ
2899 4753 2990 4822 μεν
3047 4753 3178 4823 μετὰ
3207 4751 3425 4824 ξεσμοὺς
3471 4759 3561 4806 καὶ
3607 4754 3861 4828 στρεϐλώ-

494 4839 702 4894 mortis
725 4838 949 4909 species
972 4837 1191 4893 adiere.
1213 4839 1480 4902 Quorum
1499 4837 1684 4910 aliqui
1707 4845 1842 4911 post
1865 4840 2081 4909 ungula

2270 4861 2388 4906 τοις,
2429 4847 2520 4894 καὶ
2558 4837 2784 4913 νιφάδας
2821 4845 3114 4913 μαστίγων,
3157 4846 3246 4894 καὶ
3285 4842 3442 4904 ἄλλας
3481 4847 3676 4916 φρίκης
3719 4849 3857 4916 μόνον

492 4925 753 4998 ﬂagella,
770 4931 828 4982 et
855 4926 1149 4992 ﬁdiculas,
1171 4927 1440 4998 aliosque
1458 4928 1775 4994 cruciatus,
1797 4929 1872 4984 ad
1887 4945 2079 5000 quoru

2270 4935 2347 4984 ιαὶ
2391 4930 2616 4984 ἀκοῦσαι
2673 4931 2864 5001 μεστὰς
2913 4927 3178 5002 βασάνους
3226 4935 3442 5002 γενναίῳ
3469 4931 3668 5003 ψυχῆς
3707 4953 3857 5006 παρα-

491 5017 860 5073 mentionem
921 5015 1110 5071 solam
1169 5016 1408 5071 animus
1478 5016 1858 5084 exhorrescit,
1923 5017 2078 5074 fortit

2269 5025 2484 5093 πήματι
2546 5017 2899 5084 διανύσαντες,
2956 5022 3013 5072 τὸ
3058 5019 3279 5072 ὕστατον
3324 5025 3452 5092 πυρὶ
3499 5023 3856 5094 κατεφλέχθη-

491 5105 769 5179 praesenti
811 5105 1024 5160 robore
1059 5104 1358 5174 toleratos,
1393 5106 1634 5160 tandem
1676 5105 1798 5177 igni
1841 5113 1980 5163 sunt
2009 5124 2078 5164 co

2266 5129 2354 5164 σαν
2387 5127 2400 5140 ·
2435 5111 2484 5163 οἰ
2539 5105 2598 5161 δὲ
2651 5107 2841 5168 πλῆθος
2879 5113 3064 5180 μυρίον
3100 5111 3184 5161 ἐπὶ
3243 5111 3466 5181 σκάφαις
3515 5118 3632 5172 τοῖς
3689 5113 3853 5164 θαλει-

491 5195 732 5267 sumpti.
795 5193 926 5259 Alii,
971 5199 1026 5250 et
1077 5194 1322 5267 quidem
1377 5195 1864 5261 innumerabiles,
1909 5199 2078 5270 scapi

2262 5204 2382 5260 τίοις
2439 5198 2621 5272 βυθοῖς
2679 5195 3060 5272 ἀπερρίφησαν.
3108 5191 3281 5251 Ἄλλοι
3337 5195 3397 5250 δὲ
3458 5196 3720 5272 ἀνδρείως
3756 5207 3849 5261 τοῖς

489 5284 774 5357 impositi,
811 5285 871 5340 in
905 5283 1024 5340 alto
1051 5283 1348 5340 submersi
1381 5284 1614 5355 pelago.
1648 5285 1926 5342 Nonnulli
1966 5287 2076 5344 etia

2260 5293 2448 5360 τέμνειν
2494 5287 2702 5340 θέλουσι
2751 5290 2838 5346 τὰς
2889 5287 3110 5360 κεφαλὰς
3165 5291 3486 5361 προῦτεινον.
3547 5293 3613 5342 Οἱ
3665 5287 3726 5344 δὲ
3773 5295 3847 5342 καὶ

488 5390 759 5432 resecare
786 5374 1124 5430 volentibus
1157 5379 1355 5445 caput,
1389 5387 1610 5444 magno
1637 5375 1842 5432 animo
1861 5377 2075 5448 jugqu

2260 5379 2386 5451 λιμῷ
2449 5375 2807 5450 διεφθάρησαν
2836 5393 2850 5406 θ
2919 5375 3436 5436 ἀνεσκολοπίσθησαν
3495 5373 3546 5430 δ’
3579 5381 3769 5454 ἕτεροι,
3809 5381 3847 5430 οἱ

486 5464 895 5540 praebuerunt.
951 5464 1108 5522 Multi
1157 5464 1314 5520 fame
1367 5463 1554 5520 enecti
1610 5471 1768 5531 sunt,
1833 5467 2032 5538 plures

2256 5471 2342 5542 μὲν
2409 5469 2523 5520 ἴσον
2577 5469 2889 5538 κακούργοις
2967 5465 3304 5537 λαμϐάνοντες
3365 5469 3608 5538 θάνατον,
3675 5472 3728 5522 οἱ
3795 5463 3843 5519 δε

488 5551 730 5612 crucem
768 5555 882 5614 acti
914 5569 928 5613 :
975 5559 1032 5610 et
1061 5552 1160 5610 alii
1198 5553 1446 5628 quidem
1485 5553 1698 5611 eodem
1727 5571 1849 5630 quo
1881 5556 2075 5616 maleﬁ

2258 5557 2538 5637 τοῦμπαλιν
2598 5555 2876 5630 κύμϐαχον.
2923 5555 3368 5632 προσηλῶθέντες,
3422 5561 3482 5610 τὸ
3537 5559 3632 5632 ζῇν
3675 5555 3845 5618 δεινος
