4020 6218
161 273 290 327 1221

1209 268 1781 328 ECCLESIASTICIE
1820 267 2175 329 HISTORUE
2215 272 2346 328 LIB.
2389 271 2508 329 VII.

3371 279 3508 334 1222

159 401 329 471 ἔφερον
369 412 383 426 ⁸
422 399 586 470 ἄχρις
611 397 671 450 οὗ
703 401 984 470 σχήματος
1036 400 1202 459 οὕτως
1226 399 1454 470 ἔχοντες,
1492 397 1644 468 λιμοῦ
1669 416 1748 468 γε·

1864 397 2067 466 modo,
2098 399 2393 471 supplicio
2447 398 2641 456 affecti
2673 401 2806 457 :alii
2835 407 3034 459 autem
3073 403 3314 469 inversi,
3343 405 3506 476 pedi-

157 493 345 559 γόνασι
393 487 768 559 παρανάλωμα.
808 486 875 541 Ἀ
936 484 986 539 δ’
1036 487 1086 540 οἰ
1138 491 1272 540 κατὰ
1326 483 1579 545 Θηϐαίδα
1635 483 1754 544 διή-

157 595 342 647 νεγκαν
395 578 671 650 μάρτυρες,
721 573 844 630 ούδε
893 579 1027 648 λόγῳ
1056 575 1118 628 ἀν
1147 580 1346 648 γένοιτο
1396 574 1582 651 ῥᾴδιον
1636 573 1755 635 διη-

156 668 386 736 γεῖσθαι.
446 671 668 738 Σώματα
721 667 819 738 γὰρ
886 665 978 718 ὅλα
1047 665 1334 739 ὀστράκοις
1381 666 1495 719 ἀντὶ
1547 666 1752 738 ὀνύχων

155 754 430 820 ἑξαίνοντο,
480 757 568 816 ἕως
617 755 678 807 οὔ
723 759 971 830 παρέμενε
1025 758 1224 816 τούτοις
1272 759 1328 808 τὸ
1377 756 1495 828 ζῇν.
1531 760 1630 809 Καὶ
1659 758 1752 827 γύ-

157 865 276 898 ναια
323 843 384 899 δέ
439 866 554 899 τινα
604 853 876 919 μηχαναῖς
904 865 1043 899 τισιν
1073 846 1145 907 εἰς
1180 846 1310 918 ὕψος
1339 851 1569 920 μετέωρα
1601 847 1752 920 ἀναρ-

155 941 378 1007 τὼμενα,
436 933 490 998 ἐξ
535 935 640 996 ἐνὸς
696 942 804 988 τοῖν
858 931 1047 988 ποδοῖν
1077 937 1212 987 κατά
1255 934 1477 1007 κεφαλὴν
1525 936 1609 987 οἷά
1639 955 1754 989 τινα

158 1026 316 1097 ἱερεῖα
365 1030 834 1097 προσαπηὼρητοο
887 1021 1024 1097 μηδέ
1080 1032 1174 1087 τῆς
1229 1023 1306 1077 ἔπ’
1358 1021 1494 1076 αίδὼ
1555 1028 1752 1088 σκέπης

156 1113 640 1186 μεταλαγχάνοντα,
691 1120 868 1166 πᾶσαν
935 1114 1184 1186 ὠμότητα
1233 1119 1322 1166 καὶ
1381 1113 1751 1186 ἀπανθρωπίας

155 1201 442 1275 ὑπερϐολὴν
494 1209 605 1264 τοῖς
645 1203 809 1277 ὁρῶσι
856 1209 1132 1275 παρεῖχον.
1178 1199 1408 1276 Δένδρων
1451 1199 1509 1255 δι
1534 1200 1750 1264 κλάδοις

155 1294 318 1365 ἕτεροι
361 1289 780 1365 ίνδεσμούμενοι,
841 1294 1109 1350 ἔθνησκον.
1161 1294 1228 1344 Οἱ
1277 1294 1379 1364 γὰρ
1422 1291 1748 1366 σριρῥότεροι

155 1389 256 1434 τῶν
307 1385 562 1455 πρέμνων,
621 1385 782 1454 τέχνῃ
818 1377 886 1439 δή
917 1400 1016 1433 τινι
1062 1380 1111 1442 ἐς
1149 1384 1310 1432 ταυτό
1368 1385 1647 1446 συνιόντες,
1682 1385 1749 1435 τά

157 1478 257 1522 τῶν
286 1472 559 1544 μαρτύρων
601 1470 754 1527 σκέλη
807 1465 1167 1542 διατεινόμενα
1207 1466 1561 1541 συνεδέσμουν
1590 1487 1602 1499 °
1637 1467 1748 1523 εἶτα

158 1556 432 1632 ἀφιεμένων
511 1562 710 1612 ἓκείνων
778 1558 846 1619 εἰς

157 1647 342 1720 ἀθρόον
411 1651 478 1701 τά
546 1648 672 1720 μέλη
723 1644 1030 1712 διεσπῶντο,
1089 1648 1208 1700 καθ’
1262 1649 1328 1699 ὧν
1385 1647 1745 1722 ἐγχειροῦντες

923 1563 1016 1617 τὴν
1072 1561 1209 1611 κατά
1288 1562 1442 1632 φύσιν
1511 1564 1744 1634 πορείαν,

1861 486 1976 542 bus
2008 487 2279 543 videlicet
2309 491 2366 543 in
2399 487 2651 544 sublime
2675 491 2946 557 sublatis,
2968 493 3152 548 vitam
3180 493 3284 548 diu
3316 494 3509 563 gravi-

1860 578 2066 648 terque
2099 581 2422 642 traxerunt,
2468 579 2660 633 donec
2691 578 2748 632 in
2791 595 2964 636 cruce
3016 580 3150 652 ipsa
3200 580 3281 637 ita
3311 581 3506 638 sufﬁxi

1863 664 2018 720 fame
2051 664 2374 736 perierunt.
2409 669 2513 720 Per
2541 667 2902 723 Thebaidem
2946 685 3123 741 porro
3149 686 3284 741 quae
3315 671 3503 727 sancti

1863 760 2155 825 martyres
2182 754 2548 826 pertulerint,
2584 758 2850 812 oratione
2881 758 3158 830 persequi
3191 758 3358 815 facile
3386 776 3508 816 non

1862 851 1950 897 est
1989 846 2251 914 Corpora
2293 847 2452 898 enim
2499 859 2706 899 eorum
2758 847 2918 900 testis
2963 847 3323 916 ungularum
3383 849 3508 905 vice

1863 932 2150 1003 tantisper
2165 932 2308 987 dum
2332 933 2450 986 vita
2474 932 2585 986 illis
2606 939 2965 1004 superesset,
2988 941 3238 991 tortores
3259 937 3508 994 dilania-

1860 1019 2026 1076 bant.
2062 1023 2124 1075 Et
2156 1019 2448 1076 machinis
2473 1020 2841 1092 quibusdam
2870 1022 3250 1080 mulierculas
3271 1025 3332 1081 in
3364 1027 3509 1082 sub-

1858 1107 1998 1164 lime
2014 1109 2165 1181 pede
2186 1125 2325 1175 uno,
2346 1111 2538 1181 capite
2558 1109 2951 1182 dependente,
2979 1117 3214 1179 tractas,
3240 1115 3507 1172 victima-

1858 1215 1992 1254 rum
2033 1214 2198 1255 more
2229 1199 2697 1270 suspendebant,
2734 1215 2927 1272 neque
2970 1217 3040 1258 ea
3086 1219 3220 1274 quae
3269 1207 3508 1260 nativus

1858 1289 2054 1360 pudor
2073 1287 2307 1344 occulta
2332 1304 2460 1344 esse
2492 1288 2678 1344 voluit
2707 1295 3106 1362 contegentes,
3134 1299 3189 1348 et
3220 1293 3507 1350 omnibus

1858 1393 2112 1432 summae
2165 1377 2618 1433 inhumanitatis
2675 1383 2732 1434 et
2773 1380 3134 1436 crudelitatis
3168 1384 3504 1453 praebentes

1859 1465 2221 1538 spectacula.
2251 1467 2501 1532 Quidam
2533 1467 2818 1523 arborum
2850 1469 3032 1524 ramis
3059 1470 3300 1540 alligati,
3328 1473 3507 1529 mise-

1857 1555 2120 1611 rabiliter
2143 1555 2744 1612 excarniﬁcabantur.
2765 1559 2932 1614 Rami
2955 1560 3112 1615 enim
3135 1561 3504 1618 robustiores

1861 1644 1914 1700 vi
1944 1652 1999 1700 et
2019 1649 2144 1700 arte
2173 1645 2439 1716 quadam
2479 1647 2786 1715 contracti,
2828 1653 3161 1719 martyrum
3193 1666 3366 1707 crura
3413 1651 3508 1707 di-

154 1733 291 1797 ἦσαν
337 1741 425 1790 τὸν
465 1734 778 1810 σύνδεσμον.
840 1743 1019 1789 Ταῦτα
1072 1733 1132 1790 δε
1172 1739 1341 1790 πάντα
1371 1738 1465 1791 ούκ
1500 1738 1582 1791 ἐπὶ
1615 1735 1742 1811 βρα-

1859 1733 2036 1790 ducta
2087 1733 2336 1789 vinculis
2377 1735 2814 1804 distringebant
2854 1752 2867 1791 :
2922 1753 2993 1792 ac
3031 1738 3249 1795 deinde
3293 1739 3406 1795 illis
3443 1742 3506 1797 in

154 1830 257 1898 χύν
304 1826 567 1900 ίνηργεῐτο
620 1829 833 1900 χρόνον,
890 1825 998 1878 ἀλλ’
1031 1826 1102 1888 εἷς
1137 1829 1224 1885 ἔτη
1276 1827 1431 1880 πλείω
1475 1824 1747 1900 διαγέγονε

153 1919 212 1968 τὸ
239 1912 400 1969 δεινόν
433 1935 448 1948 ο
472 1917 606 1989 ἄχρι
662 1919 750 1988 μεν
773 1918 874 1989 γὰρ
916 1912 1137 1976 δεκάδος
1184 1921 1273 1968 καὶ
1302 1921 1417 1989 τρὶς
1470 1913 1618 1982 δέκα,
1657 1923 1747 1971 καὶ

155 2001 238 2066 δὶς
291 2013 546 2071 τοσαῦτα,
603 2009 692 2058 καὶ
755 2005 932 2058 ἑκατόν
994 2004 1172 2057 ἄλλοτε
1237 2001 1424 2076 ἄνδρες
1494 2005 1742 2079 ἀνῄρητο.

153 2100 276 2148 Νέοι
337 2114 390 2147 τε
450 2090 646 2167 κομιδῆ
711 2099 800 2146 καὶ
857 2101 1090 2164 γυναῖκες
1137 2093 1535 2166 ἒνηλλαγμέναις
1591 2116 1748 2169 τιμω-

152 2188 288 2256 ρίαις
338 2185 669 2240 καθεκάστην
725 2181 1021 2247 ἐκτείνοντο,
1078 2181 1243 2256 ἀθρόᾳ
1297 2183 1471 2256 πληγῇ
1527 2189 1620 2242 τὴν
1669 2187 1748 2238 ἐκ·

152 2277 318 2345 τομὴν
370 2274 705 2345 ὑφιστάμενοι
739 2292 752 2305 ο

152 2361 429 2415 ϐλύνεσθαι
479 2369 541 2434 τῇ
589 2370 689 2414 τῶν
744 2363 978 2434 αἱμάτων
1025 2360 1192 2435 βαφῇ,
1247 2367 1336 2415 καὶ
1384 2363 1748 2417 καταθλᾱσθαι

152 2449 557 2524 ἀπαγορεύοντα,
609 2453 731 2512 τούς
784 2469 844 2521 γε
891 2454 993 2522 μὴν
1055 2454 1347 2512 κτείνοντας
1413 2450 1745 2514 ἐξασθενοῦν-

150 2558 261 2604 τας,
319 2545 557 2610 συνεχῶς
611 2536 933 2610 μεταμείϐειν
995 2536 1264 2600 ἀλλήλους.
1326 2545 1546 2615 Συνορᾷν
1603 2537 1654 2592 δ’
1685 2537 1746 2599 ἦν

149 2626 328 2681 καὶτὸ
365 2629 630 2701 πρόθυμον
670 2635 761 2688 τῆς
792 2627 863 2689 εἰς
894 2631 1124 2699 Χριστόν
1168 2632 1394 2689 πίστεως
1427 2645 1440 2658 ο
1474 2629 1568 2680 ούκ
1590 2632 1746 2702 ἔφθα-

150 2737 234 2770 νον
289 2720 388 2789 γάρ
449 2717 498 2769 οἱ
559 2715 894 2791 προλαϐόντες
970 2721 1064 2775 τὴν
1141 2715 1401 2788 ἀπόφασιν
1469 2717 1744 2789 εἰληφότες,

150 2811 237 2859 καὶ
282 2805 428 2858 ἄλλοι
475 2804 682 2858 ἄλλοθεν
741 2801 1111 2870 εἰσπηδῶντες,
1173 2811 1308 2878 σφᾶς
1365 2806 1578 2869 ἑαυτοὺς
1619 2815 1746 2882 Χρι-

157 2899 396 2958 στιανούς
443 2894 759 2968 ὡμολόγουν,
813 2897 914 2970 πρὸ
965 2901 1058 2948 τοῦ
1111 2891 1426 2948 δικαστικοῦ
1478 2894 1745 2968 ἁλλόμενοι

156 2982 408 3058 βήματος,
467 2989 598 3056 μήτε
647 2986 777 3056 πρὸς
805 2987 864 3035 τό
920 2986 1105 3056 πικρόν
1165 2992 1264 3036 τῶν
1311 2981 1552 3058 βασάνων
1590 2986 1746 3057 ὀρῶν-

810 2275 878 2332 ὡς
929 2277 1017 2324 καὶ
1048 2272 1203 2324 αύτόν
1255 2277 1342 2325 τὸν
1402 2270 1624 2348 σίδηρον
1650 2273 1747 2347 ἀμ.

1855 1823 2191 1880 naturalem
2232 1828 2452 1879 statum
2501 1841 2678 1880 suum
2709 1827 2900 1882 redire
2930 1829 3256 1899 permissis,
3308 1830 3504 1889 subito

1856 1912 2151 1979 membra,
2186 1916 2251 1967 ut.
2279 1913 2495 1984 cuique
2525 1919 2695 1969 erant
2723 1915 2983 1984 alligata,
3037 1919 3358 1974 saevissime
3389 1921 3508 1976 dis-

1856 2002 2200 2074 cerpebant.
2261 2004 2445 2072 Atque
2497 2003 2625 2058 haec
2655 2005 2858 2060 omnia
2888 2021 3008 2061 non
3041 2007 3205 2062 brevi
3240 2014 3505 2082 tempore

1857 2097 1999 2146 sunt
2027 2097 2277 2163 patrata,
2303 2093 2406 2146 sed
2430 2093 2604 2147 annis
2635 2093 2906 2164 pluribus
2933 2096 3158 2151 malum
3184 2097 3298 2153 hoc
3327 2099 3507 2155 dura-

1856 2181 1956 2235 vit.
1989 2180 2074 2234 Ad
2106 2179 2316 2235 decem
2351 2196 2633 2254 namque,
2667 2189 2722 2236 et
2752 2183 3010 2252 triginta,
3035 2190 3090 2239 et
3120 2185 3207 2240 bis
3234 2187 3502 2251 totidem,

1856 2275 2034 2342 atque
2075 2269 2254 2325 etiam
2287 2270 2654 2342 quandoque
2698 2272 2776 2326 ad
2818 2278 3048 2328 centum
3081 2275 3349 2345 quotidie
3393 2277 3504 2332 viri

1851 2359 2224 2430 juvenesque
2253 2358 2587 2415 admodum
2610 2367 2665 2415 et
2687 2361 2961 2417 mulieres
2984 2364 3293 2434 suppliciis
3324 2367 3503 2422 variis

1856 2447 2302 2514 occidebantur,
2333 2447 2645 2504 confertim
2677 2449 2851 2506 veluti
2886 2467 3006 2507 una
3037 2452 3216 2523 plaga
3246 2453 3504 2510 interne-

1856 2539 2089 2594 cionem
2121 2536 2478 2592 sustinentes
2504 2553 2516 2592 :
2550 2537 2631 2593 ita
2661 2543 2724 2594 ut
2747 2537 2884 2595 ferri
2913 2557 3158 2613 quoque
3181 2544 3338 2598 acies
3366 2559 3505 2599 con-

1855 2628 2022 2683 tinua
2047 2625 2356 2695 sanguinis
2381 2625 2634 2682 tinctura
2654 2627 2922 2684 hebetior
2944 2628 3126 2694 fieret,
3153 2637 3207 2686 et
3232 2632 3506 2688 scindere

1857 2715 2116 2787 amplius
2133 2729 2248 2770 non
2270 2714 2489 2771 valeret
2513 2732 2526 2772 :
2550 2715 2980 2790 carniﬁcesque
3001 2719 3327 2789 defatigati,
3347 2720 3506 2776 inﬁr-

1854 2805 2194 2876 mioresque
2215 2803 2372 2870 facti,
2393 2820 2763 2861 successores
2778 2806 2928 2862 alios
2942 2809 3296 2879 acciperent.
3323 2808 3502 2882 450

1853 2894 2341 2950 Animadvertere
2369 2909 2510 2950 vero
2532 2900 2654 2950 erat
2683 2896 2741 2951 in
2768 2895 3118 2953 hominibus
3149 2900 3366 2954 nostris
3386 2899 3505 2956 ala-

1853 2984 2140 3048 critatem,
2156 2982 2359 3038 etﬁdei
2375 2985 2432 3038 in
2449 2983 2739 3039 Christum
2755 2985 3032 3042 ardorem
3049 2987 3313 3042 vividum
3337 3003 3348 3041 :
3365 3003 3504 3044 cum

150 3092 232 3134 τες
264 3071 685 3144 ’ἀκαταπλήκτῳ
739 3068 798 3124 δε
849 3071 1122 3146 παρρησίᾳ
1168 3073 1294 3146 ὑπὲρ
1338 3081 1574 3147 Χριστοῦ
1627 3071 1744 3127 δια-

1859 3073 2013 3129 enim
2042 3073 2133 3130 vix
2164 3078 2368 3129 contra
2400 3073 2624 3144 priores
2659 3075 2953 3131 sententia
2985 3077 3506 3132 condemnationis

146 3162 503 3234 γωνιζόμενοι,
561 3163 655 3212 σύν
688 3157 930 3232 θυμηδίᾲ
978 3161 1138 3235 πολλῇ
1171 3166 1264 3220 τὴν
1295 3163 1528 3220 ὑστάτην
1571 3161 1743 3236 ψῆφον

145 3256 430 3324 προσίοντο
462 3269 476 3283 ·
534 3255 624 3302 καὶ
678 3258 926 3303 τοσοῦτον
971 3253 1034 3312 ὡς
1080 3252 1189 3323 μετ’
1219 3253 1544 3326 εὐχαρίστου
1573 3253 1743 3324 γλώσ-

149 3361 247 3402 σης
274 3342 410 3414 οἶχρι
462 3339 638 3402 τέλους
686 3339 878 3412 ὕμνους
926 3338 1284 3412 ἔξυφαίνοντας
1314 3343 1580 3415 εὐρύθμως
1617 3340 1744 3395 ἀνα-

146 3435 364 3502 πέμπειν
391 3433 499 3500 Θεῷ
512 3472 525 3486 .

1853 3162 2115 3233 ajudice
2171 3161 2402 3233 prolata
2451 3167 2624 3227 esset,
2683 3161 2782 3218 alii
2835 3163 3075 3220 aliunde
3115 3164 3504 3231 conﬂuentes,

1855 3251 2215 3306 Christianos
2263 3267 2324 3305 se
2373 3265 2500 3306 esse
2555 3251 3014 3318 conﬁtebantur,
3062 3269 3170 3324 pro
3223 3253 3503 3310 tribunali

1852 3341 1983 3414 ipso
2012 3340 2396 3405 exsultantes,
2429 3355 2625 3412 neque
2657 3345 3089 3398 tormentorum
3122 3345 3506 3400 acerbitatem

1853 3430 2237 3501 respicientes
2279 3446 2292 3485 :
2334 3429 2436 3484 sed
2497 3430 2761 3485 interrita
2804 3446 3047 3499 prorsus
3092 3432 3364 3490 libertate
3395 3449 3505 3504 pro

147 3519 376 3578 Christo
401 3519 792 3586 decertantes,
824 3534 961 3572 cum
998 3517 1217 3587 megda
1246 3518 1587 3574 animorum
1629 3519 1830 3576 latitia
1878 3517 2269 3575 libentissime
2299 3533 2645 3588 supremam
2677 3519 3049 3589 excipiebant
3098 3524 3452 3577 sententiam
3485 3537 3502 3580 :

141 3623 336 3681 usque
357 3609 526 3677 adeo,
559 3612 621 3664 ut
645 3623 784 3663 cum
811 3606 1136 3678 gratiarum
1171 3607 1402 3663 actione
1454 3607 1532 3664 ad
1564 3608 1746 3665 tinem
1778 3623 1970 3679 usque
2024 3622 2319 3679 perquam
2374 3607 2651 3663 decenter
2707 3607 2969 3678 hymnos
3010 3608 3330 3682 laudesque
3381 3611 3502 3669 Deo

145 3704 450 3756 canerent.

762 3797 1004 3846 ΚΕΦΑΛ.
1046 3791 1130 3847 Θ’.

150 3906 456 3974 Περὶῗτῶν
487 3909 840 3972 περιφανῶν
868 3899 1630 3974 μαρτύρᾲωνηῠιλορώμου
1655 3901 1746 3952 καὶ

225 3969 784 4043 ριλαίονοκαὶτῶν
813 3969 1459 4043 κάτ’Ἇλὲξάνδρειάν
1489 3969 1607 4024 ύπὸ
1637 3980 1746 4025 τῶν

225 4041 558 4098 δυσσεϐῶν
596 4048 1045 4116 γεγενημένων
1084 4047 1248 4096 κατά
1283 4041 1716 4117 Χριστιανῶν.

226 4158 326 4207 Καὶ
381 4153 570 4212 πάντες
621 4153 710 4222 μεν
763 4147 850 4203 οὖν
901 4152 1165 4223 θαύματος
1218 4150 1357 4213 ἄξιοι
1403 4153 1450 4204 οἱ
1478 4158 1575 4214 τῆς
1605 4151 1746 4204 εύσε-

148 4241 294 4303 ϐείας
335 4243 639 4315 ὑπερμαχοι
665 4259 678 4272 ·
711 4239 880 4310 πολλῷ
921 4236 971 4291 δ’
1027 4241 1406 4313 ὑπερφέροντες,
1464 4240 1512 4293 οἳ
1542 4241 1746 4312 πλούτῳ

145 4337 236 4385 καὶ
282 4336 438 4404 γένει,
491 4327 617 4403 δόξῃ
650 4349 704 4382 τε
751 4335 842 4382 καὶ
871 4328 1007 4401 λόγῳ
1055 4333 1240 4401 σοφίας
1267 4349 1328 4383 το
1359 4333 1630 4403 περιφανες
1661 4349 1749 4383 κει-

145 4426 415 4493 κτημίνοι,
488 4416 600 4472 εἶτα
681 4427 753 4491 τῷ
809 4423 927 4492 περὶ
1009 4425 1246 4492 Χριστοῦ
1323 4421 1467 4491 πόθῳ
1529 4417 1746 4493 δεύτερα

147 4513 340 4564 ἔθεντο.
375 4510 500 4571 Οἷος
545 4511 730 4569 ἐκεῖνος
775 4508 1073 4582 Φιλόρωμος
1115 4512 1210 4567 τὴν
1245 4513 1453 4582 πρώτην
1499 4508 1554 4561 ίκ
1587 4508 1749 4582 βασι-

145 4599 278 4662 λέως
329 4601 778 4671 ἱγκεχειρισμένος
830 4596 978 4660 ἀξίαν
1008 4599 1144 4650 κατά
1171 4601 1263 4656 τὴν
1311 4594 1702 4671 Ἀλεξάνδρειαν
1729 4616 1744 4632 ·

147 4689 208 4751 ὃς
239 4691 369 4760 μετὰ
397 4695 491 4749 τῆς
519 4686 572 4738 ἔκ
613 4685 875 4758 Ῥωμαίων
926 4694 1083 4759 τιμῆς
1133 4683 1457 4763 δορυφόρους
1507 4706 1562 4740 τε
1593 4706 1750 4762 στρα-

143 4783 344 4840 τιώτας
395 4779 552 4848 ἔχων,
586 4774 657 4848 ἐφ’
713 4775 939 4837 ἑκάστης
984 4777 1183 4848 ἡμέρας
1237 4773 1570 4850 δικαστηρίῳ
1613 4796 1747 4850 παρ-

147 4873 356 4922 ίστατο.
407 4869 539 4941 Πρὸς
570 4861 630 4917 δὲ
681 4869 770 4916 καὶ
822 4865 1034 4928 Φιλαίας
1084 4866 1249 4938 ἕτερος
1311 4873 1406 4927 τῆς
1472 4873 1749 4938 Θμονῖτῶν

145 4957 432 5018 ἕκκλησίας
483 4953 771 5016 ἐπίσκοπος
801 4971 813 4985 '
849 4954 904 5016 ὃς
951 4953 1000 5006 ἐν
1050 4955 1399 5028 λειτουργίαις
1446 4961 1563 5017 ταῖς
1615 4957 1752 5007 κατά

142 5052 246 5106 τὴν
294 5045 554 5100 πολιτείαν
622 5042 939 5106 ἀνηκούσαις
1013 5045 1244 5116 μάλιστα
1317 5041 1641 5117 διαπρέπων,
1701 5044 1749 5097 ἐν

143 5136 452 5210 φιλοσόφοις
500 5134 676 5206 λόγοις
743 5133 932 5207 μᾶλλον
993 5132 1105 5205 εἶχε
1176 5137 1233 5187 τό
1282 5135 1492 5207 κράτος.
1547 5133 1749 5187 Πολλῶν

143 5231 324 5281 τοίνυν
355 5235 453 5279 τῶν
504 5243 558 5277 τε
611 5227 739 5298 πρὸς
794 5227 938 5296 γένος
992 5223 1150 5295 φίλων
1198 5240 1252 5276 τε
1299 5223 1461 5285 ἄλλως
1503 5228 1593 5276 καὶ
1626 5241 1751 5276 συν-

144 5317 292 5376 ἠθῶν
319 5320 408 5368 καὶ
436 5321 536 5367 τῶν
585 5313 662 5366 ἐπ’
705 5312 873 5376 ἀξίαις
931 5315 1086 5364 ὄντων
1135 5311 1298 5383 αὐτῷ,
1330 5314 1406 5365 ἔτι
1460 5310 1518 5366 δὲ
1549 5317 1639 5366 καὶ
1660 5313 1751 5366 αύ-

143 5413 243 5459 τοῦ
291 5412 386 5458 τοῦ
439 5400 696 5457 δικαστοῦ
741 5407 836 5456 σὺν
879 5403 1050 5475 ἱκεσίᾳ
1080 5398 1352 5474 δεομένων,
1414 5399 1576 5476 φειδῶ
1635 5423 1750 5457 τινα

144 5495 341 5550 ἑαυτοῦ
393 5499 483 5547 καὶ
524 5490 729 5547 παίδων
785 5497 876 5545 καὶ
924 5495 1177 5563 γυναικός
1206 5488 1378 5545 οἶκτον
1430 5499 1602 5564 σχεῖν,
1631 5489 1746 5545 οὐδ’

143 5584 279 5646 ὅλως
335 5585 394 5650 τό
449 5581 698 5656 φιλόξενον
727 5580 908 5649 εἵλετο,
958 5584 1050 5634 καὶ
1090 5581 1150 5633 τό
1205 5581 1343 5634 κατά
1379 5582 1612 5656 Χριστόν
1641 5579 1750 5644 ἕξο-

2506 3794 2728 3850 CAPUT
2766 3793 2863 3849 IX.

1855 3901 1940 3955 De
1966 3899 2308 3974 Philaromo
2339 3905 2393 3955 et
2421 3899 2668 3974 Phila-eo,
2690 3899 3032 3974 illustribus
3085 3903 3460 3974 martyribus
3480 3920 3503 3962 :

1925 3975 1980 4027 et
2023 3986 2156 4053 qua:
2207 3971 2598 4053 Αιεςειιηάνίκ
2642 3971 2814 4042 impii
2860 3979 3071 4030 contra
3129 3971 3502 4034 Christianos

1919 4048 2423 4113 perpetrauerint.

1927 4151 1996 4203 Et
2017 4163 2229 4204 omnes
2257 4147 2502 4220 quidem
2549 4147 2750 4204 eximii
2806 4163 2956 4203 verae
3011 4148 3246 4220 pietatis
3284 4167 3504 4225 propu-

1856 4243 2134 4310 gnatores
2190 4237 2358 4306 digni
2397 4240 2535 4293 sunt
2584 4237 3030 4294 admiratione:
3088 4238 3275 4296 multo
3304 4247 3506 4301 tamen

1857 4327 2319 4392 excellentiores,
2372 4325 2476 4398 qui
2514 4325 2751 4391 divitiis,
2805 4341 3040 4396 genere,
3089 4327 3280 4398 gloria
3319 4337 3376 4386 et
3413 4347 3507 4387 sa-

1854 4417 2084 4491 pientia:
2123 4416 2356 4482 studiis,
2397 4415 2747 4486 praeclaram
2772 4415 3073 4473 consecuti
3099 4417 3347 4486 famam,
3381 4436 3507 4477 om-

1854 4508 1956 4564 nia
1984 4523 2053 4563 ea
2085 4505 2295 4563 Christi
2315 4505 2613 4560 desiderio
2636 4505 3058 4576 posthabuere.
3085 4508 3290 4573 Qualis
3313 4509 3508 4566 Philo-

1854 4611 2060 4653 romus
2128 4595 2222 4651 ille
2289 4595 2416 4662 fuit,
2489 4593 2590 4666 qui
2652 4594 3005 4666 primariam
3071 4596 3506 4668 dignitatemab

1855 4686 2214 4758 imperatore
2244 4683 2408 4756 apud
2459 4683 2891 4740 Alexandrinos
2944 4690 3321 4751 consecutus,
3366 4703 3504 4743 cum

1856 4775 2172 4847 splendido
2222 4773 2478 4829 militum
2537 4772 2831 4838 satellitio,
2885 4789 2994 4844 pro
3041 4773 3327 4843 dignitate
3373 4792 3504 4846 sua,

1856 4863 2128 4920 Romano
2154 4878 2340 4928 more,
2373 4862 2639 4934 quotidie
2669 4861 2970 4926 tribunali,
2998 4878 3246 4920 causam
3276 4864 3502 4932 dicens,

1857 4953 2113 5010 astabat.
2147 4955 2212 5008 Et
2243 4952 2513 5021 Philmas,
2544 4951 2952 5010 Thmuitarum
2986 4950 3252 5008 ecclesiae
3279 4954 3508 5026 episco-

1858 5059 1994 5117 pus,
2024 5045 2126 5115 qui
2151 5059 2290 5098 cum
2317 5041 2666 5097 muneribus
2698 5040 2970 5098 civilibus
3010 5042 3116 5097 rite
3147 5048 3202 5098 et
3227 5042 3505 5102 decenter

1857 5132 2153 5190 obeundis
2183 5131 2376 5202 clarus
2419 5130 2548 5197 fuit,
2608 5135 2732 5184 tum
2765 5129 3026 5185 maxime
3077 5131 3506 5204 philosophicis

1859 5222 2088 5278 artibus
2115 5220 2407 5277 excelluit.
2440 5222 2587 5276 Cum
2626 5218 2806 5288 igitur
2843 5219 3189 5292 propinqui,
3220 5205 3414 5292 amici,
3448 5227 3506 5279 et

1858 5310 2200 5376 familiares,
2263 5315 2320 5365 et
2390 5308 2486 5365 alii
2531 5323 2784 5376 magnas
2841 5313 3107 5378 gerentes
3162 5309 3500 5379 dignitates,

1856 5400 1988 5474 ipse
2015 5414 2257 5473 quoque
2276 5395 2485 5468 judex,
2510 5411 2613 5452 eos
2637 5396 3094 5463 obtestarentur,
3129 5403 3193 5454 ut
3217 5398 3328 5454 sibi
3353 5399 3502 5470 ipsis

1857 5493 2189 5562 parcerent,
2233 5486 2683 5558 conjugumque
2735 5489 2790 5542 et
2828 5484 3152 5542 liberorum
3186 5503 3291 5560 per
3331 5488 3506 5544 mise-

1854 5578 2180 5637 ricordiam
2205 5577 2503 5634 rationem
2526 5573 2835 5644 haberent,
2866 5574 3034 5635 nullo
3070 5576 3257 5636 modo
3282 5577 3507 5638 adduci
