4020 6218
565 249 706 304 1223

1901 249 1947 304 Ν
1953 247 2288 306 lCEPHORI
2329 246 2650 302 CALLISTI
3741 255 3819 312 ιω

563 381 833 448 potuere,
863 380 925 431 ut
953 375 1089 432 vitae
1121 391 1246 430 sum
1283 375 1679 443 consulerent,
1713 380 1770 432 et
1797 375 2023 433 cultum
2055 375 2211 432 Chri-

2326 375 2598 445 μὸσασθαι
2649 371 2822 434 σέϐας.
2877 371 3008 426 Ἀλλ’
3053 374 3208 445 ἄμφω
3258 371 3424 441 οὗτοι,
3468 371 3720 445 φιλοσόφῳ,

565 467 640 522 sti
672 467 1037 537 abjurarent.
1065 467 1270 539 Itaque
1292 465 1395 532 illi,
1429 467 1612 522 ambo
1643 469 1943 523 constanti
1977 467 2214 538 sapien-

562 555 676 622 tiae,
707 572 810 611 seu
841 557 1040 628 potius
1073 559 1166 612 Dei
1199 557 1457 611 amantis
1475 559 1694 612 animae
1725 557 1940 612 robore
1965 556 2216 626 injurias

564 651 982 716 tormentaque
1013 661 1048 700 a
1073 645 1278 715 judice
1304 647 1387 701 eis
1413 646 1596 710 illata,
1631 653 1686 700 et
1714 653 2014 716 postremo
2043 661 2217 714 gene-

561 749 695 790 rose
749 734 1080 790 admodum
1109 741 1165 789 et
1211 733 1436 789 fortiter
1476 736 1656 790 etiam
1698 735 1948 805 capitale
1991 733 2210 805 suppli-

563 824 724 879 cium
751 825 1102 878 sustinuere.
1143 823 1642 896 Quandoquidem
1688 830 1887 879 autem
1937 823 2214 878 Philaaam

564 913 745 985 paulo
777 919 912 968 ante
957 912 1220 968 diximus
1261 913 1613 984 eloquentiae
1653 914 1710 968 vi
1739 914 1916 982 longe
1941 913 2088 968 alios
2114 929 2215 968 an-

563 1001 912 1062 tecelluisse.
942 1001 1194 1072 ipsemet
1241 1003 1510 1072 prodeat,
1540 1003 1836 1074 simulque
1866 1007 1923 1057 et
1966 1002 2216 1057 Alexan-

563 1091 736 1148 drina
781 1091 1070 1162 martyria
1125 1097 1404 1162 exponat,
1439 1097 1494 1146 et
1537 1091 1666 1162 ipse
1707 1091 1818 1146 sibi
1863 1091 2059 1146 verbis
2091 1093 2215 1146 suis

559 1187 787 1237 certum
821 1181 1085 1252 praebeat
1114 1181 1519 1236 testimonium
1547 1199 1561 1235 :
1594 1197 1730 1253 quae
1760 1180 1944 1236 verba
1986 1183 2112 1252 ipse
2143 1196 2215 1235 ex

559 1269 814 1324 vinculis
860 1267 1028 1341 prius
1077 1269 1154 1324 ad
1187 1268 1449 1324 ecclesiae
1497 1287 1620 1324 suae
1675 1269 1908 1340 plebem
1959 1269 2209 1341 scripsit,

563 1375 748 1430 quam
773 1365 1036 1414 extrema
1061 1358 1120 1413 in
1143 1374 1279 1414 eum
1302 1366 1386 1414 est
1409 1366 1464 1413 et
1479 1359 1747 1428 capitalis
1764 1359 1884 1414 lata
1901 1361 2209 1415 sententia.

566 1447 682 1520 45
697 1449 738 1517 1
764 1449 909 1502 Cum
939 1447 1094 1502 enim
1115 1447 1339 1518 prolixe
1355 1455 1645 1519 martyres
1659 1449 1732 1504 de
1747 1449 1982 1520 egregia
2004 1465 2212 1504 eorum

564 1537 626 1593 in
677 1543 858 1592 Deum
918 1536 1297 1592 aemulatione
1341 1543 1398 1592 et
1445 1538 1658 1592 Christi
1714 1539 2039 1592 imitatione
2085 1539 2210 1593 lau-

562 1628 782 1691 dasset,
833 1625 962 1681 haec
1015 1627 1296 1698 deinceps
1345 1625 1562 1682 infert:
1609 1632 1806 1698 Itaque
1855 1627 2209 1682 aemulantes

2325 459 2498 540 loud}:
2547 461 2762 533 φιλοθέῳ
2790 461 2972 532 ψυχῆς
3003 467 3379 538 παραστήματι
3425 465 3549 534 πρὸς
3595 466 3678 524 τὰς
3709 463 3824 536 ἐπαρ-

2324 557 2477 624 μένας
2527 551 2583 603 ἐκ
2617 548 2875 604 δικαστοῦ
2927 551 3100 625 ὕϐρεις
3149 554 3382 618 στάντες,
3417 550 3499 604 ἐπὶ
3529 552 3647 604 τέλει
3687 559 3822 610 auaritia

2326 638 2420 694 διὰ
2450 641 2622 712 ξίφους
2651 645 2890 712 γενναίως
2947 645 3166 713 ἤνεγκαν
3221 640 3482 698 τελευτήν.
3537 645 3666 694 Ἐπεὶ
3709 640 3752 694 δὲ
3777 653 3828 698 ται

2323 731 2485 802 λόγων
2523 736 2800 804 περιουσίᾳ
2835 739 2934 781 τῶν
2983 731 3178 784 πολλῶν
3229 735 3472 803 προέχειν
3521 734 3602 782 τόν
3639 732 3830 784 Φιλαίονὰ

2323 821 2474 892 λόγος
2523 819 2780 892 ἀνέγραψε
2831 824 3098 892 πρότερον,
3155 821 3306 880 αὐτὸς
3361 825 3565 893 παρίτω
3595 837 3606 849 ·
3637 823 3744 893 ὁμοῦ
3777 843 3831 894 μεν

2323 914 2413 960 καὶ
2469 913 2534 960 τά
2590 909 2705 960 κατ’
2763 907 3156 983 Ἀλεξάνδρειαν
3212 913 3458 981 γενόμενα
3507 914 3744 984 μαρτύρια
3765 909 3840 968 διι-

2321 1000 2535 1070 γείσθω,
2569 998 2678 1069 ἅμα
2733 995 2792 1050 δὲ
2831 1003 2920 1050 καὶ
2977 999 3054 1050 ἐπ’
3107 997 3312 1073 ἀκριϐὲς
3362 1001 3562 1073 μάρτυς
3611 997 3842 1052 ἐαντοῦδιέι

2323 1097 2422 1140 τῶν
2479 1087 2676 1140 οἰκείων
2723 1087 2887 1157 λόγων
2943 1090 3186 1158 γινέσθω,
3219 1088 3304 1148 οὓς
3353 1091 3564 1162 ἔγραφεν
3609 1091 3676 1140 ἔτι
3699 1086 3844 1161 δεσμώ-

2323 1197 2414 1238 της
2459 1179 2545 1243 ὢν,
2579 1183 2699 1250 πρὶν
2751 1178 2780 1236 ἢ
2838 1179 3133 1230 τελευταίαν
3187 1177 3447 1250 ἀπόφασιν
3481 1175 3734 1244 δέξασθαι,
3773 1188 3842 1239 τοῖς

2323 1269 2408 1319 ὑπ’
2439 1267 2580 1337 αύτῷ
2633 1267 2840 1320 τελοῦσι
2885 1267 3050 1329 λαοῖς.
3109 1267 3412 1327 Ἐπαινέσας
3469 1271 3569 1342 γὰρ
3623 1268 3846 1340 ἀρκούντως

2321 1361 2441 1418 τούς
2473 1359 2742 1429 μάρτυρας
2793 1365 2865 1426 τῷ
2895 1361 3022 1428 πρὸς
3076 1362 3204 1411 Θεὸν
3233 1357 3372 1428 ζήλῳ
3401 1363 3493 1409 καὶ
3534 1359 3610 1419 οἷς
3635 1361 3848 1428 μιμεῖσθαι

2321 1443 2466 1519 εἶχον
2511 1450 2762 1518 Χριστὸν,
2797 1446 2975 1517 ἐπάγει
3031 1451 3122 1499 καὶ
3149 1453 3319 1498 ταῦτα
3341 1465 3352 1479 ⁸
3389 1450 3475 1498 Διό
3521 1452 3608 1498 καὶ
3637 1447 3850 1506 ζηλώσαν-

2321 1555 2402 1598 τες
2423 1539 2486 1588 τὰ
2515 1540 2728 1606 μείζονα
2771 1541 3087 1608 χαρίσματα
3134 1539 3182 1588 οἱ
3233 1539 3584 1610 Χριστοφόροι
3631 1539 3851 1610 μάρτυρες,

2323 1627 2492 1676 πάντα
2539 1627 2626 1696 μὲν
2679 1629 2829 1676 πόνον
2888 1629 2979 1675 καὶ
3045 1629 3292 1686 παντοίας
3355 1628 3583 1685 ἐπινοίας
3633 1627 3854 1696 αἰκισμῶν,

561 1717 794 1787 majora
865 1714 968 1771 illa
1028 1715 1190 1772 dona
1237 1716 1550 1772 Christiani
1610 1725 1922 1788 martyres,
1975 1717 2211 1772 labores

2323 1713 2417 1766 οὐκ
2469 1712 2711 1778 εἰσάπαξ,
2765 1712 2870 1764 ἀλλ’
2903 1709 3010 1772 ἤδη
3044 1719 3133 1765 καὶ
3186 1711 3272 1774 δίς
3311 1733 3436 1774 τινες
3465 1715 3724 1786 ὑπέμειναν
3749 1731 3759 1743 ·
3785 1718 3858 1764 πά-

561 1821 772 1864 omnes
794 1812 849 1860 et
878 1804 1232 1874 omnigenas
1259 1820 1578 1876 poenarum
1607 1807 1834 1877 species
1862 1822 1982 1861 non
2005 1807 2210 1872 semel,

563 1895 669 1952 sed
709 1895 896 1965 aliqui
926 1895 1106 1949 etiam
1157 1894 1248 1949 bis
1283 1894 1668 1964 pertulerunt.
1719 1897 1783 1950 Et
1812 1911 1989 1950 omne
2023 1911 2213 1966 genus

562 1985 882 2049 minarum,
930 1999 1067 2037 cum
1115 1983 1363 2054 quidem
1423 1984 1708 2039 militares
1751 1983 2028 2039 satellites
2073 2001 2210 2040 cum

559 2073 674 2129 illis
728 2072 1050 2128 ambitiosa
1096 2071 1398 2128 ferocitate
1448 2073 1895 2138 contendentes,
1950 2090 2052 2129 eas
2091 2090 2212 2130 non

561 2163 761 2218 verbis
821 2161 1024 2226 modo,
1086 2161 1188 2216 sed
1243 2163 1422 2216 etiam
1477 2161 1649 2217 factis
1701 2164 2078 2228 intentarent,
2137 2163 2213 2217 de

563 2259 853 2324 concepta
907 2267 1008 2306 eos
1063 2255 1359 2308 sententia
1423 2254 1668 2307 minime
1720 2253 2020 2319 deterruit,
2075 2270 2216 2324 pro-

562 2349 769 2415 pterea
807 2341 972 2414 quod
1020 2339 1280 2396 cbaritas
1331 2342 1590 2412 perfecta
1621 2341 1892 2397 timorem
1943 2343 2202 2412 ejiceret.

562 2433 827 2498 Quorum
863 2431 1158 2496 virtutem,
1192 2439 1248 2486 et
1281 2430 1340 2485 in
1372 2429 1734 2486 cruciatibus
1765 2432 2048 2486 omnibus
2075 2447 2214 2486 con-

565 2521 867 2587 stantiam,
918 2537 1198 2594 quesnam
1231 2520 1427 2576 valeat
1473 2537 1947 2576 commemorare
1977 2522 2208 2577 oratio:

560 2611 867 2683 Siquidem
908 2610 1190 2666 omnibus
1239 2611 1341 2681 qui
1397 2625 1500 2666 eos
1551 2611 1834 2665 conviciis
1863 2610 2212 2683 injuriisque

563 2700 805 2756 afﬁcere
835 2698 1068 2766 vellent,
1103 2704 1394 2770 potestate
1434 2699 1744 2770 permissa,
1776 2700 2020 2771 quidam
2052 2699 2212 2756 fusti-

558 2790 674 2846 bus
703 2788 1191 2854 verberabantur,
1226 2787 1409 2860 aliqui
1467 2788 1670 2857 virgis,
1700 2788 1974 2844 nonnulli
2013 2787 2213 2857 ﬂagel-

557 2878 652 2944 lis,
683 2879 780 2934 alii
810 2877 970 2946 loris,
994 2877 1092 2932 alii
1121 2893 1362 2932 rursum
1386 2875 1650 2932 funibus.
1686 2879 1751 2932 Et
1781 2882 2212 2933 tormentorum

559 2968 792 3023 varium
820 2965 1232 3039 spectaculum
1255 2965 1582 3038 plurimum
1605 2965 1830 3022 laboris
1849 2971 1904 3022 et
1926 2983 2210 3022 aarumnaa

2325 1822 2416 1863 σας
2461 1798 2520 1854 δε
2565 1799 2799 1866 ἀπειλὰς,
2847 1803 2906 1854 οὐ
2936 1801 3127 1873 λόγοις,
3163 1802 3292 1856 ἀλλά
3335 1808 3426 1854 καὶ
3481 1805 3646 1876 ἔργοις
3691 1801 3858 1854 tsi-Hio-

2321 1896 2555 1966 ρυφόρων
2607 1891 2720 1943 κατ’
2779 1891 2946 1943 αὐτῶν
3009 1891 3461 1964 φιλοτιμουμένων,
3513 1893 3606 1944 οὐκ
3669 1889 3856 1944 ἐνεδίδου

2320 1986 2414 2041 τήν
2443 1987 2674 2054 γνώμην,
2728 1978 2820 2034 διά
2849 1986 2906 2033 τό
2963 1987 3057 2040 τὴν
3113 1981 3301 2034 τελείαν
3344 1985 3558 2052 ἀγάπην
3587 1982 3676 2044 ἔξω
3703 1981 3858 2053 βάλλειν
3959 1969 3961 2042 l

2321 2076 2408 2122 τόν
2462 2069 2637 2143 φόϐον.
2689 2071 2784 2122 Ὠν
2835 2071 3130 2142 καταλέγειν
3177 2076 3268 2129 τὴν
3315 2072 3503 2143 ἀρετὴν
3555 2077 3642 2122 καὶ
3685 2077 3764 2129 τὴν
3807 2071 3862 2140 ἐρ’

2323 2159 2525 2231 ἑκάστῳ
2578 2158 2794 2231 βασάνῳ
2845 2157 3064 2232 ἀνδρίαν
3113 2165 3190 2222 τίς
3221 2161 3281 2211 ἂν
3313 2159 3530 2234 ἀρκέσοι
3579 2159 3864 2232 λόγος;’Δν-

2323 2253 2478 2311 έσεως
2513 2253 2614 2323 γὰρ
2667 2253 2826 2308 οὔσης
2855 2249 3024 2302 ἅπασι
3075 2257 3178 2310 τοῖς
3219 2248 3559 2321 βουλομένοις
3609 2249 3864 2320 ἐνυϐρίζειν,

2321 2343 2370 2392 οἱ
2399 2343 2489 2410 μὲν
2530 2339 2694 2400 ξύλοις
2741 2341 2939 2404 ἔπαιον,
2993 2341 3044 2390 οἱ
3095 2336 3154 2390 δὲ
3181 2336 3416 2414 ῥάϐδοις,
3447 2339 3597 2390 ἄλλοι
3635 2335 3688 2391 δὲ
3713 2341 3865 2410 μάστι-

2323 2429 2419 2494 ξιν,
2470 2429 2629 2500 ἕτεροι
2679 2425 2737 2480 δὲ
2767 2429 2918 2480 πάλιν
2969 2429 3170 2500 ἱμᾶσιν,
3215 2429 3360 2480 ἄλλοι
3401 2425 3462 2480 δε
3491 2435 3759 2501 σχοινίοις.
3787 2433 3864 2479 Καὶ

2323 2516 2383 2577 ἦν
2439 2520 2468 2576 ἡ
2523 2521 2612 2570 θέα
2665 2525 2764 2568 τῶν
2817 2518 3077 2589 αἰκισμῶν
3147 2517 3492 2589 ἐνηλλαγμένη
3567 2525 3655 2570 καὶ
3713 2517 3861 2572 πολλήν

2321 2613 2507 2660 κακίαν
2539 2610 2740 2678 ἔχουσα
2772 2621 2785 2636 ·
2817 2609 2864 2659 οἱ
2920 2611 3008 2678 μεν
3051 2610 3152 2680 γὰρ
3207 2607 3375 2660 ὀπίσω
3429 2613 3502 2660 τω
3553 2615 3695 2681 χεῖρε
3739 2603 3870 2658 δεθέν-

2319 2717 2428 2765 τες,
2479 2701 2596 2768 περὶ
2645 2705 2716 2766 τῷ
2771 2695 2902 2767 ξύλῳ
2963 2695 3262 2770 ἐξήρτηντο,
3319 2701 3410 2748 καὶ
3459 2699 3744 2768 μαγγάνοις
3785 2703 3870 2746 τιτι

2323 2784 2569 2840 διέτειναν
2619 2793 2720 2837 πᾶν
2768 2786 2916 2858 μέλος
2949 2803 2960 2815 ·
2993 2783 3085 2838 εἶθ’
3143 2787 3305 2848 οὕτως
3338 2783 3432 2838 διὰ
3476 2790 3669 2846 παντὸς
3692 2793 3771 2838 τοῦ
3798 2803 3870 2836 σω·

2321 2894 2478 2947 ματος
2509 2873 2699 2945 ἐπῆγον
2751 2876 2805 2925 ἐκ
2853 2873 3130 2936 κελεύσεως
3177 2877 3225 2926 οἱ
3275 2873 3626 2946 βασάνισταὶ,
3655 2875 3710 2926 οὗ
3753 2875 3857 2924 καθὲ

2319 2984 2412 3036 περ
2444 2971 2548 3024 τοῖς
2599 2970 2837 3035 φονεῦσιν
2885 2965 2968 3014 ἐπὶ
2997 2972 3094 3015 τῶν
3135 2963 3364 3036 πλευρῶν
3420 2967 3600 3035 μόνον,
3649 2962 3764 3015 ἀλλὰ
3811 2965 3874 3012 ui

559 3055 791 3112 habuit.
845 3057 908 3111 Hi
937 3071 1202 3127 namque
1233 3055 1516 3110 manibus
1565 3061 1701 3125 post
1741 3061 1906 3125 terga
1949 3055 2146 3124 ligatis
2177 3072 2208 3112 e

2321 3061 2410 3113 τῆς
2447 3056 2676 3126 γαστρός
2719 3057 2809 3104 καὶ
2855 3061 2956 3104 τῶν
3009 3061 3188 3124 χημῶν
3241 3057 3330 3104 καὶ
3359 3061 3587 3125 παρειῶν
3615 3061 3720 3112 τοῖς
3757 3051 3876 3122 ἀμυν-

559 3145 724 3214 ligno
785 3143 1330 3217 suspendebantur,
1380 3151 1436 3199 et
1487 3144 1779 3199 machinis
1843 3144 2209 3215 quibusdam

561 3234 835 3290 membra
861 3249 1068 3289 eorum
1093 3233 1300 3287 omnia
1326 3232 1816 3288 distrahebantur
1844 3249 1856 3285 :
1890 3233 2106 3289 deinde
2149 3234 2209 3290 in

560 3338 816 3394 corpora
845 3322 924 3378 ad
977 3323 1138 3376 hunc
1185 3321 1435 3376 modum
1493 3321 1751 3377 distenta
1795 3321 2105 3378 carnifices
2143 3339 2210 3380 ex

555 3412 776 3484 judicis
813 3413 1160 3485 praescripto
1200 3418 1378 3483 atque
1428 3411 1737 3477 mandato,
1771 3426 1892 3467 non
1923 3413 2210 3484 quemad-

559 3502 808 3558 modum
837 3503 1125 3558 adversus
1169 3499 1510 3556 homicidas
1563 3500 1688 3556 ﬁeri
1719 3501 1884 3569 solet,
1929 3503 1988 3556 in
2025 3502 2210 3558 latera

557 3591 774 3656 solum,
813 3591 917 3646 sed
958 3591 1136 3646 etiam
1164 3591 1224 3644 in
1273 3597 1539 3644 ventrem
1571 3589 1798 3660 ipsum,
1826 3591 1886 3646 in
1928 3607 2102 3648 suras
2154 3598 2211 3648 et

557 3680 832 3736 maxillas
873 3685 1168 3736 tormenta
1200 3679 1358 3734 varie
1403 3683 1460 3734 et
1484 3679 1797 3735 crudeliter
1825 3680 2200 3750 ingerebant.

555 3769 642 3825 llli
669 3785 806 3824 vero
837 3785 908 3824 ex
939 3769 1159 3824 fornice
1191 3785 1375 3823 manu
1409 3784 1528 3824 una
1576 3768 1798 3838 alligati
1845 3770 2208 3840 pendebant,

557 3859 781 3931 quibus
825 3859 1094 3914 cruciatu
1139 3859 1307 3915 omni
1363 3859 1598 3929 gravior
1645 3864 1772 3914 erat
1825 3859 2210 3916 articulorum

557 3949 1093 4020 membrorumque
1123 3948 1397 4004 omnium
1445 3948 1751 4003 distensio.
1791 3948 1896 4002 Alii
1928 3963 2107 4018 porro
2131 3949 2212 4005 ad

555 4038 892 4104 columnas,
936 4037 1096 4092 vultu
1132 4036 1205 4092 ad
1267 4053 1370 4092 eas
1403 4052 1592 4106 verso,
1622 4037 1702 4092 ita
1751 4036 1975 4107 alligati
2023 4043 2206 4104 erant,

557 4132 620 4182 ut
651 4126 907 4198 pedibus
941 4141 1060 4181 non
1101 4126 1455 4181 insisterent.
1488 4126 1653 4181 Unde
1684 4124 1883 4188 ﬁebat,
1917 4131 1980 4181 ut
2007 4143 2210 4200 corpo-

555 4231 690 4272 rum
721 4215 876 4270 mole
897 4214 1180 4271 deorsum
1207 4221 1506 4284 vergente,
1535 4215 1775 4270 vincula
1805 4231 2046 4288 quoque
2073 4217 2211 4288 ipsa

555 4303 752 4374 magis
765 4305 1794 4376 constringerentur,gravioremque
1809 4304 1918 4360 illis
1935 4305 2212 4361 afferrent

556 4393 848 4450 dolorem.
881 4395 1072 4466 Atque
1105 4393 1231 4448 haec
1263 4409 1382 4448 non
1417 4399 1670 4459 tantum,
1696 4409 1832 4449 cum
1861 4395 2045 4451 verba
2073 4413 2207 4450 cum

557 4483 643 4539 eis
693 4481 1122 4549 conferrentur,
1175 4487 1278 4538 aut
1325 4497 1546 4554 praeses
1595 4483 1738 4554 ipsis
1787 4484 2052 4548 instaret,
2104 4486 2210 4540 sed

557 4577 790 4629 tantum
813 4587 936 4628 non
957 4571 1174 4626 diebus
1192 4571 1431 4640 integris
1456 4572 1854 4627 sustinebant.
1881 4575 2024 4630 Cum
2049 4575 2210 4631 enim

557 4661 654 4718 ille
685 4661 764 4718 ad
793 4661 944 4717 alios
973 4660 1449 4733 progrederetur,
1483 4661 1646 4732 apud
1683 4663 1908 4732 priores
1939 4679 2074 4717 cum
2109 4679 2211 4735 po-

557 4756 768 4808 testate
795 4767 908 4806 sua
951 4749 1099 4806 alios
1126 4750 1518 4822 relinquebat,
1551 4751 1652 4821 qui
1684 4751 1766 4806 eis
1813 4753 2002 4807 vicem
2035 4769 2210 4809 suam

560 4841 860 4907 adessent,
893 4840 1082 4896 sicubi
1113 4841 1330 4911 aliquis
1381 4839 1690 4896 tormentis
1735 4841 1929 4896 victus
1973 4843 2048 4896 de
2079 4857 2212 4898 sen-

559 4930 743 4986 tentia
787 4929 1074 4986 decedere
1146 4929 1464 4984 videretur.
1520 4928 1776 4984 iubebat
1819 4929 1913 4985 ille
1969 4947 2210 5004 quoque

557 5019 810 5074 vinculis
841 5035 942 5076 eos
969 5019 1182 5074 acriter
1206 5019 1632 5088 constringere,
1663 5035 1732 5074 ac
1757 5019 1973 5075 deinde
2005 5021 2212 5078 anima

560 5107 840 5179 defectos,
893 5114 1072 5180 atque
1103 5109 1162 5163 in
1205 5113 1422 5164 terram
1473 5108 1790 5179 repositos,
1818 5109 1956 5164 hinc
1986 5117 2042 5163 et
2072 5109 2212 5165 inde

561 5199 816 5255 trahere.
845 5201 1045 5268 Neque
1075 5198 1232 5254 enim
1266 5197 1340 5252 de
1371 5197 1544 5252 nobis
1575 5197 1665 5252 vel
1699 5198 1950 5253 minima
1975 5215 2120 5254 cura
2149 5199 2211 5253 in

559 5305 766 5344 eorum
806 5287 1025 5344 animis
1052 5286 1306 5343 resedit:
1335 5287 1438 5342 sed
1478 5301 1548 5342 ea
1584 5293 1879 5342 tormenta
1913 5287 2214 5359 excogita-

557 5381 699 5434 runt
719 5385 774 5434 et
795 5377 1221 5442 adhibuerunt,
1248 5381 1312 5431 ut
1339 5391 1726 5448 nequaquam
1756 5377 1884 5432 haec
1916 5377 2211 5433 secundas

557 5468 776 5524 ferrent
829 5473 1048 5540 partes,
1098 5483 1221 5539 praa
1268 5465 1352 5522 eis
1395 5481 1533 5538 quas
1585 5465 1914 5537 aliquando
1961 5466 2212 5538 quidam

559 5557 973 5616 crudelissima
1000 5557 1294 5614 adversus
1311 5555 1515 5614 hostes
1533 5555 1918 5614 invenissent.
1951 5557 2214 5614 Fuerunt

2319 3148 2520 3216 τηρίοις
2551 3145 2644 3202 τάς
2671 3145 2924 3201 κολάσεις.
2955 3140 3156 3214 Ἔτεροι
3206 3138 3284 3204 δὲ,
3335 3141 3435 3194 ἀπὸ
3465 3151 3566 3204 τῆς
3609 3147 3758 3202 στοᾶς
3781 3145 3874 3212 μιᾶς

2318 3235 2501 3305 χειρὸς
2554 3231 2905 3306 ἐξηρτημένοι,
2959 3232 3214 3303 ᾑώρηντο,
3247 3235 3422 3292 πάσης
3475 3229 3761 3302 ἀλγηδόνος
3803 3227 3882 3280 δει-

2318 3325 2526 3393 νοτέραν
2558 3327 2650 3378 τὴν
2701 3319 2798 3372 ἀπὸ
2827 3329 2928 3373 τῶν
2984 3321 3189 3395 ἄρθρων
3241 3325 3331 3372 καὶ
3370 3319 3537 3393 μελῶν
3578 3323 3727 3373 τάσιν
3767 3323 3880 3390 ἔχον·

2319 3429 2421 3473 τις.
2449 3409 2625 3462 ’Ἄλλοι
2653 3407 2712 3462 δὲ
2740 3412 2840 3482 πρὸ
2877 3417 2980 3470 τοῖς
3021 3415 3189 3462 κίοσιν
3233 3409 3347 3462 ἀντι
3381 3415 3662 3485 πρόσωποι
3690 3407 3878 3464 ἐδοῡντο.

2319 3500 2378 3552 οὐ
2437 3498 2718 3572 βεϐηκότες
2767 3506 2871 3559 τοῖς
2922 3504 3069 3564 ποσὶ,
3125 3497 3197 3570 τῷ
3228 3496 3288 3552 δὲ
3325 3497 3476 3572 βάρει
3531 3509 3627 3552 τοῦ
3685 3505 3872 3570 σώματος

2322 3588 2665 3662 βιαζομένων,
2711 3592 2842 3660 μετά
2887 3591 3087 3650 τάσεως
3133 3588 3474 3662 ἀνελκομένων
3539 3599 3643 3641 τῶν
3685 3587 3872 3660 δεσμῶν.

2323 3683 2421 3732 Καὶ
2465 3680 2606 3731 τοῦθ’
2681 3680 2952 3750 ὑπέμενον,
3003 3678 3096 3730 ούκ
3167 3679 3244 3750 ἐφ’
3282 3681 3402 3731 ὅσον
3455 3676 3868 3752 προσδιελίγοντο,

2325 3703 2421 3732 λαι
2465 3703 2588 3731 τουο
2681 3703 2952 3750 υπεμενον,
3003 3703 3096 3730 ουκ
3167 3703 3224 3750 εφ
3282 3703 3402 3731 οσον
3455 3703 3868 3752 προσοιελιγυνῑν,

2321 3765 2434 3820 οὐδ’
2467 3769 2641 3829 αὐτοῖς
2689 3767 2977 3839 ἐσχόλαζεν
3008 3770 3033 3819 ό
3059 3770 3281 3839 ἡγεμὼν,
3341 3767 3468 3820 ἀλλὰ
3511 3773 3788 3842 μονονουχὶ
3821 3763 3874 3818 δι’
3959 3703 3961 3840 1

2321 3857 2440 3919 ὅλης
2487 3865 2582 3918 τῆς
2635 3859 2853 3929 ἡμέρας.
2913 3856 3036 3910 Ὀτε
3072 3860 3172 3932 γὰρ
3205 3863 3292 3910 καὶ
3323 3857 3397 3930 ἐφ’
3429 3859 3635 3931 ἐτέρους
3670 3855 3870 3918 διέϐαινε,

2319 3955 2428 4008 τοῖς
2471 3951 2737 4022 προτέροις
2787 3945 3132 4018 κατελίμπανε
3182 3951 3303 4008 τούς
3357 3955 3419 4020 τῇ
3485 3947 3706 4020 ἐξουσία
3755 3945 3873 3998 αὐτοῦ

2321 4038 2787 4110 ὑπηρετουμένους,
2839 4039 2985 4088 εἵπου
3063 4055 3138 4096 τις
3185 4038 3428 4097 ἡττηθεὶς
3485 4045 3594 4088 τῶν
3649 4037 3868 4110 βασάνων,

2321 4123 2587 4179 ἐνδιδόναι
2629 4123 2836 4178 ἐδόκει·
2871 4122 3097 4196 ἀφειδῶς
3147 4121 3205 4178 δὲ
3257 4125 3469 4178 κελεύων
3525 4133 3618 4179 καὶ
3665 4133 3766 4188 τοῖς
3790 4122 3876 4176 tiss-

2321 4221 2439 4286 μοῖς
2483 4219 2756 4289 προσιέναι
2789 4232 2801 4244 ·
2831 4219 2921 4266 καὶ
2959 4217 3088 4286 μετά
3116 4222 3301 4280 ταῦτα,
3327 4215 3793 4290 ψυχορραγοῦντες
3812 4213 3879 4264 αὶ-
3959 4235 3961 4290 i

2320 4309 2462 4376 τοὺςθ
2499 4307 2928 4377 κατατιθεμένους
2981 4303 3054 4366 εἰς
3091 4309 3184 4363 τὴν
3211 4313 3331 4374 Ίῆνν
3381 4305 3654 4358 ἕλκεσθαι·
3709 4305 3776 4357 Οὐ
3801 4305 3872 4372 7ἐὲ
3959 4349 3961 4377 l

2321 4392 2448 4448 εἶναι
2494 4393 2589 4446 κᾶν
2654 4398 2804 4467 μέρος
2867 4391 3122 4466 φροντίδα
3177 4394 3349 4454 αὐτοῖς
3405 4401 3529 4465 περὶ
3585 4399 3761 4468 ἡμῶν·
3803 4391 3878 4443 a2:

2320 4484 2453 4536 οὕτω
2502 4489 2591 4536 καὶ
2649 4480 2976 4534 διανοεῖσθαι
3033 4487 3122 4535 καὶ
3173 4485 3434 4555 πράττειν,
3485 4487 3560 4546 ὡς
3613 4482 3784 4554 μηκέτ’
3825 4485 3875 4530 ὦ·
3959 4497 3961 4530 i

2320 4593 2420 4626 των
2450 4576 2646 4629 ταύτην
2697 4569 2942 4646 δευτέραν
2997 4569 3226 4644 βάσανον
3256 4571 3338 4624 ἐπὶ
3389 4579 3499 4633 ταῖς
3558 4575 3778 4644 πληγαῖς
3807 4577 3876 4622 τεέν

2321 4664 2629 4715 ὑπεναντίων
2683 4659 3012 4733 ὲφευρόντων.
3059 4660 3231 4713 Ἦσαν
3282 4658 3340 4714 δὲ
3380 4661 3427 4714 οἱ
3485 4668 3578 4714 καὶ
3639 4665 3762 4735 μετά
3795 4663 3876 4714 τοὺς

2321 4751 2600 4823 αἰκισμοὺς
2647 4749 2730 4802 ἐπὶ
2777 4757 2868 4802 τοῦ
2901 4749 3054 4812 ξύλου
3107 4755 3333 4822 κείμενοι
3375 4749 3470 4803 διὰ
3511 4759 3620 4804 τῶν
3649 4753 3872 4824 τεσσάρων

3423 4837 3576 4902 πόδε,

2321 4929 2550 5001 ἀνάγκην
2599 4929 2789 4990 αὐτούς
2841 4931 2923 4981 ἐπὶ
2972 4936 3061 4982 τοῦ
3089 4928 3241 4991 ξύλου
3289 4931 3508 4992 ὑπτίους
3545 4929 3698 4994 εἶναι,
3731 4935 3790 5002 μὴ
3815 4923 3874 4978 ὃν*

2321 4841 2458 4893 ὀπῶν
2536 4839 2953 4911 ἀντιτεταγμένοι
3031 4841 3183 4912 ἄμφω
3261 4848 3332 4912 τῷ
3423 4839 3576 4902 πόδε,
3659 4845 3720 4901 ὡς
3781 4841 3874 4890 uti

3959 4567 3961 4622 ἓ

3959 4629 3961 4650 4

3960 4679 3961 4696 l

2319 5025 2566 5092 ναμένους
2610 5016 2703 5071 διά
2743 5023 2800 5070 τὸ
2851 5017 3030 5070 ἕνουλα
3073 5022 3139 5071 τά
3191 5021 3467 5092 τραύματα
3513 5019 3624 5073 ἀπὸ
3669 5031 3762 5073 τῶν
3787 5018 3874 5071 7:1:-

2319 5119 2425 5180 γῶν
2473 5110 2590 5161 καθ’
2639 5107 2757 5160 ὅλου
2817 5115 2906 5160 τοῦ
2956 5113 3196 5179 σώματος
3249 5111 3410 5180 ἔχειν.
3466 5109 3678 5182 Ἐτεροι
3733 5106 3784 5163 δὲ
3827 5105 3873 5166 ές

2323 5195 2589 5270 τοῦδαφος
2643 5198 2886 5270 ῥιφέντες,
2941 5199 3131 5250 ἔκειντο
3177 5200 3278 5250 ὑπὸ
3319 5207 3414 5259 τῆς
3445 5195 3697 5272 βασάνων
3727 5199 3870 5270 ἀθρέες

2321 5287 2637 5360 προσϐολῆς,
2689 5284 2978 5360 δεινοτέραν
3033 5292 3125 5344 τὴν
3179 5287 3298 5357 ὄψιν
3350 5297 3440 5348 τῆς
3495 5291 3756 5361 ἐνεργείας
3797 5291 3868 5340 τοῖς

2321 5379 2485 5450 ὁρῶσι
2539 5380 2877 5450 παρέχοντες,
2935 5377 3172 5439 ποικίλας
3227 5381 3316 5428 καὶ
3365 5374 3659 5450 διαφόρους
3715 5383 3760 5430 ἐν
3805 5381 3870 5429 ni;

2326 5472 2537 5538 σώμασι
2589 5469 2820 5538 φέροντες
2849 5467 2943 5528 τάς
2993 5475 3088 5518 τῶν
3139 5465 3378 5538 βασάνων
3417 5465 3676 5530 ἐπινοίας.
3719 5469 3870 5520 Τούτντ

2319 5555 2482 5618 οὔτῶς
2535 5555 2781 5631 ἐχόντων,
2827 5558 2876 5610 οἱ
2924 5559 3014 5630 μὲν
3068 5555 3444 5616 ἐναπέθνησκον
3495 5565 3622 5624 ταῖς
3673 5557 3870 5634 βασάνοις
