4016 6224
167 280 309 336 1225

149 414 212 478 τῇ
260 410 510 481 καρτερίᾳ
559 409 1008 479 καταισχύναντες
1053 410 1141 460 τόν
1193 406 1468 461 ἀντίπαλον
1510 426 1524 440 ⁸

148 496 426 566 ἡμιθνῆτες
484 497 533 546 ἓν
607 504 678 566 τῷ
751 493 1100 571 δεσμωτηρίῳ
1150 498 1564 570 συγκλειόμενοι,

148 584 209 636 οὔ
268 584 457 646 πολλὰς
512 585 711 658 ἡμέρας
750 592 861 645 ταῖς
922 582 1181 655 ἀλγηδόσι
1243 594 1602 658 συνεχόμενοι,
1653 587 1756 639 ἑτε-

1644 498 1756 568 μετ’

145 672 391 727 λειοῦντο.
433 675 499 725 Οἱ
548 669 606 725 δὲ
653 673 842 736 λοιποὶ,
879 683 974 735 τῆς
1020 673 1121 726 ἀπὸ
1161 684 1254 738 τῆς
1308 676 1634 737 ἀνακτήσεως
1675 679 1758 728 θε-

147 767 368 835 ραπείας
395 767 662 833 τυχόντες,
708 771 780 833 τῷ
808 768 984 836 χρόνῳ
1024 769 1114 816 καὶ
1152 773 1211 836 τῇ
1246 773 1342 826 τῆς
1375 765 1602 837 φυλακῆς
1639 763 1756 818 δια-

148 850 326 923 τριϐῇ,
383 851 794 924 θαρσαλεώτεροι
859 851 1106 922 ἐγένοντο.
1178 856 1329 906 Οὕτω
1403 862 1526 924 γοῦν
1601 859 1757 912 ἡνίκα

144 942 528 1014 προσετέτακτο
577 942 817 1014 αἱρέσεως
882 945 1136 1012 κειμένης,
1193 942 1221 1000 ἦ
1277 941 1600 1014 ἐφαψάμενον
1665 952 1756 1003 τῆς

144 1026 356 1100 ἕναγοῦς
409 1031 594 1089 θυσίας
656 1027 1000 1100 ἀνενόχλητον
1068 1027 1216 1094 εἶναι,
1267 1040 1358 1091 τῆς
1410 1032 1532 1105 παρ’
1592 1031 1752 1084 αὐτοῦ

145 1115 437 1192 ἕλευθερίας
493 1117 616 1190 παρ’
669 1117 840 1170 αὐτῶν
890 1123 1136 1190 τνχόντα,
1194 1120 1224 1178 ἦ
1259 1123 1330 1191 μὴ
1396 1122 1606 1184 θύοντα,
1659 1124 1754 1178 τὴν

146 1207 232 1259 ἐπὶ
295 1209 499 1277 θανάτῳ
580 1203 737 1266 δίκην
811 1205 1149 1279 ἐκδέχεσθαι,
1229 1205 1354 1260 οὐδὲ
1417 1209 1752 1280 μελῆσαντες,

146 1295 389 1368 ἀσμένως
435 1300 519 1349 ἐπὶ
566 1301 652 1350 τόν
715 1299 931 1350 θάνατον
972 1299 1236 1370 ἐχώρουν.
1271 1295 1514 1370 ’ῌδεσαν
1554 1301 1654 1373 γὰρ
1690 1301 1756 1351 τά

145 1385 252 1438 ἀπὸ
306 1395 405 1438 τῶν
464 1388 607 1458 ἱερῶν
663 1388 785 1458 ἡμῖν
846 1393 1058 1460 Γραφῶν
1116 1387 1618 1461 προορισθέντα.“0
1653 1391 1751 1460 γὰρ

148 1476 511 1538 θυσιάζων,
550 1480 729 1546 φησὶ,
778 1477 943 1537 θεοῖς
984 1475 1246 1548 ἑτέροις
1286 1475 1752 1547 ἐξολοθρευθή·

147 1582 338 1616 σεται
376 1581 388 1593 ·
440 1569 530 1616 καὶ
572 1566 652 1616 ὅτι
699 1564 828 1616 Οὐκ
889 1568 1148 1616 ἔσονταί
1202 1584 1307 1617 σοι
1360 1567 1490 1617 θεοὶ
1541 1567 1756 1638 ἕτεροι

143 1652 307 1712 πλὴν
348 1652 460 1725 ἐμο
478 1661 530 1709 ὑ.
552 1673 580 1704 ι)
603 1654 1066 1722 Τοιαῦτάψιλαίας
1097 1655 1122 1706 ό
1149 1654 1256 1724 οὐχ
1281 1655 1431 1713 ἧττον
1465 1653 1697 1726 φιλόθεος
1721 1656 1751 1714 ἦ

1201 279 1771 340 ECCLESIASTICAZ
1819 279 2176 340 HISTORLE
2218 283 2355 343 LIB.
2402 283 2512 342 VII.

3391 287 3527 342 1226

1585 411 1633 462 οἱ
1697 407 1756 462 δὴ
1787 411 1832 465 Α
1865 412 1968 482 qui
1992 415 2125 481 post
2149 411 2448 467 cruciatus
2480 410 2540 466 in
2568 413 2796 468 catasta
2819 427 2922 482 per
2946 415 3208 484 quatuor
3232 411 3530 469 foramina

1867 499 2120 571 pedibus
2169 499 2436 572 utrisque
2475 500 2974 565 distenderentur,
3008 500 3183 573 452
3227 506 3282 556 et
3316 517 3530 558 neces-

1867 590 2022 644 sario
2051 589 2247 660 supini
2290 590 2489 658 jacere
2539 590 2599 644 in
2649 594 2888 645 catastae
2928 591 3089 658 ligno
3125 597 3478 662 cogerentur
3510 608 3524 646 :

1865 694 2003 733 cum
2037 683 2158 732 toto
2183 693 2433 748 corpore
2455 695 2490 733 a
2513 683 2595 733 tot
2623 678 2816 750 plagis
2838 680 3096 734 recentia
3116 679 3314 734 adhuc
3346 680 3528 735 habe-

1864 771 1994 822 rent
2035 770 2091 820 et
2124 766 2331 822 intima
2373 766 2637 834 vulnera,
2671 783 2780 823 nec
2824 767 3159 823 substratas
3204 768 3317 823 sibi
3349 773 3526 824 testas

1864 853 2014 909 ferre
2046 859 2312 926 possent.
2345 855 2453 910 Alii
2483 871 2622 911 vero
2644 857 2704 913 in
2731 855 2927 912 solum
2953 857 3031 911 ab
3062 858 3259 911 omnis
3290 872 3457 926 genex
3475 857 3526 912 is

1864 947 2300 999 tormentorum
2339 944 2396 998 vi
2425 944 2692 1015 projecti,
2721 945 3024 1014 jacebant,
3063 945 3525 1016 gravioremque

1864 1032 2042 1087 etiam
2071 1032 2433 1088 cruciatibus
2458 1033 2608 1104 ipsis
2638 1033 3043 1104 spectantibus
3075 1035 3336 1104 speciem
3374 1049 3526 1105 prae-

1863 1121 2108 1187 bebant,
2178 1121 2340 1177 varia
2399 1123 2626 1194 quippe
2690 1128 2747 1178 et
2806 1121 3158 1194 multiplicia
3207 1139 3525 1195 poenarum

1865 1225 2085 1279 genera
2115 1210 2468 1282 corporibus
2500 1227 2620 1282 prus
2653 1227 2716 1266 se
2748 1212 3022 1267 ferentes.
3055 1214 3117 1267 Et
3147 1228 3283 1268 cum
3315 1213 3525 1268 crude-

1863 1299 1998 1354 litas
2031 1299 2162 1370 ipsa
2202 1299 2281 1356 ad
2307 1301 2468 1355 hunc
2500 1299 2749 1355 modum
2783 1301 3034 1367 saeviret,
3078 1301 3327 1372 quidam
3373 1301 3524 1357 inter

1865 1389 1996 1460 ipsa
2023 1395 2320 1444 tormenta
2349 1389 2742 1453 decedebant,
2792 1391 3128 1445 constantia
3172 1407 3282 1445 sua
3311 1391 3525 1446 adver-

1866 1477 2035 1532 sariis
2066 1476 2362 1548 pudorem
2395 1477 2748 1532 incutientes
2783 1493 2795 1530 :
2825 1479 3076 1549 quidam
3101 1477 3433 1534 semineces
3462 1481 3521 1535 in

1867 1581 2102 1621 carcere
2151 1566 2383 1634 inclusi,
2429 1571 2564 1638 post
2606 1565 2735 1622 dies
2765 1583 2994 1638 paucos
3023 1568 3336 1623 doloribus
3377 1585 3522 1623 con-

1866 1656 2052 1710 stricti
2105 1655 2571 1711 emoriebantur.
2625 1657 2902 1712 Nonnulli
2956 1673 3095 1712 vero
3128 1673 3164 1712 a
3214 1659 3522 1712 tormentis

140 1742 420 1814 φιλόσοφος
453 1745 797 1816 παρατίθησι,
838 1751 933 1805 τῆς
966 1743 1250 1803 θεοσεϐείας
1285 1744 1445 1817 ἀπρὶξ
1476 1752 1756 1816 παρορμῶν

1874 1745 2234 1800 medicorum
2268 1761 2416 1800 cura
2457 1747 2724 1811 restituti,
2765 1743 3111 1818 diutiusque
3137 1747 3196 1800 in
3237 1746 3523 1801 custodiis

141 1837 242 1890 τὴν
270 1831 357 1883 ὑπ’
383 1831 538 1884 αὐτόν
571 1836 870 1906 παροικίαν.

1867 1832 2110 1897 detenti,
2165 1833 2561 1890 animosiores
2613 1834 2790 1890 etiam
2837 1834 3079 1889 fiebant.
3133 1835 3337 1906 Itaque
3384 1851 3522 1890 cum

144 1921 513 1993 imperatum
563 1931 738 1986 esset,
771 1921 1011 1991 optione
1057 1922 1384 1992 proposita,
1429 1926 1490 1976 ut
1530 1921 1619 1976 vel
1667 1921 1953 1977 contactis
2002 1921 2146 1977 diris
2191 1923 2306 1978 illis
2359 1922 2668 1978 sacriﬁciis
2713 1922 2980 1978 molestia
3018 1924 3184 1978 omni
3231 1929 3519 1988 carerent,

147 2008 610 2081 Lbertatemque
653 2025 838 2082 quam
883 2027 918 2065 a
958 2010 1170 2080 seipsis
1220 2010 1544 2076 habebant,
1595 2010 1674 2066 ab
1721 2010 1831 2065 illis
1879 2016 2406 2083 consequerentur,
2448 2013 2541 2066 vel
2581 2012 2628 2066 si
2678 2027 2799 2067 non
2839 2011 3256 2075 sacriﬁcarent,
3301 2013 3522 2084 capita-

149 2103 270 2153 lem
319 2099 678 2154 sententiam
728 2099 1112 2169 exciperent:
1165 2099 1244 2154 illi
1293 2099 1438 2154 nihil
1485 2099 1714 2164 morati,
1775 2097 2132 2170 perlibentes
2175 2100 2253 2155 ad
2302 2101 2662 2172 supplicium
2708 2101 2893 2156 ibant.
2946 2101 3223 2157 Sciebant
3280 2103 3520 2168 etenim,

146 2202 289 2259 quas
321 2189 496 2242 nobis
528 2188 587 2241 in
613 2187 829 2242 divinis
858 2188 1080 2242 Litteris
1103 2193 1240 2242 sunt
1272 2187 1580 2258 proposita
1608 2195 1784 2258 atque
1815 2189 2161 2259 praescripta
2191 2189 2436 2245 oracula
2470 2205 2484 2255 ;
2519 2205 2681 2252 nam,
2718 2189 2846 2256 Qui,
2877 2189 3091 2261 inquit,
3121 2190 3234 2246 diis
3265 2191 3401 2246 aliis
3428 2208 3521 2246 sa-

146 2275 409 2343 criﬁcat,
456 2275 974 2332 exterminabitur.
1009 2279 1071 2330 Et
1111 2292 1348 2331 rursum
1381 2292 1392 2330 :
1427 2277 1603 2331 «Non
1631 2283 1806 2332 erunt
1843 2275 1951 2330 tibi
1980 2277 2066 2331 dii
2099 2277 2208 2332 alii
2236 2285 2461 2346 prater
2499 2293 2608 2334 me.
2642 2299 2670 2328 »
2697 2280 2827 2333 Haec
2863 2278 3126 2343 Philaeas,
3169 2295 3289 2334 non
3325 2281 3522 2334 minus

146 2364 251 2420 Dei
295 2380 481 2435 quam
525 2365 832 2435 sapientia
879 2370 1136 2430 amator,
1191 2366 1274 2420 sic
1319 2371 1606 2429 recenset,
1661 2364 1978 2421 ecclesiam
2022 2382 2217 2430 suam,
2272 2372 2334 2422 ut
2383 2383 2587 2422 veram
2637 2367 2918 2438 pietatem
2970 2367 3343 2423 tenacissime
3388 2369 3526 2422 reti-

146 2460 338 2518 neret,
395 2453 738 2508 cohortans.

785 2575 1027 2625 ΚΕΦΛΛ.
1070 2568 1130 2625 Ι’.

150 2679 306 2752 Περι
348 2685 460 2738 τῆς
501 2678 558 2727 ἓν
598 2676 1130 2752 Φρυγίᾳπόᾷλεως
1167 2674 1389 2752 ἄρδην
1427 2694 1752 2750 μαρτυρη-

226 2745 472 2807 σοὶσης⁸
529 2745 840 2821 καῖ’περῖ
877 2745 1361 2802 Ἀδαύκου’τοῦ
1400 2745 1750 2822 μάρτυρος.

225 2853 380 2908 Ἀλλά
414 2857 468 2906 τί
496 2859 606 2927 χρὴ
639 2859 732 2918 τὰς
761 2857 877 2908 καθ’
906 2857 1124 2908 ἕκαστον
1155 2865 1253 2907 τῶν
1286 2855 1526 2926 θεοφιλῶν
1557 2857 1754 2928 μαρτύ-

151 2963 260 3017 ρων
313 2939 687 3016 ἀνδραγαθίας,
737 2947 954 3004 καὶτὰς
1011 2945 1479 3018 καινοτέραςαύτῶν
1519 2941 1755 3002 ἀθλήσείς

154 3039 256 3084 τῶν
287 3035 420 3084 κατά
472 3039 646 3085 πᾶσαν
696 3034 999 3105 οἰκουμένην
1047 3036 1405 3109 παρατιθέναι,
1459 3031 1565 3084 ἐνόν
1608 3034 1756 3105 ἕτερα

2531 2573 2754 2627 CAPUT
2797 2573 2855 2626 Χ.

1867 2677 1950 2731 De
1979 2677 2212 2733 civitate
2237 2677 2495 2748 quadam
2525 2677 2828 2747 Phrygia,
2859 2693 2990 2749 quae
3021 2682 3142 2733 tota
3165 2678 3523 2748 martyrium

2185 2749 2362 2803 subiit
2391 2767 2411 2804 :
2442 2755 2497 2804 et
2524 2749 2597 2804 de
2634 2749 2882 2804 Adauco
2910 2756 3200 2819 martyre.

1939 2851 2053 2908 Sed
2099 2853 2248 2925 quid
2303 2869 2460 2925 opus
2512 2859 2599 2910 est
2655 2853 2956 2924 sigillatim
3002 2857 3119 2910 Deo
3175 2855 3526 2911 dilectorum

1869 2948 2202 3013 martyrum
2233 2941 2458 2998 fortiter
2503 2943 2660 2999 facta
2707 2946 2763 2998 et
2805 2959 2962 2998 nova
3007 2944 3356 3009 certamina,
3387 2960 3524 3015 quas

1866 3047 1970 3102 per
1994 3031 2202 3087 orbem
2222 3047 2466 3087 omnem
2492 3032 2713 3101 obiere,
2741 3030 2974 3097 referre,
3002 3047 3138 3087 cum
3167 3032 3285 3088 alia
3316 3031 3526 3088 afferre

147 3120 334 3191 λέγειν,
381 3117 455 3173 δι’
485 3122 552 3172 ὧν
602 3123 661 3173 ἄν
691 3142 766 3181 τις
804 3128 1143 3194 παραστήσοι
1197 3125 1379 3174 θᾶττον
1418 3127 1506 3180 τήν
1560 3140 1612 3174 τε
1655 3128 1755 3172 τῶν

1874 3120 2053 3190 liceat,
2096 3136 2202 3193 per
2222 3137 2358 3194 quas
2401 3120 2632 3176 facilius
2663 3137 2801 3176 cum
2833 3121 3100 3192 ipsorum
3129 3127 3526 3193 tyrannorum

145 3211 413 3284 τυράννων
465 3207 777 3285 θηριωδίαν,
811 3216 901 3263 καὶ
940 3219 1036 3273 τῆς
1073 3215 1203 3284 πρὸς
1249 3216 1475 3284 Χριστόν
1522 3215 1758 3284 σχέσεως

142 3307 250 3352 τῶν
289 3299 595 3351 καλλινίκων
631 3304 910 3374 μαρτύρων
939 3305 995 3354 τὸ
1036 3298 1327 3372 ἀδιήγητον
1361 3319 1375 3367 ;
1419 3301 1494 3354 Οὐ
1533 3304 1631 3373 γὰρ
1672 3302 1758 3352 ἕνα

149 3394 246 3441 καὶ
281 3385 396 3453 δύο,
428 3390 457 3446 ᾖ
489 3393 576 3440 καὶ
606 3393 741 3441 κατά
789 3395 1128 3461 συστήματα,
1161 3389 1289 3442 ἀλλὰ
1315 3395 1404 3442 καὶ
1456 3389 1602 3442 πόλιν
1633 3394 1756 3460 μίαν

153 3483 277 3550 περὶ
325 3497 423 3529 που
468 3482 560 3536 τὴν
611 3483 861 3550 Φρυγίαν,
919 3476 1231 3553 αὔτανδρον,
1291 3483 1498 3549 σύναμα
1551 3478 1757 3549 γυναιξὶ

149 3573 248 3619 καὶ
295 3572 493 3626 νηπίοις
547 3566 740 3640 ἀθρόαν
792 3568 1000 3620 ὁπλῖται
1047 3567 1419 3630 πεοιλάϐόντες,
1469 3572 1558 3619 καὶ
1589 3565 1759 3636 κύκλῳ

150 3662 263 3730 πῦρ
321 3655 634 3727 ὑφάῲαντες,
697 3660 864 3730 πυρός
919 3659 1064 3731 ἔργον
1118 3659 1346 3712 ἐποίουν.
1393 3655 1669 3726 Ἐγκλημα
1707 3651 1758 3706 δ’

153 3741 220 3802 ἧν
279 3746 357 3796 ὅτι
397 3749 488 3797 καὶ
551 3749 847 3818 στρατηγός
903 3750 993 3797 καὶ
1041 3747 1090 3797 oi
1146 3747 1194 3797 iv
1225 3745 1376 3812 τέλει,
1404 3749 1490 3796 καὶ
1524 3743 1634 3804 ὅλος
1665 3740 1762 3801 δῆ-

149 3853 274 3906 μος,
335 3837 563 3906 Χριστὸν
615 3833 855 3899 ἓπεϐόων,
913 3838 1002 3886 καὶ
1059 3836 1274 3905 πάμπαν
1333 3832 1565 3894 ἀπειθεῖς
1624 3828 1761 3890 ἦσαν

152 3931 266 3982 τοῖς
334 3925 754 3996 προστάττουσιν
835 3919 1248 3996 εἰδωλολατρεῖν,
1311 3926 1411 3976 Καί
1485 3941 1562 3981 τις
1635 3919 1760 3993 ἀνὴρ

153 4011 174 4026 ”
207 4008 449 4073 Αδαυκος
485 4010 580 4064 διά
620 4011 796 4074 πάσης
833 4012 988 4064 ἐλθὼν
1035 4021 1212 4083 τιμῆς,
1246 4015 1294 4064 ἓν
1342 4010 1583 4081 ἕπισήμῳ
1629 4028 1764 4081 γενει

149 4111 261 4154 τῶν
303 4103 426 4175 παρ’
469 4101 691 4163 Ἰταλοῖς
737 4100 1051 4173 ἀξιούμενος,
1105 4103 1282 4163 κοινάς
1327 4119 1379 4152 τε
1431 4108 1530 4151 τῶν
1583 4095 1765 4156 διοκή-

155 4210 292 4243 σεων
339 4190 423 4243 ἐπὶ
468 4191 705 4244 πλεῖστον
745 4189 916 4263 ἀρχὰς
956 4187 1252 4254 διοικήσας,
1308 4192 1376 4250 ὡς
1414 4194 1504 4242 καὶ
1544 4189 1612 4249 εἰς
1665 4207 1765 4260 μα-

148 4286 391 4351 γίστρων
432 4280 636 4352 ἀξίωμα
687 4279 930 4344 ἀνελθεῖν,
972 4278 1056 4332 ἐπὶ
1089 4276 1147 4332 δὲ
1194 4287 1254 4352 τῇ
1312 4282 1444 4351 πρὸς
1506 4281 1636 4332 Θεὸν
1686 4277 1765 4330 εὐ-

153 4367 338 4441 σεϐείᾳ
388 4373 478 4422 καὶ
530 4369 782 4442 ὁμολογία
836 4370 1034 4430 πάντας
1089 4372 1433 4440 παρενεγκὼν,
1478 4366 1557 4420 ἔπ’
1602 4366 1764 4428 αὐτῆς

151 4466 262 4518 τῆς
290 4457 437 4520 ἀξίας
470 4462 558 4511 τόν
596 4466 688 4511 τοῦ
729 4462 1020 4531 μαρτυρίου
1063 4454 1357 4516 ἀνεδήσατο
1389 4459 1657 4528 στέφανον.

779 4763 1022 4816 ΚΕΦΑΛ.
1065 4759 1172 4814 IA'.

159 4873 328 4942 Περὶ
389 4867 582 4920 ἄλλων
635 4866 963 4942 πλείστων
1020 4869 1369 4942 μαρτξύρων
1438 4863 1773 4940 διαφόρως

707 4939 1238 5011 ἀγωνισαμένων.

241 5045 401 5099 Ἀλλά
436 5050 488 5098 τί
539 5043 621 5098 δεῖ
671 5053 779 5107 τοῖς
823 5047 960 5098 κατά
1009 5050 1164 5118 μέρος
1220 5045 1492 5110 ἐπεξιέναι,
1527 5045 1557 5104 ἣ
1607 5047 1774 5117 τυχὸν

154 5141 225 5189 τὸ
281 5135 474 5196 πλῆθος
540 5133 858 5208 ἀναμετρεῖν,
940 5135 1229 5208 ζωγραφεῖν
1277 5153 1328 5187 τε
1372 5143 1445 5205 τῷ
1500 5134 1638 5206 λόγῳ
1711 5138 1777 5187 τά

153 5220 420 5283 πολυειδῆ
474 5223 798 5297 κολαστήρια
830 5239 844 5288 ;
882 5230 992 5276 Τῶν
1026 5227 1116 5296 μὲν
1163 5229 1377 5276 κοπίσιν
1421 5222 1774 5299 ἀνῃρημένων,

159 5317 261 5369 οἶα
313 5314 359 5365 ἐν
406 5313 628 5386 Ἀραϐίᾳ
664 5315 973 5378 πεπόνθασι,
1027 5321 1128 5365 τῶν
1180 5309 1239 5366 δε
1303 5313 1668 5385 συνθλωμένων
1712 5315 1779 5365 τά

162 5402 356 5467 σκέλη,
398 5405 570 5475 ὥσπερ
604 5399 671 5461 δὴ
728 5409 833 5462 τοῖς
880 5401 928 5452 ἐν
982 5398 1340 5474 Καππαδοκιᾳ
1393 5407 1713 5460 συνήντησεν
1759 5418 1773 5430 ·

160 5491 341 5546 οὒλων
393 5495 482 5565 μὲν
531 5494 746 5566 θατέρου
785 5498 894 5543 τοῖν
925 5487 1109 5542 ποδοῖν
1162 5494 1296 5543 κατά
1341 5493 1505 5563 κάραν
1556 5489 1780 5565 ἀνηρτη-

161 5587 358 5656 μένων,
415 5581 686 5654 μαλθακοῦ
745 5583 908 5653 πυρὸς
962 5581 1189 5632 κάτωθεν
1247 5580 1646 5652 ὑποκαιομένου,
1687 5584 1777 5632 καὶ

464 5678 706 5734 Ρλτιιοι.
741 5679 844 5737 Gn.
885 5675 1103 5734 CXLV.

1865 3209 2172 3265 efferatam
2199 3209 2630 3276 crudelitatem,
2670 3215 2796 3266 tum
2823 3212 3199 3280 egregiorum
3237 3211 3527 3266 victorum

1865 3298 2275 3355 incredibilem
2314 3314 2458 3369 erga
2495 3300 2787 3355 Christum
2829 3299 3204 3355 affectionem
3252 3307 3309 3356 et
3348 3302 3529 3372 pieta-

1867 3393 1986 3444 tem
2016 3389 2272 3460 probare
2303 3389 2610 3460 possimus
2639 3386 2668 3442 7
2705 3391 2828 3443 Non
2860 3389 3019 3443 enim
3062 3405 3248 3443 unum
3290 3395 3344 3443 et
3382 3389 3530 3444 alte-

1866 3493 2022 3539 rum.
2061 3483 2164 3532 aut
2205 3477 2383 3532 etiam
2429 3476 2630 3548 plures
2673 3477 3044 3542 catervatim,
3079 3477 3182 3531 sed
3232 3478 3528 3548 oppidum

1869 3571 2058 3621 totum
2092 3566 2359 3636 Phrygias
2407 3565 2737 3636 quoddam,
2771 3565 2930 3620 cives
2976 3565 3195 3620 scilicet
3243 3583 3358 3620 una
3389 3582 3529 3620 cum

1869 3654 2228 3722 conjugibus
2285 3657 2344 3708 et
2392 3653 2595 3708 liberis
2663 3654 2988 3718 universas,
3056 3654 3266 3708 milites
3314 3653 3530 3708 armati

1871 3742 2410 3806 circumvallantes,
2455 3742 2590 3811 igne
2631 3741 2846 3812 injecto
2887 3748 3258 3796 exusserant.
3292 3742 3530 3796 Crimen

1871 3834 2017 3894 erat,
2046 3829 2211 3902 quod
2241 3833 2300 3884 et
2322 3829 2632 3900 praefectus
2661 3831 3165 3900 magistratusque
3192 3836 3247 3885 et
3274 3829 3530 3901 pepulus

1872 3920 2001 3990 ejus
2029 3919 2227 3974 omnis
2268 3919 2565 3974 Christum
2598 3918 2964 3981 invocarent,
3001 3919 3204 3989 eisque
3236 3920 3338 3990 qui
3371 3918 3532 3974 idola

1873 4008 2065 4064 colere
2110 4023 2214 4063 eos
2259 4007 2600 4078 jussissent,
2642 4008 2841 4062 minus
2870 4008 3276 4078 obsequentes
3307 4013 3528 4062 essent.

1877 4097 1972 4152 Vir
2007 4098 2188 4152 etiam
2219 4096 2469 4168 quidam
2500 4096 2777 4150 Adaucus
2812 4095 3074 4158 nomine,
3109 4096 3392 4151 omnibus
3422 4095 3532 4150 bo-

1874 4187 2123 4243 noribus
2149 4185 2406 4251 functus,
2435 4184 2762 4256 illustrique
2791 4185 2952 4256 apud
2977 4185 3154 4242 italos
3177 4185 3309 4241 loco
3331 4190 3528 4251 natus,

1874 4276 2101 4349 quique
2142 4290 2250 4346 per
2287 4273 2672 4345 magistratus
2702 4280 2759 4329 et
2787 4274 3130 4344 dignitates,
3163 4291 3315 4345 quas
3353 4273 3533 4345 pluri-

1877 4380 2008 4420 mas
2034 4368 2318 4434 gesserat,
2347 4362 2524 4434 ‘53
2552 4362 2630 4418 ad
2657 4361 3087 4418 sublimitatem
3109 4363 3376 4435 magistri
3407 4361 3534 4418 ofﬁ-

1876 4454 2102 4509 ciorum
2149 4460 2516 4524 pervenerat.
2565 4451 2781 4523 pietate
2823 4456 3026 4508 autem
3068 4459 3124 4507 et
3153 4450 3532 4507 confessione

1799 4515 1844 4569 D
1879 4543 1974 4598 Dei
2008 4515 2178 4598 facile
2215 4556 2428 4596 omnes
2459 4515 2870 4606 antecellebat,
2911 4540 2972 4596 in
3002 4555 3074 4598 eo
3118 4541 3253 4612 ipso
3288 4554 3533 4595 munere

1877 4630 2149 4703 martyrii
2178 4645 2468 4687 coronam
2495 4630 2745 4702 accepit.

2526 4754 2749 4810 CAPUT
2794 4752 2884 4809 ΧΙ.

1881 4865 1965 4921 De
1976 4863 2110 4920 aliis
2122 4877 2292 4934 quam
2304 4859 2576 4932 plurimis
2589 4858 3364 4934 martyr-tuus,pturifariam
3379 4874 3538 4915 mar-

2483 4933 2641 5002 tyrio
2681 4930 2932 5000 affectis.

1956 5041 2070 5098 Sed
2115 5039 2262 5113 quid
2305 5038 2513 5096 attinet
2551 5037 2854 5107 sigillatim
2904 5041 3195 5108 martyres
3239 5037 3401 5109 ipsos
3447 5054 3540 5093 re-

1884 5147 2144 5196 censere,
2194 5134 2298 5185 aut
2353 5129 2533 5183 etiam
2581 5141 2902 5182 numerum
2951 5142 3161 5182 eorum
3217 5126 3537 5199 inquirere,

1885 5219 2317 5293 suppliciorum
2372 5216 2630 5287 denique
2695 5223 2816 5270 tam
2873 5215 3069 5270 varias
3119 5215 3349 5286 species
3408 5215 3540 5271 stilo

1886 5308 2222 5384 persequi?
2270 5323 2407 5362 cum
2452 5321 2660 5360 eorum
2705 5303 2971 5377 plerique
3012 5304 3206 5359 securi
3253 5305 3540 5376 percussi,

1886 5399 2049 5473 quod
2077 5399 2160 5454 eis
2185 5397 2245 5452 in
2272 5393 2489 5450 Arabia
2515 5393 2728 5448 accidit
2759 5409 2772 5448 :
2805 5392 3106 5448 nonnullis
3131 5408 3305 5448 crura
3331 5391 3539 5463 fracta,

1871 5488 2055 5545 *sicuti
2096 5487 2156 5542 in
2200 5482 2584 5556 Cappadocia
2629 5481 2852 5536 factum
2888 5498 2900 5536 :
2935 5481 3119 5552 aliqui
3167 5480 3319 5552 pede
3358 5481 3544 5536 altero

1890 5579 1946 5633 in
1975 5575 2228 5632 sublime
2255 5571 2491 5636 sublati,
2523 5570 2716 5644 capite
2746 5571 2803 5626 in
2841 5579 3053 5626 terram
3081 5569 3366 5635 demisso,
3401 5571 3546 5627 mol-

3192 5669 3261 5723 39
