4016 6224
558 241 698 307 1227

548 470 935 542 proveniente
983 471 1099 525 sint
1129 468 1424 537 suffocati,
1470 469 1637 541 quod
1687 469 1745 523 in
1786 465 2208 537 Mesopotamia

550 556 824 614 evenisse
856 557 1132 628 legimus.
1166 559 1538 625 Quibusdam
1571 573 1761 622 nares,
1797 555 1976 620 labia,
2010 570 2201 619 aures,

547 663 767 709 manus
788 649 968 704 etiam
998 654 1054 705 et
1082 649 1265 721 pedes
1292 648 1603 721 amputati,
1631 652 1688 703 et
1711 646 1821 718 ipsi
1843 644 2020 700 veluti
2045 660 2207 715 quaa-

544 728 689 792 dam
720 737 976 794 victimas
1008 738 1067 793 in
1097 753 1306 794 carnes
1336 737 1572 793 dissecti
1606 753 1619 791 :
1652 734 1816 808 quod
1843 732 2205 789 Alexandria

544 823 719 883 vidit.
771 826 912 892 Quis
952 842 1089 882 vero
1133 826 1501 882 Antiochena
1533 824 1826 897 supplicia
1859 821 2203 878 memoret?

545 913 649 969 ubi
677 917 847 984 ignes
873 922 929 971 et
957 915 1253 972 craticulas
1284 914 1529 984 ﬁebant,
1551 929 1671 970 non
1699 912 2008 970 confestim
2043 928 2198 967 mor-

542 1006 661 1058 tem
692 1004 1108 1070 accelerantes,
1163 1003 1265 1060 sed
1306 1006 1529 1060 sensim
1582 1009 1915 1076 martyrum
1946 1016 2201 1072 corpora

540 1096 855 1159 torrentes,
887 1093 1302 1167 suppliciaque
1324 1100 1381 1149 et
1407 1109 1619 1167 pmnas
1642 1093 1705 1148 in
1728 1094 1978 1162 longum
2009 1095 2199 1146 extra-

539 1180 767 1237 hentes.
804 1183 1059 1238 Fuerunt
1088 1183 1168 1237 ibi
1208 1184 1408 1246 etiam,
1450 1184 1552 1255 qui
1600 1181 1839 1237 dextras
1870 1180 2041 1235 ollius
2076 1179 2196 1248 igni

541 1270 776 1327 ardenti
836 1270 1280 1327 comburendas
1332 1271 1734 1335 immitterent,
1785 1286 1969 1343 quam
2027 1284 2196 1323 exse-

535 1360 766 1418 cranda
821 1377 991 1417 sacra
1048 1366 1105 1417 et
1165 1359 1459 1417 sacriﬁcia
1516 1360 1897 1430 attingerent.
1963 1356 2196 1430 Reperti

536 1463 780 1522 quoque
811 1454 971 1517 sunt,
1004 1451 1105 1522 qui
1152 1449 1319 1523 prius
1348 1466 1410 1506 se
1466 1465 1538 1506 ex
1589 1448 1736 1505 locis
1788 1445 2194 1520 superioribus

534 1537 871 1610 praecipites
899 1538 1132 1605 darent,
1164 1555 1351 1611 quam
1394 1537 1727 1612 periculum
1758 1541 2193 1593 tormentorum

533 1624 769 1683 adirent
800 1643 813 1680 :
846 1634 1099 1684 mortem
1126 1627 1325 1700 potius
1355 1626 1531 1684 citam
1564 1625 1749 1693 obire,
1777 1641 1963 1698 quam
1995 1628 2058 1680 ut
2085 1623 2193 1679 im-

1892 242 2284 305 NICEPHORI
2326 240 2648 304 CALLISTI
3718 254 3812 316 mg

546 356 696 435 liore
745 378 882 449 igne
932 377 1269 454 supposito,
1321 374 1489 437 fumo
1522 394 1595 436 ex
1624 376 1874 435 materia
1936 374 2187 432 viridior:

2317 378 2771 449 καταπνιγομένων
2844 380 2915 445 τῷ
2986 368 3289 448 ὺαρῤέοντι
3343 376 3439 436 τῆς
3486 374 3597 438 ὕλης
3646 392 3810 453 καπνῷ.

2317 467 2401 517 οἷα
2446 469 2494 517 ἓν
2536 472 2595 537 τῇ
2630 469 2778 537 Μέση
2812 472 2912 516 τῶν
2941 482 3188 535 ποταμων
3223 466 3524 535 πεπρᾶχθαι
3566 465 3810 541 ἀνέγνωμεν

2315 554 2477 606 ἄλλων
2526 555 2671 628 ῥῖνας
2709 557 2800 605 καὶ
2847 552 3001 625 χείλη
3057 557 3149 605 καὶ
3186 550 3312 617 ὦτα,
3360 555 3435 604 ἔτι
3486 551 3539 606 δι
3574 561 3649 609 καὶ
3686 567 3813 633 χεῖρας

2312 648 2399 695 καὶ
2454 639 2624 704 πόδας
2676 644 3136 715 περιαιρουμένων,
3186 646 3277 694 καὶ
3348 645 3481 694 καθά
3532 664 3633 697 τινα
3677 652 3813 720 σφάγια

2311 736 2761 804 κρεανομουμένων
2809 749 2823 762 ·
2864 732 3021 783 ὁποῖα
3072 726 3205 783 εἶδεν
3258 732 3289 785 ἦ
3337 730 3699 807 Ἀλεξάνδρεια.
3743 743 3816 800 Πῶς

2313 816 2348 873 δ
2351 824 2372 873 ι
2392 829 2489 873 τῶν
2514 822 2629 874 κατ’
2660 822 2673 845 ⁹
2694 822 3008 893 Αντιόχειαν
3039 821 3065 872 ὁ
3095 820 3245 891 λόγος
3270 821 3613 892 ύπομνησθείη
3640 839 3652 889 ;
3678 824 3815 897 Ἐσχέ.

2307 928 2399 983 ραι
2458 913 2620 984 πυρός
2668 908 2789 977 ἐκεῖ,
2849 910 2943 962 οὐκ
2997 907 3182 984 ἁθρόον
3238 912 3324 961 τὸν
3390 915 3541 984 μόρον
3584 910 3814 983 ἐπείγονται,

2309 1000 2478 1072 ἠρέμα
2519 996 2575 1052 δ’
2613 998 2905 1062 ἐξοπτῶσαι
2947 1003 3004 1051 τὸ
3065 996 3385 1072 καταϐραχὺ
3433 1001 3621 1074 μακρὰν
3672 1001 3819 1073 ἐπάγειν

2306 1092 2398 1146 τὴν
2446 1093 2719 1161 τιμωρίαν,
2760 1094 2849 1140 καὶ
2904 1084 3073 1150 δεξιαὶ
3119 1084 3170 1139 δ’
3198 1086 3363 1140 ἐκεῖσε
3414 1090 3443 1147 ᾖ
3475 1090 3641 1141 θᾶττον
3669 1088 3821 1163 σροδρῷ

2306 1181 2434 1251 πυρὶ
2473 1178 2790 1247 καθιέμεναι,
2848 1178 2875 1236 ἦ
2928 1185 3027 1228 τῶν
3088 1175 3280 1247 ἐναγῶν
3330 1178 3521 1228 θυσιῶν
3566 1180 3823 1250 καθαπτόμε-

2305 1286 2409 1320 ναι.
2449 1264 2473 1286 ⁷
2514 1274 2588 1318 Ων
2629 1261 2696 1324 δή
2758 1285 2889 1328 τινες
2938 1261 3068 1336 μηδ’
3096 1265 3166 1327 εἰς
3213 1273 3394 1339 πεῖραν
3451 1268 3584 1324 ἣκειν
3621 1267 3823 1335 ἔθελοντες,

2304 1355 2494 1408 ἄνωθεν
2540 1355 2594 1417 ἐξ
2649 1356 2889 1428 ὑπερῴων
2931 1353 3150 1416 ἑαυτοὺς
3200 1358 3598 1421 κατηκόντισαν,
3650 1364 3727 1408 τοῦ
3763 1366 3826 1428 μό-

2303 1463 2395 1515 ρου
2460 1446 2643 1496 θᾶττον
2695 1452 2879 1516 τυχεῖν
2932 1443 3203 1515 ἐφιέμενοι,
3258 1448 3413 1517 πρινὴ
3472 1452 3564 1496 τῶν
3613 1442 3825 1498 δυσσεϐεῖ»

2304 1532 2493 1586 ἁλῶναι
2525 1539 2636 1594 ταῖς
2670 1536 2885 1604 πάγαις.
2945 1529 3190 1607 Φρικὼδη
3223 1529 3283 1585 δι
3332 1538 3422 1585 καὶ
3480 1532 3646 1595 ἀκοαῖς
3682 1539 3830 1592 ἣκιστα

2303 1625 2505 1696 φορητὰ
2545 1624 2681 1675 κατὰ
2710 1626 2901 1676 Πόντον
2942 1624 3179 1695 ἔπασχον
3217 1624 3381 1697 ἕτεροι
3412 1639 3428 1654 ⁶
3470 1624 3627 1677 ὧνοοί
3768 1647 3831 1679 ια-

532 1716 771 1788 piorum
804 1714 1033 1789 laqueis
1051 1723 1425 1788 caperentur,
1450 1720 1859 1789 properantes.
1884 1712 2187 1770 Horrenda

2300 1712 2481 1784 λοὶμοις
2522 1714 2659 1764 κατὰ
2712 1719 2812 1764 τῶν
2870 1711 3040 1781 οἶκρων
3072 1708 3341 1764 δακτύλων
3391 1716 3515 1775 τούς
3561 1715 3729 1785 ὄνυχας
3757 1710 3834 1767 διε-

532 1820 677 1861 vera
718 1821 966 1877 prorsus
1004 1811 1143 1861 sunt
1183 1809 1241 1862 et
1284 1804 1494 1862 auditu
1518 1803 1933 1870 intolerabilia,
1965 1819 2102 1876 quae
2130 1801 2192 1857 in

531 1892 720 1950 Ponto
769 1899 1068 1967 martyres
1122 1899 1259 1950 sunt
1307 1894 1488 1967 passi.
1525 1893 1896 1960 Quibusdam
1938 1891 2097 1948 enim
2130 1890 2191 1947 in

529 1982 787 2038 summis
827 1983 1025 2054 digitis
1056 1983 1371 2056 praeacutis
1420 1982 1668 2039 calamis
1718 1997 1951 2052 ungues
1994 1979 2191 2052 perfo-

529 2067 866 2127 diebantur.
907 2071 1016 2128 Alii
1067 2088 1207 2128 vero
1259 2071 1578 2145 plumbum
1609 2072 1746 2143 igne
1777 2069 2185 2145 liquefactum,

530 2159 849 2234 picemque
900 2159 1249 2218 bullientem
1297 2161 1560 2235 scapulis
1609 2165 1665 2217 et
1705 2161 1889 2217 dorso
1934 2159 2188 2230 excipie-

526 2248 697 2305 bant.
717 2249 993 2306 Nonnulli
1011 2250 1279 2322 partibus
1298 2250 1381 2306 eis
1402 2267 1538 2324 quae
1560 2250 1807 2306 honeste
1838 2265 1961 2306 non
1998 2248 2189 2304 nomi-

527 2343 767 2404 nantur,
801 2341 1096 2396 cruciatus
1126 2338 1317 2395 fmdos
1352 2339 1704 2413 silentioque
1734 2339 2022 2409 tegendos
2053 2353 2188 2410 per-

529 2426 800 2484 ferebant
825 2448 839 2487 :
864 2444 1019 2500 quos
1043 2428 1275 2484 nobiles
1299 2428 1381 2483 illi
1403 2435 1459 2484 et
1482 2429 1662 2485 fortes
1687 2428 1795 2484 viri
1826 2426 2186 2499 philosopho

527 2515 704 2587 plane
736 2517 940 2574 animo
966 2522 1022 2573 et
1050 2518 1152 2589 pia
1179 2515 1451 2589 quadam
1485 2517 1812 2574 ambitione
1841 2516 1954 2573 sibi
1979 2522 2186 2572 contra

524 2619 733 2662 recens
766 2606 1009 2663 inventa
1040 2612 1354 2673 tormenta,
1395 2606 1823 2663 exuberantem
1862 2606 2185 2663 abundan-

527 2692 671 2751 tiam
736 2694 1084 2751 constantim
1150 2709 1280 2750 esse
1345 2695 1752 2760 ostenderunt,
1826 2709 2184 2766 generosam

524 2782 858 2854 quamdam
882 2783 1325 2841 contentionem
1369 2785 1545 2840 novis
1593 2783 1856 2857 praemiis
1890 2785 2184 2840 adversus

525 2884 745 2943 spurca
789 2876 849 2929 et
898 2873 1214 2929 inhonesta
1246 2872 1543 2945 supplicia
1579 2873 1974 2929 instituentes-
2011 2874 2182 2930 Post—

524 2973 711 3032 quam
761 2975 903 3018 vero
951 2961 1088 3016 victi
1140 2961 1502 3018 immanium
1553 2966 1990 3018 tormentorum
2039 2962 2184 3018 novi

524 3048 777 3106 artiﬁces
806 3047 1195 3122 caedibusque
1229 3049 1456 3122 fatigati
1507 3054 1666 3117 sunt,
1718 3050 2025 3122 adimpleti
2052 3051 2182 3121 jam

522 3138 602 3195 ad
631 3139 961 3196 satietatem
992 3154 1183 3211 usque
1226 3140 1579 3197 torrentium
1608 3140 1814 3210 instar,
1845 3138 2182 3213 proﬂuente

522 3232 861 3300 martyrum
903 3229 1215 3299 sanguine,
1262 3228 1508 3285 tandem
1550 3229 1629 3285 ad
1660 3229 2088 3287 adumbratam
2124 3234 2183 3286 et

521 3315 788 3373 fucatam
816 3316 1141 3373 bonitatem
1173 3322 1312 3373 sunt
1358 3318 1651 3389 conversi,
1689 3323 1753 3375 ut
1780 3318 2001 3375 scilicet
2054 3334 2179 3375 am-

452 3460 455 3465 .
520 3404 679 3478 plius
707 3410 833 3463 tam
863 3406 1268 3462 inhumaniter
1294 3413 1474 3478 atque
1524 3407 1839 3464 crudeliter
1862 3407 2181 3465 nobiscum

522 3508 700 3565 agere
726 3511 846 3551 non
872 3496 1232 3550 viderentur.
1260 3494 1440 3568 454
1462 3496 1590 3553 Non
1610 3497 1769 3553 enim
1792 3496 2179 3569 popularium

518 3597 727 3640 cruore
758 3585 1025 3640 civitates
1056 3584 1472 3651 contaminari,
1502 3600 1699 3658 neque
1738 3586 2179 3644 inhumanitate

518 3671 955 3745 imperatorum
996 3672 1430 3742 benignitatem
1477 3674 1795 3730 calumniis
1843 3675 2024 3747 objici
2073 3676 2181 3733 de-

516 3760 682 3827 bere,
725 3762 828 3818 sed
872 3763 1072 3834 potius
1105 3761 1431 3834 imperialis
1470 3764 1781 3835 potestatis
1822 3763 2180 3821 benevolen-

516 3849 666 3906 tiam
697 3856 877 3923 atque
906 3850 1285 3906 clementiam
1307 3852 1368 3906 in
1399 3852 1710 3907 universos
1735 3852 2178 3911 extendendam

520 3952 651 3994 esse
689 3938 988 3994 dicebant.
1034 3940 1409 4011 Quapropter
1436 3938 1631 3996 edicto
1669 3944 1915 3997 cautum
1962 3946 2069 4008 est,
2099 3957 2177 3999 ne

521 4027 838 4083 Christiani
899 4027 1029 4083 neci
1100 4026 1502 4087 dederentur:
1579 4028 1747 4101 quod
1805 4030 2054 4101 perinde
2113 4030 2178 4087 id

519 4120 696 4182 esset,
722 4120 902 4187 atque
927 4117 976 4170 si
1000 4115 1196 4188 poenis
1223 4116 1652 4190 suppliciisque
1681 4117 1898 4173 modus
1918 4117 2177 4191 ﬁnisque

518 4203 947 4277 imponeretur.
980 4204 1346 4275 [mperatum
1376 4219 1536 4275 vero,
1562 4209 1627 4262 ut
1647 4204 1804 4262 oculi
1827 4205 2177 4265 hominibus

515 4293 735 4348 nostris
771 4292 1193 4359 effoderentur,
1234 4298 1288 4349 et
1334 4293 1561 4366 pedum
1608 4293 1755 4351 alter
1799 4294 2178 4352 abscindere-

514 4384 634 4477 tur.
667 4383 753 4477 Ita
784 4382 942 4477 enim
974 4382 1219 4477 for-euut
1242 4383 1668 4477 inhumanitas
1696 4384 1830 4455 ipsa
1853 4385 2177 4477 humanior
2206 4422 2251 4477 Β

516 4474 576 4526 et
629 4471 708 4528 ad
758 4471 1082 4527 vindictam
1136 4470 1329 4527 lenior
1378 4486 1508 4528 esse
1560 4472 1876 4530 videretur.
1931 4475 2174 4531 Factum

514 4576 662 4617 sane
710 4576 814 4633 per
869 4561 1242 4632 ejuscemodi
1286 4562 1622 4618 humanam
1670 4562 2174 4621 inhumanitatem

510 4649 839 4722 impiorum
868 4649 1207 4720 hominum,
1238 4649 1301 4705 ui
1322 4651 1453 4722 jam
1482 4650 1679 4707 verbis
1708 4651 2021 4723 complecti
2050 4668 2173 4710 non

512 4739 605 4804 sit,
626 4744 853 4813 quanta
875 4738 1200 4797 multitudo
1218 4755 1426 4796 eorum
1448 4738 1673 4812 quibus
1689 4740 1881 4797 dextri
1906 4741 2173 4812 primum

2300 1806 2538 1876 πείροντο
2562 1818 2577 1831 ο
2606 1797 2739 1859 ἦσαν
2772 1797 2822 1852 δ’
2853 1798 2902 1852 οἳ
2939 1797 3133 1871 μόλιϐδ
3137 1820 3190 1852 ον
3231 1797 3267 1853 δ
3272 1804 3546 1854 ιατακέντα
3583 1808 3711 1876 πυρὶ,
3741 1809 3830 1856 πίτ-

2305 1911 2398 1943 σαν
2423 1909 2477 1943 τε
2503 1889 2881 1961 καχλάζουσαν
2921 1896 3032 1951 τοῖς
3068 1893 3403 1964 μεταφρένοις
3444 1887 3689 1962 ἒδέχοντο.
3723 1891 3830 1944 Ἀλ-

2299 1980 2379 2032 λοι
2434 1987 2541 2040 τοῖς
2592 1977 2904 2053 ἁπορῥὴτοις
2948 1987 3048 2030 τῶν
3108 1978 3272 2050 μελῶν
3326 1979 3579 2052 αἰσχράς
3611 1999 3731 2041 τινας
3769 1988 3833 2033 καὶ

2300 2072 2497 2128 ἥκιστα
2523 2068 2658 2139 λόγῳ
2710 2067 2872 2142 ῥητὰς
2911 2071 3180 2141 συμφορὰς
3232 2064 3563 2143 διαφέροντες
3609 2065 3725 2128 ἦσαν
3751 2087 3762 2100 ⁶
3790 2070 3835 2133 ἃς

2300 2162 2348 2211 οἱ
2406 2165 2629 2230 γενναῖοι
2676 2153 2954 2215 διαιτηταὶ
3008 2156 3270 2231 φιλοσόφῳ
3316 2158 3587 2231 φιλοτιμίᾳ
3621 2161 3736 2211 κατᾶ
3764 2168 3836 2211 τῶν

2298 2251 2604 2321 καινοτέρων
2671 2246 2931 2299 κολάσεων
3032 2251 3338 2322 περιουσίαν
3418 2252 3538 2301 τινὰ
3624 2253 3837 2323 καρτερίας
3954 2246 3955 2323 ξ

2299 2332 2678 2400 ἐπεδείκνυντο,
2738 2333 2958 2407 ἅμιλλαν
3019 2334 3111 2387 ούκ
3160 2334 3341 2406 ἀγεννῆ
3394 2336 3715 2398 συνιστάντες
3761 2342 3841 2399 τοῖς

2297 2432 2491 2485 καινοῖς
2539 2422 2800 2499 βραϐείοις
2852 2432 2951 2475 τῶν
3000 2422 3197 2497 ἀτίμων
3247 2433 3533 2498 τιμωριῶν.
3570 2424 3653 2488 Ὠς
3690 2422 3739 2478 δε
3775 2430 3840 2497 μό-

2296 2513 2376 2575 λις
2416 2513 2750 2587 ἀπειρηκότες
2790 2510 2924 2571 ἦσαν
2970 2514 3022 2565 οἱ
3065 2519 3235 2566 καινοί
3274 2522 3375 2566 τῶν
3412 2514 3667 2568 κολάσεων
3713 2534 3840 2567 excu-

2298 2599 2518 2672 δασταὶ,
2584 2605 2858 2663 κτείνοντές
2904 2620 2958 2655 τε
2997 2601 3282 2674 ἀπέκαμον,
3341 2603 3767 2676 ὑπερεπίμπλαντό
3804 2622 3843 2656 τε

2296 2693 2363 2754 εἰς
2425 2696 2575 2767 κόρον
2630 2699 2736 2753 τοῖς
2779 2690 3042 2765 ἐκρεουσιν
3089 2691 3298 2762 ὀχετοῖς
3350 2701 3452 2745 τῶν
3521 2696 3752 2767 αἱμάτων,
3782 2692 3844 2746 ἐπὶ

2294 2785 2644 2855 χρηστότητα
2681 2777 2839 2841 δῆθεν
2880 2785 3255 2853 κεχρωσμένην
3286 2779 3527 2856 ἐχώρουν
3570 2798 3585 2813 ·
3633 2785 3696 2845 ὡς
3718 2781 3768 2835 ἄν
3790 2787 3841 2853 μὴ

2295 2868 2499 2925 δοκοῖεν
2528 2873 2605 2924 ἔτι
2659 2870 2775 2923 καθ’
2814 2871 2959 2942 ἡμῶν
2998 2872 3065 2923 τὰ
3127 2866 3275 2923 δεινὰ
3328 2873 3578 2940 πράττειν
3609 2888 3623 2901 ⁸
3657 2875 3719 2943 μή
3764 2867 3845 2924 δεῖν

2292 2962 2391 3034 γὰρ
2422 2957 2552 3013 εἶναι
2602 2958 2871 3031 ὁμοφύλων
2914 2961 3108 3030 αἵμασι
3152 2963 3376 3031 μιαίνειν
3429 2962 3524 3021 τὰς
3573 2960 3728 3024 πόλεις
3766 2960 3846 3012 ελε-

2210 3078 2251 3136 C
2290 3069 2402 3120 γον,
2455 3045 2586 3122 μηδ’
2647 3048 2997 3121 ἁπανθρωπίᾳ
3055 3052 3150 3107 τήν
3230 3056 3329 3101 τῶν
3374 3052 3694 3122 κρατούντων
3738 3049 3847 3121 επὶμέ-

2290 3157 2426 3191 νειαν
2465 3135 2763 3192 διαϐάλλειν
2795 3152 2808 3166 ⁸
2859 3140 2919 3190 τό
2958 3133 3019 3191 δὲ
3063 3142 3228 3209 πρᾶον
3276 3142 3365 3191 καὶ
3405 3138 3748 3214 φιλάνθρωπον
3778 3145 3849 3198 τῆς

2293 3224 2579 3299 βασιλικῆς
2642 3226 2881 3289 ἔξουσίας
2943 3223 3028 3279 ἰπὶ
3091 3229 3287 3289 πάντας
3359 3225 3677 3280 ἐπιτείνεσθαι
3748 3222 3847 3279 δεῖν.

2288 3318 2439 3370 Ὅθεν
2495 3314 2721 3369 ἐκέλευον
2772 3319 2843 3388 μὴ
2905 3316 3107 3387 θανάτῳ
3167 3314 3305 3368 λύειν
3359 3317 3506 3388 ἡμᾶς
3553 3334 3568 3347 ’
3629 3321 3734 3370 ἴσον
3772 3319 3847 3389 γὰρ

2290 3401 2420 3458 εἶναι
2448 3408 2534 3457 καὶ
2578 3410 2670 3456 τοῦ
2713 3406 3059 3478 τιμωρεῖσθαι
3100 3406 3429 3462 πεπαῦσθαι,
3480 3408 3652 3460 Ἔνθεν
3693 3424 3761 3456 τοι
3782 3407 3850 3455 καὶ

2289 3494 2656 3567 ἰξορύττεσθαι
2694 3494 2785 3565 μὶν
2825 3491 3139 3565 ὀφθαλμοὺς,
3196 3494 3410 3565 θάτερον
3463 3490 3527 3547 δε
3565 3490 3703 3547 πόδα
3726 3511 3850 3565 πρόες

2289 3584 2627 3656 αφαιρεῖσθαι
2693 3585 3062 3654 προσέταττον.
3128 3581 3281 3635 Οὕτω
3367 3585 3474 3656 γὰρ
3529 3579 3658 3636 εἶναι
3712 3583 3849 3641 αὐτοῖς

2289 3672 2632 3746 ἀπάνθρωπον
2688 3674 2747 3723 τὸ
2828 3669 3183 3745 φιλάνθρωπον
3279 3675 3370 3722 καὶ
3454 3674 3591 3747 πρὸς
3650 3675 3851 3745 τιμωρίαν

2287 3766 2591 3835 πραότερον,
2623 3759 2713 3821 Ὠς
2739 3758 3041 3831 συμϐαίνειν
3068 3755 3163 3813 διὰ
3190 3762 3386 3818 ταύτην
3417 3765 3513 3819 τὴν
3553 3760 3850 3833 ἀπάνθρωπον

2288 3850 2670 3924 φιλανθρωπίαν
2720 3856 2820 3901 τῶν
2871 3846 3071 3900 ἀσεϐῶν
3100 3850 3282 3920 μηκέτ’
3323 3850 3434 3902 οἷον
3473 3868 3531 3902 τε
3575 3845 3702 3902 εἶναι
3735 3847 3851 3918 λόγον

2288 3935 2324 3992 δ
2329 3938 2578 4006 ιαλαϐεῖς,
2610 3940 2728 3992 ὅσοι
2772 3940 2865 4010 μὲν
2893 3941 3015 4000 τοὺς
3061 3945 3161 3990 τῶν
3196 3937 3473 4010 ὀφθαλμῶν
3512 3936 3714 4001 δεξιοὺς
3747 3937 3850 4009 ξίφει

2285 4033 2534 4103 πρότερον
2593 4030 2907 4092 ῖκκοπεντες,
2962 4029 3140 4079 ἔπειτα
3187 4034 3286 4100 πῦρ
3376 4030 3520 4080 κατὰ
3580 4035 3676 4090 τῆς
3722 4033 3853 4097 τομῆς

2284 4115 2667 4190 εἰσδεξάμενον,
2706 4115 3026 4188 πλανώμενοι
3049 4121 3327 4188 περιήισαν
3353 4135 3365 4149 ·
3407 4121 3505 4169 καὶ
3533 4119 3655 4170 ὅσοι
3681 4113 3743 4174 δὴ
3776 4122 3851 4167 τῶν

2283 4203 2461 4260 ποδῶν
2532 4209 2649 4268 τοὺς
2702 4205 2875 4268 λοιοὺς
2926 4212 3153 4278 καυτῆρι
3206 4201 3364 4277 βιαίῳ
3411 4208 3759 4280 χρησάμενοι,
3798 4204 3852 4262 ὡς

2284 4297 2452 4368 ἄχθος
2500 4294 2709 4348 ἐτώσιον
2749 4290 2904 4359 ἦσαν,
2935 4295 3139 4354 τούτοις
3185 4292 3559 4367 ἐπισυρόμενοι
3592 4312 3605 4326 ·
3656 4291 3756 4347 εἶτα
3786 4296 3853 4343 καὶ

2283 4392 2395 4447 τοῖς
2431 4383 2545 4438 κατ’
2602 4383 2864 4458 ἂπαρχίαν
2892 4381 3164 4455 μετάλλοις
3200 4382 3261 4435 ού
3298 4388 3493 4456 χρείας
3541 4386 3677 4437 ἓνεκε
3710 4386 3850 4445 τόσον,

2284 4478 2352 4537 ὡς
2401 4472 2468 4532 δὴ
2550 4478 2829 4536 κακώσεως
2881 4477 2972 4525 καὶ
3048 4472 3420 4546 ταλαιπωρίας,
3476 4471 3851 4533 κατεδικάζοντο

2738 4562 2883 4615 ἄλλοι
2921 4557 2982 4614 δε
3010 4560 3175 4623 ἄλλως
3233 4559 3604 4638 διεκαρτέρουν
3634 4581 3648 4593 ”
3687 4561 3720 4613 ἆ
3743 4555 3854 4633 μηδι

2776 4659 2963 4705 νικῶσι
3014 4653 3115 4727 γὰρ
3154 4653 3326 4706 πάντα
3374 4652 3531 4724 λόγον
3581 4656 3651 4706 τὰ
3690 4652 3853 4705 ἐκείνων

2284 4565 2632 4637 ἀπηνέστερον
2664 4583 2677 4596 ·

2282 4653 2444 4725 λέγειν
2481 4649 2667 4727 ιον
2702 4668 2715 4681 ·

2285 4742 2648 4814 παλαίσματα.

510 4827 667 4884 oculi
717 4827 872 4885 ferro
915 4826 1095 4884 excisi
1141 4835 1299 4895 sunt,
1341 4826 1558 4885 deinde
1601 4828 1758 4899 ignis
1800 4829 1860 4885 in
1916 4830 2137 4886 vulnus
2190 4830 2391 4903 ipsum
2433 4830 2711 4902 injectus,
2755 4828 2937 4886 veluti
2985 4829 3329 4888 errabunda
3380 4830 3526 4888 hinc
3582 4831 3721 4888 inde
3771 4829 3854 4887 cir-

509 4918 785 4973 cumierit
823 4934 837 4973 :
893 4923 995 4973 aut
1020 4922 1248 4990 quanta
1275 4916 1361 4973 vis
1389 4917 1561 4975 fuerit
1591 4933 1796 4975 eorum
1830 4919 1933 4993 qui
1975 4919 2244 4975 sinistros
2293 4920 2478 4993 pedes
2524 4918 2713 4991 ignito
2742 4918 2899 4975 ferro
2955 4916 3273 4974 violentius
3320 4919 3547 4987 adusti,
3602 4936 3707 4976 eos
3750 4920 3851 4991 post

510 5023 572 5062 se
604 5005 942 5073 trahebant,
973 5008 1152 5080 quasi
1182 5006 1404 5064 telluris
1444 5006 1647 5063 inutile
1673 5009 1912 5081 pondus
1934 5008 2075 5066 facti
2108 5025 2121 5063 :
2156 5014 2441 5080 praeterea
2470 5023 2703 5071 eorum,
2733 5007 2839 5082 qui
2873 5006 3374 5064 inhumanissime
3402 5024 3512 5080 per
3539 5008 3852 5081 provincias

510 5093 592 5154 ad
635 5096 897 5162 metalla,
940 5111 1061 5152 non
1103 5095 1186 5152 illi
1225 5095 1475 5169 quidem
1517 5098 1886 5155 necessitatis
1915 5102 2018 5155 aut
2067 5115 2213 5153 usus
2244 5096 2496 5170 alicujus
2526 5097 2738 5168 gratia,
2773 5096 2876 5153 sed
2904 5100 2968 5152 ut
2990 5095 3071 5152 ibi
3103 5097 3357 5152 summis
3386 5101 3684 5158 arumnis
3711 5110 3851 5153 ven-

507 5189 736 5254 rentur,
807 5190 944 5242 sunt
1006 5184 1303 5244 damnati.
1375 5184 1487 5242 Alii
1542 5201 1722 5259 porro
1775 5188 1943 5243 aliter
1985 5185 2188 5243 afﬂicti
2236 5185 2690 5258 perdurarunt:
2742 5201 2897 5259 quos
2944 5184 3182 5253 referre,
3244 5185 3390 5258 quia
3448 5184 3637 5246 lucta:
3701 5190 3853 5244 certa-

506 5275 819 5351 tionesque
850 5291 1059 5335 eorum
1098 5290 1343 5333 omnem
1364 5280 1651 5350 superant
1679 5276 2035 5344 orationem,
2068 5292 2364 5350 perquam
2383 5281 2471 5334 est
2505 5273 2764 5333 difﬁcile.

2153 5446 2228 5466 σ-ι
