4020 6218
159 349 298 408 1229

162 588 312 656 Περὶ
384 591 500 635 τῶν
565 583 736 656 κατξ
783 583 1193 654 Ἀντιόχειαν
1283 586 1614 655 σωφρόνως
1685 585 1753 634 τό

197 652 552 729 μαρτύριον
613 652 1044 708 διελθουσῶν⁷
1072 658 1318 729 ὡραίων
1365 652 1714 727 παρθένων.

232 761 343 814 Οὐκ
373 758 558 836 ἀνδρες
588 758 646 814 δὲ
689 766 861 833 μόνον,
903 761 1031 813 ἀλλὰ
1059 766 1148 814 καὶ
1188 761 1354 831 πολλῷ
1384 761 1532 813 πλέον
1574 767 1758 832 γυναῖ-

160 871 244 915 κες
275 852 606 922 ἄνδρίξοντο.
649 856 748 904 Οἷα
779 851 942 910 ἐκείνη
995 855 1076 904 ἐπὶ
1105 860 1200 914 τῆς
1247 853 1548 922 Ἀντιόχου,
1583 847 1676 902 διά
1704 867 1760 902 τε

160 946 256 999 τὴν
309 939 493 1014 ἀρετὴν
523 947 610 994 καί
649 941 810 994 τίλλα
838 943 982 1016 παρὰ
1017 948 1150 994 πᾶσι
1199 938 1485 1001 διαϐόητος
1522 936 1656 992 οὖσα
1683 961 1695 972 ο
1725 941 1756 997 ἧ

160 1031 348 1101 ζεῦγος
399 1032 662 1101 παρθένων
715 1039 824 1102 ὥρᾳ
877 1036 967 1082 καὶ
1025 1031 1229 1092 ἡλικίας
1283 1028 1420 1102 ἀκμῇ
1474 1026 1761 1100 διαπρέπον

161 1122 389 1190 ἔχουσα,
445 1116 623 1177 ἐπειδὴ
681 1119 752 1190 τῷ
783 1118 950 1190 πολλῷ
1007 1122 1173 1191 φθόνῳ
1224 1118 1553 1172 λανθάνουσα
1592 1115 1653 1175 ἧν
1684 1116 1762 1169 ἔπ’

164 1205 465 1270 ἀλλοδαπῆς
535 1211 850 1280 πεποιημένη
931 1213 1020 1266 τὴν
1097 1205 1394 1280 διατριϐὴν,
1473 1207 1638 1260 ἐκάλει
1703 1203 1763 1258 δι

161 1298 313 1369 μόλις
341 1297 502 1355 αὐτὴν
538 1299 565 1354 ἡ
599 1303 810 1372 πατρὶς,
847 1305 1178 1369 στρατιωτῶν
1214 1293 1445 1357 δικτύοις
1486 1296 1754 1354 ἡλίσκετο.

157 1387 252 1457 tu;
295 1383 344 1438 δ’
385 1388 432 1438 ἐν
485 1385 746 1458 ἀμηχάνῳ
790 1386 976 1444 ἑαυτὴν
1015 1395 1104 1438 καὶ
1149 1381 1348 1448 παῖδας
1381 1387 1680 1450 κατεθεᾶτο,
1732 1384 1766 1436 ἆ

161 1493 219 1528 τε
265 1472 578 1547 καραδοκεῖν
632 1473 738 1528 ἔδει
787 1484 887 1527 τῶν
929 1472 1128 1539 δεινῶν,
1158 1474 1388 1528 ἀνεπόλει
1429 1482 1500 1545 τῷ
1536 1483 1625 1546 νῷ,
1676 1477 1766 1526 καί⁵

163 1569 224 1616 τό
280 1571 376 1625 τῆς
422 1569 656 1638 πορνείας
712 1561 830 1625 δέος
877 1571 982 1625 τοῖς
1031 1562 1279 1637 βιαστοίς
1329 1563 1581 1616 ἀνεσείετο
1610 1580 1622 1593 ⁸
1683 1562 1769 1615 οἷα

161 1649 296 1726 μηδ’
357 1655 534 1724 ἄκροις
594 1653 720 1705 ὠσὶν
787 1653 995 1705 ἀνεκτὸν
1061 1654 1290 1725 οἰομένη,
1359 1654 1589 1706 ὑπετίθει
1657 1657 1769 1712 ταῖς

163 1745 350 1814 κόραις
404 1744 673 1813 φυλάττειν
729 1745 818 1812 μεν
879 1740 1034 1812 ἁθιγῆ
1099 1747 1190 1800 τὴν
1238 1743 1516 1814 παρθενίαν
1571 1740 1642 1802 εἰς
1693 1744 1771 1792 τί·

1161 347 1730 408 ECCLESIASTICE
1769 346 2128 406 HISTORIzE
2170 348 2308 404 LIB.
2361 345 2473 404 VII.

764 479 1006 530 ΚΕΦΑΛ.
1051 472 1151 531 IB'.
1784 477 1831 532 Α

3377 346 3518 407 1230

2507 472 2728 530 CAPUT
2763 471 2875 530 XII.

1865 583 1947 639 De
1968 579 2700 652 virginibusAntiochenis
2719 580 2920 650 forma
2934 577 3520 652 excellentibus,quo-

1969 654 2142 710 modo
2177 651 2460 722 martyrii
2480 652 2739 708 stadium
2764 652 2985 722 pudice
3011 651 3407 709 decurrerintl

1937 761 2051 815 Nec
2080 759 2187 814 viri
2229 761 2482 824 tantum,
2511 757 2617 814 sed
2647 757 2836 814 multo
2874 757 3052 815 etiam
3085 758 3278 828 magis
3307 757 3520 814 mulie-

1867 864 1963 904 res
1984 847 2247 904 virilibus
2281 847 2501 903 animis
2530 847 2814 919 praeclare
2847 862 2911 903 se
2941 842 3276 917 gesserunt.
3311 847 3518 913 Qualis

1869 937 2238 995 Antiochena
2261 936 2363 994 illa
2391 936 2524 1004 fuit,
2553 941 2797 1009 propter
2825 937 3104 994 virtutem
3126 936 3362 1009 aliaque
3394 936 3518 992 exi-

1870 1027 1995 1083 mia
2023 1031 2379 1084 ornamenta
2423 1027 2585 1098 apud
2624 1041 2836 1083 omnes
2867 1025 3202 1083 admodum
3247 1025 3520 1082 celebris.

1873 1118 2015 1182 Quae
2080 1115 2233 1170 ﬁlias
2286 1115 2441 1172 duas
2485 1115 2748 1186 virgines
2799 1114 2994 1172 forma
3054 1120 3112 1170 et
3147 1115 3340 1171 mtatis
3380 1113 3527 1170 ﬂore

1873 1205 2227 1260 excellentes
2282 1204 2536 1271 habens,
2575 1219 2716 1261 cum
2746 1204 2824 1261 ad
2863 1204 3204 1261 evitandam
3235 1203 3524 1259 invidiam

1874 1293 2030 1350 clam
2055 1294 2113 1348 in
2136 1293 2467 1366 longinqua
2492 1298 2649 1350 terra
2672 1293 2864 1351 latens
2889 1293 3246 1366 aliquandiu
3277 1292 3531 1348 mansis-

1875 1387 1982 1448 set,
2015 1387 2070 1438 et
2095 1383 2154 1437 in
2177 1383 2434 1454 patriam
2464 1387 2743 1441 revocata
2771 1388 2946 1454 esset,
2989 1398 3027 1439 a
3052 1382 3310 1439 militum
3339 1397 3533 1438 manu

1875 1487 1999 1529 una
2032 1487 2171 1528 cum
2216 1472 2328 1528 illis
2380 1477 2558 1545 capta
2604 1477 2716 1530 est.
2755 1475 2947 1546 Atque
3006 1481 3070 1528 ut
3116 1473 3184 1527 de
3234 1472 3437 1544 seipsa
3476 1472 3534 1527 et

1877 1561 2088 1633 puellis
2127 1562 2335 1618 itidem
2368 1578 2538 1634 spem
2577 1578 2823 1619 omnem
2870 1562 3105 1634 abjecit,
3139 1577 3396 1634 qumque
3436 1575 3534 1616 ex-

1877 1651 2428 1724 spectandaeessent
2447 1667 2733 1708 aerumnae
2745 1655 2924 1725 atque
2943 1651 3310 1708 calamitates
3325 1665 3534 1706 secum

1877 1739 2010 1811 ipsa
2049 1739 2110 1795 in
2159 1740 2363 1795 animo
2417 1740 2835 1805 consideravit,
2862 1745 2920 1797 et
2970 1739 3048 1796 ab
3090 1739 3383 1811 improbis
3422 1737 3536 1794 illis

161 1831 284 1891 λος*
359 1832 535 1893 πάσης
591 1828 650 1883 δὲ
706 1837 794 1883 καὶ
856 1833 1050 1905 φθορᾶς
1115 1833 1346 1882 ἓπέκεινα
1396 1835 1483 1882 καὶ
1546 1831 1768 1882 θανάτου

1896 1829 2273 1901 violentisque
2317 1829 2663 1886 hominibus
2706 1829 2781 1886 de
2812 1829 3220 1886 fornicationis
3267 1826 3537 1902 periculo

159 1927 334 1993 χείρω
371 1926 464 1979 την
510 1929 607 1972 τῶν
674 1917 896 1972 εἰδώλων
938 1920 1176 1994 λατρείαν
1229 1921 1358 1972 εἶναι
1395 1920 1547 1971 πάλιν
1600 1917 1772 1970 ἐπεισ-

164 2017 348 2082 ηγεῖτο
375 2025 388 2040 ⁸
448 2012 559 2062 ὅθεν
601 2014 691 2062 καὶ
733 2014 854 2082 μίαν
908 2011 1057 2061 λύσιν
1112 2008 1242 2062 εἶναι
1281 2011 1498 2075 τούτων,
1544 2013 1637 2066 τὴν
1688 2009 1772 2059 ἐπὶ

164 2104 258 2153 τὸν
317 2102 503 2173 Κύριον
566 2101 762 2160 πάντως
807 2102 1134 2171 καταφυγὴν,
1180 2106 1347 2170 σοφῶς
1387 2099 1636 2151 ὑπετίθει.
1674 2101 1773 2150 Καὶ

169 2185 244 2248 δὴ
283 2194 406 2260 μιᾶς
456 2189 609 2260 ἄμφω
642 2193 853 2259 γνώμης
881 2193 1171 2260 γενόμεναι,
1205 2191 1433 2258 κοσμίως
1467 2206 1521 2239 τε
1564 2189 1630 2238 τὰ
1678 2191 1776 2238 σώ-

169 2297 318 2348 ματα
366 2277 779 2350 περιστείλασαι,
821 2275 895 2338 οἷς
937 2280 962 2328 ό
992 2280 1175 2351 καιρός
1211 2274 1496 2348 ἐσχεδίαξε
1536 2274 1776 2350 περιϐλή-

168 2385 329 2438 μασι,
386 2370 520 2420 κατά
585 2370 742 2437 μέσον
793 2371 1059 2439 γενόμεναι
1113 2375 1207 2428 τῆς
1263 2363 1412 2430 όδοῦ,
1479 2369 1664 2438 μικρόν
1725 2384 1777 2417 τι

167 2457 617 2527 ἀναχωρήσασαι,
669 2462 757 2508 καὶ
803 2461 894 2514 τὴν
943 2465 1041 2507 τῶν
1070 2455 1307 2528 φυλάκων
1338 2455 1457 2526 ὄψιν
1481 2473 1779 2529 παρακρου-

170 2549 416 2616 σάμεναι,
476 2543 559 2597 ἐπὶ
610 2548 694 2596 τὸν
749 2547 916 2596 ἐκεῖσέ
967 2563 1067 2597 που
1129 2544 1491 2618 παραρρέοντα
1547 2547 1778 2615 ποταμὸν

171 2635 365 2694 ἑαυτὰς
404 2637 804 2690 κατηκόντισαν,
859 2638 956 2686 Καὶ
1013 2632 1138 2690 ἄλλη
1187 2630 1237 2685 δ’
1289 2631 1522 2705 ἀδελφῶν
1564 2633 1780 2706 ξυνωρὶς

174 2724 264 2776 επὶ
305 2731 392 2782 τῆς
440 2722 603 2784 αὐτῆς
648 2723 858 2792 πόλεως,
913 2728 1002 2774 καὶ
1050 2726 1154 2794 οὐχ
1195 2723 1348 2780 ἧττον
1390 2726 1418 2780 ἦ
1473 2721 1661 2774 ἐκεῖναι
1692 2726 1781 2774 καὶ

173 2815 423 2886 παρθένοι
468 2818 556 2863 καὶ
600 2808 801 2884 ἀδελφὰ
857 2820 928 2882 τῷ
981 2816 1088 2864 ὄντι
1127 2820 1429 2884 φρονοῦσαι,
1481 2811 1684 2882 πλούτῳ
1730 2828 1782 2863 τε

177 2907 274 2956 καὶ
327 2898 453 2974 δόξῃ
505 2897 715 2962 οὐδενὸς
773 2903 840 2954 τὰ
887 2898 1107 2972 δεύτερα
1152 2905 1424 2974 φέρουσαι,
1490 2899 1678 2961 ἐπίσης
1729 2902 1782 2952 τι

177 2996 278 3053 τὰς
335 2991 480 3061 ἅψεις
528 2994 718 3063 ὡραῖαι
770 2997 861 3044 καὶ
901 2995 990 3049 τὴν
1028 2990 1214 3061 ψυχὴν
1259 2998 1476 3062 ευγενεῖς
1509 3009 1523 3022 ·
1575 2989 1784 3062 ἐφάμιλ-

177 3081 267 3134 λαι
307 3077 366 3134 δι
418 3085 524 3152 οὐχ
575 3081 729 3138 ἧττον
777 3085 866 3132 καὶ
892 3084 988 3138 τὴν
1020 3075 1254 3138 σπουδὴν
1284 3078 1368 3132 ἰπὶ
1397 3086 1506 3141 τοῖς
1532 3082 1671 3141 ἴσοις
1696 3082 1782 3132 τόν

1879 1934 1951 1975 ea
1971 1934 2106 1990 quae
2131 1933 2239 1973 nec
2270 1920 2526 1974 summis
2555 1918 2805 1976 auribus
2833 1918 3081 1975 ferenda
3119 1933 3248 1974 esse
3268 1917 3538 1973 videren-

1882 2014 1974 2063 tur
2003 2006 2254 2071 audivit,
2295 2023 2434 2063 cum
2457 2007 2611 2064 ﬁlias
2663 2008 2743 2064 ad
2810 2006 3213 2077 virginitatem
3245 2021 3438 2078 usque
3461 2005 3542 2061 ad

1884 2098 2014 2153 vitae
2036 2097 2217 2153 tinem
2241 2097 2592 2154 inviolatam
2610 2097 3087 2154 conservandam
3100 2096 3537 2162 estadhortata,

1884 2191 2009 2244 tum
2053 2202 2192 2242 vero
2250 2186 2550 2242 idolorum
2609 2187 2836 2242 cultum
2893 2186 3110 2260 quovis
3164 2185 3402 2242 interitu
3471 2199 3541 2240 ac

1886 2282 2074 2332 morte
2105 2275 2458 2332 deteriorem
2491 2292 2623 2332 esse
2662 2275 2776 2332 illis
2815 2274 3114 2348 persuasit
3152 2291 3166 2330 :
3195 2289 3382 2330 unum
3406 2289 3542 2330 esse

1885 2367 2193 2437 utriusque
2213 2365 2357 2421 mali
2381 2364 2673 2436 effugium
2717 2365 3015 2437 sapienter
3053 2378 3349 2430 asserens,
3390 2362 3442 2418 si
3462 2361 3542 2418 ad

1889 2455 2206 2510 Dominum
2260 2455 2662 2526 perfugerent.
2697 2453 2876 2527 455
2927 2453 3140 2510 Puella;
3194 2467 3374 2526 porro
3404 2466 3545 2507 cum

1888 2544 2084 2599 ambae
2117 2545 2174 2598 in
2216 2544 2414 2598 matris
2470 2543 2826 2599 sententiam
2883 2542 3280 2609 discederent,
3337 2555 3546 2612 corpo-

1887 2634 2052 2690 ribus
2100 2633 2222 2687 suis
2295 2633 2405 2688 rite
2463 2637 2644 2705 atque
2695 2632 2975 2689 decenter
3003 2647 3074 2688 eo
3115 2631 3327 2688 habitu
3355 2644 3543 2702 quem

1890 2727 2016 2779 tum
2047 2728 2282 2793 tempus
2320 2720 2750 2794 suppeditabat
2787 2722 3045 2788 amictis,
3075 2721 3219 2794 quia
3253 2722 3316 2775 in
3346 2717 3546 2775 medio

1891 2816 2058 2867 erant
2083 2811 2309 2874 itinere,
2333 2810 2646 2882 paululum
2676 2826 2714 2868 a
2742 2811 2841 2868 via
2865 2811 3171 2882 digressae,
3195 2807 3548 2865 custodibus

1890 2901 2174 2972 deceptis,
2205 2899 2266 2954 in
2291 2898 2546 2956 ﬂuvium
2571 2899 2676 2973 qui
2706 2900 2814 2957 tibi
2839 2898 3281 2972 prmterﬂuebat
3313 2913 3378 2952 se
3406 2911 3553 2952 con-

1887 2989 2080 3061 jecere
2111 2989 2210 3060 (t).
2251 2987 2426 3044 Aliud
2467 3004 2709 3061 quoque
2748 2989 2812 3045 in
2849 2988 3064 3044 eadem
3115 2987 3554 3043 urbesororum

1891 3093 2022 3151 par,
2057 3092 2178 3133 non
2207 3077 2405 3134 minus
2438 3094 2626 3150 quam
2653 3077 2767 3134 illas
2819 3077 3177 3150 virginitatis
3202 3077 3362 3141 dote,
3405 3090 3554 3131 una—

173 3171 359 3245 ἀγῶνα
415 3168 839 3242 διαπονούμεναι,
890 3174 960 3232 ως
1001 3171 1062 3222 ἄν
1109 3174 1178 3242 μὴ
1215 3176 1311 3232 τῆς
1352 3176 1453 3241 γῆς
1503 3171 1781 3242 χωρούσης

1896 3167 2043 3224 nimi
2087 3182 2408 3234 consensu,
2458 3166 2903 3238 pulchritudine
2944 3159 3162 3236 vultus,
3211 3166 3556 3222 animorum

169 3264 245 3313 τὰ
324 3267 560 3311 τοσαῦτα
623 3261 780 3331 καρὰ,
850 3258 1110 3320 θαλάττης
1168 3258 1376 3318 κόλποις
1461 3256 1779 3332 ἓρῥίπτοντο.

173 3353 335 3403 Οὕτω
383 3351 482 3421 γὰρ
541 3348 766 3400 ἐκέλευον
805 3350 855 3400 οἱ
909 3353 1002 3407 τὴν
1046 3352 1235 3401 κακίαν
1291 3347 1607 3400 ἂνείκαστοι.
1651 3349 1782 3420 Ἐγώ

175 3437 242 3492 δε
297 3443 386 3490 καὶ
414 3438 534 3489 ἄλλο
572 3441 717 3511 ἔργον
765 3440 1020 3513 παρθένου
1063 3445 1254 3505 σεμνῆς
1296 3437 1499 3491 ἀστεῖον
1549 3438 1618 3500 εἰς
1665 3435 1779 3495 διή·

173 3547 250 3603 γη
262 3547 344 3579 σιν
377 3529 583 3599 παραθή
594 3545 753 3599 σομαι
763 3569 774 3580 .

1893 3256 2286 3327 generositate
2313 3254 2509 3321 claris,
2538 3256 2760 3312 divitiis
2791 3247 3042 3329 quoque
3063 3259 3120 3312 et
3148 3252 3420 3327 praeclari
3450 3267 3555 3308 no-

1894 3346 2073 3402 minis
2113 3345 2277 3401 fama
2323 3344 2434 3400 illis
2465 3361 2588 3402 non
2639 3345 2970 3411 inferiores,
3027 3343 3226 3400 studio
3265 3343 3447 3398 etiam
3500 3345 3558 3397 et

1894 3434 2272 3490 aemulatione
2315 3449 2516 3506 pares,
2558 3433 2773 3491 eodem
2821 3435 3202 3490 decurrentes
3251 3431 3560 3494 stadio,ut

1895 3527 2118 3580 tamem
2151 3537 2274 3576 non
2303 3521 2431 3578 sola
2461 3527 2615 3578 terra
2653 3523 2704 3594 ej
2717 3521 3023 3578 uscemodi
3062 3520 3354 3577 obtineret
3383 3533 3560 3574 orna-

180 3623 408 3680 menta,
443 3618 502 3672 in
533 3615 734 3671 sinum
762 3616 942 3672 maris
984 3615 1211 3687 seipsas
1239 3615 1705 3688 praecipitarunt.
1750 3616 1868 3670 Hoc
1906 3612 2064 3666 enim
2097 3611 2178 3666 ita
2203 3626 2304 3665 eas
2334 3609 2549 3676 facere,
2589 3627 2849 3682 quorum
2879 3607 3370 3680 incomparabilis
3401 3611 3560 3663 esset

178 3705 562 3777 improbitas,
595 3711 1008 3777 persecutores
1041 3705 1218 3759 simul
1265 3709 1319 3758 et
1370 3703 1660 3776 impudici
1709 3702 1984 3759 homines
2011 3699 2327 3768 cogebant.
2373 3699 2611 3754 Addam
2654 3714 2899 3771 quoque
2931 3697 3095 3755 aliud
3133 3697 3332 3768 gravis
3371 3700 3428 3753 et
3453 3710 3563 3768 pu-

181 3796 339 3853 dicas
366 3795 631 3866 virginis,
660 3801 933 3850 sanctum
964 3793 1212 3866 quidem
1237 3791 1402 3858 illud,
1435 3793 1542 3850 sed
1564 3793 1840 3850 festivum
1871 3789 2049 3846 etiam
2072 3794 2252 3860 atque
2278 3786 2539 3844 facetum
2571 3787 2817 3844 factum.

810 3914 1051 3964 ΚΕΦΑΛ.
1088 3907 1184 3964 II".

198 4022 355 4093 Περὶ
393 4017 587 4070 ἄλλων
628 4018 954 4090 παρθένων
993 4019 1102 4068 καὶ⁹
1144 4013 1468 4093 ἁσκητᾱίν,
1531 4016 1634 4066 ἐπὶ
1677 4033 1795 4070 σω-

343 4093 625 4163 φροσύνῂ
669 4084 774 4140 καὶ
814 4092 1201 4162 μαρτυρίοις
1230 4084 1648 4160 περιϐοήτων.

269 4195 431 4254 ⁴Αλλη
487 4192 546 4248 δέ
592 4215 668 4256 τις
701 4194 968 4266 πάγκαλόν
996 4213 1047 4246 τι
1098 4201 1289 4268 χρῆμα
1332 4198 1421 4246 καὶ
1453 4189 1643 4246 ἄσυλον
1675 4191 1798 4244 ἀνά-

195 4291 345 4359 θημα
389 4287 664 4360 παρθενίας
721 4279 847 4336 εἶναι
914 4286 1334 4357 μαρτυρουμένη,
1411 4284 1517 4334 επεὶ
1615 4281 1799 4339 συλλη-

2529 3902 2756 3961 CAPUT
2799 3904 2934 3959 XIII.

1904 4014 1990 4070 De
2019 4011 2158 4069 aliis
2180 4010 2512 4082 virginibus
2541 4016 2596 4066 et
2628 4011 2956 4082 monachis,
2981 4008 3276 4080 pudicitia
3298 4008 3478 4066 simul
3507 4015 3561 4066 et

2460 4081 2758 4153 martyrio
2780 4082 2992 4141 claris.

1976 4191 2105 4247 Alia
2136 4188 2420 4263 quaedam
2441 4188 3098 4262 puella,perpulchrum
3128 4192 3184 4246 et
3207 4187 3563 4248 invmlatum

1909 4279 2246 4338 testimonio
2277 4278 2550 4334 omnium
2580 4278 2939 4348 virginitatis
2961 4277 3567 4350 ornamentum,quia

192 4379 388 4450 φθείσα
443 4377 499 4426 τό
557 4375 692 4426 θύειν
751 4375 818 4434 ὡς
892 4368 1056 4424 δεινὸν
1105 4371 1414 4444 ίξετρέπετο,
1491 4369 1781 4423 ἀκολάστοις

1910 4367 2350 4439 comprehensa
2376 4367 2628 4424 deorum
2647 4367 2876 4424 cultum
2906 4372 2972 4424 ut
3000 4384 3308 4424 summum
3336 4367 3568 4423 malum

193 4460 430 4536 ἀνδράσι
459 4466 588 4535 πρὸς
619 4462 1006 4534 αἰσχρουργίαν
1037 4456 1270 4512 ἐδίδοτο.
1314 4459 1400 4521 Ὠς
1452 4457 1501 4513 δ’
1547 4457 1798 4530 ἀπηγετο,

191 4554 316 4608 καθ’
350 4550 471 4604 ὁδόν
512 4553 650 4604 οὕτω
696 4549 922 4622 συμϐὰν,
955 4547 1259 4621 ἐντυγχάνει
1297 4557 1368 4618 τῷ
1415 4546 1653 4622 προέδρῳ
1707 4556 1802 4609 τῆς

195 4642 394 4704 πόλεως
428 4657 440 4670 ⁸
475 4640 727 4712 ’Ἀνθιμος
765 4640 790 4690 ό
837 4647 927 4697 τῆς
956 4635 1296 4710 Νικομήδους
1334 4642 1426 4696 τὴν
1456 4643 1800 4708 ποιμαντικὴν

195 4728 453 4792 τηνικάδε
513 4727 858 4803 διαχειρίζων
891 4727 952 4788 ἦν
985 4747 996 4758 ·
1044 4734 1131 4780 καὶ
1188 4735 1438 4803 προσιὼν,
1473 4726 1800 4793 ἐπυνθάνετο,

197 4823 448 4894 ὁπότερον
496 4819 656 4872 ἕλοιτο
699 4818 929 4890 μάλιστα
987 4815 1138 4891 δρᾷν,
1200 4820 1388 4890 ὁμοίως
1443 4821 1593 4869 ὄντων
1652 4814 1804 4887 ἆμγω

196 4919 399 4966 κακῶν.
431 4915 528 4962 Τόν
576 4905 654 4973 δὲ,
691 4907 854 4960 Καλόν
890 4905 1040 4973 εἶναι,
1086 4909 1242 4980 φάναι
1293 4907 1464 4977 λόγος,
1507 4908 1678 4957 τέκνον
1711 4903 1806 4956 Evi-

200 5006 426 5077 φρασία,
468 5003 557 5050 καὶ
606 4999 662 5050 τὸ
690 5004 780 5056 τῆς
819 4996 1020 5068 ἁγνείας
1057 4996 1332 5049 κάλλιστον
1367 4992 1532 5066 δῶρον
1567 5013 1578 5024 ·
1638 4993 1806 5064 πολλῷ

199 5109 264 5163 γε
313 5091 412 5160 μὴν
468 5085 669 5159 βελτιον
711 5087 740 5144 η
793 5093 889 5147 τῆς
941 5091 1161 5145 πίστεως
1201 5084 1373 5142 ἐντολή
1407 5102 1419 5114 ο
1476 5085 1583 5134 ἐπεί
1618 5087 1698 5133 τοί
1751 5100 1810 5153 γε

200 5177 306 5232 κάν
387 5177 694 5248 περιστάσει
777 5175 946 5243 πολλῷ
1026 5181 1258 5247 κρεῖττον
1316 5170 1674 5246 διαρπαγῆναι
1751 5173 1809 5223 τό

205 5266 402 5323 πέπλον
460 5269 590 5338 ἤπερ
650 5265 776 5317 αὑτό
825 5268 883 5316 τό
937 5272 1128 5334 σῶμα·
1180 5262 1274 5314 κάν
1331 5270 1437 5324 τοῖς
1482 5269 1710 5334 παροῦσι
1753 5256 1813 5312 δὲ

207 5362 543 5430 πειρασμοῖς,
599 5357 652 5404 τό
704 5357 817 5404 ἴσον
871 5360 1070 5424 χρῆναι
1128 5350 1557 5404 διασκοπεῖσθαι.
1620 5351 1681 5404 Εἰ
1740 5354 1810 5422 μὴ

211 5447 483 5518 ἀμφότερα
536 5439 803 5516 διατηρεῖν
853 5443 990 5493 ἔστιν
1048 5443 1274 5512 ἐφικτόν,
1327 5443 1419 5497 τὴν
1466 5439 1651 5512 ψυχὴν
1697 5441 1818 5511 ἁμί-

213 5554 368 5590 αντον
412 5536 532 5592 τέως
577 5527 845 5604 διατηρεῖν
891 5532 1222 5606 αἱρετώτερον
1276 5531 1476 5602 ἧγημαι
1503 5546 1518 5562 ⁶
1569 5533 1660 5582 καὶ
1715 5533 1820 5582 τοί-

300 5660 377 5738 (1)
406 5657 618 5715 Euseb.
652 5655 760 5716 lib.
798 5672 920 5722 vm,
959 5670 1092 5728 cap.
1131 5657 1215 5710 l2.

1911 4461 2186 4514 aversata
2232 4456 2444 4521 fuerat,
2493 4457 2929 4527 impotentibus
2958 4462 3016 4514 et
3058 4456 3380 4529 impudicis
3426 4455 3569 4510 viris

1911 4545 1990 4602 ad
2013 4542 2339 4600 ludibrium
2385 4548 2441 4600 et
2481 4549 2718 4616 turpem
2764 4545 3077 4602 libidinem
3115 4545 3330 4601 tradita
3359 4549 3465 4600 est.
3509 4544 3572 4596 Et

1913 4636 2014 4692 illa
2039 4635 2167 4707 jam
2224 4634 2303 4690 ita
2351 4633 2786 4704 abducebatur,
2845 4652 2985 4692 cum
3023 4635 3075 4691 ei
3123 4651 3270 4690 casu
3300 4633 3570 4706 quodam

1917 4725 2063 4780 inter
2095 4723 2358 4780 eundum
2392 4725 2636 4780 antistes
2669 4725 2933 4780 ecclesiae
2960 4723 3429 4780 Nicomediensis
3459 4727 3573 4778 An-

1917 4812 2365 4868 thimusobvius
2384 4812 2468 4868 ﬁt.
2498 4812 2701 4885 Ibique
2715 4812 3336 4882 abillainterrogatus,
3372 4817 3573 4866 utrum

1919 4902 2036 4958 sibi
2066 4919 2096 4957 e
2127 4902 2367 4960 duobus
2401 4904 2738 4975 mqualibus
2771 4903 2948 4958 malis
2998 4902 3194 4970 magis
3226 4901 3573 4970 eligendum

1919 4992 2232 5058 videretur,
2267 4993 2640 5065 respondens
2666 4993 2761 5048 ille
2795 5014 2808 5046 :
2842 4992 3005 5058 Filia,
3057 4991 3269 5062 inquit,
3315 4989 3578 5061 Euphra-

1919 5083 2027 5145 sia,
2072 5080 2540 5153 pulcherrimum
2575 5081 2818 5153 quidem
2863 5086 2953 5137 est
3009 5087 3187 5136 castas
3220 5077 3577 5148 virginitatis

1922 5170 2285 5235 donum,sed
2301 5171 2500 5241 majus
2517 5170 3016 5242 prmstantiusque
3029 5169 3168 5224 ﬁdei
3185 5172 3573 5240 praeceptum.

1925 5259 2426 5331 Quandoquidem
2457 5261 2638 5326 enim,
2671 5258 2722 5314 si
2761 5274 2937 5315 casus
2989 5258 3204 5330 aliquis
3244 5262 3346 5312 aut
3375 5271 3582 5310 neces-

1925 5349 2068 5404 sitas
2099 5350 2178 5404 ita
2201 5349 2393 5412 ferret,
2428 5347 2614 5403 multo
2640 5348 2832 5416 magis
2856 5347 3077 5419 pallam
3114 5347 3308 5418 ipsam
3340 5351 3582 5416 praesta-

1924 5444 2011 5494 ret
2049 5454 2236 5512 quam
2269 5453 2486 5508 corpus
2543 5436 2960 5508 diripientibus
2999 5436 3162 5500 dare,
3195 5435 3251 5489 in
3282 5433 3586 5506 praesenti-

1925 5528 2041 5585 bus
2071 5543 2315 5600 quoque
2355 5524 2528 5585 malis
2568 5529 2626 5584 et
2663 5525 3096 5586 tentationibus
3143 5523 3358 5584 eodem
3396 5522 3583 5582 modo
