4020 6218
541 289 674 345 1231

1841 277 2221 339 NlCEPHORl
2263 275 2578 336 CALLISTI

3713 285 3799 345 H3!

532 429 659 471 rem
689 414 981 486 dispicere
1008 409 1303 468 convenit.
1344 411 1412 465 Et
1453 409 1502 464 si
1534 409 1902 482 permissum
1931 425 2055 465 non
2088 412 2179 465 est

2293 429 2377 460 νυν
2443 412 2530 462 τὸν
2596 415 2713 461 νοῦν
2775 409 3174 482 παριστάνουσα
3237 405 3513 485 ἐρῥωμένον
3557 420 3613 485 τῇ
3669 421 3804 482 πίστει,

536 509 598 559 ut
622 509 942 575 utrumque
971 502 1247 566 retineas,
1289 507 1352 556 ut
1377 499 1584 556 saltem
1625 499 1894 556 animam
1918 499 2181 555 inconta-

531 593 820 649 minatam
853 607 1188 656 conserves,
1219 589 1564 646 faciendum
1617 588 1719 644 tibi
1749 603 1881 644 esse
1913 589 2088 652 duco,
2115 593 2182 643 ut

532 681 752 739 scilicet
780 685 975 736 mente
1002 681 1138 750 ipsa
1165 695 1270 748 per
1309 678 1492 734 ﬁdem
1530 677 1902 743 conﬁrmata,
1937 691 2178 734 carnem

529 771 758 842 injuriis
808 775 864 825 et
909 767 1288 824 contumeliis
1347 767 1768 838 improborum
1835 768 2171 838 permittas.

531 859 784 916 Consilio
818 859 926 913 viri
957 858 1084 928 ejus
1105 857 1366 927 cognito,
1395 856 1600 912 animo
1629 856 1960 912 etiamnum
2001 855 2179 928 5.56

531 949 592 1004 in
661 955 972 1020 utramque
1013 953 1241 1018 partem
1305 946 1648 1016 ﬂuctuante,
1709 945 2076 1018 tandemque
2117 959 2182 998 se

530 1042 596 1093 ut
628 1043 946 1108 utrumque
969 1036 1200 1092 salvum
1213 1035 1487 1090 retineret
1500 1035 1915 1104 conﬁrmante,
1937 1050 2058 1107 quo
2079 1033 2184 1088 ab-

531 1127 865 1182 ducebatur
889 1127 1172 1198 sequitur.
1207 1127 1396 1196 Atque
1431 1124 1531 1178 ubi
1557 1125 1684 1192 jam
1733 1123 1794 1180 in
1833 1123 2045 1179 eodem
2094 1125 2186 1178 est

531 1215 801 1272 conclavi
831 1231 970 1270 cum
992 1213 1268 1285 improbo
1294 1213 1510 1283 juvene
1537 1212 1762 1278 clausa,
1795 1212 2010 1268 techna
2037 1227 2185 1283 qua-

530 1305 672 1359 dam
699 1303 864 1358 illum
890 1303 1280 1358 circumvenit
1314 1301 1413 1373 (t).
1447 1302 1788 1358 Veneﬁcam
1820 1317 1882 1356 se
1908 1316 2037 1356 esse
2051 1316 2186 1371 pro-

529 1391 747 1456 ﬁtetur,
776 1393 1239 1462 mercedemque
1273 1390 1576 1462 ingentem
1617 1395 1980 1446 conservatae
2009 1389 2186 1460 pudi-

529 1482 678 1537 citiae
736 1479 1064 1552 pollicetur,
1114 1495 1248 1552 quae
1299 1495 1436 1534 eum
1477 1495 1512 1536 a
1576 1484 1767 1534 morte
1817 1485 2126 1534 conservet
2167 1491 2182 1533 :

529 1569 925 1643 pharmacum
956 1569 1192 1632 scilicet,
1235 1567 1474 1640 quoille
1519 1573 1862 1640 perunctus,
1901 1567 1965 1622 in
2007 1567 2188 1622 bello-

528 1675 664 1714 rum
695 1657 1120 1714 certaminibus
1139 1662 1195 1711 et
1233 1656 1450 1729 praeliis
1480 1657 1645 1712 nullo
1666 1672 1914 1728 prorsus
1953 1655 2068 1711 telo
2086 1657 2188 1710 aut

529 1747 684 1804 ferro
713 1747 920 1802 violari
960 1754 1063 1800 aut
1125 1745 1338 1801 conﬁci
1382 1751 1603 1816 posset.
1663 1745 1834 1812 Quod
1884 1745 1929 1798 si
1981 1744 2054 1799 de
2085 1744 2187 1800 tali

530 1836 817 1904 remedio,
849 1835 1064 1907 inquit,
1123 1834 1454 1906 periculum
1509 1834 1698 1890 facere
1751 1835 1860 1899 vis,
1917 1832 2070 1888 illico
2123 1833 2186 1888 id

532 1925 638 1982 tibi
659 1925 977 1980 manifesto
1007 1923 1325 1980 exhibebo.
1366 1923 1464 1978 Ille
1507 1923 1568 1979 id
1602 1924 1796 1979 statim
1835 1922 2034 1995 parari
2059 1937 2188 1993 per-

535 2016 728 2070 mittit.
759 2016 902 2069 'l‘um
937 2012 1036 2068 illa
1067 2029 1203 2068 vere
1245 2011 1504 2084 sapiens,
1552 2028 1750 2068 ceram
1793 2011 2186 2082 oleoliquefa-

531 2108 710 2168 ctam,
737 2103 1139 2173 manibusque
1153 2101 1466 2156 subactam
1486 2101 1638 2156 collo
1668 2117 1777 2156 suo
1800 2101 2186 2156 circumcirca

528 2191 826 2261 inungens
856 2191 1030 2248 itlinit
1061 2207 1074 2244 :
1107 2190 1272 2262 quod
1331 2189 1434 2245 ubi
1489 2189 1748 2262 perfecit,
1797 2195 1993 2261 petere
2045 2204 2184 2244 eum

523 2281 800 2352 jugulum
835 2297 1013 2335 suum
1043 2295 1185 2334 ense
1217 2279 1437 2350 quibus
1467 2285 1672 2350 posset
1699 2278 1927 2334 viribus
1943 2277 2180 2348 adacto,

527 2369 894 2441 remediique
921 2369 1049 2438 ejus
1089 2366 1209 2422 vim
1241 2371 1298 2422 et
1332 2365 1664 2422 efﬁcaciam
1703 2366 1956 2438 experiri
1986 2367 2180 2438 jubet.

526 2459 716 2530 Atque
749 2457 842 2512 ille
873 2473 1060 2529 quam
1101 2455 1289 2528 potuit
1323 2455 1687 2512 validissime
1725 2471 1931 2512 ensem
1953 2455 2014 2510 in
2049 2471 2182 2510 eam

528 2548 786 2610 demisit,
821 2563 892 2602 ac
915 2545 1155 2601 beatum
1181 2543 1337 2600 illius
1364 2551 1543 2616 caput
1585 2545 1704 2600 ictu
1748 2559 1870 2600 uno
1909 2545 2182 2600 resecuit.

530 2635 925 2691 Consimiliter
951 2634 1088 2689 huic
1119 2633 1286 2704 virgo
1318 2633 1434 2690 alia
1483 2632 1823 2688 libidinosis
1855 2631 1932 2688 ad
1951 2637 2186 2704 turpem

530 2724 916 2780 concubitum
943 2723 1103 2787 data,
1132 2721 1209 2778 ad
1259 2737 1396 2778 eam
1441 2721 1837 2787 venientibus,
1877 2721 2185 2792 putridum

530 2813 1070 2884 contagiosumque
1101 2810 1270 2866 ulcus
1298 2827 1362 2866 se
1390 2809 1452 2866 in
1483 2812 1644 2866 tectis
1677 2809 1964 2866 membris
1993 2809 2187 2866 occul-

528 2903 720 2974 tisque
743 2901 887 2956 locis
913 2900 1135 2956 habere
1166 2899 1315 2956 dixit
1346 2916 1360 2954 :
1395 2900 1784 2972 eosdemque,
1814 2903 1879 2954 ut
1909 2899 2020 2955 sibi
2047 2899 2186 2972 ipsis

529 2995 860 3062 parcerent,
919 3005 994 3045 ne
1036 2987 1260 3044 scilicet
1319 2989 1756 3044 consuetudine
1811 3003 2067 3044 venerea
2123 3003 2186 3044 se

531 3095 774 3151 quoque
814 3094 885 3134 eo
925 3078 1084 3134 malo
1140 3077 1642 3140 contaminarent,
1694 3077 1930 3148 rogavit
1971 3077 2185 3142 ;dilato

531 3167 1044 3238 fmdicongressus
1072 3172 1358 3238 tempore,
1397 3181 1582 3238 quam
1607 3166 1866 3236 primum
1891 3166 2186 3238 integram

531 3256 937 3312 valetudinem
979 3259 1406 3326 recuperasset,
1439 3269 1502 3310 se
1539 3254 1602 3308 in
1653 3258 1939 3326 potestate
1977 3270 2187 3310 eorum

531 3346 796 3402 futuram
819 3343 1097 3416 pollicita.
1139 3341 1228 3398 Ad
1265 3343 1428 3398 hunc
1469 3342 1722 3398 modum
1748 3342 1990 3412 :insanis
2023 3359 2185 3400 ams-

531 3435 758 3491 toribus
805 3433 1090 3505 deceptis,
1127 3434 1276 3488 Deus
1326 3432 1678 3505 pudicitiam
1734 3431 1864 3504 ejus
1920 3433 2022 3488 tali
2061 3439 2186 3489 arte

529 3523 930 3588 conservavit,
954 3525 1012 3578 et
1035 3538 1098 3577 se
1129 3521 1226 3578 illa
1265 3521 1342 3577 ab
1367 3520 1482 3576 illis
1507 3521 1780 3578 absolvit.
1833 3521 1995 3577 Alius
2027 3522 2187 3578 enim

526 3613 762 3686 juvenis
787 3611 1058 3684 quidam,
1085 3611 1200 3666 sub
1249 3611 1514 3666 libidinis
1557 3616 1613 3667 et
1653 3610 2000 3682 petulantias
2039 3627 2186 3682 prm-

533 3709 692 3760 textu
743 3700 1251 3757 meretricularum
1297 3705 1634 3756 curatorem
1683 3700 1964 3756 lenonem
2017 3715 2185 3756 acce-

532 3793 704 3860 dens,
725 3797 959 3848 noctem
992 3789 1203 3862 puellas
1233 3789 1366 3862 ejus
1397 3789 1663 3862 quinque
1699 3791 1963 3845 nummis
1989 3791 2186 3846 aureis

535 3886 853 3948 mercatus,
881 3887 936 3936 et
975 3879 1054 3936 ad
1094 3894 1227 3936 eam
1279 3880 1606 3949 ingressus,
1651 3879 1916 3934 tunicam
1940 3880 2186 3952 quidem

531 3971 659 4042 ipse
699 3985 871 4026 suam
897 3969 951 4024 ei
981 3968 1200 4039 injecit,
1234 3984 1486 4040 eamque
1517 3973 1582 4024 ut
1617 3969 1860 4037 agnosci
1899 3983 2021 4024 non
2051 3984 2190 4040 pos-

535 4067 640 4126 set,
669 4059 854 4130 probe
886 4061 1221 4112 contectam
1262 4057 1417 4111 exire
1438 4057 1620 4127 jussit
1650 4072 1664 4123 ;
1689 4055 1816 4128 ipse
1839 4061 2040 4112 autem
2094 4073 2190 4112 ve-

534 4149 721 4203 stibus
758 4146 915 4202 illius
973 4146 1246 4214 amictus,
1268 4151 1326 4200 et
1356 4145 1789 4216 deprehensus,
1823 4145 2034 4217 capitis
2066 4161 2188 4218 pae-

537 4254 678 4292 nam
707 4235 1119 4291 dediLEodem
1159 4239 1426 4306 tempore
1449 4239 1672 4290 ascetes
1711 4235 1978 4307 quidam,
2011 4237 2190 4291 casti-

535 4332 717 4383 tatem
747 4329 806 4380 et
827 4325 1072 4379 virtutes
1092 4323 1239 4380 alias
1265 4323 1380 4395 piis
1396 4323 1606 4379 studiis
1629 4323 1838 4380 sedulo
1871 4324 2185 4388 meditans,

537 4415 751 4488 aequali
780 4413 1103 4469 decertavit
1123 4412 1398 4483 agoner
1418 4427 1556 4467 cum
1587 4413 1919 4484 expugnari
1940 4413 2188 4469 omnino

537 4521 657 4560 non
673 4503 1022 4576 potuisset,n
1035 4500 1334 4572 ullamque
1346 4500 1703 4557 adversariis
1729 4502 2006 4557 vincendi
2019 4518 2188 4573 spem

534 4593 1036 4665 reliquisset,post
1055 4589 1372 4644 innumera
1401 4594 1696 4646 tormenta
1717 4589 1777 4644 in
1803 4588 1954 4646 lecto
1979 4591 2186 4645 vincu-

535 4683 608 4738 lis
634 4683 852 4752 ligatus
877 4680 1183 4752 reponitur
1212 4695 1226 4746 ;
1263 4683 1320 4734 et
1342 4678 1554 4734 mulier
1607 4677 1912 4750 impudica
1941 4679 2019 4735 ad
2049 4695 2185 4734 eum

535 4771 1030 4841 immittitur,quae
1053 4767 1220 4823 illum
1252 4767 2038 4838 complectens,exosculans
2065 4785 2188 4825 ma-

535 4875 768 4932 nusque
799 4858 1131 4930 petulanter
1167 4857 1246 4912 ad
1291 4857 1570 4912 membra
1611 4861 1838 4913 secreta
1872 4857 2185 4923 adhibens,

531 4948 954 5022 procacissime
984 4946 1062 5002 ad
1092 4961 1218 5001 rem
1247 4945 1534 5013 illicitam,
1559 4943 1705 5000 nihil
1735 4960 1980 5016 prorsus
2013 4945 2191 5001 lasci-

535 5039 644 5095 vire
670 5045 724 5093 et
753 5035 1170 5092 illecebrarum
1201 5033 1684 5106 praetermittens,
1706 5034 1983 5090 concitat.
2009 5033 2181 5106 457

2289 501 2383 556 τὴν
2443 505 2616 571 σάρκα
2665 495 3006 570 ὑϐριζομένην
3071 497 3177 570 ἐᾴν.
3269 499 3410 552 Ἐπεί
3475 500 3562 552 οὖν
3627 505 3729 572 ἔγνω
3773 513 3806 558 τὲ

2289 586 2572 658 εἰρημένον,
2625 585 2950 660 ἀμφίῤῥοπος
2997 583 3132 640 οὖσα
3201 591 3287 639 τόν
3338 595 3476 654 νοῦν,
3531 594 3616 647 τὴν
3671 611 3810 664 προκει-

2288 679 2444 747 μένην
2515 672 2779 741 ἐϐάδιζεν,
2845 677 3089 750 ὁπότερον
3157 676 3363 730 ἑλέσθαι
3423 674 3812 752 διεσχυριζομένη.

2287 771 2376 827 οΩς
2424 761 2510 816 οὖν
2560 764 2627 825 εἰς
2685 767 2844 816 ταῦτ-ὀ
2901 766 3236 824 συνεκλείσθη
3291 774 3363 837 τῷ
3437 767 3667 840 ὑϐριστῇ,
3707 774 3813 842 τέχιες

2291 850 2357 912 δή
2419 873 2520 906 τινι
2577 859 2756 905 τοῦτον
2809 855 3218 926 κατασοφίξεται
3247 871 3262 885 ·
3311 862 3572 930 φαρμακὶς
3609 861 3695 930 γὰρ
3734 858 3820 911 εἶναι

2291 939 2602 1014 διωμολόγει
2634 961 2648 974 ο
2703 948 2792 995 καὶ
2819 946 3009 1015 μισθόν
3040 952 3135 1004 τῆς
3168 942 3382 1005 ἀσυλίας
3425 947 3676 1018 φάρμακον
3700 948 3822 1019 ἐκείνῳ

2289 1039 2586 1106 παρασχεῖν
2637 1033 2969 1104 ὑπισχνεῖτο,
3017 1037 3074 1086 τό
3127 1038 3197 1104 μὴ
3257 1036 3498 1092 θνήσκειν
3547 1038 3659 1087 ποτε
3697 1037 3824 1110 1:90.51-

2289 1127 2407 1172 νοῦν
2437 1141 2449 1152 ·
2597 1123 2947 1193 χρισάμενοεν
2978 1121 3029 1174 ἐν
3081 1130 3197 1185 ταῖς
3226 1131 3326 1175 τῶν
3375 1123 3601 1196 πολέμων
3628 1125 3825 1196 ἀμιλλαις,

2293 1209 2544 1262 ἀνάλωτον
2593 1217 2910 1282 πᾶραμεῖναι
2961 1208 3189 1284 σιδήρῳ.
3233 1211 3294 1265 Εἰ
3351 1209 3412 1264 δέ
3457 1232 3516 1283 γε
3552 1218 3634 1264 καὶ
3677 1221 3828 1286 πεῖραν,

2293 1302 2442 1369 φησὶ,
2491 1307 2582 1350 τοῦ
2627 1299 2898 1371 λεγομένου
2957 1297 3270 1353 κατιδέσθαι
3337 1299 3536 1372 βούλει,
3577 1302 3740 1354 αὐτίκα
3783 1301 3827 1360 δή

2296 1407 2381 1439 σοι
2431 1389 2633 1458 παρέξω
2679 1388 2821 1459 μάλα
2867 1389 3127 1460 λαμπράν,
3177 1393 3278 1441 Καὶ
3319 1391 3376 1451 ὃς
3418 1389 3606 1442 αὐτίκα
3651 1390 3834 1462 ἐπέτρεπε

2297 1477 2568 1537 σκευάζειν
2614 1481 2672 1530 τό
2714 1480 3002 1552 φάρμακον.
3059 1477 3119 1531 Ἦ
3173 1475 3232 1530 δὲ
3279 1485 3409 1551 σοφὴ
3463 1487 3536 1548 τῷ
3575 1483 3668 1532 ὄντι
3695 1480 3834 1546 ἐκείνη,

2293 1569 2454 1639 κηρὸν
2503 1565 2654 1637 ἐλαίῳ
2709 1566 3034 1632 συντήξασα,
3089 1574 3204 1630 ταῖς
3252 1573 3413 1640 χερσὶ
3457 1569 3833 1640 κατεμάλασσεν’

2296 1651 2407 1707 εἶτα
2447 1659 2537 1707 καὶ
2587 1660 2675 1708 τόν
2727 1655 2927 1727 αὐχένα
2981 1659 3180 1718 ἐκείνης
3253 1655 3546 1730 περικύκλῳ
3593 1657 3740 1729 ilus:
3775 1678 3838 1708 κα·

2219 1765 2264 1820 Β
2295 1749 2616 1816 ταχρίουσα.
2655 1743 2744 1807 Ὠς
2783 1742 2842 1798 δε
2889 1750 3044 1818 πέρας
3091 1746 3231 1817 εἶχεν
3277 1745 3408 1816 αὐτῇ
3462 1748 3494 1804 ἡ
3538 1745 3730 1811 ἐπίνοία,
3765 1766 3838 1798 πα-

2294 1834 2510 1884 τάσσειν
2553 1835 2622 1894 ὡς
2669 1830 2782 1904 εἶχε
2825 1841 2897 1904 τῷ
2955 1829 3090 1906 ξίφει
3140 1837 3228 1885 τὸν
3284 1831 3483 1896 ἐκείνης
3536 1834 3716 1905 αὐχένα
3761 1839 3840 1886 ἐπέ-

2293 1941 2470 1974 ταττεν
2523 1923 2630 1974 ὅσω
2689 1919 2929 1993 δύναμις,
2987 1927 3077 1974 καὶ
3139 1928 3233 1981 τήν
3313 1923 3476 1995 ἰσχὺν
3527 1926 3729 1976 ἰντεῦθεν
3775 1931 3840 1974 τοῦ

2295 2012 2568 2084 φαρμάκοὺ
2625 2013 2926 2083 πειρᾶσθαι.
2987 2011 3044 2064 Ὀ
3099 2009 3160 2064 δέ
3215 2019 3410 2086 χειρῶν
3459 2015 3526 2072 ὡς
3562 2009 3690 2084 εἶχεν
3731 2011 3844 2086 ἐρρω-

2294 2103 2456 2172 μένως
2536 2100 2676 2172 μάλα
2741 2104 2799 2153 τὸ
2853 2101 2992 2173 ξίφος
3058 2105 3392 2172 κατενεγκὼν,
3463 2107 3557 2160 τὴν
3631 2107 3842 2175 μακαρίαν

2295 2187 2484 2249 ἐκείνης
2559 2188 2776 2261 ἀπέτεμε
2845 2190 3088 2262 κεφαλήν.
3165 2191 3392 2252 Ἐπίσης
3473 2187 3536 2244 δέ
3603 2191 3718 2262 αὐτῇ
3781 2195 3846 2242 καὶ

2293 2277 2418 2335 ἄλλη
2475 2280 2720 2352 παρθένος
2771 2281 2896 2350 πρὸς
2953 2279 3190 2352 αἰσχρὰν
3247 2279 3389 2352 μίξιν
3456 2276 3722 2332 ἐκδοθεῖσα
3769 2287 3846 2337 τοῖς

2295 2365 2625 2428 ἀκολάστοις,
2691 2374 2796 2428 τοῖς
2839 2367 3092 2420 εἰσιοῦσιν
3150 2367 3286 2439 ἔλεγε
3379 2365 3644 2425 σηπεδόνα
3713 2367 3848 2428 ἕλκους

2295 2451 2477 2508 ἐνεῖναί
2528 2457 2576 2507 οἱ
2627 2462 2735 2516 τοῖς
2785 2464 2886 2508 τῶν
2932 2457 3096 2528 μελῶν
3139 2456 3454 2531 ἀπορρήτοις
3491 2473 3509 2490 ⁸
3551 2463 3638 2510 καί
3681 2477 3732 2528 γε
3769 2461 3850 2528 γεί-

2296 2541 2504 2608 δεσθαι,
2539 2548 2610 2616 μὴ
2656 2551 2717 2616 τῇ
2779 2549 3033 2618 συνουσίᾳ
3083 2554 3176 2607 τῆς
3223 2552 3381 2598 νόσου
3441 2549 3776 2618 μετάσχοιεν
3815 2543 3849 2594 ἐν

2295 2637 2530 2706 μετεώρῳ
2581 2629 2640 2685 δε
2697 2635 2877 2705 θεμένη
2935 2638 3027 2692 τὴν
3058 2635 3220 2707 μίξιν,
3267 2639 3395 2708 μετὰ
3441 2641 3539 2694 τὴν
3585 2635 3736 2692 ἐντελῆ
3777 2634 3852 2696 ἕξιν

2295 2725 2353 2774 τό
2405 2725 2536 2796 πρὸς
2567 2719 2760 2794 βουλῆς
2801 2725 2868 2784 ὡς
2911 2725 3074 2795 τάχος
3114 2722 3343 2781 ἀνύσειν,
3385 2725 3538 2778 Οὕτω
3580 2721 3628 2778 δ’
3665 2725 3742 2776 οὖν
3772 2729 3851 2782 τοῖς

2295 2810 2467 2882 λόγοις
2537 2813 2652 2872 τοὺς
2703 2815 3038 2887 παράφρονας
3097 2813 3323 2888 ἐραστὰς
3401 2812 3852 2874 ἀποϐουκολήσασιι,

2297 2899 2628 2968 ἀηλλάττετο,
2681 2907 2773 2952 τοῦ
2823 2907 2956 2954 Θεοῦ
3019 2907 3113 2960 την
3173 2905 3513 2976 σωφροσύνην
3570 2906 3717 2974 τέχνη
3769 2897 3854 2951 δια-

2296 2994 2646 3063 τηρήσαντος.
2706 2994 2805 3043 Καὶ
2861 2994 2962 3066 γάρ
3015 3011 3100 3053 τις
3157 3010 3418 3052 νεανισκος
3471 2993 3641 3066 ἕτερος
3703 2989 3854 3042 ἀκολα-

2299 3083 2417 3131 σίαν
2489 3079 2979 3150 σχηματισάμενος,
3057 3087 3131 3151 τῷ
3196 3088 3296 3132 τῶν
3371 3089 3578 3155 πορνῶν
3645 3079 3854 3146 ἐπιστάτῃ

2295 3171 2546 3241 προσιὼν,
2598 3171 2746 3220 πέντε
2772 3173 3053 3239 χρυσίνοις
3091 3173 3184 3228 τὴν
3211 3168 3434 3244 ἑσπέραν
3481 3169 3658 3222 ὠνεῖτο
3703 3185 3858 3238 συγκα-

2299 3251 2558 3314 θευδῆσαι
2611 3263 2674 3327 τῇ
2737 3259 2864 3329 κόρη
2901 3274 2914 3286 ’
2971 3261 3061 3310 καὶ
3113 3265 3210 3318 τῆς
3269 3255 3482 3311 εἰσόδου
3523 3263 3716 3330 τυχὼν,
3753 3274 3856 3328 περι-

2297 3342 2470 3396 ϐάλλει
2514 3347 2604 3416 μὲν
2657 3344 2824 3417 ἐκείνη
2873 3347 2958 3398 τὸν
3027 3350 3367 3417 χιτωνίσκον,
3443 3352 3536 3398 καὶ
3589 3347 3770 3419 εὐφυῶς
3807 3347 3858 3402 ὡς

2295 3438 2368 3506 μή
2423 3438 2652 3505 φαίνοιτο
2707 3433 3069 3506 συγκαλύψας,
3142 3433 3407 3508 ἐπέτρεπεν
3465 3435 3652 3498 ἐξιέναι
3679 3453 3694 3465 ⁵
3744 3433 3858 3490 αὐτὸς

2298 3519 2358 3576 δέ
2411 3525 2479 3576 τὰ
2525 3522 2720 3586 ἐκείνης
2785 3522 3198 3596 ἀμφιασάμενος,
3253 3523 3362 3577 ἐπεὶ
3433 3521 3736 3598 διέγνωστο,
3791 3527 3856 3579 fit?

2295 3611 2518 3684 κεφαλὴν
2575 3610 2839 3684 ἀφῃρεῖτο.
2903 3617 3003 3666 Καὶ
3060 3612 3297 3672 ἀσκητὴν
3355 3611 3416 3666 δέ
3476 3633 3597 3666 τινα
3651 3617 3729 3667 τόν
3775 3617 3856 3662 ἴσον

2297 3699 2472 3772 ἀγῶνα
2521 3697 2795 3772 διενεγκεῖν
2839 3697 3089 3758 τηνικάδε
3135 3703 3160 3752 ὁ
3201 3702 3357 3774 λόγος
3411 3704 3708 3778 ἱστόρησεν.
3753 3701 3856 3752 Ἐπεὶ

2218 3121 2256 3176 C

2295 3793 2395 3862 γὰρ
2455 3789 2729 3862 ἀπώμοτος
2759 3786 2841 3858 ἦν,
2881 3793 3015 3862 μετά
3052 3790 3244 3848 πολλὴν
3284 3795 3372 3844 καὶ
3421 3790 3684 3866 ἀπείριτον

2295 3898 2378 3931 νον
2429 3878 2515 3930 ἐπὶ
2569 3878 2749 3941 κλίνης
2779 3878 2984 3937 ἣπλωτο
3025 3875 3262 3952 δέσμιος.
3303 3885 3435 3939 Γυνή
3479 3876 3542 3933 δὲ
3579 3881 3714 3951 αὐτῷ
3750 3878 3858 3930 ἀναι-

2299 3963 2395 4028 δὴς
2456 3965 2694 4040 ἐπαφίετο
2733 3983 2748 3998 ⁸
2807 3969 2836 4026 ἦ
2881 3967 3120 4040 φιλοῦσα,
3179 3973 3268 4020 καὶ
3322 3971 3412 4030 τάς
3447 3977 3639 4044 χεῖρας
3685 3964 3858 4022 ἀναίδτν

2297 4061 2408 4117 τοῖς
2455 4063 2555 4107 τῶν
2605 4055 2768 4128 μελῶν
2828 4054 3146 4130 άπορρὴτοις
3199 4059 3575 4128 προσάγουσα,
3627 4061 3746 4132 πρὸς
3792 4057 3858 4111 τὴν

2296 4147 2524 4219 πονηρὰν
2573 4146 2603 4202 ἡ
2665 4139 2881 4206 ἀναιδὴς
2917 4143 3105 4219 πρᾶξιν
3155 4144 3465 4216 ἐξεϐιάζετο,
3519 4143 3676 4200 οὐδέν
3713 4165 3758 4198 τι
3789 4151 3858 4195 τῶν

2299 4233 2503 4286 ἀτόπων
2547 4235 2791 4307 πράττειν
2825 4233 3326 4308 παραλιμπάνουσα.
3371 4234 3430 4288 Ὀ
3475 4231 3538 4288 δέ
3579 4242 3650 4308 μη
3693 4256 3737 4287 τι
3771 4232 3858 4286 ille

2299 4321 2431 4395 δρᾷν
2476 4325 2632 4394 ἔχων.
2697 4325 2791 4381 τὴν
2851 4319 2993 4374 ἰδίαν
3059 4319 3294 4376 ἕκδακὼν
3358 4323 3634 4395 γλῶσσαν,
3683 4329 3762 4376 καὶ
3809 4327 3858 4388 τῷ

2301 4411 2510 4486 ἰσχυρῷ
2569 4419 2662 4462 τοῦ
2715 4407 2988 4482 δήγματος
3043 4413 3286 4483 ἐκτεμὼν,
3345 4417 3434 4466 καὶ
3502 4413 3690 4474 ἱκανῶς
3739 4411 3858 4464 αὐτὸ

2299 4497 2824 4572 διαμασσησάμενος,
2881 4501 3012 4552 κατά
3074 4509 3165 4552 τοῦ
3219 4509 3503 4574 προσώπου
3555 4511 3650 4563 τῆς
3699 4498 3858 4574 galli.

2299 4587 2390 4651 δος
2430 4593 2778 4663 προσέπτυσε.
2833 4595 2929 4642 Καὶ
2977 4589 3141 4652 οὕτως
3188 4590 3354 4660 ἐαυτῷ
3405 4593 3495 4662 μὲν
3547 4597 3731 4652 πόνους
3775 4585 3860 4658 δρι-

2296 4687 2410 4752 μεῖς
2457 4677 2570 4730 ἀντὶ
2623 4673 2836 4738 ἡδονῆς.
2895 4685 2956 4749 τῇ
3011 4677 3219 4749 ἀσελγεῖ
3281 4676 3332 4732 δ’
3401 4677 3593 4752 ἐκείνη,
3645 4679 3858 4751 αἰσχύνην

2295 4773 2386 4820 καὶ
2433 4767 2673 4830 ἔκπληξιν
2755 4770 2848 4819 σὺν
2908 4763 3076 4838 ἀηδίᾳ
3141 4769 3574 4842 παρασκευάσας,
3635 4776 3721 4828 τῆς
3773 4783 3859 4834 σῖσῡο

2299 4853 2432 4932 δρᾶς
2483 4857 2677 4916 ἐκείνης
2724 4855 2963 4929 ἐπηρείας
3011 4857 3284 4928 ὑπέρτερος
3337 4853 3638 4928 διαγέγονε.
3705 4856 3858 4908 Tacita;

2300 4941 2352 4999 δ’
2383 4944 2625 5018 ἀνώτερος
2673 4949 2919 5016 γεγονὼς,
2965 4949 3236 5020 μαρτυρίῳ
3283 4947 3370 4996 τόν
3397 4942 3514 5018 βίον
3560 4947 3694 5018 μετά
3721 4941 3859 5019 ﬁcari

2300 5033 2634 5107 ἐπεσφράγιζ
2639 5053 2709 5089 εν.

539 5129 634 5183 Ille
665 5127 826 5184 aliud
858 5125 1021 5197 quod
1054 5123 1272 5181 faceret
1300 5139 1421 5179 non
1447 5123 1698 5189 habens,
1729 5123 2001 5193 linguam
2033 5126 2162 5195 ipse
2188 5139 2361 5179 suam
2402 5139 2610 5179 morsu
2637 5123 2963 5188 concisam,
2996 5121 3396 5194 dentibusque
3446 5123 3856 5180 comminutam,

535 5219 596 5274 in
621 5216 834 5272 faciem
862 5213 1190 5271 meretricis
1221 5213 1475 5286 exspuit.
1509 5213 1634 5278 Qua
1663 5227 1725 5269 re
1758 5211 1870 5268 sibi
1914 5212 2040 5285 ipse
2103 5211 2348 5285 quidem
2401 5227 2509 5285 pro
2557 5213 2857 5285 voluptate
2882 5226 3049 5268 acres
3094 5210 3320 5277 dolore,
3348 5210 3672 5283 impudicae
3706 5215 3855 5268 autem

610 5427 688 5497 (t)
725 5446 747 5476 ιι
777 5425 925 5480 Nam
959 5427 1014 5478 et
1069 5423 1342 5497 proxime
1381 5421 1466 5497 ad
1491 5419 1799 5497 _lenonem
1843 5419 2197 5497 damnando

539 5492 934 5554 Christianam
959 5492 1153 5566 potius
1177 5509 1365 5566 quam
1395 5493 1472 5548 ad
1491 5492 1744 5566 leonem,
1773 5493 2029 5566 confessi
2059 5495 2198 5546 estis

538 5571 735 5626 tabem
767 5564 1065 5639 pudicitiae
1085 5564 1248 5638 apud
1271 5579 1379 5620 nos
1426 5564 1780 5620 atrociorem
1811 5564 1978 5620 omni
2017 5579 2198 5635 paena

2307 5421 2533 5476 etomni
2551 5425 2737 5492 morte
2761 5419 3021 5492 reputari
3041 5435 3056 5474 :
3074 5434 3177 5475 nec
3189 5415 3532 5490 quidquam
3547 5426 3742 5476 tamen
3761 5425 3854 5486 pm-

2306 5493 2436 5548 l‘uit.
2469 5491 2726 5566 (Tertull.
2762 5491 2842 5564 9.)
