  <div class='ocr_page' id='page_1' title='image "/cluster/home/n/w/nwhite01/storage/ocr_20150623/145/hvd.32044054086921/622.png"; bbox 0 0 4016 6224; ppageno 0'>
   <div class='ocr_carea' id='block_1_1' title="bbox 239 247 388 304">
    <p class='ocr_par' dir='ltr' id='par_1_1' title="bbox 239 247 388 304">
     <span class='ocr_line' id='line_1_1' title="bbox 239 247 388 304; baseline 0.007 -1"><span class='ocrx_word' id='word_1_1' title='bbox 239 247 268 303; x_wconf 67' lang='lat' dir='ltr'><strong>i</strong></span> <span class='ocrx_word' id='word_1_2' title='bbox 281 247 388 304; x_wconf 77' lang='lat'><strong>233</strong></span> 
     </span>
    </p>
   </div>
   <div class='ocr_carea' id='block_1_2' title="bbox 1244 253 2544 315">
    <p class='ocr_par' dir='ltr' id='par_1_2' title="bbox 1244 253 2544 315">
     <span class='ocr_line' id='line_1_2' title="bbox 1244 253 2544 315; baseline 0.002 -5"><span class='ocrx_word' id='word_1_3' title='bbox 1244 253 1812 315; x_wconf 78' lang='lat' dir='ltr'><strong>ECCLESIASTICrE</strong></span> <span class='ocrx_word' id='word_1_4' title='bbox 1851 256 2208 314; x_wconf 58' lang='lat' dir='ltr'><strong>HISTORIE</strong></span> <span class='ocrx_word' id='word_1_5' title='bbox 2249 255 2383 312; x_wconf 88' lang='lat' dir='ltr'><strong>LIB.</strong></span> <span class='ocrx_word' id='word_1_6' title='bbox 2425 255 2544 312; x_wconf 89' lang='lat' dir='ltr'><strong>VII.</strong></span> 
     </span>
    </p>
   </div>
   <div class='ocr_carea' id='block_1_3' title="bbox 3463 253 3598 313">
    <p class='ocr_par' dir='ltr' id='par_1_3' title="bbox 3463 253 3598 313">
     <span class='ocr_line' id='line_1_3' title="bbox 3463 253 3598 313; baseline -0.03 0"><span class='ocrx_word' id='word_1_7' title='bbox 3463 253 3598 313; x_wconf 74' lang='grc'><strong>1234</strong></span> 
     </span>
    </p>
   </div>
   <div class='ocr_carea' id='block_1_4' title="bbox 241 373 3594 450">
    <p class='ocr_par' dir='ltr' id='par_1_4' title="bbox 241 373 3594 450">
     <span class='ocr_line' id='line_1_4' title="bbox 241 373 3594 450; baseline 0.001 -16"><span class='ocrx_word' id='word_1_8' title='bbox 241 373 324 434; x_wconf 85' lang='lat' dir='ltr'><strong>illi</strong></span> <span class='ocrx_word' id='word_1_9' title='bbox 353 373 644 446; x_wconf 83' lang='lat' dir='ltr'><strong>probrum</strong></span> <span class='ocrx_word' id='word_1_10' title='bbox 693 381 872 450; x_wconf 91' lang='lat' dir='ltr'><strong>atque</strong></span> <span class='ocrx_word' id='word_1_11' title='bbox 906 381 1214 450; x_wconf 79' lang='lat' dir='ltr'><strong>stuporem</strong></span> <span class='ocrx_word' id='word_1_12' title='bbox 1263 396 1400 436; x_wconf 91' lang='lat' dir='ltr'><strong>cum</strong></span> <span class='ocrx_word' id='word_1_13' title='bbox 1445 383 1787 450; x_wconf 76' lang='lat' dir='ltr'><strong>acerbitate,</strong></span> <span class='ocrx_word' id='word_1_14' title='bbox 1821 389 1945 440; x_wconf 88' lang='lat' dir='ltr'><strong>tam</strong></span> <span class='ocrx_word' id='word_1_15' title='bbox 1971 383 2430 440; x_wconf 81' lang='lat' dir='ltr'><strong>vehementibus</strong></span> <span class='ocrx_word' id='word_1_16' title='bbox 2477 381 2590 438; x_wconf 88' lang='lat' dir='ltr'><strong>illis</strong></span> <span class='ocrx_word' id='word_1_17' title='bbox 2648 379 3066 439; x_wconf 87' lang='lat' dir='ltr'><strong>illecebrarum</strong></span> <span class='ocrx_word' id='word_1_18' title='bbox 3111 381 3594 439; x_wconf 86' lang='lat' dir='ltr'><strong>insultatiouibus</strong></span> 
     </span>
    </p>
   </div>
   <div class='ocr_carea' id='block_1_5' title="bbox 237 465 3601 544">
    <p class='ocr_par' dir='ltr' id='par_1_5' title="bbox 237 465 3601 544">
     <span class='ocr_line' id='line_1_5' title="bbox 237 465 3601 544; baseline 0.002 -26"><span class='ocrx_word' id='word_1_19' title='bbox 237 465 529 536; x_wconf 84' lang='lat' dir='ltr'><strong>superior,</strong></span> <span class='ocrx_word' id='word_1_20' title='bbox 561 467 920 522; x_wconf 88' lang='lat' dir='ltr'><strong>conciliavit.</strong></span> <span class='ocrx_word' id='word_1_21' title='bbox 957 469 1019 524; x_wconf 90' lang='lat' dir='ltr'><strong>Et</strong></span> <span class='ocrx_word' id='word_1_22' title='bbox 1054 467 1225 524; x_wconf 89' lang='lat' dir='ltr'><strong>sicuti</strong></span> <span class='ocrx_word' id='word_1_23' title='bbox 1268 469 1327 525; x_wconf 90' lang='lat' dir='ltr'><strong>in</strong></span> <span class='ocrx_word' id='word_1_24' title='bbox 1369 473 1693 528; x_wconf 72' lang='lat' dir='ltr'><strong>certamine</strong></span> <span class='ocrx_word' id='word_1_25' title='bbox 1725 472 2030 544; x_wconf 77' lang='lat' dir='ltr'><strong>pudicitiae</strong></span> <span class='ocrx_word' id='word_1_26' title='bbox 2070 471 2357 529; x_wconf 87' lang='lat' dir='ltr'><strong>adversus</strong></span> <span class='ocrx_word' id='word_1_27' title='bbox 2385 486 2517 528; x_wconf 86' lang='lat' dir='ltr'><strong>eam</strong></span> <span class='ocrx_word' id='word_1_28' title='bbox 2551 469 2737 527; x_wconf 89' lang='lat' dir='ltr'><strong>victor</strong></span> <span class='ocrx_word' id='word_1_29' title='bbox 2782 469 2909 537; x_wconf 89' lang='lat' dir='ltr'><strong>fuit,</strong></span> <span class='ocrx_word' id='word_1_30' title='bbox 2969 472 3050 528; x_wconf 87' lang='lat' dir='ltr'><strong>ita</strong></span> <span class='ocrx_word' id='word_1_31' title='bbox 3077 475 3257 544; x_wconf 89' lang='lat' dir='ltr'><strong>paulo</strong></span> <span class='ocrx_word' id='word_1_32' title='bbox 3314 478 3448 543; x_wconf 91' lang='lat' dir='ltr'><strong>post</strong></span> <span class='ocrx_word' id='word_1_33' title='bbox 3512 471 3601 526; x_wconf 85' lang='lat' dir='ltr'><strong>vi-</strong></span> 
     </span>
    </p>
   </div>
   <div class='ocr_carea' id='block_1_6' title="bbox 241 556 1321 627">
    <p class='ocr_par' dir='ltr' id='par_1_6' title="bbox 241 556 1321 627">
     <span class='ocr_line' id='line_1_6' title="bbox 241 556 1321 627; baseline 0.004 -19"><span class='ocrx_word' id='word_1_34' title='bbox 241 557 362 609; x_wconf 83' lang='lat' dir='ltr'><strong>tam</strong></span> <span class='ocrx_word' id='word_1_35' title='bbox 404 556 673 626; x_wconf 89' lang='lat' dir='ltr'><strong>martyrii</strong></span> <span class='ocrx_word' id='word_1_36' title='bbox 705 556 894 627; x_wconf 86' lang='lat' dir='ltr'><strong>sigillo</strong></span> <span class='ocrx_word' id='word_1_37' title='bbox 924 557 1321 614; x_wconf 84' lang='lat' dir='ltr'><strong>conﬁrmavit.</strong></span> 
     </span>
    </p>
   </div>
   <div class='ocr_carea' id='block_1_7' title="bbox 851 673 1921 733">
    <p class='ocr_par' dir='ltr' id='par_1_7' title="bbox 851 673 1921 733">
     <span class='ocr_line' id='line_1_7' title="bbox 851 673 1921 733; baseline 0.007 -8"><span class='ocrx_word' id='word_1_38' title='bbox 851 679 1090 728; x_wconf 77' lang='grc' dir='ltr'><strong>ΚΕΦΑΛ.</strong></span> <span class='ocrx_word' id='word_1_39' title='bbox 1137 673 1230 728; x_wconf 67' lang='grc' dir='ltr'><strong>Μ’.</strong></span> <span class='ocrx_word' id='word_1_40' title='bbox 1875 679 1921 733; x_wconf 79' lang='grc' dir='ltr'><strong>Α</strong></span> 
     </span>
    </p>
   </div>
   <div class='ocr_carea' id='block_1_8' title="bbox 241 793 1840 874">
    <p class='ocr_par' dir='ltr' id='par_1_8' title="bbox 241 793 1840 874">
     <span class='ocr_line' id='line_1_8' title="bbox 241 793 1840 874; baseline 0.006 -28"><span class='ocrx_word' id='word_1_41' title='bbox 241 799 398 866; x_wconf 80' lang='grc' dir='ltr'>Περὶ</span> <span class='ocrx_word' id='word_1_42' title='bbox 435 801 544 847; x_wconf 73' lang='grc' dir='ltr'>τοῦ</span> <span class='ocrx_word' id='word_1_43' title='bbox 585 793 777 866; x_wconf 82' lang='grc' dir='ltr'>ἀγίου</span> <span class='ocrx_word' id='word_1_44' title='bbox 821 797 1344 874; x_wconf 79' lang='grc' dir='ltr'>Παντελεὴμονος</span> <span class='ocrx_word' id='word_1_45' title='bbox 1373 806 1480 852; x_wconf 83' lang='grc' dir='ltr'>καὶ</span> <span class='ocrx_word' id='word_1_46' title='bbox 1512 809 1620 853; x_wconf 78' lang='grc' dir='ltr'>τοῦ</span> <span class='ocrx_word' id='word_1_47' title='bbox 1652 803 1840 874; x_wconf 78' lang='grc' dir='ltr'>ἁγίου</span> 
     </span>
    </p>
   </div>
   <div class='ocr_carea' id='block_1_9' title="bbox 313 867 1842 939">
    <p class='ocr_par' dir='ltr' id='par_1_9' title="bbox 313 867 1842 939">
     <span class='ocr_line' id='line_1_9' title="bbox 313 867 1842 939; baseline 0.005 -21"><span class='ocrx_word' id='word_1_48' title='bbox 313 871 747 939; x_wconf 82' lang='grc' dir='ltr'>Εύστρατίου,</span> <span class='ocrx_word' id='word_1_49' title='bbox 803 875 908 922; x_wconf 80' lang='grc' dir='ltr'>καὶ</span> <span class='ocrx_word' id='word_1_50' title='bbox 965 878 1082 930; x_wconf 85' lang='grc' dir='ltr'>τῆς</span> <span class='ocrx_word' id='word_1_51' title='bbox 1141 867 1461 934; x_wconf 79' lang='grc' dir='ltr'>συνοδίας</span> <span class='ocrx_word' id='word_1_52' title='bbox 1502 867 1842 926; x_wconf 64' lang='grc' dir='ltr'>αὐτοῦ’καὶ</span> 
     </span>
    </p>
   </div>
   <div class='ocr_carea' id='block_1_10' title="bbox 313 938 1272 1015">
    <p class='ocr_par' dir='ltr' id='par_1_10' title="bbox 313 938 1272 1015">
     <span class='ocr_line' id='line_1_10' title="bbox 313 938 1272 1015; baseline 0.006 -25"><span class='ocrx_word' id='word_1_53' title='bbox 313 938 543 1012; x_wconf 77' lang='grc' dir='ltr'>ἐτέρων</span> <span class='ocrx_word' id='word_1_54' title='bbox 581 940 867 1012; x_wconf 80' lang='grc' dir='ltr'><strong>μεγάλων</strong></span> <span class='ocrx_word' id='word_1_55' title='bbox 907 944 1272 1015; x_wconf 80' lang='grc' dir='ltr'>μαρτύρων.</span> 
     </span>
    </p>
   </div>
   <div class='ocr_carea' id='block_1_11' title="bbox 314 1059 1842 1131">
    <p class='ocr_par' dir='ltr' id='par_1_11' title="bbox 314 1059 1842 1131">
     <span class='ocr_line' id='line_1_11' title="bbox 314 1059 1842 1131; baseline 0.004 -14"><span class='ocrx_word' id='word_1_56' title='bbox 314 1061 494 1118; x_wconf 84' lang='grc' dir='ltr'>’Ἐτεσι</span> <span class='ocrx_word' id='word_1_57' title='bbox 550 1059 601 1115; x_wconf 82' lang='grc' dir='ltr'>δ’</span> <span class='ocrx_word' id='word_1_58' title='bbox 653 1067 862 1125; x_wconf 79' lang='grc' dir='ltr'>ἐκείνοις</span> <span class='ocrx_word' id='word_1_59' title='bbox 911 1071 1000 1117; x_wconf 83' lang='grc' dir='ltr'>καὶ</span> <span class='ocrx_word' id='word_1_60' title='bbox 1050 1066 1363 1131; x_wconf 78' lang='grc' dir='ltr'>Παντολέων,</span> <span class='ocrx_word' id='word_1_61' title='bbox 1418 1068 1444 1119; x_wconf 88' lang='grc' dir='ltr'>ὁ</span> <span class='ocrx_word' id='word_1_62' title='bbox 1511 1073 1601 1120; x_wconf 87' lang='lat' dir='ltr'><strong>xui</strong></span> <span class='ocrx_word' id='word_1_63' title='bbox 1656 1076 1842 1124; x_wconf 85' lang='grc' dir='ltr'>Παντε-</span> 
     </span>
    </p>
   </div>
   <div class='ocr_carea' id='block_1_12' title="bbox 234 1152 1840 1228">
    <p class='ocr_par' dir='ltr' id='par_1_12' title="bbox 234 1152 1840 1228">
     <span class='ocr_line' id='line_1_12' title="bbox 234 1152 1840 1228; baseline 0.005 -26"><span class='ocrx_word' id='word_1_64' title='bbox 234 1152 462 1224; x_wconf 79' lang='grc' dir='ltr'>λεημων,</span> <span class='ocrx_word' id='word_1_65' title='bbox 523 1152 911 1225; x_wconf 86' lang='grc' dir='ltr'>ἀνεγνωρίζετο,</span> <span class='ocrx_word' id='word_1_66' title='bbox 989 1153 1162 1225; x_wconf 89' lang='grc' dir='ltr'>λόγοις</span> <span class='ocrx_word' id='word_1_67' title='bbox 1217 1161 1305 1207; x_wconf 84' lang='grc' dir='ltr'>καὶ</span> <span class='ocrx_word' id='word_1_68' title='bbox 1367 1159 1536 1228; x_wconf 81' lang='grc' dir='ltr'>ἔργοις</span> <span class='ocrx_word' id='word_1_69' title='bbox 1584 1163 1674 1210; x_wconf 84' lang='grc' dir='ltr'>καὶ</span> <span class='ocrx_word' id='word_1_70' title='bbox 1720 1161 1840 1212; x_wconf 76' lang='grc' dir='ltr'>θαύο</span> 
     </span>
    </p>
   </div>
   <div class='ocr_carea' id='block_1_13' title="bbox 238 1242 1843 1320">
    <p class='ocr_par' dir='ltr' id='par_1_13' title="bbox 238 1242 1843 1320">
     <span class='ocr_line' id='line_1_13' title="bbox 238 1242 1843 1320; baseline 0.006 -29"><span class='ocrx_word' id='word_1_71' title='bbox 238 1260 376 1312; x_wconf 75' lang='grc' dir='ltr'>μασι</span> <span class='ocrx_word' id='word_1_72' title='bbox 418 1243 640 1314; x_wconf 78' lang='grc' dir='ltr'><strong>τεράτων</strong></span> <span class='ocrx_word' id='word_1_73' title='bbox 688 1246 771 1294; x_wconf 87' lang='grc' dir='ltr'><strong>τόν</strong></span> <span class='ocrx_word' id='word_1_74' title='bbox 832 1247 1058 1314; x_wconf 80' lang='grc' dir='ltr'>Χριστόν</span> <span class='ocrx_word' id='word_1_75' title='bbox 1118 1242 1326 1315; x_wconf 63' lang='grc' dir='ltr'>ἀνυψῶν</span> <span class='ocrx_word' id='word_1_76' title='bbox 1361 1262 1372 1274; x_wconf 89' lang='grc'><strong>·</strong></span> <span class='ocrx_word' id='word_1_77' title='bbox 1407 1248 1578 1320; x_wconf 80' lang='grc' dir='ltr'>ἔργοις</span> <span class='ocrx_word' id='word_1_78' title='bbox 1629 1250 1720 1318; x_wconf 77' lang='grc' dir='ltr'><strong>μεν</strong></span> <span class='ocrx_word' id='word_1_79' title='bbox 1769 1251 1843 1308; x_wconf 84' lang='grc' dir='ltr'>οἷς</span> 
     </span>
    </p>
   </div>
   <div class='ocr_carea' id='block_1_14' title="bbox 237 1328 1842 1410">
    <p class='ocr_par' dir='ltr' id='par_1_14' title="bbox 237 1328 1842 1410">
     <span class='ocr_line' id='line_1_14' title="bbox 237 1328 1842 1410; baseline 0.006 -30"><span class='ocrx_word' id='word_1_80' title='bbox 237 1335 370 1399; x_wconf 81' lang='grc' dir='ltr'>πρὸς</span> <span class='ocrx_word' id='word_1_81' title='bbox 419 1328 767 1393; x_wconf 87' lang='grc' dir='ltr'>ἀνυποίστους</span> <span class='ocrx_word' id='word_1_82' title='bbox 843 1330 1066 1402; x_wconf 77' lang='grc' dir='ltr'><strong>ἀντέσχε</strong></span> <span class='ocrx_word' id='word_1_83' title='bbox 1116 1332 1375 1397; x_wconf 78' lang='grc' dir='ltr'><strong>κολάσεις,</strong></span> <span class='ocrx_word' id='word_1_84' title='bbox 1454 1331 1661 1409; x_wconf 81' lang='grc' dir='ltr'>σιδήρῳ</span> <span class='ocrx_word' id='word_1_85' title='bbox 1726 1342 1842 1410; x_wconf 85' lang='grc' dir='ltr'>τέμ-</span> 
     </span>
    </p>
   </div>
   <div class='ocr_carea' id='block_1_15' title="bbox 237 1416 1839 1496">
    <p class='ocr_par' dir='ltr' id='par_1_15' title="bbox 237 1416 1839 1496">
     <span class='ocr_line' id='line_1_15' title="bbox 237 1416 1839 1496; baseline 0.006 -28"><span class='ocrx_word' id='word_1_86' title='bbox 237 1438 376 1469; x_wconf 86' lang='grc' dir='ltr'>νοντι</span> <span class='ocrx_word' id='word_1_87' title='bbox 402 1424 488 1470; x_wconf 81' lang='grc' dir='ltr'>καὶ</span> <span class='ocrx_word' id='word_1_88' title='bbox 543 1416 778 1490; x_wconf 78' lang='grc' dir='ltr'>μολίϐδῳ</span> <span class='ocrx_word' id='word_1_89' title='bbox 828 1420 1015 1485; x_wconf 80' lang='grc' dir='ltr'>ζέοντι,</span> <span class='ocrx_word' id='word_1_90' title='bbox 1047 1429 1231 1492; x_wconf 80' lang='grc' dir='ltr'>τροχῷ</span> <span class='ocrx_word' id='word_1_91' title='bbox 1275 1441 1326 1473; x_wconf 83' lang='grc' dir='ltr'><strong>τε</strong></span> <span class='ocrx_word' id='word_1_92' title='bbox 1384 1419 1666 1478; x_wconf 85' lang='grc' dir='ltr'>διαθ).ῶντι</span> <span class='ocrx_word' id='word_1_93' title='bbox 1690 1426 1839 1496; x_wconf 81' lang='grc' dir='ltr'>μέλη,</span> 
     </span>
    </p>
   </div>
   <div class='ocr_carea' id='block_1_16' title="bbox 237 1507 1844 1582">
    <p class='ocr_par' dir='ltr' id='par_1_16' title="bbox 237 1507 1844 1582">
     <span class='ocr_line' id='line_1_16' title="bbox 237 1507 1844 1582; baseline 0.006 -23"><span class='ocrx_word' id='word_1_94' title='bbox 237 1516 482 1578; x_wconf 78' lang='grc' dir='ltr'>γεννικῶς</span> <span class='ocrx_word' id='word_1_95' title='bbox 544 1507 846 1579; x_wconf 75' lang='grc' dir='ltr'><strong>ἀπεμάχετο</strong></span> <span class='ocrx_word' id='word_1_96' title='bbox 881 1529 892 1540; x_wconf 92' lang='grc'><strong>·</strong></span> <span class='ocrx_word' id='word_1_97' title='bbox 931 1508 1277 1582; x_wconf 70' lang='grc' dir='ltr'>ἐποχούμενος</span> <span class='ocrx_word' id='word_1_98' title='bbox 1329 1531 1381 1564; x_wconf 88' lang='grc' dir='ltr'><strong>τε</strong></span> <span class='ocrx_word' id='word_1_99' title='bbox 1439 1519 1620 1576; x_wconf 76' lang='grc' dir='ltr'>νώτοις</span> <span class='ocrx_word' id='word_1_100' title='bbox 1653 1515 1844 1567; x_wconf 85' lang='grc' dir='ltr'>θαλάτ-</span> 
     </span>
    </p>
   </div>
   <div class='ocr_carea' id='block_1_17' title="bbox 236 1597 1843 1676">
    <p class='ocr_par' dir='ltr' id='par_1_17' title="bbox 236 1597 1843 1676">
     <span class='ocr_line' id='line_1_17' title="bbox 236 1597 1843 1676; baseline 0.005 -28"><span class='ocrx_word' id='word_1_101' title='bbox 236 1615 355 1664; x_wconf 83' lang='grc' dir='ltr'>της,</span> <span class='ocrx_word' id='word_1_102' title='bbox 410 1601 496 1649; x_wconf 86' lang='grc' dir='ltr'>τὸν</span> <span class='ocrx_word' id='word_1_103' title='bbox 551 1597 790 1668; x_wconf 81' lang='grc' dir='ltr'>μυλιαῖον</span> <span class='ocrx_word' id='word_1_104' title='bbox 860 1597 1022 1663; x_wconf 89' lang='grc' dir='ltr'>λίθον,</span> <span class='ocrx_word' id='word_1_105' title='bbox 1101 1597 1185 1650; x_wconf 76' lang='grc' dir='ltr'>οἷά</span> <span class='ocrx_word' id='word_1_106' title='bbox 1271 1621 1322 1651; x_wconf 86' lang='grc' dir='ltr'><strong>τι</strong></span> <span class='ocrx_word' id='word_1_107' title='bbox 1400 1609 1591 1674; x_wconf 64' lang='grc' dir='ltr'>κοῦφον</span> <span class='ocrx_word' id='word_1_108' title='bbox 1659 1608 1843 1676; x_wconf 87' lang='grc' dir='ltr'>πτερὸν</span> 
     </span>
    </p>
   </div>
   <div class='ocr_carea' id='block_1_18' title="bbox 238 1686 1844 1761">
    <p class='ocr_par' dir='ltr' id='par_1_18' title="bbox 238 1686 1844 1761">
     <span class='ocr_line' id='line_1_18' title="bbox 238 1686 1844 1761; baseline 0.004 -23"><span class='ocrx_word' id='word_1_109' title='bbox 238 1686 516 1757; x_wconf 76' lang='grc' dir='ltr'>ἐπεσύρετο</span> <span class='ocrx_word' id='word_1_110' title='bbox 551 1703 563 1716; x_wconf 84' lang='grc'>⁶</span> <span class='ocrx_word' id='word_1_111' title='bbox 621 1693 710 1738; x_wconf 82' lang='lat' dir='ltr'><strong>xui</strong></span> <span class='ocrx_word' id='word_1_112' title='bbox 778 1695 1104 1758; x_wconf 82' lang='grc' dir='ltr'>κατωρχεῖτο</span> <span class='ocrx_word' id='word_1_113' title='bbox 1183 1697 1274 1740; x_wconf 83' lang='grc' dir='ltr'><strong>του</strong></span> <span class='ocrx_word' id='word_1_114' title='bbox 1328 1689 1601 1761; x_wconf 78' lang='grc' dir='ltr'>πελάγους,</span> <span class='ocrx_word' id='word_1_115' title='bbox 1653 1696 1717 1752; x_wconf 76' lang='grc' dir='ltr'>ὡς</span> <span class='ocrx_word' id='word_1_116' title='bbox 1760 1693 1844 1746; x_wconf 80' lang='grc' dir='ltr'><strong>ἐπὶ</strong></span> 
     </span>
    </p>
   </div>
   <div class='ocr_carea' id='block_1_19' title="bbox 239 1772 1843 1851">
    <p class='ocr_par' dir='ltr' id='par_1_19' title="bbox 239 1772 1843 1851">
     <span class='ocr_line' id='line_1_19' title="bbox 239 1772 1843 1851; baseline 0.005 -24"><span class='ocrx_word' id='word_1_117' title='bbox 239 1776 404 1847; x_wconf 67' lang='grc' dir='ltr'>ξηροῦ</span> <span class='ocrx_word' id='word_1_118' title='bbox 454 1784 546 1828; x_wconf 77' lang='grc' dir='ltr'>τοῦ</span> <span class='ocrx_word' id='word_1_119' title='bbox 622 1772 845 1846; x_wconf 61' lang='grc' dir='ltr'>ἐδάφους</span> <span class='ocrx_word' id='word_1_120' title='bbox 906 1776 1311 1850; x_wconf 81' lang='grc' dir='ltr'>ύπεραλλόμενος</span> <span class='ocrx_word' id='word_1_121' title='bbox 1349 1793 1364 1808; x_wconf 81' lang='grc'><strong>⁸</strong></span> <span class='ocrx_word' id='word_1_122' title='bbox 1428 1782 1596 1851; x_wconf 82' lang='grc' dir='ltr'>θηρῶν</span> <span class='ocrx_word' id='word_1_123' title='bbox 1649 1801 1699 1834; x_wconf 86' lang='grc' dir='ltr'><strong>τε</strong></span> <span class='ocrx_word' id='word_1_124' title='bbox 1753 1789 1843 1835; x_wconf 84' lang='lat' dir='ltr'><strong>xui</strong></span> 
     </span>
    </p>
   </div>
   <div class='ocr_carea' id='block_1_20' title="bbox 239 1862 1839 1945">
    <p class='ocr_par' dir='ltr' id='par_1_20' title="bbox 239 1862 1839 1945">
     <span class='ocr_line' id='line_1_20' title="bbox 239 1862 1839 1945; baseline 0.007 -32"><span class='ocrx_word' id='word_1_125' title='bbox 239 1865 400 1935; x_wconf 69' lang='grc' dir='ltr'>ξιφῶν</span> <span class='ocrx_word' id='word_1_126' title='bbox 480 1865 756 1938; x_wconf 81' lang='grc' dir='ltr'>ὑπέρτερος</span> <span class='ocrx_word' id='word_1_127' title='bbox 826 1862 888 1923; x_wconf 76' lang='grc' dir='ltr'>ἦν</span> <span class='ocrx_word' id='word_1_128' title='bbox 952 1870 1162 1937; x_wconf 89' lang='grc' dir='ltr'>σύναμα</span> <span class='ocrx_word' id='word_1_129' title='bbox 1244 1867 1511 1941; x_wconf 76' lang='grc' dir='ltr'>Ἑρμολάῳ</span> <span class='ocrx_word' id='word_1_130' title='bbox 1570 1878 1642 1939; x_wconf 84' lang='grc' dir='ltr'>τῷ</span> <span class='ocrx_word' id='word_1_131' title='bbox 1699 1874 1839 1945; x_wconf 86' lang='grc' dir='ltr'>ίερεῖ,</span> 
     </span>
    </p>
   </div>
   <div class='ocr_carea' id='block_1_21' title="bbox 235 1953 1843 2030">
    <p class='ocr_par' dir='ltr' id='par_1_21' title="bbox 235 1953 1843 2030">
     <span class='ocr_line' id='line_1_21' title="bbox 235 1953 1843 2030; baseline 0.004 -25"><span class='ocrx_word' id='word_1_132' title='bbox 235 1953 513 2026; x_wconf 75' lang='grc' dir='ltr'><strong>Ἑρμίππῳ</strong></span> <span class='ocrx_word' id='word_1_133' title='bbox 572 1973 624 2007; x_wconf 92' lang='grc' dir='ltr'><strong>τε</strong></span> <span class='ocrx_word' id='word_1_134' title='bbox 677 1960 764 2007; x_wconf 86' lang='lat' dir='ltr'><strong>xui</strong></span> <span class='ocrx_word' id='word_1_135' title='bbox 814 1955 1150 2028; x_wconf 73' lang='grc' dir='ltr'>Ἑρμοκράτει</span> <span class='ocrx_word' id='word_1_136' title='bbox 1187 1974 1199 1985; x_wconf 90' lang='grc'><strong>·</strong></span> <span class='ocrx_word' id='word_1_137' title='bbox 1233 1963 1320 2009; x_wconf 86' lang='grc' dir='ltr'>καὶ</span> <span class='ocrx_word' id='word_1_138' title='bbox 1371 1958 1503 2010; x_wconf 68' lang='grc' dir='ltr'>οὓτω</span> <span class='ocrx_word' id='word_1_139' title='bbox 1534 1968 1624 2011; x_wconf 81' lang='grc' dir='ltr'>τοῦ</span> <span class='ocrx_word' id='word_1_140' title='bbox 1669 1967 1843 2030; x_wconf 70' lang='grc' dir='ltr'>σώμαι</span> 
     </span>
    </p>
   </div>
   <div class='ocr_carea' id='block_1_22' title="bbox 239 2035 1921 2117">
    <p class='ocr_par' dir='ltr' id='par_1_22' title="bbox 239 2035 1921 2117">
     <span class='ocr_line' id='line_1_22' title="bbox 239 2035 1921 2117; baseline 0.005 -23"><span class='ocrx_word' id='word_1_141' title='bbox 239 2063 327 2104; x_wconf 86' lang='grc' dir='ltr'><strong>τος</strong></span> <span class='ocrx_word' id='word_1_142' title='bbox 379 2043 660 2114; x_wconf 88' lang='grc' dir='ltr'>λυόμενοις,</span> <span class='ocrx_word' id='word_1_143' title='bbox 720 2052 791 2114; x_wconf 81' lang='grc' dir='ltr'>τῷ</span> <span class='ocrx_word' id='word_1_144' title='bbox 845 2047 1100 2116; x_wconf 77' lang='grc' dir='ltr'>πνεύματι</span> <span class='ocrx_word' id='word_1_145' title='bbox 1160 2049 1326 2104; x_wconf 71' lang='grc' dir='ltr'>ἤνωτο</span> <span class='ocrx_word' id='word_1_146' title='bbox 1357 2061 1368 2072; x_wconf 91' lang='grc'><strong>·</strong></span> <span class='ocrx_word' id='word_1_147' title='bbox 1409 2046 1584 2117; x_wconf 79' lang='grc' dir='ltr'>λόγοις</span> <span class='ocrx_word' id='word_1_148' title='bbox 1633 2044 1712 2114; x_wconf 78' lang='grc' dir='ltr'><strong>δε,</strong></span> <span class='ocrx_word' id='word_1_149' title='bbox 1771 2051 1844 2110; x_wconf 81' lang='grc' dir='ltr'>οἷς</span> <span class='ocrx_word' id='word_1_150' title='bbox 1881 2035 1921 2089; x_wconf 75' lang='grc' dir='ltr'><strong>Β</strong></span> 
     </span>
    </p>
   </div>
   <div class='ocr_carea' id='block_1_23' title="bbox 243 2133 1843 2205">
    <p class='ocr_par' dir='ltr' id='par_1_23' title="bbox 243 2133 1843 2205">
     <span class='ocr_line' id='line_1_23' title="bbox 243 2133 1843 2205; baseline 0.004 -21"><span class='ocrx_word' id='word_1_151' title='bbox 243 2135 504 2205; x_wconf 85' lang='grc' dir='ltr'>θεηγορῶν</span> <span class='ocrx_word' id='word_1_152' title='bbox 561 2138 867 2204; x_wconf 74' lang='grc' dir='ltr'><strong>κατῄσχυνε</strong></span> <span class='ocrx_word' id='word_1_153' title='bbox 933 2137 1019 2184; x_wconf 77' lang='grc' dir='ltr'><strong>τόν</strong></span> <span class='ocrx_word' id='word_1_154' title='bbox 1076 2133 1378 2189; x_wconf 80' lang='grc' dir='ltr'>ἀντίπαλον.</span> <span class='ocrx_word' id='word_1_155' title='bbox 1434 2142 1536 2188; x_wconf 76' lang='grc' dir='ltr'>Τού</span> <span class='ocrx_word' id='word_1_156' title='bbox 1589 2133 1638 2189; x_wconf 81' lang='grc' dir='ltr'>δ’</span> <span class='ocrx_word' id='word_1_157' title='bbox 1683 2141 1843 2190; x_wconf 68' lang='grc' dir='ltr'>αὐτοῦ</span> 
     </span>
    </p>
   </div>
   <div class='ocr_carea' id='block_1_24' title="bbox 241 2221 1842 2297">
    <p class='ocr_par' dir='ltr' id='par_1_24' title="bbox 241 2221 1842 2297">
     <span class='ocr_line' id='line_1_24' title="bbox 241 2221 1842 2297; baseline 0.004 -25"><span class='ocrx_word' id='word_1_158' title='bbox 241 2224 384 2281; x_wconf 78' lang='grc' dir='ltr'>ἔτους</span> <span class='ocrx_word' id='word_1_159' title='bbox 431 2226 520 2273; x_wconf 88' lang='lat' dir='ltr'><strong>xui</strong></span> <span class='ocrx_word' id='word_1_160' title='bbox 567 2221 781 2292; x_wconf 76' lang='grc' dir='ltr'>Κλήμης</span> <span class='ocrx_word' id='word_1_161' title='bbox 838 2221 1170 2296; x_wconf 80' lang='grc' dir='ltr'>Ἀγκυρανῶν</span> <span class='ocrx_word' id='word_1_162' title='bbox 1223 2225 1508 2286; x_wconf 71' lang='grc' dir='ltr'>ἐπίσκοπος</span> <span class='ocrx_word' id='word_1_163' title='bbox 1550 2229 1643 2276; x_wconf 80' lang='grc' dir='ltr'>σὺν</span> <span class='ocrx_word' id='word_1_164' title='bbox 1689 2226 1842 2297; x_wconf 80' lang='grc' dir='ltr'>Ἀγαο</span> 
     </span>
    </p>
   </div>
   <div class='ocr_carea' id='block_1_25' title="bbox 245 2311 1842 2386">
    <p class='ocr_par' dir='ltr' id='par_1_25' title="bbox 245 2311 1842 2386">
     <span class='ocr_line' id='line_1_25' title="bbox 245 2311 1842 2386; baseline 0.003 -25"><span class='ocrx_word' id='word_1_165' title='bbox 245 2311 479 2380; x_wconf 77' lang='grc' dir='ltr'>θαγγέλῳ</span> <span class='ocrx_word' id='word_1_166' title='bbox 533 2319 624 2362; x_wconf 80' lang='grc' dir='ltr'>τοῦ</span> <span class='ocrx_word' id='word_1_167' title='bbox 667 2312 955 2382; x_wconf 69' lang='grc' dir='ltr'>ὑπερφυοῦς</span> <span class='ocrx_word' id='word_1_168' title='bbox 1023 2316 1313 2384; x_wconf 81' lang='grc' dir='ltr'>μαρτυρίου</span> <span class='ocrx_word' id='word_1_169' title='bbox 1377 2318 1706 2386; x_wconf 74' lang='grc' dir='ltr'>κατήρχετο.</span> <span class='ocrx_word' id='word_1_170' title='bbox 1759 2315 1842 2370; x_wconf 87' lang='grc' dir='ltr'>Ἐν</span> 
     </span>
    </p>
   </div>
   <div class='ocr_carea' id='block_1_26' title="bbox 241 2395 1844 2478">
    <p class='ocr_par' dir='ltr' id='par_1_26' title="bbox 241 2395 1844 2478">
     <span class='ocr_line' id='line_1_26' title="bbox 241 2395 1844 2478; baseline 0.004 -29"><span class='ocrx_word' id='word_1_171' title='bbox 241 2402 411 2450; x_wconf 80' lang='grc' dir='ltr'>εἰκοσι</span> <span class='ocrx_word' id='word_1_172' title='bbox 437 2403 536 2471; x_wconf 85' lang='grc' dir='ltr'>γὰρ</span> <span class='ocrx_word' id='word_1_173' title='bbox 569 2404 656 2450; x_wconf 83' lang='grc' dir='ltr'>καὶ</span> <span class='ocrx_word' id='word_1_174' title='bbox 712 2399 845 2450; x_wconf 79' lang='grc' dir='ltr'>ὀκτὼ</span> <span class='ocrx_word' id='word_1_175' title='bbox 877 2402 1014 2451; x_wconf 80' lang='grc' dir='ltr'>ἔτεσι</span> <span class='ocrx_word' id='word_1_176' title='bbox 1062 2404 1120 2452; x_wconf 86' lang='grc' dir='ltr'><strong>τό</strong></span> <span class='ocrx_word' id='word_1_177' title='bbox 1179 2395 1272 2451; x_wconf 84' lang='grc' dir='ltr'>διὰ</span> <span class='ocrx_word' id='word_1_178' title='bbox 1317 2406 1550 2471; x_wconf 82' lang='grc' dir='ltr'>Χριστόν</span> <span class='ocrx_word' id='word_1_179' title='bbox 1579 2403 1844 2478; x_wconf 76' lang='grc' dir='ltr'>ὑπέρλαμ-</span> 
     </span>
    </p>
   </div>
   <div class='ocr_carea' id='block_1_27' title="bbox 241 2485 1844 2562">
    <p class='ocr_par' dir='ltr' id='par_1_27' title="bbox 241 2485 1844 2562">
     <span class='ocr_line' id='line_1_27' title="bbox 241 2485 1844 2562; baseline 0.003 -24"><span class='ocrx_word' id='word_1_180' title='bbox 241 2507 372 2558; x_wconf 85' lang='grc' dir='ltr'>προν</span> <span class='ocrx_word' id='word_1_181' title='bbox 425 2485 644 2546; x_wconf 76' lang='grc' dir='ltr'>διήνυσε</span> <span class='ocrx_word' id='word_1_182' title='bbox 693 2485 930 2542; x_wconf 83' lang='grc' dir='ltr'>στάδιον.</span> <span class='ocrx_word' id='word_1_183' title='bbox 981 2495 1090 2540; x_wconf 86' lang='grc' dir='ltr'>Τῶν</span> <span class='ocrx_word' id='word_1_184' title='bbox 1121 2492 1222 2562; x_wconf 74' lang='grc' dir='ltr'>γὰρ</span> <span class='ocrx_word' id='word_1_185' title='bbox 1279 2489 1332 2552; x_wconf 79' lang='grc' dir='ltr'><strong>ἓξ</strong></span> <span class='ocrx_word' id='word_1_186' title='bbox 1381 2490 1561 2551; x_wconf 76' lang='grc' dir='ltr'>αἰῶνος</span> <span class='ocrx_word' id='word_1_187' title='bbox 1604 2493 1844 2544; x_wconf 82' lang='grc' dir='ltr'>ἁπάντων</span> 
     </span>
    </p>
   </div>
   <div class='ocr_carea' id='block_1_28' title="bbox 241 2577 1843 2650">
    <p class='ocr_par' dir='ltr' id='par_1_28' title="bbox 241 2577 1843 2650">
     <span class='ocr_line' id='line_1_28' title="bbox 241 2577 1843 2650; baseline 0.007 -29"><span class='ocrx_word' id='word_1_188' title='bbox 241 2582 331 2634; x_wconf 71' lang='grc' dir='ltr'>τὴν</span> <span class='ocrx_word' id='word_1_189' title='bbox 374 2578 499 2649; x_wconf 67' lang='grc' dir='ltr'>ὑπὲρ</span> <span class='ocrx_word' id='word_1_190' title='bbox 553 2585 788 2648; x_wconf 70' lang='grc' dir='ltr'>Χριστοῦ</span> <span class='ocrx_word' id='word_1_191' title='bbox 837 2577 1060 2634; x_wconf 75' lang='grc' dir='ltr'>ἄθλησιν</span> <span class='ocrx_word' id='word_1_192' title='bbox 1117 2577 1427 2648; x_wconf 70' lang='grc' dir='ltr'>ἐσχηκότων</span> <span class='ocrx_word' id='word_1_193' title='bbox 1472 2584 1600 2650; x_wconf 84' lang='grc' dir='ltr'>πυρί</span> <span class='ocrx_word' id='word_1_194' title='bbox 1655 2599 1708 2632; x_wconf 83' lang='grc' dir='ltr'><strong>τε</strong></span> <span class='ocrx_word' id='word_1_195' title='bbox 1755 2586 1843 2633; x_wconf 89' lang='lat' dir='ltr'><strong>xui</strong></span> 
     </span>
    </p>
   </div>
   <div class='ocr_carea' id='block_1_29' title="bbox 245 2662 1843 2742">
    <p class='ocr_par' dir='ltr' id='par_1_29' title="bbox 245 2662 1843 2742">
     <span class='ocr_line' id='line_1_29' title="bbox 245 2662 1843 2742; baseline 0.002 -25"><span class='ocrx_word' id='word_1_196' title='bbox 245 2662 469 2738; x_wconf 78' lang='grc' dir='ltr'>σιδήρῳ,</span> <span class='ocrx_word' id='word_1_197' title='bbox 503 2665 668 2727; x_wconf 79' lang='grc' dir='ltr'>λίθοις</span> <span class='ocrx_word' id='word_1_198' title='bbox 707 2685 760 2717; x_wconf 88' lang='grc' dir='ltr'><strong>τε</strong></span> <span class='ocrx_word' id='word_1_199' title='bbox 813 2673 902 2717; x_wconf 81' lang='grc' dir='ltr'>καὶ</span> <span class='ocrx_word' id='word_1_200' title='bbox 935 2666 1127 2730; x_wconf 80' lang='grc' dir='ltr'>ξύλοις,</span> <span class='ocrx_word' id='word_1_201' title='bbox 1159 2669 1294 2737; x_wconf 78' lang='grc' dir='ltr'>πρὸς</span> <span class='ocrx_word' id='word_1_202' title='bbox 1343 2663 1422 2729; x_wconf 81' lang='grc' dir='ltr'><strong>δε,</strong></span> <span class='ocrx_word' id='word_1_203' title='bbox 1473 2669 1659 2740; x_wconf 77' lang='grc' dir='ltr'>θηρσὶν</span> <span class='ocrx_word' id='word_1_204' title='bbox 1688 2668 1843 2742; x_wconf 84' lang='grc' dir='ltr'>ἀγρί-</span> 
     </span>
    </p>
   </div>
   <div class='ocr_carea' id='block_1_30' title="bbox 247 2750 1839 2830">
    <p class='ocr_par' dir='ltr' id='par_1_30' title="bbox 247 2750 1839 2830">
     <span class='ocr_line' id='line_1_30' title="bbox 247 2750 1839 2830; baseline 0.001 -25"><span class='ocrx_word' id='word_1_205' title='bbox 247 2773 318 2813; x_wconf 90' lang='grc' dir='ltr'><strong>οις</strong></span> <span class='ocrx_word' id='word_1_206' title='bbox 387 2759 476 2805; x_wconf 84' lang='grc' dir='ltr'>καὶ</span> <span class='ocrx_word' id='word_1_207' title='bbox 557 2750 775 2825; x_wconf 78' lang='grc' dir='ltr'>δεσμοῖς</span> <span class='ocrx_word' id='word_1_208' title='bbox 860 2755 1229 2826; x_wconf 84' lang='grc' dir='ltr'>πολυχρονίοις</span> <span class='ocrx_word' id='word_1_209' title='bbox 1307 2755 1839 2830; x_wconf 85' lang='grc' dir='ltr'>ταλαιπωρησάντων,</span> 
     </span>
    </p>
   </div>
   <div class='ocr_carea' id='block_1_31' title="bbox 247 2831 1840 2917">
    <p class='ocr_par' dir='ltr' id='par_1_31' title="bbox 247 2839 1840 2917">
     <span class='ocr_line' id='line_1_31' title="bbox 247 2839 1840 2917; baseline 0.003 -23"><span class='ocrx_word' id='word_1_210' title='bbox 247 2842 489 2904; x_wconf 69' lang='grc' dir='ltr'>ποικῦως</span> <span class='ocrx_word' id='word_1_211' title='bbox 521 2862 572 2896; x_wconf 86' lang='grc' dir='ltr'><strong>τε</strong></span> <span class='ocrx_word' id='word_1_212' title='bbox 627 2842 1048 2914; x_wconf 81' lang='grc' dir='ltr'>ἀγωνισαμένων,</span> <span class='ocrx_word' id='word_1_213' title='bbox 1105 2851 1171 2915; x_wconf 76' lang='grc' dir='ltr'>γῇ</span> <span class='ocrx_word' id='word_1_214' title='bbox 1225 2848 1315 2895; x_wconf 86' lang='grc' dir='ltr'>καὶ</span> <span class='ocrx_word' id='word_1_215' title='bbox 1372 2839 1486 2917; x_wconf 83' lang='grc' dir='ltr'>δέρι</span> <span class='ocrx_word' id='word_1_216' title='bbox 1538 2851 1627 2896; x_wconf 88' lang='lat' dir='ltr'><strong>xui</strong></span> <span class='ocrx_word' id='word_1_217' title='bbox 1684 2842 1840 2898; x_wconf 76' lang='grc' dir='ltr'>ὕδατι</span> 
     </span>
    </p>
   </div>
   <div class='ocr_carea' id='block_1_32' title="bbox 248 2929 1843 3006">
    <p class='ocr_par' dir='ltr' id='par_1_32' title="bbox 248 2929 1843 3006">
     <span class='ocr_line' id='line_1_32' title="bbox 248 2929 1843 3006; baseline 0.002 -23"><span class='ocrx_word' id='word_1_218' title='bbox 248 2937 331 2984; x_wconf 77' lang='grc' dir='ltr'>καὶ</span> <span class='ocrx_word' id='word_1_219' title='bbox 386 2939 638 3006; x_wconf 82' lang='grc' dir='ltr'>κρυμνοῐς</span> <span class='ocrx_word' id='word_1_220' title='bbox 717 2938 806 2984; x_wconf 84' lang='grc' dir='ltr'>καὶ</span> <span class='ocrx_word' id='word_1_221' title='bbox 864 2935 1115 2984; x_wconf 85' lang='grc' dir='ltr'>καύσεσιν</span> <span class='ocrx_word' id='word_1_222' title='bbox 1177 2929 1694 3005; x_wconf 78' lang='grc' dir='ltr'>ἐκδεδαπανημένων,</span> <span class='ocrx_word' id='word_1_223' title='bbox 1753 2940 1843 2986; x_wconf 83' lang='grc' dir='ltr'>καὶ</span> 
     </span>
    </p>
   </div>
   <div class='ocr_carea' id='block_1_33' title="bbox 246 3020 1842 3096">
    <p class='ocr_par' dir='ltr' id='par_1_33' title="bbox 246 3020 1842 3096">
     <span class='ocr_line' id='line_1_33' title="bbox 246 3020 1842 3096; baseline 0.003 -24"><span class='ocrx_word' id='word_1_224' title='bbox 246 3021 417 3081; x_wconf 74' lang='grc' dir='ltr'>α’λλαις</span> <span class='ocrx_word' id='word_1_225' title='bbox 477 3029 749 3093; x_wconf 83' lang='grc' dir='ltr'>μηχαναῖς</span> <span class='ocrx_word' id='word_1_226' title='bbox 800 3040 939 3074; x_wconf 87' lang='grc' dir='ltr'>τισιν</span> <span class='ocrx_word' id='word_1_227' title='bbox 984 3020 1394 3074; x_wconf 85' lang='grc' dir='ltr'>ἀπολελοιπότων</span> <span class='ocrx_word' id='word_1_228' title='bbox 1457 3026 1513 3074; x_wconf 87' lang='grc' dir='ltr'>τὸ</span> <span class='ocrx_word' id='word_1_229' title='bbox 1546 3023 1641 3096; x_wconf 77' lang='grc' dir='ltr'><strong>ζῇν</strong></span> <span class='ocrx_word' id='word_1_230' title='bbox 1671 3045 1683 3056; x_wconf 89' lang='grc'><strong>·</strong></span> <span class='ocrx_word' id='word_1_231' title='bbox 1713 3025 1842 3076; x_wconf 86' lang='grc' dir='ltr'>πάν-</span> 
     </span>
    </p>
   </div>
   <div class='ocr_carea' id='block_1_34' title="bbox 245 3111 1844 3186">
    <p class='ocr_par' dir='ltr' id='par_1_34' title="bbox 245 3111 1844 3186">
     <span class='ocr_line' id='line_1_34' title="bbox 245 3111 1844 3186; baseline 0.003 -25"><span class='ocrx_word' id='word_1_232' title='bbox 245 3130 343 3162; x_wconf 82' lang='grc' dir='ltr'><strong>των</strong></span> <span class='ocrx_word' id='word_1_233' title='bbox 399 3113 590 3162; x_wconf 82' lang='grc' dir='ltr'>τούτων</span> <span class='ocrx_word' id='word_1_234' title='bbox 635 3112 768 3163; x_wconf 88' lang='grc' dir='ltr'>κατά</span> <span class='ocrx_word' id='word_1_235' title='bbox 824 3113 995 3182; x_wconf 84' lang='grc' dir='ltr'>γετὸν</span> <span class='ocrx_word' id='word_1_236' title='bbox 1026 3112 1144 3182; x_wconf 77' lang='grc' dir='ltr'>ἐμὸν</span> <span class='ocrx_word' id='word_1_237' title='bbox 1195 3111 1346 3181; x_wconf 87' lang='grc' dir='ltr'>λόγον</span> <span class='ocrx_word' id='word_1_238' title='bbox 1402 3113 1427 3162; x_wconf 90' lang='grc' dir='ltr'><strong>ό</strong></span> <span class='ocrx_word' id='word_1_239' title='bbox 1489 3114 1622 3186; x_wconf 81' lang='grc' dir='ltr'>ἱερὸς</span> <span class='ocrx_word' id='word_1_240' title='bbox 1663 3114 1844 3165; x_wconf 81' lang='grc' dir='ltr'>οὑτοσὶ</span> 
     </span>
    </p>
   </div>
   <div class='ocr_carea' id='block_1_35' title="bbox 246 3199 1840 3273">
    <p class='ocr_par' dir='ltr' id='par_1_35' title="bbox 246 3199 1840 3273">
     <span class='ocr_line' id='line_1_35' title="bbox 246 3199 1840 3273; baseline 0.003 -23"><span class='ocrx_word' id='word_1_241' title='bbox 246 3200 463 3270; x_wconf 75' lang='grc' dir='ltr'>Κλήμης</span> <span class='ocrx_word' id='word_1_242' title='bbox 511 3201 792 3273; x_wconf 81' lang='grc' dir='ltr'>ὑπερέσχε,</span> <span class='ocrx_word' id='word_1_243' title='bbox 851 3204 940 3252; x_wconf 83' lang='grc' dir='ltr'>καὶ</span> <span class='ocrx_word' id='word_1_244' title='bbox 985 3201 1011 3252; x_wconf 89' lang='grc' dir='ltr'><strong>ό</strong></span> <span class='ocrx_word' id='word_1_245' title='bbox 1066 3203 1160 3252; x_wconf 79' lang='grc' dir='ltr'>σὺν</span> <span class='ocrx_word' id='word_1_246' title='bbox 1213 3199 1351 3270; x_wconf 66' lang='grc' dir='ltr'>αὐτῷ</span> <span class='ocrx_word' id='word_1_247' title='bbox 1413 3200 1840 3272; x_wconf 81' lang='grc' dir='ltr'>Ἀγαθάγγελος⁶</span> 
     </span>
    </p>
   </div>
   <div class='ocr_carea' id='block_1_36' title="bbox 245 3285 1844 3363">
    <p class='ocr_par' dir='ltr' id='par_1_36' title="bbox 245 3285 1844 3363">
     <span class='ocr_line' id='line_1_36' title="bbox 245 3285 1844 3363; baseline 0.001 -23"><span class='ocrx_word' id='word_1_248' title='bbox 245 3298 425 3362; x_wconf 87' lang='grc' dir='ltr'>πρῶτα</span> <span class='ocrx_word' id='word_1_249' title='bbox 489 3292 579 3360; x_wconf 76' lang='grc' dir='ltr'>μὲν</span> <span class='ocrx_word' id='word_1_250' title='bbox 644 3290 728 3341; x_wconf 80' lang='grc' dir='ltr'><strong>ἐπὶ</strong></span> <span class='ocrx_word' id='word_1_251' title='bbox 779 3289 1001 3360; x_wconf 79' lang='grc' dir='ltr'>Ῥώμης,</span> <span class='ocrx_word' id='word_1_252' title='bbox 1060 3291 1232 3342; x_wconf 75' lang='grc' dir='ltr'>ἔπειτα</span> <span class='ocrx_word' id='word_1_253' title='bbox 1294 3285 1352 3341; x_wconf 81' lang='grc' dir='ltr'>δὲ</span> <span class='ocrx_word' id='word_1_254' title='bbox 1411 3292 1545 3342; x_wconf 82' lang='grc' dir='ltr'><strong>κατά</strong></span> <span class='ocrx_word' id='word_1_255' title='bbox 1611 3297 1844 3363; x_wconf 86' lang='grc' dir='ltr'>Νικομὴ-</span> 
     </span>
    </p>
   </div>
   <div class='ocr_carea' id='block_1_37' title="bbox 247 3374 1918 3452">
    <p class='ocr_par' dir='ltr' id='par_1_37' title="bbox 247 3374 1918 3452">
     <span class='ocr_line' id='line_1_37' title="bbox 247 3374 1918 3452; baseline -0.001 -20"><span class='ocrx_word' id='word_1_256' title='bbox 247 3375 409 3444; x_wconf 87' lang='grc' dir='ltr'>δειαν,</span> <span class='ocrx_word' id='word_1_257' title='bbox 471 3381 524 3431; x_wconf 75' lang='grc' dir='ltr'>ἐκ</span> <span class='ocrx_word' id='word_1_258' title='bbox 592 3375 861 3450; x_wconf 84' lang='grc' dir='ltr'>διαδοχῆς</span> <span class='ocrx_word' id='word_1_259' title='bbox 919 3378 1114 3430; x_wconf 82' lang='grc' dir='ltr'>πολλῶν</span> <span class='ocrx_word' id='word_1_260' title='bbox 1191 3379 1424 3449; x_wconf 78' lang='grc' dir='ltr'>ὠμότητι</span> <span class='ocrx_word' id='word_1_261' title='bbox 1495 3377 1842 3452; x_wconf 67' lang='grc' dir='ltr'>διαφερόντων</span> <span class='ocrx_word' id='word_1_262' title='bbox 1879 3374 1918 3430; x_wconf 88' lang='lat' dir='ltr'><strong>C</strong></span> 
     </span>
    </p>
   </div>
   <div class='ocr_carea' id='block_1_38' title="bbox 245 3467 1843 3543">
    <p class='ocr_par' dir='ltr' id='par_1_38' title="bbox 245 3467 1843 3543">
     <span class='ocr_line' id='line_1_38' title="bbox 245 3467 1843 3543; baseline 0.001 -24"><span class='ocrx_word' id='word_1_263' title='bbox 245 3467 731 3540; x_wconf 84' lang='grc' dir='ltr'>προσπαλαίσαντες</span> <span class='ocrx_word' id='word_1_264' title='bbox 797 3470 865 3527; x_wconf 76' lang='grc' dir='ltr'>ὡς</span> <span class='ocrx_word' id='word_1_265' title='bbox 921 3467 1170 3518; x_wconf 78' lang='grc' dir='ltr'>ἐπιλιπεῖν</span> <span class='ocrx_word' id='word_1_266' title='bbox 1243 3473 1419 3519; x_wconf 74' lang='grc' dir='ltr'>πᾶσαν</span> <span class='ocrx_word' id='word_1_267' title='bbox 1483 3468 1843 3543; x_wconf 80' lang='grc' dir='ltr'>κολαστηρίων</span> 
     </span>
    </p>
   </div>
   <div class='ocr_carea' id='block_1_39' title="bbox 248 3553 1843 3628">
    <p class='ocr_par' dir='ltr' id='par_1_39' title="bbox 248 3553 1843 3628">
     <span class='ocr_line' id='line_1_39' title="bbox 248 3553 1843 3628; baseline 0.001 -21"><span class='ocrx_word' id='word_1_268' title='bbox 248 3556 510 3608; x_wconf 78' lang='grc' dir='ltr'>ἐπίνοιαν’</span> <span class='ocrx_word' id='word_1_269' title='bbox 548 3556 684 3628; x_wconf 58' lang='grc' dir='ltr'>ξίνει</span> <span class='ocrx_word' id='word_1_270' title='bbox 743 3553 801 3608; x_wconf 76' lang='grc' dir='ltr'><strong>δε</strong></span> <span class='ocrx_word' id='word_1_271' title='bbox 853 3559 910 3607; x_wconf 85' lang='grc' dir='ltr'>τὸ</span> <span class='ocrx_word' id='word_1_272' title='bbox 964 3555 1250 3608; x_wconf 86' lang='grc' dir='ltr'>τελευταῖον</span> <span class='ocrx_word' id='word_1_273' title='bbox 1295 3555 1697 3628; x_wconf 79' lang='grc' dir='ltr'>ἀποτμηθέντες,</span> <span class='ocrx_word' id='word_1_274' title='bbox 1749 3565 1843 3615; x_wconf 66' lang='grc' dir='ltr'>τὴν</span> 
     </span>
    </p>
   </div>
   <div class='ocr_carea' id='block_1_40' title="bbox 247 3641 1842 3721">
    <p class='ocr_par' dir='ltr' id='par_1_40' title="bbox 247 3641 1842 3721">
     <span class='ocr_line' id='line_1_40' title="bbox 247 3641 1842 3721; baseline 0.002 -25"><span class='ocrx_word' id='word_1_275' title='bbox 247 3645 426 3717; x_wconf 73' lang='grc' dir='ltr'>ἀγήρω</span> <span class='ocrx_word' id='word_1_276' title='bbox 477 3646 614 3705; x_wconf 80' lang='grc' dir='ltr'>ζωὴν</span> <span class='ocrx_word' id='word_1_277' title='bbox 675 3644 1070 3707; x_wconf 85' lang='grc' dir='ltr'>ἀντηλλάξαντο.</span> <span class='ocrx_word' id='word_1_278' title='bbox 1135 3652 1246 3704; x_wconf 83' lang='grc' dir='ltr'>Πῶς</span> <span class='ocrx_word' id='word_1_279' title='bbox 1275 3641 1333 3697; x_wconf 67' lang='grc' dir='ltr'><strong>δι</strong></span> <span class='ocrx_word' id='word_1_280' title='bbox 1381 3647 1484 3718; x_wconf 83' lang='grc' dir='ltr'>οἱρα</span> <span class='ocrx_word' id='word_1_281' title='bbox 1524 3649 1842 3721; x_wconf 75' lang='grc' dir='ltr'>Εὖστρατίον</span> 
     </span>
    </p>
   </div>
   <div class='ocr_carea' id='block_1_41' title="bbox 244 3731 1845 3806">
    <p class='ocr_par' dir='ltr' id='par_1_41' title="bbox 244 3731 1845 3806">
     <span class='ocr_line' id='line_1_41' title="bbox 244 3731 1845 3806; baseline 0.001 -20"><span class='ocrx_word' id='word_1_282' title='bbox 244 3740 332 3786; x_wconf 88' lang='lat' dir='ltr'><strong>xui</strong></span> <span class='ocrx_word' id='word_1_283' title='bbox 382 3743 476 3796; x_wconf 80' lang='grc' dir='ltr'>τῆς</span> <span class='ocrx_word' id='word_1_284' title='bbox 509 3735 668 3787; x_wconf 67' lang='grc' dir='ltr'>αὐτοῦ</span> <span class='ocrx_word' id='word_1_285' title='bbox 721 3731 965 3794; x_wconf 80' lang='grc' dir='ltr'>συνοδίας</span> <span class='ocrx_word' id='word_1_286' title='bbox 1014 3734 1349 3786; x_wconf 79' lang='grc' dir='ltr'>ἓπιλαθέσθαι</span> <span class='ocrx_word' id='word_1_287' title='bbox 1409 3731 1709 3806; x_wconf 77' lang='grc' dir='ltr'>δυνήσομαι</span> <span class='ocrx_word' id='word_1_288' title='bbox 1744 3754 1757 3800; x_wconf 88' lang='lat'><strong>;</strong></span> <span class='ocrx_word' id='word_1_289' title='bbox 1789 3736 1845 3797; x_wconf 88' lang='grc' dir='ltr'>ὃς</span> 
     </span>
    </p>
   </div>
   <div class='ocr_carea' id='block_1_42' title="bbox 245 3819 1846 3896">
    <p class='ocr_par' dir='ltr' id='par_1_42' title="bbox 245 3819 1846 3896">
     <span class='ocr_line' id='line_1_42' title="bbox 245 3819 1846 3896; baseline 0.003 -27"><span class='ocrx_word' id='word_1_290' title='bbox 245 3827 455 3896; x_wconf 76' lang='grc' dir='ltr'>ὥρμητο</span> <span class='ocrx_word' id='word_1_291' title='bbox 507 3829 597 3895; x_wconf 76' lang='grc' dir='ltr'><strong>μεν</strong></span> <span class='ocrx_word' id='word_1_292' title='bbox 656 3823 995 3896; x_wconf 73' lang='grc' dir='ltr'>Ἀραϐράκων</span> <span class='ocrx_word' id='word_1_293' title='bbox 1041 3842 1054 3854; x_wconf 73' lang='grc' dir='ltr'><strong>ο</strong></span> <span class='ocrx_word' id='word_1_294' title='bbox 1114 3842 1396 3896; x_wconf 87' lang='grc' dir='ltr'>πρόσοικος</span> <span class='ocrx_word' id='word_1_295' title='bbox 1445 3819 1503 3874; x_wconf 77' lang='grc' dir='ltr'><strong>δε</strong></span> <span class='ocrx_word' id='word_1_296' title='bbox 1555 3824 1846 3896; x_wconf 82' lang='grc' dir='ltr'>Ἀρμενίοις</span> 
     </span>
    </p>
   </div>
   <div class='ocr_carea' id='block_1_43' title="bbox 246 3909 1846 3986">
    <p class='ocr_par' dir='ltr' id='par_1_43' title="bbox 246 3909 1846 3986">
     <span class='ocr_line' id='line_1_43' title="bbox 246 3909 1846 3986; baseline 0 -23"><span class='ocrx_word' id='word_1_297' title='bbox 246 3915 275 3970; x_wconf 81' lang='grc' dir='ltr'><strong>η</strong></span> <span class='ocrx_word' id='word_1_298' title='bbox 318 3920 473 3986; x_wconf 79' lang='grc' dir='ltr'>χώρα</span> <span class='ocrx_word' id='word_1_299' title='bbox 508 3929 520 3940; x_wconf 88' lang='grc'><strong>·</strong></span> <span class='ocrx_word' id='word_1_300' title='bbox 563 3913 841 3984; x_wconf 75' lang='grc' dir='ltr'>φιλοσοφίᾳ</span> <span class='ocrx_word' id='word_1_301' title='bbox 901 3909 958 3965; x_wconf 80' lang='grc' dir='ltr'><strong>δε</strong></span> <span class='ocrx_word' id='word_1_302' title='bbox 989 3921 1082 3974; x_wconf 86' lang='grc' dir='ltr'>τῆς</span> <span class='ocrx_word' id='word_1_303' title='bbox 1137 3913 1256 3964; x_wconf 82' lang='grc' dir='ltr'>καθ’</span> <span class='ocrx_word' id='word_1_304' title='bbox 1307 3911 1556 3974; x_wconf 77' lang='grc' dir='ltr'>Ἓλληνας</span> <span class='ocrx_word' id='word_1_305' title='bbox 1599 3909 1846 3972; x_wconf 82' lang='grc' dir='ltr'>παιδείας</span> 
     </span>
    </p>
   </div>
   <div class='ocr_carea' id='block_1_44' title="bbox 245 3998 1845 4074">
    <p class='ocr_par' dir='ltr' id='par_1_44' title="bbox 245 3998 1845 4074">
     <span class='ocr_line' id='line_1_44' title="bbox 245 3998 1845 4074; baseline -0.001 -21"><span class='ocrx_word' id='word_1_306' title='bbox 245 3999 455 4062; x_wconf 78' lang='grc' dir='ltr'>ούδενός</span> <span class='ocrx_word' id='word_1_307' title='bbox 499 4000 612 4072; x_wconf 78' lang='grc' dir='ltr'>εἶχε</span> <span class='ocrx_word' id='word_1_308' title='bbox 653 4004 719 4054; x_wconf 80' lang='grc' dir='ltr'>τὰ</span> <span class='ocrx_word' id='word_1_309' title='bbox 749 3998 968 4074; x_wconf 79' lang='grc' dir='ltr'>δεύτερα</span> <span class='ocrx_word' id='word_1_310' title='bbox 1001 4018 1013 4030; x_wconf 87' lang='grc'><strong>·</strong></span> <span class='ocrx_word' id='word_1_311' title='bbox 1057 4005 1145 4052; x_wconf 90' lang='lat' dir='ltr'><strong>xui</strong></span> <span class='ocrx_word' id='word_1_312' title='bbox 1199 4000 1488 4072; x_wconf 70' lang='grc' dir='ltr'>φιλοσοφῶν</span> <span class='ocrx_word' id='word_1_313' title='bbox 1519 4003 1584 4052; x_wconf 80' lang='grc' dir='ltr'>τὰ</span> <span class='ocrx_word' id='word_1_314' title='bbox 1622 4003 1845 4074; x_wconf 77' lang='grc' dir='ltr'>ἡμέτερα</span> 
     </span>
    </p>
   </div>
   <div class='ocr_carea' id='block_1_45' title="bbox 244 4089 1844 4163">
    <p class='ocr_par' dir='ltr' id='par_1_45' title="bbox 244 4089 1844 4163">
     <span class='ocr_line' id='line_1_45' title="bbox 244 4089 1844 4163; baseline -0.001 -21"><span class='ocrx_word' id='word_1_315' title='bbox 244 4091 478 4163; x_wconf 85' lang='grc' dir='ltr'>μάλιστα</span> <span class='ocrx_word' id='word_1_316' title='bbox 525 4091 572 4142; x_wconf 83' lang='grc' dir='ltr'>ἐν</span> <span class='ocrx_word' id='word_1_317' title='bbox 617 4099 687 4160; x_wconf 82' lang='grc' dir='ltr'>τῷ</span> <span class='ocrx_word' id='word_1_318' title='bbox 734 4090 992 4158; x_wconf 83' lang='grc' dir='ltr'>λεληθότι,</span> <span class='ocrx_word' id='word_1_319' title='bbox 1038 4089 1270 4161; x_wconf 72' lang='grc' dir='ltr'>ἐμφανῶς</span> <span class='ocrx_word' id='word_1_320' title='bbox 1331 4094 1504 4159; x_wconf 77' lang='grc' dir='ltr'>Λυσίᾳ</span> <span class='ocrx_word' id='word_1_321' title='bbox 1535 4099 1604 4160; x_wconf 82' lang='grc' dir='ltr'>τῷ</span> <span class='ocrx_word' id='word_1_322' title='bbox 1663 4097 1753 4149; x_wconf 85' lang='grc' dir='ltr'>τῆς</span> <span class='ocrx_word' id='word_1_323' title='bbox 1779 4091 1844 4142; x_wconf 77' lang='grc' dir='ltr'>ἕω</span> 
     </span>
    </p>
   </div>
   <div class='ocr_carea' id='block_1_46' title="bbox 247 4177 1844 4251">
    <p class='ocr_par' dir='ltr' id='par_1_46' title="bbox 247 4177 1844 4251">
     <span class='ocr_line' id='line_1_46' title="bbox 247 4177 1844 4251; baseline -0.002 -19"><span class='ocrx_word' id='word_1_324' title='bbox 247 4182 461 4251; x_wconf 77' lang='grc' dir='ltr'>ἡγεμόνι</span> <span class='ocrx_word' id='word_1_325' title='bbox 526 4181 854 4251; x_wconf 76' lang='grc' dir='ltr'>ὑπηρετεῖτο,</span> <span class='ocrx_word' id='word_1_326' title='bbox 918 4180 969 4239; x_wconf 76' lang='grc' dir='ltr'>ὃς</span> <span class='ocrx_word' id='word_1_327' title='bbox 1046 4181 1140 4238; x_wconf 84' lang='grc' dir='ltr'><strong>τὰς</strong></span> <span class='ocrx_word' id='word_1_328' title='bbox 1199 4187 1299 4229; x_wconf 89' lang='grc' dir='ltr'><strong>τῶν</strong></span> <span class='ocrx_word' id='word_1_329' title='bbox 1352 4177 1574 4230; x_wconf 68' lang='grc' dir='ltr'>εὐσεϐῶν</span> <span class='ocrx_word' id='word_1_330' title='bbox 1636 4179 1844 4249; x_wconf 78' lang='grc' dir='ltr'>σφαγὰς</span> 
     </span>
    </p>
   </div>
   <div class='ocr_carea' id='block_1_47' title="bbox 244 4267 1842 4343">
    <p class='ocr_par' dir='ltr' id='par_1_47' title="bbox 244 4267 1842 4343">
     <span class='ocr_line' id='line_1_47' title="bbox 244 4267 1842 4343; baseline -0.001 -22"><span class='ocrx_word' id='word_1_331' title='bbox 244 4273 372 4343; x_wconf 83' lang='grc' dir='ltr'>πρὸς</span> <span class='ocrx_word' id='word_1_332' title='bbox 437 4279 535 4322; x_wconf 90' lang='grc' dir='ltr'><strong>τῶν</strong></span> <span class='ocrx_word' id='word_1_333' title='bbox 587 4272 910 4340; x_wconf 79' lang='grc' dir='ltr'>κρατούντων</span> <span class='ocrx_word' id='word_1_334' title='bbox 975 4267 1174 4330; x_wconf 66' lang='grc' dir='ltr'>ἀσεϐῶς</span> <span class='ocrx_word' id='word_1_335' title='bbox 1227 4267 1615 4338; x_wconf 75' lang='grc' dir='ltr'>ἐγκεχείριστο.</span> <span class='ocrx_word' id='word_1_336' title='bbox 1681 4269 1842 4328; x_wconf 72' lang='grc' dir='ltr'>Οὗτος</span> 
     </span>
    </p>
   </div>
   <div class='ocr_carea' id='block_1_48' title="bbox 245 4352 1844 4431">
    <p class='ocr_par' dir='ltr' id='par_1_48' title="bbox 245 4352 1844 4431">
     <span class='ocr_line' id='line_1_48' title="bbox 245 4352 1844 4431; baseline -0.002 -20"><span class='ocrx_word' id='word_1_337' title='bbox 245 4364 418 4411; x_wconf 87' lang='grc' dir='ltr'>τοίνυν</span> <span class='ocrx_word' id='word_1_338' title='bbox 472 4361 806 4431; x_wconf 84' lang='grc' dir='ltr'>σκρινιάριος,</span> <span class='ocrx_word' id='word_1_339' title='bbox 866 4361 1031 4410; x_wconf 84' lang='grc' dir='ltr'>εἶτουν</span> <span class='ocrx_word' id='word_1_340' title='bbox 1089 4357 1420 4429; x_wconf 68' lang='grc' dir='ltr'>ἀπογραφεὺς</span> <span class='ocrx_word' id='word_1_341' title='bbox 1463 4357 1548 4416; x_wconf 78' lang='grc' dir='ltr'>τῆς</span> <span class='ocrx_word' id='word_1_342' title='bbox 1589 4352 1844 4418; x_wconf 80' lang='grc' dir='ltr'>δουκικῆς</span> 
     </span>
    </p>
   </div>
   <div class='ocr_carea' id='block_1_49' title="bbox 246 4447 1844 4519">
    <p class='ocr_par' dir='ltr' id='par_1_49' title="bbox 246 4447 1844 4519">
     <span class='ocr_line' id='line_1_49' title="bbox 246 4447 1844 4519; baseline -0.003 -19"><span class='ocrx_word' id='word_1_343' title='bbox 246 4447 434 4510; x_wconf 80' lang='grc' dir='ltr'>τάξεως</span> <span class='ocrx_word' id='word_1_344' title='bbox 473 4451 726 4519; x_wconf 73' lang='grc' dir='ltr'>πεφηνὼς,</span> <span class='ocrx_word' id='word_1_345' title='bbox 773 4451 866 4504; x_wconf 76' lang='grc' dir='ltr'>τὴν</span> <span class='ocrx_word' id='word_1_346' title='bbox 904 4455 1001 4497; x_wconf 88' lang='grc' dir='ltr'><strong>τῶν</strong></span> <span class='ocrx_word' id='word_1_347' title='bbox 1055 4448 1331 4518; x_wconf 83' lang='grc' dir='ltr'>μαρτύρων</span> <span class='ocrx_word' id='word_1_348' title='bbox 1378 4449 1615 4514; x_wconf 86' lang='grc' dir='ltr'>γενναίαν</span> <span class='ocrx_word' id='word_1_349' title='bbox 1659 4447 1844 4496; x_wconf 81' lang='grc' dir='ltr'>ἔνστα-</span> 
     </span>
    </p>
   </div>
   <div class='ocr_carea' id='block_1_50' title="bbox 249 4531 1842 4608">
    <p class='ocr_par' dir='ltr' id='par_1_50' title="bbox 249 4531 1842 4608">
     <span class='ocr_line' id='line_1_50' title="bbox 249 4531 1842 4608; baseline -0.003 -19"><span class='ocrx_word' id='word_1_350' title='bbox 249 4557 331 4589; x_wconf 89' lang='grc' dir='ltr'><strong>σιν</strong></span> <span class='ocrx_word' id='word_1_351' title='bbox 385 4534 594 4608; x_wconf 84' lang='grc' dir='ltr'>διορῶν,</span> <span class='ocrx_word' id='word_1_352' title='bbox 648 4535 787 4607; x_wconf 74' lang='grc' dir='ltr'><strong>ζήλῳ</strong></span> <span class='ocrx_word' id='word_1_353' title='bbox 846 4540 939 4594; x_wconf 76' lang='grc' dir='ltr'>τὴν</span> <span class='ocrx_word' id='word_1_354' title='bbox 997 4531 1222 4606; x_wconf 82' lang='grc' dir='ltr'>καρδίαν</span> <span class='ocrx_word' id='word_1_355' title='bbox 1275 4533 1486 4604; x_wconf 82' lang='grc' dir='ltr'>πληγεὶς</span> <span class='ocrx_word' id='word_1_356' title='bbox 1534 4537 1626 4586; x_wconf 70' lang='grc' dir='ltr'>οὐκ</span> <span class='ocrx_word' id='word_1_357' title='bbox 1679 4533 1842 4585; x_wconf 79' lang='grc' dir='ltr'>ἄλλων</span> 
     </span>
    </p>
   </div>
   <div class='ocr_carea' id='block_1_51' title="bbox 246 4623 1844 4696">
    <p class='ocr_par' dir='ltr' id='par_1_51' title="bbox 246 4623 1844 4696">
     <span class='ocr_line' id='line_1_51' title="bbox 246 4623 1844 4696; baseline -0.003 -17"><span class='ocrx_word' id='word_1_358' title='bbox 246 4623 414 4679; x_wconf 75' lang='grc' dir='ltr'>ἐδεῖτο</span> <span class='ocrx_word' id='word_1_359' title='bbox 456 4635 553 4678; x_wconf 90' lang='grc' dir='ltr'><strong>τῶν</strong></span> <span class='ocrx_word' id='word_1_360' title='bbox 606 4627 931 4696; x_wconf 77' lang='grc' dir='ltr'>κατηγόρων,</span> <span class='ocrx_word' id='word_1_361' title='bbox 989 4623 1096 4675; x_wconf 84' lang='grc' dir='ltr'>ἀλλ’</span> <span class='ocrx_word' id='word_1_362' title='bbox 1130 4627 1281 4684; x_wconf 62' lang='grc' dir='ltr'>αὐτὸς</span> <span class='ocrx_word' id='word_1_363' title='bbox 1337 4623 1516 4675; x_wconf 79' lang='grc' dir='ltr'>ἑαυτὸν</span> <span class='ocrx_word' id='word_1_364' title='bbox 1557 4623 1844 4694; x_wconf 72' lang='grc' dir='ltr'>καταγγέλ-</span> 
     </span>
    </p>
   </div>
   <div class='ocr_carea' id='block_1_52' title="bbox 246 4710 1920 4782">
    <p class='ocr_par' dir='ltr' id='par_1_52' title="bbox 246 4710 1920 4782">
     <span class='ocr_line' id='line_1_52' title="bbox 246 4710 1920 4782; baseline -0.001 -18"><span class='ocrx_word' id='word_1_365' title='bbox 246 4713 344 4765; x_wconf 88' lang='grc' dir='ltr'><strong>λων</strong></span> <span class='ocrx_word' id='word_1_366' title='bbox 402 4710 484 4772; x_wconf 79' lang='grc' dir='ltr'>ἧν.</span> <span class='ocrx_word' id='word_1_367' title='bbox 539 4712 691 4766; x_wconf 80' lang='grc' dir='ltr'>Ὀθεν</span> <span class='ocrx_word' id='word_1_368' title='bbox 746 4718 836 4766; x_wconf 88' lang='lat' dir='ltr'><strong>xui</strong></span> <span class='ocrx_word' id='word_1_369' title='bbox 891 4717 985 4771; x_wconf 75' lang='grc' dir='ltr'>τὴν</span> <span class='ocrx_word' id='word_1_370' title='bbox 1018 4715 1193 4765; x_wconf 77' lang='grc' dir='ltr'>ἄνοιαν</span> <span class='ocrx_word' id='word_1_371' title='bbox 1223 4718 1312 4764; x_wconf 86' lang='grc' dir='ltr'>καὶ</span> <span class='ocrx_word' id='word_1_372' title='bbox 1369 4714 1426 4762; x_wconf 86' lang='grc' dir='ltr'><strong>τό</strong></span> <span class='ocrx_word' id='word_1_373' title='bbox 1473 4713 1692 4782; x_wconf 87' lang='grc' dir='ltr'>μάταιον</span> <span class='ocrx_word' id='word_1_374' title='bbox 1742 4721 1840 4763; x_wconf 87' lang='grc' dir='ltr'><strong>τῶν</strong></span> <span class='ocrx_word' id='word_1_375' title='bbox 1878 4730 1920 4782; x_wconf 74' lang='grc' dir='ltr'><strong>ι)</strong></span> 
     </span>
    </p>
   </div>
   <div class='ocr_carea' id='block_1_53' title="bbox 248 4797 1844 4875">
    <p class='ocr_par' dir='ltr' id='par_1_53' title="bbox 248 4797 1844 4875">
     <span class='ocr_line' id='line_1_53' title="bbox 248 4797 1844 4875; baseline -0.002 -20"><span class='ocrx_word' id='word_1_376' title='bbox 248 4800 518 4855; x_wconf 78' lang='grc' dir='ltr'>δυσσεϐῶν</span> <span class='ocrx_word' id='word_1_377' title='bbox 589 4801 896 4875; x_wconf 71' lang='grc' dir='ltr'>διελέγχων,</span> <span class='ocrx_word' id='word_1_378' title='bbox 976 4800 1204 4873; x_wconf 77' lang='grc' dir='ltr'>διαίριος</span> <span class='ocrx_word' id='word_1_379' title='bbox 1279 4803 1530 4862; x_wconf 79' lang='grc' dir='ltr'>ἐκταθεὶς,</span> <span class='ocrx_word' id='word_1_380' title='bbox 1606 4797 1844 4873; x_wconf 75' lang='grc' dir='ltr'>σφοδρῶς</span> 
     </span>
    </p>
   </div>
   <div class='ocr_carea' id='block_1_54' title="bbox 242 4887 1844 4963">
    <p class='ocr_par' dir='ltr' id='par_1_54' title="bbox 242 4887 1844 4963">
     <span class='ocr_line' id='line_1_54' title="bbox 242 4887 1844 4963; baseline -0.001 -20"><span class='ocrx_word' id='word_1_381' title='bbox 242 4898 606 4957; x_wconf 86' lang='grc' dir='ltr'>κατεκόπτετο,</span> <span class='ocrx_word' id='word_1_382' title='bbox 639 4897 766 4963; x_wconf 84' lang='grc' dir='ltr'>πυρί</span> <span class='ocrx_word' id='word_1_383' title='bbox 809 4911 862 4944; x_wconf 86' lang='grc' dir='ltr'><strong>τε</strong></span> <span class='ocrx_word' id='word_1_384' title='bbox 914 4895 976 4943; x_wconf 83' lang='grc' dir='ltr'>τὰ</span> <span class='ocrx_word' id='word_1_385' title='bbox 1003 4891 1286 4962; x_wconf 75' lang='grc' dir='ltr'>σπλάγχνά</span> <span class='ocrx_word' id='word_1_386' title='bbox 1341 4889 1537 4942; x_wconf 77' lang='grc' dir='ltr'>ἐκαίετο</span> <span class='ocrx_word' id='word_1_387' title='bbox 1564 4907 1575 4918; x_wconf 86' lang='grc'><em>’</em></span> <span class='ocrx_word' id='word_1_388' title='bbox 1631 4889 1755 4942; x_wconf 83' lang='grc' dir='ltr'>ἁλσὶ</span> <span class='ocrx_word' id='word_1_389' title='bbox 1785 4887 1844 4942; x_wconf 76' lang='grc' dir='ltr'>δὲ</span> 
     </span>
    </p>
   </div>
   <div class='ocr_carea' id='block_1_55' title="bbox 243 4975 1841 5054">
    <p class='ocr_par' dir='ltr' id='par_1_55' title="bbox 243 4975 1841 5054">
     <span class='ocr_line' id='line_1_55' title="bbox 243 4975 1841 5054; baseline -0.002 -22"><span class='ocrx_word' id='word_1_390' title='bbox 243 4986 333 5033; x_wconf 86' lang='grc' dir='ltr'>καὶ</span> <span class='ocrx_word' id='word_1_391' title='bbox 382 4981 485 5044; x_wconf 80' lang='grc' dir='ltr'>ὄξει</span> <span class='ocrx_word' id='word_1_392' title='bbox 533 4985 936 5052; x_wconf 86' lang='grc' dir='ltr'>καταχεόμενος,</span> <span class='ocrx_word' id='word_1_393' title='bbox 981 4983 1111 5054; x_wconf 85' lang='grc' dir='ltr'>πρὸς</span> <span class='ocrx_word' id='word_1_394' title='bbox 1165 4977 1350 5032; x_wconf 77' lang='grc' dir='ltr'>δὲκαὶ</span> <span class='ocrx_word' id='word_1_395' title='bbox 1395 4977 1674 5050; x_wconf 76' lang='grc' dir='ltr'>ὀστράκοις</span> <span class='ocrx_word' id='word_1_396' title='bbox 1724 4975 1841 5030; x_wconf 81' lang='grc' dir='ltr'>δια·</span> 
     </span>
    </p>
   </div>
   <div class='ocr_carea' id='block_1_56' title="bbox 241 5065 1840 5144">
    <p class='ocr_par' dir='ltr' id='par_1_56' title="bbox 241 5065 1840 5144">
     <span class='ocr_line' id='line_1_56' title="bbox 241 5065 1840 5144; baseline -0.002 -21"><span class='ocrx_word' id='word_1_397' title='bbox 241 5070 558 5144; x_wconf 73' lang='grc' dir='ltr'>τριϐόμενος,</span> <span class='ocrx_word' id='word_1_398' title='bbox 621 5070 736 5131; x_wconf 85' lang='grc' dir='ltr'>ὅλος</span> <span class='ocrx_word' id='word_1_399' title='bbox 803 5069 988 5143; x_wconf 79' lang='grc' dir='ltr'>ἀθρόον</span> <span class='ocrx_word' id='word_1_400' title='bbox 1069 5077 1278 5140; x_wconf 81' lang='grc' dir='ltr'>τραῦμα</span> <span class='ocrx_word' id='word_1_401' title='bbox 1344 5065 1629 5120; x_wconf 71' lang='grc' dir='ltr'>ἐδείκνυτο.</span> <span class='ocrx_word' id='word_1_402' title='bbox 1682 5067 1840 5141; x_wconf 72' lang='grc' dir='ltr'><strong>Ῥοπῇ⁹</strong></span> 
     </span>
    </p>
   </div>
   <div class='ocr_carea' id='block_1_57' title="bbox 244 5154 1844 5231">
    <p class='ocr_par' dir='ltr' id='par_1_57' title="bbox 244 5154 1844 5231">
     <span class='ocr_line' id='line_1_57' title="bbox 244 5154 1844 5231; baseline -0.003 -19"><span class='ocrx_word' id='word_1_403' title='bbox 244 5156 303 5212; x_wconf 75' lang='grc' dir='ltr'>δὲ</span> <span class='ocrx_word' id='word_1_404' title='bbox 360 5162 467 5231; x_wconf 73' lang='grc' dir='ltr'>Θείᾳ</span> <span class='ocrx_word' id='word_1_405' title='bbox 545 5167 633 5211; x_wconf 84' lang='grc' dir='ltr'>τοῦ</span> <span class='ocrx_word' id='word_1_406' title='bbox 705 5156 1051 5231; x_wconf 74' lang='grc' dir='ltr'>ἀδελφορικοῦ</span> <span class='ocrx_word' id='word_1_407' title='bbox 1129 5165 1368 5229; x_wconf 82' lang='grc' dir='ltr'>σώματος</span> <span class='ocrx_word' id='word_1_408' title='bbox 1438 5159 1560 5209; x_wconf 75' lang='grc' dir='ltr'>ὡσεὶ</span> <span class='ocrx_word' id='word_1_409' title='bbox 1616 5154 1844 5210; x_wconf 83' lang='grc' dir='ltr'>λεπίδων</span> 
     </span>
    </p>
   </div>
   <div class='ocr_carea' id='block_1_58' title="bbox 167 5247 1840 5323">
    <p class='ocr_par' dir='ltr' id='par_1_58' title="bbox 167 5247 1840 5323">
     <span class='ocr_line' id='line_1_58' title="bbox 167 5247 1840 5323; baseline -0.002 -23"><span class='ocrx_word' id='word_1_410' title='bbox 167 5307 170 5310; x_wconf 26' lang='grc' dir='ltr'>λ</span> <span class='ocrx_word' id='word_1_411' title='bbox 245 5247 624 5323; x_wconf 79' lang='grc' dir='ltr'>ἁπορρνεισῶν,</span> <span class='ocrx_word' id='word_1_412' title='bbox 674 5254 761 5301; x_wconf 83' lang='grc' dir='ltr'>καὶ</span> <span class='ocrx_word' id='word_1_413' title='bbox 806 5252 874 5310; x_wconf 77' lang='grc' dir='ltr'>ὡς</span> <span class='ocrx_word' id='word_1_414' title='bbox 921 5250 1166 5320; x_wconf 85' lang='grc' dir='ltr'>πρότερον</span> <span class='ocrx_word' id='word_1_415' title='bbox 1200 5249 1342 5317; x_wconf 70' lang='grc' dir='ltr'>ὑγιὲς</span> <span class='ocrx_word' id='word_1_416' title='bbox 1393 5250 1451 5298; x_wconf 90' lang='grc' dir='ltr'><strong>τό</strong></span> <span class='ocrx_word' id='word_1_417' title='bbox 1487 5255 1640 5319; x_wconf 89' lang='grc' dir='ltr'>σῶμα</span> <span class='ocrx_word' id='word_1_418' title='bbox 1671 5250 1840 5319; x_wconf 71' lang='grc' dir='ltr'>φανὲν,</span> 
     </span>
    </p>
   </div>
   <div class='ocr_carea' id='block_1_59' title="bbox 242 5334 1844 5411">
    <p class='ocr_par' dir='ltr' id='par_1_59' title="bbox 242 5334 1844 5411">
     <span class='ocr_line' id='line_1_59' title="bbox 242 5334 1844 5411; baseline -0.001 -22"><span class='ocrx_word' id='word_1_419' title='bbox 242 5347 313 5408; x_wconf 80' lang='grc' dir='ltr'>τῷ</span> <span class='ocrx_word' id='word_1_420' title='bbox 359 5334 560 5408; x_wconf 81' lang='grc' dir='ltr'>σταδίῳ</span> <span class='ocrx_word' id='word_1_421' title='bbox 619 5343 708 5390; x_wconf 85' lang='grc' dir='ltr'>καὶ</span> <span class='ocrx_word' id='word_1_422' title='bbox 758 5339 784 5388; x_wconf 85' lang='grc' dir='ltr'><strong><em>ὁ</em></strong></span> <span class='ocrx_word' id='word_1_423' title='bbox 837 5339 1075 5411; x_wconf 73' lang='grc' dir='ltr'>όμόφρων</span> <span class='ocrx_word' id='word_1_424' title='bbox 1126 5337 1366 5406; x_wconf 81' lang='grc' dir='ltr'>Εύγένιος</span> <span class='ocrx_word' id='word_1_425' title='bbox 1410 5341 1674 5407; x_wconf 87' lang='grc' dir='ltr'>πρόσεισι.</span> <span class='ocrx_word' id='word_1_426' title='bbox 1709 5341 1844 5409; x_wconf 86' lang='grc' dir='ltr'>Πρός</span> 
     </span>
    </p>
   </div>
   <div class='ocr_carea' id='block_1_60' title="bbox 243 5422 1844 5498">
    <p class='ocr_par' dir='ltr' id='par_1_60' title="bbox 243 5422 1844 5498">
     <span class='ocr_line' id='line_1_60' title="bbox 243 5422 1844 5498; baseline -0.002 -18"><span class='ocrx_word' id='word_1_427' title='bbox 243 5427 524 5480; x_wconf 86' lang='grc' dir='ltr'>Νικόπολιν</span> <span class='ocrx_word' id='word_1_428' title='bbox 570 5423 628 5479; x_wconf 74' lang='grc' dir='ltr'>δὲ</span> <span class='ocrx_word' id='word_1_429' title='bbox 675 5427 951 5498; x_wconf 69' lang='grc' dir='ltr'>ἀνταίροντι</span> <span class='ocrx_word' id='word_1_430' title='bbox 981 5434 1052 5495; x_wconf 84' lang='grc' dir='ltr'>τῷ</span> <span class='ocrx_word' id='word_1_431' title='bbox 1095 5429 1290 5496; x_wconf 80' lang='grc' dir='ltr'>Λυσίᾳ,</span> <span class='ocrx_word' id='word_1_432' title='bbox 1341 5425 1616 5496; x_wconf 83' lang='grc' dir='ltr'>ἑλκυσμοῖς</span> <span class='ocrx_word' id='word_1_433' title='bbox 1652 5422 1844 5498; x_wconf 89' lang='grc' dir='ltr'>βιαίοις</span> 
     </span>
    </p>
   </div>
   <div class='ocr_carea' id='block_1_61' title="bbox 249 5510 1838 5590">
    <p class='ocr_par' dir='ltr' id='par_1_61' title="bbox 249 5510 1838 5590">
     <span class='ocr_line' id='line_1_61' title="bbox 249 5510 1838 5590; baseline -0.001 -21"><span class='ocrx_word' id='word_1_434' title='bbox 249 5519 714 5590; x_wconf 83' lang='grc' dir='ltr'>συμπεριάγονται,</span> <span class='ocrx_word' id='word_1_435' title='bbox 787 5515 951 5572; x_wconf 78' lang='grc' dir='ltr'>Ἔνθα</span> <span class='ocrx_word' id='word_1_436' title='bbox 1007 5511 1074 5574; x_wconf 82' lang='grc' dir='ltr'>δὴ</span> <span class='ocrx_word' id='word_1_437' title='bbox 1143 5519 1232 5566; x_wconf 89' lang='lat' dir='ltr'><strong>xui</strong></span> <span class='ocrx_word' id='word_1_438' title='bbox 1291 5510 1600 5586; x_wconf 82' lang='grc' dir='ltr'>Μαρδάριος</span> <span class='ocrx_word' id='word_1_439' title='bbox 1637 5517 1791 5586; x_wconf 77' lang='grc' dir='ltr'>ἤγετο</span> <span class='ocrx_word' id='word_1_440' title='bbox 1827 5531 1838 5544; x_wconf 94' lang='grc'><strong>·</strong></span> 
     </span>
    </p>
   </div>
   <div class='ocr_carea' id='block_1_62' title="bbox 2570 677 2980 734">
    <p class='ocr_par' dir='ltr' id='par_1_62' title="bbox 2570 677 2980 734">
     <span class='ocr_line' id='line_1_62' title="bbox 2570 677 2980 734; baseline 0.005 -2"><span class='ocrx_word' id='word_1_441' title='bbox 2570 677 2796 733; x_wconf 84' lang='lat' dir='ltr'><strong>CAPUT</strong></span> <span class='ocrx_word' id='word_1_442' title='bbox 2846 678 2980 734; x_wconf 81' lang='lat' dir='ltr'><strong>XIV.</strong></span> 
     </span>
    </p>
   </div>
   <div class='ocr_carea' id='block_1_63' title="bbox 1951 803 3601 866">
    <p class='ocr_par' dir='ltr' id='par_1_63' title="bbox 1951 803 3601 866">
     <span class='ocr_line' id='line_1_63' title="bbox 1951 803 3601 866; baseline -0.001 -8"><span class='ocrx_word' id='word_1_443' title='bbox 1951 803 2037 858; x_wconf 83' lang='lat' dir='ltr'><strong>De</strong></span> <span class='ocrx_word' id='word_1_444' title='bbox 2049 808 2255 858; x_wconf 82' lang='lat' dir='ltr'><strong>sancto</strong></span> <span class='ocrx_word' id='word_1_445' title='bbox 2272 803 2741 866; x_wconf 82' lang='lat' dir='ltr'><strong>Panteleemone,</strong></span> <span class='ocrx_word' id='word_1_446' title='bbox 2764 808 2816 858; x_wconf 84' lang='lat' dir='ltr'><strong>et</strong></span> <span class='ocrx_word' id='word_1_447' title='bbox 2847 811 3051 858; x_wconf 84' lang='lat' dir='ltr'><strong>sancto</strong></span> <span class='ocrx_word' id='word_1_448' title='bbox 3082 803 3400 864; x_wconf 81' lang='lat' dir='ltr'><strong>Eustratio,</strong></span> <span class='ocrx_word' id='word_1_449' title='bbox 3427 803 3601 857; x_wconf 83' lang='lat' dir='ltr'><strong>comi-</strong></span> 
     </span>
    </p>
   </div>
   <div class='ocr_carea' id='block_1_64' title="bbox 1987 873 3594 946">
    <p class='ocr_par' dir='ltr' id='par_1_64' title="bbox 1987 873 3594 946">
     <span class='ocr_line' id='line_1_64' title="bbox 1987 873 3594 946; baseline -0.003 -18"><span class='ocrx_word' id='word_1_450' title='bbox 1987 880 2232 946; x_wconf 75' lang='lat' dir='ltr'><strong>tataque</strong></span> <span class='ocrx_word' id='word_1_451' title='bbox 2261 875 2543 944; x_wconf 82' lang='lat' dir='ltr'><strong>ejusdem,</strong></span> <span class='ocrx_word' id='word_1_452' title='bbox 2591 879 2646 930; x_wconf 85' lang='lat' dir='ltr'><strong>et</strong></span> <span class='ocrx_word' id='word_1_453' title='bbox 2682 874 2754 930; x_wconf 88' lang='lat' dir='ltr'><strong>de</strong></span> <span class='ocrx_word' id='word_1_454' title='bbox 2791 874 2929 929; x_wconf 78' lang='lat' dir='ltr'><strong>aliis</strong></span> <span class='ocrx_word' id='word_1_455' title='bbox 2955 875 3188 944; x_wconf 81' lang='lat' dir='ltr'><strong>magnis</strong></span> <span class='ocrx_word' id='word_1_456' title='bbox 3210 873 3594 943; x_wconf 81' lang='lat' dir='ltr'><strong>martyribus.</strong></span> 
     </span>
    </p>
   </div>
   <div class='ocr_carea' id='block_1_65' title="bbox 2023 1068 3601 1142">
    <p class='ocr_par' dir='ltr' id='par_1_65' title="bbox 2023 1068 3601 1142">
     <span class='ocr_line' id='line_1_65' title="bbox 2023 1068 3601 1142; baseline 0 -19"><span class='ocrx_word' id='word_1_457' title='bbox 2023 1068 2246 1125; x_wconf 86' lang='lat' dir='ltr'><strong>Eadem</strong></span> <span class='ocrx_word' id='word_1_458' title='bbox 2285 1074 2635 1142; x_wconf 87' lang='lat' dir='ltr'><strong>tempestate</strong></span> <span class='ocrx_word' id='word_1_459' title='bbox 2679 1076 2735 1126; x_wconf 92' lang='lat' dir='ltr'><strong>et</strong></span> <span class='ocrx_word' id='word_1_460' title='bbox 2775 1069 3114 1133; x_wconf 86' lang='lat' dir='ltr'><strong>Pantaleon,</strong></span> <span class='ocrx_word' id='word_1_461' title='bbox 3160 1071 3260 1141; x_wconf 91' lang='lat' dir='ltr'><strong>qui</strong></span> <span class='ocrx_word' id='word_1_462' title='bbox 3310 1076 3365 1126; x_wconf 92' lang='lat' dir='ltr'><strong>et</strong></span> <span class='ocrx_word' id='word_1_463' title='bbox 3401 1073 3601 1124; x_wconf 82' lang='lat' dir='ltr'><strong>Paule-</strong></span> 
     </span>
    </p>
   </div>
   <div class='ocr_carea' id='block_1_66' title="bbox 1951 1157 3606 1232">
    <p class='ocr_par' dir='ltr' id='par_1_66' title="bbox 1951 1157 3606 1232">
     <span class='ocr_line' id='line_1_66' title="bbox 1951 1157 3606 1232; baseline -0.001 -18"><span class='ocrx_word' id='word_1_464' title='bbox 1951 1157 2186 1214; x_wconf 91' lang='lat' dir='ltr'><strong>leemon</strong></span> <span class='ocrx_word' id='word_1_465' title='bbox 2217 1159 2411 1215; x_wconf 86' lang='lat' dir='ltr'><strong>dictus</strong></span> <span class='ocrx_word' id='word_1_466' title='bbox 2442 1164 2550 1229; x_wconf 91' lang='lat' dir='ltr'><strong>est,</strong></span> <span class='ocrx_word' id='word_1_467' title='bbox 2584 1160 2813 1226; x_wconf 85' lang='lat' dir='ltr'><strong>enituit,</strong></span> <span class='ocrx_word' id='word_1_468' title='bbox 2842 1159 3161 1232; x_wconf 87' lang='lat' dir='ltr'><strong>verbisque</strong></span> <span class='ocrx_word' id='word_1_469' title='bbox 3193 1166 3250 1214; x_wconf 91' lang='lat' dir='ltr'><strong>et</strong></span> <span class='ocrx_word' id='word_1_470' title='bbox 3289 1161 3462 1215; x_wconf 76' lang='lat' dir='ltr'><strong>factis</strong></span> <span class='ocrx_word' id='word_1_471' title='bbox 3495 1159 3606 1214; x_wconf 84' lang='lat' dir='ltr'><strong>mi-</strong></span> 
     </span>
    </p>
   </div>
   <div class='ocr_carea' id='block_1_67' title="bbox 1951 1248 3605 1322">
    <p class='ocr_par' dir='ltr' id='par_1_67' title="bbox 1951 1248 3605 1322">
     <span class='ocr_line' id='line_1_67' title="bbox 1951 1248 3605 1322; baseline 0.001 -20"><span class='ocrx_word' id='word_1_472' title='bbox 1951 1248 2416 1318; x_wconf 86' lang='lat' dir='ltr'><strong>raculorumque</strong></span> <span class='ocrx_word' id='word_1_473' title='bbox 2437 1249 2727 1322; x_wconf 91' lang='lat' dir='ltr'><strong>prodigiis</strong></span> <span class='ocrx_word' id='word_1_474' title='bbox 2749 1248 3043 1305; x_wconf 88' lang='lat' dir='ltr'><strong>Christum</strong></span> <span class='ocrx_word' id='word_1_475' title='bbox 3077 1249 3346 1306; x_wconf 78' lang='lat' dir='ltr'><strong>exaltans</strong></span> <span class='ocrx_word' id='word_1_476' title='bbox 3368 1263 3546 1317; x_wconf 85' lang='lat' dir='ltr'><strong>magn</strong></span> <span class='ocrx_word' id='word_1_477' title='bbox 3559 1250 3605 1303; x_wconf 92' lang='lat' dir='ltr'><strong>i-</strong></span> 
     </span>
    </p>
   </div>
   <div class='ocr_carea' id='block_1_68' title="bbox 1953 1336 3604 1410">
    <p class='ocr_par' dir='ltr' id='par_1_68' title="bbox 1953 1336 3604 1410">
     <span class='ocr_line' id='line_1_68' title="bbox 1953 1336 3604 1410; baseline -0.001 -19"><span class='ocrx_word' id='word_1_478' title='bbox 1953 1337 2152 1392; x_wconf 83' lang='lat' dir='ltr'><strong>ﬁcavit</strong></span> <span class='ocrx_word' id='word_1_479' title='bbox 2185 1353 2196 1390; x_wconf 93' lang='lat'>:</span> <span class='ocrx_word' id='word_1_480' title='bbox 2230 1336 2402 1392; x_wconf 87' lang='lat' dir='ltr'><strong>factis</strong></span> <span class='ocrx_word' id='word_1_481' title='bbox 2432 1337 2701 1410; x_wconf 89' lang='lat' dir='ltr'><strong>quidem,</strong></span> <span class='ocrx_word' id='word_1_482' title='bbox 2755 1337 2977 1410; x_wconf 90' lang='lat' dir='ltr'><strong>quibus</strong></span> <span class='ocrx_word' id='word_1_483' title='bbox 3009 1338 3102 1394; x_wconf 92' lang='lat' dir='ltr'><strong>ille</strong></span> <span class='ocrx_word' id='word_1_484' title='bbox 3132 1337 3604 1394; x_wconf 89' lang='lat' dir='ltr'><strong>intolerabilibus</strong></span> 
     </span>
    </p>
   </div>
   <div class='ocr_carea' id='block_1_69' title="bbox 1954 1425 3604 1498">
    <p class='ocr_par' dir='ltr' id='par_1_69' title="bbox 1954 1425 3604 1498">
     <span class='ocr_line' id='line_1_69' title="bbox 1954 1425 3604 1498; baseline 0 -18"><span class='ocrx_word' id='word_1_485' title='bbox 1954 1425 2315 1482; x_wconf 86' lang='lat' dir='ltr'><strong>cruciatibus</strong></span> <span class='ocrx_word' id='word_1_486' title='bbox 2341 1426 2567 1483; x_wconf 89' lang='lat' dir='ltr'><strong>fortiter</strong></span> <span class='ocrx_word' id='word_1_487' title='bbox 2596 1427 2806 1484; x_wconf 86' lang='lat' dir='ltr'><strong>restitit</strong></span> <span class='ocrx_word' id='word_1_488' title='bbox 2839 1443 2850 1480; x_wconf 91' lang='lat'>:</span> <span class='ocrx_word' id='word_1_489' title='bbox 2885 1427 3254 1498; x_wconf 79' lang='lat' dir='ltr'><strong>depugnavit</strong></span> <span class='ocrx_word' id='word_1_490' title='bbox 3285 1427 3441 1482; x_wconf 88' lang='lat' dir='ltr'><strong>enim</strong></span> <span class='ocrx_word' id='word_1_491' title='bbox 3466 1443 3604 1481; x_wconf 89' lang='lat' dir='ltr'><strong>cum</strong></span> 
     </span>
    </p>
   </div>
   <div class='ocr_carea' id='block_1_70' title="bbox 1954 1513 3605 1588">
    <p class='ocr_par' dir='ltr' id='par_1_70' title="bbox 1954 1513 3605 1588">
     <span class='ocr_line' id='line_1_70' title="bbox 1954 1513 3605 1588; baseline 0 -18"><span class='ocrx_word' id='word_1_492' title='bbox 1954 1513 2110 1570; x_wconf 90' lang='lat' dir='ltr'><strong>ferro</strong></span> <span class='ocrx_word' id='word_1_493' title='bbox 2161 1520 2420 1582; x_wconf 89' lang='lat' dir='ltr'><strong>secante,</strong></span> <span class='ocrx_word' id='word_1_494' title='bbox 2461 1515 2714 1588; x_wconf 89' lang='lat' dir='ltr'><strong>plumbo</strong></span> <span class='ocrx_word' id='word_1_495' title='bbox 2752 1515 3038 1581; x_wconf 82' lang='lat' dir='ltr'><strong>fervente,</strong></span> <span class='ocrx_word' id='word_1_496' title='bbox 3089 1522 3144 1572; x_wconf 89' lang='lat' dir='ltr'><strong>et</strong></span> <span class='ocrx_word' id='word_1_497' title='bbox 3172 1523 3300 1571; x_wconf 90' lang='lat' dir='ltr'><strong>rota</strong></span> <span class='ocrx_word' id='word_1_498' title='bbox 3334 1516 3605 1571; x_wconf 88' lang='lat' dir='ltr'><strong>membra</strong></span> 
     </span>
    </p>
   </div>
   <div class='ocr_carea' id='block_1_71' title="bbox 1955 1605 3601 1677">
    <p class='ocr_par' dir='ltr' id='par_1_71' title="bbox 1955 1605 3601 1677">
     <span class='ocr_line' id='line_1_71' title="bbox 1955 1605 3601 1677; baseline -0.001 -17"><span class='ocrx_word' id='word_1_499' title='bbox 1955 1605 2401 1660; x_wconf 88' lang='lat' dir='ltr'><strong>comminuente</strong></span> <span class='ocrx_word' id='word_1_500' title='bbox 2441 1621 2456 1671; x_wconf 92' lang='lat'><strong>;</strong></span> <span class='ocrx_word' id='word_1_501' title='bbox 2488 1609 2666 1677; x_wconf 87' lang='lat' dir='ltr'><strong>atque</strong></span> <span class='ocrx_word' id='word_1_502' title='bbox 2693 1605 2755 1660; x_wconf 92' lang='lat' dir='ltr'><strong>in</strong></span> <span class='ocrx_word' id='word_1_503' title='bbox 2791 1621 3031 1676; x_wconf 69' lang='lat' dir='ltr'><strong>aequore</strong></span> <span class='ocrx_word' id='word_1_504' title='bbox 3067 1605 3247 1661; x_wconf 90' lang='lat' dir='ltr'><strong>maris</strong></span> <span class='ocrx_word' id='word_1_505' title='bbox 3299 1606 3601 1668; x_wconf 87' lang='lat' dir='ltr'><strong>innatans,</strong></span> 
     </span>
    </p>
   </div>
   <div class='ocr_carea' id='block_1_72' title="bbox 1953 1691 3602 1767">
    <p class='ocr_par' dir='ltr' id='par_1_72' title="bbox 1953 1691 3602 1767">
     <span class='ocr_line' id='line_1_72' title="bbox 1953 1691 3602 1767; baseline 0 -20"><span class='ocrx_word' id='word_1_506' title='bbox 1953 1691 2217 1764; x_wconf 90' lang='lat' dir='ltr'><strong>lapidem</strong></span> <span class='ocrx_word' id='word_1_507' title='bbox 2249 1693 2541 1750; x_wconf 86' lang='lat' dir='ltr'><strong>moralem</strong></span> <span class='ocrx_word' id='word_1_508' title='bbox 2606 1695 2854 1766; x_wconf 86' lang='lat' dir='ltr'><strong>perinde</strong></span> <span class='ocrx_word' id='word_1_509' title='bbox 2885 1699 3064 1767; x_wconf 91' lang='lat' dir='ltr'><strong>atque</strong></span> <span class='ocrx_word' id='word_1_510' title='bbox 3095 1695 3286 1750; x_wconf 89' lang='lat' dir='ltr'><strong>levem</strong></span> <span class='ocrx_word' id='word_1_511' title='bbox 3343 1709 3602 1766; x_wconf 87' lang='lat' dir='ltr'><strong>pennam</strong></span> 
     </span>
    </p>
   </div>
   <div class='ocr_carea' id='block_1_73' title="bbox 1957 1783 3605 1854">
    <p class='ocr_par' dir='ltr' id='par_1_73' title="bbox 1957 1783 3605 1854">
     <span class='ocr_line' id='line_1_73' title="bbox 1957 1783 3605 1854; baseline 0.002 -19"><span class='ocrx_word' id='word_1_512' title='bbox 1957 1799 2161 1837; x_wconf 86' lang='lat' dir='ltr'><strong>secum</strong></span> <span class='ocrx_word' id='word_1_513' title='bbox 2197 1783 2389 1843; x_wconf 78' lang='lat' dir='ltr'><strong>traxit.</strong></span> <span class='ocrx_word' id='word_1_514' title='bbox 2422 1783 2483 1838; x_wconf 92' lang='lat' dir='ltr'><strong>in</strong></span> <span class='ocrx_word' id='word_1_515' title='bbox 2515 1783 2730 1840; x_wconf 89' lang='lat' dir='ltr'><strong>mediis</strong></span> <span class='ocrx_word' id='word_1_516' title='bbox 2770 1783 2948 1838; x_wconf 90' lang='lat' dir='ltr'><strong>undis</strong></span> <span class='ocrx_word' id='word_1_517' title='bbox 2987 1800 3105 1839; x_wconf 89' lang='lat' dir='ltr'><strong>non</strong></span> <span class='ocrx_word' id='word_1_518' title='bbox 3140 1785 3303 1839; x_wconf 89' lang='lat' dir='ltr'><strong>aliter</strong></span> <span class='ocrx_word' id='word_1_519' title='bbox 3342 1788 3520 1854; x_wconf 90' lang='lat' dir='ltr'><strong>atque</strong></span> <span class='ocrx_word' id='word_1_520' title='bbox 3546 1783 3605 1838; x_wconf 90' lang='lat' dir='ltr'><strong>in</strong></span> 
     </span>
    </p>
   </div>
   <div class='ocr_carea' id='block_1_74' title="bbox 1955 1870 3608 1945">
    <p class='ocr_par' dir='ltr' id='par_1_74' title="bbox 1955 1870 3608 1945">
     <span class='ocr_line' id='line_1_74' title="bbox 1955 1870 3608 1945; baseline 0.001 -21"><span class='ocrx_word' id='word_1_521' title='bbox 1955 1870 2112 1927; x_wconf 90' lang='lat' dir='ltr'><strong>sicco</strong></span> <span class='ocrx_word' id='word_1_522' title='bbox 2143 1876 2486 1943; x_wconf 74' lang='lat' dir='ltr'><strong>pavnmeuto</strong></span> <span class='ocrx_word' id='word_1_523' title='bbox 2513 1871 2837 1928; x_wconf 88' lang='lat' dir='ltr'><strong>subsiliens</strong></span> <span class='ocrx_word' id='word_1_524' title='bbox 2863 1891 2875 1930; x_wconf 95' lang='lat'><strong>:</strong></span> <span class='ocrx_word' id='word_1_525' title='bbox 2904 1871 3106 1928; x_wconf 90' lang='lat' dir='ltr'><strong>bestiis</strong></span> <span class='ocrx_word' id='word_1_526' title='bbox 3135 1888 3378 1945; x_wconf 81' lang='lat' dir='ltr'><strong>quoque</strong></span> <span class='ocrx_word' id='word_1_527' title='bbox 3399 1879 3453 1927; x_wconf 84' lang='lat' dir='ltr'><strong>et</strong></span> <span class='ocrx_word' id='word_1_528' title='bbox 3480 1871 3608 1940; x_wconf 88' lang='lat' dir='ltr'><strong>gla-</strong></span> 
     </span>
    </p>
   </div>
   <div class='ocr_carea' id='block_1_75' title="bbox 1953 1959 3609 2032">
    <p class='ocr_par' dir='ltr' id='par_1_75' title="bbox 1953 1959 3609 2032">
     <span class='ocr_line' id='line_1_75' title="bbox 1953 1959 3609 2032; baseline 0.001 -19"><span class='ocrx_word' id='word_1_529' title='bbox 1953 1959 2067 2014; x_wconf 86' lang='lat' dir='ltr'><strong>diis</strong></span> <span class='ocrx_word' id='word_1_530' title='bbox 2120 1975 2241 2014; x_wconf 91' lang='lat' dir='ltr'><strong>una</strong></span> <span class='ocrx_word' id='word_1_531' title='bbox 2287 1975 2425 2015; x_wconf 91' lang='lat' dir='ltr'><strong>cum</strong></span> <span class='ocrx_word' id='word_1_532' title='bbox 2466 1960 2780 2017; x_wconf 87' lang='lat' dir='ltr'><strong>Hermolao</strong></span> <span class='ocrx_word' id='word_1_533' title='bbox 2818 1961 3126 2032; x_wconf 77' lang='lat' dir='ltr'><strong>eplSCOpO,</strong></span> <span class='ocrx_word' id='word_1_534' title='bbox 3184 1962 3505 2031; x_wconf 83' lang='lat' dir='ltr'><strong>Hermippo</strong></span> <span class='ocrx_word' id='word_1_535' title='bbox 3553 1965 3609 2015; x_wconf 90' lang='lat' dir='ltr'><strong>et</strong></span> 
     </span>
    </p>
   </div>
   <div class='ocr_carea' id='block_1_76' title="bbox 1954 2048 3606 2121">
    <p class='ocr_par' dir='ltr' id='par_1_76' title="bbox 1954 2048 3606 2121">
     <span class='ocr_line' id='line_1_76' title="bbox 1954 2048 3606 2121; baseline 0 -19"><span class='ocrx_word' id='word_1_536' title='bbox 1954 2048 2332 2104; x_wconf 87' lang='lat' dir='ltr'><strong>Hermocrate</strong></span> <span class='ocrx_word' id='word_1_537' title='bbox 2371 2049 2643 2120; x_wconf 88' lang='lat' dir='ltr'><strong>superior</strong></span> <span class='ocrx_word' id='word_1_538' title='bbox 2673 2049 2780 2105; x_wconf 83' lang='lat' dir='ltr'><strong>fuit</strong></span> <span class='ocrx_word' id='word_1_539' title='bbox 2814 2065 2828 2115; x_wconf 91' lang='lat'><strong>;</strong></span> <span class='ocrx_word' id='word_1_540' title='bbox 2861 2055 2916 2105; x_wconf 92' lang='lat' dir='ltr'><strong>et</strong></span> <span class='ocrx_word' id='word_1_541' title='bbox 2953 2050 3034 2105; x_wconf 88' lang='lat' dir='ltr'><strong>ita</strong></span> <span class='ocrx_word' id='word_1_542' title='bbox 3072 2065 3319 2121; x_wconf 91' lang='lat' dir='ltr'><strong>corpore</strong></span> <span class='ocrx_word' id='word_1_543' title='bbox 3354 2049 3606 2112; x_wconf 84' lang='lat' dir='ltr'><strong>solutus,</strong></span> 
     </span>
    </p>
   </div>
   <div class='ocr_carea' id='block_1_77' title="bbox 1953 2137 3605 2209">
    <p class='ocr_par' dir='ltr' id='par_1_77' title="bbox 1953 2137 3605 2209">
     <span class='ocr_line' id='line_1_77' title="bbox 1953 2137 3605 2209; baseline 0.001 -19"><span class='ocrx_word' id='word_1_544' title='bbox 1953 2137 2162 2208; x_wconf 90' lang='lat' dir='ltr'><strong>spiritu</strong></span> <span class='ocrx_word' id='word_1_545' title='bbox 2201 2137 2578 2208; x_wconf 87' lang='lat' dir='ltr'><strong>conjunctus,</strong></span> <span class='ocrx_word' id='word_1_546' title='bbox 2619 2143 2970 2209; x_wconf 87' lang='lat' dir='ltr'><strong>compactus</strong></span> <span class='ocrx_word' id='word_1_547' title='bbox 3001 2145 3180 2209; x_wconf 89' lang='lat' dir='ltr'><strong>atque</strong></span> <span class='ocrx_word' id='word_1_548' title='bbox 3223 2140 3421 2194; x_wconf 89' lang='lat' dir='ltr'><strong>unitus</strong></span> <span class='ocrx_word' id='word_1_549' title='bbox 3468 2144 3554 2192; x_wconf 92' lang='lat' dir='ltr'><strong>est</strong></span> <span class='ocrx_word' id='word_1_550' title='bbox 3591 2157 3605 2206; x_wconf 88' lang='lat'>;</span> 
     </span>
    </p>
   </div>
   <div class='ocr_carea' id='block_1_78' title="bbox 1955 2226 3607 2298">
    <p class='ocr_par' dir='ltr' id='par_1_78' title="bbox 1955 2226 3607 2298">
     <span class='ocr_line' id='line_1_78' title="bbox 1955 2226 3607 2298; baseline 0.001 -19"><span class='ocrx_word' id='word_1_551' title='bbox 1955 2226 2154 2281; x_wconf 86' lang='lat' dir='ltr'><strong>verbis</strong></span> <span class='ocrx_word' id='word_1_552' title='bbox 2205 2227 2426 2292; x_wconf 81' lang='lat' dir='ltr'><strong>autem,</strong></span> <span class='ocrx_word' id='word_1_553' title='bbox 2477 2226 2700 2298; x_wconf 88' lang='lat' dir='ltr'><strong>quibus</strong></span> <span class='ocrx_word' id='word_1_554' title='bbox 2756 2227 2856 2282; x_wconf 92' lang='lat' dir='ltr'><strong>Dei</strong></span> <span class='ocrx_word' id='word_1_555' title='bbox 2907 2227 3193 2298; x_wconf 87' lang='lat' dir='ltr'><strong>mysteria</strong></span> <span class='ocrx_word' id='word_1_556' title='bbox 3239 2233 3294 2282; x_wconf 90' lang='lat' dir='ltr'><strong>et</strong></span> <span class='ocrx_word' id='word_1_557' title='bbox 3333 2228 3607 2282; x_wconf 81' lang='lat' dir='ltr'><strong>virtutem</strong></span> 
     </span>
    </p>
   </div>
   <div class='ocr_carea' id='block_1_79' title="bbox 1952 2313 3610 2388">
    <p class='ocr_par' dir='ltr' id='par_1_79' title="bbox 1952 2313 3610 2388">
     <span class='ocr_line' id='line_1_79' title="bbox 1952 2313 3610 2388; baseline 0.001 -20"><span class='ocrx_word' id='word_1_558' title='bbox 1952 2313 2389 2385; x_wconf 68' lang='lat' dir='ltr'><strong>depraedicans,</strong></span> <span class='ocrx_word' id='word_1_559' title='bbox 2428 2315 2844 2372; x_wconf 89' lang='lat' dir='ltr'><strong>adversarium</strong></span> <span class='ocrx_word' id='word_1_560' title='bbox 2887 2315 3086 2388; x_wconf 90' lang='lat' dir='ltr'><strong>ipsum</strong></span> <span class='ocrx_word' id='word_1_561' title='bbox 3141 2315 3456 2387; x_wconf 89' lang='lat' dir='ltr'><strong>pudefecit.</strong></span> <span class='ocrx_word' id='word_1_562' title='bbox 3494 2318 3610 2372; x_wconf 87' lang='lat' dir='ltr'><strong>Hoc</strong></span> 
     </span>
    </p>
   </div>
   <div class='ocr_carea' id='block_1_80' title="bbox 1952 2403 3607 2476">
    <p class='ocr_par' dir='ltr' id='par_1_80' title="bbox 1952 2403 3607 2476">
     <span class='ocr_line' id='line_1_80' title="bbox 1952 2403 3607 2476; baseline 0 -18"><span class='ocrx_word' id='word_1_563' title='bbox 1952 2403 2084 2476; x_wconf 91' lang='lat' dir='ltr'><strong>ipso</strong></span> <span class='ocrx_word' id='word_1_564' title='bbox 2114 2419 2276 2458; x_wconf 89' lang='lat' dir='ltr'><strong>anno</strong></span> <span class='ocrx_word' id='word_1_565' title='bbox 2307 2410 2364 2458; x_wconf 92' lang='lat' dir='ltr'><strong>et</strong></span> <span class='ocrx_word' id='word_1_566' title='bbox 2386 2403 2674 2470; x_wconf 87' lang='lat' dir='ltr'><strong>Clemens,</strong></span> <span class='ocrx_word' id='word_1_567' title='bbox 2703 2409 3056 2476; x_wconf 82' lang='lat' dir='ltr'><strong>Ancyranus</strong></span> <span class='ocrx_word' id='word_1_568' title='bbox 3096 2405 3440 2476; x_wconf 91' lang='lat' dir='ltr'><strong>episcopus,</strong></span> <span class='ocrx_word' id='word_1_569' title='bbox 3471 2421 3607 2459; x_wconf 90' lang='lat' dir='ltr'><strong>cum</strong></span> 
     </span>
    </p>
   </div>
   <div class='ocr_carea' id='block_1_81' title="bbox 1953 2491 3607 2565">
    <p class='ocr_par' dir='ltr' id='par_1_81' title="bbox 1953 2491 3607 2565">
     <span class='ocr_line' id='line_1_81' title="bbox 1953 2491 3607 2565; baseline 0.001 -20"><span class='ocrx_word' id='word_1_570' title='bbox 1953 2491 2366 2561; x_wconf 86' lang='lat' dir='ltr'><strong>Agathangelo</strong></span> <span class='ocrx_word' id='word_1_571' title='bbox 2419 2491 2982 2548; x_wconf 87' lang='lat' dir='ltr'><strong>excellentissimum</strong></span> <span class='ocrx_word' id='word_1_572' title='bbox 3037 2493 3390 2565; x_wconf 85' lang='lat' dir='ltr'><strong>martyrium</strong></span> <span class='ocrx_word' id='word_1_573' title='bbox 3434 2509 3607 2547; x_wconf 92' lang='lat' dir='ltr'><strong>suum</strong></span> 
     </span>
    </p>
   </div>
   <div class='ocr_carea' id='block_1_82' title="bbox 1953 2581 3610 2653">
    <p class='ocr_par' dir='ltr' id='par_1_82' title="bbox 1953 2581 3610 2653">
     <span class='ocr_line' id='line_1_82' title="bbox 1953 2581 3610 2653; baseline -0.001 -18"><span class='ocrx_word' id='word_1_574' title='bbox 1953 2586 2043 2635; x_wconf 90' lang='lat' dir='ltr'><strong>est</strong></span> <span class='ocrx_word' id='word_1_575' title='bbox 2071 2595 2339 2635; x_wconf 73' lang='lat' dir='ltr'><strong>exorsus.</strong></span> <span class='ocrx_word' id='word_1_576' title='bbox 2362 2581 2581 2650; x_wconf 85' lang='lat' dir='ltr'><strong>Viginti</strong></span> <span class='ocrx_word' id='word_1_577' title='bbox 2605 2586 2739 2637; x_wconf 90' lang='lat' dir='ltr'><strong>octo</strong></span> <span class='ocrx_word' id='word_1_578' title='bbox 2767 2597 3029 2653; x_wconf 88' lang='lat' dir='ltr'><strong>namque</strong></span> <span class='ocrx_word' id='word_1_579' title='bbox 3048 2583 3219 2637; x_wconf 89' lang='lat' dir='ltr'><strong>annis</strong></span> <span class='ocrx_word' id='word_1_580' title='bbox 3247 2598 3355 2652; x_wconf 89' lang='lat' dir='ltr'><strong>pro</strong></span> <span class='ocrx_word' id='word_1_581' title='bbox 3378 2581 3610 2638; x_wconf 82' lang='lat' dir='ltr'><strong>Christo</strong></span> 
     </span>
    </p>
   </div>
   <div class='ocr_carea' id='block_1_83' title="bbox 1954 2667 3613 2742">
    <p class='ocr_par' dir='ltr' id='par_1_83' title="bbox 1954 2667 3613 2742">
     <span class='ocr_line' id='line_1_83' title="bbox 1954 2667 3613 2742; baseline 0.002 -21"><span class='ocrx_word' id='word_1_582' title='bbox 1954 2667 2510 2738; x_wconf 90' lang='lat' dir='ltr'><strong>splendidissimum</strong></span> <span class='ocrx_word' id='word_1_583' title='bbox 2549 2669 2810 2726; x_wconf 87' lang='lat' dir='ltr'><strong>absolvit</strong></span> <span class='ocrx_word' id='word_1_584' title='bbox 2836 2686 3104 2726; x_wconf 85' lang='lat' dir='ltr'><strong>cursum.</strong></span> <span class='ocrx_word' id='word_1_585' title='bbox 3143 2670 3444 2742; x_wconf 85' lang='lat' dir='ltr'><strong>Siquidem</strong></span> <span class='ocrx_word' id='word_1_586' title='bbox 3478 2678 3613 2741; x_wconf 78' lang='lat' dir='ltr'><strong>post</strong></span> 
     </span>
    </p>
   </div>
   <div class='ocr_carea' id='block_1_84' title="bbox 1955 2758 3608 2832">
    <p class='ocr_par' dir='ltr' id='par_1_84' title="bbox 1955 2758 3608 2832">
     <span class='ocr_line' id='line_1_84' title="bbox 1955 2758 3608 2832; baseline 0.001 -20"><span class='ocrx_word' id='word_1_587' title='bbox 1955 2758 2251 2813; x_wconf 90' lang='lat' dir='ltr'><strong>mundum</strong></span> <span class='ocrx_word' id='word_1_588' title='bbox 2283 2758 2594 2814; x_wconf 89' lang='lat' dir='ltr'><strong>conditum</strong></span> <span class='ocrx_word' id='word_1_589' title='bbox 2625 2759 2971 2832; x_wconf 89' lang='lat' dir='ltr'><strong>quicunque</strong></span> <span class='ocrx_word' id='word_1_590' title='bbox 3025 2775 3132 2830; x_wconf 89' lang='lat' dir='ltr'><strong>pro</strong></span> <span class='ocrx_word' id='word_1_591' title='bbox 3173 2759 3398 2814; x_wconf 78' lang='lat' dir='ltr'><strong>Christo</strong></span> <span class='ocrx_word' id='word_1_592' title='bbox 3426 2765 3608 2814; x_wconf 81' lang='lat' dir='ltr'><strong>certa-</strong></span> 
     </span>
    </p>
   </div>
   <div class='ocr_carea' id='block_1_85' title="bbox 1953 2846 3612 2920">
    <p class='ocr_par' dir='ltr' id='par_1_85' title="bbox 1953 2846 3612 2920">
     <span class='ocr_line' id='line_1_85' title="bbox 1953 2846 3612 2920; baseline 0.001 -19"><span class='ocrx_word' id='word_1_593' title='bbox 1953 2862 2091 2902; x_wconf 90' lang='lat' dir='ltr'><strong>men</strong></span> <span class='ocrx_word' id='word_1_594' title='bbox 2124 2847 2281 2916; x_wconf 90' lang='lat' dir='ltr'><strong>igne,</strong></span> <span class='ocrx_word' id='word_1_595' title='bbox 2310 2846 2486 2913; x_wconf 83' lang='lat' dir='ltr'><strong>ferro,</strong></span> <span class='ocrx_word' id='word_1_596' title='bbox 2521 2847 2845 2919; x_wconf 89' lang='lat' dir='ltr'><strong>lapidibus,</strong></span> <span class='ocrx_word' id='word_1_597' title='bbox 2877 2848 3055 2918; x_wconf 84' lang='lat' dir='ltr'><strong>lignis</strong></span> <span class='ocrx_word' id='word_1_598' title='bbox 3097 2848 3393 2914; x_wconf 87' lang='lat' dir='ltr'><strong>obierunt,</strong></span> <span class='ocrx_word' id='word_1_599' title='bbox 3435 2849 3612 2920; x_wconf 87' lang='lat' dir='ltr'><strong>quive</strong></span> 
     </span>
    </p>
   </div>
   <div class='ocr_carea' id='block_1_86' title="bbox 1954 2937 3608 3010">
    <p class='ocr_par' dir='ltr' id='par_1_86' title="bbox 1954 2937 3608 3010">
     <span class='ocr_line' id='line_1_86' title="bbox 1954 2937 3608 3010; baseline 0.001 -20"><span class='ocrx_word' id='word_1_600' title='bbox 1954 2951 2092 2991; x_wconf 93' lang='lat' dir='ltr'><strong>cum</strong></span> <span class='ocrx_word' id='word_1_601' title='bbox 2152 2937 2356 2992; x_wconf 89' lang='lat' dir='ltr'><strong>bestiis</strong></span> <span class='ocrx_word' id='word_1_602' title='bbox 2414 2937 2861 3010; x_wconf 84' lang='lat' dir='ltr'><strong>depugnarunt,</strong></span> <span class='ocrx_word' id='word_1_603' title='bbox 2920 2943 2976 2993; x_wconf 90' lang='lat' dir='ltr'><strong>et</strong></span> <span class='ocrx_word' id='word_1_604' title='bbox 3017 2937 3314 2994; x_wconf 89' lang='lat' dir='ltr'><strong>diuturnis</strong></span> <span class='ocrx_word' id='word_1_605' title='bbox 3359 2938 3608 2994; x_wconf 88' lang='lat' dir='ltr'><strong>vinculis</strong></span> 
     </span>
    </p>
   </div>
   <div class='ocr_carea' id='block_1_87' title="bbox 1954 3023 3606 3099">
    <p class='ocr_par' dir='ltr' id='par_1_87' title="bbox 1954 3023 3606 3099">
     <span class='ocr_line' id='line_1_87' title="bbox 1954 3023 3606 3099; baseline 0.002 -19"><span class='ocrx_word' id='word_1_606' title='bbox 1954 3023 2156 3081; x_wconf 80' lang='lat' dir='ltr'><strong>afﬂicti</strong></span> <span class='ocrx_word' id='word_1_607' title='bbox 2188 3031 2325 3080; x_wconf 90' lang='lat' dir='ltr'><strong>sunt</strong></span> <span class='ocrx_word' id='word_1_608' title='bbox 2349 3043 2362 3092; x_wconf 89' lang='lat'>;</span> <span class='ocrx_word' id='word_1_609' title='bbox 2383 3031 2671 3098; x_wconf 71' lang='lat' dir='ltr'><strong>praeterea</strong></span> <span class='ocrx_word' id='word_1_610' title='bbox 2696 3027 2796 3099; x_wconf 90' lang='lat' dir='ltr'><strong>qui</strong></span> <span class='ocrx_word' id='word_1_611' title='bbox 2827 3027 3077 3082; x_wconf 86' lang='lat' dir='ltr'><strong>diversis</strong></span> <span class='ocrx_word' id='word_1_612' title='bbox 3105 3027 3302 3083; x_wconf 89' lang='lat' dir='ltr'><strong>modis</strong></span> <span class='ocrx_word' id='word_1_613' title='bbox 3335 3027 3391 3082; x_wconf 91' lang='lat' dir='ltr'><strong>in</strong></span> <span class='ocrx_word' id='word_1_614' title='bbox 3431 3032 3606 3092; x_wconf 90' lang='lat' dir='ltr'><strong>terra,</strong></span> 
     </span>
    </p>
   </div>
   <div class='ocr_carea' id='block_1_88' title="bbox 1952 3113 3610 3188">
    <p class='ocr_par' dir='ltr' id='par_1_88' title="bbox 1952 3113 3610 3188">
     <span class='ocr_line' id='line_1_88' title="bbox 1952 3113 3610 3188; baseline 0.001 -19"><span class='ocrx_word' id='word_1_615' title='bbox 1952 3113 2014 3169; x_wconf 88' lang='lat' dir='ltr'><strong>in</strong></span> <span class='ocrx_word' id='word_1_616' title='bbox 2040 3130 2194 3181; x_wconf 88' lang='lat' dir='ltr'><strong>aere,</strong></span> <span class='ocrx_word' id='word_1_617' title='bbox 2229 3115 2290 3170; x_wconf 89' lang='lat' dir='ltr'><strong>in</strong></span> <span class='ocrx_word' id='word_1_618' title='bbox 2321 3116 2519 3187; x_wconf 90' lang='lat' dir='ltr'><strong>aquis,</strong></span> <span class='ocrx_word' id='word_1_619' title='bbox 2581 3132 2722 3172; x_wconf 90' lang='lat' dir='ltr'><strong>cum</strong></span> <span class='ocrx_word' id='word_1_620' title='bbox 2766 3116 3077 3188; x_wconf 90' lang='lat' dir='ltr'><strong>suppliciis</strong></span> <span class='ocrx_word' id='word_1_621' title='bbox 3109 3121 3250 3172; x_wconf 91' lang='lat' dir='ltr'><strong>sunt</strong></span> <span class='ocrx_word' id='word_1_622' title='bbox 3287 3115 3562 3172; x_wconf 90' lang='lat' dir='ltr'><strong>collucati</strong></span> <span class='ocrx_word' id='word_1_623' title='bbox 3595 3132 3610 3180; x_wconf 91' lang='lat'><strong>;</strong></span> 
     </span>
    </p>
   </div>
   <div class='ocr_carea' id='block_1_89' title="bbox 1955 3205 3612 3277">
    <p class='ocr_par' dir='ltr' id='par_1_89' title="bbox 1955 3205 3612 3277">
     <span class='ocr_line' id='line_1_89' title="bbox 1955 3205 3612 3277; baseline 0.001 -19"><span class='ocrx_word' id='word_1_624' title='bbox 1955 3208 2081 3258; x_wconf 90' lang='lat' dir='ltr'><strong>tum</strong></span> <span class='ocrx_word' id='word_1_625' title='bbox 2121 3207 2322 3260; x_wconf 89' lang='lat' dir='ltr'><strong>autem</strong></span> <span class='ocrx_word' id='word_1_626' title='bbox 2353 3205 2457 3277; x_wconf 89' lang='lat' dir='ltr'><strong>qui</strong></span> <span class='ocrx_word' id='word_1_627' title='bbox 2486 3205 2575 3260; x_wconf 90' lang='lat' dir='ltr'><strong>vel</strong></span> <span class='ocrx_word' id='word_1_628' title='bbox 2610 3205 2830 3275; x_wconf 83' lang='lat' dir='ltr'><strong>frigore</strong></span> <span class='ocrx_word' id='word_1_629' title='bbox 2871 3205 2963 3261; x_wconf 90' lang='lat' dir='ltr'><strong>vel</strong></span> <span class='ocrx_word' id='word_1_630' title='bbox 2993 3205 3188 3262; x_wconf 88' lang='lat' dir='ltr'><strong>calore</strong></span> <span class='ocrx_word' id='word_1_631' title='bbox 3238 3205 3422 3260; x_wconf 89' lang='lat' dir='ltr'><strong>nimio</strong></span> <span class='ocrx_word' id='word_1_632' title='bbox 3469 3210 3612 3260; x_wconf 89' lang='lat' dir='ltr'><strong>sunt</strong></span> 
     </span>
    </p>
   </div>
   <div class='ocr_carea' id='block_1_90' title="bbox 1954 3293 3609 3367">
    <p class='ocr_par' dir='ltr' id='par_1_90' title="bbox 1954 3293 3609 3367">
     <span class='ocr_line' id='line_1_90' title="bbox 1954 3293 3609 3367; baseline 0.001 -21"><span class='ocrx_word' id='word_1_633' title='bbox 1954 3293 2323 3364; x_wconf 87' lang='lat' dir='ltr'><strong>consumpti,</strong></span> <span class='ocrx_word' id='word_1_634' title='bbox 2355 3298 2460 3350; x_wconf 91' lang='lat' dir='ltr'><strong>aut</strong></span> <span class='ocrx_word' id='word_1_635' title='bbox 2500 3293 2604 3366; x_wconf 91' lang='lat' dir='ltr'><strong>qui</strong></span> <span class='ocrx_word' id='word_1_636' title='bbox 2644 3293 2775 3350; x_wconf 91' lang='lat' dir='ltr'><strong>aliis</strong></span> <span class='ocrx_word' id='word_1_637' title='bbox 2819 3294 3282 3367; x_wconf 88' lang='lat' dir='ltr'><strong>quibuscunque</strong></span> <span class='ocrx_word' id='word_1_638' title='bbox 3322 3295 3517 3365; x_wconf 65' lang='lat' dir='ltr'><strong>panis</strong></span> <span class='ocrx_word' id='word_1_639' title='bbox 3554 3299 3609 3350; x_wconf 91' lang='lat' dir='ltr'><strong>et</strong></span> 
     </span>
    </p>
   </div>
   <div class='ocr_carea' id='block_1_91' title="bbox 1954 3383 3612 3454">
    <p class='ocr_par' dir='ltr' id='par_1_91' title="bbox 1954 3383 3612 3454">
     <span class='ocr_line' id='line_1_91' title="bbox 1954 3383 3612 3454; baseline -0.001 -18"><span class='ocrx_word' id='word_1_640' title='bbox 1954 3383 2265 3437; x_wconf 59' lang='lat' dir='ltr'><strong>tumentis</strong></span> <span class='ocrx_word' id='word_1_641' title='bbox 2304 3383 2490 3440; x_wconf 88' lang='lat' dir='ltr'><strong>vitam</strong></span> <span class='ocrx_word' id='word_1_642' title='bbox 2523 3384 2874 3450; x_wconf 89' lang='lat' dir='ltr'><strong>amiserunt,</strong></span> <span class='ocrx_word' id='word_1_643' title='bbox 2914 3399 3016 3438; x_wconf 84' lang='lat' dir='ltr'><strong>eos</strong></span> <span class='ocrx_word' id='word_1_644' title='bbox 3063 3399 3274 3440; x_wconf 81' lang='lat' dir='ltr'><strong>omnes</strong></span> <span class='ocrx_word' id='word_1_645' title='bbox 3317 3399 3448 3438; x_wconf 89' lang='lat' dir='ltr'><strong>meo</strong></span> <span class='ocrx_word' id='word_1_646' title='bbox 3481 3383 3612 3454; x_wconf 87' lang='lat' dir='ltr'><strong>qui-</strong></span> 
     </span>
    </p>
   </div>
   <div class='ocr_carea' id='block_1_92' title="bbox 1953 3471 3610 3541">
    <p class='ocr_par' dir='ltr' id='par_1_92' title="bbox 1953 3471 3610 3541">
     <span class='ocr_line' id='line_1_92' title="bbox 1953 3471 3610 3541; baseline 0.001 -16"><span class='ocrx_word' id='word_1_647' title='bbox 1953 3471 2092 3526; x_wconf 87' lang='lat' dir='ltr'><strong>dem</strong></span> <span class='ocrx_word' id='word_1_648' title='bbox 2140 3471 2369 3541; x_wconf 91' lang='lat' dir='ltr'><strong>judicio</strong></span> <span class='ocrx_word' id='word_1_649' title='bbox 2419 3476 2666 3528; x_wconf 86' lang='lat' dir='ltr'><strong>sanctus</strong></span> <span class='ocrx_word' id='word_1_650' title='bbox 2733 3471 2828 3528; x_wconf 92' lang='lat' dir='ltr'><strong>ille</strong></span> <span class='ocrx_word' id='word_1_651' title='bbox 2856 3472 3145 3536; x_wconf 87' lang='lat' dir='ltr'><strong>Clemens,</strong></span> <span class='ocrx_word' id='word_1_652' title='bbox 3189 3481 3243 3527; x_wconf 88' lang='lat' dir='ltr'><strong>et</strong></span> <span class='ocrx_word' id='word_1_653' title='bbox 3288 3489 3425 3526; x_wconf 91' lang='lat' dir='ltr'><strong>cum</strong></span> <span class='ocrx_word' id='word_1_654' title='bbox 3481 3471 3610 3541; x_wconf 88' lang='lat' dir='ltr'><strong>ipso</strong></span> 
     </span>
    </p>
   </div>
   <div class='ocr_carea' id='block_1_93' title="bbox 1953 3559 3610 3631">
    <p class='ocr_par' dir='ltr' id='par_1_93' title="bbox 1953 3559 3610 3631">
     <span class='ocr_line' id='line_1_93' title="bbox 1953 3559 3610 3631; baseline 0.001 -18"><span class='ocrx_word' id='word_1_655' title='bbox 1953 3559 2398 3628; x_wconf 76' lang='lat' dir='ltr'><strong>Agathangelus</strong></span> <span class='ocrx_word' id='word_1_656' title='bbox 2451 3560 2630 3630; x_wconf 89' lang='lat' dir='ltr'><strong>longe</strong></span> <span class='ocrx_word' id='word_1_657' title='bbox 2677 3561 3024 3630; x_wconf 88' lang='lat' dir='ltr'><strong>superavit:</strong></span> <span class='ocrx_word' id='word_1_658' title='bbox 3072 3561 3334 3631; x_wconf 88' lang='lat' dir='ltr'><strong>primum</strong></span> <span class='ocrx_word' id='word_1_659' title='bbox 3365 3559 3610 3630; x_wconf 84' lang='lat' dir='ltr'><strong>quidem</strong></span> 
     </span>
    </p>
   </div>
   <div class='ocr_carea' id='block_1_94' title="bbox 1955 3647 3614 3715">
    <p class='ocr_par' dir='ltr' id='par_1_94' title="bbox 1955 3647 3614 3715">
     <span class='ocr_line' id='line_1_94' title="bbox 1955 3647 3614 3715; baseline 0 -13"><span class='ocrx_word' id='word_1_660' title='bbox 1955 3650 2177 3713; x_wconf 67' lang='lat' dir='ltr'><strong>Romae,</strong></span> <span class='ocrx_word' id='word_1_661' title='bbox 2208 3649 2425 3704; x_wconf 89' lang='lat' dir='ltr'><strong>deinde</strong></span> <span class='ocrx_word' id='word_1_662' title='bbox 2451 3649 2831 3715; x_wconf 70' lang='lat' dir='ltr'><strong>Nicomediae,</strong></span> <span class='ocrx_word' id='word_1_663' title='bbox 2877 3665 3015 3704; x_wconf 91' lang='lat' dir='ltr'><strong>cum</strong></span> <span class='ocrx_word' id='word_1_664' title='bbox 3047 3649 3272 3703; x_wconf 87' lang='lat' dir='ltr'><strong>feritate</strong></span> <span class='ocrx_word' id='word_1_665' title='bbox 3319 3653 3374 3701; x_wconf 91' lang='lat' dir='ltr'><strong>et</strong></span> <span class='ocrx_word' id='word_1_666' title='bbox 3402 3647 3614 3702; x_wconf 89' lang='lat' dir='ltr'><strong>crude-</strong></span> 
     </span>
    </p>
   </div>
   <div class='ocr_carea' id='block_1_95' title="bbox 1955 3735 3607 3809">
    <p class='ocr_par' dir='ltr' id='par_1_95' title="bbox 1955 3735 3607 3809">
     <span class='ocr_line' id='line_1_95' title="bbox 1955 3735 3607 3809; baseline 0.001 -19"><span class='ocrx_word' id='word_1_667' title='bbox 1955 3735 2116 3791; x_wconf 84' lang='lat' dir='ltr'><strong>litate</strong></span> <span class='ocrx_word' id='word_1_668' title='bbox 2163 3735 2297 3791; x_wconf 89' lang='lat' dir='ltr'><strong>aliis</strong></span> <span class='ocrx_word' id='word_1_669' title='bbox 2349 3742 2700 3809; x_wconf 60' lang='lat' dir='ltr'><strong>praestantes</strong></span> <span class='ocrx_word' id='word_1_670' title='bbox 2719 3741 2990 3801; x_wconf 85' lang='lat' dir='ltr'><strong>tortores,</strong></span> <span class='ocrx_word' id='word_1_671' title='bbox 3043 3738 3130 3792; x_wconf 92' lang='lat' dir='ltr'><strong>eis</strong></span> <span class='ocrx_word' id='word_1_672' title='bbox 3170 3736 3607 3802; x_wconf 81' lang='lat' dir='ltr'><strong>excruciandis,</strong></span> 
     </span>
    </p>
   </div>
   <div class='ocr_carea' id='block_1_96' title="bbox 1955 3824 3607 3895">
    <p class='ocr_par' dir='ltr' id='par_1_96' title="bbox 1955 3824 3607 3895">
     <span class='ocr_line' id='line_1_96' title="bbox 1955 3824 3607 3895; baseline 0.001 -17"><span class='ocrx_word' id='word_1_673' title='bbox 1955 3827 2114 3880; x_wconf 83' lang='lat' dir='ltr'><strong>vices</strong></span> <span class='ocrx_word' id='word_1_674' title='bbox 2155 3841 2260 3895; x_wconf 91' lang='lat' dir='ltr'><strong>per</strong></span> <span class='ocrx_word' id='word_1_675' title='bbox 2303 3824 2750 3882; x_wconf 87' lang='lat' dir='ltr'><strong>successionem</strong></span> <span class='ocrx_word' id='word_1_676' title='bbox 2795 3830 3119 3891; x_wconf 88' lang='lat' dir='ltr'><strong>mutantes,</strong></span> <span class='ocrx_word' id='word_1_677' title='bbox 3163 3826 3241 3881; x_wconf 90' lang='lat' dir='ltr'><strong>ab</strong></span> <span class='ocrx_word' id='word_1_678' title='bbox 3269 3825 3433 3880; x_wconf 87' lang='lat' dir='ltr'><strong>omni</strong></span> <span class='ocrx_word' id='word_1_679' title='bbox 3481 3826 3607 3893; x_wconf 88' lang='lat' dir='ltr'><strong>jam</strong></span> 
     </span>
    </p>
   </div>
   <div class='ocr_carea' id='block_1_97' title="bbox 1957 3913 3606 3984">
    <p class='ocr_par' dir='ltr' id='par_1_97' title="bbox 1957 3913 3606 3984">
     <span class='ocr_line' id='line_1_97' title="bbox 1957 3913 3606 3984; baseline 0.001 -17"><span class='ocrx_word' id='word_1_680' title='bbox 1957 3917 2389 3970; x_wconf 90' lang='lat' dir='ltr'><strong>tormentorum</strong></span> <span class='ocrx_word' id='word_1_681' title='bbox 2401 3913 2875 3982; x_wconf 79' lang='lat' dir='ltr'><strong>excogitatarum</strong></span> <span class='ocrx_word' id='word_1_682' title='bbox 2897 3913 3093 3984; x_wconf 87' lang='lat' dir='ltr'><strong>specie</strong></span> <span class='ocrx_word' id='word_1_683' title='bbox 3116 3913 3606 3978; x_wconf 90' lang='lat' dir='ltr'><strong>destituereutur;</strong></span> 
     </span>
    </p>
   </div>
   <div class='ocr_carea' id='block_1_98' title="bbox 1955 4000 3610 4072">
    <p class='ocr_par' dir='ltr' id='par_1_98' title="bbox 1955 4000 3610 4072">
     <span class='ocr_line' id='line_1_98' title="bbox 1955 4000 3610 4072; baseline 0 -16"><span class='ocrx_word' id='word_1_684' title='bbox 1955 4000 2033 4056; x_wconf 89' lang='lat' dir='ltr'><strong>ad</strong></span> <span class='ocrx_word' id='word_1_685' title='bbox 2067 4008 2438 4072; x_wconf 89' lang='lat' dir='ltr'><strong>postremum</strong></span> <span class='ocrx_word' id='word_1_686' title='bbox 2462 4005 2664 4057; x_wconf 89' lang='lat' dir='ltr'><strong>autem</strong></span> <span class='ocrx_word' id='word_1_687' title='bbox 2699 4001 2898 4072; x_wconf 92' lang='lat' dir='ltr'><strong>gladio</strong></span> <span class='ocrx_word' id='word_1_688' title='bbox 2929 4002 3213 4071; x_wconf 90' lang='lat' dir='ltr'><strong>percussi,</strong></span> <span class='ocrx_word' id='word_1_689' title='bbox 3240 4002 3421 4056; x_wconf 90' lang='lat' dir='ltr'><strong>vitam</strong></span> <span class='ocrx_word' id='word_1_690' title='bbox 3454 4000 3610 4057; x_wconf 87' lang='lat' dir='ltr'><strong>hanc</strong></span> 
     </span>
    </p>
   </div>
   <div class='ocr_carea' id='block_1_99' title="bbox 1953 4089 3611 4156">
    <p class='ocr_par' dir='ltr' id='par_1_99' title="bbox 1953 4089 3611 4156">
     <span class='ocr_line' id='line_1_99' title="bbox 1953 4089 3611 4156; baseline 0.001 -13"><span class='ocrx_word' id='word_1_691' title='bbox 1953 4089 2273 4145; x_wconf 87' lang='lat' dir='ltr'><strong>immortali</strong></span> <span class='ocrx_word' id='word_1_692' title='bbox 2288 4090 2388 4146; x_wconf 87' lang='lat' dir='ltr'><strong>illa</strong></span> <span class='ocrx_word' id='word_1_693' title='bbox 2400 4095 2872 4148; x_wconf 89' lang='lat' dir='ltr'><strong>commutarunt.</strong></span> <span class='ocrx_word' id='word_1_694' title='bbox 2897 4090 3203 4156; x_wconf 89' lang='lat' dir='ltr'><strong>Quomodo</strong></span> <span class='ocrx_word' id='word_1_695' title='bbox 3222 4106 3360 4145; x_wconf 87' lang='lat' dir='ltr'><strong>vero</strong></span> <span class='ocrx_word' id='word_1_696' title='bbox 3376 4093 3611 4144; x_wconf 81' lang='lat' dir='ltr'><strong>Eustra-</strong></span> 
     </span>
    </p>
   </div>
   <div class='ocr_carea' id='block_1_100' title="bbox 1954 4178 3608 4252">
    <p class='ocr_par' dir='ltr' id='par_1_100' title="bbox 1954 4178 3608 4252">
     <span class='ocr_line' id='line_1_100' title="bbox 1954 4178 3608 4252; baseline 0.001 -20"><span class='ocrx_word' id='word_1_697' title='bbox 1954 4179 2100 4233; x_wconf 86' lang='lat' dir='ltr'><strong>tium</strong></span> <span class='ocrx_word' id='word_1_698' title='bbox 2136 4180 2502 4250; x_wconf 90' lang='lat' dir='ltr'><strong>comitesque</strong></span> <span class='ocrx_word' id='word_1_699' title='bbox 2535 4179 2667 4250; x_wconf 90' lang='lat' dir='ltr'><strong>ejus</strong></span> <span class='ocrx_word' id='word_1_700' title='bbox 2697 4183 3045 4250; x_wconf 68' lang='lat' dir='ltr'><strong>praeteream</strong></span> <span class='ocrx_word' id='word_1_701' title='bbox 3102 4178 3130 4233; x_wconf 84' lang='lat'><strong>?</strong></span> <span class='ocrx_word' id='word_1_702' title='bbox 3165 4179 3345 4252; x_wconf 69' lang='grc'><strong>458</strong></span> <span class='ocrx_word' id='word_1_703' title='bbox 3396 4179 3498 4249; x_wconf 94' lang='lat' dir='ltr'><strong>qui</strong></span> <span class='ocrx_word' id='word_1_704' title='bbox 3537 4194 3608 4234; x_wconf 79' lang='lat' dir='ltr'><strong>ex</strong></span> 
     </span>
    </p>
   </div>
   <div class='ocr_carea' id='block_1_101' title="bbox 1951 4268 3608 4341">
    <p class='ocr_par' dir='ltr' id='par_1_101' title="bbox 1951 4268 3608 4341">
     <span class='ocr_line' id='line_1_101' title="bbox 1951 4268 3608 4341; baseline 0 -18"><span class='ocrx_word' id='word_1_705' title='bbox 1951 4269 2268 4324; x_wconf 82' lang='lat' dir='ltr'><strong>Arabracis</strong></span> <span class='ocrx_word' id='word_1_706' title='bbox 2295 4268 3111 4341; x_wconf 82' lang='lat' dir='ltr'><strong>regioneArmeniistiuitima</strong></span> <span class='ocrx_word' id='word_1_707' title='bbox 3144 4277 3330 4333; x_wconf 79' lang='lat' dir='ltr'><strong>ortus,</strong></span> <span class='ocrx_word' id='word_1_708' title='bbox 3364 4269 3419 4323; x_wconf 92' lang='lat' dir='ltr'><strong>in</strong></span> <span class='ocrx_word' id='word_1_709' title='bbox 3460 4269 3608 4324; x_wconf 70' lang='lat' dir='ltr'><strong>Grae-</strong></span> 
     </span>
    </p>
   </div>
   <div class='ocr_carea' id='block_1_102' title="bbox 1952 4357 3612 4429">
    <p class='ocr_par' dir='ltr' id='par_1_102' title="bbox 1952 4357 3612 4429">
     <span class='ocr_line' id='line_1_102' title="bbox 1952 4357 3612 4429; baseline -0.001 -17"><span class='ocrx_word' id='word_1_710' title='bbox 1952 4372 2158 4412; x_wconf 89' lang='lat' dir='ltr'><strong>carum</strong></span> <span class='ocrx_word' id='word_1_711' title='bbox 2188 4357 2435 4429; x_wconf 92' lang='lat' dir='ltr'><strong>quidem</strong></span> <span class='ocrx_word' id='word_1_712' title='bbox 2459 4357 2918 4427; x_wconf 85' lang='lat' dir='ltr'><strong>disciplinarum</strong></span> <span class='ocrx_word' id='word_1_713' title='bbox 2956 4357 3202 4414; x_wconf 83' lang='lat' dir='ltr'><strong>scientia</strong></span> <span class='ocrx_word' id='word_1_714' title='bbox 3230 4357 3449 4414; x_wconf 90' lang='lat' dir='ltr'><strong>nemini</strong></span> <span class='ocrx_word' id='word_1_715' title='bbox 3483 4360 3612 4413; x_wconf 88' lang='lat' dir='ltr'><strong>erat</strong></span> 
     </span>
    </p>
   </div>
   <div class='ocr_carea' id='block_1_103' title="bbox 1955 4446 3608 4518">
    <p class='ocr_par' dir='ltr' id='par_1_103' title="bbox 1955 4446 3608 4518">
     <span class='ocr_line' id='line_1_103' title="bbox 1955 4446 3608 4518; baseline 0 -18"><span class='ocrx_word' id='word_1_716' title='bbox 1955 4446 2278 4511; x_wconf 89' lang='lat' dir='ltr'><strong>secundus,</strong></span> <span class='ocrx_word' id='word_1_717' title='bbox 2329 4447 2761 4518; x_wconf 83' lang='lat' dir='ltr'><strong>professionem</strong></span> <span class='ocrx_word' id='word_1_718' title='bbox 2815 4451 3014 4503; x_wconf 86' lang='lat' dir='ltr'><strong>autem</strong></span> <span class='ocrx_word' id='word_1_719' title='bbox 3073 4453 3336 4502; x_wconf 89' lang='lat' dir='ltr'><strong>nostram</strong></span> <span class='ocrx_word' id='word_1_720' title='bbox 3383 4446 3608 4501; x_wconf 91' lang='lat' dir='ltr'><strong>occulte</strong></span> 
     </span>
    </p>
   </div>
   <div class='ocr_carea' id='block_1_104' title="bbox 1952 4533 3604 4607">
    <p class='ocr_par' dir='ltr' id='par_1_104' title="bbox 1952 4533 3604 4607">
     <span class='ocr_line' id='line_1_104' title="bbox 1952 4533 3604 4607; baseline 0 -18"><span class='ocrx_word' id='word_1_721' title='bbox 1952 4533 2213 4603; x_wconf 89' lang='lat' dir='ltr'><strong>discens,</strong></span> <span class='ocrx_word' id='word_1_722' title='bbox 2246 4535 2560 4607; x_wconf 91' lang='lat' dir='ltr'><strong>propalam</strong></span> <span class='ocrx_word' id='word_1_723' title='bbox 2593 4535 2780 4607; x_wconf 64' lang='lat' dir='ltr'><strong>Lysiae</strong></span> <span class='ocrx_word' id='word_1_724' title='bbox 2827 4535 3079 4593; x_wconf 88' lang='lat' dir='ltr'><strong>Orientis</strong></span> <span class='ocrx_word' id='word_1_725' title='bbox 3113 4535 3393 4606; x_wconf 69' lang='lat' dir='ltr'><strong>praefecto</strong></span> <span class='ocrx_word' id='word_1_726' title='bbox 3424 4535 3604 4589; x_wconf 86' lang='lat' dir='ltr'><strong>inser-</strong></span> 
     </span>
    </p>
   </div>
   <div class='ocr_carea' id='block_1_105' title="bbox 1951 4623 3607 4696">
    <p class='ocr_par' dir='ltr' id='par_1_105' title="bbox 1951 4623 3607 4696">
     <span class='ocr_line' id='line_1_105' title="bbox 1951 4623 3607 4696; baseline 0.001 -20"><span class='ocrx_word' id='word_1_727' title='bbox 1951 4624 2120 4688; x_wconf 86' lang='lat' dir='ltr'><strong>vivit,</strong></span> <span class='ocrx_word' id='word_1_728' title='bbox 2150 4623 2253 4695; x_wconf 86' lang='lat' dir='ltr'><strong>qui</strong></span> <span class='ocrx_word' id='word_1_729' title='bbox 2285 4624 2368 4680; x_wconf 89' lang='lat' dir='ltr'><strong>ibi</strong></span> <span class='ocrx_word' id='word_1_730' title='bbox 2395 4623 2722 4694; x_wconf 88' lang='lat' dir='ltr'><strong>impiorum</strong></span> <span class='ocrx_word' id='word_1_731' title='bbox 2753 4623 3184 4696; x_wconf 89' lang='lat' dir='ltr'><strong>imperatorum</strong></span> <span class='ocrx_word' id='word_1_732' title='bbox 3204 4625 3379 4693; x_wconf 90' lang='lat' dir='ltr'><strong>jussu</strong></span> <span class='ocrx_word' id='word_1_733' title='bbox 3413 4623 3607 4678; x_wconf 79' lang='lat' dir='ltr'><strong>caedes</strong></span> 
     </span>
    </p>
   </div>
   <div class='ocr_carea' id='block_1_106' title="bbox 1953 4712 3608 4786">
    <p class='ocr_par' dir='ltr' id='par_1_106' title="bbox 1953 4712 3608 4786">
     <span class='ocr_line' id='line_1_106' title="bbox 1953 4712 3608 4786; baseline -0.001 -18"><span class='ocrx_word' id='word_1_734' title='bbox 1953 4712 2192 4784; x_wconf 90' lang='lat' dir='ltr'><strong>piorum</strong></span> <span class='ocrx_word' id='word_1_735' title='bbox 2218 4713 2532 4769; x_wconf 90' lang='lat' dir='ltr'><strong>hominum</strong></span> <span class='ocrx_word' id='word_1_736' title='bbox 2564 4713 2863 4786; x_wconf 90' lang='lat' dir='ltr'><strong>patrabat.</strong></span> <span class='ocrx_word' id='word_1_737' title='bbox 2921 4713 3234 4768; x_wconf 85' lang='lat' dir='ltr'><strong>Enimvero</strong></span> <span class='ocrx_word' id='word_1_738' title='bbox 3278 4712 3608 4767; x_wconf 89' lang='lat' dir='ltr'><strong>Eustratius</strong></span> 
     </span>
    </p>
   </div>
   <div class='ocr_carea' id='block_1_107' title="bbox 1953 4801 3606 4867">
    <p class='ocr_par' dir='ltr' id='par_1_107' title="bbox 1953 4801 3606 4867">
     <span class='ocr_line' id='line_1_107' title="bbox 1953 4801 3606 4867; baseline -0.001 -11"><span class='ocrx_word' id='word_1_739' title='bbox 1953 4801 2322 4867; x_wconf 86' lang='lat' dir='ltr'><strong>scriniarius,</strong></span> <span class='ocrx_word' id='word_1_740' title='bbox 2366 4803 2490 4858; x_wconf 90' lang='lat' dir='ltr'><strong>sive</strong></span> <span class='ocrx_word' id='word_1_741' title='bbox 2515 4801 2747 4858; x_wconf 91' lang='lat' dir='ltr'><strong>ducalis</strong></span> <span class='ocrx_word' id='word_1_742' title='bbox 2778 4802 3004 4858; x_wconf 90' lang='lat' dir='ltr'><strong>ordinis</strong></span> <span class='ocrx_word' id='word_1_743' title='bbox 3041 4801 3235 4857; x_wconf 88' lang='lat' dir='ltr'><strong>scriba</strong></span> <span class='ocrx_word' id='word_1_744' title='bbox 3258 4801 3444 4855; x_wconf 83' lang='lat' dir='ltr'><strong>factus</strong></span> <span class='ocrx_word' id='word_1_745' title='bbox 3467 4817 3606 4855; x_wconf 88' lang='lat' dir='ltr'><strong>cum</strong></span> 
     </span>
    </p>
   </div>
   <div class='ocr_carea' id='block_1_108' title="bbox 1954 4889 3608 4961">
    <p class='ocr_par' dir='ltr' id='par_1_108' title="bbox 1954 4889 3608 4961">
     <span class='ocr_line' id='line_1_108' title="bbox 1954 4889 3608 4961; baseline -0.001 -17"><span class='ocrx_word' id='word_1_746' title='bbox 1954 4889 2270 4946; x_wconf 85' lang='lat' dir='ltr'><strong>miriﬁcam</strong></span> <span class='ocrx_word' id='word_1_747' title='bbox 2300 4890 2594 4947; x_wconf 90' lang='lat' dir='ltr'><strong>nobilium</strong></span> <span class='ocrx_word' id='word_1_748' title='bbox 2623 4895 2958 4961; x_wconf 85' lang='lat' dir='ltr'><strong>martyrum</strong></span> <span class='ocrx_word' id='word_1_749' title='bbox 2989 4889 3388 4945; x_wconf 86' lang='lat' dir='ltr'><strong>constantiam</strong></span> <span class='ocrx_word' id='word_1_750' title='bbox 3430 4889 3608 4943; x_wconf 91' lang='lat' dir='ltr'><strong>vidis-</strong></span> 
     </span>
    </p>
   </div>
   <div class='ocr_carea' id='block_1_109' title="bbox 1954 4978 3605 5052">
    <p class='ocr_par' dir='ltr' id='par_1_109' title="bbox 1954 4978 3605 5052">
     <span class='ocr_line' id='line_1_109' title="bbox 1954 4978 3605 5052; baseline 0.001 -20"><span class='ocrx_word' id='word_1_751' title='bbox 1954 4984 2064 5042; x_wconf 87' lang='lat' dir='ltr'><strong>set,</strong></span> <span class='ocrx_word' id='word_1_752' title='bbox 2097 4978 2664 5052; x_wconf 79' lang='lat' dir='ltr'><strong>eemulationemque</strong></span> <span class='ocrx_word' id='word_1_753' title='bbox 2685 4995 2895 5034; x_wconf 92' lang='lat' dir='ltr'><strong>eorum</strong></span> <span class='ocrx_word' id='word_1_754' title='bbox 2919 4979 2977 5034; x_wconf 91' lang='lat' dir='ltr'><strong>in</strong></span> <span class='ocrx_word' id='word_1_755' title='bbox 2997 4980 3198 5034; x_wconf 90' lang='lat' dir='ltr'><strong>animo</strong></span> <span class='ocrx_word' id='word_1_756' title='bbox 3216 4980 3605 5048; x_wconf 88' lang='lat' dir='ltr'><strong>concepisset.</strong></span> 
     </span>
    </p>
   </div>
   <div class='ocr_carea' id='block_1_110' title="bbox 1953 5067 3602 5139">
    <p class='ocr_par' dir='ltr' id='par_1_110' title="bbox 1953 5067 3602 5139">
     <span class='ocr_line' id='line_1_110' title="bbox 1953 5067 3602 5139; baseline 0.001 -17"><span class='ocrx_word' id='word_1_757' title='bbox 1953 5083 2074 5123; x_wconf 91' lang='lat' dir='ltr'><strong>non</strong></span> <span class='ocrx_word' id='word_1_758' title='bbox 2104 5067 2252 5124; x_wconf 89' lang='lat' dir='ltr'><strong>alios</strong></span> <span class='ocrx_word' id='word_1_759' title='bbox 2277 5073 2582 5139; x_wconf 73' lang='lat' dir='ltr'><strong>eXspectat</strong></span> <span class='ocrx_word' id='word_1_760' title='bbox 2613 5073 3016 5130; x_wconf 82' lang='lat' dir='ltr'><strong>accusatores,</strong></span> <span class='ocrx_word' id='word_1_761' title='bbox 3043 5069 3148 5122; x_wconf 83' lang='lat' dir='ltr'><strong>sed</strong></span> <span class='ocrx_word' id='word_1_762' title='bbox 3177 5068 3443 5136; x_wconf 84' lang='lat' dir='ltr'><strong>seipsum</strong></span> <span class='ocrx_word' id='word_1_763' title='bbox 3476 5067 3602 5139; x_wconf 90' lang='lat' dir='ltr'><strong>ipse</strong></span> 
     </span>
    </p>
   </div>
   <div class='ocr_carea' id='block_1_111' title="bbox 1953 5157 3608 5229">
    <p class='ocr_par' dir='ltr' id='par_1_111' title="bbox 1953 5157 3608 5229">
     <span class='ocr_line' id='line_1_111' title="bbox 1953 5157 3608 5229; baseline 0 -17"><span class='ocrx_word' id='word_1_764' title='bbox 1953 5157 2158 5213; x_wconf 84' lang='lat' dir='ltr'><strong>defert.</strong></span> <span class='ocrx_word' id='word_1_765' title='bbox 2191 5160 2334 5214; x_wconf 82' lang='lat' dir='ltr'><strong>Nam</strong></span> <span class='ocrx_word' id='word_1_766' title='bbox 2364 5157 2689 5229; x_wconf 89' lang='lat' dir='ltr'><strong>impiorum</strong></span> <span class='ocrx_word' id='word_1_767' title='bbox 2721 5157 3048 5213; x_wconf 90' lang='lat' dir='ltr'><strong>amentiam</strong></span> <span class='ocrx_word' id='word_1_768' title='bbox 3071 5161 3130 5212; x_wconf 87' lang='lat' dir='ltr'><strong>et</strong></span> <span class='ocrx_word' id='word_1_769' title='bbox 3160 5157 3476 5211; x_wconf 85' lang='lat' dir='ltr'><strong>vanitatem</strong></span> <span class='ocrx_word' id='word_1_770' title='bbox 3513 5172 3608 5212; x_wconf 82' lang='lat' dir='ltr'><strong>co-</strong></span> 
     </span>
    </p>
   </div>
   <div class='ocr_carea' id='block_1_112' title="bbox 1951 5244 3606 5316">
    <p class='ocr_par' dir='ltr' id='par_1_112' title="bbox 1951 5244 3606 5316">
     <span class='ocr_line' id='line_1_112' title="bbox 1951 5244 3606 5316; baseline -0.002 -14"><span class='ocrx_word' id='word_1_771' title='bbox 1951 5262 2231 5316; x_wconf 90' lang='lat' dir='ltr'><strong>arguens,</strong></span> <span class='ocrx_word' id='word_1_772' title='bbox 2260 5247 2319 5302; x_wconf 89' lang='lat' dir='ltr'><strong>in</strong></span> <span class='ocrx_word' id='word_1_773' title='bbox 2347 5245 2602 5301; x_wconf 89' lang='lat' dir='ltr'><strong>sublime</strong></span> <span class='ocrx_word' id='word_1_774' title='bbox 2641 5250 2945 5310; x_wconf 80' lang='lat' dir='ltr'><strong>extensus,</strong></span> <span class='ocrx_word' id='word_1_775' title='bbox 2992 5246 3202 5301; x_wconf 90' lang='lat' dir='ltr'><strong>acriter</strong></span> <span class='ocrx_word' id='word_1_776' title='bbox 3245 5244 3606 5312; x_wconf 86' lang='lat' dir='ltr'><strong>verberatur,</strong></span> 
     </span>
    </p>
   </div>
   <div class='ocr_carea' id='block_1_113' title="bbox 1952 5332 3610 5405">
    <p class='ocr_par' dir='ltr' id='par_1_113' title="bbox 1952 5332 3610 5405">
     <span class='ocr_line' id='line_1_113' title="bbox 1952 5332 3610 5405; baseline -0.001 -15"><span class='ocrx_word' id='word_1_777' title='bbox 1952 5336 2088 5404; x_wconf 89' lang='lat' dir='ltr'><strong>igne</strong></span> <span class='ocrx_word' id='word_1_778' title='bbox 2108 5336 2337 5391; x_wconf 88' lang='lat' dir='ltr'><strong>viscera</strong></span> <span class='ocrx_word' id='word_1_779' title='bbox 2367 5335 2495 5405; x_wconf 88' lang='lat' dir='ltr'><strong>ejus</strong></span> <span class='ocrx_word' id='word_1_780' title='bbox 2533 5334 2888 5404; x_wconf 89' lang='lat' dir='ltr'><strong>aduruntur,</strong></span> <span class='ocrx_word' id='word_1_781' title='bbox 2948 5333 3070 5389; x_wconf 92' lang='lat' dir='ltr'><strong>sale</strong></span> <span class='ocrx_word' id='word_1_782' title='bbox 3095 5340 3150 5390; x_wconf 93' lang='lat' dir='ltr'><strong>et</strong></span> <span class='ocrx_word' id='word_1_783' title='bbox 3181 5341 3347 5388; x_wconf 90' lang='lat' dir='ltr'><strong>aceto</strong></span> <span class='ocrx_word' id='word_1_784' title='bbox 3373 5332 3610 5404; x_wconf 82' lang='lat' dir='ltr'><strong>perfun-</strong></span> 
     </span>
    </p>
   </div>
   <div class='ocr_carea' id='block_1_114' title="bbox 1953 5422 3606 5494">
    <p class='ocr_par' dir='ltr' id='par_1_114' title="bbox 1953 5422 3606 5494">
     <span class='ocr_line' id='line_1_114' title="bbox 1953 5422 3606 5494; baseline -0.002 -14"><span class='ocrx_word' id='word_1_785' title='bbox 1953 5425 2112 5481; x_wconf 90' lang='lat' dir='ltr'><strong>ditur</strong></span> <span class='ocrx_word' id='word_1_786' title='bbox 2145 5442 2157 5481; x_wconf 90' lang='lat'>:</span> <span class='ocrx_word' id='word_1_787' title='bbox 2193 5425 2270 5480; x_wconf 89' lang='lat' dir='ltr'><strong>ad</strong></span> <span class='ocrx_word' id='word_1_788' title='bbox 2301 5425 2430 5481; x_wconf 74' lang='lat' dir='ltr'><strong>haec</strong></span> <span class='ocrx_word' id='word_1_789' title='bbox 2483 5423 2833 5494; x_wconf 86' lang='lat' dir='ltr'><strong>fragmentis</strong></span> <span class='ocrx_word' id='word_1_790' title='bbox 2862 5428 3148 5479; x_wconf 89' lang='lat' dir='ltr'><strong>testarum</strong></span> <span class='ocrx_word' id='word_1_791' title='bbox 3189 5425 3270 5478; x_wconf 92' lang='lat' dir='ltr'><strong>ita</strong></span> <span class='ocrx_word' id='word_1_792' title='bbox 3302 5422 3606 5477; x_wconf 91' lang='lat' dir='ltr'><strong>obteritur.</strong></span> 
     </span>
    </p>
   </div>
   <div class='ocr_carea' id='block_1_115' title="bbox 1956 5511 3607 5587">
    <p class='ocr_par' dir='ltr' id='par_1_115' title="bbox 1956 5511 3607 5587">
     <span class='ocr_line' id='line_1_115' title="bbox 1956 5511 3607 5587; baseline -0.003 -16"><span class='ocrx_word' id='word_1_793' title='bbox 1956 5521 2020 5572; x_wconf 89' lang='lat' dir='ltr'><strong>ut</strong></span> <span class='ocrx_word' id='word_1_794' title='bbox 2052 5519 2208 5571; x_wconf 91' lang='lat' dir='ltr'><strong>totus</strong></span> <span class='ocrx_word' id='word_1_795' title='bbox 2235 5514 2362 5587; x_wconf 91' lang='lat' dir='ltr'><strong>ipse</strong></span> <span class='ocrx_word' id='word_1_796' title='bbox 2413 5528 2602 5571; x_wconf 89' lang='lat' dir='ltr'><strong>unum</strong></span> <span class='ocrx_word' id='word_1_797' title='bbox 2636 5512 2936 5570; x_wconf 88' lang='lat' dir='ltr'><strong>videretur</strong></span> <span class='ocrx_word' id='word_1_798' title='bbox 2991 5527 3119 5570; x_wconf 87' lang='lat' dir='ltr'><strong>esse</strong></span> <span class='ocrx_word' id='word_1_799' title='bbox 3146 5511 3381 5570; x_wconf 90' lang='lat' dir='ltr'><strong>vulnus.</strong></span> <span class='ocrx_word' id='word_1_800' title='bbox 3413 5513 3480 5568; x_wconf 90' lang='lat' dir='ltr'><strong>Ut</strong></span> <span class='ocrx_word' id='word_1_801' title='bbox 3505 5525 3607 5567; x_wconf 86' lang='lat' dir='ltr'><strong>au-</strong></span> 
     </span>
    </p>
   </div>
  </div>
