4020 6218
445 235 587 294 1235

1759 229 2142 288 NICEPHORI
2183 230 2502 290 CALLISTI

3671 237 3782 295 ms

441 368 563 421 tem
593 359 796 418 divino
822 357 994 425 nutu,
1025 369 1245 429 corpus
1273 353 1581 412 fortissimi
1605 357 1886 428 martyris
1915 356 2096 412 veluti
2129 403 2133 412 .

2245 375 2336 410 που
2382 355 2450 417 δὴ
2510 359 2786 423 Αὖξίντιον
2839 363 2929 434 μὶν
2981 359 3323 436 ἐκτμηθῆναι,
3381 359 3694 438 Μαρδάριον
3719 362 3778 424 δι,

443 451 717 525 squamis
727 451 806 506 ab
817 465 890 506 eo
909 448 1192 519 delapsis,
1211 446 1290 503 ad
1303 445 1626 518 pristinum
1651 447 1861 502 formae
1877 453 2100 502 statum

445 549 534 598 est
562 555 894 605 reversum;
911 537 1072 592 idem
1091 535 1356 592 stadium
1378 535 1650 606 ejusdem
1665 551 1804 590 cum
1827 551 1898 590 eo
1915 536 2102 592 animi

445 631 742 703 Eugenius
768 626 1116 698 ingreditur,
1139 629 1196 682 et
1237 625 1380 682 item
1409 624 1754 680 Auxentius.
1783 625 1960 698 Lysia
2006 642 2108 682 au-

445 725 566 778 tem
588 717 915 790 Nicopolim
937 715 1372 788 proﬁciscente,
1393 717 1691 786 martyres
1715 713 2020 770 crudelem
2047 715 2109 770 in

449 807 700 866 modum
727 805 894 864 tracti
924 809 1106 877 atque
1131 801 1350 876 raptati
1383 805 1543 860 sunt.
1569 801 1650 858 lbi
1677 803 1858 858 etiam
1885 803 2112 860 Marda-

445 899 572 954 rius
603 895 1050 969 estproductus.
1077 895 1143 949 Et
1173 889 1504 948 Auxentius
1521 889 1766 964 quidem
1791 892 1982 964 capite
2025 897 2114 948 est

449 988 660 1061 plexus
721 1005 734 1044 :
791 983 1126 1040 Mardarius
1166 985 1369 1036 autem
1407 995 1514 1052 per
1557 979 1710 1036 talos
1759 981 1818 1036 in
1859 981 2114 1037 sublime

451 1081 805 1148 suspensus,
823 1071 1182 1144 subulisque
1207 1069 1410 1140 ignitis
1437 1067 1773 1140 perforatus
1796 1073 1974 1142 atque
1995 1071 2118 1126 dis-

451 1169 736 1238 punctus,
779 1165 835 1217 et
881 1160 1115 1216 facibus
1164 1159 1412 1229 insuper
1437 1163 1701 1222 exustus,
1727 1159 1914 1214 vitam
1945 1159 2113 1216 ﬁniit.

453 1257 744 1311 Caeterum
785 1249 1111 1320 Eugenius.
1145 1247 1313 1321 quod
1347 1247 1408 1302 in
1435 1246 1806 1318 impietatem
1847 1249 2116 1304 invectus

453 1347 625 1406 esset,
653 1341 861 1412 lingua
891 1336 1411 1402 abscissa,deinde
1439 1335 1721 1392 manibus
1746 1342 1926 1411 atque
1953 1337 2120 1410 pedi-

455 1433 570 1490 bus
599 1432 728 1502 ejus
749 1429 976 1494 fractis,
1009 1427 1284 1484 decessit.
1311 1425 1563 1498 Sapiens
1595 1441 1737 1482 vero
1763 1428 2115 1494 Eustratius,

457 1537 596 1577 cum
635 1522 846 1576 Oresse
892 1517 970 1576 ad
1001 1514 1383 1588 Agricolaum
1410 1515 1750 1572 Sebastiam
1798 1517 2117 1582 abductus,

457 1625 565 1684 per
620 1611 822 1680 ignem
877 1613 1126 1679 uterque
1193 1605 1620 1662 holocaustum
1677 1605 1928 1662 Domino
1984 1613 2122 1663 sunt

2211 457 2312 500 τῶν
2361 447 2698 522 ἀστραγάλων
2757 453 3074 525 ᾑωρημένον,
3131 453 3376 514 σούϐλαις
3433 473 3488 506 τε
3537 461 3640 524 πῦρ
3691 453 3786 506 ἆτο-

2219 537 2556 600 στιλϐούσαις
2627 539 3011 614 ἐκκεντοῦμενον
3095 547 3186 595 καὶ
3253 540 3679 615 διαφλεγόμενον,
3727 549 3790 594 τον

2219 625 2332 700 βίον
2391 627 2678 684 ἀπολιπεῖν.
2725 629 2782 682 Ὀ
2835 629 2882 684 δ’
2923 633 3158 703 Εὑγένιος
3205 637 3299 690 τὴν
3333 631 3580 685 ἀσέϐειαν
3629 629 3796 702 διελέγ-

2219 722 2474 788 χων,την
2531 720 2776 789 γλῶσσαν
2815 719 3101 796 ἀφῄρηται.
3161 717 3289 774 Εἶτα
3343 727 3434 774 καὶ
3485 729 3682 794 χεῖρας
3729 729 3798 774 καὶ

2221 803 2390 868 πόδας
2453 805 2713 874 θλασθείς,
2775 807 2989 866 ἀπεϐίω.
3043 809 3100 862 Ὀ
3159 813 3318 882 σοφός
3367 815 3548 884 μέντοι
3593 811 3804 882 Εὗστρά-

2222 915 2353 964 τιος,
2427 897 2538 968 οἶμα
2619 897 2839 972 Ὀρέστῃ
2918 899 2986 960 εἰς
3069 899 3376 954 Σεϐάστιιαν
3425 900 3694 972 ἀπαχθεὶς
3746 909 3806 968 τῷ

2225 983 2604 1057 Ἀγροικολάῳ,
2681 983 2776 1039 διὰ
2839 991 3002 1063 πυρός
3066 988 3406 1062 ὁλοκαύτωμα
3481 997 3559 1060 τῷ
3651 993 3808 1060 Κυρίῳ

2224 1079 2486 1146 γεγόνασι.
2541 1077 2642 1135 Τὰς
2693 1071 2750 1128 δὲ
2801 1073 3090 1138 πολυειδεῖς
3147 1081 3236 1129 καὶ
3293 1078 3538 1138 ποικίλας
3585 1077 3810 1138 κολάσεις

2227 1163 2529 1235 Εὖλαμπίου
2577 1169 2665 1216 καὶ
2727 1165 3024 1237 Εὗλαμπίας
3077 1169 3124 1217 ἓν
3170 1173 3230 1238 τῇ
3279 1162 3632 1240 Νικομηδέων
3665 1165 3812 1230 πόλει,

2228 1253 2301 1303 ἔτι
2330 1247 2388 1304 δε
2418 1257 2507 1304 καὶ
2539 1250 2622 1316 ἐπὶ
2659 1251 2860 1326 Ῥώμης
2907 1255 3256 1315 Ἀναστασίας
3305 1257 3400 1316 τὰς
3447 1257 3681 1316 ἐκκοπάς
3731 1263 3816 1306 τῶν

2228 1340 2412 1413 μελῶν,
2473 1345 2598 1415 πρὸς
2651 1339 2709 1394 δὲ
2759 1347 2849 1394 καὶ
2901 1351 2998 1404 τῆς
3062 1344 3336 1415 ὁμωνύμου
3385 1347 3554 1417 ταύτῃ
3625 1347 3714 1404 τάς
3773 1361 3820 1394 τε

2227 1429 2408 1490 λοιπὰς
2465 1435 2736 1506 τιμωρίας,
2813 1436 2904 1484 καὶ
2985 1435 3078 1490 τὴν
3138 1429 3232 1484 διὰ
3315 1435 3478 1506 πυρὸς
3569 1433 3820 1487 τελείωσιν

2231 1519 2466 1591 Ἀγάπης
2496 1539 2550 1571 τε
2587 1525 2676 1572 καὶ
2730 1521 2950 1594 Εἰρήνης
3003 1527 3094 1573 καὶ
3145 1527 3406 1590 Χιονοίας,
3463 1530 3568 1576 ποῦ
3627 1519 3822 1574 δίκαιον

2236 1614 2436 1679 σιωπᾴν
2487 1615 2578 1660 τοῦ
2641 1611 2935 1684 ὑπερφυοῦς
2991 1616 3279 1684 μαρτυρίου
3315 1629 3328 1678 ;
3367 1619 3474 1665 Ποῦ
3535 1608 3600 1664 δὲ
3659 1613 3825 1672 θήσεις

460 1699 668 1756 oblati.
729 1696 1079 1768 Multiplices
1129 1710 1368 1769 quoque
1411 1699 1468 1751 et
1491 1695 1674 1751 varia:
1721 1701 1959 1752 torturae
2013 1699 2118 1751 Eu-

2245 1703 2445 1772 Ξεργίου
2495 1701 2584 1750 καὶ
2650 1701 2862 1770 Βάκχου
2907 1707 3005 1752 τῶν
3053 1699 3356 1754 καλλινίκων
3405 1705 3689 1774 μαρτύρων
3743 1705 3825 1758 τὴν

460 1789 666 1861 lampii
689 1794 741 1842 et
760 1785 1086 1857 Eulampiaa
1102 1785 1165 1840 in
1191 1783 1338 1840 urbe
1365 1783 1839 1841 Nicomediensi:
1870 1789 2124 1842 Anasta-

463 1879 568 1933 sias
590 1879 792 1942 etiam,
815 1891 952 1949 quas
977 1875 1178 1929 Romaa
1209 1873 1494 1928 membris
1519 1877 1606 1929 est
1637 1873 1911 1930 mutilata
1943 1891 1956 1938 ;
1986 1875 2126 1930 alte-

464 1968 712 2038 riusque
743 1965 796 2020 ei
827 1961 1230 2034 cognominis,
1256 1977 1445 2034 quam
1475 1965 1612 2034 post
1661 1963 1956 2035 supplicia
2009 1963 2128 2018 alia

469 2057 719 2114 tolerata
742 2053 900 2124 ignis
921 2052 1166 2109 tandem
1189 2051 1582 2123 consumpsit.
1614 2051 1863 2124 Insuper
1885 2057 2126 2126 Agapae,

469 2146 654 2200 [ranae
703 2147 758 2198 et
816 2141 1074 2198 Chionim
1135 2139 1521 2197 nobilissima
1565 2141 1858 2214 martyria
1895 2141 2128 2198 silentio

2234 1790 2370 1860 ἄχρι
2439 1785 2612 1848 τέλους
2693 1791 2936 1840 ἔνστασιν
2999 1785 3251 1864 ἀνδρικήν
3285 1807 3300 1857 ;
3333 1799 3425 1842 τοῦ
3479 1794 3574 1862 μὲν
3624 1786 3825 1864 ῥάϐδων

2235 1877 2462 1944 καιρίαις
2519 1869 2694 1944 βολαῖς
2749 1871 3130 1943 ἀποψύξαντος,
3185 1881 3276 1926 τοῦ
3327 1871 3386 1926 δὲ
3433 1879 3652 1948 καιρίαν
3707 1877 3828 1946 ἑνεγο

2237 1965 2416 2024 κόντος
2463 1963 2598 2012 κατά
2649 1967 2740 2013 τοῦ
2797 1965 3044 2024 τένοντος.
3109 1966 3184 2014 Τὰ
3243 1959 3302 2015 δὲ
3365 1971 3464 2015 τῶν
3517 1963 3689 2016 ἄλλων
3749 1969 3828 2016 καὶ

2241 2049 2458 2124 ἀριθμὸν
2507 2055 2782 2116 νικώντων,
2839 2055 2914 2112 τίς
2947 2053 3178 2113 ἱκανόςῆ
3221 2053 3312 2112 τὰς
3355 2052 3566 2113 κλήσεις
3615 2051 3830 2118 ἐκείνων,

2241 2141 2270 2199 ἦ
2335 2143 2457 2200 τοὺς
2498 2142 2721 2214 τρόπους
2791 2145 2882 2191 τοῦ
2943 2145 3232 2214 μαρτυρίου
3303 2139 3832 2216 ἀπαριθμήσασθαι;

469 2231 888 2307 praetereunda
921 2247 1046 2286 non
1084 2233 1242 2286 sunt.
1287 2229 1468 2286 Sicuti
1505 2245 1701 2304 neque
1744 2231 1926 2302 Sergii
1985 2235 2042 2286 et
2083 2227 2318 2286 Bacchii
2358 2230 2734 2300 egregiorum
2767 2243 2910 2284 sane
2955 2229 3244 2284 victorum
3289 2229 3370 2286 ad
3415 2229 3602 2286 ﬁnem
3657 2247 3834 2304 usque

473 2325 826 2380 conservata
863 2319 1170 2386 fortitudo;
1229 2334 1490 2392 quorum
1544 2319 1691 2376 alter
1735 2319 1980 2375 fustium
2037 2317 2356 2376 lethalibus
2413 2316 2778 2384 verberibus,
2823 2315 2976 2374 altea
3031 2317 3232 2390 gladio
3292 2319 3696 2392 interemptus
3738 2325 3832 2374 est.

472 2411 740 2468 Aliorum
777 2423 922 2467 vero
951 2407 1506 2475 innumerabilium,
1551 2408 1687 2482 quis
1755 2407 1846 2464 vel
1891 2409 2100 2466 saltem
2153 2409 2286 2480 ipsa
2338 2406 2607 2476 nomina,
2661 2406 2751 2463 vel
2797 2407 3225 2480 martyriorum
3261 2423 3480 2480 genera
3534 2424 3838 2466 recensere

475 2503 658 2574 queat
695 2497 724 2556 ἵ

1022 2649 1204 2724 459
1236 2649 1462 2707 CAPUT
1483 2649 1598 2706 xv.

477 2761 564 2818 De
590 2757 982 2819 celeberrimis
1031 2755 1412 2829 martyribus,
1461 2755 1732 2828 Georgio,
1763 2757 2052 2828 Procopio
2082 2762 2136 2813 et

959 2827 1256 2886 Demetrio
1293 2827 1662 2900 Myroblytd.

555 2937 798 2996 Eisdem
821 2953 1066 3011 quoque
1113 2935 1489 3027 temporibus
1534 2935 1822 3027 Georgius
1851 2936 1974 3002 ille,
2013 2951 2138 3027 ma-
2175 2969 2217 3027 ρ

486 3029 590 3100 gui
639 3030 790 3084 inter
857 3029 1178 3082 certatores
1238 3025 1383 3081 istos
1447 3025 1713 3080 nominis
1769 3030 1826 3082 et
1880 3025 2138 3095 agminis

483 3122 824 3190 martyrum
867 3116 1248 3190 coryphaeus,
1279 3113 1560 3170 laborum
1589 3129 1699 3186 pro
1741 3113 1973 3172 Christo
1999 3113 2140 3170 tole-

481 3213 752 3264 ratorum
777 3221 952 3262 veros
996 3203 1259 3276 percepit
1285 3201 1532 3260 fructus.
1575 3203 1678 3259 Hic
1715 3204 1778 3261 in
1831 3204 2140 3276 Cappado-

485 3298 580 3354 cia
605 3295 804 3352 adhuc
829 3294 1184 3352 adolescens
1213 3292 1412 3348 forma
1431 3295 1760 3365 praestanti,
1793 3293 1960 3365 etqui
1991 3309 2140 3349 non-

483 3386 631 3442 dum
676 3384 936 3457 primam
993 3381 1376 3454 produxisset
1411 3381 1782 3453 lanuginem,
1825 3382 2140 3439 fortissime

483 3473 908 3531 certaminibus
938 3488 1050 3545 pro
1099 3471 1326 3528 Christo
1379 3469 1751 3544 perferendis
1781 3473 2138 3544 martyrium

483 3565 648 3621 obiit.
703 3565 924 3635 Captus
963 3563 1144 3626 enim,
1178 3559 1346 3634 quod
1373 3561 1434 3616 in
1465 3559 1775 3616 daemones
1810 3561 2022 3617 acriter
2050 3562 2140 3616 in-

481 3659 687 3710 vectus
745 3655 923 3717 esset,
981 3651 1537 3724 imperatorumque
1589 3649 1939 3722 impetatem
1991 3649 2142 3706 deri-

484 3743 677 3812 sisset,
739 3757 922 3813 supra
971 3743 1196 3797 naturae
1243 3744 1490 3812 captum
1543 3755 1838 3814 perquam
1893 3739 2142 3796 acerbos

485 3832 764 3887 sustinuit
815 3829 1134 3886 cruciatus.
1199 3831 1470 3902 Namque
1527 3833 1662 3901 post
1721 3843 2022 3884 carcerem
2087 3833 2144 3884 et

486 3919 744 3984 vincula,
775 3919 1016 3990 ungulas
1046 3922 1234 3974 acutae
1265 3933 1403 3974 eum
1430 3932 1716 3990 excepere
1747 3933 1760 3972 :
1799 3933 1942 3974 mox
1985 3926 2142 3974 calce

485 4007 718 4066 ardenti
750 4015 836 4065 est
892 4007 1165 4074 adustus,
1217 4007 1596 4080 ﬁdiculisque
1642 4023 1887 4064 rursum
1933 4007 2142 4064 distra-

488 4105 637 4164 ctus,
699 4095 1088 4154 mucronibus
1144 4096 1530 4154 membratim
1591 4095 1904 4163 dissectus,
1962 4096 2144 4170 pluri-

485 4187 723 4259 misque
763 4185 892 4243 aliis
919 4201 1236 4258 poenarum
1267 4189 1826 4259 tormentorumque
1859 4186 2142 4243 machinis

479 4276 734 4342 attritus,
783 4289 1130 4345 generosam
1188 4273 1376 4330 animi
1416 4275 1506 4330 sui
1565 4273 1988 4340 constantiam,
2047 4274 2142 4330 ﬁr-

489 4379 778 4436 mumque
825 4364 1042 4419 mentis
1097 4379 1222 4418 suae
1255 4363 1442 4420 robur
1471 4363 1614 4420 satis
1664 4363 1998 4420 declaravit.
2054 4363 2142 4419 Ad

485 4453 614 4509 haec
656 4453 902 4526 Glycerii
931 4451 1274 4525 impostoris
1303 4451 1524 4508 bovem
1573 4451 1784 4508 evertit
1841 4467 1909 4507 ac
1951 4457 2144 4508 sustu-

486 4541 572 4610 lit,
607 4541 1126 4613 Alexaudramque
1145 4541 1414 4612 reginam
1427 4539 1790 4612 jamdudum
1801 4539 2144 4598 defunctam

489 4631 760 4687 oratione
782 4630 908 4686 sola
934 4629 1012 4686 ab
1049 4629 1248 4686 inferis
1279 4629 1576 4685 revocavit
1629 4643 1643 4684 :
1673 4630 2036 4704 tandemque
2085 4635 2148 4686 ut

484 4721 678 4776 virum
713 4719 900 4784 decet,
949 4717 1148 4789 gladio
1193 4733 1541 4790 percussus,
1591 4733 1661 4774 ex
1711 4717 1825 4774 hac
1875 4719 1994 4775 vita
2041 4720 2146 4775 mi-

489 4809 706 4878 gravit.
771 4807 995 4864 Nobilis
1059 4821 1305 4880 quoque
1367 4821 1574 4864 revera
1656 4805 1752 4862 ille
1807 4808 2146 4886 Procopius,

486 4899 774 4953 Caesareae
809 4895 1114 4952 Palestina:
1151 4901 1346 4964 natus,
1381 4895 1537 4952 inter
1589 4901 1880 4970 martyres
1930 4896 2147 4952 eodem

477 4991 745 5058 tempore
778 4985 1025 5042 illustris
1078 4985 1340 5041 maxime
1401 4983 1532 5052 fuit,
1592 4985 1686 5040 cui
1745 4983 2146 5041 Diocletianus

480 5075 759 5132 ducalem
792 5073 1046 5147 quidem
1097 5075 1348 5131 Orientis
1379 5073 1733 5146 dignitatem
1773 5075 1955 5145 dedit,
1989 5075 2149 5132 Chri-

482 5171 607 5220 stus
654 5168 856 5220 autem
905 5179 1043 5220 eum
1075 5179 1106 5220 e
1159 5163 1310 5220 cmlo
1333 5163 1412 5222 ad
1441 5179 1503 5220 se
1533 5163 1716 5220 veluti
1747 5163 1996 5220 Paulum
2052 5181 2149 5220 vo-

478 5255 653 5310 cavit.
721 5255 784 5308 Et
841 5254 890 5308 is
941 5253 1188 5326 quidem
1219 5253 1319 5310 illa
1375 5257 1640 5326 accepta,
1693 5253 2142 5326 inexpugnabili

479 5359 623 5398 vero
647 5341 841 5398 crucis
880 5347 1190 5400 armatura
1229 5343 1476 5416 perinde
1508 5347 1686 5415 atque
1735 5357 2064 5414 generosus
2091 5347 2148 5398 et

479 5433 646 5488 fortis
677 5431 846 5490 miles
867 5439 1156 5501 armatus,
1201 5433 1470 5506 primum
1519 5433 1811 5490 adversus
1873 5449 1975 5488 eos
2041 5433 2146 5505 qui

482 5537 665 5578 sensu
691 5523 1117 5596 percipiuntur,
1144 5521 1362 5580 deinde
1388 5523 1570 5582 etiam
1597 5523 1656 5580 in
1682 5539 1784 5580 eos
1812 5523 1916 5594 qui
1939 5527 2142 5579 mente

2853 2649 3094 2704 ΚΕΦΛΛ.
3139 2644 3238 2704 ΙΕ’.

2247 2759 2400 2828 Περὶ
2430 2761 2546 2807 τῶν
2577 2751 2902 2824 ἀοιδίμων
2934 2757 3840 2830 μαρτύρων,ῐ“εωργίου,ηροο

2317 2827 2549 2879 κοπίου
2587 2831 2696 2878 καὶ
2748 2827 3117 2900 Δημητρίου
3155 2827 3271 2879 τοῦ
3309 2827 3774 2900 Μυροϐλύτου⁸

2317 2935 2528 2994 Τούτοις
2581 2929 2648 2992 δὴ
2703 2939 2809 2994 τοῖς
2855 2937 3070 3006 χρόνοις
3133 2939 3224 2986 καὶ
3275 2941 3548 3007 Γεωργιος,
3601 2937 3664 2987 τὸ
3715 2939 3840 3008 μέγα

2248 3031 2348 3076 τῶν
2411 3023 2643 3081 ἀθλητῶν
2692 3025 2871 3095 ὄνομα,
2920 3027 3009 3074 καὶ
3065 3030 3154 3076 τοῦ
3204 3031 3371 3095 χοροῦ
3424 3031 3526 3076 τῶν
3565 3027 3841 3102 μαρτύρων

2249 3115 2275 3166 ὁ
2332 3119 2629 3188 κορυφαῖος,
2693 3117 2804 3174 τοῖς
2868 3115 2994 3188 ὑπὲρ
3051 3117 3286 3188 Χριστοῦ
3345 3117 3542 3178 πόνοις,
3597 3119 3844 3186 γνησίους

2250 3204 2444 3277 ἐθέριζε
2489 3206 2604 3262 τοὺς
2669 3204 2921 3274 καρπούς.
2971 3201 3065 3256 Ἐκ
3135 3199 3514 3264 Καππαδοκίας
3581 3207 3692 3278 γὰρ
3763 3203 3842 3267 ὧν,

2249 3297 2450 3354 νεανίας
2501 3293 2596 3358 ἔτι,
2651 3295 2738 3343 καὶ
2799 3290 3120 3363 ἀγαλματίας
3181 3299 3276 3352 τὴν
3349 3291 3488 3364 ὤᾷιν,
3538 3299 3634 3346 καὶ
3713 3297 3844 3346 οὔπω

2254 3382 2440 3442 ἰούλοις
2492 3383 2809 3454 περιστέφων
2855 3383 2942 3433 τὸν
2997 3387 3242 3454 πώγωνα,
3289 3387 3536 3454 γενναίως
3567 3391 3688 3442 τοῖς
3727 3383 3842 3454 ὑπὲρ

2249 3477 2485 3543 Χριστοῦ
2535 3469 2710 3529 ἄθλοις
2767 3465 3122 3542 διεμαρτύρει.
3191 3476 3336 3524 Ἐπεὶ
3391 3473 3490 3546 γὰρ
3565 3473 3846 3542 συσχεθεὶς

2253 3557 2572 3634 διεκερτόμει
2613 3561 2701 3630 μεν
2757 3555 3027 3631 δαίμονας,
3085 3563 3144 3612 τό
3231 3557 3289 3613 δὲ
3351 3567 3450 3613 τῶν
3519 3563 3844 3634 κρατούντων

2254 3647 2518 3708 διέπαιζεν
2595 3646 2790 3714 ἀσεϐὲς,
2852 3649 3038 3720 πικράς
3107 3667 3244 3709 τινας
3299 3653 3388 3701 καὶ
3435 3649 3718 3724 ὑπερφυεῖς
3767 3667 3843 3699 κο-

2251 3737 2426 3800 λάσεις
2501 3739 2756 3808 ὑφίστατο
2791 3753 2804 3766 ·
2839 3735 3091 3814 ξυστῆρες
3153 3743 3241 3810 μὲν
3324 3741 3426 3812 γὰρ
3501 3738 3666 3790 αὐτὸν
3725 3739 3842 3808 μετὰ

2255 3823 2428 3899 δεσμά
2463 3831 2552 3878 καὶ
2605 3825 2826 3898 ςνυλακὴν
2877 3823 3246 3900 διελάμϐανον
3285 3825 3394 3880 εἶτα
3441 3833 3635 3898 τιτάνῳ
3693 3826 3842 3898 πυρός

2251 3915 2601 3988 κατεφλὲγετο,
2683 3921 2860 3990 τροχῷ
2953 3921 3283 3982 κατετείνετο,
3377 3916 3546 3990 ξίφεσι
3621 3912 3843 3987 μεληδὸν

2254 4005 2644 4078 ἐκτεμνόμενος·
2700 4003 2916 4064 πολλαῖς
2968 4000 3028 4056 δὲ
3079 4004 3260 4067 ἄλλαις
3327 4013 3594 4078 μηχαναῖς
3641 4025 3842 4078 συντρι-

2254 4095 2478 4167 ὅόμενος,
2533 4096 2589 4144 τὸ
2635 4091 2832 4164 εὐγενὲς
2897 4093 3055 4144 αὐτοῦ
3121 4096 3452 4167 παράστημα
3511 4103 3608 4156 τῆς
3667 4095 3844 4166 ψυχῆς

2253 4185 2429 4235 καὶτὸ
2473 4189 2569 4242 τῆς
2616 4187 2857 4244 συννοίας
2901 4181 3269 4254 ἀνεσταλμένον
3321 4185 3506 4244 ἱκανῶς
3555 4181 3840 4237 ἀνεδείκνν.

2253 4271 2369 4324 Ἐπὶ
2421 4273 2623 4330 τούτοις
2663 4273 2746 4322 τὸν
2799 4279 2890 4322 τοῦ
2918 4275 3108 4341 γόητος
3141 4271 3415 4343 Γλυκερίου
3471 4271 3602 4342 βοῦν
3637 4271 3842 4338 ἀνίστα,

2253 4363 2343 4412 καὶ
2399 4363 2492 4417 τὴν
2553 4355 2816 4431 βασιλίδα
2873 4355 3216 4436 ’Δλεξάνδραν
3263 4359 3530 4432 πρόπαλαι
3575 4365 3668 4413 τὸν
3735 4359 3843 4434 βίον

2257 4447 2614 4500 ἀπολιποῦσαν
2713 4447 2846 4520 εὖχῇ

2257 4537 2424 4610 ἐξῆγε.
2487 4543 2586 4590 Καὶ
2633 4537 2766 4598 τέλος
2814 4534 3070 4612 ἀνδρικῶς
3131 4537 3360 4591 ἐτελεύτα
3413 4545 3483 4608 τῷ
3532 4538 3686 4611 ξίφει.
3751 4543 3844 4592 Nai

2944 4453 3072 4522 μόνη
3167 4457 3266 4500 τῶν
3353 4446 3487 4519 ᾅδου
3577 4451 3844 4522 πυθμένων

2257 4632 2358 4702 μὴν
2425 4631 2513 4680 καὶ
2574 4629 2599 4679 ὁ
2660 4633 2882 4698 γενναῖος
2945 4633 3060 4688 ταῖς
3122 4626 3388 4690 ἀληθείαις
3427 4630 3725 4700 Προκόπιος
3761 4636 3844 4688 τῆς

2257 4719 2307 4770 ἑν
2367 4721 2656 4791 Καισαρείᾳ
2733 4715 3083 4776 Παλαιστίνης
3147 4719 3459 4792 ὁρμώμενος,
3515 4717 3632 4769 κατ’
3697 4721 3844 4770 ἐκεῖνο

2259 4815 2443 4880 καιροῦ
2510 4805 2852 4878 ἐγνωρίζετο·
3020 4806 3384 4867 Διοκλητιανός
3444 4803 3704 4866 δουκικὴν
3767 4813 3844 4874 μὲν

2260 4895 2408 4960 ἀξίαν
2465 4903 2560 4956 τῆς
2613 4893 2861 4958 ἀνατολῆς
2905 4897 3204 4968 ἐνεχείριζε,
3233 4899 3462 4968 Χριστὸς
3494 4891 3552 4948 δὲ
3577 4897 3843 4968 οὐρανόθεν

2260 4987 2432 5058 ὥσπερ
2465 4983 2666 5038 Παῦλον
2707 4983 2876 5036 ἐκάλει
2910 5001 2921 5012 ·
2956 4987 3045 5035 καὶ
3073 4989 3166 5041 τὴν
3205 4983 3344 5058 [μὲν]
3383 4989 3672 5056 Προκο’πιος
3711 4985 3844 5036 ἀντε-

2259 5075 2502 5146 λάμϐανε,
2559 5081 2766 5146 σταυρῷ
2824 5069 2883 5125 δὲ
2924 5069 3261 5146 ἀπροσμάχῳ
3303 5073 3438 5144 ὅπλῳ
3491 5075 3576 5125 οἶά
3633 5093 3718 5132 τις
3743 5093 3842 5144 γεν-

2259 5173 2398 5224 ναῖος
2445 5162 2834 5226 καθοπλισθεὶς,
2875 5165 3006 5235 πρὸς
3049 5165 3168 5223 τοὺς
3203 5162 3486 5223 αἰσθητοὺς
3529 5167 3618 5236 μὲν
3649 5171 3842 5237 πρῶτον

2260 5253 2534 5326 πολέμους,
2596 5249 2705 5304 εἶτα
2734 5255 2822 5303 καὶ
2861 5255 2986 5324 πρὸς
3041 5255 3160 5310 τοὺς
3189 5256 3408 5313 νοητοὺς
3445 5251 3792 5304 ἀντετάσσετο
3825 5266 3834 5276 ·

2259 5348 2380 5406 τοὺς
2409 5345 2506 5416 γὰρ
2542 5345 2594 5394 ἐκ
2640 5347 2850 5414 χρυσοῦ
2903 5345 2992 5392 καὶ
3047 5339 3277 5412 ἀργύρου
3327 5345 3700 5412 πεποιημένους
3763 5345 3840 5392 αὖ·

2257 5441 2329 5504 τῷ
2361 5435 2504 5494 θεοὺς
2537 5429 2854 5494 διαθλιὶσας,
2895 5433 2982 5481 καὶ
3030 5434 3247 5487 πένησιν
3296 5429 3627 5502 ἐπιμερίσας,
3677 5433 3839 5482 ἔπειτα

2255 5527 2363 5584 τοῖς
2415 5527 2513 5572 τῶν
2586 5515 2856 5576 κιϐδηλων
2924 5519 3297 5592 ὑπερμαχοῡσι
3377 5517 3668 5592 συνεῤῥάγη
3725 5521 3837 5592 πρὸς
