4016 6224
185 252 330 312 1237

1209 254 1770 314 ECCLESIASTICAS
1812 207 2164 314 HISTORIA}
2208 257 2343 314 LIB.
2386 258 2508 315 VII.

3409 258 3544 316 1238

178 384 384 455 μάχην.
443 381 544 436 Καὶ
591 385 684 442 τὴν
735 383 825 457 μὲν
869 381 1068 436 ἇκείνων
1124 382 1437 441 στηλιτεύων
1489 381 1765 450 ἀσθένειαν,

1891 381 2020 438 sola
2096 383 2536 454 perspiciuntur
2608 382 2810 442 hostes
2885 383 3268 457 depugnavit.
3344 381 3554 441 Aureis

178 474 237 522 τὸ
300 469 351 525 δ’
413 473 664 545 ὑπερφυὲς
709 481 805 536 τῆς
863 473 1040 531 Ἰησοῦ
1107 469 1415 533 δυναστείας
1476 473 1776 539 ἐκθειάζων,

180 566 334 623 ποίας
382 562 552 622 αἰκίας
603 561 662 614 ού
713 561 936 636 στερῥῶς
979 566 1161 633 ἤνεγκε
1202 580 1215 630 ;
1257 567 1390 621 τίνες
1441 561 1776 636 στρεϐλώσεις

179 659 367 703 τοῦτον
436 650 757 723 παρέλιπον;
821 657 932 704 τίσι
987 648 1044 704 δὲ
1102 660 1200 704 τῶν
1253 651 1457 723 ὀνύχων
1507 651 1564 702 ού
1634 669 1779 702 κατε-

180 739 344 801 ξάνθη
388 743 445 793 τὸ
491 736 645 813 δέρας
679 757 692 807 ;
723 740 847 812 φλὸξ
878 737 936 794 δι
965 745 1092 794 ποία
1139 739 1411 814 ἀπείρατος
1457 745 1557 791 τῶν
1605 739 1780 791 ἐκείνω

179 831 324 900 ὤφθη
383 829 599 900 μελῶν;
662 826 896 904 σιδήρων
946 827 1004 882 δὲ
1053 835 1141 883 καὶ
1199 827 1354 903 ξιφῶν
1397 833 1545 881 τίνων
1606 827 1777 900 ἐκείνῳ

175 923 346 991 ακμαὶ
409 919 466 971 ού
522 918 918 992 προσϐαλοῦσαι
977 921 1160 972 θᾶττον
1221 918 1636 992 ἠμϐλύνθησαν;
1692 916 1779 971 Ἐκ

173 1012 346 1060 τοίνυν
402 1010 595 1062 τούτων
655 1014 744 1062 καὶ
805 1016 902 1061 τῶν
969 1011 1216 1062 τοιούτων
1283 1008 1560 1068 πλείστους
1625 1009 1780 1071 ὅσους

170 1101 264 1149 καὶ
316 1105 413 1150 τῶν
471 1107 565 1160 τῆς
610 1104 814 1170 πρώτης
872 1096 1058 1171 βουλῆς
1107 1101 1370 1172 μάρτυρας
1425 1096 1779 1171 παραπέμψας

173 1193 308 1257 Θεῷ,
362 1187 497 1247 τέλος
526 1192 616 1240 καὶ
665 1188 823 1248 αὐτὸς
878 1193 969 1246 τήν
1024 1184 1118 1242 διὰ
1169 1188 1340 1260 ξίφους
1386 1187 1592 1258 πληγὴν
1647 1187 1780 1258 ἐνεγ-

170 1281 301 1339 κὼν,
370 1281 462 1329 σὺν
514 1277 800 1350 εὐφροσύνη
871 1281 998 1350 πρὸς
1057 1281 1144 1330 τὸν
1211 1279 1522 1348 ποθούμενον
1589 1277 1780 1348 ἐχώρει

173 1371 422 1439 Χριστόν.
481 1366 808 1441 ἘρκουλΑίου
851 1363 908 1421 δὲ
960 1364 1054 1420 διὰ
1091 1375 1187 1430 τῆς
1236 1365 1620 1427 Θεσσαλονίκης
1674 1365 1779 1417 ἰόν-

172 1474 283 1519 τος,
353 1461 649 1528 Δημήτριος
712 1457 737 1509 6
801 1464 890 1509 τοῦ
951 1464 1182 1529 Χριστοῦ
1245 1457 1461 1528 μάρτυς,
1528 1463 1624 1506 τῶν
1685 1463 1778 1516 τῆς

170 1545 368 1605 πόλεως
414 1547 479 1598 τὰ
518 1553 697 1617 πρῶτα
736 1549 916 1618 φέρων,
948 1552 1036 1598 καὶ
1090 1549 1181 1604 τὴν
1233 1553 1328 1605 τῆς
1381 1543 1556 1620 ἀρχῆς
1611 1543 1774 1606 αὐτῆς

168 1632 418 1695 ἓξονσίαν
493 1633 863 1707 ἀνεζωσμένος,
939 1637 1007 1698 ὡς
1072 1638 1148 1692 εἴη
1209 1637 1433 1708 Χριστὸν
1509 1631 1771 1704 ὁμολογῶν

168 1717 476 1780 διεϐέϐλητο
511 1740 524 1753 ·

161 1819 225 1882 τῇ
286 1807 345 1865 δὲ
396 1812 539 1866 πόλει
576 1820 665 1867 καὶ
703 1823 772 1885 τῷ
825 1811 978 1886 δήμῳ
1033 1816 1242 1866 ἱππικὸν
1300 1812 1472 1885 ἀγῶνα
1522 1813 1770 1864 καθίστα.
1801 1876 1814 1886 .

165 1905 278 1953 Καί
321 1920 438 1954 τινα
489 1898 556 1960 δὴ
607 1902 900 1963 παλαιστὴν
940 1907 1028 1956 καὶ
1079 1903 1364 1975 πυγμάχου
1413 1907 1641 1973 γενναῖον
1683 1904 1772 1951 καὶ

160 1987 542 2061 ἀπαράμιλλον,
598 1993 746 2066 ῥώμη
808 2011 861 2046 τε
924 1998 1238 2064 κρατοῦντα,
1293 1995 1382 2042 καὶ
1449 1994 1536 2046 τήν
1610 1987 1770 2048 ἀλκὴν

163 2077 546 2147 ἀνυπόστατον,
616 2090 876 2152 προσῆγεν
935 2081 1001 2142 εἰς
1053 2084 1230 2152 μέσον,
1291 2080 1471 2151 οἷάπερ
1523 2074 1769 2153 ἀνδρικὸν

157 2169 227 2221 τα
263 2167 480 2240 πολέμια
512 2186 524 2198 ⁸
559 2177 759 2232 Λυαῖος
789 2174 949 2241 ὄνομα
977 2178 1048 2240 τῷ
1080 2166 1235 2244 ἀνδρί
1271 2186 1283 2198 ⁸
1328 2169 1400 2239 ἐφ’
1441 2168 1480 2239 ᾧ
1519 2171 1608 2219 καὶ
1637 2171 1770 2239 μέγα

157 2259 362 2331 ἐφρόνει
410 2258 760 2330 Μαξιμιανός.
821 2264 964 2312 Ἐπεὶ
1017 2266 1139 2330 γοῦν
1203 2256 1250 2310 ἐν
1305 2261 1446 2328 μέσῳ
1490 2264 1560 2326 τῷ
1607 2254 1768 2326 ἀγῶνι

155 2351 446 2418 γενόμενος,
515 2348 607 2402 οὐκ
661 2346 773 2419 εἶχε
827 2353 914 2399 τὸν
981 2347 1352 2418 συμπλακῆναι
1419 2353 1490 2415 τῷ
1547 2350 1766 2418 γενναίῳ

153 2435 335 2507 ἐκείνῳ
408 2436 755 2508 τολμήσοντα,
833 2443 1033 2501 νεανίας
1106 2456 1181 2497 τις
1247 2436 1432 2489 ἐκεῖθεν
1508 2436 1597 2507 μὲν
1672 2439 1764 2493 τὴν

155 2530 360 2596 γένεσιν
403 2527 578 2590 ἕλκων,
635 2531 824 2601 ὡραῖος
864 2524 922 2580 δὲ
967 2527 1135 2590 ἄλλως
1189 2523 1338 2591 ἰδεῖν,
1396 2529 1485 2576 καὶ
1533 2526 1592 2575 τὸ
1647 2520 1768 2595 ᾖθος

158 2614 258 2667 οὒκ
329 2616 543 2687 ἄχαρις,
616 2616 754 2687 φίλος
817 2614 861 2676 ἐς
923 2615 991 2667 τα
1057 2615 1288 2686 μάλιστα
1353 2617 1635 2686 Δημητρίῳ
1694 2619 1766 2682 τῷ

155 2704 391 2778 μάρτυρι
434 2722 446 2734 '
498 2709 713 2778 Νέστωρ
757 2701 816 2758 δὲ
863 2704 1125 2758 ἐκαλεῖτο·
1188 2705 1338 2766 οὗτος
1392 2699 1656 2778 ὃρομαίως
1696 2708 1767 2771 τῷ

155 2796 386 2867 μάρτυρι
438 2793 755 2868 προσελθὼν,
811 2794 943 2866 εὐχῇ
1000 2813 1052 2848 τι
1107 2795 1427 2864 νευρωθῆναι
1487 2795 1618 2863 ᾔτει,
1679 2794 1768 2841 καὶ

158 2881 534 2956 ἐπιτετράφθαι
591 2885 638 2935 οὶ
713 2888 806 2943 τὴν
871 2883 1039 2941 πάλην
1107 2879 1295 2938 ἐδεῖτο.
1361 2886 1654 2952 Δημήτριος
1717 2875 1767 2932 δ’

152 2971 400 3042 εὐλὶγῶν.
465 2976 565 3024 Καὶ
613 2976 698 3024 τὸν
755 2977 972 3037 Λυαῖον,
1025 2973 1137 3044 ἔφη,
1193 2973 1440 3032 νικήσεις,
1500 2974 1589 3021 καὶ
1637 2969 1766 3041 ὑπὲρ

1889 486 2150 544 namque
2179 478 2234 528 et
2264 473 2579 543 argenteis,
2609 489 2761 546 quos
2790 473 2895 529 sibi
2919 473 3044 529 fieri
3073 480 3401 540 curaverat,
3433 475 3547 530 diis

1889 562 2293 626 comminutis,
2327 578 2656 636 eorumque
2697 563 2882 634 pretio
2914 564 2973 618 in
3004 551 3299 636 pauperes
3331 580 3550 634 expen-

1888 665 1975 716 so,
2015 666 2154 706 mox
2194 650 2371 706 etiam
2411 667 2548 706 cum
2587 653 2670 707 eis
2726 652 2830 725 qui
2873 652 3111 708 frivolos
3161 652 3548 709 adulterinos-

1885 753 2004 810 que
2025 738 2169 794 deos
2191 740 2677 812 propugnabant,
2697 739 2854 796 bello
2876 757 3256 812 congressus,
3288 741 3551 797 illorum-

1888 843 2004 899 que
2025 827 2364 884 inﬁrmitate
2384 845 2490 902 per
2512 828 2822 886 infamiam
2845 834 3065 895 notata,
3087 829 3273 902 ipsius
3297 846 3432 886 vero
3459 831 3548 887 Je-

1889 932 1958 972 su
1977 916 2184 972 Christi
2201 917 2495 974 immensa
2512 923 2908 992 naturamque
2927 934 3313 992 supergressa
3343 924 3546 990 poten-

1888 1006 1970 1063 tia
2006 1006 2327 1077 magniﬁce
2356 1006 2619 1072 laudata,
2653 1024 2804 1078 quas
2831 1023 2952 1062 non
2979 1007 3072 1063 ille
3096 1024 3308 1080 poenas
3327 1008 3550 1064 fortiter

1888 1093 2211 1151 toleravit?
2247 1111 2382 1168 quae
2423 1094 2587 1150 illum
2629 1095 2877 1152 fidiculis
2919 1101 2974 1152 et
3014 1102 3252 1152 ton-turre
3310 1103 3548 1168 prseter-

1888 1184 2056 1240 tere?
2094 1183 2313 1256 quibus
2352 1184 2589 1254 ungulis
2629 1185 2777 1240 cutis
2817 1186 2946 1256 ejus
2985 1185 3224 1241 concisa
3255 1201 3374 1241 non
3407 1186 3548 1242 est?

1888 1288 2043 1344 quos
2071 1272 2241 1342 ignes
2267 1289 2492 1345 quasve
2519 1273 2675 1329 faces
2700 1274 2976 1330 membra
3001 1275 3130 1344 ejus
3157 1280 3399 1346 experta
3425 1290 3547 1330 non

1887 1363 2070 1418 sunt?
2099 1376 2359 1435 quorum
2384 1361 2876 1418 ferramentorum
2907 1378 3388 1434 mucronumque
3417 1378 3548 1418 cor-

1887 1450 2016 1522 pori
2048 1450 2177 1522 ejus
2216 1450 2643 1508 intentatorum
2673 1452 2832 1507 acies
2865 1452 3156 1508 hebetatae
3195 1467 3316 1507 non
3357 1452 3546 1507 sunt?

1887 1542 1991 1595 Per
2014 1555 2149 1613 quae
2166 1546 2344 1612 atque
2361 1539 2452 1595 his
2483 1540 2699 1596 similia
2728 1545 3042 1605 tormenta,
3065 1557 3251 1612 quam
3269 1540 3545 1612 plurimis

1885 1644 1956 1684 ex
1986 1629 2196 1700 primis
2219 1629 2595 1686 senatoribus
2623 1631 2910 1702 martyrio
2936 1630 3233 1685 coronatis
3257 1629 3334 1685 ad
3358 1630 3544 1686 Deum

571 1723 803 1778 κάκεῖνον
845 1729 933 1796 μὲν
975 1726 1124 1786 εὐθὺς
1165 1725 1365 1796 φρουρὰ
1404 1719 1714 1795 διελάμϐανε
1759 1737 1765 1751 ⁴

1883 1719 2226 1791 praemissis,
2251 1723 2557 1791 postremo
2582 1722 2636 1774 et
2668 1718 2794 1791 ipse
2816 1718 3018 1789 gladio
3040 1734 3381 1790 percussus,
3404 1735 3543 1776 cum

1887 1805 2065 1881 460
2082 1807 2411 1863 incredibili
2428 1806 2627 1864 laetitia
2648 1807 2724 1864 ad
2745 1807 2978 1864 dudum
3001 1807 3110 1864 sibi
3135 1807 3541 1864 desideratum

1884 1898 2176 1952 Christum
2226 1897 2541 1953 concessit.
2589 1897 2890 1953 Herculius
2929 1902 3152 1960 autem,
3188 1913 3324 1951 cum
3365 1898 3542 1954 Thes-

1883 1984 2212 2042 salonicam
2260 1985 2532 2050 venisset,
2585 1985 2946 2041 Demetrium
2998 1985 3264 2056 quidem,
3330 1985 3541 2041 Christi

1881 2079 2225 2146 martyrem,
2269 2074 2624 2144 primarium
2663 2075 2792 2145 ejus
2829 2073 2941 2129 loci
2986 2073 3202 2141 virum,
3259 2073 3539 2130 civitatis-

1881 2179 1998 2237 que
2054 2163 2205 2219 adeo
2250 2164 2437 2234 ipsius
2486 2162 2852 2236 prmfectum,
2912 2161 3077 2236 quod
3126 2163 3177 2218 ei
3236 2162 3535 2220 Christum

1879 2253 2145 2326 proﬁteri
2192 2252 2424 2308 delatus
2475 2258 2651 2316 esset,
2707 2251 2992 2309 custodiri
3048 2251 3244 2324 jubet.
3307 2252 3540 2309 Civitati

1878 2347 2079 2399 autem
2144 2342 2472 2398 certamina
2536 2346 2592 2396 et
2660 2340 2835 2397 ludos
2898 2345 3206 2413 equestres
3271 2340 3537 2396 exhibet.

1879 2435 2068 2502 Atque
2108 2429 2169 2486 in
2198 2430 2268 2486 iis
2298 2429 2648 2486 luctatorem
2679 2434 2732 2485 et
2767 2429 3033 2501 pugilem
3064 2427 3325 2485 nobilem
3356 2435 3538 2501 atque

1878 2519 2188 2586 invictum,
2232 2519 2573 2591 roboreque
2621 2524 2676 2573 et
2721 2518 2947 2573 viribus
2989 2518 3255 2587 corporis
3309 2518 3539 2575 incom-

1877 2609 2232 2680 parabilem,
2270 2607 2412 2663 artis
2455 2606 2722 2662 militaris
2755 2612 2810 2662 et
2840 2606 3064 2663 bellicte
3107 2606 3387 2678 peritum,
3438 2625 3538 2664 cu-

1873 2699 1973 2771 jus
2011 2697 2352 2754 fortitudine
2392 2696 2788 2753 Maximianus
2832 2695 3074 2765 gloriari
3115 2695 3292 2751 etiam
3325 2695 3535 2752 solitus

1879 2787 2090 2851 fuerat,
2113 2801 2333 2843 nomen
2367 2785 2444 2842 illi
2471 2791 2595 2840 erat
2628 2785 2823 2858 Lyaeo,
2859 2785 2919 2839 in
2951 2800 3197 2840 arenam
3231 2784 3531 2856 producit.

1881 2879 2028 2934 Cum
2079 2877 2282 2948 itaque
2331 2875 2381 2930 is
2439 2874 2498 2930 in
2551 2875 2820 2932 medium
2874 2874 3283 2945 processisset,
3339 2890 3536 2947 neque

1879 2965 2204 3038 quisquam
2236 2969 2391 3020 esset
2437 2964 2539 3035 qui
2589 2979 2727 3018 cum
2778 2962 2876 3018 illo
2925 2961 3208 3032 congredi
3268 2962 3534 3031 auderet,

153 3068 392 3134 Χριστοῦ
444 3065 824 3135 μαρτυρήσεις.
886 3065 988 3115 Καὶ
1039 3058 1122 3112 ἰπὶ
1169 3062 1254 3110 τὸν
1306 3057 1484 3130 ἀγῶνα
1521 3057 1630 3123 ἰὼν,
1664 3062 1765 3117 τοῖς

1876 3054 2116 3124 juvenis
2168 3051 2422 3125 quidam
2477 3050 3025 3109 Thessalonicensis
3075 3051 3246 3118 civis,
3287 3055 3537 3124 aspectu

148 3150 552 3223 ἀπηωρημένοις
637 3152 866 3204 κάτωθεν
941 3154 1030 3202 καὶ
1132 3147 1459 3220 ἕμπεπηγόσι
1569 3146 1766 3220 ξίφεσιν

146 3239 348 3302 ἐπι3εἱς
411 3241 497 3293 τὸν
573 3246 789 3306 Λυαῖον,
864 3242 1098 3292 ἔκτεινεν.
1177 3241 1468 3292 Ἐκτείνετο
1544 3232 1603 3289 δὲ
1675 3254 1765 3303 καὶ

151 3329 335 3394 αὐτὸς,
388 3336 478 3381 τοῦ
510 3327 770 3400 βασιλέως
824 3328 1201 3403 ὑπερζέσαντος
1232 3335 1303 3398 τῷ
1336 3329 1502 3397 θυμῷ.
1557 3324 1764 3377 Ἐντεῦ-

155 3421 242 3472 θεν
305 3421 756 3492 καὶεΔημήτριος
814 3419 883 3478 ὡς
935 3417 1119 3469 ἐκεῖνον
1174 3419 1359 3488 εὐχαῖς
1415 3413 1760 3478 καθοπλίσας,

146 3508 384 3578 λόγχαις
433 3509 568 3559 κατὰ
624 3507 852 3579 πλευρῶν
893 3505 1102 3580 ἀθρόαις
1132 3505 1466 3568 ἐκκεντηθεὶς,
1513 3506 1569 3556 τό
1613 3500 1759 3576 βιοῦν

145 3596 511 3669 μεταλλάττει.
563 3604 646 3666 Τῷ
701 3594 758 3649 δὲ
813 3599 1170 3666 παρακειμένῳ
1225 3595 1392 3668 ῥιφεὶς
1449 3596 1653 3666 φρέατι,
1711 3589 1757 3651 ἐς

148 3683 316 3760 δεῦρο
367 3689 461 3747 τὰς
506 3685 793 3746 ἀκενὼτους
844 3693 943 3736 τῶν
1000 3687 1176 3756 μύρων
1231 3681 1508 3741 ἀναϐλύζει
1561 3682 1752 3750 πηγάς.

145 3779 232 3829 Τὰ
277 3779 366 3848 μεν
417 3771 484 3834 δὴ
545 3784 643 3827 τῶν
697 3774 966 3846 ἐπισήμων
1032 3774 1308 3844 μαρτύρων
1359 3767 1492 3828 ἦσαν
1537 3769 1585 3821 ἐν
1640 3771 1753 3819 τού.

146 3884 277 3925 τοις·
361 3865 418 3916 τό
475 3861 534 3917 δὲ
576 3864 772 3924 πλῆθος
823 3871 922 3913 τῶν
977 3862 1140 3914 ἄλλων
1194 3857 1420 3930 Εύσεϐίῳ
1479 3867 1551 3927 τῷ
1603 3864 1755 3928 Παμ-

151 3959 306 4028 γίΑου
337 3955 598 4027 Μαρτύρ
613 3974 688 4004 ων
749 3959 1127 4023 συναγωγῆς
1155 3948 1353 4022 βιϐλίον
1387 3946 1751 4018 συνταξαμένῳ

145 4046 314 4097 ἐκεῖνο
389 4047 510 4104 τοὺς
587 4041 927 4115 βουλομένους
1003 4041 1176 4101 ζητεῖν
1251 4043 1340 4090 καὶ
1416 4035 1750 4107 ἐντυγχάνειν

141 4141 412 4204 νουνεχῶς
463 4131 820 4203 ἔπιτρέπομεν,
882 4129 930 4182 ἐν
1102 4136 1196 4191 τῆς
1259 4125 1554 4201 ἀπορρήτου
1623 4132 1748 4199 Χρι-

145 4229 277 4276 στοῦ
305 4219 578 4293 δυνάμεως
607 4223 672 4273 τὰ
705 4223 900 4292 ἐμφανῆ
936 4223 1193 4292 τεκμήρια
1222 4212 1604 4269 διαδείκνυται.

1877 3143 2145 3216 pulcher,
2194 3141 2462 3197 moribus
2511 3146 2710 3196 autem
2764 3141 3068 3208 humanus
3113 3145 3167 3196 et
3215 3140 3532 3210 gratiosus,

1876 3247 1948 3288 ac
1992 3232 2237 3304 martyri
2281 3231 2568 3287 Demetrio
2610 3230 2870 3284 maxime
2909 3229 3143 3293 charus,
3183 3231 3388 3285 Nestor
3426 3246 3538 3287 no-

1873 3323 2055 3387 mine,
2107 3320 2369 3376 celeriter
2421 3319 2496 3376 ad
2550 3319 2909 3375 Demetrium
2961 3319 3160 3382 currit,
3207 3319 3284 3374 ab
3341 3335 3533 3392 eoque

1873 3411 2031 3486 petit,
2075 3415 2141 3466 ut
2169 3425 2307 3465 cum
2347 3409 2398 3464 ei
2433 3425 2569 3464 cum
2603 3407 2800 3480 pugile
2831 3407 2928 3464 illo
2961 3405 3242 3477 congredi
3286 3408 3528 3478 permit-

1871 3505 1975 3564 tat,
2019 3505 2144 3554 tum
2186 3499 2456 3554 oratione
2495 3513 2604 3552 sua
2644 3496 2827 3550 robur
2857 3498 3130 3566 viresque
3161 3500 3395 3565 augeat.
3424 3496 3535 3549 Dc-

1869 3589 2113 3644 metrius
2153 3588 2205 3642 ei
2252 3585 2565 3649 benedicit,
2599 3591 2675 3648 et,
2723 3585 2964 3656 Lyaeum
3013 3583 3250 3656 (inquit)
3300 3583 3528 3653 vinces,

1867 3676 2166 3749 simulque
2211 3690 2320 3746 pro
2366 3673 2594 3728 Christo
2637 3672 2992 3744 martyrium
3034 3671 3376 3727 sustinebis.
3429 3671 3527 3727 Ille

1865 3766 1928 3822 in
1974 3772 2274 3820 certamen
2325 3778 2708 3834 progressus.
2780 3761 3040 3832 Lajteum
3091 3761 3150 3814 in
3216 3775 3526 3816 mucrones

1861 3855 1966 3927 qui
2000 3856 2059 3909 in
2106 3859 2259 3909 terra
2304 3866 2547 3906 sursum
2588 3865 2830 3904 versum
2869 3848 3048 3904 deﬁxi
3096 3847 3352 3914 fuerant,
3389 3865 3524 3921 pro-

1863 3948 2115 3999 stratum
2171 3941 2404 3997 occidit.
2468 3939 2582 3996 Sed
2641 3943 2696 3994 et
2753 3939 2882 4011 ipse
2941 3936 3094 3991 illico
3144 3935 3523 4006 imperatoris

1854 4032 2047 4104 jussu,
2089 4029 2192 4103 qui
2237 4029 2324 4084 ira
2381 4034 2587 4084 contra
2634 4042 2771 4082 eum
2826 4030 3148 4092 exarserat,
3204 4025 3516 4081 occiditur.

1861 4121 2081 4177 Deinde
2111 4133 2352 4191 quoque
2386 4115 2734 4180 Demetrius,
2776 4116 2940 4186 quod
2971 4113 3138 4169 illum
3177 4114 3519 4186 precatione

1861 4209 2300 4274 conﬁrmasset,
2327 4206 2516 4262 hastis
2545 4221 2650 4278 per
2675 4204 2861 4260 latera
2883 4202 3155 4276 pluribus
3183 4201 3518 4275 confossus,

141 4328 176 4367 θ
230 4315 348 4368 Vita
386 4311 642 4367 excessit
695 4325 706 4363 :
761 4314 818 4364 et
858 4309 918 4365 in
967 4307 1308 4379 proximum
1371 4305 1676 4373 conjectus
1733 4304 2006 4375 puteum,
2061 4299 2138 4355 ad
2178 4297 2338 4354 hunc
2380 4310 2574 4368 usque
2613 4294 2772 4350 diem
2826 4293 3033 4364 jugem
3075 4297 3518 4363 unguentorum

134 4399 372 4473 profert
409 4400 655 4457 fontem.
703 4398 838 4454 Haec
881 4397 956 4452 de
999 4395 1332 4451 celebribus
1375 4391 1823 4465 illustribusque
1867 4388 2250 4461 martyribus.
2291 4385 2401 4452 Qui
2454 4399 2594 4473 vero
2644 4381 3009 4455 reliquorum
3071 4379 3514 4438 multitudinem

136 4472 512 4559 cognoscere
555 4488 698 4551 vult,
748 4487 798 4543 is
837 4485 1150 4555 diligenter
1194 4482 1426 4539 Eusebii
1467 4481 1760 4553 Pamphili
1796 4479 2080 4535 volumen
2126 4476 2304 4546 legat,
2349 4472 2513 4546 quod
2559 4474 2641 4528 De
2693 4477 2844 4528 coetu
2891 4475 3228 4559 martyrum
3271 4485 3515 4540 compo-

136 4557 287 4644 suit,
320 4579 383 4637 in
408 4594 530 4650 quo
559 4575 880 4634 ineffabilis
913 4575 1121 4631 Christi
1148 4573 1378 4629 virtutis
1409 4576 1465 4629 et
1494 4571 1802 4642 potestatis
1834 4567 2166 4626 clarissima
2190 4563 2410 4622 indicia
2439 4567 2620 4634 atque
2647 4560 2995 4616 testimonia
3025 4557 3438 4615 ostenduntur.

749 4695 994 4746 ΚΕΦΑΛ.
1028 4691 1150 4773 Ις.

128 4806 288 4878 Περὶ
354 4810 470 4854 τῶν
500 4807 611 4860 τῆς
641 4798 859 4856 Ἐκκλη
880 4803 1022 4859 σίας
1052 4791 1399 4878 προέξρων,
1423 4794 1574 4878 βσοιί
1606 4787 1746 4878 θια-

209 4860 440 4947 ᾧὸροις
503 4871 558 4924 ἐν
597 4876 820 4931 τόποις
859 4874 926 4921 τὸ
966 4860 1128 4921 κατᾶ
1186 4860 1479 4949 Χριστὸν
1520 4860 1744 4920 διήνυ-

213 4941 331 4998 σαν
375 4942 670 5006 στάδιον,
711 4947 819 4996 καὶ
859 4947 1005 5026 περὶ.
1041 4948 1152 5024 τῆς
1192 4941 1294 4990 ἐπὶ
1333 4941 1402 5005 τιὸ
1441 4943 1741 5010 κρεῖττον
1774 4972 1819 5026 D

206 5027 327 5073 τῶν
366 5017 765 5092 πραγμάτων
803 5012 1160 5086 μεταϐολῆς
1197 5028 1209 5040 ’

205 5123 370 5177 Ἀλλά
430 5126 489 5174 τὸ
549 5125 636 5194 μὲν
695 5123 910 5174 ἕκαστον
966 5123 1097 5193 πρὸς
1143 5121 1302 5189 ὄνομα
1348 5118 1522 5188 μνείαν
1579 5120 1741 5168 ποιεῖ-

130 5217 267 5270 σθαι
330 5213 388 5265 ού
455 5215 606 5282 μόνον
655 5219 754 5264 τῶν
807 5206 1086 5280 δυσχερῶν
1143 5205 1275 5278 ἐμοὶ,
1329 5205 1457 5257 ἀλλὰ
1505 5208 1591 5256 καὶ
1641 5211 1740 5254 τῶν

124 5306 254 5358 λίαν
305 5299 576 5353 ἀδυνάτων
605 5300 903 5371 λελόγισται
932 5319 944 5331 ο
980 5299 1043 5356 ὡς
1090 5296 1149 5346 ἂν
1182 5293 1240 5348 δὲ
1285 5298 1430 5364 τύπῳ
1473 5295 1591 5354 τοὺς
1621 5295 1740 5345 ἐπι-

131 5399 350 5464 σήμ-ους
409 5388 696 5453 διαλαϐεῖν,
752 5395 950 5462 πρῶτος
1017 5387 1085 5445 ὡς
1146 5383 1191 5436 ἐν
1258 5382 1420 5453 στήλῃ
1481 5381 1740 5442 εὐσεϐείας

127 5481 536 5554 ἀναγορευέσθω
586 5480 610 5530 ὁ
661 5486 752 5538 τῆς
821 5472 1161 5548 Νικομήδους
1215 5477 1491 5532 ἐπίσκοπος
1567 5470 1741 5523 ’Ἄνθι-

126 5591 234 5645 μος
284 5574 376 5627 τὴν
420 5567 640 5642 κεφαλήν
693 5565 974 5637 ἐκτμηθείς.
1029 5559 1132 5616 Εἶτ’
1179 5559 1278 5612 ἀπὸ
1324 5569 1414 5621 τῆς
1457 5561 1739 5630 Ἀντιοχου

2483 4679 2702 4734 CAPUT
2734 4676 2867 4732 XVI.

1853 4791 1940 4846 De
1961 4787 2365 4845 Ecclesiarum
2397 4784 2699 4854 episcopis,
2723 4782 2826 4852 qui
2849 4781 3032 4836 variis
3057 4780 3118 4834 in
3148 4779 3288 4834 locis
3319 4779 3508 4854 curri-

1924 4862 2121 4916 culum
2138 4851 2530 4915 Chm’stisti'en
2540 4851 3063 4923 uepercurrerant,
3079 4857 3129 4908 et
3146 4855 3205 4906 ut
3225 4865 3315 4906 res
3332 4851 3508 4907 (Πενία

1921 4933 2120 4990 stiana
2143 4932 2204 4987 in
2233 4929 2439 4989 melius
2465 4931 2539 4986 sit
2567 4932 2944 4983 commutata.

1923 5115 2072 5170 Nam
2103 5121 2600 5180 unumquemque
2629 5119 2834 5160 eorum
2860 5100 3214 5158 nominatim
3240 5114 3503 5156 recense-

1849 5217 1933 5268 re,
1952 5215 2075 5257 non
2095 5197 2279 5255 modo
2299 5194 2536 5250 difﬁcile
2569 5192 2712 5249 mihi
2732 5206 2880 5257 esse,
2900 5192 3004 5246 sed
3038 5205 3232 5262 neque
3251 5189 3502 5246 omnino

1849 5291 1973 5348 ﬁeri
2026 5303 2205 5360 posse
2255 5285 2500 5340 videtur.
2538 5285 2605 5340 Ut
2643 5284 2843 5338 autem
2898 5278 3225 5350 simplicius
3255 5277 3501 5350 pracla-

1848 5380 2120 5435 rissimos
2149 5390 2424 5448 quosque
2459 5372 2805 5434 referamus,
2841 5369 3068 5441 primus
3100 5366 3271 5421 veluti
3304 5366 3363 5420 in
3395 5381 3501 5437 pu-

1848 5468 2007 5524 blica
2038 5482 2190 5522 verae
2217 5463 2450 5536 pietatis
2471 5461 2754 5517 columna
2776 5458 3106 5527 illustrique
3130 5455 3260 5510 loco
3285 5469 3501 5528 propo-

1849 5562 2050 5624 natur,
2093 5552 2454 5612 Nicomediaa
2516 5549 2836 5622 episcopus
2895 5545 3230 5614 Anthimus,
3286 5543 3496 5616 capitis
