4016 6224
202 270 339 330 1241

813 401 1058 456 ΚΕΦΑΛ.
1102 401 1198 458 ῙΖ’.

217 515 304 568 Ως
343 509 368 558 6
407 509 515 586 μεν
557 507 1022 586 Δὶιοκλητιανρῌς
1059 509 1350 586 γαμϐρὸν
1386 515 1493 583 μεν
1532 513 1806 586 Μαξεμῖ.

274 598 376 653 νον
415 579 920 653 τὸνΑΓαλλέριον
963 579 1159 653 ἔσχε(
1211 579 1617 653 Μαξίμιανὸς
1669 579 1804 638 6'16

275 650 678 729 :8911061110;
718 650 1110 729 Κώνσταντα
1169 657 1275 705 τὸν
1331 650 1580 729 Χλωρὸν
1621 654 1802 729 βασις

277 722 462 775 λικοῦ
498 728 939 801 καταγόμενον
979 726 1393 801 αἱματοςηὼς
1426 722 1534 780 καὶ
1593 722 1802 801 πατὴρ

276 802 392 847 τοῦ
429 795 710 866 μεγάλου
752 795 1247 849 Κωνσταντίνου
1283 796 1552 869 ἐγένετο.

1833 408 1881 464 Α

278 901 645 963 Διοκλητιανὸς
702 905 896 954 εἰκοσιν
956 905 1043 962 ἔτη
1093 906 1160 956 τὰ
1209 906 1378 957 πάντα
1429 909 1801 978 ἡγεμονεύσας,

202 999 279 1062 τῷ
343 992 572 1064 τετάρτῳ
625 998 721 1051 τῆς
777 990 952 1063 ἀρχῆς
1001 995 1122 1057 ἔτει,
1177 993 1506 1065 Μαξιμιανὸν
1561 997 1648 1047 169
1697 994 1807 1066 Ἐρ-

201 1078 441 1131 κούλλιον
496 1077 895 1151 συμϐασιλεύειν
948 1083 1188 1154 αἱρεῖται.
1229 1086 1436 1135 Τούτων
1475 1085 1500 1135 6
1549 1087 1639 1156 μεν
1695 1090 1806 1136 Διο-

204 1168 504 1233 κλητιανός,
563 1167 803 1242 γαμϐρὸν
882 1168 966 1222 ἰπὶ
1032 1171 1253 1242 θυγατρὶ
1321 1171 1588 1244 Γαλλερὶᾳ,
1643 1172 1808 1234 M0151-

203 1265 355 1330 μῖνον
421 1259 476 1319 ὃς
531 1262 622 1310 καὶ
667 1257 938 1332 Γαλλέριος
995 1257 1274 1328 ἐπεκλήθη,
1312 1259 1562 1332 λαμϐάνει
1601 1275 1613 1287 ·
1681 1261 1706 1312 6
1756 1257 1805 1312 δ’

205 1343 275 1398 αὖ
315 1347 644 1419 Μαξιμιανὸς
683 1348 708 1398 6
755 1347 1073 1419 Ἐρκούλλιος
1127 1347 1212 1401 ἰπὶ
1269 1346 1522 1422 Θεοδώρᾳ
1575 1358 1638 1422 τῇ
1692 1346 1809 1421 ἰδίᾳ

208 1437 431 1510 θυγατρί
492 1441 806 1488 Κώνσταντα
851 1439 1028 1507 ἔσχεν,
1148 1440 1473 1512 Πανύπερτος
1521 1442 1611 1490 καὶ
1664 1437 1808 1492 X11»-

201 1528 299 1598 ρὸς
347 1524 620 1586 ἐπίκλησις
669 1526 753 1589 ἦν,
785 1531 878 1584 τὴν
929 1525 1077 1587 ἀξίαν
1123 1534 1413 1584 τηνικαῦτα
1457 1531 1550 1585 τὴν
1603 1526 1808 1601 τριϐού-

202 1633 296 1665 νου
329 1610 596 1683 διέποντα.
632 1613 871 1685 Ἀνεψίὸς
903 1612 961 1667 δε
1006 1612 1274 1668 Κλαυδίου
1305 1617 1330 1667 6
1378 1622 1626 1678 Κώνστας
1661 1615 1808 1687 ἐτύγ-

202 1722 370 1775 χανεν
401 1703 488 1767 ών,
528 1710 621 1755 τοῦ
673 1707 773 1776 πρὸ
815 1703 1141 1778 Αὐρηλιανοῦ
1194 1709 1284 1758 καὶ
1316 1705 1683 1764 Διοκλητιανοῡ
1714 1703 1808 1778 βα-

205 1791 559 1851 σιλεύσαντος.
639 1787 850 1844 Εἰδέναι
913 1797 1085 1865 μέντοι
1133 1799 1325 1866 χρεών,
1393 1796 1457 1854 ὡς
1512 1799 1601 1846 καὶ
1654 1795 1807 1866 ἄμφω

200 1884 440 1952 γαμετὰς
483 1883 691 1952 ἔχοντες
740 1889 802 1954 τῇ
852 1884 982 1953 πρὸς
1010 1885 1124 1942 νοὺς
1177 1879 1406 1944 ϐασιλεῖς
1447 1891 1642 1958 στοργῇ
1677 1887 1808 1935 ταύ-

203 1988 299 2030 τας
347 1968 614 2022 ἀπέλιπον.
664 1976 738 2042 Τῇ
793 1966 852 2023 6'1
907 1967 1159 2044 Θεοδώρᾳ
1214 1972 1496 2034 Μαξέντιος
1546 1969 1608 2030 ἦν
1654 1969 1807 2024 ἀδελ-

203 2062 323 2132 φὸς,
367 2049 408 2110 ’ὁ
447 2061 582 2110 κατά
637 2064 732 2117 τὴν
787 2059 1038 2113 Φουλϐίαν
1090 2065 1333 2134 γέφυραν,
1392 2064 1456 2121 ὡς
1511 2061 1630 2124 ἑξῆς
1667 2059 1808 2132 ἐροῦ-

200 2167 319 2221 μεν,
355 2145 679 2222 διαφθαρείς.
713 2148 802 2211 Ἐξ
857 2150 918 2212 ἧς
973 2145 1248 2223 Θεοδώρας
1275 2146 1371 2202 δύο
1411 2153 1565 2222 ἔσχεν
1597 2153 1622 2202 6
1670 2158 1806 2204 Κώνο

205 2257 342 2299 στας
379 2239 524 2299 υἱούς
566 2253 579 2265 ”
626 2237 1004 2304 Κωνστάντὶον,
1038 2239 1093 2300 ὃς
1147 2239 1430 2292 Ἰουλιανοῦ
1465 2247 1558 2292 τοῦ
1607 2236 1810 2292 δυσσε-

203 2325 328 2387 ϐοῦς
365 2331 453 2378 καὶ
509 2325 701 2379 Γάλλου
751 2331 926 2398 πατὴρ
958 2323 1020 2385 ἦν
1046 2344 1062 2361 ο
1108 2332 1198 2380 καὶ
1229 2327 1558 2381 Ἀναϐαλῑνον
1597 2332 1682 2380 169
1722 2333 1810 2380 καὶ

200 2414 521 2486 Δαλμάτιον,
569 2420 770 2488 πατέρα
805 2414 1102 2488 Δαλματίου
1150 2425 1242 2469 τοῦ
1271 2422 1384 2469 νέου
1426 2432 1439 2444 ⁸
1504 2422 1594 2469 καὶ
1653 2419 1807 2489 θυγαι

201 2509 335 2579 τέρα
381 2509 763 2570 Κωνσταντίαν,
822 2504 883 2562 ἢν
929 2511 1164 2568 Λικίνιος
1218 2508 1396 2578 ἔγημε,
1453 2512 1658 2579 Καῖσαρ
1717 2506 1811 2558 ὗσ-

201 2612 356 2665 τερον
450 2592 829 2669 ἀναγορευθείς.
909 2593 1178 2666 Γαλλέριος
1257 2591 1316 2647 δὲ
1393 2595 1701 2667 Μαξιμίνος,
1784 2597 1810 2647 6

205 2682 581 2740 Διοκλητιανοῦ
626 2681 884 2756 γαμϐρὸς,
933 2687 1022 2734 καὶ
1081 2683 1238 2744 αὐτὸς
1276 2680 1373 2735 δύο
1426 2687 1582 2756 ἔσχεν
1620 2687 1766 2745 υἱούς
1794 2701 1807 2714 ·

205 2771 502 2844 Μαξιμῖνον
553 2775 642 2825 169
684 2775 822 2824 κατά
858 2777 952 2830 τὸν
996 2773 1082 2840 ἔω,
1115 2771 1187 2844 ἐφ’
1222 2769 1282 2824 οὗ
1322 2774 1410 2824 κιὶὶ
1454 2776 1502 2825 οἱ
1542 2777 1666 2847 πρὸς
1713 2793 1811 2825 πα-

207 2865 334 2935 τρὸς
389 2868 462 2931 τῷ
511 2860 717 2933 μεγάλῳ
781 2861 1036 2932 Βασιλείῳ
1087 2866 1304 2935 πατέρες
1358 2857 1451 2914 διά
1505 2865 1590 2914 τὸν
1647 2861 1809 2914 αὐτοῦ

213 2947 447 3022 διωγμὸν
511 2950 559 3001 ἐν
617 2948 829 3010 ἀϐάτοις
887 2947 1146 3022 διέτριϐον
1199 2955 1386 3026 ὄρεσι·
1445 2956 1534 3003 καὶ
1590 2958 1810 3024 Σευῆρον

210 3041 382 3115 ἕτερον
438 3042 576 3092 κατὰ
624 3043 719 3098 τὴν
775 3039 975 3112 Ῥώμην
1049 3044 1293 3113 Καίσαρα
1358 3037 1807 3112 ἀναγορευθέντα·

205 3129 272 3182 οὗ
317 3129 742 3194 τελευτήσαντος,
799 3132 1013 3201 Λικινίῳ
1065 3130 1152 3181 169
1209 3127 1400 3182 ἐκείνου
1483 3131 1638 3181 τόπον
1688 3129 1812 3182 Ῥω·
1847 3107 1887 3163 C

202 3226 360 3292 μαῖοι
403 3218 701 3289 ἀπένειμαν,
755 3217 1101 3292 χαριζόμενοι
1161 3223 1533 3290 Κωνσταντίνῳ
1589 3215 1662 3290 τῷ
1717 3228 1813 3281 τῆς

202 3315 443 3380 γαμετῆς
491 3304 718 3380 ἀδελφῷ,
788 3315 1077 3366 τηνικαῦτα
1145 3307 1197 3360 έν
1251 3308 1490 3370 Γαλλίαις
1553 3314 1643 3362 καὶ
1693 3316 1811 3382 Βρε-

207 3401 413 3456 τανίαις
461 3393 529 3454 δὴ
584 3395 936 3470 βασιλεύοντι.
989 3396 1048 3449 'O
1103 3393 1161 3449 δὲ
1209 3397 1468 3471 εἰρημένος
1509 3403 1757 3460 Κώνστας
1786 3399 1811 3450 6

207 3487 425 3558 Χλωρὸς
481 3491 572 3538 καὶ
616 3487 785 3560 ἕτερον
831 3483 1004 3539 παῖδα
1053 3485 1105 3538 ἐκ
1163 3494 1256 3549 τῆς
1303 3492 1563 3561 μακαρίας
1609 3487 1814 3550 Ἑλένης

205 3579 300 3630 τὸν
342 3582 726 3629 Κωνσταντίνον
769 3581 919 3648 γεννᾷ
945 3595 958 3608 ο
1092 3579 1177 3628 καὶ
1226 3579 1284 3628 τὸ
1341 3577 1534 3648 κράτος
1580 3583 1670 3636 τῆς
1715 3576 1812 3650 ἀρ-

208 3674 326 3738 χῆς
383 3673 634 3738 παρῆκεν,
684 3668 751 3727 ὡς
813 3667 880 3717 τά
931 3673 1262 3738 Χριστιανῶν
1335 3664 1504 3726 καλῶς
1573 3665 1808 3736 ἑλομένῳ,

206 3756 590 3828 παρωσάμενος
640 3758 758 3815 τοὺς
810 3752 865 3806 ἐκ
920 3763 1020 3806 τών
1071 3758 1302 3825 γνησίων
1363 3754 1671 3826 σπερμάτων
1721 3761 1812 3815 τῆς

206 3840 489 3916 Θεοδώρας
527 3847 898 3915 γεγενημένους
940 3843 1101 3912 αὐτῷ.
1154 3841 1220 3894 Ὀ
1249 3861 1307 3913 γε
1357 3847 1456 3913 μὴν
1483 3846 1673 3914 τρόπος
1718 3849 1813 3904 τῆς

205 3938 303 3983 τοῦ
329 3930 557 4004 μεγάλου
591 3935 983 3984 Κωνσταντίνου
1023 3935 1310 4002 γεννήσεως
1337 3926 1483 3990 οὗτος
1514 3927 1597 3988 ἦν.

799 4043 1044 4093 ΚΕΦΑΛ.
1091 4036 1172 4090 ΙΗ’
1187 4079 1200 4093 .

209 4140 368 4210 Περὶ
408 4143 522 4196 τῆς
602 4141 923 4197 εννήσεως
961 4139 1071 4188 καὶ
1111 4131 1522 4196 διαίτηςκαὶ
1553 4132 1815 4206 ἀγωγῆς

247 4215 358 4258 τοῦ
389 4155 666 4258 μεγάλου
697 4208 1148 4258 Κωνσταντίου
1179 4212 1290 4258 καὶ
1323 4205 1789 4258 ἰσαποστολου.

247 4205 358 4259 τοῦ
386 4205 666 4280 μεγάλου
697 4208 1148 4262 Κωνσταντίου
1179 4212 1290 4258 καὶ
1323 4205 1789 4260 ἰσαποστολου.

285 4312 396 4358 Τῶν
445 4306 721 4380 εἰρημένων
778 4308 1038 4379 τυράννων
1094 4309 1188 4362 τὴν
1238 4307 1376 4356 κατά
1419 4309 1661 4375 Χριστοῦ
1718 4323 1814 4375 μα-

206 4399 323 4446 νίαν
372 4390 639 4446 ἄσπονδον
686 4391 1139 4466 ἐπιδεδειγμένων,
1202 4393 1355 4454 εὐθὺς
1409 4397 1498 4449 τὴν
1549 4391 1812 4464 Ῥωμαίων

1238 243 1800 335 ECCLESIASTlC/E
1843 278 2202 336 HISTOBIE
2237 280 2373 338 LIB.
2420 281 2536 338 vn.

3425 283 3565 340 1242

2529 410 2753 467 CAPUT
2789 407 2948 466 XVII.

1920 514 1991 572 Ut
2007 515 2405 571 Diocletianus
2416 531 2689 585 generum
2703 516 2816 572 sibi
2827 515 3204 571 Maximinum
3222 517 3562 579 Galterium,

1982 588 2390 643 Maximianus
2422 589 2739 644 Herculius
2758 594 2955 644 autem
2989 588 3366 645 Constantem
3395 589 3564 645 Chlo-

1985 674 2118 732 r_um
2145 659 2517 727 imperatorii
2525 659 2837 732 sanguinis
2852 673 3132 732 generum
3147 661 3450 730 delegerit,
3464 660 3568 732 qui

1986 730 2271 786 Constans
2299 737 2474 800 pater
2506 731 2712 801 magni
2741 730 3114 786 Constantini
3137 733 3275 801 fuit.

1987 906 2384 963 Diocletianus
2413 907 2542 978 ipse
2588 907 2792 978 viginti
2833 907 3075 964 duobus
3105 909 3353 966 omnino
3393 909 3566 965 annis

1914 997 2234 1070 imperium
2271 997 2504 1052 tenuit:
2565 1003 2621 1053 et
2666 1003 2881 1070 quarto
2933 999 3162 1071 imperii
3219 999 3308 1054 sui
3383 1015 3566 1062 anno,

1915 1101 2051 1140 cum
2092 1101 2268 1156 aequa
2293 1089 2605 1156 potestate,
2637 1085 3063 1142 Maximianum
3094 1087 3427 1143 Herculium
3455 1087 3567 1144 sibi

1916 1175 2140 1230 ascivit.
2174 1177 2395 1230 Horum
2450 1174 2844 1230 Diocletianus
2874 1191 3161 1244 generum
3190 1176 3300 1231 sibi
3344 1176 3407 1231 in
3446 1176 3570 1232 ﬁlia

1915 1263 2169 1319 Galleria
2209 1264 2350 1333 legit
2381 1264 2766 1319 Maximinum
2801 1264 2899 1335 (I),
2940 1264 3042 1336 qui
3075 1264 3250 1320 etiam
3286 1264 3570 1321 Callerius

1915 1365 2003 1407 est
2041 1353 2501 1424 cognominatus
2534 1369 2548 1418 ;
2592 1353 2986 1409 Maximianus
3035 1354 3335 1408 Herculius
3368 1359 3566 1408 autem

1914 1441 2288 1496 Theodoram
2333 1441 2671 1512 privignam
2729 1442 3032 1498 Constanti
3083 1440 3182 1514 (2),
3243 1441 3337 1497 cui
3389 1441 3566 1496 etiam

1915 1530 2141 1586 Proceri
2168 1536 2223 1585 et
2253 1529 2444 1586 Chlori
2477 1546 2813 1600 cognomen
2846 1530 2974 1596 fuit,
3005 1531 3250 1596 Claudii,
3281 1530 3382 1602 qui
3411 1534 3569 1592 ante,

1913 1620 2300 1675 Aurelianum
2351 1621 2692 1692 imperavit,
2735 1619 2983 1676 amitino
3045 1620 3146 1692 (3).
3201 1617 3565 1675 tribunitiam

1913 1715 2042 1765 tum
2079 1709 2365 1766 obtinenti
2408 1709 2781 1779 dignitatem,
2825 1711 2885 1764 in
2927 1707 3371 1765 matrimonium
3415 1707 3570 1762 loca-

1917 1799 2018 1854 vit.
2062 1800 2267 1855 Generi
2315 1814 2496 1871 porro
2532 1799 2624 1854 isti
2665 1799 2850 1854 ambo
2903 1814 3117 1854 uxores
3163 1803 3340 1853 antea
3390 1796 3571 1852 habe-

1914 1887 2081 1953 bant,
2129 1887 2236 1944 sed
2277 1904 2381 1944 eas
2422 1888 2482 1943 in
2529 1889 2957 1960 imperatorum
3003 1887 3257 1956 gratiam
3291 1886 3570 1956 repudia-

1914 1982 2073 2034 runt.
2100 1977 2424 2034 Theodoras
2457 1994 2637 2051 porro
2678 1977 2855 2032 frater
2883 1982 3009 2032 erat
3052 1975 3401 2039 Maxentius,
3443 1990 3566 2046 qui,

1917 2067 2090 2122 sicuti
2121 2069 2406 2139 deinceps
2458 2067 2748 2132 dicemus,
2781 2067 2837 2121 in
2884 2065 3076 2120 Milvio
3110 2071 3290 2137 ponte
3334 2063 3570 2119 interiit.

1919 2157 1998 2210 Ex
2042 2171 2115 2211 ea
2168 2154 2460 2211 Constans
2507 2155 2662 2210 duos
2710 2154 2974 2225 suscepit
3021 2153 3174 2210 ﬁlios
3225 2170 3236 2208 :
3285 2154 3572 2209 Constan-

1917 2243 2088 2309 tium,
2120 2245 2224 2317 qui
2267 2245 2432 2316 impii
2477 2244 2692 2299 Juliani
2734 2251 2788 2300 et
2819 2243 2964 2300 Galli
3013 2250 3182 2315 pater
3208 2243 3335 2312 fuit,
3366 2247 3421 2298 et
3460 2249 3573 2296 An-

1917 2334 2274 2402 nibalinum,
2315 2334 2418 2406 qui
2466 2333 2792 2390 Dalmatius
2830 2348 3075 2405 quoque
3105 2332 3298 2388 dictus
3335 2337 3442 2396 est,
3471 2331 3570 2402 ju-

1917 2423 2102 2479 nioris
2156 2423 2424 2479 Dalmatii
2468 2428 2698 2494 patrem
2745 2443 2758 2482 :
2813 2428 2871 2479 et
2913 2423 3096 2478 ﬁliam
3142 2421 3572 2488 Constantiam,

1917 2529 2054 2584 quae
2106 2513 2345 2577 Licinio,
2397 2518 2605 2585 postea
2659 2513 2875 2569 Caesari
2921 2513 3281 2576 renuntiato,
3337 2511 3564 2582 nupsit.

1919 2601 2204 2657 Gallerius
2286 2602 2658 2667 Maximinus,
2731 2600 3072 2656 Diocletiani
3143 2615 3344 2670 gener,
3415 2599 3571 2653 duos

1917 2704 2160 2761 quoque
2200 2689 2409 2744 habuit
2447 2689 2600 2746 ﬁlios
2632 2711 2644 2744 :
2680 2689 3086 2753 Maximinum,
3136 2689 3239 2760 qui
3279 2685 3572 2744 Orientale

1920 2779 2108 2834 tenuit
2153 2779 2490 2850 imperium,
2524 2780 2638 2834 sub
2688 2795 2810 2851 quo
2859 2778 3057 2834 Basilii
3107 2778 3311 2847 magni
3343 2775 3570 2848 paterni

1917 2873 2216 2939 parentes,
2275 2873 2517 2938 propter
2571 2867 2703 2938 ejus
2756 2867 3149 2922 saevissimam
3207 2865 3574 2938 persecutio-

1917 2971 2078 3026 nem,
2123 2956 2301 3030 463
2357 2957 2418 3012 in
2452 2956 2700 3012 desertis
2747 2961 2804 3012 et
2849 2957 3169 3012 inaccessis
3226 2954 3576 3010 habitarunt

1918 3045 2266 3102 montibus:
2300 3053 2356 3103 et
2387 3047 2691 3113 Severum,
2733 3048 2934 3101 Romae
2980 3045 3274 3100 Caesarem
3309 3043 3575 3098 declara-

1920 3139 2048 3192 tum
2082 3153 2094 3191 :
2129 3136 2300 3207 cujus
2340 3135 2400 3191 in
2439 3135 2638 3192 locum
2671 3134 2888 3190 deinde
2919 3135 3168 3190 Romani
3213 3131 3577 3188 suﬂ‘ecerunt

1921 3224 2231 3290 Licinium,
2291 3225 2679 3281 Constantino
2722 3223 3054 3294 gratiﬁcati,
3097 3223 3373 3294 conjugis
3417 3221 3574 3276 illius

1920 3315 2104 3381 fratri,
2132 3314 2234 3387 qui
2257 3321 2382 3369 tum
2412 3314 2471 3369 in
2502 3314 2702 3369 Galliis
2727 3321 2785 3369 et
2807 3313 3106 3369 Britannia
3144 3329 3281 3368 cum
3323 3309 3575 3382 imperio

1921 3404 2050 3460 fuit.
2103 3406 2394 3458 Constans
2452 3406 2614 3458 enim
2681 3402 2930 3459 Chlorus
2975 3402 3159 3458 alium
3208 3416 3450 3474 quoque
3504 3417 3575 3457 ex

1920 3492 2098 3548 beata
2147 3492 2361 3547 Helena
2407 3492 2640 3547 sustulit
2689 3491 2876 3546 tilium
2935 3491 3435 3546 Constantinum:
3480 3489 3573 3544 cui

1921 3583 2098 3638 etiam
2126 3581 2467 3651 imperium,
2513 3580 2676 3652 quod
2708 3580 3106 3636 Christianam
3145 3579 3250 3634 rite
3283 3579 3576 3650 suscepis-

1922 3675 2009 3726 set
2055 3670 2256 3734 tidem,
2324 3669 2578 3741 reliquit,
2638 3669 2911 3742 reliquis,
2959 3684 3113 3740 quos
3162 3669 3215 3722 ei
3267 3666 3576 3724 Theodora

1922 3761 2144 3831 genuit,
2173 3757 2452 3828 legitimis
2492 3758 2626 3813 ﬁliis
2651 3759 2918 3830 (propter
2952 3757 3286 3828 segnitiem)
3336 3755 3574 3812 abdica-

1923 3850 2014 3906 tis.
2049 3847 2421 3906 Constantini
2453 3848 2581 3918 ejus
2609 3855 2775 3902 ortus
2807 3849 2890 3902 sic
2919 3847 3120 3902 habet.

2529 4027 2749 4083 CAPUT
2788 4025 2970 4082 XVIII.

1923 4127 2008 4184 De
2040 4127 2373 4189 nativitate,
2419 4125 2766 4181 educatione
2789 4132 2840 4180 et
2876 4123 3250 4178 institutione
3279 4123 3484 4193 magni
3521 4128 3575 4178 et

2229 4197 2476 4269 aqualis
2513 4197 2799 4267 apostolis
2835 4195 3260 4252 Constanstini.

1991 4295 2274 4368 Tyranni,
2319 4311 2474 4368 quos
2518 4295 2804 4360 diximus,
2851 4309 2989 4348 cum
3023 4291 3571 4348 irreconciliabilem

1922 4400 2171 4456 prorsus
2201 4384 2460 4440 furorem
2489 4385 2545 4438 in
2587 4383 2889 4439 Christum
2916 4400 3094 4438 suum
3117 4383 3259 4437 satis
3283 4381 3576 4437 ostendis-

205 4491 308 4554 γῆν
337 4480 673 4536 παντοδαπαί
717 4502 852 4544 τινες
901 4484 1054 4557 ὀργαὶ
1115 4482 1355 4540 θεήλατοι
1410 4477 1751 4553 διελάμϐανον
1790 4496 1803 4509 ⁸

1925 4480 2076 4542 sent,
2129 4474 2415 4529 continuo
2462 4474 2640 4528 variae
2689 4488 3022 4544 gravesque
3061 4472 3266 4526 divina
3309 4470 3572 4525 vindicta

209 4577 410 4646 Πέρσαι
439 4578 525 4626 καὶ
568 4574 787 4646 Πάρθοι,
837 4575 968 4644 πρὸς
999 4569 1058 4624 δὲ
1103 4576 1193 4623 καὶ
1243 4572 1509 4643 Σαρμάται
1553 4576 1642 4622 καὶ
1685 4570 1814 4622 ιῦλα

204 4666 472 4736 πρόσοικα
533 4664 648 4720 ἔθνη
705 4663 804 4713 ὑπό
859 4661 1148 4732 Οὐαράχου
1216 4662 1664 4732 στρατηγούμενα,
1722 4663 1811 4717 τὴν

201 4751 472 4823 Ῥωμαίων
526 4751 893 4812 κατεληίζοντο
935 4769 948 4783 '

203 4837 542 4894 ὑπόσπονδον
617 4848 946 4898 καταστῆναι
1022 4842 1071 4892 οἱ
1165 4834 1416 4897 τηνικάδε
1509 4846 1812 4911 κρατοῦντες

748 4929 947 5001 Ῥώμης
1028 4927 1259 5001 πρέσϐυν
1327 4932 1412 4980 τὸν
1499 4933 1813 4980 Κώνσταντα

1007 4749 1061 4802 ὃν
1137 4750 1373 4825 εἰρηναῖα
1446 4755 1643 4822 φρονεῖν
1721 4759 1808 4806 καὶ

204 4927 532 5005 βουλόμενοι,
609 4929 662 4981 ἐκ

204 5021 453 5090 ἔπεμπον,
513 5023 846 5077 καταστῆσαί
914 5036 968 5070 τε
1022 5023 1117 5075 τὴν
1176 5017 1404 5088 εἰρήνην,
1470 5021 1560 5067 καὶ
1620 5012 1811 5083 δώροις

205 5107 419 5170 ὡςῖὶνὸν
452 5107 674 5168 έτησίοις
715 5111 774 5159 16
826 5105 1094 5180 βάρϐαρον
1142 5106 1394 5158 ὑπελθεῖν.
1440 5105 1582 5156 Ἐπεὶ
1615 5100 1674 5157 δε
1719 5109 1812 5163 τήν

206 5197 431 5272 ἑσπέραν
476 5195 693 5250 διελθὼν
742 5200 870 5268 πρὸς
899 5201 996 5258 τὴς
1034 5197 1098 5248 ἕω
1142 5194 1352 5269 ἐχώρει,
1393 5198 1482 5246 καὶ
1533 5198 1653 5266 περὶ
1700 5197 1807 5259 τὸν,

209 5289 264 5348 ὃς
316 5287 548 5340 καλεῖται
596 5290 852 5360 Δρέπανον
900 5292 1079 5350 τόπος,
1129 5283 1388 5354 ἐπήγνυτο
1431 5288 1523 5342 τὴν
1567 5285 1764 5340 σκηνήν
1794 5299 1806 5312 ·

204 5382 322 5451 περὶ
376 5372 434 5429 δὲ
499 5379 585 5428 τὸν
628 5375 816 5428 κόλπον
867 5382 963 5436 τῆς
1009 5369 1370 5445 Νικομηδείας
1417 5377 1475 5424 τὸ
1529 5378 1804 5446 Δρέπανον,

280 5503 362 5646 iii

402 5502 676 5560 Nonnulli
693 5501 1127 5558 Maximianum
1159 5504 1397 5555 vocant.

401 5577 786 5632 Constantem
815 5572 914 5630 alii
950 5571 1366 5629 Constantium
1398 5573 1636 5627 vocant.

1923 4565 2117 4636 plagas
2144 4563 2459 4633 imperium
2480 4565 2816 4617 Romanum
2829 4562 3174 4616 obruerunt.
3197 4563 3339 4615 Nam
3367 4559 3574 4623 Persae,

1922 4654 2136 4720 Parthi,
2167 4654 2453 4708 Sarmatae
2491 4667 2754 4724 quoque,
2787 4659 2842 4706 et
2884 4651 3150 4723 plerique
3193 4649 3292 4704 alii
3341 4647 3574 4702 ﬁnitimi

1920 4743 2148 4816 populi,
2181 4742 2454 4798 Varacho
2496 4741 2669 4803 duce,
2701 4743 3031 4796 Romanam
3064 4739 3351 4794 ditionem
3385 4745 3577 4792 vasta-

1920 4839 2078 4889 runt.
2111 4832 2198 4887 Ad
2223 4848 2405 4902 quem
2445 4847 2550 4903 per
2589 4831 2812 4886 fmdera
2853 4837 3025 4900 pacta
3055 4827 3444 4899 placandum,
3473 4827 3572 4897 qui

1923 4929 2048 4979 tum
2092 4937 2289 4978 rerum
2323 4921 2700 4992 potiebantur
2739 4919 3147 4989 imperatores,
3190 4915 3574 4972 Constantem

1921 5015 2112 5069 Roma
2165 5011 2428 5080 legatum
2480 5010 2713 5071 misere,
2768 5013 2831 5062 ut
2877 5021 3014 5061 cum
3064 5021 3275 5077 pacem
3322 5021 3458 5060 cum
3505 5020 3576 5058 eo

1922 5105 2330 5172 componeret,
2377 5104 2503 5154 tum
2547 5113 2752 5153 annua
2794 5095 2847 5151 ei
2877 5095 3061 5159 dona,
3109 5095 3437 5149 redimendi
3471 5094 3579 5148 sci-

1921 5190 2056 5246 licet
2121 5189 2254 5245 belli
2307 5187 2516 5258 gratia,
2577 5185 2970 5256 polliceretur.
3022 5185 3072 5237 ls
3132 5183 3210 5238 ab
3265 5182 3577 5238 Occidente

1922 5281 2217 5336 Orientem
2268 5293 2476 5332 versus
2519 5277 2836 5343 navigans,
2867 5273 2942 5328 ad
2974 5272 3172 5327 locum
3213 5272 3315 5342 qui
3352 5271 3575 5340 Drepa-

1920 5387 2066 5426 num
2113 5371 2188 5440 (4)
2233 5369 2468 5432 dicitur,
2512 5365 2793 5437 applicat.
2845 5366 3030 5420 Situm
3074 5368 3274 5418 autem
3319 5369 3407 5416 est
3445 5363 3577 5416 Dre-

1989 5496 2071 5566 (3)
2104 5495 2212 5566 Per
2247 5493 2429 5566 filiam
2459 5489 2682 5562 nepoti.
2719 5487 3010 5566 (Eutrop.)

1989 5561 2068 5638 (4»)
2098 5565 2187 5621 Ab
2217 5565 2348 5622 aliis
2374 5564 2661 5632 Drepana
2693 5561 3056 5620 nominatur.
