4020 6218
508 265 652 325 1243

1817 265 2205 326 NICEPHORI
2243 266 2558 326 GALLISTI
3722 266 3807 327 liii

506 409 737 467 panum
777 394 855 452 ad
884 392 1240 453 Nicomediae
1266 396 1485 462 sinum,
1520 395 1577 453 in
1617 395 1803 453 altum
1838 411 2003 451 mare
2032 393 2132 452 lon

2274 397 2490 467 ἑπιπογύ
2551 403 2646 457 τῆς
2710 391 2983 452 θαλάσσης
3040 393 3272 466 προῆκον
3339 384 3390 452 ἔς
3449 387 3509 442 τὸ
3564 387 3810 454 ὀξύτατοι·

508 484 640 555 gius
674 486 1046 556 prominens.
1088 486 1174 542 Ibi
1218 486 1520 543 Constanti
1549 484 1915 542 desiderium
1948 498 2163 540 concu-

508 573 664 629 bitus
724 573 987 630 incessit.
1041 575 1212 640 Quod
1264 575 1366 630 ubi
1413 575 1695 644 cognovit
1737 574 1960 645 hospes
2007 572 2157 644 ejus,

506 662 953 733 magnificentia
974 668 1029 720 et
1050 664 1366 737 splendore
1397 664 1655 721 cohortis
1686 664 1812 734 ejus
1842 663 2005 734 regio
2035 678 2163 735 per-

503 757 724 818 motus,
747 752 934 809 ﬁliam
956 753 1009 809 ei
1034 769 1207 809 suam
1241 754 1341 825 (1),
1359 759 1609 809 venusta
1636 752 1831 809 forma
1853 753 2160 825 aetatisque

502 840 649 897 ﬂore
685 842 814 912 jam
855 841 1121 899 nubilem
1157 843 1446 911 puellam,
1474 842 1766 898 conciliat.
1802 841 1901 897 Ille
1925 857 2062 897 cum
2089 857 2161 897 ea

501 944 629 985 rem
668 929 870 996 habet,
919 930 1395 1005 concubitusque
1446 931 1785 987 mercedem
1826 931 2070 1003 peplum
2106 930 2157 987 ei

503 1016 683 1093 464
705 1034 974 1091 purpura
1003 1019 1297 1076 intextum
1322 1020 1528 1076 donat.
1552 1020 1732 1076 Nocte
1754 1036 1825 1075 ea
1846 1020 2155 1077 Constanti

501 1108 753 1164 miriﬁca
782 1108 931 1164 visio
957 1113 1044 1165 est
1063 1108 1288 1174 oblata,
1311 1125 1447 1182 quae
1487 1126 1627 1165 eum
1650 1109 1856 1165 timore
1888 1109 2153 1180 quodam

500 1197 773 1269 perculit.
809 1200 1182 1271 Quapropter
1221 1201 1276 1254 et
1305 1198 1517 1271 puellae
1553 1203 1783 1270 patrem
1816 1204 1902 1253 est
1940 1198 2155 1253 cohor-

500 1290 679 1350 tatus,
711 1290 777 1341 ut
817 1287 1021 1355 tiliam,
1063 1303 1197 1361 quae
1226 1288 1455 1358 insigne
1493 1288 1801 1361 quoddam
1836 1287 2154 1345 donarium

499 1380 746 1445 gereret,
770 1375 1144 1448 impollutam
1166 1376 1504 1446 diligentius
1531 1382 1888 1443 asservaret,
1912 1383 1969 1432 et
1990 1378 2154 1451 quod

501 1478 573 1519 ex
610 1479 683 1520 ea
727 1470 936 1521 natum
980 1470 1154 1532 esset,
1200 1466 1533 1522 accuratius
1579 1466 1880 1522 educaret.
1931 1467 2154 1525 Vidisse

498 1553 725 1625 quippe
774 1568 860 1618 se,
908 1570 979 1610 ea
1017 1570 1138 1627 qua
1181 1553 1407 1611 dictum
1464 1559 1550 1610 est
1604 1559 1799 1624 nocte,
1829 1556 2045 1621 aiebat,
2092 1556 2153 1612 in

498 1640 889 1698 tabernaculo
938 1660 1067 1710 suo,
1119 1648 1331 1717 praeter
1372 1647 1649 1700 naturam
1691 1645 1769 1700 ab
1799 1645 2151 1702 occidentali

2272 480 2471 536 ἐνταῦθ’
2526 485 2552 536 ό
2606 487 2849 544 Κώνστας
2898 483 3157 553 γενόμενος
3225 478 3299 542 εἰς
3362 480 3531 551 ἔρωτα
3591 487 3819 541 συνουσίας

2270 574 2412 630 ἧκεν.
2453 573 2595 626 Ἐπεὶ
2645 568 2733 624 οὖν
2782 574 2868 623 τὸν
2913 569 3065 641 λόγον
3120 570 3147 620 ὁ
3198 569 3405 641 ξεναγὸς
3446 566 3657 640 διέγνω,
3703 570 3822 642 ἐφόὗ

2269 661 2538 714 καταλύων
2586 663 2611 714 ο
2646 666 2885 721 Κώνστας
2939 658 3240 731 ἐτύγχανεν,
3300 656 3582 711 ὑποϐάλλει
3626 658 3752 730 αύτῷ
3786 667 3825 714 τὸ

2272 752 2571 825 θυγάτριον,
2650 755 2743 812 τὴν
2800 754 2922 825 περὶ
2975 748 3132 801 αὐτὸν
3189 746 3472 824 βασιλικὴν
3557 744 3829 823 δορυφορίαν

2271 836 2416 907 ἰδὼν,
2473 843 2609 913 ὥραν
2661 836 2769 899 ἤδη
2816 840 2989 912 γάμου
3021 840 3165 911 ἔχον,
3214 841 3304 891 καὶ
3349 836 3574 910 ἀκμαῖον
3624 838 3753 910 μάλα
3790 844 3831 892 τὸ

2267 926 2402 991 εἶδος
2469 928 2899 1004 προϐεϐλημένον.
2947 927 3031 987 Ὠς
3104 924 3155 980 δ’
3214 924 3385 999 ἐκείνῳ
3438 929 3505 979 τὰ
3554 934 3647 981 τοῦ
3694 929 3833 1000 γάμον

2266 1019 2545 1085 τετέλεστο,
2602 1020 2793 1091 μισθόν
2843 1025 2938 1079 τῆς
2995 1020 3295 1082 συνουσίας,
3355 1016 3570 1070 ἓπιπλόν
3605 1036 3659 1069 τι
3699 1022 3838 1069 ποικί-

2265 1107 2349 1161 λον
2399 1110 2639 1185 πορφύρᾳ
2715 1104 3077 1181 διειλημμένον
3269 1110 3479 1178 γυναικὶ
3558 1103 3832 1180 ἐχαρίζετο,

2265 1195 2570 1271 Παράδοξον
2601 1194 2740 1251 δέτι
2790 1199 2927 1249 κατὰ
2971 1200 3064 1255 τὴν
3093 1196 3258 1248 νύκτα
3302 1193 3498 1255 ἐκείνην
3545 1203 3618 1266 τῷ
3648 1197 3841 1267 Κώνστᾳ

2267 1286 2454 1346 συνέϐη
2506 1288 2647 1360 ὁρᾷν,
2699 1286 2725 1338 ὃ
2778 1290 2869 1338 καὶ
2919 1285 2987 1346 εἰς
3032 1281 3149 1347 δέος
3209 1283 3432 1357 εἰσῆγεο
3482 1288 3577 1337 και
3636 1289 3725 1343 τὴν
3766 1306 3843 1355 7v-

2264 1379 2417 1424 ναῖκα
2504 1370 2924 1444 παραφυλάττειν
2989 1370 3273 1442 ἄχραντον,
3349 1371 3419 1431 ὡς
3494 1368 3756 1442 κειμήλιον
3802 1389 3843 1422 τι

2264 1465 2540 1534 φέρουσαν,
2588 1469 2661 1531 τῷ
2718 1462 2910 1521 ταύτης
2984 1461 3271 1530 παρηγγύα
3337 1463 3519 1532 πατρὶ,
3579 1460 3761 1512 καὶτὸ
3802 1457 3845 1511 ἐκ

2262 1553 2453 1611 ταύτης
2504 1552 2687 1623 τεχθὲν
2742 1548 2981 1622 ἀσφαλῶς
3037 1547 3306 1623 φυλάττειν
3332 1563 3348 1577 ⁸
3405 1549 3532 1621 όρᾴν
3582 1550 3683 1620 γὰρ
3729 1548 3846 1619 ἔλεγε

2262 1639 2377 1692 κατ’
2449 1638 2644 1697 ἐκείνην
2709 1643 2802 1697 τὴν
2859 1641 3021 1691 νύκτα
3077 1640 3164 1690 τὸν
3231 1641 3501 1710 φωσφὸρον
3557 1633 3703 1689 ἔνδον
3768 1646 3844 1698 τῆς

499 1731 734 1787 Oceano
772 1731 1059 1788 orientem
1101 1733 1309 1789 solem.
1352 1734 1639 1789 Caeterum
1670 1733 1967 1806 legatione
1997 1740 2138 1792 recte

2266 1737 2461 1791 σκηνῆς
2495 1728 2829 1782 ἀνατέλλοντα
2857 1729 3002 1803 παρὰ
3054 1729 3208 1799 φύσιν
3248 1726 3465 1799 ἔμπαλιν
3496 1724 3555 1779 ἐκ
3618 1733 3711 1788 τῆς
3737 1728 3844 1801 παρ’

496 1819 677 1876 obita.
713 1822 1005 1877 Constans
1034 1821 1152 1877 alio
1183 1822 1393 1878 itinere
1424 1824 1675 1878 Romam
1707 1839 1997 1889 reversus,
2032 1840 2153 1881 una

497 1924 633 1964 cum
658 1909 906 1966 Gallerio
930 1911 1249 1968 Maximino
1275 1909 1477 1967 Caesar
1506 1916 1593 1966 est
1621 1917 1854 1967 creatus
1887 1929 1899 1967 :
1939 1928 2047 1968 nec
2072 1912 2153 1969 ita

494 1996 672 2069 longe
712 2004 867 2071 post,
906 2004 1152 2072 uterque
1172 2001 1474 2070 Augustus
1504 1999 1715 2056 factus.
1751 2003 1813 2056 Et
1840 2001 2150 2058 Diocletia-

494 2100 610 2141 nus
637 2087 909 2144 Herculio
946 2088 1305 2160 imperatore
1343 2091 1543 2145 Romee
1572 2089 1795 2157 relicto,
1824 2089 1951 2162 ipse
1982 2092 2153 2147 Nico-

494 2175 757 2232 mediam
790 2193 852 2233 se
897 2177 1137 2250 recepit.
1189 2178 1412 2234 Accidit
1447 2178 1753 2251 deinceps,
1799 2183 1859 2235 ut
1886 2187 2150 2235 oratores

493 2262 593 2318 alii
626 2262 700 2319 ad
744 2264 988 2321 Parthos
1016 2266 1406 2333 mitterentur,
1435 2264 1539 2338 qui
1571 2271 1626 2320 et
1651 2265 1779 2337 ipse
1803 2267 2147 2338 Drepanum

491 2351 874 2409 diverterunt.
945 2354 1008 2409 Et
1056 2354 1159 2426 qui
1210 2354 1513 2410 Constanti
1576 2370 1649 2411 ex
1708 2354 1960 2427 hospitis
2025 2354 2148 2413 ﬁlia

492 2440 710 2498 Helena
735 2442 1084 2513 progenitus
1102 2448 1223 2499 erat
1247 2443 1591 2508 infantulus,
1611 2443 1901 2515 puerilem
1932 2444 2146 2500 ludens

489 2529 722 2596 ludum,
756 2547 791 2587 a
828 2530 1094 2604 quodam
1126 2548 1196 2588 ex
1223 2536 1529 2588 oratorum
1561 2533 1849 2588 comitum
1891 2549 2145 2590 numero

489 2618 775 2686 offensus,
794 2621 1126 2677 admodum
1151 2622 1199 2676 ei
1228 2622 1585 2688 succensuit,
1618 2626 1673 2678 et
1693 2620 2144 2694 objurgationes

486 2707 644 2764 illius
669 2709 1090 2780 indignissime
1121 2710 1271 2766 tulit.
1306 2710 1388 2765 lbi
1413 2715 1537 2766 tum
1567 2716 1775 2782 mater,
1808 2712 2139 2768 Constantis

487 2813 625 2853 eum
656 2814 911 2871 puerum
941 2815 1068 2854 esse
1093 2798 1371 2856 indicavit
1405 2816 1417 2854 :
1444 2815 1700 2873 eamque
1728 2816 1874 2866 rem,
1895 2800 2141 2873 peplum

481 2886 629 2943 illud
670 2903 937 2960 purpura
965 2893 1321 2945 exornatum
1355 2889 1684 2962 proferens,
1728 2890 2133 2963 conﬁrmavit,

485 2980 542 3032 et
569 2975 753 3032 facies
781 2977 911 3049 ipsa
940 2977 1293 3052 indolesque
1320 2978 1983 3049 generosaﬁliumillius
2005 2997 2137 3037 esse

2263 1821 2467 1891 ὠκεανῷ
2497 1818 2738 1891 ἐσπερίας
2767 1818 2937 1878 εὐνῆς.
2988 1816 3048 1869 '0
3087 1818 3177 1888 μὶν
3217 1811 3305 1869 οὖν
3354 1818 3420 1869 τὰ
3464 1813 3566 1879 τῆς
3593 1815 3845 1890 πρεσϐείας

2261 1906 2428 1970 καλῶς
2482 1904 2802 1979 διαθέμενος⁹
2854 1904 2926 1959 δι’
2969 1906 3124 1966 ἄλλης
3170 1900 3298 1958 ὀδοῦ
3356 1907 3488 1981 πρὸς
3526 1908 3625 1964 τὴν
3666 1904 3843 1978 Ῥώμην

2264 1995 2501 2069 ἀνήγετο.
2562 2001 2662 2050 Καὶ
2707 2003 2911 2071 Καῖσαρ
2965 1998 3171 2067 σύναμα
3212 1994 3489 2067 Μαειμίνῳ
3541 2003 3617 2067 τῷ
3686 1994 3845 2047 Γαλλι-

2259 2092 2356 2160 ρίῳ
2416 2089 2550 2139 κατὰ
2601 2086 2800 2159 Ῥώμην
2857 2084 3247 2160 ἇναγορεύεται,
3309 2084 3396 2139 Ἐν
3457 2084 3515 2137 ού
3570 2084 3739 2155 πολλῷ
3798 2081 3848 2137 δί

2259 2178 2401 2248 μέσῳ
2426 2179 2600 2249 χρόνῳ
2630 2179 2720 2227 καὶ
2767 2176 3040 2246 Αὔγυστοι
3086 2172 3421 2247 ἐφημίζοντο.
3469 2176 3571 2226 Τὸν
3602 2176 3706 2246 γὰρ
3750 2171 3849 2245 Ἑρ-

2259 2264 2490 2317 κούλλιον
2545 2262 2771 2338 βασιλέα
2826 2265 2874 2315 ἐν
2929 2262 3096 2335 Ῥώμη
3147 2267 3494 2325 καταστήσας
3563 2262 3849 2321 Διοκλητιαο

2257 2356 2356 2417 νὸς,
2417 2354 2570 2414 αὐτὸς
2620 2350 2846 2406 διέϐαινε
2905 2356 3038 2426 πρὸς
3092 2355 3188 2410 τήν
3233 2347 3629 2425 Νικομήδειαν,
3681 2358 3764 2413 Ὠς
3799 2348 3849 2404 δὲ

2254 2447 2431 2519 χρόνῳ
2514 2448 2794 2517 προήκοντι
2898 2440 3148 2516 πρεσϐεία
3218 2440 3370 2494 πάλιν
3441 2440 3527 2493 ἐπὶ
3625 2442 3846 2514 Πάρθους

2256 2530 2527 2596 ἐστελλετο,
2586 2530 2669 2584 ἐπὶ
2718 2534 2776 2584 τό
2841 2534 3095 2607 Δρέπανον
3152 2531 3202 2583 οἱ
3244 2529 3486 2605 πρέσϐεις
3542 2526 3704 2592 αὖθις
3745 2526 3850 2582 διε-

2252 2624 2550 2676 νεπαύοντο.
2595 2621 2655 2673 Ὀ
2699 2618 2759 2674 δὲ
2813 2629 2886 2692 τῷ
2915 2620 3222 2676 Κώνσταντι
3249 2621 3512 2692 γεννηθεὶς
3544 2618 3607 2672 ἔκ
3658 2620 3747 2681 τῆς
3772 2626 3850 2672 τοῦ

2253 2711 2465 2783 ξεναγοῦ
2536 2713 2789 2785 Θυγατρὸς
2832 2710 3032 2772 Ἐλένης
3090 2715 3216 2771 παῖς
3275 2715 3692 2773 Κωνσταντῖνος,
3757 2728 3849 2782 μει-

2248 2805 2431 2877 ράκιον
2476 2805 2565 2867 ῶν,
2621 2799 2890 2874 ἀθύρμασί
2943 2818 2997 2852 τε
3043 2795 3316 2861 παιδικοῖς
3367 2795 3686 2873 διατρίϐων,
3740 2802 3851 2871 πρὸς

2248 2910 2386 2952 τινος
2469 2897 2566 2943 τῶν
2660 2888 2970 2952 ξενωθέντων
3060 2887 3420 2961 παροξυνθεὶς,
3502 2888 3565 2940 οὐ
3648 2892 3851 2964 μετρίοις

2248 2978 2428 3053 ἒχόλα,
2487 2984 2577 3032 καὶ
2623 2978 2920 3041 ἀκαθέκτως
2958 2973 3070 3052 εἶχε
3115 2985 3227 3040 ταῖς
3274 2977 3619 3041 ἐπιπλήξεσιν
3668 2998 3684 3012 ·
3725 2980 3754 3038 ἦ
3796 2973 3846 3029 δε

484 3063 629 3120 satis
673 3065 1016 3124 testabatur.
1068 3066 1149 3124 Ea
1208 3083 1270 3124 re
1322 3066 1615 3125 Constans
1667 3084 1740 3124 ex
1798 3068 2135 3138 legatorum

2254 3075 2419 3141 μήτηρ
2486 3071 2555 3131 ὡς
2628 3070 2705 3126 εἴη
2762 3074 2883 3128 παῖς
2944 3073 3277 3128 Κώνσταντος
3351 3064 3627 3140 διεσάφει,
3698 3086 3847 3140 παρε-

485 3168 761 3209 sermone
791 3156 1050 3225 cognita,
1094 3159 1302 3227 postea
1329 3157 1616 3213 comitatu
1658 3158 1822 3227 regio
1879 3171 2135 3229 puerum

480 3257 606 3313 una
636 3258 774 3299 cum
825 3247 1017 3300 matre
1055 3246 1308 3300 Romam
1362 3244 1579 3302 adduci
1625 3245 1872 3301 curavit.
1906 3247 2135 3303 Veritus

481 3335 703 3397 autem,
731 3348 803 3388 ne
830 3332 946 3388 illis
971 3332 1220 3389 absurdi
1243 3334 1575 3406 quidquam
1607 3335 1963 3391 aTheodora
1994 3336 2134 3407 legi-

479 3420 630 3478 tima
659 3422 737 3493 (2)
768 3437 947 3478 uxore
977 3438 1089 3477 sua
1126 3438 1232 3494 per
1272 3422 1632 3497 zelotypiam
1664 3429 1721 3479 et
1751 3425 2131 3496 conjugalem

478 3510 924 3567 aemulationem
937 3511 1250 3575 accideret,
1271 3510 1729 3569 Constantinum
1755 3513 1944 3569 ﬁlium
1971 3516 2135 3570 Nico-

479 3599 745 3656 mediam
777 3600 854 3656 ad
914 3600 1366 3669 Diocletianum,
1402 3602 1503 3673 qui
1556 3602 1639 3657 ibi
1681 3618 1819 3658 cum
1878 3602 2131 3660 Gallerio

477 3688 796 3745 Maximino
831 3704 1049 3760 genero
1080 3696 1223 3755 erat,
1243 3691 1417 3747 misit.
1455 3690 1729 3764 Atqueibi
1750 3690 1845 3746 ille
1874 3692 2132 3762 benigne

478 3784 811 3849 susceptus,
843 3777 902 3833 in
931 3778 1152 3850 palatio
1204 3778 1363 3850 apud
1403 3780 1822 3851 imperatorem
1854 3781 1997 3837 vixit
2025 3797 2037 3836 :
2075 3786 2133 3838 et

477 3866 843 3922 domesticus
875 3867 1219 3924 scholarum
1246 3868 1324 3939 (3)
1378 3868 1621 3938 electus,
1676 3872 1908 3926 Grtecas
1956 3871 2130 3926 disci-

473 3955 671 4028 plinas
685 3955 996 4022 addidicit,
1011 3956 1308 4030 simulque
1321 3955 1842 4014 Christianismum
1856 3962 2127 4016 estcom-

475 4044 709 4115 plexus.

480 4130 697 4206 δεχθεὶς
742 4135 791 4187 ἑν
843 4142 916 4206 τῷ
972 4134 1205 4207 παλατίῳ
1275 4133 1449 4209 διῆγε,
1519 4133 1833 4211 δομέστικος
1891 4139 2287 4214 προχειρισθεὶς
2342 4146 2445 4190 τῶν
2496 4138 2702 4211 σχολῶν

480 4228 695 4295 μετεῖχε
724 4226 788 4276 τὰ
816 4231 1144 4297 Χριστιανῶν
1170 4222 1558 4299 ἀσπαζόμενος.

1008 4342 1187 4416 465
1213 4344 1436 4401 CAPUT
1460 4345 1591 4401 xxx.

479 4446 553 4505 Ut
565 4462 812 4524 magnus
829 4448 1543 4524 Constantinusdivinitus
1553 4456 1865 4519 paternum
1876 4452 2126 4524 adeptus

757 4521 832 4575 sit
886 4522 1218 4592 imperium,
1276 4529 1328 4579 et
1374 4524 1571 4594 qualis
1624 4524 1833 4594 fuerit.

546 4627 693 4683 Cum
749 4630 948 4683 autem
1004 4627 1229 4684 videret
1284 4627 1415 4685 illos
1472 4630 1806 4687 Christiano
1862 4633 2122 4701 gaudere

475 4715 787 4786 sanguine,
821 4717 1143 4774 abhorrere
1194 4718 1272 4774 ab
1324 4733 1532 4776 eorum
1582 4721 2016 4777 consuetudine
2065 4728 2122 4780 et

473 4805 865 4862 contubernio
916 4806 1114 4879 coepit.
1172 4807 1257 4864 Illi
1305 4822 1484 4879 porro
1537 4808 1788 4865 deorum
1833 4813 2119 4882 supersti-

470 4895 723 4962 tioni,ut
748 4895 892 4952 nulli
919 4895 1039 4954 alii.
1070 4912 1257 4969 quam
1272 4898 1751 4964 maximedediti,
1784 4901 2116 4970 auguribus

471 4985 943 5058 auspicibusque
1005 4986 1317 5054 consultis,
1385 4987 1614 5043 occulte
1680 4996 2112 5059 cognoverunt,

469 5073 927 5132 Constantinum
944 5091 1066 5133 non
1082 5077 1263 5134 modo
1278 5083 1399 5134 toto
1420 5079 1832 5135 Romanorum
1859 5080 2113 5153 imperio

467 5165 822 5238 potiturum,
882 5182 1088 5222 verum
1145 5166 1324 5224 etiam
1379 5170 1717 5225 Graecorum
1764 5170 2115 5228 idololatriae

538 5344 615 5415 (t)
645 5346 723 5400 De
767 5344 985 5401 Helena
1042 5344 1409 5402 Constantini
1446 5352 1632 5404 matre
1689 5347 1951 5405 historiae
2008 5365 2115 5405 va-

466 5414 644 5490 riant.
673 5417 857 5472 Graeci
909 5433 1041 5473 eam
1070 5489 1085 5490 η
1102 5419 1331 5490 nationi
1364 5436 1485 5473 suae
1557 5426 1859 5490 arrogant,
1922 5419 2111 5476 Latini

470 5488 769 5543 Britonum
834 5490 991 5559 regis
1056 5488 1243 5545 ﬁliam
1311 5489 1492 5544 fuisse
1560 5488 1854 5546 scribunt.
1941 5493 2113 5548 Pater

467 5558 689 5630 quippe
727 5558 1097 5615 Constantini
1137 5564 1426 5616 Constans
1463 5561 1662 5617 Galliae
1691 5567 1747 5617 et
1800 5562 2111 5620 Britanniae-

2245 3155 2420 3211 δείκνυ
2495 3176 2549 3209 τε
2621 3158 2679 3209 τό
2755 3156 2964 3223 πέπλον,
3052 3157 3295 3233 πορφύρα
3388 3152 3845 3229 διεσκευασμένον,

2243 3245 2523 3316 ἐξάγουσα.
2573 3243 2633 3298 Ἠ
2689 3241 2748 3300 δὲ
2794 3253 2883 3306 τῆς
2935 3252 3138 3318 μορφῆς
3194 3244 3309 3317 ἅψις
3347 3244 3441 3297 ούκ
3494 3242 3713 3317 ἀγεννὲς
3762 3264 3851 3302 σε·

2242 3342 2383 3409 μεῖον
2431 3336 2497 3397 ὡς
2547 3338 2623 3393 εἰη
2655 3342 2777 3397 παῖς
2818 3334 3010 3388 ἐκείνου
3066 3341 3240 3406 σαφῶς
3293 3338 3644 3407 κατεμήνυεν.
3679 3333 3761 3395 Ὠς
3810 3330 3852 3386 δ’

2241 3427 2369 3497 ἔγνω
2437 3430 2680 3485 Κώνστας
2744 3425 2942 3477 ἕκαστα
2995 3419 3347 3497 διηγουμένων
3401 3431 3501 3476 τῶν
3566 3422 3847 3498 πρέσϐεων,

2240 3519 2416 3590 χρόνῳ
2446 3514 2658 3588 ὕστερον
2689 3511 2938 3589 βασιλικῇ⁹
2997 3510 3289 3588 δορυφορίᾳ
3334 3516 3419 3565 τόν
3449 3532 3506 3566 τε
3546 3509 3735 3567 παῖδα
3764 3517 3845 3566 σὺν

2241 3612 2302 3677 τῇ
2353 3609 2515 3679 μητρὶ
2545 3601 2594 3666 ἐς
2645 3603 2844 3675 Ῥώμην
2885 3602 3067 3676 ἀνῆγε.
3123 3599 3375 3663 Δεδοικὼς
3427 3621 3488 3674 γε
3540 3607 3652 3675 μὴν
3703 3608 3775 3676 μή
3805 3622 3847 3653 τι

2240 3692 2294 3745 ἑκ
2371 3692 2694 3754 ζηλοτυπίας
2756 3699 2853 3753 τῆς
2914 3690 2969 3743 ἐκ
3033 3694 3197 3764 νόμων
3262 3693 3513 3762 γυναικὸς
3564 3689 3843 3766 Θεοδῶρας

2239 3784 2431 3835 ἄτοπόν
2480 3802 2530 3834 τι
2575 3790 2638 3855 τῇ
2693 3780 2860 3856 Ἑλένη
2919 3784 3007 3833 καὶ
3055 3788 3126 3853 τῷ
3173 3777 3333 3833 παιδὶ
3380 3779 3714 3853 ἔπιγέδηται,
3768 3782 3841 3833 τὸν

2238 3873 2328 3945 μὲν
2380 3877 2763 3924 Κωνσταντίνον
2815 3869 2864 3931 ἐς
2922 3869 3286 3929 Διοκλητιανόν
3340 3872 3477 3922 κατὰ
3540 3874 3643 3929 τὴν
3700 3876 3842 3922 Νικο-

2240 3957 2462 4032 μήδειαν
2503 3955 2842 4034 διατρίϐοντα
2895 3961 3103 4032 σύναμα
3139 3965 3210 4011 τῶ
3258 3957 3477 4032 γαμϐρῷ
3532 3967 3612 4030 τῷ
3671 3959 3841 4012 rans-

2238 4054 2334 4121 ρίῳ
2391 4048 2664 4120 Μαξιμίνῳ
2718 4047 2998 4120 ἀνέπεμπεν
3027 4065 3041 4078 ·
3088 4050 3177 4100 καὶ
3224 4047 3295 4113 ὃς,
3345 4046 3670 4120 φιλοφρόνως
3725 4050 3837 4100 ὑπο-

2757 4155 2773 4169 ’
2826 4142 2916 4190 καὶ
2983 4133 3231 4200 παιδείας
3285 4144 3381 4200 τῆς
3433 4145 3535 4189 τῶν
3592 4137 3840 4197 Ἑλλήνων

2839 4352 3080 4403 ΚΕΦΑΛ.
3122 4347 3236 4402 ΙΘ’.

2233 4453 2439 4518 Ὀπως
2471 4456 2496 4508 ὁ
2527 4460 2735 4528 μέγας
2773 4462 3263 4517 Κωνσταντίνος
3300 4456 3516 4509 θεόθεν
3551 4459 3678 4516 τὴν
3730 4475 3839 4528 τεα-

2304 4525 2900 4604 τρικὴνβασιλείαν
2925 4528 3385 4603 περιεζώσατο,
3419 4530 3529 4581 καὶ
3567 4529 3709 4592 οἷος
3750 4525 3836 4589 ἦν.

2302 4634 2472 4711 Ὀρῶν
2537 4632 2585 4690 δ’
2649 4638 2864 4696 ἐκείνους
2928 4643 3031 4697 τοῖς
3085 4643 3183 4689 τῶν
3246 4643 3580 4710 Χριστιανῶν
3649 4640 3838 4709 αἷμασι

2230 4729 2537 4800 χαίροντας,
2571 4722 2665 4779 διὰ
2713 4729 2904 4796 μίσους
2949 4723 3167 4779 ἐποιεῖτο
3194 4729 3288 4785 τὴν
3335 4728 3632 4783 συνοικίαν.
3678 4728 3835 4783 Ἐκεῖ-

2230 4834 2308 4867 νοι
2360 4810 2420 4867 δὲ
2481 4810 2865 4886 δεισιδαίμονες
2926 4816 3063 4886 εἴπερ
3139 4817 3267 4876 τινες
3330 4819 3621 4888 γεγονότες,
3674 4818 3838 4871 οἰωνι-

2231 4902 2435 4975 ζόμενοί
2480 4923 2535 4957 τε
2598 4909 2685 4956 καὶ
2745 4905 3255 4972 ἡπατοσκοποῦντες,
3315 4906 3545 4977 ἔγνωσαν
3596 4904 3835 4982 ἁπορῥή-

2228 5012 2331 5055 τως
2380 4996 2466 5046 τὸν
2512 4993 2901 5049 Κωνσταντῐνον
2950 4993 3010 5045 ού
3062 4998 3216 5066 μόνον
3266 4995 3474 5066 σύμπαν
3522 4997 3582 5048 τὸ
3642 4999 3833 5070 κράτος

2229 5081 2316 5135 ὑπ’
2371 5085 2544 5147 αὑτὸν,
2612 5081 2738 5135 ἀλλὰ
2794 5087 2884 5135 καὶ
2942 5089 3039 5145 τῆς
3066 5148 3071 5155 ι
3096 5082 3344 5142 Ἑλλήνων
3396 5083 3600 5148 πλάνης
3648 5088 3831 5140 καθαι-

2226 5176 2377 5246 ρέτην
2406 5191 2460 5226 τε
2509 5176 2600 5226 καὶ
2647 5171 2934 5245 ἀφανιστήν
2968 5190 2982 5203 ο
3014 5179 3251 5248 Χριστοῦ
3313 5168 3373 5228 δε
3421 5178 3513 5228 καὶ
3567 5182 3826 5251 Χριστιαο

2225 5349 2564 5422 imperavit.

2296 5420 2374 5493 (‘2)
2414 5420 2729 5476 Posteriori
2756 5422 2955 5492 potius
2968 5466 2982 5479 ,

2294 5496 2369 5568 (3)
2395 5493 2734 5568 _Domesti_oi
2764 5494 3129 5568 scholarum,
3147 5492 3375 5568 quales
3395 5495 3734 5556 etiamnum
3763 5497 3818 5553 in

2219 5563 2562 5637 principum
2592 5563 2746 5621 aulis
2775 5564 3017 5622 aluntur
3038 5563 3409 5640 regii'pueri.
