  <div class='ocr_page' id='page_1' title='image "/cluster/home/n/w/nwhite01/storage/ocr_20150623/145/hvd.32044054086921/628.png"; bbox 0 0 4020 6218; ppageno 0'>
   <div class='ocr_carea' id='block_1_1' title="bbox 117 265 270 328">
    <p class='ocr_par' dir='ltr' id='par_1_1' title="bbox 117 265 270 328">
     <span class='ocr_line' id='line_1_1' title="bbox 117 265 270 328; baseline -0.039 -1"><span class='ocrx_word' id='word_1_1' title='bbox 117 267 152 328; x_wconf 67' lang='grc'><strong>1</strong></span> <span class='ocrx_word' id='word_1_2' title='bbox 165 265 270 322; x_wconf 70' lang='grc'><strong>245</strong></span> 
     </span>
    </p>
   </div>
   <div class='ocr_carea' id='block_1_2' title="bbox 117 389 1808 466">
    <p class='ocr_par' dir='ltr' id='par_1_2' title="bbox 117 389 1808 466">
     <span class='ocr_line' id='line_1_2' title="bbox 117 389 1808 466; baseline 0.004 -25"><span class='ocrx_word' id='word_1_3' title='bbox 117 401 224 444; x_wconf 81' lang='grc' dir='ltr'>νῶν</span> <span class='ocrx_word' id='word_1_4' title='bbox 273 389 530 466; x_wconf 79' lang='grc' dir='ltr'><strong>διάπυρον</strong></span> <span class='ocrx_word' id='word_1_5' title='bbox 573 389 796 462; x_wconf 72' lang='grc' dir='ltr'>ἐραστὴν</span> <span class='ocrx_word' id='word_1_6' title='bbox 847 392 1080 447; x_wconf 78' lang='grc' dir='ltr'>ἔσεσθαι.</span> <span class='ocrx_word' id='word_1_7' title='bbox 1149 394 1351 466; x_wconf 79' lang='grc' dir='ltr'><strong>Ἀμέλει</strong></span> <span class='ocrx_word' id='word_1_8' title='bbox 1401 413 1483 446; x_wconf 85' lang='grc' dir='ltr'><strong>τοι</strong></span> <span class='ocrx_word' id='word_1_9' title='bbox 1539 398 1629 446; x_wconf 83' lang='grc' dir='ltr'><strong>καὶ</strong></span> <span class='ocrx_word' id='word_1_10' title='bbox 1677 391 1728 444; x_wconf 79' lang='grc' dir='ltr'>ἐν</span> <span class='ocrx_word' id='word_1_11' title='bbox 1759 393 1808 448; x_wconf 78' lang='grc' dir='ltr'><strong>Α</strong></span> 
     </span>
    </p>
   </div>
   <div class='ocr_carea' id='block_1_3' title="bbox 124 478 1729 558">
    <p class='ocr_par' dir='ltr' id='par_1_3' title="bbox 124 478 1729 558">
     <span class='ocr_line' id='line_1_3' title="bbox 124 478 1729 558; baseline 0.001 -26"><span class='ocrx_word' id='word_1_12' title='bbox 124 478 489 554; x_wconf 81' lang='grc' dir='ltr'>Ἀλεξανδρείᾳ</span> <span class='ocrx_word' id='word_1_13' title='bbox 579 484 668 552; x_wconf 68' lang='grc' dir='ltr'>μὲν</span> <span class='ocrx_word' id='word_1_14' title='bbox 748 482 1134 547; x_wconf 84' lang='grc' dir='ltr'>Διοκλητιανὸς,</span> <span class='ocrx_word' id='word_1_15' title='bbox 1214 489 1398 558; x_wconf 88' lang='grc' dir='ltr'>καίπερ</span> <span class='ocrx_word' id='word_1_16' title='bbox 1496 485 1729 554; x_wconf 74' lang='grc' dir='ltr'><strong>γενναίας</strong></span> 
     </span>
    </p>
   </div>
   <div class='ocr_carea' id='block_1_4' title="bbox 120 565 1729 644">
    <p class='ocr_par' dir='ltr' id='par_1_4' title="bbox 120 565 1729 644">
     <span class='ocr_line' id='line_1_4' title="bbox 120 565 1729 644; baseline 0 -22"><span class='ocrx_word' id='word_1_17' title='bbox 120 571 256 640; x_wconf 79' lang='grc' dir='ltr'>ἔργα</span> <span class='ocrx_word' id='word_1_18' title='bbox 302 573 483 644; x_wconf 85' lang='grc' dir='ltr'>χειρὸς</span> <span class='ocrx_word' id='word_1_19' title='bbox 521 565 794 641; x_wconf 69' lang='grc' dir='ltr'>δράσαντα</span> <span class='ocrx_word' id='word_1_20' title='bbox 832 569 879 621; x_wconf 72' lang='grc' dir='ltr'>ἓν</span> <span class='ocrx_word' id='word_1_21' title='bbox 927 579 989 643; x_wconf 76' lang='grc' dir='ltr'>τῇ</span> <span class='ocrx_word' id='word_1_22' title='bbox 1031 573 1167 623; x_wconf 80' lang='grc' dir='ltr'>κατὰ</span> <span class='ocrx_word' id='word_1_23' title='bbox 1213 591 1296 623; x_wconf 90' lang='grc' dir='ltr'><strong>τον</strong></span> <span class='ocrx_word' id='word_1_24' title='bbox 1341 571 1591 643; x_wconf 80' lang='grc' dir='ltr'>Ἀχιλλέα</span> <span class='ocrx_word' id='word_1_25' title='bbox 1637 577 1729 630; x_wconf 81' lang='grc' dir='ltr'>τῆς</span> 
     </span>
    </p>
   </div>
   <div class='ocr_carea' id='block_1_5' title="bbox 119 659 1728 728">
    <p class='ocr_par' dir='ltr' id='par_1_5' title="bbox 119 659 1728 728">
     <span class='ocr_line' id='line_1_5' title="bbox 119 659 1728 728; baseline 0.001 -19"><span class='ocrx_word' id='word_1_26' title='bbox 119 659 393 728; x_wconf 73' lang='grc' dir='ltr'><strong>Αἰγύπτου</strong></span> <span class='ocrx_word' id='word_1_27' title='bbox 461 661 827 726; x_wconf 72' lang='grc' dir='ltr'><strong>ἐπαναστάσει,</strong></span> <span class='ocrx_word' id='word_1_28' title='bbox 904 664 992 712; x_wconf 85' lang='grc' dir='ltr'>τὸν</span> <span class='ocrx_word' id='word_1_29' title='bbox 1069 667 1453 714; x_wconf 81' lang='grc' dir='ltr'>Κωνσταντῖνον</span> <span class='ocrx_word' id='word_1_30' title='bbox 1543 659 1728 712; x_wconf 75' lang='grc' dir='ltr'><strong>ἀνελεῖν</strong></span> 
     </span>
    </p>
   </div>
   <div class='ocr_carea' id='block_1_6' title="bbox 119 746 1730 824">
    <p class='ocr_par' dir='ltr' id='par_1_6' title="bbox 119 746 1730 824">
     <span class='ocr_line' id='line_1_6' title="bbox 119 746 1730 824; baseline 0.001 -25"><span class='ocrx_word' id='word_1_31' title='bbox 119 747 382 821; x_wconf 72' lang='grc' dir='ltr'><strong>ἐπεχείρει</strong></span> <span class='ocrx_word' id='word_1_32' title='bbox 417 765 429 777; x_wconf 92' lang='grc'><strong>·</strong></span> <span class='ocrx_word' id='word_1_33' title='bbox 487 748 752 824; x_wconf 88' lang='grc' dir='ltr'>Γαλλέριος</span> <span class='ocrx_word' id='word_1_34' title='bbox 805 746 862 802; x_wconf 66' lang='grc' dir='ltr'>δὲ</span> <span class='ocrx_word' id='word_1_35' title='bbox 917 750 966 801; x_wconf 85' lang='grc' dir='ltr'>ἐν</span> <span class='ocrx_word' id='word_1_36' title='bbox 1018 750 1338 824; x_wconf 77' lang='grc' dir='ltr'><strong>Παλαιστίνῃ</strong></span> <span class='ocrx_word' id='word_1_37' title='bbox 1380 759 1475 812; x_wconf 78' lang='grc' dir='ltr'>τῆς</span> <span class='ocrx_word' id='word_1_38' title='bbox 1524 748 1730 802; x_wconf 84' lang='grc' dir='ltr'>έπιϐου-</span> 
     </span>
    </p>
   </div>
   <div class='ocr_carea' id='block_1_7' title="bbox 119 835 1732 912">
    <p class='ocr_par' dir='ltr' id='par_1_7' title="bbox 119 835 1732 912">
     <span class='ocr_line' id='line_1_7' title="bbox 119 835 1732 912; baseline 0.001 -26"><span class='ocrx_word' id='word_1_39' title='bbox 119 835 216 897; x_wconf 81' lang='grc' dir='ltr'>λῆς</span> <span class='ocrx_word' id='word_1_40' title='bbox 269 839 478 895; x_wconf 71' lang='grc' dir='ltr'>ἥπτετο.</span> <span class='ocrx_word' id='word_1_41' title='bbox 535 841 632 890; x_wconf 89' lang='grc' dir='ltr'><strong>Τὸν</strong></span> <span class='ocrx_word' id='word_1_42' title='bbox 670 845 794 908; x_wconf 84' lang='grc' dir='ltr'>γοῦν</span> <span class='ocrx_word' id='word_1_43' title='bbox 844 837 1096 896; x_wconf 77' lang='grc' dir='ltr'><strong>λεληθότα</strong></span> <span class='ocrx_word' id='word_1_44' title='bbox 1134 836 1287 892; x_wconf 73' lang='grc' dir='ltr'>δόλον</span> <span class='ocrx_word' id='word_1_45' title='bbox 1338 847 1437 892; x_wconf 88' lang='grc' dir='ltr'>τῶν</span> <span class='ocrx_word' id='word_1_46' title='bbox 1484 840 1732 912; x_wconf 86' lang='grc' dir='ltr'>κρατούν-</span> 
     </span>
    </p>
   </div>
   <div class='ocr_carea' id='block_1_8' title="bbox 122 921 1731 1003">
    <p class='ocr_par' dir='ltr' id='par_1_8' title="bbox 122 921 1731 1003">
     <span class='ocr_line' id='line_1_8' title="bbox 122 921 1731 1003; baseline 0.001 -25"><span class='ocrx_word' id='word_1_47' title='bbox 122 945 228 978; x_wconf 90' lang='grc' dir='ltr'><strong>των</strong></span> <span class='ocrx_word' id='word_1_48' title='bbox 261 921 575 996; x_wconf 83' lang='grc' dir='ltr'>διεγνωκὼς,</span> <span class='ocrx_word' id='word_1_49' title='bbox 618 934 751 980; x_wconf 70' lang='grc' dir='ltr'>Θεοῦ</span> <span class='ocrx_word' id='word_1_50' title='bbox 791 923 850 979; x_wconf 75' lang='grc' dir='ltr'>δὲ</span> <span class='ocrx_word' id='word_1_51' title='bbox 892 924 950 985; x_wconf 74' lang='grc' dir='ltr'>ἦν</span> <span class='ocrx_word' id='word_1_52' title='bbox 994 929 1097 1003; x_wconf 79' lang='grc' dir='ltr'>ἄρα</span> <span class='ocrx_word' id='word_1_53' title='bbox 1133 935 1226 980; x_wconf 84' lang='grc' dir='ltr'>τοῦ</span> <span class='ocrx_word' id='word_1_54' title='bbox 1264 930 1434 981; x_wconf 75' lang='grc' dir='ltr'>πάντα</span> <span class='ocrx_word' id='word_1_55' title='bbox 1473 931 1565 981; x_wconf 83' lang='grc' dir='ltr'><strong>σύν</strong></span> <span class='ocrx_word' id='word_1_56' title='bbox 1594 927 1731 998; x_wconf 83' lang='grc' dir='ltr'>λόγῳ</span> 
     </span>
    </p>
   </div>
   <div class='ocr_carea' id='block_1_9' title="bbox 124 1010 1731 1088">
    <p class='ocr_par' dir='ltr' id='par_1_9' title="bbox 124 1010 1731 1088">
     <span class='ocr_line' id='line_1_9' title="bbox 124 1010 1731 1088; baseline 0.001 -23"><span class='ocrx_word' id='word_1_57' title='bbox 124 1010 418 1077; x_wconf 74' lang='grc' dir='ltr'>διέποντος,</span> <span class='ocrx_word' id='word_1_58' title='bbox 467 1016 593 1087; x_wconf 77' lang='grc' dir='ltr'>ἄρας</span> <span class='ocrx_word' id='word_1_59' title='bbox 637 1014 688 1066; x_wconf 80' lang='grc' dir='ltr'>ἐκ</span> <span class='ocrx_word' id='word_1_60' title='bbox 741 1023 834 1077; x_wconf 80' lang='grc' dir='ltr'>τῆς</span> <span class='ocrx_word' id='word_1_61' title='bbox 866 1014 1223 1088; x_wconf 75' lang='grc' dir='ltr'><strong>Νικομήδους,</strong></span> <span class='ocrx_word' id='word_1_62' title='bbox 1266 1016 1350 1069; x_wconf 81' lang='grc' dir='ltr'>ἐπὶ</span> <span class='ocrx_word' id='word_1_63' title='bbox 1387 1019 1479 1077; x_wconf 82' lang='grc' dir='ltr'><strong>τὰς</strong></span> <span class='ocrx_word' id='word_1_64' title='bbox 1516 1015 1731 1077; x_wconf 80' lang='grc' dir='ltr'>Γαλλίας</span> 
     </span>
    </p>
   </div>
   <div class='ocr_carea' id='block_1_10' title="bbox 119 1104 1732 1178">
    <p class='ocr_par' dir='ltr' id='par_1_10' title="bbox 119 1104 1732 1178">
     <span class='ocr_line' id='line_1_10' title="bbox 119 1104 1732 1178; baseline 0.002 -25"><span class='ocrx_word' id='word_1_65' title='bbox 119 1105 260 1174; x_wconf 84' lang='grc' dir='ltr'>πρὸς</span> <span class='ocrx_word' id='word_1_66' title='bbox 332 1106 419 1154; x_wconf 86' lang='grc' dir='ltr'>τὸν</span> <span class='ocrx_word' id='word_1_67' title='bbox 480 1107 679 1178; x_wconf 78' lang='grc' dir='ltr'>πατέρα</span> <span class='ocrx_word' id='word_1_68' title='bbox 743 1104 1053 1176; x_wconf 83' lang='grc' dir='ltr'>μετέϐαινεν,</span> <span class='ocrx_word' id='word_1_69' title='bbox 1109 1106 1213 1177; x_wconf 72' lang='grc' dir='ltr'><strong>οὐχ</strong></span> <span class='ocrx_word' id='word_1_70' title='bbox 1271 1106 1424 1164; x_wconf 80' lang='grc' dir='ltr'>ἧττον</span> <span class='ocrx_word' id='word_1_71' title='bbox 1497 1104 1732 1157; x_wconf 87' lang='grc' dir='ltr'>κάκεῖνον</span> 
     </span>
    </p>
   </div>
   <div class='ocr_carea' id='block_1_11' title="bbox 116 1188 1732 1270">
    <p class='ocr_par' dir='ltr' id='par_1_11' title="bbox 116 1188 1732 1270">
     <span class='ocr_line' id='line_1_11' title="bbox 116 1188 1732 1270; baseline 0.001 -28"><span class='ocrx_word' id='word_1_72' title='bbox 116 1194 213 1243; x_wconf 76' lang='grc' dir='ltr'>τὸν</span> <span class='ocrx_word' id='word_1_73' title='bbox 266 1188 439 1244; x_wconf 87' lang='grc' dir='ltr'>παῖδα</span> <span class='ocrx_word' id='word_1_74' title='bbox 481 1193 898 1265; x_wconf 75' lang='grc' dir='ltr'>ἐπικαλούμενον,</span> <span class='ocrx_word' id='word_1_75' title='bbox 979 1197 1066 1248; x_wconf 85' lang='grc' dir='ltr'>οἶα</span> <span class='ocrx_word' id='word_1_76' title='bbox 1117 1191 1185 1254; x_wconf 83' lang='grc' dir='ltr'><strong>δή</strong></span> <span class='ocrx_word' id='word_1_77' title='bbox 1263 1197 1328 1248; x_wconf 80' lang='grc' dir='ltr'><strong>τὰ</strong></span> <span class='ocrx_word' id='word_1_78' title='bbox 1401 1203 1732 1270; x_wconf 81' lang='grc' dir='ltr'>Χριστιανῶν</span> 
     </span>
    </p>
   </div>
   <div class='ocr_carea' id='block_1_12' title="bbox 123 1279 1736 1350">
    <p class='ocr_par' dir='ltr' id='par_1_12' title="bbox 123 1279 1736 1350">
     <span class='ocr_line' id='line_1_12' title="bbox 123 1279 1736 1350; baseline 0.002 -20"><span class='ocrx_word' id='word_1_79' title='bbox 123 1279 499 1350; x_wconf 87' lang='grc' dir='ltr'>πρεσϐεύοντα,</span> <span class='ocrx_word' id='word_1_80' title='bbox 566 1288 655 1334; x_wconf 89' lang='grc' dir='ltr'><strong>καὶ</strong></span> <span class='ocrx_word' id='word_1_81' title='bbox 703 1281 751 1333; x_wconf 80' lang='grc' dir='ltr'><strong>έν</strong></span> <span class='ocrx_word' id='word_1_82' title='bbox 794 1283 1112 1345; x_wconf 81' lang='grc' dir='ltr'>τελευταίαις</span> <span class='ocrx_word' id='word_1_83' title='bbox 1158 1292 1255 1345; x_wconf 84' lang='grc' dir='ltr'>τῆς</span> <span class='ocrx_word' id='word_1_84' title='bbox 1303 1281 1567 1344; x_wconf 76' lang='grc' dir='ltr'>διαθήκης</span> <span class='ocrx_word' id='word_1_85' title='bbox 1613 1286 1736 1334; x_wconf 82' lang='grc' dir='ltr'>ὄντα</span> 
     </span>
    </p>
   </div>
   <div class='ocr_carea' id='block_1_13' title="bbox 123 1367 1736 1445">
    <p class='ocr_par' dir='ltr' id='par_1_13' title="bbox 123 1367 1736 1445">
     <span class='ocr_line' id='line_1_13' title="bbox 123 1367 1736 1445; baseline 0.002 -26"><span class='ocrx_word' id='word_1_86' title='bbox 123 1367 431 1430; x_wconf 81' lang='grc' dir='ltr'>ἀναπνοαῖς.</span> <span class='ocrx_word' id='word_1_87' title='bbox 486 1369 544 1422; x_wconf 78' lang='grc' dir='ltr'>Ὀ</span> <span class='ocrx_word' id='word_1_88' title='bbox 589 1367 649 1424; x_wconf 78' lang='grc' dir='ltr'><strong>δε</strong></span> <span class='ocrx_word' id='word_1_89' title='bbox 697 1376 787 1424; x_wconf 89' lang='grc' dir='ltr'><strong>καὶ</strong></span> <span class='ocrx_word' id='word_1_90' title='bbox 837 1372 976 1443; x_wconf 79' lang='grc' dir='ltr'>μάλα</span> <span class='ocrx_word' id='word_1_91' title='bbox 1026 1374 1208 1435; x_wconf 79' lang='grc' dir='ltr'>ἡσθεὶς</span> <span class='ocrx_word' id='word_1_92' title='bbox 1262 1381 1324 1445; x_wconf 76' lang='grc' dir='ltr'>τῇ</span> <span class='ocrx_word' id='word_1_93' title='bbox 1390 1381 1481 1426; x_wconf 84' lang='grc' dir='ltr'>τοῦ</span> <span class='ocrx_word' id='word_1_94' title='bbox 1540 1368 1736 1434; x_wconf 85' lang='grc' dir='ltr'>παιδὸς</span> 
     </span>
    </p>
   </div>
   <div class='ocr_carea' id='block_1_14' title="bbox 121 1461 1730 1537">
    <p class='ocr_par' dir='ltr' id='par_1_14' title="bbox 121 1461 1730 1537">
     <span class='ocr_line' id='line_1_14' title="bbox 121 1461 1730 1537; baseline 0.003 -28"><span class='ocrx_word' id='word_1_95' title='bbox 121 1463 418 1532; x_wconf 84' lang='grc' dir='ltr'>παρουσία,</span> <span class='ocrx_word' id='word_1_96' title='bbox 472 1463 561 1511; x_wconf 83' lang='grc' dir='ltr'><strong>καὶ</strong></span> <span class='ocrx_word' id='word_1_97' title='bbox 611 1464 727 1521; x_wconf 81' lang='grc' dir='ltr'>τοὺς</span> <span class='ocrx_word' id='word_1_98' title='bbox 805 1461 990 1523; x_wconf 80' lang='grc' dir='ltr'>ἄλλους</span> <span class='ocrx_word' id='word_1_99' title='bbox 1047 1462 1279 1522; x_wconf 81' lang='grc' dir='ltr'>οἶπαντας</span> <span class='ocrx_word' id='word_1_100' title='bbox 1334 1464 1730 1537; x_wconf 73' lang='grc' dir='ltr'>παρωσάμενος,</span> 
     </span>
    </p>
   </div>
   <div class='ocr_carea' id='block_1_15' title="bbox 122 1546 1732 1622">
    <p class='ocr_par' dir='ltr' id='par_1_15' title="bbox 122 1546 1732 1622">
     <span class='ocr_line' id='line_1_15' title="bbox 122 1546 1732 1622; baseline 0.002 -24"><span class='ocrx_word' id='word_1_101' title='bbox 122 1554 227 1608; x_wconf 85' lang='grc' dir='ltr'>τῆς</span> <span class='ocrx_word' id='word_1_102' title='bbox 281 1546 459 1608; x_wconf 82' lang='grc' dir='ltr'>κλίνης</span> <span class='ocrx_word' id='word_1_103' title='bbox 515 1547 856 1610; x_wconf 82' lang='grc' dir='ltr'>ἀνακαθίσας.</span> <span class='ocrx_word' id='word_1_104' title='bbox 914 1558 1010 1613; x_wconf 78' lang='grc' dir='ltr'>τῆς</span> <span class='ocrx_word' id='word_1_105' title='bbox 1060 1571 1112 1603; x_wconf 91' lang='grc' dir='ltr'><strong>τε</strong></span> <span class='ocrx_word' id='word_1_106' title='bbox 1159 1551 1452 1622; x_wconf 75' lang='grc' dir='ltr'>συγκλήτου</span> <span class='ocrx_word' id='word_1_107' title='bbox 1493 1557 1584 1604; x_wconf 85' lang='grc' dir='ltr'><strong>καὶ</strong></span> <span class='ocrx_word' id='word_1_108' title='bbox 1634 1559 1732 1604; x_wconf 80' lang='grc' dir='ltr'><strong>τῶν</strong></span> 
     </span>
    </p>
   </div>
   <div class='ocr_carea' id='block_1_16' title="bbox 119 1631 1733 1710">
    <p class='ocr_par' dir='ltr' id='par_1_16' title="bbox 119 1631 1733 1710">
     <span class='ocr_line' id='line_1_16' title="bbox 119 1631 1733 1710; baseline 0.004 -24"><span class='ocrx_word' id='word_1_109' title='bbox 119 1631 336 1687; x_wconf 83' lang='grc' dir='ltr'>παίδων</span> <span class='ocrx_word' id='word_1_110' title='bbox 391 1641 480 1689; x_wconf 89' lang='grc' dir='ltr'><strong>καὶ</strong></span> <span class='ocrx_word' id='word_1_111' title='bbox 534 1645 622 1689; x_wconf 83' lang='grc' dir='ltr'>τοῦ</span> <span class='ocrx_word' id='word_1_112' title='bbox 674 1638 902 1701; x_wconf 81' lang='grc' dir='ltr'>πλήθους</span> <span class='ocrx_word' id='word_1_113' title='bbox 959 1642 1166 1710; x_wconf 82' lang='grc' dir='ltr'>παντὸς,</span> <span class='ocrx_word' id='word_1_114' title='bbox 1225 1645 1314 1694; x_wconf 91' lang='grc' dir='ltr'><strong>καὶ</strong></span> <span class='ocrx_word' id='word_1_115' title='bbox 1356 1649 1456 1692; x_wconf 87' lang='grc' dir='ltr'>τῶν</span> <span class='ocrx_word' id='word_1_116' title='bbox 1489 1640 1543 1702; x_wconf 79' lang='grc' dir='ltr'>έξ</span> <span class='ocrx_word' id='word_1_117' title='bbox 1589 1639 1733 1692; x_wconf 84' lang='grc' dir='ltr'>ἀλλο-</span> 
     </span>
    </p>
   </div>
   <div class='ocr_carea' id='block_1_17' title="bbox 125 1721 1810 1806">
    <p class='ocr_par' dir='ltr' id='par_1_17' title="bbox 125 1721 1810 1806">
     <span class='ocr_line' id='line_1_17' title="bbox 125 1721 1810 1806; baseline 0.002 -30"><span class='ocrx_word' id='word_1_118' title='bbox 125 1721 311 1785; x_wconf 79' lang='grc' dir='ltr'>δαπῆς</span> <span class='ocrx_word' id='word_1_119' title='bbox 349 1729 636 1801; x_wconf 83' lang='grc' dir='ltr'>παρόντων,</span> <span class='ocrx_word' id='word_1_120' title='bbox 669 1730 734 1778; x_wconf 81' lang='grc' dir='ltr'>τὰ</span> <span class='ocrx_word' id='word_1_121' title='bbox 775 1736 871 1790; x_wconf 84' lang='grc' dir='ltr'>τῆς</span> <span class='ocrx_word' id='word_1_122' title='bbox 902 1728 1172 1801; x_wconf 84' lang='grc' dir='ltr'>βασιλείας</span> <span class='ocrx_word' id='word_1_123' title='bbox 1212 1728 1448 1802; x_wconf 87' lang='grc' dir='ltr'>σύμϐολα</span> <span class='ocrx_word' id='word_1_124' title='bbox 1503 1734 1592 1782; x_wconf 89' lang='grc' dir='ltr'><strong>καὶ</strong></span> <span class='ocrx_word' id='word_1_125' title='bbox 1644 1731 1732 1782; x_wconf 86' lang='grc' dir='ltr'>τὸν</span> <span class='ocrx_word' id='word_1_126' title='bbox 1769 1751 1810 1806; x_wconf 80' lang='grc' dir='ltr'>Β</span> 
     </span>
    </p>
   </div>
   <div class='ocr_carea' id='block_1_18' title="bbox 121 1819 1731 1894">
    <p class='ocr_par' dir='ltr' id='par_1_18' title="bbox 121 1819 1731 1894">
     <span class='ocr_line' id='line_1_18' title="bbox 121 1819 1731 1894; baseline 0.003 -29"><span class='ocrx_word' id='word_1_127' title='bbox 121 1820 371 1887; x_wconf 82' lang='grc' dir='ltr'>χρυσοῦν</span> <span class='ocrx_word' id='word_1_128' title='bbox 438 1819 679 1887; x_wconf 69' lang='grc' dir='ltr'>στέφανον</span> <span class='ocrx_word' id='word_1_129' title='bbox 724 1820 861 1886; x_wconf 84' lang='grc' dir='ltr'>αύτῷ</span> <span class='ocrx_word' id='word_1_130' title='bbox 919 1820 1198 1890; x_wconf 81' lang='grc' dir='ltr'>περιέθετο,</span> <span class='ocrx_word' id='word_1_131' title='bbox 1244 1819 1394 1879; x_wconf 67' lang='grc' dir='ltr'>αὐτὸς</span> <span class='ocrx_word' id='word_1_132' title='bbox 1434 1819 1600 1894; x_wconf 82' lang='grc' dir='ltr'>κῆρυξ</span> <span class='ocrx_word' id='word_1_133' title='bbox 1641 1825 1731 1870; x_wconf 84' lang='grc' dir='ltr'>τοῦ</span> 
     </span>
    </p>
   </div>
   <div class='ocr_carea' id='block_1_19' title="bbox 122 1899 1733 1979">
    <p class='ocr_par' dir='ltr' id='par_1_19' title="bbox 122 1899 1733 1979">
     <span class='ocr_line' id='line_1_19' title="bbox 122 1899 1733 1979; baseline 0.004 -26"><span class='ocrx_word' id='word_1_134' title='bbox 122 1899 328 1963; x_wconf 84' lang='grc' dir='ltr'>παιδὸς</span> <span class='ocrx_word' id='word_1_135' title='bbox 372 1912 567 1976; x_wconf 84' lang='grc' dir='ltr'>πρῶτος</span> <span class='ocrx_word' id='word_1_136' title='bbox 625 1905 915 1978; x_wconf 72' lang='grc' dir='ltr'>ἀναφανεὶς,</span> <span class='ocrx_word' id='word_1_137' title='bbox 975 1912 1063 1959; x_wconf 89' lang='grc' dir='ltr'><strong>καὶ</strong></span> <span class='ocrx_word' id='word_1_138' title='bbox 1119 1911 1249 1979; x_wconf 85' lang='grc' dir='ltr'>πρὸς</span> <span class='ocrx_word' id='word_1_139' title='bbox 1297 1913 1390 1966; x_wconf 80' lang='grc' dir='ltr'><strong>τήν</strong></span> <span class='ocrx_word' id='word_1_140' title='bbox 1442 1908 1733 1978; x_wconf 86' lang='grc' dir='ltr'>σύγκλητον</span> 
     </span>
    </p>
   </div>
   <div class='ocr_carea' id='block_1_20' title="bbox 123 1991 1734 2068">
    <p class='ocr_par' dir='ltr' id='par_1_20' title="bbox 123 1991 1734 2068">
     <span class='ocr_line' id='line_1_20' title="bbox 123 1991 1734 2068; baseline 0.003 -26"><span class='ocrx_word' id='word_1_141' title='bbox 123 1997 222 2044; x_wconf 84' lang='grc' dir='ltr'><strong>καὶ</strong></span> <span class='ocrx_word' id='word_1_142' title='bbox 262 2011 347 2043; x_wconf 92' lang='grc' dir='ltr'><strong>τον</strong></span> <span class='ocrx_word' id='word_1_143' title='bbox 398 1991 569 2046; x_wconf 85' lang='grc' dir='ltr'>παῖδα</span> <span class='ocrx_word' id='word_1_144' title='bbox 609 1995 756 2047; x_wconf 83' lang='grc' dir='ltr'>ταῦτ’</span> <span class='ocrx_word' id='word_1_145' title='bbox 804 1995 1020 2048; x_wconf 78' lang='grc' dir='ltr'>ἀνειπὼν</span> <span class='ocrx_word' id='word_1_146' title='bbox 1051 2014 1064 2026; x_wconf 83' lang='lat'><strong><em>°</em></strong></span> <span class='ocrx_word' id='word_1_147' title='bbox 1120 2003 1226 2049; x_wconf 81' lang='grc' dir='ltr'><strong>Νῦν</strong></span> <span class='ocrx_word' id='word_1_148' title='bbox 1284 1998 1309 2049; x_wconf 86' lang='grc' dir='ltr'><strong><em>ὁ</em></strong></span> <span class='ocrx_word' id='word_1_149' title='bbox 1379 1998 1592 2058; x_wconf 72' lang='grc' dir='ltr'>θάνατός</span> <span class='ocrx_word' id='word_1_150' title='bbox 1644 2015 1734 2068; x_wconf 86' lang='grc' dir='ltr'><strong>μοι</strong></span> 
     </span>
    </p>
   </div>
   <div class='ocr_carea' id='block_1_21' title="bbox 124 2079 1732 2164">
    <p class='ocr_par' dir='ltr' id='par_1_21' title="bbox 124 2079 1732 2164">
     <span class='ocr_line' id='line_1_21' title="bbox 124 2079 1732 2164; baseline 0.002 -32"><span class='ocrx_word' id='word_1_151' title='bbox 124 2088 230 2142; x_wconf 79' lang='grc' dir='ltr'><strong>τῆς</strong></span> <span class='ocrx_word' id='word_1_152' title='bbox 281 2081 422 2144; x_wconf 77' lang='grc' dir='ltr'>ζωῆς</span> <span class='ocrx_word' id='word_1_153' title='bbox 467 2079 632 2164; x_wconf 47' lang='grc' dir='ltr'>ήδξίων</span> <span class='ocrx_word' id='word_1_154' title='bbox 680 2087 996 2138; x_wconf 79' lang='grc' dir='ltr'>καθίσταται</span> <span class='ocrx_word' id='word_1_155' title='bbox 1028 2103 1041 2115; x_wconf 81' lang='lat'><strong><em>°</em></strong></span> <span class='ocrx_word' id='word_1_156' title='bbox 1091 2094 1178 2137; x_wconf 79' lang='grc' dir='ltr'>νῦν</span> <span class='ocrx_word' id='word_1_157' title='bbox 1226 2106 1316 2158; x_wconf 91' lang='grc' dir='ltr'><strong>μοι</strong></span> <span class='ocrx_word' id='word_1_158' title='bbox 1349 2087 1480 2138; x_wconf 86' lang='grc' dir='ltr'><strong>κατά</strong></span> <span class='ocrx_word' id='word_1_159' title='bbox 1523 2090 1732 2156; x_wconf 85' lang='grc' dir='ltr'>γνώμην</span> 
     </span>
    </p>
   </div>
   <div class='ocr_carea' id='block_1_22' title="bbox 125 2169 1734 2248">
    <p class='ocr_par' dir='ltr' id='par_1_22' title="bbox 125 2169 1734 2248">
     <span class='ocr_line' id='line_1_22' title="bbox 125 2169 1734 2248; baseline 0.003 -27"><span class='ocrx_word' id='word_1_160' title='bbox 125 2171 162 2227; x_wconf 77' lang='grc' dir='ltr'><strong>ἡ</strong></span> <span class='ocrx_word' id='word_1_161' title='bbox 198 2169 406 2228; x_wconf 84' lang='grc' dir='ltr'>τελευτή</span> <span class='ocrx_word' id='word_1_162' title='bbox 466 2171 676 2231; x_wconf 77' lang='grc' dir='ltr'>ἐπέστη.</span> <span class='ocrx_word' id='word_1_163' title='bbox 729 2181 879 2245; x_wconf 62' lang='lat' dir='ltr'><strong>&quot;Exeo</strong></span> <span class='ocrx_word' id='word_1_164' title='bbox 925 2178 1026 2248; x_wconf 83' lang='grc' dir='ltr'>γὰρ</span> <span class='ocrx_word' id='word_1_165' title='bbox 1085 2195 1185 2246; x_wconf 89' lang='grc' dir='ltr'><strong>μου</strong></span> <span class='ocrx_word' id='word_1_166' title='bbox 1237 2179 1292 2228; x_wconf 91' lang='grc' dir='ltr'>τὸ</span> <span class='ocrx_word' id='word_1_167' title='bbox 1343 2179 1590 2248; x_wconf 81' lang='grc' dir='ltr'>μέγιστον</span> <span class='ocrx_word' id='word_1_168' title='bbox 1622 2173 1734 2226; x_wconf 80' lang='grc' dir='ltr'>ἐπι-</span> 
     </span>
    </p>
   </div>
   <div class='ocr_carea' id='block_1_23' title="bbox 126 2262 1736 2338">
    <p class='ocr_par' dir='ltr' id='par_1_23' title="bbox 126 2262 1736 2338">
     <span class='ocr_line' id='line_1_23' title="bbox 126 2262 1736 2338; baseline 0.002 -26"><span class='ocrx_word' id='word_1_169' title='bbox 126 2262 317 2332; x_wconf 72' lang='grc' dir='ltr'>τάφιον</span> <span class='ocrx_word' id='word_1_170' title='bbox 368 2263 452 2312; x_wconf 87' lang='grc' dir='ltr'>τὸν</span> <span class='ocrx_word' id='word_1_171' title='bbox 483 2264 616 2316; x_wconf 78' lang='grc' dir='ltr'>υἱόν.</span> <span class='ocrx_word' id='word_1_172' title='bbox 660 2266 729 2316; x_wconf 89' lang='grc' dir='ltr'><strong>Τὸ</strong></span> <span class='ocrx_word' id='word_1_173' title='bbox 781 2267 880 2338; x_wconf 81' lang='grc' dir='ltr'>γὰρ</span> <span class='ocrx_word' id='word_1_174' title='bbox 923 2265 1220 2318; x_wconf 84' lang='grc' dir='ltr'>καταλιπεῖν</span> <span class='ocrx_word' id='word_1_175' title='bbox 1255 2264 1338 2318; x_wconf 75' lang='grc' dir='ltr'>ἰπὶ</span> <span class='ocrx_word' id='word_1_176' title='bbox 1375 2274 1473 2336; x_wconf 84' lang='grc' dir='ltr'>γῆς</span> <span class='ocrx_word' id='word_1_177' title='bbox 1514 2263 1736 2338; x_wconf 83' lang='grc' dir='ltr'>βασιλέα</span> 
     </span>
    </p>
   </div>
   <div class='ocr_carea' id='block_1_24' title="bbox 129 2349 1735 2428">
    <p class='ocr_par' dir='ltr' id='par_1_24' title="bbox 129 2349 1735 2428">
     <span class='ocr_line' id='line_1_24' title="bbox 129 2349 1735 2428; baseline 0.002 -28"><span class='ocrx_word' id='word_1_178' title='bbox 129 2351 200 2400; x_wconf 80' lang='grc' dir='ltr'>τὰ</span> <span class='ocrx_word' id='word_1_179' title='bbox 253 2355 582 2424; x_wconf 79' lang='grc' dir='ltr'>Χριστιανῶν</span> <span class='ocrx_word' id='word_1_180' title='bbox 631 2349 838 2428; x_wconf 76' lang='grc' dir='ltr'>δάκρυα</span> <span class='ocrx_word' id='word_1_181' title='bbox 897 2358 990 2406; x_wconf 79' lang='grc' dir='ltr'>σὺν</span> <span class='ocrx_word' id='word_1_182' title='bbox 1071 2357 1181 2426; x_wconf 85' lang='grc' dir='ltr'>θείᾳ</span> <span class='ocrx_word' id='word_1_183' title='bbox 1253 2356 1386 2428; x_wconf 81' lang='grc' dir='ltr'><strong>ῥοπῇ</strong></span> <span class='ocrx_word' id='word_1_184' title='bbox 1452 2351 1735 2426; x_wconf 82' lang='grc' dir='ltr'>δυνάμενον</span> 
     </span>
    </p>
   </div>
   <div class='ocr_carea' id='block_1_25' title="bbox 132 2437 1738 2514">
    <p class='ocr_par' dir='ltr' id='par_1_25' title="bbox 132 2437 1738 2514">
     <span class='ocr_line' id='line_1_25' title="bbox 132 2437 1738 2514; baseline 0.003 -25"><span class='ocrx_word' id='word_1_185' title='bbox 132 2437 559 2512; x_wconf 83' lang='grc' dir='ltr'>ἀπομόρξασθαι,</span> <span class='ocrx_word' id='word_1_186' title='bbox 614 2447 702 2494; x_wconf 84' lang='grc' dir='ltr'><strong>καὶ</strong></span> <span class='ocrx_word' id='word_1_187' title='bbox 751 2439 903 2500; x_wconf 82' lang='grc' dir='ltr'>δίκην</span> <span class='ocrx_word' id='word_1_188' title='bbox 951 2443 1212 2514; x_wconf 69' lang='grc' dir='ltr'>λήψεσθαι</span> <span class='ocrx_word' id='word_1_189' title='bbox 1264 2452 1362 2496; x_wconf 88' lang='grc' dir='ltr'>τῶν</span> <span class='ocrx_word' id='word_1_190' title='bbox 1409 2451 1519 2506; x_wconf 88' lang='grc' dir='ltr'>τοῖς</span> <span class='ocrx_word' id='word_1_191' title='bbox 1565 2443 1738 2504; x_wconf 78' lang='grc' dir='ltr'>ἀθέοις</span> 
     </span>
    </p>
   </div>
   <div class='ocr_carea' id='block_1_26' title="bbox 127 2530 1733 2605">
    <p class='ocr_par' dir='ltr' id='par_1_26' title="bbox 127 2530 1733 2605">
     <span class='ocr_line' id='line_1_26' title="bbox 127 2530 1733 2605; baseline 0.003 -26"><span class='ocrx_word' id='word_1_192' title='bbox 127 2535 401 2602; x_wconf 77' lang='grc' dir='ltr'>τυράννοις</span> <span class='ocrx_word' id='word_1_193' title='bbox 451 2530 853 2603; x_wconf 79' lang='grc' dir='ltr'>τέτολμημένων,</span> <span class='ocrx_word' id='word_1_194' title='bbox 910 2537 1068 2584; x_wconf 76' lang='grc' dir='ltr'>τοῦτο’</span> <span class='ocrx_word' id='word_1_195' title='bbox 1131 2552 1226 2604; x_wconf 90' lang='grc' dir='ltr'><strong>μοι</strong></span> <span class='ocrx_word' id='word_1_196' title='bbox 1281 2536 1335 2586; x_wconf 83' lang='grc' dir='ltr'>τὸ</span> <span class='ocrx_word' id='word_1_197' title='bbox 1401 2541 1493 2594; x_wconf 73' lang='grc' dir='ltr'>τῆς</span> <span class='ocrx_word' id='word_1_198' title='bbox 1565 2552 1733 2605; x_wconf 80' lang='grc' dir='ltr'>μακα-</span> 
     </span>
    </p>
   </div>
   <div class='ocr_carea' id='block_1_27' title="bbox 128 2620 1732 2697">
    <p class='ocr_par' dir='ltr' id='par_1_27' title="bbox 128 2620 1732 2697">
     <span class='ocr_line' id='line_1_27' title="bbox 128 2620 1732 2697; baseline 0.003 -28"><span class='ocrx_word' id='word_1_199' title='bbox 128 2623 373 2692; x_wconf 87' lang='grc' dir='ltr'>ριότητος</span> <span class='ocrx_word' id='word_1_200' title='bbox 410 2621 656 2690; x_wconf 82' lang='grc' dir='ltr'>ἔσχατον.</span> <span class='ocrx_word' id='word_1_201' title='bbox 708 2620 851 2674; x_wconf 83' lang='grc' dir='ltr'>Ἐῖτα</span> <span class='ocrx_word' id='word_1_202' title='bbox 879 2625 1010 2696; x_wconf 88' lang='grc' dir='ltr'>πρὸς</span> <span class='ocrx_word' id='word_1_203' title='bbox 1047 2625 1104 2673; x_wconf 85' lang='grc' dir='ltr'>τὸ</span> <span class='ocrx_word' id='word_1_204' title='bbox 1143 2621 1338 2684; x_wconf 81' lang='grc' dir='ltr'>πλῆθος</span> <span class='ocrx_word' id='word_1_205' title='bbox 1377 2625 1732 2697; x_wconf 72' lang='grc' dir='ltr'>ἐπιστραφεὶς,</span> 
     </span>
    </p>
   </div>
   <div class='ocr_carea' id='block_1_28' title="bbox 135 2707 1732 2783">
    <p class='ocr_par' dir='ltr' id='par_1_28' title="bbox 135 2707 1732 2783">
     <span class='ocr_line' id='line_1_28' title="bbox 135 2707 1732 2783; baseline 0.002 -24"><span class='ocrx_word' id='word_1_206' title='bbox 135 2709 346 2778; x_wconf 81' lang='grc' dir='ltr'>θᾶρσεῖν</span> <span class='ocrx_word' id='word_1_207' title='bbox 397 2727 452 2760; x_wconf 93' lang='grc' dir='ltr'><strong>τε</strong></span> <span class='ocrx_word' id='word_1_208' title='bbox 498 2707 689 2762; x_wconf 82' lang='grc' dir='ltr'>ἐκέλευε</span> <span class='ocrx_word' id='word_1_209' title='bbox 741 2717 850 2772; x_wconf 89' lang='grc' dir='ltr'>τοῖς</span> <span class='ocrx_word' id='word_1_210' title='bbox 900 2715 971 2781; x_wconf 76' lang='grc' dir='ltr'><strong>μή</strong></span> <span class='ocrx_word' id='word_1_211' title='bbox 1034 2713 1395 2782; x_wconf 73' lang='grc' dir='ltr'>μεταθεμένοις</span> <span class='ocrx_word' id='word_1_212' title='bbox 1465 2715 1524 2762; x_wconf 84' lang='grc' dir='ltr'>τὸ</span> <span class='ocrx_word' id='word_1_213' title='bbox 1603 2714 1732 2783; x_wconf 89' lang='grc' dir='ltr'>πρὸς</span> 
     </span>
    </p>
   </div>
   <div class='ocr_carea' id='block_1_29' title="bbox 131 2797 1734 2872">
    <p class='ocr_par' dir='ltr' id='par_1_29' title="bbox 131 2797 1734 2872">
     <span class='ocr_line' id='line_1_29' title="bbox 131 2797 1734 2872; baseline 0.003 -24"><span class='ocrx_word' id='word_1_214' title='bbox 131 2800 366 2870; x_wconf 81' lang='grc' dir='ltr'>Χριστὸν</span> <span class='ocrx_word' id='word_1_215' title='bbox 425 2797 615 2858; x_wconf 88' lang='grc' dir='ltr'>σέϐας·</span> <span class='ocrx_word' id='word_1_216' title='bbox 676 2799 978 2859; x_wconf 75' lang='grc' dir='ltr'>ὀπλίζεσθοὶ</span> <span class='ocrx_word' id='word_1_217' title='bbox 1039 2805 1126 2852; x_wconf 83' lang='grc' dir='ltr'><strong>καὶ</strong></span> <span class='ocrx_word' id='word_1_218' title='bbox 1190 2803 1291 2872; x_wconf 80' lang='grc' dir='ltr'><strong>γὰρ</strong></span> <span class='ocrx_word' id='word_1_219' title='bbox 1350 2800 1536 2853; x_wconf 77' lang='grc' dir='ltr'>έκεῖνον</span> <span class='ocrx_word' id='word_1_220' title='bbox 1602 2802 1734 2872; x_wconf 86' lang='grc' dir='ltr'><strong>μετά</strong></span> 
     </span>
    </p>
   </div>
   <div class='ocr_carea' id='block_1_30' title="bbox 134 2886 1727 2963">
    <p class='ocr_par' dir='ltr' id='par_1_30' title="bbox 134 2886 1727 2963">
     <span class='ocr_line' id='line_1_30' title="bbox 134 2886 1727 2963; baseline 0.003 -26"><span class='ocrx_word' id='word_1_221' title='bbox 134 2889 524 2938; x_wconf 76' lang='grc' dir='ltr'>Κωνσταντίνου</span> <span class='ocrx_word' id='word_1_222' title='bbox 577 2886 772 2942; x_wconf 86' lang='grc' dir='ltr'>λοιπόν.</span> <span class='ocrx_word' id='word_1_223' title='bbox 817 2887 914 2940; x_wconf 88' lang='grc' dir='ltr'>Ἤν</span> <span class='ocrx_word' id='word_1_224' title='bbox 959 2891 1058 2963; x_wconf 78' lang='grc' dir='ltr'><strong>γὰρ</strong></span> <span class='ocrx_word' id='word_1_225' title='bbox 1106 2890 1131 2939; x_wconf 86' lang='grc' dir='ltr'>ὀ</span> <span class='ocrx_word' id='word_1_226' title='bbox 1176 2894 1423 2949; x_wconf 81' lang='grc' dir='ltr'>Κώνστας</span> <span class='ocrx_word' id='word_1_227' title='bbox 1474 2888 1520 2940; x_wconf 79' lang='grc' dir='ltr'><strong>έν</strong></span> <span class='ocrx_word' id='word_1_228' title='bbox 1569 2888 1727 2962; x_wconf 75' lang='grc' dir='ltr'>πολλῇ</span> 
     </span>
    </p>
   </div>
   <div class='ocr_carea' id='block_1_31' title="bbox 129 2974 1732 3053">
    <p class='ocr_par' dir='ltr' id='par_1_31' title="bbox 129 2974 1732 3053">
     <span class='ocr_line' id='line_1_31' title="bbox 129 2974 1732 3053; baseline 0.003 -28"><span class='ocrx_word' id='word_1_229' title='bbox 129 2981 230 3035; x_wconf 82' lang='grc' dir='ltr'>τῆς</span> <span class='ocrx_word' id='word_1_230' title='bbox 283 2974 454 3035; x_wconf 83' lang='grc' dir='ltr'>ἀθεῖας</span> <span class='ocrx_word' id='word_1_231' title='bbox 499 2976 759 3049; x_wconf 76' lang='grc' dir='ltr'>κραιπάλη</span> <span class='ocrx_word' id='word_1_232' title='bbox 815 2982 989 3049; x_wconf 73' lang='grc' dir='ltr'>νήφειν</span> <span class='ocrx_word' id='word_1_233' title='bbox 1041 2978 1292 3047; x_wconf 83' lang='grc' dir='ltr'>ἐλόμενος,</span> <span class='ocrx_word' id='word_1_234' title='bbox 1349 2983 1440 3030; x_wconf 91' lang='grc' dir='ltr'><strong>καὶ</strong></span> <span class='ocrx_word' id='word_1_235' title='bbox 1496 2981 1561 3030; x_wconf 84' lang='grc' dir='ltr'><strong>τὰ</strong></span> <span class='ocrx_word' id='word_1_236' title='bbox 1605 2986 1732 3053; x_wconf 69' lang='grc' dir='ltr'>Χρισ</span> 
     </span>
    </p>
   </div>
   <div class='ocr_carea' id='block_1_32' title="bbox 131 3064 1812 3157">
    <p class='ocr_par' dir='ltr' id='par_1_32' title="bbox 131 3064 1812 3157">
     <span class='ocr_line' id='line_1_32' title="bbox 131 3064 1812 3157; baseline 0.001 -42"><span class='ocrx_word' id='word_1_237' title='bbox 131 3069 262 3116; x_wconf 81' lang='grc' dir='ltr'>στοῦ</span> <span class='ocrx_word' id='word_1_238' title='bbox 345 3067 612 3140; x_wconf 89' lang='grc' dir='ltr'>κρατύνειν</span> <span class='ocrx_word' id='word_1_239' title='bbox 694 3065 943 3124; x_wconf 86' lang='grc' dir='ltr'>πλείστην</span> <span class='ocrx_word' id='word_1_240' title='bbox 1027 3066 1242 3120; x_wconf 78' lang='grc' dir='ltr'>ἐποιεῖτο</span> <span class='ocrx_word' id='word_1_241' title='bbox 1314 3064 1575 3134; x_wconf 85' lang='grc' dir='ltr'>σπουδήν,</span> <span class='ocrx_word' id='word_1_242' title='bbox 1659 3075 1730 3139; x_wconf 78' lang='grc' dir='ltr'>τῷ</span> <span class='ocrx_word' id='word_1_243' title='bbox 1774 3102 1812 3157; x_wconf 80' lang='lat' dir='ltr'><strong>C</strong></span> 
     </span>
    </p>
   </div>
   <div class='ocr_carea' id='block_1_33' title="bbox 123 3151 1732 3230">
    <p class='ocr_par' dir='ltr' id='par_1_33' title="bbox 123 3151 1732 3230">
     <span class='ocr_line' id='line_1_33' title="bbox 123 3151 1732 3230; baseline 0.002 -25"><span class='ocrx_word' id='word_1_244' title='bbox 123 3151 303 3223; x_wconf 85' lang='grc' dir='ltr'>πολλῷ</span> <span class='ocrx_word' id='word_1_245' title='bbox 358 3172 412 3206; x_wconf 87' lang='grc' dir='ltr'><strong>τε</strong></span> <span class='ocrx_word' id='word_1_246' title='bbox 484 3161 574 3214; x_wconf 86' lang='grc' dir='ltr'>τῆς</span> <span class='ocrx_word' id='word_1_247' title='bbox 647 3153 880 3216; x_wconf 84' lang='grc' dir='ltr'>ἀσεϐείας</span> <span class='ocrx_word' id='word_1_248' title='bbox 950 3157 1323 3229; x_wconf 81' lang='grc' dir='ltr'>κατακλυσμῷ,</span> <span class='ocrx_word' id='word_1_249' title='bbox 1398 3159 1623 3230; x_wconf 86' lang='grc' dir='ltr'>σπινθήρ</span> <span class='ocrx_word' id='word_1_250' title='bbox 1680 3175 1732 3209; x_wconf 88' lang='grc' dir='ltr'><strong>τι</strong></span> 
     </span>
    </p>
   </div>
   <div class='ocr_carea' id='block_1_34' title="bbox 122 3239 1732 3320">
    <p class='ocr_par' dir='ltr' id='par_1_34' title="bbox 122 3239 1732 3320">
     <span class='ocr_line' id='line_1_34' title="bbox 122 3239 1732 3320; baseline 0.002 -26"><span class='ocrx_word' id='word_1_251' title='bbox 122 3241 387 3304; x_wconf 79' lang='grc' dir='ltr'>ἄσϐεστος</span> <span class='ocrx_word' id='word_1_252' title='bbox 443 3239 729 3314; x_wconf 84' lang='grc' dir='ltr'>διαμέίνας.</span> <span class='ocrx_word' id='word_1_253' title='bbox 791 3245 986 3298; x_wconf 79' lang='grc' dir='ltr'>Πολλοῦ</span> <span class='ocrx_word' id='word_1_254' title='bbox 1033 3249 1134 3320; x_wconf 78' lang='grc' dir='ltr'><strong>γὰρ</strong></span> <span class='ocrx_word' id='word_1_255' title='bbox 1195 3247 1511 3318; x_wconf 78' lang='grc' dir='ltr'>μιάσματος,</span> <span class='ocrx_word' id='word_1_256' title='bbox 1574 3246 1732 3319; x_wconf 65' lang='grc' dir='ltr'>ἔμφυ-</span> 
     </span>
    </p>
   </div>
   <div class='ocr_carea' id='block_1_35' title="bbox 120 3331 1731 3407">
    <p class='ocr_par' dir='ltr' id='par_1_35' title="bbox 120 3331 1731 3407">
     <span class='ocr_line' id='line_1_35' title="bbox 120 3331 1731 3407; baseline 0.004 -25"><span class='ocrx_word' id='word_1_257' title='bbox 120 3331 243 3383; x_wconf 84' lang='grc' dir='ltr'>λίου</span> <span class='ocrx_word' id='word_1_258' title='bbox 302 3350 354 3383; x_wconf 86' lang='grc' dir='ltr'><strong>τε</strong></span> <span class='ocrx_word' id='word_1_259' title='bbox 427 3333 578 3404; x_wconf 72' lang='grc' dir='ltr'>φόνου</span> <span class='ocrx_word' id='word_1_260' title='bbox 636 3338 730 3391; x_wconf 83' lang='grc' dir='ltr'><strong>τήν</strong></span> <span class='ocrx_word' id='word_1_261' title='bbox 782 3334 1086 3406; x_wconf 85' lang='grc' dir='ltr'>οἰκουμένην</span> <span class='ocrx_word' id='word_1_262' title='bbox 1139 3341 1470 3407; x_wconf 83' lang='grc' dir='ltr'>κατέχοντος,</span> <span class='ocrx_word' id='word_1_263' title='bbox 1531 3338 1584 3388; x_wconf 84' lang='grc' dir='ltr'>αἱ</span> <span class='ocrx_word' id='word_1_264' title='bbox 1643 3336 1731 3388; x_wconf 84' lang='grc' dir='ltr'>ὑπ’</span> 
     </span>
    </p>
   </div>
   <div class='ocr_carea' id='block_1_36' title="bbox 123 3418 1729 3498">
    <p class='ocr_par' dir='ltr' id='par_1_36' title="bbox 123 3418 1729 3498">
     <span class='ocr_line' id='line_1_36' title="bbox 123 3418 1729 3498; baseline 0.003 -28"><span class='ocrx_word' id='word_1_265' title='bbox 123 3418 323 3471; x_wconf 72' lang='grc' dir='ltr'>ἐκείνου</span> <span class='ocrx_word' id='word_1_266' title='bbox 363 3420 531 3481; x_wconf 68' lang='grc' dir='ltr'>πόλεις</span> <span class='ocrx_word' id='word_1_267' title='bbox 580 3423 794 3474; x_wconf 78' lang='grc' dir='ltr'>ἄσπιλοι</span> <span class='ocrx_word' id='word_1_268' title='bbox 837 3432 936 3474; x_wconf 87' lang='grc' dir='ltr'>τῶν</span> <span class='ocrx_word' id='word_1_269' title='bbox 991 3421 1169 3476; x_wconf 85' lang='grc' dir='ltr'>δεινῶν</span> <span class='ocrx_word' id='word_1_270' title='bbox 1209 3421 1363 3482; x_wconf 76' lang='grc' dir='ltr'>ἦσαν.</span> <span class='ocrx_word' id='word_1_271' title='bbox 1425 3430 1598 3496; x_wconf 87' lang='grc' dir='ltr'>Λιμήν</span> <span class='ocrx_word' id='word_1_272' title='bbox 1628 3427 1729 3498; x_wconf 77' lang='grc' dir='ltr'>γάρ</span> 
     </span>
    </p>
   </div>
   <div class='ocr_carea' id='block_1_37' title="bbox 122 3509 1729 3586">
    <p class='ocr_par' dir='ltr' id='par_1_37' title="bbox 122 3509 1729 3586">
     <span class='ocr_line' id='line_1_37' title="bbox 122 3509 1729 3586; baseline 0.003 -25"><span class='ocrx_word' id='word_1_273' title='bbox 122 3528 211 3568; x_wconf 86' lang='grc' dir='ltr'><strong>τις</strong></span> <span class='ocrx_word' id='word_1_274' title='bbox 263 3509 325 3566; x_wconf 79' lang='grc' dir='ltr'>ἦν</span> <span class='ocrx_word' id='word_1_275' title='bbox 379 3510 634 3572; x_wconf 77' lang='grc' dir='ltr'>ἄκλυστος</span> <span class='ocrx_word' id='word_1_276' title='bbox 689 3513 718 3569; x_wconf 78' lang='grc' dir='ltr'>ἡ</span> <span class='ocrx_word' id='word_1_277' title='bbox 782 3511 974 3564; x_wconf 77' lang='grc' dir='ltr'>ἐκείνου</span> <span class='ocrx_word' id='word_1_278' title='bbox 1042 3511 1184 3584; x_wconf 83' lang='grc' dir='ltr'>ἀρχή</span> <span class='ocrx_word' id='word_1_279' title='bbox 1227 3521 1288 3586; x_wconf 74' lang='grc' dir='ltr'>τῇ</span> <span class='ocrx_word' id='word_1_280' title='bbox 1349 3522 1448 3565; x_wconf 84' lang='grc' dir='ltr'>τῶν</span> <span class='ocrx_word' id='word_1_281' title='bbox 1511 3513 1729 3566; x_wconf 83' lang='grc' dir='ltr'>εύσεϐῶν</span> 
     </span>
    </p>
   </div>
   <div class='ocr_carea' id='block_1_38' title="bbox 124 3597 1731 3673">
    <p class='ocr_par' dir='ltr' id='par_1_38' title="bbox 124 3597 1731 3673">
     <span class='ocr_line' id='line_1_38' title="bbox 124 3597 1731 3673; baseline 0.004 -23"><span class='ocrx_word' id='word_1_282' title='bbox 124 3597 367 3671; x_wconf 82' lang='grc' dir='ltr'>πολιτείᾳ</span> <span class='ocrx_word' id='word_1_283' title='bbox 398 3616 411 3630; x_wconf 76' lang='grc' dir='ltr'><strong>ο</strong></span> <span class='ocrx_word' id='word_1_284' title='bbox 465 3605 553 3652; x_wconf 89' lang='grc' dir='ltr'><strong>καὶ</strong></span> <span class='ocrx_word' id='word_1_285' title='bbox 607 3603 674 3662; x_wconf 84' lang='grc' dir='ltr'>ὡς</span> <span class='ocrx_word' id='word_1_286' title='bbox 733 3601 803 3662; x_wconf 82' lang='grc' dir='ltr'>εἰς</span> <span class='ocrx_word' id='word_1_287' title='bbox 839 3601 1097 3653; x_wconf 79' lang='grc' dir='ltr'>ἄκλυστον</span> <span class='ocrx_word' id='word_1_288' title='bbox 1153 3604 1251 3673; x_wconf 84' lang='grc' dir='ltr'>γὰρ</span> <span class='ocrx_word' id='word_1_289' title='bbox 1301 3602 1481 3672; x_wconf 83' lang='grc' dir='ltr'>λιμένα</span> <span class='ocrx_word' id='word_1_290' title='bbox 1510 3605 1731 3656; x_wconf 83' lang='grc' dir='ltr'>οἱκατὰ</span> 
     </span>
    </p>
   </div>
   <div class='ocr_carea' id='block_1_39' title="bbox 123 3685 1730 3762">
    <p class='ocr_par' dir='ltr' id='par_1_39' title="bbox 123 3685 1730 3762">
     <span class='ocr_line' id='line_1_39' title="bbox 123 3685 1730 3762; baseline 0.002 -22"><span class='ocrx_word' id='word_1_291' title='bbox 123 3690 362 3759; x_wconf 68' lang='grc' dir='ltr'>Χριστὸν</span> <span class='ocrx_word' id='word_1_292' title='bbox 415 3685 743 3762; x_wconf 79' lang='grc' dir='ltr'>διωκόμενοι,</span> <span class='ocrx_word' id='word_1_293' title='bbox 809 3689 972 3742; x_wconf 76' lang='grc' dir='ltr'>ἐκεῖσε</span> <span class='ocrx_word' id='word_1_294' title='bbox 1027 3686 1094 3747; x_wconf 81' lang='grc' dir='ltr'><strong>δή</strong></span> <span class='ocrx_word' id='word_1_295' title='bbox 1154 3694 1478 3762; x_wconf 67' lang='grc' dir='ltr'>πεφευγότες,</span> <span class='ocrx_word' id='word_1_296' title='bbox 1549 3689 1730 3744; x_wconf 83' lang='grc' dir='ltr'>διατε-</span> 
     </span>
    </p>
   </div>
   <div class='ocr_carea' id='block_1_40' title="bbox 122 3779 1730 3852">
    <p class='ocr_par' dir='ltr' id='par_1_40' title="bbox 122 3779 1730 3852">
     <span class='ocr_line' id='line_1_40' title="bbox 122 3779 1730 3852; baseline 0.003 -24"><span class='ocrx_word' id='word_1_297' title='bbox 122 3782 375 3850; x_wconf 85' lang='grc' dir='ltr'>τήρηντο.</span> <span class='ocrx_word' id='word_1_298' title='bbox 430 3784 530 3832; x_wconf 77' lang='grc' dir='ltr'>Καὶ</span> <span class='ocrx_word' id='word_1_299' title='bbox 578 3781 603 3832; x_wconf 86' lang='grc' dir='ltr'>ὁ</span> <span class='ocrx_word' id='word_1_300' title='bbox 653 3783 742 3850; x_wconf 76' lang='grc' dir='ltr'>μὲν</span> <span class='ocrx_word' id='word_1_301' title='bbox 793 3783 876 3832; x_wconf 71' lang='grc' dir='ltr'>τὸν</span> <span class='ocrx_word' id='word_1_302' title='bbox 929 3787 1311 3833; x_wconf 82' lang='grc' dir='ltr'>Κωνσταντῖνον</span> <span class='ocrx_word' id='word_1_303' title='bbox 1370 3779 1584 3832; x_wconf 80' lang='grc' dir='ltr'>ἀνειπὼν</span> <span class='ocrx_word' id='word_1_304' title='bbox 1633 3779 1730 3852; x_wconf 83' lang='grc' dir='ltr'><strong>βα-</strong></span> 
     </span>
    </p>
   </div>
   <div class='ocr_carea' id='block_1_41' title="bbox 129 3866 1730 3942">
    <p class='ocr_par' dir='ltr' id='par_1_41' title="bbox 129 3866 1730 3942">
     <span class='ocr_line' id='line_1_41' title="bbox 129 3866 1730 3942; baseline 0.001 -24"><span class='ocrx_word' id='word_1_305' title='bbox 129 3866 300 3930; x_wconf 86' lang='grc' dir='ltr'>σιλέα,</span> <span class='ocrx_word' id='word_1_306' title='bbox 363 3871 493 3919; x_wconf 80' lang='grc' dir='ltr'>κατὰ</span> <span class='ocrx_word' id='word_1_307' title='bbox 548 3872 634 3920; x_wconf 82' lang='grc' dir='ltr'>τὸν</span> <span class='ocrx_word' id='word_1_308' title='bbox 679 3878 880 3942; x_wconf 83' lang='grc' dir='ltr'>πρῶτον</span> <span class='ocrx_word' id='word_1_309' title='bbox 945 3872 1174 3921; x_wconf 79' lang='grc' dir='ltr'>ἐνιαυτὸν</span> <span class='ocrx_word' id='word_1_310' title='bbox 1233 3877 1325 3930; x_wconf 85' lang='grc' dir='ltr'>τῆς</span> <span class='ocrx_word' id='word_1_311' title='bbox 1395 3871 1479 3920; x_wconf 85' lang='grc' dir='ltr'>σα’</span> <span class='ocrx_word' id='word_1_312' title='bbox 1543 3868 1730 3940; x_wconf 88' lang='grc' dir='ltr'>Ὀμυλ-</span> 
     </span>
    </p>
   </div>
   <div class='ocr_carea' id='block_1_42' title="bbox 127 3951 1728 4028">
    <p class='ocr_par' dir='ltr' id='par_1_42' title="bbox 127 3951 1728 4028">
     <span class='ocr_line' id='line_1_42' title="bbox 127 3951 1728 4028; baseline 0.003 -24"><span class='ocrx_word' id='word_1_313' title='bbox 127 3951 330 4014; x_wconf 75' lang='grc' dir='ltr'>πιαδσς</span> <span class='ocrx_word' id='word_1_314' title='bbox 384 3961 655 4028; x_wconf 86' lang='grc' dir='ltr'>μακαρίως</span> <span class='ocrx_word' id='word_1_315' title='bbox 702 3957 1016 4022; x_wconf 80' lang='grc' dir='ltr'>ἀπήλλακτο,</span> <span class='ocrx_word' id='word_1_316' title='bbox 1057 3958 1110 4020; x_wconf 83' lang='grc' dir='ltr'><strong>ἔξ</strong></span> <span class='ocrx_word' id='word_1_317' title='bbox 1143 3961 1233 4028; x_wconf 75' lang='grc' dir='ltr'><strong>μὶν</strong></span> <span class='ocrx_word' id='word_1_318' title='bbox 1275 3963 1364 4009; x_wconf 90' lang='grc' dir='ltr'><strong>καὶ</strong></span> <span class='ocrx_word' id='word_1_319' title='bbox 1406 3961 1728 4014; x_wconf 89' lang='grc' dir='ltr'>πεντήκοντα</span> 
     </span>
    </p>
   </div>
   <div class='ocr_carea' id='block_1_43' title="bbox 127 4041 1728 4119">
    <p class='ocr_par' dir='ltr' id='par_1_43' title="bbox 127 4041 1728 4119">
     <span class='ocr_line' id='line_1_43' title="bbox 127 4041 1728 4119; baseline 0.002 -27"><span class='ocrx_word' id='word_1_320' title='bbox 127 4045 249 4102; x_wconf 84' lang='grc' dir='ltr'>τοὺς</span> <span class='ocrx_word' id='word_1_321' title='bbox 295 4045 490 4106; x_wconf 80' lang='grc' dir='ltr'>πάντας</span> <span class='ocrx_word' id='word_1_322' title='bbox 540 4041 803 4106; x_wconf 76' lang='grc' dir='ltr'>διαζήσας</span> <span class='ocrx_word' id='word_1_323' title='bbox 846 4046 1130 4110; x_wconf 79' lang='grc' dir='ltr'>ἐνιαυτούς,</span> <span class='ocrx_word' id='word_1_324' title='bbox 1174 4051 1294 4119; x_wconf 89' lang='grc' dir='ltr'>τρία</span> <span class='ocrx_word' id='word_1_325' title='bbox 1343 4043 1392 4098; x_wconf 85' lang='grc' dir='ltr'>δ’</span> <span class='ocrx_word' id='word_1_326' title='bbox 1439 4047 1493 4097; x_wconf 78' lang='grc' dir='ltr'>ἐκ</span> <span class='ocrx_word' id='word_1_327' title='bbox 1533 4049 1728 4098; x_wconf 88' lang='grc' dir='ltr'>τούτων</span> 
     </span>
    </p>
   </div>
   <div class='ocr_carea' id='block_1_44' title="bbox 130 4132 1730 4206">
    <p class='ocr_par' dir='ltr' id='par_1_44' title="bbox 130 4132 1730 4206">
     <span class='ocr_line' id='line_1_44' title="bbox 130 4132 1730 4206; baseline 0.004 -24"><span class='ocrx_word' id='word_1_328' title='bbox 130 4136 224 4183; x_wconf 91' lang='grc' dir='ltr'><strong>καὶ</strong></span> <span class='ocrx_word' id='word_1_329' title='bbox 281 4135 472 4184; x_wconf 79' lang='grc' dir='ltr'>εἴκοσιν</span> <span class='ocrx_word' id='word_1_330' title='bbox 534 4132 787 4197; x_wconf 79' lang='grc' dir='ltr'>έπιδὸξως</span> <span class='ocrx_word' id='word_1_331' title='bbox 863 4137 1235 4206; x_wconf 78' lang='grc' dir='ltr'>ἡγεμονεύσας,</span> <span class='ocrx_word' id='word_1_332' title='bbox 1313 4141 1398 4188; x_wconf 87' lang='grc' dir='ltr'><strong>καὶ</strong></span> <span class='ocrx_word' id='word_1_333' title='bbox 1459 4136 1543 4188; x_wconf 83' lang='grc' dir='ltr'>οἶα</span> <span class='ocrx_word' id='word_1_334' title='bbox 1623 4137 1730 4196; x_wconf 88' lang='grc' dir='ltr'>θεὸς</span> 
     </span>
    </p>
   </div>
   <div class='ocr_carea' id='block_1_45' title="bbox 125 4221 1729 4300">
    <p class='ocr_par' dir='ltr' id='par_1_45' title="bbox 125 4221 1729 4300">
     <span class='ocr_line' id='line_1_45' title="bbox 125 4221 1729 4300; baseline 0.004 -28"><span class='ocrx_word' id='word_1_335' title='bbox 125 4223 256 4293; x_wconf 77' lang='grc' dir='ltr'>παρ’</span> <span class='ocrx_word' id='word_1_336' title='bbox 302 4221 476 4284; x_wconf 83' lang='grc' dir='ltr'>αύτοίς</span> <span class='ocrx_word' id='word_1_337' title='bbox 521 4222 900 4296; x_wconf 82' lang='grc' dir='ltr'>ἀναγορευθείς.</span> <span class='ocrx_word' id='word_1_338' title='bbox 945 4223 1132 4286; x_wconf 83' lang='grc' dir='ltr'>Ἦπιος</span> <span class='ocrx_word' id='word_1_339' title='bbox 1185 4226 1286 4295; x_wconf 82' lang='grc' dir='ltr'><strong>γὰρ</strong></span> <span class='ocrx_word' id='word_1_340' title='bbox 1329 4225 1388 4282; x_wconf 84' lang='grc' dir='ltr'>ἧν</span> <span class='ocrx_word' id='word_1_341' title='bbox 1427 4225 1517 4276; x_wconf 87' lang='grc' dir='ltr'><strong>καί</strong></span> <span class='ocrx_word' id='word_1_342' title='bbox 1565 4231 1729 4300; x_wconf 79' lang='grc' dir='ltr'>πρᾶος</span> 
     </span>
    </p>
   </div>
   <div class='ocr_carea' id='block_1_46' title="bbox 129 4309 1729 4386">
    <p class='ocr_par' dir='ltr' id='par_1_46' title="bbox 129 4309 1729 4386">
     <span class='ocr_line' id='line_1_46' title="bbox 129 4309 1729 4386; baseline 0.004 -25"><span class='ocrx_word' id='word_1_343' title='bbox 129 4313 270 4384; x_wconf 82' lang='grc' dir='ltr'>εἰπερ</span> <span class='ocrx_word' id='word_1_344' title='bbox 319 4331 419 4372; x_wconf 88' lang='grc' dir='ltr'>τις.</span> <span class='ocrx_word' id='word_1_345' title='bbox 487 4309 666 4369; x_wconf 75' lang='grc' dir='ltr'>Μηδὲν</span> <span class='ocrx_word' id='word_1_346' title='bbox 706 4314 792 4365; x_wconf 81' lang='grc' dir='ltr'>οὖν</span> <span class='ocrx_word' id='word_1_347' title='bbox 836 4333 887 4364; x_wconf 90' lang='grc' dir='ltr'><strong>τι</strong></span> <span class='ocrx_word' id='word_1_348' title='bbox 924 4314 1040 4365; x_wconf 80' lang='grc' dir='ltr'>καθ’</span> <span class='ocrx_word' id='word_1_349' title='bbox 1076 4315 1220 4384; x_wconf 80' lang='grc' dir='ltr'>ἡμῶν</span> <span class='ocrx_word' id='word_1_350' title='bbox 1256 4317 1545 4386; x_wconf 78' lang='grc' dir='ltr'>ἐνεργήσας,</span> <span class='ocrx_word' id='word_1_351' title='bbox 1599 4315 1729 4386; x_wconf 84' lang='grc' dir='ltr'>μᾶλ-</span> 
     </span>
    </p>
   </div>
   <div class='ocr_carea' id='block_1_47' title="bbox 128 4397 1726 4477">
    <p class='ocr_par' dir='ltr' id='par_1_47' title="bbox 128 4397 1726 4477">
     <span class='ocr_line' id='line_1_47' title="bbox 128 4397 1726 4477; baseline 0.003 -27"><span class='ocrx_word' id='word_1_352' title='bbox 128 4398 216 4451; x_wconf 89' lang='grc' dir='ltr'><strong>λον</strong></span> <span class='ocrx_word' id='word_1_353' title='bbox 258 4402 346 4471; x_wconf 73' lang='grc' dir='ltr'><strong>μὶν</strong></span> <span class='ocrx_word' id='word_1_354' title='bbox 395 4397 482 4452; x_wconf 74' lang='grc' dir='ltr'>οὖν</span> <span class='ocrx_word' id='word_1_355' title='bbox 512 4403 766 4472; x_wconf 78' lang='grc' dir='ltr'>ἡμᾶςκαὶ</span> <span class='ocrx_word' id='word_1_356' title='bbox 801 4399 1149 4475; x_wconf 87' lang='grc' dir='ltr'>δίατηρήσας,</span> <span class='ocrx_word' id='word_1_357' title='bbox 1199 4405 1268 4465; x_wconf 84' lang='grc' dir='ltr'>ὡς</span> <span class='ocrx_word' id='word_1_358' title='bbox 1307 4406 1528 4477; x_wconf 81' lang='grc' dir='ltr'>εἴρηται,</span> <span class='ocrx_word' id='word_1_359' title='bbox 1582 4403 1726 4466; x_wconf 85' lang='grc' dir='ltr'>οῖξιον</span> 
     </span>
    </p>
   </div>
   <div class='ocr_carea' id='block_1_48' title="bbox 1765 4451 1809 4505">
    <p class='ocr_par' dir='ltr' id='par_1_48' title="bbox 1765 4451 1809 4505">
     <span class='ocr_line' id='line_1_48' title="bbox 1765 4451 1809 4505; baseline 0 0"><span class='ocrx_word' id='word_1_360' title='bbox 1765 4451 1809 4505; x_wconf 92' lang='grc'><strong>[)</strong></span> 
     </span>
    </p>
   </div>
   <div class='ocr_carea' id='block_1_49' title="bbox 127 4489 1729 4565">
    <p class='ocr_par' dir='ltr' id='par_1_49' title="bbox 127 4489 1729 4565">
     <span class='ocr_line' id='line_1_49' title="bbox 127 4489 1729 4565; baseline 0.002 -27"><span class='ocrx_word' id='word_1_361' title='bbox 127 4493 221 4540; x_wconf 82' lang='grc' dir='ltr'><strong>καὶ</strong></span> <span class='ocrx_word' id='word_1_362' title='bbox 273 4492 330 4541; x_wconf 86' lang='grc' dir='ltr'>τὸ</span> <span class='ocrx_word' id='word_1_363' title='bbox 385 4490 522 4552; x_wconf 86' lang='grc' dir='ltr'>τέλος</span> <span class='ocrx_word' id='word_1_364' title='bbox 560 4499 656 4551; x_wconf 79' lang='grc' dir='ltr'>τῆς</span> <span class='ocrx_word' id='word_1_365' title='bbox 702 4490 962 4552; x_wconf 88' lang='grc' dir='ltr'>πολιτεῖας</span> <span class='ocrx_word' id='word_1_366' title='bbox 1014 4491 1307 4564; x_wconf 77' lang='grc' dir='ltr'>ἀπείληφεν,</span> <span class='ocrx_word' id='word_1_367' title='bbox 1361 4495 1443 4544; x_wconf 77' lang='grc' dir='ltr'>ἰπὶ</span> <span class='ocrx_word' id='word_1_368' title='bbox 1479 4489 1729 4565; x_wconf 78' lang='grc' dir='ltr'>διαδόχῳ</span> 
     </span>
    </p>
   </div>
   <div class='ocr_carea' id='block_1_50' title="bbox 205 4633 1733 4707">
    <p class='ocr_par' dir='ltr' id='par_1_50' title="bbox 205 4633 1733 4707">
     <span class='ocr_line' id='line_1_50' title="bbox 205 4633 1733 4707; baseline 0.004 -22"><span class='ocrx_word' id='word_1_369' title='bbox 205 4633 279 4703; x_wconf 88' lang='grc'><strong>(1)</strong></span> <span class='ocrx_word' id='word_1_370' title='bbox 309 4633 563 4707; x_wconf 75' lang='lat' dir='ltr'><strong>Achilles</strong></span> <span class='ocrx_word' id='word_1_371' title='bbox 591 4633 906 4707; x_wconf 86' lang='lat' dir='ltr'><strong>incubator</strong></span> <span class='ocrx_word' id='word_1_372' title='bbox 930 4633 1184 4707; x_wconf 88' lang='lat' dir='ltr'><strong>imperii,</strong></span> <span class='ocrx_word' id='word_1_373' title='bbox 1222 4635 1594 4691; x_wconf 64' lang='lat' dir='ltr'><strong>Alexandriae</strong></span> <span class='ocrx_word' id='word_1_374' title='bbox 1626 4652 1733 4707; x_wconf 88' lang='lat' dir='ltr'><strong>per</strong></span> 
     </span>
    </p>
   </div>
   <div class='ocr_carea' id='block_1_51' title="bbox 126 4704 1728 4777">
    <p class='ocr_par' dir='ltr' id='par_1_51' title="bbox 126 4704 1728 4777">
     <span class='ocr_line' id='line_1_51' title="bbox 126 4704 1728 4777; baseline 0.002 -18"><span class='ocrx_word' id='word_1_375' title='bbox 126 4719 362 4777; x_wconf 80' lang='lat' dir='ltr'><strong>menses</strong></span> <span class='ocrx_word' id='word_1_376' title='bbox 376 4704 972 4777; x_wconf 88' lang='lat' dir='ltr'><strong>aliquotobsessus,et</strong></span> <span class='ocrx_word' id='word_1_377' title='bbox 990 4704 1047 4759; x_wconf 89' lang='lat' dir='ltr'><strong>in</strong></span> <span class='ocrx_word' id='word_1_378' title='bbox 1068 4711 1411 4777; x_wconf 89' lang='lat' dir='ltr'><strong>potestatem</strong></span> <span class='ocrx_word' id='word_1_379' title='bbox 1429 4704 1728 4772; x_wconf 78' lang='lat' dir='ltr'><strong>redactus,</strong></span> 
     </span>
    </p>
   </div>
   <div class='ocr_carea' id='block_1_52' title="bbox 125 4776 1732 4846">
    <p class='ocr_par' dir='ltr' id='par_1_52' title="bbox 125 4776 1732 4846">
     <span class='ocr_line' id='line_1_52' title="bbox 125 4776 1732 4846; baseline 0.002 -16"><span class='ocrx_word' id='word_1_380' title='bbox 125 4776 272 4830; x_wconf 86' lang='lat' dir='ltr'><strong>feris</strong></span> <span class='ocrx_word' id='word_1_381' title='bbox 299 4792 335 4830; x_wconf 91' lang='lat' dir='ltr'><strong>a</strong></span> <span class='ocrx_word' id='word_1_382' title='bbox 378 4776 740 4831; x_wconf 74' lang='lat' dir='ltr'><strong>DioCletiano</strong></span> <span class='ocrx_word' id='word_1_383' title='bbox 767 4776 1412 4846; x_wconf 54' lang='lat' dir='ltr'><strong>objectuszchilleum</strong></span> <span class='ocrx_word' id='word_1_384' title='bbox 1437 4779 1538 4835; x_wconf 85' lang='lat' dir='ltr'>alii</span> <span class='ocrx_word' id='word_1_385' title='bbox 1571 4777 1732 4834; x_wconf 89' lang='lat' dir='ltr'><strong>hunc</strong></span> 
     </span>
    </p>
   </div>
   <div class='ocr_carea' id='block_1_53' title="bbox 125 4852 372 4902">
    <p class='ocr_par' dir='ltr' id='par_1_53' title="bbox 125 4852 372 4902">
     <span class='ocr_line' id='line_1_53' title="bbox 125 4852 372 4902; baseline 0 -1"><span class='ocrx_word' id='word_1_386' title='bbox 125 4852 372 4902; x_wconf 87' lang='lat' dir='ltr'><strong>vocant.</strong></span> 
     </span>
    </p>
   </div>
   <div class='ocr_carea' id='block_1_54' title="bbox 202 4918 1732 4998">
    <p class='ocr_par' dir='ltr' id='par_1_54' title="bbox 202 4918 1732 4998">
     <span class='ocr_line' id='line_1_54' title="bbox 202 4918 1732 4998; baseline 0.003 -26"><span class='ocrx_word' id='word_1_387' title='bbox 202 4918 280 4998; x_wconf 82' lang='grc'><strong>(2)</strong></span> <span class='ocrx_word' id='word_1_388' title='bbox 309 4918 756 4998; x_wconf 77' lang='lat' dir='ltr'><strong>Constantinus,</strong></span> <span class='ocrx_word' id='word_1_389' title='bbox 779 4924 959 4998; x_wconf 75' lang='lat' dir='ltr'><strong>parta</strong></span> <span class='ocrx_word' id='word_1_390' title='bbox 977 4934 1048 4974; x_wconf 90' lang='lat' dir='ltr'><strong>ex</strong></span> <span class='ocrx_word' id='word_1_391' title='bbox 1064 4919 1362 4998; x_wconf 74' lang='lat' dir='ltr'><strong>_Sarmatis</strong></span> <span class='ocrx_word' id='word_1_392' title='bbox 1389 4921 1627 4998; x_wconf 78' lang='lat' dir='ltr'><strong>egregia</strong></span> <span class='ocrx_word' id='word_1_393' title='bbox 1647 4921 1732 4976; x_wconf 87' lang='lat' dir='ltr'><strong>vi-</strong></span> 
     </span>
    </p>
   </div>
   <div class='ocr_carea' id='block_1_55' title="bbox 127 4990 1728 5060">
    <p class='ocr_par' dir='ltr' id='par_1_55' title="bbox 127 4990 1728 5060">
     <span class='ocr_line' id='line_1_55' title="bbox 127 4990 1728 5060; baseline 0.002 -16"><span class='ocrx_word' id='word_1_394' title='bbox 127 4990 336 5056; x_wconf 89' lang='lat' dir='ltr'><strong>ctoria,</strong></span> <span class='ocrx_word' id='word_1_395' title='bbox 389 4991 604 5046; x_wconf 79' lang='lat' dir='ltr'><strong>veritus</strong></span> <span class='ocrx_word' id='word_1_396' title='bbox 629 5005 700 5044; x_wconf 89' lang='lat' dir='ltr'><strong>ex</strong></span> <span class='ocrx_word' id='word_1_397' title='bbox 732 5005 802 5044; x_wconf 92' lang='lat' dir='ltr'><strong>ea</strong></span> <span class='ocrx_word' id='word_1_398' title='bbox 826 4990 998 5045; x_wconf 87' lang='lat' dir='ltr'><strong>laude</strong></span> <span class='ocrx_word' id='word_1_399' title='bbox 1024 4991 1371 5060; x_wconf 84' lang='lat' dir='ltr'><strong>gliscentem</strong></span> <span class='ocrx_word' id='word_1_400' title='bbox 1418 4992 1728 5058; x_wconf 82' lang='lat' dir='ltr'><strong>invidiam,</strong></span> 
     </span>
    </p>
   </div>
   <div class='ocr_carea' id='block_1_56' title="bbox 125 5061 1419 5134">
    <p class='ocr_par' dir='ltr' id='par_1_56' title="bbox 125 5061 1419 5134">
     <span class='ocr_line' id='line_1_56' title="bbox 125 5061 1419 5134; baseline -0.001 -17"><span class='ocrx_word' id='word_1_401' title='bbox 125 5062 204 5117; x_wconf 89' lang='lat' dir='ltr'><strong>ad</strong></span> <span class='ocrx_word' id='word_1_402' title='bbox 231 5067 465 5134; x_wconf 82' lang='lat' dir='ltr'><strong>patrem</strong></span> <span class='ocrx_word' id='word_1_403' title='bbox 500 5061 832 5133; x_wconf 79' lang='lat' dir='ltr'><strong>transfugit.</strong></span> <span class='ocrx_word' id='word_1_404' title='bbox 869 5063 1052 5132; x_wconf 89' lang='lat' dir='ltr'><strong>(Bapt.</strong></span> <span class='ocrx_word' id='word_1_405' title='bbox 1091 5063 1419 5134; x_wconf 76' lang='lat' dir='ltr'><strong>Egnatius.)</strong></span> 
     </span>
    </p>
   </div>
   <div class='ocr_carea' id='block_1_57' title="bbox 200 5132 1730 5203">
    <p class='ocr_par' dir='ltr' id='par_1_57' title="bbox 200 5132 1730 5203">
     <span class='ocr_line' id='line_1_57' title="bbox 200 5132 1730 5203; baseline 0.001 -15"><span class='ocrx_word' id='word_1_406' title='bbox 200 5132 283 5203; x_wconf 86' lang='lat'><strong>(3)</strong></span> <span class='ocrx_word' id='word_1_407' title='bbox 303 5133 636 5188; x_wconf 77' lang='lat' dir='ltr'><strong>«Constans</strong></span> <span class='ocrx_word' id='word_1_408' title='bbox 651 5132 864 5189; x_wconf 88' lang='lat' dir='ltr'><strong>natura</strong></span> <span class='ocrx_word' id='word_1_409' title='bbox 881 5132 1435 5197; x_wconf 67' lang='lat' dir='ltr'><strong>mitissiniuthaliaz</strong></span> <span class='ocrx_word' id='word_1_410' title='bbox 1453 5140 1507 5188; x_wconf 88' lang='lat' dir='ltr'><strong>et</strong></span> <span class='ocrx_word' id='word_1_411' title='bbox 1523 5132 1730 5190; x_wconf 64' lang='lat' dir='ltr'><strong>Africa;</strong></span> 
     </span>
    </p>
   </div>
   <div class='ocr_carea' id='block_1_58' title="bbox 125 5203 1731 5275">
    <p class='ocr_par' dir='ltr' id='par_1_58' title="bbox 125 5203 1731 5275">
     <span class='ocr_line' id='line_1_58' title="bbox 125 5203 1731 5275; baseline 0.002 -15"><span class='ocrx_word' id='word_1_412' title='bbox 125 5203 450 5275; x_wconf 91' lang='lat' dir='ltr'><strong>imperium</strong></span> <span class='ocrx_word' id='word_1_413' title='bbox 484 5205 784 5274; x_wconf 85' lang='lat' dir='ltr'><strong>suscipere</strong></span> <span class='ocrx_word' id='word_1_414' title='bbox 817 5205 1134 5269; x_wconf 83' lang='lat' dir='ltr'><strong>recusavit,</strong></span> <span class='ocrx_word' id='word_1_415' title='bbox 1183 5206 1478 5261; x_wconf 82' lang='lat' dir='ltr'><strong>Britannia</strong></span> <span class='ocrx_word' id='word_1_416' title='bbox 1509 5213 1564 5261; x_wconf 92' lang='lat' dir='ltr'><strong>et</strong></span> <span class='ocrx_word' id='word_1_417' title='bbox 1595 5206 1731 5263; x_wconf 91' lang='lat' dir='ltr'><strong>Gal-</strong></span> 
     </span>
    </p>
   </div>
   <div class='ocr_carea' id='block_1_59' title="bbox 128 5275 1150 5344">
    <p class='ocr_par' dir='ltr' id='par_1_59' title="bbox 128 5275 1150 5344">
     <span class='ocr_line' id='line_1_59' title="bbox 128 5275 1150 5344; baseline -0.002 -14"><span class='ocrx_word' id='word_1_418' title='bbox 128 5276 209 5331; x_wconf 86' lang='lat' dir='ltr'><strong>lia</strong></span> <span class='ocrx_word' id='word_1_419' title='bbox 240 5279 573 5330; x_wconf 86' lang='lat' dir='ltr'><strong>contentus.</strong></span> <span class='ocrx_word' id='word_1_420' title='bbox 602 5295 625 5324; x_wconf 85' lang='lat'><strong>»</strong></span> <span class='ocrx_word' id='word_1_421' title='bbox 655 5277 884 5344; x_wconf 86' lang='lat' dir='ltr'><strong>(Pomp.</strong></span> <span class='ocrx_word' id='word_1_422' title='bbox 919 5275 1150 5344; x_wconf 62' lang='lat' dir='ltr'><strong>Laetus).</strong></span> 
     </span>
    </p>
   </div>
   <div class='ocr_carea' id='block_1_60' title="bbox 206 5346 1729 5416">
    <p class='ocr_par' dir='ltr' id='par_1_60' title="bbox 206 5346 1729 5416">
     <span class='ocr_line' id='line_1_60' title="bbox 206 5346 1729 5416; baseline 0.003 -16"><span class='ocrx_word' id='word_1_423' title='bbox 206 5348 286 5416; x_wconf 77' lang='grc'>(4)</span> <span class='ocrx_word' id='word_1_424' title='bbox 337 5347 414 5400; x_wconf 94' lang='lat' dir='ltr'><strong>De</strong></span> <span class='ocrx_word' id='word_1_425' title='bbox 463 5349 781 5401; x_wconf 79' lang='lat' dir='ltr'><strong>Constante</strong></span> <span class='ocrx_word' id='word_1_426' title='bbox 828 5347 937 5400; x_wconf 88' lang='lat' dir='ltr'><strong>isto</strong></span> <span class='ocrx_word' id='word_1_427' title='bbox 969 5346 1254 5400; x_wconf 75' lang='lat' dir='ltr'><strong>Eusebius</strong></span> <span class='ocrx_word' id='word_1_428' title='bbox 1283 5347 1384 5402; x_wconf 88' lang='lat' dir='ltr'><strong>lib.</strong></span> <span class='ocrx_word' id='word_1_429' title='bbox 1429 5349 1554 5403; x_wconf 82' lang='lat' dir='ltr'><strong>xDe</strong></span> <span class='ocrx_word' id='word_1_430' title='bbox 1597 5348 1729 5405; x_wconf 80' lang='lat' dir='ltr'><strong>Vita</strong></span> 
     </span>
    </p>
   </div>
   <div class='ocr_carea' id='block_1_61' title="bbox 129 5417 1729 5489">
    <p class='ocr_par' dir='ltr' id='par_1_61' title="bbox 129 5417 1729 5489">
     <span class='ocr_line' id='line_1_61' title="bbox 129 5417 1729 5489; baseline 0 -15"><span class='ocrx_word' id='word_1_431' title='bbox 129 5417 848 5489; x_wconf 83' lang='lat' dir='ltr'><strong>Constantinimemorat,</strong></span> <span class='ocrx_word' id='word_1_432' title='bbox 872 5418 1225 5489; x_wconf 87' lang='lat' dir='ltr'><strong>percharum</strong></span> <span class='ocrx_word' id='word_1_433' title='bbox 1253 5433 1383 5473; x_wconf 86' lang='lat' dir='ltr'><strong>eum</strong></span> <span class='ocrx_word' id='word_1_434' title='bbox 1417 5418 1648 5473; x_wconf 90' lang='lat' dir='ltr'><strong>civibus</strong></span> <span class='ocrx_word' id='word_1_435' title='bbox 1673 5425 1729 5474; x_wconf 92' lang='lat' dir='ltr'><strong>et</strong></span> 
     </span>
    </p>
   </div>
   <div class='ocr_carea' id='block_1_62' title="bbox 126 5488 1728 5561">
    <p class='ocr_par' dir='ltr' id='par_1_62' title="bbox 126 5488 1728 5561">
     <span class='ocr_line' id='line_1_62' title="bbox 126 5488 1728 5561; baseline 0.002 -19"><span class='ocrx_word' id='word_1_436' title='bbox 126 5489 386 5544; x_wconf 89' lang='lat' dir='ltr'><strong>subditis</strong></span> <span class='ocrx_word' id='word_1_437' title='bbox 405 5490 532 5542; x_wconf 90' lang='lat' dir='ltr'><strong>suis</strong></span> <span class='ocrx_word' id='word_1_438' title='bbox 556 5488 758 5561; x_wconf 70' lang='lat' dir='ltr'><strong>fuisse,</strong></span> <span class='ocrx_word' id='word_1_439' title='bbox 783 5488 937 5561; x_wconf 77' lang='lat' dir='ltr'><strong>quos</strong></span> <span class='ocrx_word' id='word_1_440' title='bbox 954 5488 1132 5543; x_wconf 92' lang='lat' dir='ltr'><strong>nullis</strong></span> <span class='ocrx_word' id='word_1_441' title='bbox 1149 5489 1564 5561; x_wconf 72' lang='lat' dir='ltr'><strong>exactionibus</strong></span> <span class='ocrx_word' id='word_1_442' title='bbox 1597 5507 1728 5561; x_wconf 89' lang='lat' dir='ltr'><strong>gra-</strong></span> 
     </span>
    </p>
   </div>
   <div class='ocr_carea' id='block_1_63' title="bbox 124 5559 1725 5632">
    <p class='ocr_par' dir='ltr' id='par_1_63' title="bbox 124 5559 1725 5632">
     <span class='ocr_line' id='line_1_63' title="bbox 124 5559 1725 5632; baseline 0.001 -17"><span class='ocrx_word' id='word_1_443' title='bbox 124 5562 280 5616; x_wconf 87' lang='lat' dir='ltr'><strong>varit</strong></span> <span class='ocrx_word' id='word_1_444' title='bbox 313 5577 328 5627; x_wconf 89' lang='lat'><strong>;</strong></span> <span class='ocrx_word' id='word_1_445' title='bbox 362 5563 420 5616; x_wconf 88' lang='lat' dir='ltr'><strong>et</strong></span> <span class='ocrx_word' id='word_1_446' title='bbox 463 5575 601 5615; x_wconf 90' lang='lat' dir='ltr'><strong>cum</strong></span> <span class='ocrx_word' id='word_1_447' title='bbox 633 5559 963 5632; x_wconf 77' lang='lat' dir='ltr'><strong>aliquando</strong></span> <span class='ocrx_word' id='word_1_448' title='bbox 993 5561 1114 5615; x_wconf 87' lang='lat' dir='ltr'><strong>sive</strong></span> <span class='ocrx_word' id='word_1_449' title='bbox 1145 5559 1567 5624; x_wconf 83' lang='lat' dir='ltr'><strong>Diocletianus,</strong></span> <span class='ocrx_word' id='word_1_450' title='bbox 1602 5559 1725 5617; x_wconf 78' lang='lat' dir='ltr'><strong>sive</strong></span> 
     </span>
    </p>
   </div>
   <div class='ocr_carea' id='block_1_64' title="bbox 1159 261 2454 325">
    <p class='ocr_par' dir='ltr' id='par_1_64' title="bbox 1159 261 2454 325">
     <span class='ocr_line' id='line_1_64' title="bbox 1159 261 2454 325; baseline 0 -3"><span class='ocrx_word' id='word_1_451' title='bbox 1159 265 1726 325; x_wconf 72' lang='lat' dir='ltr'><strong>ECCLESIASTICIE</strong></span> <span class='ocrx_word' id='word_1_452' title='bbox 1756 261 2118 322; x_wconf 77' lang='lat' dir='ltr'><strong>HISTORUE</strong></span> <span class='ocrx_word' id='word_1_453' title='bbox 2156 264 2290 323; x_wconf 86' lang='lat' dir='ltr'>LIB.</span> <span class='ocrx_word' id='word_1_454' title='bbox 2331 261 2454 324; x_wconf 83' lang='lat' dir='ltr'><strong>VII.</strong></span> 
     </span>
    </p>
   </div>
   <div class='ocr_carea' id='block_1_65' title="bbox 3350 261 3493 323">
    <p class='ocr_par' dir='ltr' id='par_1_65' title="bbox 3350 261 3493 323">
     <span class='ocr_line' id='line_1_65' title="bbox 3350 261 3493 323; baseline 0 0"><span class='ocrx_word' id='word_1_455' title='bbox 3350 261 3493 323; x_wconf 71' lang='grc'><strong>1246</strong></span> 
     </span>
    </p>
   </div>
   <div class='ocr_carea' id='block_1_66' title="bbox 1836 390 3494 458">
    <p class='ocr_par' dir='ltr' id='par_1_66' title="bbox 1836 390 3494 458">
     <span class='ocr_line' id='line_1_66' title="bbox 1836 390 3494 458; baseline 0.001 -11"><span class='ocrx_word' id='word_1_456' title='bbox 1836 405 2200 458; x_wconf 80' lang='lat' dir='ltr'><strong>eversorem,</strong></span> <span class='ocrx_word' id='word_1_457' title='bbox 2233 407 2305 448; x_wconf 87' lang='lat' dir='ltr'><strong>ac</strong></span> <span class='ocrx_word' id='word_1_458' title='bbox 2343 391 2553 450; x_wconf 80' lang='lat' dir='ltr'><strong>Christi</strong></span> <span class='ocrx_word' id='word_1_459' title='bbox 2579 393 2637 450; x_wconf 88' lang='lat' dir='ltr'><strong>et</strong></span> <span class='ocrx_word' id='word_1_460' title='bbox 2684 391 3162 450; x_wconf 88' lang='lat' dir='ltr'><strong>Christianorum</strong></span> <span class='ocrx_word' id='word_1_461' title='bbox 3205 390 3494 449; x_wconf 82' lang='lat' dir='ltr'><strong>eximium</strong></span> 
     </span>
    </p>
   </div>
   <div class='ocr_carea' id='block_1_67' title="bbox 1837 481 3492 556">
    <p class='ocr_par' dir='ltr' id='par_1_67' title="bbox 1837 481 3492 556">
     <span class='ocr_line' id='line_1_67' title="bbox 1837 481 3492 556; baseline -0.001 -19"><span class='ocrx_word' id='word_1_462' title='bbox 1837 484 2170 537; x_wconf 80' lang='lat' dir='ltr'><strong>amatorem</strong></span> <span class='ocrx_word' id='word_1_463' title='bbox 2227 481 2513 538; x_wconf 85' lang='lat' dir='ltr'><strong>futurum.</strong></span> <span class='ocrx_word' id='word_1_464' title='bbox 2583 484 2786 556; x_wconf 86' lang='lat' dir='ltr'><strong>Itaque</strong></span> <span class='ocrx_word' id='word_1_465' title='bbox 2863 482 3258 538; x_wconf 85' lang='lat' dir='ltr'><strong>Diocletianus</strong></span> <span class='ocrx_word' id='word_1_466' title='bbox 3325 482 3492 537; x_wconf 90' lang='lat' dir='ltr'><strong>illum</strong></span> 
     </span>
    </p>
   </div>
   <div class='ocr_carea' id='block_1_68' title="bbox 1838 569 3492 644">
    <p class='ocr_par' dir='ltr' id='par_1_68' title="bbox 1838 569 3492 644">
     <span class='ocr_line' id='line_1_68' title="bbox 1838 569 3492 644; baseline 0 -19"><span class='ocrx_word' id='word_1_467' title='bbox 1838 569 2208 626; x_wconf 64' lang='lat' dir='ltr'><strong>Alexandria</strong></span> <span class='ocrx_word' id='word_1_468' title='bbox 2269 571 2332 626; x_wconf 92' lang='lat' dir='ltr'><strong>in</strong></span> <span class='ocrx_word' id='word_1_469' title='bbox 2389 573 2666 644; x_wconf 65' lang='lat' dir='ltr'><strong>Egyptia</strong></span> <span class='ocrx_word' id='word_1_470' title='bbox 2725 572 2943 627; x_wconf 78' lang='lat' dir='ltr'><strong>Achilis</strong></span> <span class='ocrx_word' id='word_1_471' title='bbox 3003 571 3327 627; x_wconf 88' lang='lat' dir='ltr'><strong>rebellione</strong></span> <span class='ocrx_word' id='word_1_472' title='bbox 3392 573 3492 641; x_wconf 76' lang='grc'>(1),</span> 
     </span>
    </p>
   </div>
   <div class='ocr_carea' id='block_1_69' title="bbox 1835 659 3498 731">
    <p class='ocr_par' dir='ltr' id='par_1_69' title="bbox 1835 659 3498 731">
     <span class='ocr_line' id='line_1_69' title="bbox 1835 659 3498 731; baseline 0.001 -17"><span class='ocrx_word' id='word_1_473' title='bbox 1835 659 2119 731; x_wconf 83' lang='lat' dir='ltr'><strong>quamvis</strong></span> <span class='ocrx_word' id='word_1_474' title='bbox 2149 660 2388 730; x_wconf 90' lang='lat' dir='ltr'><strong>egregia</strong></span> <span class='ocrx_word' id='word_1_475' title='bbox 2425 676 2610 716; x_wconf 89' lang='lat' dir='ltr'><strong>manu</strong></span> <span class='ocrx_word' id='word_1_476' title='bbox 2639 661 2914 716; x_wconf 88' lang='lat' dir='ltr'><strong>edentem</strong></span> <span class='ocrx_word' id='word_1_477' title='bbox 2947 659 3238 724; x_wconf 88' lang='lat' dir='ltr'><strong>facinora,</strong></span> <span class='ocrx_word' id='word_1_478' title='bbox 3272 659 3498 716; x_wconf 87' lang='lat' dir='ltr'><strong>interﬁ-</strong></span> 
     </span>
    </p>
   </div>
   <div class='ocr_carea' id='block_1_70' title="bbox 1838 747 3496 806">
    <p class='ocr_par' dir='ltr' id='par_1_70' title="bbox 1838 747 3496 806">
     <span class='ocr_line' id='line_1_70' title="bbox 1838 747 3496 806; baseline 0.001 -3"><span class='ocrx_word' id='word_1_479' title='bbox 1838 763 1970 803; x_wconf 89' lang='lat' dir='ltr'><strong>cere</strong></span> <span class='ocrx_word' id='word_1_480' title='bbox 2017 751 2104 804; x_wconf 89' lang='lat' dir='ltr'><strong>est</strong></span> <span class='ocrx_word' id='word_1_481' title='bbox 2151 753 2451 805; x_wconf 89' lang='lat' dir='ltr'><strong>conatus:</strong></span> <span class='ocrx_word' id='word_1_482' title='bbox 2508 753 2564 805; x_wconf 91' lang='lat' dir='ltr'><strong>et</strong></span> <span class='ocrx_word' id='word_1_483' title='bbox 2611 749 2903 806; x_wconf 86' lang='lat' dir='ltr'><strong>Gallerius</strong></span> <span class='ocrx_word' id='word_1_484' title='bbox 2952 750 3013 804; x_wconf 92' lang='lat' dir='ltr'><strong>in</strong></span> <span class='ocrx_word' id='word_1_485' title='bbox 3077 747 3389 804; x_wconf 63' lang='lat' dir='ltr'><strong>Palaestina</strong></span> <span class='ocrx_word' id='word_1_486' title='bbox 3443 748 3496 804; x_wconf 91' lang='lat' dir='ltr'><strong>ei</strong></span> 
     </span>
    </p>
   </div>
   <div class='ocr_carea' id='block_1_71' title="bbox 1839 836 3489 908">
    <p class='ocr_par' dir='ltr' id='par_1_71' title="bbox 1839 836 3489 908">
     <span class='ocr_line' id='line_1_71' title="bbox 1839 836 3489 908; baseline -0.001 -16"><span class='ocrx_word' id='word_1_487' title='bbox 1839 836 2091 893; x_wconf 89' lang='lat' dir='ltr'><strong>insidias</strong></span> <span class='ocrx_word' id='word_1_488' title='bbox 2131 838 2361 893; x_wconf 83' lang='lat' dir='ltr'><strong>struxit.</strong></span> <span class='ocrx_word' id='word_1_489' title='bbox 2395 837 2622 902; x_wconf 88' lang='lat' dir='ltr'><strong>Quibus</strong></span> <span class='ocrx_word' id='word_1_490' title='bbox 2660 838 2756 893; x_wconf 90' lang='lat' dir='ltr'><strong>ille</strong></span> <span class='ocrx_word' id='word_1_491' title='bbox 2795 839 3136 908; x_wconf 86' lang='lat' dir='ltr'><strong>compertis,</strong></span> <span class='ocrx_word' id='word_1_492' title='bbox 3181 841 3329 893; x_wconf 87' lang='lat' dir='ltr'><strong>nutu</strong></span> <span class='ocrx_word' id='word_1_493' title='bbox 3370 837 3489 902; x_wconf 90' lang='lat' dir='ltr'><strong>Dei,</strong></span> 
     </span>
    </p>
   </div>
   <div class='ocr_carea' id='block_1_72' title="bbox 1839 925 3495 998">
    <p class='ocr_par' dir='ltr' id='par_1_72' title="bbox 1839 925 3495 998">
     <span class='ocr_line' id='line_1_72' title="bbox 1839 925 3495 998; baseline 0.001 -18"><span class='ocrx_word' id='word_1_494' title='bbox 1839 927 1941 998; x_wconf 92' lang='lat' dir='ltr'><strong>qui</strong></span> <span class='ocrx_word' id='word_1_495' title='bbox 1988 925 2192 982; x_wconf 89' lang='lat' dir='ltr'><strong>omnia</strong></span> <span class='ocrx_word' id='word_1_496' title='bbox 2228 929 2383 983; x_wconf 89' lang='lat' dir='ltr'><strong>recte</strong></span> <span class='ocrx_word' id='word_1_497' title='bbox 2431 929 2489 982; x_wconf 89' lang='lat' dir='ltr'><strong>et</strong></span> <span class='ocrx_word' id='word_1_498' title='bbox 2529 927 2832 998; x_wconf 88' lang='lat' dir='ltr'><strong>sapienter</strong></span> <span class='ocrx_word' id='word_1_499' title='bbox 2883 926 3102 995; x_wconf 84' lang='lat' dir='ltr'><strong>dirigit,</strong></span> <span class='ocrx_word' id='word_1_500' title='bbox 3147 925 3495 982; x_wconf 89' lang='lat' dir='ltr'><strong>Nicomedia</strong></span> 
     </span>
    </p>
   </div>
   <div class='ocr_carea' id='block_1_73' title="bbox 1841 1014 3495 1087">
    <p class='ocr_par' dir='ltr' id='par_1_73' title="bbox 1841 1014 3495 1087">
     <span class='ocr_line' id='line_1_73' title="bbox 1841 1014 3495 1087; baseline 0.001 -19"><span class='ocrx_word' id='word_1_501' title='bbox 1841 1014 2099 1079; x_wconf 90' lang='lat' dir='ltr'><strong>solvens,</strong></span> <span class='ocrx_word' id='word_1_502' title='bbox 2146 1015 2222 1071; x_wconf 87' lang='lat' dir='ltr'><strong>ad</strong></span> <span class='ocrx_word' id='word_1_503' title='bbox 2264 1020 2496 1086; x_wconf 85' lang='lat' dir='ltr'><strong>patrem</strong></span> <span class='ocrx_word' id='word_1_504' title='bbox 2545 1015 2605 1070; x_wconf 91' lang='lat' dir='ltr'><strong>in</strong></span> <span class='ocrx_word' id='word_1_505' title='bbox 2660 1015 2875 1072; x_wconf 90' lang='lat' dir='ltr'><strong>Gallias</strong></span> <span class='ocrx_word' id='word_1_506' title='bbox 2919 1015 3148 1085; x_wconf 87' lang='lat' dir='ltr'><strong>trajecit</strong></span> <span class='ocrx_word' id='word_1_507' title='bbox 3194 1015 3274 1086; x_wconf 77' lang='grc'><strong>(2)</strong></span> <span class='ocrx_word' id='word_1_508' title='bbox 3313 1033 3325 1070; x_wconf 93' lang='lat'>:</span> <span class='ocrx_word' id='word_1_509' title='bbox 3387 1015 3495 1087; x_wconf 89' lang='lat' dir='ltr'><strong>qui</strong></span> 
     </span>
    </p>
   </div>
   <div class='ocr_carea' id='block_1_74' title="bbox 1840 1103 3502 1175">
    <p class='ocr_par' dir='ltr' id='par_1_74' title="bbox 1840 1103 3502 1175">
     <span class='ocr_line' id='line_1_74' title="bbox 1840 1103 3502 1175; baseline -0.001 -15"><span class='ocrx_word' id='word_1_510' title='bbox 1840 1103 2010 1160; x_wconf 90' lang='lat' dir='ltr'><strong>illum</strong></span> <span class='ocrx_word' id='word_1_511' title='bbox 2047 1105 2247 1169; x_wconf 87' lang='lat' dir='ltr'><strong>etiam,</strong></span> <span class='ocrx_word' id='word_1_512' title='bbox 2290 1104 2757 1160; x_wconf 87' lang='lat' dir='ltr'><strong>Christianorum</strong></span> <span class='ocrx_word' id='word_1_513' title='bbox 2797 1119 2968 1160; x_wconf 90' lang='lat' dir='ltr'><strong>sacra</strong></span> <span class='ocrx_word' id='word_1_514' title='bbox 3008 1105 3102 1175; x_wconf 89' lang='lat' dir='ltr'><strong>pie</strong></span> <span class='ocrx_word' id='word_1_515' title='bbox 3171 1103 3391 1168; x_wconf 89' lang='lat' dir='ltr'><strong>colens,</strong></span> <span class='ocrx_word' id='word_1_516' title='bbox 3447 1109 3502 1158; x_wconf 94' lang='lat' dir='ltr'><strong>et</strong></span> 
     </span>
    </p>
   </div>
   <div class='ocr_carea' id='block_1_75' title="bbox 1842 1191 3495 1265">
    <p class='ocr_par' dir='ltr' id='par_1_75' title="bbox 1842 1191 3495 1265">
     <span class='ocr_line' id='line_1_75' title="bbox 1842 1191 3495 1265; baseline 0 -17"><span class='ocrx_word' id='word_1_517' title='bbox 1842 1192 2195 1265; x_wconf 86' lang='lat' dir='ltr'><strong>propediem</strong></span> <span class='ocrx_word' id='word_1_518' title='bbox 2223 1197 2578 1248; x_wconf 87' lang='lat' dir='ltr'><strong>testamento</strong></span> <span class='ocrx_word' id='word_1_519' title='bbox 2601 1194 2728 1262; x_wconf 90' lang='lat' dir='ltr'><strong>jam</strong></span> <span class='ocrx_word' id='word_1_520' title='bbox 2761 1193 3002 1249; x_wconf 90' lang='lat' dir='ltr'><strong>condito</strong></span> <span class='ocrx_word' id='word_1_521' title='bbox 3027 1192 3370 1256; x_wconf 90' lang='lat' dir='ltr'><strong>moriturus,</strong></span> <span class='ocrx_word' id='word_1_522' title='bbox 3418 1191 3495 1248; x_wconf 91' lang='lat' dir='ltr'><strong>ad</strong></span> 
     </span>
    </p>
   </div>
   <div class='ocr_carea' id='block_1_76' title="bbox 1843 1280 3496 1353">
    <p class='ocr_par' dir='ltr' id='par_1_76' title="bbox 1843 1280 3496 1353">
     <span class='ocr_line' id='line_1_76' title="bbox 1843 1280 3496 1353; baseline 0 -17"><span class='ocrx_word' id='word_1_523' title='bbox 1843 1298 1904 1336; x_wconf 91' lang='lat' dir='ltr'><strong>se</strong></span> <span class='ocrx_word' id='word_1_524' title='bbox 1917 1281 2308 1337; x_wconf 86' lang='lat' dir='ltr'><strong>commodum</strong></span> <span class='ocrx_word' id='word_1_525' title='bbox 2321 1287 2702 1337; x_wconf 83' lang='lat' dir='ltr'><strong>evocaverat:</strong></span> <span class='ocrx_word' id='word_1_526' title='bbox 2737 1297 2860 1353; x_wconf 88' lang='lat' dir='ltr'><strong>quo</strong></span> <span class='ocrx_word' id='word_1_527' title='bbox 2877 1282 3104 1350; x_wconf 90' lang='lat' dir='ltr'><strong>majore</strong></span> <span class='ocrx_word' id='word_1_528' title='bbox 3118 1281 3295 1335; x_wconf 88' lang='lat' dir='ltr'><strong>etiam</strong></span> <span class='ocrx_word' id='word_1_529' title='bbox 3311 1280 3496 1336; x_wconf 89' lang='lat' dir='ltr'><strong>animi</strong></span> 
     </span>
    </p>
   </div>
   <div class='ocr_carea' id='block_1_77' title="bbox 1840 1369 3495 1441">
    <p class='ocr_par' dir='ltr' id='par_1_77' title="bbox 1840 1369 3495 1441">
     <span class='ocr_line' id='line_1_77' title="bbox 1840 1369 3495 1441; baseline -0.001 -15"><span class='ocrx_word' id='word_1_530' title='bbox 1840 1369 2149 1441; x_wconf 82' lang='lat' dir='ltr'><strong>voluptate</strong></span> <span class='ocrx_word' id='word_1_531' title='bbox 2205 1375 2261 1425; x_wconf 91' lang='lat' dir='ltr'><strong>et</strong></span> <span class='ocrx_word' id='word_1_532' title='bbox 2309 1370 2508 1426; x_wconf 71' lang='lat' dir='ltr'><strong>laetitia</strong></span> <span class='ocrx_word' id='word_1_533' title='bbox 2563 1370 2982 1425; x_wconf 88' lang='lat' dir='ltr'><strong>advenientem</strong></span> <span class='ocrx_word' id='word_1_534' title='bbox 3050 1386 3188 1425; x_wconf 90' lang='lat' dir='ltr'><strong>eum</strong></span> <span class='ocrx_word' id='word_1_535' title='bbox 3246 1370 3495 1441; x_wconf 83' lang='lat' dir='ltr'><strong>excepit.</strong></span> 
     </span>
    </p>
   </div>
   <div class='ocr_carea' id='block_1_78' title="bbox 1840 1457 3499 1529">
    <p class='ocr_par' dir='ltr' id='par_1_78' title="bbox 1840 1457 3499 1529">
     <span class='ocr_line' id='line_1_78' title="bbox 1840 1457 3499 1529; baseline -0.001 -14"><span class='ocrx_word' id='word_1_536' title='bbox 1840 1460 2174 1526; x_wconf 82' lang='lat' dir='ltr'><strong>Assurgens</strong></span> <span class='ocrx_word' id='word_1_537' title='bbox 2218 1459 2398 1529; x_wconf 82' lang='lat' dir='ltr'><strong>igitur</strong></span> <span class='ocrx_word' id='word_1_538' title='bbox 2445 1459 2504 1514; x_wconf 93' lang='lat' dir='ltr'><strong>in</strong></span> <span class='ocrx_word' id='word_1_539' title='bbox 2528 1458 2699 1524; x_wconf 90' lang='lat' dir='ltr'><strong>lecto,</strong></span> <span class='ocrx_word' id='word_1_540' title='bbox 2742 1458 2874 1514; x_wconf 89' lang='lat' dir='ltr'><strong>aliis</strong></span> <span class='ocrx_word' id='word_1_541' title='bbox 2920 1458 3231 1523; x_wconf 88' lang='lat' dir='ltr'><strong>abdicatis,</strong></span> <span class='ocrx_word' id='word_1_542' title='bbox 3267 1474 3403 1513; x_wconf 89' lang='lat' dir='ltr'><strong>cum</strong></span> <span class='ocrx_word' id='word_1_543' title='bbox 3443 1457 3499 1514; x_wconf 92' lang='lat' dir='ltr'><strong>ei</strong></span> 
     </span>
    </p>
   </div>
   <div class='ocr_carea' id='block_1_79' title="bbox 1841 1546 3498 1620">
    <p class='ocr_par' dir='ltr' id='par_1_79' title="bbox 1841 1546 3498 1620">
     <span class='ocr_line' id='line_1_79' title="bbox 1841 1546 3498 1620; baseline -0.001 -16"><span class='ocrx_word' id='word_1_544' title='bbox 1841 1547 1954 1620; x_wconf 89' lang='lat' dir='ltr'><strong>ipsi</strong></span> <span class='ocrx_word' id='word_1_545' title='bbox 1985 1548 2174 1612; x_wconf 92' lang='lat' dir='ltr'><strong>liberi,</strong></span> <span class='ocrx_word' id='word_1_546' title='bbox 2216 1553 2460 1606; x_wconf 89' lang='lat' dir='ltr'><strong>senatus</strong></span> <span class='ocrx_word' id='word_1_547' title='bbox 2503 1547 2889 1620; x_wconf 91' lang='lat' dir='ltr'><strong>populusque</strong></span> <span class='ocrx_word' id='word_1_548' title='bbox 2918 1547 3258 1612; x_wconf 87' lang='lat' dir='ltr'><strong>universus,</strong></span> <span class='ocrx_word' id='word_1_549' title='bbox 3301 1553 3356 1602; x_wconf 90' lang='lat' dir='ltr'><strong>et</strong></span> <span class='ocrx_word' id='word_1_550' title='bbox 3394 1546 3498 1602; x_wconf 89' lang='lat' dir='ltr'><strong>ad-</strong></span> 
     </span>
    </p>
   </div>
   <div class='ocr_carea' id='block_1_80' title="bbox 1841 1637 3497 1710">
    <p class='ocr_par' dir='ltr' id='par_1_80' title="bbox 1841 1637 3497 1710">
     <span class='ocr_line' id='line_1_80' title="bbox 1841 1637 3497 1710; baseline 0 -18"><span class='ocrx_word' id='word_1_551' title='bbox 1841 1653 2012 1692; x_wconf 50' lang='lat' dir='ltr'><strong>venas</strong></span> <span class='ocrx_word' id='word_1_552' title='bbox 2034 1653 2278 1710; x_wconf 90' lang='lat' dir='ltr'><strong>quoque</strong></span> <span class='ocrx_word' id='word_1_553' title='bbox 2306 1637 2588 1710; x_wconf 90' lang='lat' dir='ltr'><strong>permulti</strong></span> <span class='ocrx_word' id='word_1_554' title='bbox 2617 1637 2919 1704; x_wconf 89' lang='lat' dir='ltr'><strong>adessent,</strong></span> <span class='ocrx_word' id='word_1_555' title='bbox 2958 1637 3218 1705; x_wconf 89' lang='lat' dir='ltr'><strong>insignia</strong></span> <span class='ocrx_word' id='word_1_556' title='bbox 3240 1637 3497 1708; x_wconf 86' lang='lat' dir='ltr'><strong>impera-</strong></span> 
     </span>
    </p>
   </div>
   <div class='ocr_carea' id='block_1_81' title="bbox 1842 1725 3494 1796">
    <p class='ocr_par' dir='ltr' id='par_1_81' title="bbox 1842 1725 3494 1796">
     <span class='ocr_line' id='line_1_81' title="bbox 1842 1725 3494 1796; baseline -0.002 -13"><span class='ocrx_word' id='word_1_557' title='bbox 1842 1728 1994 1783; x_wconf 91' lang='lat' dir='ltr'><strong>toria</strong></span> <span class='ocrx_word' id='word_1_558' title='bbox 2031 1732 2088 1783; x_wconf 86' lang='lat' dir='ltr'><strong>et</strong></span> <span class='ocrx_word' id='word_1_559' title='bbox 2125 1741 2413 1784; x_wconf 88' lang='lat' dir='ltr'><strong>coronam</strong></span> <span class='ocrx_word' id='word_1_560' title='bbox 2461 1742 2706 1784; x_wconf 88' lang='lat' dir='ltr'><strong>auream</strong></span> <span class='ocrx_word' id='word_1_561' title='bbox 2747 1725 3135 1784; x_wconf 91' lang='lat' dir='ltr'><strong>Constantino</strong></span> <span class='ocrx_word' id='word_1_562' title='bbox 3185 1725 3494 1796; x_wconf 90' lang='lat' dir='ltr'><strong>imposuit,</strong></span> 
     </span>
    </p>
   </div>
   <div class='ocr_carea' id='block_1_82' title="bbox 1841 1813 3496 1888">
    <p class='ocr_par' dir='ltr' id='par_1_82' title="bbox 1841 1813 3496 1888">
     <span class='ocr_line' id='line_1_82' title="bbox 1841 1813 3496 1888; baseline -0.002 -17"><span class='ocrx_word' id='word_1_563' title='bbox 1841 1815 2137 1888; x_wconf 67' lang='lat' dir='ltr'><strong>praeconis</strong></span> <span class='ocrx_word' id='word_1_564' title='bbox 2178 1832 2398 1872; x_wconf 91' lang='lat' dir='ltr'><strong>munus</strong></span> <span class='ocrx_word' id='word_1_565' title='bbox 2455 1816 2586 1888; x_wconf 89' lang='lat' dir='ltr'><strong>ipse</strong></span> <span class='ocrx_word' id='word_1_566' title='bbox 2630 1821 2802 1888; x_wconf 89' lang='lat' dir='ltr'><strong>pater</strong></span> <span class='ocrx_word' id='word_1_567' title='bbox 2845 1817 2906 1871; x_wconf 94' lang='lat' dir='ltr'><strong>in</strong></span> <span class='ocrx_word' id='word_1_568' title='bbox 2949 1815 3072 1870; x_wconf 84' lang='lat' dir='ltr'><strong>ﬁlio</strong></span> <span class='ocrx_word' id='word_1_569' title='bbox 3135 1813 3496 1884; x_wconf 88' lang='lat' dir='ltr'><strong>adimplens.</strong></span> 
     </span>
    </p>
   </div>
   <div class='ocr_carea' id='block_1_83' title="bbox 1845 1903 3494 1977">
    <p class='ocr_par' dir='ltr' id='par_1_83' title="bbox 1845 1903 3494 1977">
     <span class='ocr_line' id='line_1_83' title="bbox 1845 1903 3494 1977; baseline -0.002 -17"><span class='ocrx_word' id='word_1_570' title='bbox 1845 1906 2156 1961; x_wconf 66' lang='lat' dir='ltr'><strong>Haecenim</strong></span> <span class='ocrx_word' id='word_1_571' title='bbox 2183 1905 2262 1960; x_wconf 92' lang='lat' dir='ltr'><strong>ad</strong></span> <span class='ocrx_word' id='word_1_572' title='bbox 2282 1909 2558 1962; x_wconf 88' lang='lat' dir='ltr'><strong>senatum</strong></span> <span class='ocrx_word' id='word_1_573' title='bbox 2581 1910 2637 1961; x_wconf 90' lang='lat' dir='ltr'><strong>et</strong></span> <span class='ocrx_word' id='word_1_574' title='bbox 2657 1905 2846 1961; x_wconf 82' lang='lat' dir='ltr'><strong>ﬁlium</strong></span> <span class='ocrx_word' id='word_1_575' title='bbox 2878 1905 3081 1977; x_wconf 89' lang='lat' dir='ltr'><strong>ipsum</strong></span> <span class='ocrx_word' id='word_1_576' title='bbox 3115 1908 3201 1959; x_wconf 86' lang='lat' dir='ltr'><strong>est</strong></span> <span class='ocrx_word' id='word_1_577' title='bbox 3219 1903 3454 1958; x_wconf 90' lang='lat' dir='ltr'><strong>locutus</strong></span> <span class='ocrx_word' id='word_1_578' title='bbox 3479 1917 3494 1957; x_wconf 85' lang='lat'><strong>:</strong></span> 
     </span>
    </p>
   </div>
   <div class='ocr_carea' id='block_1_84' title="bbox 1843 1992 3496 2067">
    <p class='ocr_par' dir='ltr' id='par_1_84' title="bbox 1843 1992 3496 2067">
     <span class='ocr_line' id='line_1_84' title="bbox 1843 1992 3496 2067; baseline -0.004 -15"><span class='ocrx_word' id='word_1_579' title='bbox 1843 1997 2012 2052; x_wconf 84' lang='lat' dir='ltr'><strong>Nunc</strong></span> <span class='ocrx_word' id='word_1_580' title='bbox 2038 1994 2183 2050; x_wconf 90' lang='lat' dir='ltr'><strong>mihi</strong></span> <span class='ocrx_word' id='word_1_581' title='bbox 2209 2009 2372 2050; x_wconf 90' lang='lat' dir='ltr'><strong>mors</strong></span> <span class='ocrx_word' id='word_1_582' title='bbox 2399 1995 2524 2050; x_wconf 89' lang='lat' dir='ltr'><strong>vita</strong></span> <span class='ocrx_word' id='word_1_583' title='bbox 2539 1995 2670 2067; x_wconf 89' lang='lat' dir='ltr'><strong>ipsa</strong></span> <span class='ocrx_word' id='word_1_584' title='bbox 2700 1994 2934 2050; x_wconf 88' lang='lat' dir='ltr'><strong>dulcior</strong></span> <span class='ocrx_word' id='word_1_585' title='bbox 2959 1998 3045 2048; x_wconf 91' lang='lat' dir='ltr'><strong>est</strong></span> <span class='ocrx_word' id='word_1_586' title='bbox 3070 1992 3270 2048; x_wconf 88' lang='lat' dir='ltr'><strong>futura</strong></span> <span class='ocrx_word' id='word_1_587' title='bbox 3297 2007 3310 2045; x_wconf 88' lang='lat'><strong>:</strong></span> <span class='ocrx_word' id='word_1_588' title='bbox 3337 2006 3496 2046; x_wconf 89' lang='lat' dir='ltr'><strong>nunc</strong></span> 
     </span>
    </p>
   </div>
   <div class='ocr_carea' id='block_1_85' title="bbox 1844 2080 3496 2156">
    <p class='ocr_par' dir='ltr' id='par_1_85' title="bbox 1844 2080 3496 2156">
     <span class='ocr_line' id='line_1_85' title="bbox 1844 2080 3496 2156; baseline -0.002 -16"><span class='ocrx_word' id='word_1_589' title='bbox 1844 2087 2085 2156; x_wconf 88' lang='lat' dir='ltr'><strong>optatus</strong></span> <span class='ocrx_word' id='word_1_590' title='bbox 2127 2083 2301 2139; x_wconf 88' lang='lat' dir='ltr'><strong>adest</strong></span> <span class='ocrx_word' id='word_1_591' title='bbox 2338 2083 2555 2139; x_wconf 90' lang='lat' dir='ltr'><strong>obitus.</strong></span> <span class='ocrx_word' id='word_1_592' title='bbox 2595 2087 2789 2139; x_wconf 91' lang='lat' dir='ltr'><strong>Teneo</strong></span> <span class='ocrx_word' id='word_1_593' title='bbox 2830 2082 3134 2154; x_wconf 89' lang='lat' dir='ltr'><strong>siquidem</strong></span> <span class='ocrx_word' id='word_1_594' title='bbox 3160 2080 3496 2136; x_wconf 88' lang='lat' dir='ltr'><strong>maximum</strong></span> 
     </span>
    </p>
   </div>
   <div class='ocr_carea' id='block_1_86' title="bbox 1845 2172 3497 2246">
    <p class='ocr_par' dir='ltr' id='par_1_86' title="bbox 1845 2172 3497 2246">
     <span class='ocr_line' id='line_1_86' title="bbox 1845 2172 3497 2246; baseline -0.002 -18"><span class='ocrx_word' id='word_1_595' title='bbox 1845 2172 2235 2246; x_wconf 86' lang='lat' dir='ltr'><strong>epitaphium,</strong></span> <span class='ocrx_word' id='word_1_596' title='bbox 2286 2172 2736 2244; x_wconf 88' lang='lat' dir='ltr'><strong>sepulcraleque</strong></span> <span class='ocrx_word' id='word_1_597' title='bbox 2767 2175 3254 2239; x_wconf 89' lang='lat' dir='ltr'><strong>monumentum,</strong></span> <span class='ocrx_word' id='word_1_598' title='bbox 3290 2184 3497 2225; x_wconf 90' lang='lat' dir='ltr'><strong>meum</strong></span> 
     </span>
    </p>
   </div>
   <div class='ocr_carea' id='block_1_87' title="bbox 1844 2258 3496 2333">
    <p class='ocr_par' dir='ltr' id='par_1_87' title="bbox 1844 2258 3496 2333">
     <span class='ocr_line' id='line_1_87' title="bbox 1844 2258 3496 2333; baseline -0.004 -15"><span class='ocrx_word' id='word_1_599' title='bbox 1844 2263 2056 2318; x_wconf 80' lang='lat' dir='ltr'><strong>filium.</strong></span> <span class='ocrx_word' id='word_1_600' title='bbox 2093 2264 2156 2319; x_wconf 87' lang='lat' dir='ltr'><strong>Et</strong></span> <span class='ocrx_word' id='word_1_601' title='bbox 2208 2261 2375 2333; x_wconf 89' lang='lat' dir='ltr'><strong>quod</strong></span> <span class='ocrx_word' id='word_1_602' title='bbox 2405 2261 2465 2316; x_wconf 93' lang='lat' dir='ltr'><strong>in</strong></span> <span class='ocrx_word' id='word_1_603' title='bbox 2504 2261 2673 2317; x_wconf 84' lang='lat' dir='ltr'><strong>terris</strong></span> <span class='ocrx_word' id='word_1_604' title='bbox 2730 2261 3154 2332; x_wconf 88' lang='lat' dir='ltr'><strong>imperatorem</strong></span> <span class='ocrx_word' id='word_1_605' title='bbox 3200 2258 3496 2330; x_wconf 89' lang='lat' dir='ltr'><strong>relinquo,</strong></span> 
     </span>
    </p>
   </div>
   <div class='ocr_carea' id='block_1_88' title="bbox 1844 2347 3498 2425">
    <p class='ocr_par' dir='ltr' id='par_1_88' title="bbox 1844 2347 3498 2425">
     <span class='ocr_line' id='line_1_88' title="bbox 1844 2347 3498 2425; baseline -0.004 -17"><span class='ocrx_word' id='word_1_606' title='bbox 1844 2353 1949 2425; x_wconf 89' lang='lat' dir='ltr'><strong>qui</strong></span> <span class='ocrx_word' id='word_1_607' title='bbox 1989 2356 2108 2408; x_wconf 92' lang='lat' dir='ltr'><strong>Deo</strong></span> <span class='ocrx_word' id='word_1_608' title='bbox 2162 2351 2318 2408; x_wconf 89' lang='lat' dir='ltr'><strong>bene</strong></span> <span class='ocrx_word' id='word_1_609' title='bbox 2360 2351 2627 2420; x_wconf 90' lang='lat' dir='ltr'><strong>juvante,</strong></span> <span class='ocrx_word' id='word_1_610' title='bbox 2679 2350 3144 2404; x_wconf 87' lang='lat' dir='ltr'><strong>Christianorum</strong></span> <span class='ocrx_word' id='word_1_611' title='bbox 3195 2347 3498 2418; x_wconf 89' lang='lat' dir='ltr'><strong>lacrymas</strong></span> 
     </span>
    </p>
   </div>
   <div class='ocr_carea' id='block_1_89' title="bbox 1845 2436 3500 2511">
    <p class='ocr_par' dir='ltr' id='par_1_89' title="bbox 1845 2436 3500 2511">
     <span class='ocr_line' id='line_1_89' title="bbox 1845 2436 3500 2511; baseline -0.004 -14"><span class='ocrx_word' id='word_1_612' title='bbox 1845 2443 2247 2506; x_wconf 88' lang='lat' dir='ltr'><strong>abstersurus,</strong></span> <span class='ocrx_word' id='word_1_613' title='bbox 2278 2444 2336 2496; x_wconf 91' lang='lat' dir='ltr'><strong>et</strong></span> <span class='ocrx_word' id='word_1_614' title='bbox 2368 2444 2667 2511; x_wconf 85' lang='lat' dir='ltr'><strong>patratam</strong></span> <span class='ocrx_word' id='word_1_615' title='bbox 2697 2439 2776 2494; x_wconf 92' lang='lat' dir='ltr'><strong>ab</strong></span> <span class='ocrx_word' id='word_1_616' title='bbox 2823 2439 3026 2510; x_wconf 87' lang='lat' dir='ltr'><strong>impiis</strong></span> <span class='ocrx_word' id='word_1_617' title='bbox 3059 2436 3328 2509; x_wconf 87' lang='lat' dir='ltr'><strong>tyrannis</strong></span> <span class='ocrx_word' id='word_1_618' title='bbox 3363 2451 3500 2491; x_wconf 86' lang='lat' dir='ltr'><strong>cru-</strong></span> 
     </span>
    </p>
   </div>
   <div class='ocr_carea' id='block_1_90' title="bbox 1845 2524 3499 2595">
    <p class='ocr_par' dir='ltr' id='par_1_90' title="bbox 1845 2524 3499 2595">
     <span class='ocr_line' id='line_1_90' title="bbox 1845 2524 3499 2595; baseline -0.004 -9"><span class='ocrx_word' id='word_1_619' title='bbox 1845 2531 2147 2587; x_wconf 89' lang='lat' dir='ltr'><strong>delitatem</strong></span> <span class='ocrx_word' id='word_1_620' title='bbox 2198 2528 2610 2585; x_wconf 84' lang='lat' dir='ltr'><strong>vindicaturus</strong></span> <span class='ocrx_word' id='word_1_621' title='bbox 2647 2532 2758 2592; x_wconf 86' lang='lat' dir='ltr'><strong>est,</strong></span> <span class='ocrx_word' id='word_1_622' title='bbox 2793 2527 2853 2582; x_wconf 92' lang='lat' dir='ltr'><strong>id</strong></span> <span class='ocrx_word' id='word_1_623' title='bbox 2903 2538 3016 2595; x_wconf 90' lang='lat' dir='ltr'><strong>ego</strong></span> <span class='ocrx_word' id='word_1_624' title='bbox 3059 2541 3311 2582; x_wconf 61' lang='lat' dir='ltr'><strong>summie</strong></span> <span class='ocrx_word' id='word_1_625' title='bbox 3351 2524 3499 2579; x_wconf 92' lang='lat' dir='ltr'><strong>mihi</strong></span> 
     </span>
    </p>
   </div>
   <div class='ocr_carea' id='block_1_91' title="bbox 1844 2613 3498 2676">
    <p class='ocr_par' dir='ltr' id='par_1_91' title="bbox 1844 2613 3498 2676">
     <span class='ocr_line' id='line_1_91' title="bbox 1844 2613 3498 2676; baseline -0.005 0"><span class='ocrx_word' id='word_1_626' title='bbox 1844 2619 2140 2676; x_wconf 82' lang='lat' dir='ltr'><strong>felicitatis</strong></span> <span class='ocrx_word' id='word_1_627' title='bbox 2169 2618 2302 2675; x_wconf 91' lang='lat' dir='ltr'><strong>loco</strong></span> <span class='ocrx_word' id='word_1_628' title='bbox 2332 2632 2461 2672; x_wconf 90' lang='lat' dir='ltr'><strong>esse</strong></span> <span class='ocrx_word' id='word_1_629' title='bbox 2482 2616 2662 2672; x_wconf 91' lang='lat' dir='ltr'><strong>duco.</strong></span> <span class='ocrx_word' id='word_1_630' title='bbox 2692 2615 2910 2671; x_wconf 90' lang='lat' dir='ltr'><strong>Deinde</strong></span> <span class='ocrx_word' id='word_1_631' title='bbox 2941 2615 3020 2671; x_wconf 93' lang='lat' dir='ltr'><strong>ad</strong></span> <span class='ocrx_word' id='word_1_632' title='bbox 3057 2613 3498 2670; x_wconf 88' lang='lat' dir='ltr'><strong>multitudinem</strong></span> 
     </span>
    </p>
   </div>
   <div class='ocr_carea' id='block_1_92' title="bbox 1843 2701 3500 2775">
    <p class='ocr_par' dir='ltr' id='par_1_92' title="bbox 1843 2701 3500 2775">
     <span class='ocr_line' id='line_1_92' title="bbox 1843 2701 3500 2775; baseline -0.005 -11"><span class='ocrx_word' id='word_1_633' title='bbox 1843 2724 2193 2775; x_wconf 86' lang='lat' dir='ltr'><strong>conversus,</strong></span> <span class='ocrx_word' id='word_1_634' title='bbox 2237 2706 2402 2762; x_wconf 91' lang='lat' dir='ltr'><strong>bono</strong></span> <span class='ocrx_word' id='word_1_635' title='bbox 2439 2705 2644 2761; x_wconf 89' lang='lat' dir='ltr'><strong>animo</strong></span> <span class='ocrx_word' id='word_1_636' title='bbox 2682 2719 2815 2759; x_wconf 89' lang='lat' dir='ltr'><strong>esse</strong></span> <span class='ocrx_word' id='word_1_637' title='bbox 2845 2719 3056 2759; x_wconf 91' lang='lat' dir='ltr'><strong>omnes</strong></span> <span class='ocrx_word' id='word_1_638' title='bbox 3085 2703 3280 2773; x_wconf 85' lang='lat' dir='ltr'><strong>jussit,</strong></span> <span class='ocrx_word' id='word_1_639' title='bbox 3308 2701 3412 2773; x_wconf 92' lang='lat' dir='ltr'><strong>qui</strong></span> <span class='ocrx_word' id='word_1_640' title='bbox 3463 2716 3500 2756; x_wconf 89' lang='lat' dir='ltr'><strong>a</strong></span> 
     </span>
    </p>
   </div>
   <div class='ocr_carea' id='block_1_93' title="bbox 1841 2792 3494 2866">
    <p class='ocr_par' dir='ltr' id='par_1_93' title="bbox 1841 2792 3494 2866">
     <span class='ocr_line' id='line_1_93' title="bbox 1841 2792 3494 2866; baseline -0.005 -13"><span class='ocrx_word' id='word_1_641' title='bbox 1841 2812 1984 2853; x_wconf 89' lang='lat' dir='ltr'><strong>vera</strong></span> <span class='ocrx_word' id='word_1_642' title='bbox 2016 2799 2077 2852; x_wconf 92' lang='lat' dir='ltr'><strong>in</strong></span> <span class='ocrx_word' id='word_1_643' title='bbox 2109 2797 2407 2853; x_wconf 89' lang='lat' dir='ltr'><strong>Christum</strong></span> <span class='ocrx_word' id='word_1_644' title='bbox 2436 2795 2650 2866; x_wconf 89' lang='lat' dir='ltr'><strong>pietate</strong></span> <span class='ocrx_word' id='word_1_645' title='bbox 2699 2808 2820 2849; x_wconf 91' lang='lat' dir='ltr'><strong>non</strong></span> <span class='ocrx_word' id='word_1_646' title='bbox 2858 2792 3274 2855; x_wconf 85' lang='lat' dir='ltr'><strong>descivissent,</strong></span> <span class='ocrx_word' id='word_1_647' title='bbox 3312 2805 3494 2862; x_wconf 90' lang='lat' dir='ltr'><strong>quem</strong></span> 
     </span>
    </p>
   </div>
   <div class='ocr_carea' id='block_1_94' title="bbox 1841 2879 3494 2958">
    <p class='ocr_par' dir='ltr' id='par_1_94' title="bbox 1841 2879 3494 2958">
     <span class='ocr_line' id='line_1_94' title="bbox 1841 2879 3494 2958; baseline -0.005 -17"><span class='ocrx_word' id='word_1_648' title='bbox 1841 2885 2126 2958; x_wconf 90' lang='lat' dir='ltr'><strong>deinceps</strong></span> <span class='ocrx_word' id='word_1_649' title='bbox 2158 2899 2299 2940; x_wconf 91' lang='lat' dir='ltr'><strong>cum</strong></span> <span class='ocrx_word' id='word_1_650' title='bbox 2348 2883 2733 2940; x_wconf 87' lang='lat' dir='ltr'><strong>Constantino</strong></span> <span class='ocrx_word' id='word_1_651' title='bbox 2775 2882 2835 2936; x_wconf 92' lang='lat' dir='ltr'><strong>in</strong></span> <span class='ocrx_word' id='word_1_652' title='bbox 2871 2881 3054 2937; x_wconf 89' lang='lat' dir='ltr'><strong>armis</strong></span> <span class='ocrx_word' id='word_1_653' title='bbox 3083 2880 3208 2936; x_wconf 85' lang='lat' dir='ltr'><strong>fore</strong></span> <span class='ocrx_word' id='word_1_654' title='bbox 3238 2879 3494 2935; x_wconf 89' lang='lat' dir='ltr'><strong>dicebat.</strong></span> 
     </span>
    </p>
   </div>
   <div class='ocr_carea' id='block_1_95' title="bbox 1841 2969 3498 3046">
    <p class='ocr_par' dir='ltr' id='par_1_95' title="bbox 1841 2969 3498 3046">
     <span class='ocr_line' id='line_1_95' title="bbox 1841 2969 3498 3046; baseline -0.005 -14"><span class='ocrx_word' id='word_1_655' title='bbox 1841 2976 2131 3032; x_wconf 89' lang='lat' dir='ltr'><strong>Constans</strong></span> <span class='ocrx_word' id='word_1_656' title='bbox 2151 2989 2416 3046; x_wconf 87' lang='lat' dir='ltr'><strong>namque</strong></span> <span class='ocrx_word' id='word_1_657' title='bbox 2442 2973 2503 3028; x_wconf 94' lang='lat' dir='ltr'>in</span> <span class='ocrx_word' id='word_1_658' title='bbox 2525 2972 2772 3044; x_wconf 88' lang='lat' dir='ltr'><strong>crapula</strong></span> <span class='ocrx_word' id='word_1_659' title='bbox 2796 2969 2898 3028; x_wconf 91' lang='lat' dir='ltr'><strong>illa</strong></span> <span class='ocrx_word' id='word_1_660' title='bbox 2926 2969 3247 3042; x_wconf 90' lang='lat' dir='ltr'><strong>impietatis</strong></span> <span class='ocrx_word' id='word_1_661' title='bbox 3277 2969 3498 3024; x_wconf 90' lang='lat' dir='ltr'><strong>sobrie-</strong></span> 
     </span>
    </p>
   </div>
   <div class='ocr_carea' id='block_1_96' title="bbox 1843 3057 3500 3130">
    <p class='ocr_par' dir='ltr' id='par_1_96' title="bbox 1843 3057 3500 3130">
     <span class='ocr_line' id='line_1_96' title="bbox 1843 3057 3500 3130; baseline -0.005 -9"><span class='ocrx_word' id='word_1_662' title='bbox 1843 3070 2024 3122; x_wconf 89' lang='lat' dir='ltr'><strong>tatem</strong></span> <span class='ocrx_word' id='word_1_663' title='bbox 2072 3065 2550 3130; x_wconf 89' lang='lat' dir='ltr'><strong>conservaverat,</strong></span> <span class='ocrx_word' id='word_1_664' title='bbox 2591 3067 2649 3118; x_wconf 91' lang='lat' dir='ltr'><strong>et</strong></span> <span class='ocrx_word' id='word_1_665' title='bbox 2696 3061 2908 3118; x_wconf 89' lang='lat' dir='ltr'><strong>Christi</strong></span> <span class='ocrx_word' id='word_1_666' title='bbox 2954 3059 3300 3129; x_wconf 87' lang='lat' dir='ltr'><strong>religionem</strong></span> <span class='ocrx_word' id='word_1_667' title='bbox 3349 3057 3500 3114; x_wconf 88' lang='lat' dir='ltr'><strong>obti-</strong></span> 
     </span>
    </p>
   </div>
   <div class='ocr_carea' id='block_1_97' title="bbox 1842 3148 3498 3223">
    <p class='ocr_par' dir='ltr' id='par_1_97' title="bbox 1842 3148 3498 3223">
     <span class='ocr_line' id='line_1_97' title="bbox 1842 3148 3498 3223; baseline -0.004 -12"><span class='ocrx_word' id='word_1_668' title='bbox 1842 3170 1977 3211; x_wconf 88' lang='lat' dir='ltr'><strong>nere</strong></span> <span class='ocrx_word' id='word_1_669' title='bbox 2030 3154 2360 3223; x_wconf 89' lang='lat' dir='ltr'><strong>plurimum</strong></span> <span class='ocrx_word' id='word_1_670' title='bbox 2413 3150 2744 3217; x_wconf 90' lang='lat' dir='ltr'><strong>studuerat,</strong></span> <span class='ocrx_word' id='word_1_671' title='bbox 2786 3157 2967 3222; x_wconf 89' lang='lat' dir='ltr'><strong>atque</strong></span> <span class='ocrx_word' id='word_1_672' title='bbox 3016 3150 3077 3204; x_wconf 93' lang='lat' dir='ltr'><strong>in</strong></span> <span class='ocrx_word' id='word_1_673' title='bbox 3125 3149 3352 3218; x_wconf 84' lang='lat' dir='ltr'><strong>ingenti</strong></span> <span class='ocrx_word' id='word_1_674' title='bbox 3396 3148 3498 3204; x_wconf 89' lang='lat' dir='ltr'><strong>illa</strong></span> 
     </span>
    </p>
   </div>
   <div class='ocr_carea' id='block_1_98' title="bbox 1841 3239 3498 3317">
    <p class='ocr_par' dir='ltr' id='par_1_98' title="bbox 1841 3239 3498 3317">
     <span class='ocr_line' id='line_1_98' title="bbox 1841 3239 3498 3317; baseline -0.005 -17"><span class='ocrx_word' id='word_1_675' title='bbox 1841 3244 2174 3317; x_wconf 84' lang='lat' dir='ltr'><strong>iniquitatis</strong></span> <span class='ocrx_word' id='word_1_676' title='bbox 2204 3243 2480 3298; x_wconf 90' lang='lat' dir='ltr'><strong>eluvione</strong></span> <span class='ocrx_word' id='word_1_677' title='bbox 2502 3239 2798 3310; x_wconf 90' lang='lat' dir='ltr'><strong>igniculus</strong></span> <span class='ocrx_word' id='word_1_678' title='bbox 2812 3239 3498 3311; x_wconf 90' lang='lat' dir='ltr'><strong>inexstinctusperman-</strong></span> 
     </span>
    </p>
   </div>
   <div class='ocr_carea' id='block_1_99' title="bbox 1842 3327 3500 3406">
    <p class='ocr_par' dir='ltr' id='par_1_99' title="bbox 1842 3327 3500 3406">
     <span class='ocr_line' id='line_1_99' title="bbox 1842 3327 3500 3406; baseline -0.005 -16"><span class='ocrx_word' id='word_1_679' title='bbox 1842 3339 2019 3390; x_wconf 89' lang='lat' dir='ltr'><strong>serat.</strong></span> <span class='ocrx_word' id='word_1_680' title='bbox 2053 3333 2232 3406; x_wconf 67' lang='grc'><strong>466</strong></span> <span class='ocrx_word' id='word_1_681' title='bbox 2265 3332 2415 3388; x_wconf 90' lang='lat' dir='ltr'><strong>Cum</strong></span> <span class='ocrx_word' id='word_1_682' title='bbox 2455 3331 2672 3387; x_wconf 88' lang='lat' dir='ltr'><strong>etenim</strong></span> <span class='ocrx_word' id='word_1_683' title='bbox 2717 3329 3048 3402; x_wconf 89' lang='lat' dir='ltr'><strong>plurimum</strong></span> <span class='ocrx_word' id='word_1_684' title='bbox 3078 3332 3232 3385; x_wconf 90' lang='lat' dir='ltr'><strong>esset</strong></span> <span class='ocrx_word' id='word_1_685' title='bbox 3276 3327 3500 3399; x_wconf 89' lang='lat' dir='ltr'><strong>ubique</strong></span> 
     </span>
    </p>
   </div>
   <div class='ocr_carea' id='block_1_100' title="bbox 1841 3419 3497 3496">
    <p class='ocr_par' dir='ltr' id='par_1_100' title="bbox 1841 3419 3497 3496">
     <span class='ocr_line' id='line_1_100' title="bbox 1841 3419 3497 3496; baseline -0.005 -16"><span class='ocrx_word' id='word_1_686' title='bbox 1841 3423 2241 3496; x_wconf 89' lang='lat' dir='ltr'><strong>piaculorum,</strong></span> <span class='ocrx_word' id='word_1_687' title='bbox 2264 3426 2320 3478; x_wconf 92' lang='lat' dir='ltr'><strong>et</strong></span> <span class='ocrx_word' id='word_1_688' title='bbox 2344 3421 2541 3477; x_wconf 65' lang='lat' dir='ltr'><strong>caedes</strong></span> <span class='ocrx_word' id='word_1_689' title='bbox 2567 3419 2769 3476; x_wconf 88' lang='lat' dir='ltr'><strong>civiles</strong></span> <span class='ocrx_word' id='word_1_690' title='bbox 2790 3435 2898 3492; x_wconf 90' lang='lat' dir='ltr'><strong>per</strong></span> <span class='ocrx_word' id='word_1_691' title='bbox 2919 3421 3125 3476; x_wconf 89' lang='lat' dir='ltr'><strong>orbem</strong></span> <span class='ocrx_word' id='word_1_692' title='bbox 3149 3419 3497 3474; x_wconf 89' lang='lat' dir='ltr'><strong>universum</strong></span> 
     </span>
    </p>
   </div>
   <div class='ocr_carea' id='block_1_101' title="bbox 1841 3507 3500 3584">
    <p class='ocr_par' dir='ltr' id='par_1_101' title="bbox 1841 3507 3500 3584">
     <span class='ocr_line' id='line_1_101' title="bbox 1841 3507 3500 3584; baseline -0.005 -15"><span class='ocrx_word' id='word_1_693' title='bbox 1841 3517 2277 3584; x_wconf 88' lang='lat' dir='ltr'><strong>grassarentur,</strong></span> <span class='ocrx_word' id='word_1_694' title='bbox 2306 3525 2686 3583; x_wconf 74' lang='lat' dir='ltr'><strong>quaecunque</strong></span> <span class='ocrx_word' id='word_1_695' title='bbox 2717 3509 2834 3565; x_wconf 88' lang='lat' dir='ltr'><strong>sub</strong></span> <span class='ocrx_word' id='word_1_696' title='bbox 2890 3510 3020 3580; x_wconf 88' lang='lat' dir='ltr'><strong>ejus</strong></span> <span class='ocrx_word' id='word_1_697' title='bbox 3058 3507 3282 3563; x_wconf 90' lang='lat' dir='ltr'><strong>ditione</strong></span> <span class='ocrx_word' id='word_1_698' title='bbox 3329 3509 3500 3560; x_wconf 90' lang='lat' dir='ltr'><strong>erant</strong></span> 
     </span>
    </p>
   </div>
   <div class='ocr_carea' id='block_1_102' title="bbox 1839 3593 3496 3665">
    <p class='ocr_par' dir='ltr' id='par_1_102' title="bbox 1839 3593 3496 3665">
     <span class='ocr_line' id='line_1_102' title="bbox 1839 3593 3496 3665; baseline -0.007 -6"><span class='ocrx_word' id='word_1_699' title='bbox 1839 3603 2038 3665; x_wconf 85' lang='lat' dir='ltr'><strong>urbes,</strong></span> <span class='ocrx_word' id='word_1_700' title='bbox 2089 3600 2390 3655; x_wconf 90' lang='lat' dir='ltr'><strong>immunes</strong></span> <span class='ocrx_word' id='word_1_701' title='bbox 2430 3598 2507 3654; x_wconf 90' lang='lat' dir='ltr'><strong>ab</strong></span> <span class='ocrx_word' id='word_1_702' title='bbox 2542 3613 2613 3654; x_wconf 91' lang='lat' dir='ltr'><strong>ea</strong></span> <span class='ocrx_word' id='word_1_703' title='bbox 2642 3597 3149 3653; x_wconf 88' lang='lat' dir='ltr'><strong>contaminatione</strong></span> <span class='ocrx_word' id='word_1_704' title='bbox 3194 3599 3250 3650; x_wconf 90' lang='lat' dir='ltr'><strong>et</strong></span> <span class='ocrx_word' id='word_1_705' title='bbox 3300 3593 3496 3649; x_wconf 89' lang='lat' dir='ltr'><strong>clade-</strong></span> 
     </span>
    </p>
   </div>
   <div class='ocr_carea' id='block_1_103' title="bbox 1839 3684 3498 3759">
    <p class='ocr_par' dir='ltr' id='par_1_103' title="bbox 1839 3684 3498 3759">
     <span class='ocr_line' id='line_1_103' title="bbox 1839 3684 3498 3759; baseline -0.007 -12"><span class='ocrx_word' id='word_1_706' title='bbox 1839 3696 2027 3747; x_wconf 87' lang='lat' dir='ltr'><strong>erant.</strong></span> <span class='ocrx_word' id='word_1_707' title='bbox 2061 3693 2128 3744; x_wconf 89' lang='lat' dir='ltr'><strong>Et</strong></span> <span class='ocrx_word' id='word_1_708' title='bbox 2156 3688 2477 3759; x_wconf 90' lang='lat' dir='ltr'><strong>imperium</strong></span> <span class='ocrx_word' id='word_1_709' title='bbox 2523 3687 2654 3756; x_wconf 87' lang='lat' dir='ltr'><strong>ejus</strong></span> <span class='ocrx_word' id='word_1_710' title='bbox 2699 3684 2883 3741; x_wconf 90' lang='lat' dir='ltr'><strong>veluti</strong></span> <span class='ocrx_word' id='word_1_711' title='bbox 2914 3685 3248 3741; x_wconf 86' lang='lat' dir='ltr'><strong>tutissimus</strong></span> <span class='ocrx_word' id='word_1_712' title='bbox 3290 3687 3498 3753; x_wconf 89' lang='lat' dir='ltr'><strong>portus</strong></span> 
     </span>
    </p>
   </div>
   <div class='ocr_carea' id='block_1_104' title="bbox 1839 3772 3494 3849">
    <p class='ocr_par' dir='ltr' id='par_1_104' title="bbox 1839 3772 3494 3849">
     <span class='ocr_line' id='line_1_104' title="bbox 1839 3772 3494 3849; baseline -0.007 -14"><span class='ocrx_word' id='word_1_713' title='bbox 1839 3785 1966 3834; x_wconf 90' lang='lat' dir='ltr'><strong>erat</strong></span> <span class='ocrx_word' id='word_1_714' title='bbox 2006 3777 2239 3849; x_wconf 91' lang='lat' dir='ltr'><strong>pietatis</strong></span> <span class='ocrx_word' id='word_1_715' title='bbox 2287 3774 2636 3832; x_wconf 83' lang='lat' dir='ltr'><strong>Christianae</strong></span> <span class='ocrx_word' id='word_1_716' title='bbox 2668 3777 2769 3845; x_wconf 90' lang='lat'><strong>(3),</strong></span> <span class='ocrx_word' id='word_1_717' title='bbox 2809 3775 2871 3830; x_wconf 91' lang='lat' dir='ltr'><strong>in</strong></span> <span class='ocrx_word' id='word_1_718' title='bbox 2897 3789 3098 3845; x_wconf 89' lang='lat' dir='ltr'><strong>quem,</strong></span> <span class='ocrx_word' id='word_1_719' title='bbox 3147 3772 3494 3844; x_wconf 90' lang='lat' dir='ltr'><strong>quicunque</strong></span> 
     </span>
    </p>
   </div>
   <div class='ocr_carea' id='block_1_105' title="bbox 1839 3858 3502 3938">
    <p class='ocr_par' dir='ltr' id='par_1_105' title="bbox 1839 3858 3502 3938">
     <span class='ocr_line' id='line_1_105' title="bbox 1839 3858 3502 3938; baseline -0.006 -15"><span class='ocrx_word' id='word_1_720' title='bbox 1839 3871 2084 3938; x_wconf 90' lang='lat' dir='ltr'><strong>propter</strong></span> <span class='ocrx_word' id='word_1_721' title='bbox 2130 3865 2423 3920; x_wconf 89' lang='lat' dir='ltr'><strong>Christum</strong></span> <span class='ocrx_word' id='word_1_722' title='bbox 2477 3862 2900 3932; x_wconf 75' lang='lat' dir='ltr'><strong>afﬂigerentur,</strong></span> <span class='ocrx_word' id='word_1_723' title='bbox 2933 3861 3258 3918; x_wconf 89' lang='lat' dir='ltr'><strong>rectissime</strong></span> <span class='ocrx_word' id='word_1_724' title='bbox 3298 3858 3502 3931; x_wconf 84' lang='lat' dir='ltr'><strong>perfu-</strong></span> 
     </span>
    </p>
   </div>
   <div class='ocr_carea' id='block_1_106' title="bbox 1840 3949 3488 4028">
    <p class='ocr_par' dir='ltr' id='par_1_106' title="bbox 1840 3949 3488 4028">
     <span class='ocr_line' id='line_1_106' title="bbox 1840 3949 3488 4028; baseline -0.006 -17"><span class='ocrx_word' id='word_1_725' title='bbox 1840 3955 2100 4028; x_wconf 87' lang='lat' dir='ltr'><strong>giebant,</strong></span> <span class='ocrx_word' id='word_1_726' title='bbox 2179 3954 2384 4025; x_wconf 90' lang='lat' dir='ltr'><strong>ibique</strong></span> <span class='ocrx_word' id='word_1_727' title='bbox 2451 3953 2984 4008; x_wconf 90' lang='lat' dir='ltr'><strong>conservabantur.</strong></span> <span class='ocrx_word' id='word_1_728' title='bbox 3036 3955 3326 4007; x_wconf 91' lang='lat' dir='ltr'><strong>Constans</strong></span> <span class='ocrx_word' id='word_1_729' title='bbox 3385 3949 3488 4018; x_wconf 81' lang='grc'>(4),</span> 
     </span>
    </p>
   </div>
   <div class='ocr_carea' id='block_1_107' title="bbox 1841 4038 3493 4114">
    <p class='ocr_par' dir='ltr' id='par_1_107' title="bbox 1841 4038 3493 4114">
     <span class='ocr_line' id='line_1_107' title="bbox 1841 4038 3493 4114; baseline -0.005 -13"><span class='ocrx_word' id='word_1_730' title='bbox 1841 4044 2227 4101; x_wconf 87' lang='lat' dir='ltr'><strong>Constantino</strong></span> <span class='ocrx_word' id='word_1_731' title='bbox 2254 4043 2612 4114; x_wconf 87' lang='lat' dir='ltr'><strong>imperatore</strong></span> <span class='ocrx_word' id='word_1_732' title='bbox 2642 4041 2822 4107; x_wconf 84' lang='lat' dir='ltr'><strong>facto,</strong></span> <span class='ocrx_word' id='word_1_733' title='bbox 2860 4041 3055 4112; x_wconf 91' lang='lat' dir='ltr'><strong>primo</strong></span> <span class='ocrx_word' id='word_1_734' title='bbox 3081 4055 3242 4095; x_wconf 90' lang='lat' dir='ltr'><strong>anno</strong></span> <span class='ocrx_word' id='word_1_735' title='bbox 3273 4038 3493 4094; x_wconf 89' lang='lat' dir='ltr'><strong>ducen-</strong></span> 
     </span>
    </p>
   </div>
   <div class='ocr_carea' id='block_1_108' title="bbox 1841 4127 3492 4205">
    <p class='ocr_par' dir='ltr' id='par_1_108' title="bbox 1841 4127 3492 4205">
     <span class='ocr_line' id='line_1_108' title="bbox 1841 4127 3492 4205; baseline -0.001 -18"><span class='ocrx_word' id='word_1_736' title='bbox 1841 4134 2062 4190; x_wconf 73' lang='lat' dir='ltr'><strong>tesimm</strong></span> <span class='ocrx_word' id='word_1_737' title='bbox 2110 4133 2321 4205; x_wconf 70' lang='lat' dir='ltr'><strong>primm</strong></span> <span class='ocrx_word' id='word_1_738' title='bbox 2370 4130 2746 4204; x_wconf 89' lang='lat' dir='ltr'><strong>Olympiadis</strong></span> <span class='ocrx_word' id='word_1_739' title='bbox 2804 4129 3047 4186; x_wconf 85' lang='lat' dir='ltr'><strong>feliciter</strong></span> <span class='ocrx_word' id='word_1_740' title='bbox 3096 4127 3348 4184; x_wconf 89' lang='lat' dir='ltr'><strong>decessit</strong></span> <span class='ocrx_word' id='word_1_741' title='bbox 3391 4127 3492 4196; x_wconf 68' lang='lat'><strong>(5).</strong></span> 
     </span>
    </p>
   </div>
   <div class='ocr_carea' id='block_1_109' title="bbox 1840 4215 3494 4295">
    <p class='ocr_par' dir='ltr' id='par_1_109' title="bbox 1840 4215 3494 4295">
     <span class='ocr_line' id='line_1_109' title="bbox 1840 4215 3494 4295; baseline -0.005 -16"><span class='ocrx_word' id='word_1_742' title='bbox 1840 4223 2027 4279; x_wconf 71' lang='lat' dir='ltr'><strong>aetatis</strong></span> <span class='ocrx_word' id='word_1_743' title='bbox 2066 4221 2572 4295; x_wconf 87' lang='lat' dir='ltr'><strong>quinquagesimo</strong></span> <span class='ocrx_word' id='word_1_744' title='bbox 2620 4225 2806 4285; x_wconf 90' lang='lat' dir='ltr'><strong>sexto,</strong></span> <span class='ocrx_word' id='word_1_745' title='bbox 2858 4235 2996 4275; x_wconf 92' lang='lat' dir='ltr'><strong>cum</strong></span> <span class='ocrx_word' id='word_1_746' title='bbox 3050 4234 3244 4274; x_wconf 90' lang='lat' dir='ltr'><strong>annos</strong></span> <span class='ocrx_word' id='word_1_747' title='bbox 3286 4215 3494 4286; x_wconf 90' lang='lat' dir='ltr'><strong>viginti</strong></span> 
     </span>
    </p>
   </div>
   <div class='ocr_carea' id='block_1_110' title="bbox 1838 4308 3492 4384">
    <p class='ocr_par' dir='ltr' id='par_1_110' title="bbox 1838 4308 3492 4384">
     <span class='ocr_line' id='line_1_110' title="bbox 1838 4308 3492 4384; baseline -0.005 -15"><span class='ocrx_word' id='word_1_748' title='bbox 1838 4318 1954 4369; x_wconf 90' lang='lat' dir='ltr'><strong>tres</strong></span> <span class='ocrx_word' id='word_1_749' title='bbox 1994 4313 2367 4384; x_wconf 88' lang='lat' dir='ltr'><strong>imperasset,</strong></span> <span class='ocrx_word' id='word_1_750' title='bbox 2406 4313 2572 4367; x_wconf 88' lang='lat' dir='ltr'><strong>tanta</strong></span> <span class='ocrx_word' id='word_1_751' title='bbox 2601 4315 2756 4365; x_wconf 89' lang='lat' dir='ltr'><strong>certe</strong></span> <span class='ocrx_word' id='word_1_752' title='bbox 2792 4325 2929 4364; x_wconf 91' lang='lat' dir='ltr'><strong>cum</strong></span> <span class='ocrx_word' id='word_1_753' title='bbox 2961 4309 3172 4378; x_wconf 90' lang='lat' dir='ltr'><strong>gloria,</strong></span> <span class='ocrx_word' id='word_1_754' title='bbox 3215 4311 3280 4361; x_wconf 93' lang='lat' dir='ltr'><strong>ut</strong></span> <span class='ocrx_word' id='word_1_755' title='bbox 3309 4322 3344 4361; x_wconf 89' lang='lat' dir='ltr'><strong>a</strong></span> <span class='ocrx_word' id='word_1_756' title='bbox 3382 4308 3492 4361; x_wconf 84' lang='lat' dir='ltr'><strong>Ro-</strong></span> 
     </span>
    </p>
   </div>
   <div class='ocr_carea' id='block_1_111' title="bbox 1839 4394 3494 4474">
    <p class='ocr_par' dir='ltr' id='par_1_111' title="bbox 1839 4394 3494 4474">
     <span class='ocr_line' id='line_1_111' title="bbox 1839 4394 3494 4474; baseline -0.005 -16"><span class='ocrx_word' id='word_1_757' title='bbox 1839 4401 2035 4458; x_wconf 89' lang='lat' dir='ltr'><strong>manis</strong></span> <span class='ocrx_word' id='word_1_758' title='bbox 2072 4399 2534 4474; x_wconf 89' lang='lat' dir='ltr'><strong>quodammodo</strong></span> <span class='ocrx_word' id='word_1_759' title='bbox 2563 4398 2624 4455; x_wconf 92' lang='lat' dir='ltr'><strong>in</strong></span> <span class='ocrx_word' id='word_1_760' title='bbox 2665 4399 2916 4456; x_wconf 90' lang='lat' dir='ltr'><strong>deorum</strong></span> <span class='ocrx_word' id='word_1_761' title='bbox 2955 4412 3277 4452; x_wconf 88' lang='lat' dir='ltr'><strong>numerum</strong></span> <span class='ocrx_word' id='word_1_762' title='bbox 3317 4394 3494 4450; x_wconf 86' lang='lat' dir='ltr'><strong>refer-</strong></span> 
     </span>
    </p>
   </div>
   <div class='ocr_carea' id='block_1_112' title="bbox 1838 4483 3490 4561">
    <p class='ocr_par' dir='ltr' id='par_1_112' title="bbox 1838 4483 3490 4561">
     <span class='ocr_line' id='line_1_112' title="bbox 1838 4483 3490 4561; baseline -0.005 -13"><span class='ocrx_word' id='word_1_763' title='bbox 1838 4495 2017 4548; x_wconf 89' lang='lat' dir='ltr'><strong>retur.</strong></span> <span class='ocrx_word' id='word_1_764' title='bbox 2055 4492 2277 4547; x_wconf 88' lang='lat' dir='ltr'><strong>Natura</strong></span> <span class='ocrx_word' id='word_1_765' title='bbox 2312 4504 2578 4561; x_wconf 90' lang='lat' dir='ltr'><strong>namque</strong></span> <span class='ocrx_word' id='word_1_766' title='bbox 2637 4487 2749 4544; x_wconf 83' lang='lat' dir='ltr'><strong>fuit</strong></span> <span class='ocrx_word' id='word_1_767' title='bbox 2796 4488 3059 4544; x_wconf 85' lang='lat' dir='ltr'><strong>maxime</strong></span> <span class='ocrx_word' id='word_1_768' title='bbox 3111 4486 3228 4541; x_wconf 91' lang='lat' dir='ltr'><strong>leni</strong></span> <span class='ocrx_word' id='word_1_769' title='bbox 3269 4489 3325 4540; x_wconf 86' lang='lat' dir='ltr'><strong>et</strong></span> <span class='ocrx_word' id='word_1_770' title='bbox 3373 4483 3490 4540; x_wconf 89' lang='lat' dir='ltr'><strong>cle-</strong></span> 
     </span>
    </p>
   </div>
   <div class='ocr_carea' id='block_1_113' title="bbox 1840 4628 3492 4707">
    <p class='ocr_par' dir='ltr' id='par_1_113' title="bbox 1840 4628 3492 4707">
     <span class='ocr_line' id='line_1_113' title="bbox 1840 4628 3492 4707; baseline -0.007 -15"><span class='ocrx_word' id='word_1_771' title='bbox 1840 4635 2232 4692; x_wconf 75' lang='lat' dir='ltr'><strong>Maximianus</strong></span> <span class='ocrx_word' id='word_1_772' title='bbox 2252 4649 2364 4707; x_wconf 84' lang='lat' dir='ltr'><strong>per</strong></span> <span class='ocrx_word' id='word_1_773' title='bbox 2382 4633 2610 4707; x_wconf 87' lang='lat' dir='ltr'><strong>legatos</strong></span> <span class='ocrx_word' id='word_1_774' title='bbox 2639 4632 2907 4704; x_wconf 78' lang='lat' dir='ltr'><strong>pecuniae</strong></span> <span class='ocrx_word' id='word_1_775' title='bbox 2929 4633 2982 4687; x_wconf 93' lang='lat' dir='ltr'><strong>ei</strong></span> <span class='ocrx_word' id='word_1_776' title='bbox 3004 4629 3318 4703; x_wconf 88' lang='lat' dir='ltr'><strong>penuriam</strong></span> <span class='ocrx_word' id='word_1_777' title='bbox 3346 4628 3492 4707; x_wconf 82' lang='lat' dir='ltr'><strong>obji-</strong></span> 
     </span>
    </p>
   </div>
   <div class='ocr_carea' id='block_1_114' title="bbox 1841 4700 3496 4777">
    <p class='ocr_par' dir='ltr' id='par_1_114' title="bbox 1841 4700 3496 4777">
     <span class='ocr_line' id='line_1_114' title="bbox 1841 4700 3496 4777; baseline -0.004 -16"><span class='ocrx_word' id='word_1_778' title='bbox 1841 4713 2016 4771; x_wconf 91' lang='lat' dir='ltr'><strong>ceret,</strong></span> <span class='ocrx_word' id='word_1_779' title='bbox 2033 4707 2201 4761; x_wconf 91' lang='lat' dir='ltr'><strong>illum</strong></span> <span class='ocrx_word' id='word_1_780' title='bbox 2225 4700 2718 4777; x_wconf 49' lang='lat' dir='ltr'><strong>o&#39;pulen&#39;tissim&#39;os</strong></span> <span class='ocrx_word' id='word_1_781' title='bbox 2745 4700 3043 4777; x_wconf 81' lang='lat' dir='ltr'><strong>quosque,</strong></span> <span class='ocrx_word' id='word_1_782' title='bbox 3067 4709 3130 4757; x_wconf 90' lang='lat' dir='ltr'><strong>ut</strong></span> <span class='ocrx_word' id='word_1_783' title='bbox 3152 4719 3214 4755; x_wconf 91' lang='lat' dir='ltr'><strong>se</strong></span> <span class='ocrx_word' id='word_1_784' title='bbox 3239 4700 3496 4771; x_wconf 89' lang='lat' dir='ltr'><strong>pecunia</strong></span> 
     </span>
    </p>
   </div>
   <div class='ocr_carea' id='block_1_115' title="bbox 1841 4775 3489 4848">
    <p class='ocr_par' dir='ltr' id='par_1_115' title="bbox 1841 4775 3489 4848">
     <span class='ocr_line' id='line_1_115' title="bbox 1841 4775 3489 4848; baseline -0.005 -15"><span class='ocrx_word' id='word_1_785' title='bbox 1841 4778 1916 4834; x_wconf 90' lang='lat' dir='ltr'><strong>ad</strong></span> <span class='ocrx_word' id='word_1_786' title='bbox 1931 4775 2297 4832; x_wconf 78' lang='lat' dir='ltr'><strong>necessarios</strong></span> <span class='ocrx_word' id='word_1_787' title='bbox 2313 4793 2459 4832; x_wconf 91' lang='lat' dir='ltr'><strong>usus</strong></span> <span class='ocrx_word' id='word_1_788' title='bbox 2474 4775 2787 4848; x_wconf 68' lang='lat' dir='ltr'><strong>praebenda</strong></span> <span class='ocrx_word' id='word_1_789' title='bbox 2801 4775 2893 4846; x_wconf 90' lang='lat' dir='ltr'><strong>adj</strong></span> <span class='ocrx_word' id='word_1_790' title='bbox 2906 4775 3489 4848; x_wconf 79' lang='lat' dir='ltr'><strong>uvarent,evocassez_</strong></span> 
     </span>
    </p>
   </div>
   <div class='ocr_carea' id='block_1_116' title="bbox 1839 4842 3495 4915">
    <p class='ocr_par' dir='ltr' id='par_1_116' title="bbox 1839 4842 3495 4915">
     <span class='ocr_line' id='line_1_116' title="bbox 1839 4842 3495 4915; baseline -0.005 -11"><span class='ocrx_word' id='word_1_791' title='bbox 1839 4849 1902 4904; x_wconf 89' lang='lat' dir='ltr'><strong>hi</strong></span> <span class='ocrx_word' id='word_1_792' title='bbox 1935 4864 2075 4904; x_wconf 91' lang='lat' dir='ltr'><strong>vero</strong></span> <span class='ocrx_word' id='word_1_793' title='bbox 2101 4864 2324 4915; x_wconf 87' lang='lat' dir='ltr'><strong>magna</strong></span> <span class='ocrx_word' id='word_1_794' title='bbox 2345 4842 2528 4902; x_wconf 84' lang='lat' dir='ltr'><strong>animi</strong></span> <span class='ocrx_word' id='word_1_795' title='bbox 2547 4848 2850 4902; x_wconf 83' lang='lat' dir='ltr'><strong>alacritate</strong></span> <span class='ocrx_word' id='word_1_796' title='bbox 2874 4842 3178 4915; x_wconf 87' lang='lat' dir='ltr'><strong>ingentem</strong></span> <span class='ocrx_word' id='word_1_797' title='bbox 3208 4845 3323 4915; x_wconf 87' lang='lat' dir='ltr'><strong>vim</strong></span> <span class='ocrx_word' id='word_1_798' title='bbox 3363 4842 3495 4915; x_wconf 84' lang='lat' dir='ltr'><strong>auri</strong></span> 
     </span>
    </p>
   </div>
   <div class='ocr_carea' id='block_1_117' title="bbox 1841 4913 3490 4990">
    <p class='ocr_par' dir='ltr' id='par_1_117' title="bbox 1841 4913 3490 4990">
     <span class='ocr_line' id='line_1_117' title="bbox 1841 4913 3490 4990; baseline -0.005 -14"><span class='ocrx_word' id='word_1_799' title='bbox 1841 4927 1897 4976; x_wconf 92' lang='lat' dir='ltr'><strong>et</strong></span> <span class='ocrx_word' id='word_1_800' title='bbox 1921 4921 2170 4989; x_wconf 90' lang='lat' dir='ltr'><strong>argenti,</strong></span> <span class='ocrx_word' id='word_1_801' title='bbox 2199 4913 2272 4974; x_wconf 79' lang='lat' dir='ltr'><strong>de</strong></span> <span class='ocrx_word' id='word_1_802' title='bbox 2301 4920 2617 4990; x_wconf 85' lang='lat' dir='ltr'><strong>occasione</strong></span> <span class='ocrx_word' id='word_1_803' title='bbox 2652 4918 2913 4990; x_wconf 83' lang='lat' dir='ltr'><strong>principi</strong></span> <span class='ocrx_word' id='word_1_804' title='bbox 2940 4913 3052 4990; x_wconf 84' lang='lat' dir='ltr'><strong>suo</strong></span> <span class='ocrx_word' id='word_1_805' title='bbox 3075 4913 3490 4990; x_wconf 76' lang='lat' dir='ltr'><strong>gratificandi,</strong></span> 
     </span>
    </p>
   </div>
   <div class='ocr_carea' id='block_1_118' title="bbox 1841 4985 3491 5062">
    <p class='ocr_par' dir='ltr' id='par_1_118' title="bbox 1841 4985 3491 5062">
     <span class='ocr_line' id='line_1_118' title="bbox 1841 4985 3491 5062; baseline -0.005 -15"><span class='ocrx_word' id='word_1_806' title='bbox 1841 4992 1954 5048; x_wconf 90' lang='lat' dir='ltr'><strong>sibi</strong></span> <span class='ocrx_word' id='word_1_807' title='bbox 1985 4985 2370 5062; x_wconf 77' lang='lat' dir='ltr'><strong>gratulantes,</strong></span> <span class='ocrx_word' id='word_1_808' title='bbox 2401 4990 2490 5062; x_wconf 91' lang='lat' dir='ltr'><strong>_ad</strong></span> <span class='ocrx_word' id='word_1_809' title='bbox 2515 4985 2683 5062; x_wconf 67' lang='lat' dir='ltr'><strong>illurn</strong></span> <span class='ocrx_word' id='word_1_810' title='bbox 2709 4990 2794 5043; x_wconf 91' lang='lat' dir='ltr'><strong>eis</strong></span> <span class='ocrx_word' id='word_1_811' title='bbox 2814 4985 2918 5062; x_wconf 83' lang='lat' dir='ltr'><strong>qui</strong></span> <span class='ocrx_word' id='word_1_812' title='bbox 2949 4988 3087 5042; x_wconf 88' lang='lat' dir='ltr'><strong>dicti</strong></span> <span class='ocrx_word' id='word_1_813' title='bbox 3117 4985 3491 5062; x_wconf 74' lang='lat' dir='ltr'><strong>suntlegatis</strong></span> 
     </span>
    </p>
   </div>
   <div class='ocr_carea' id='block_1_119' title="bbox 1839 5057 3492 5135">
    <p class='ocr_par' dir='ltr' id='par_1_119' title="bbox 1839 5057 3492 5135">
     <span class='ocr_line' id='line_1_119' title="bbox 1839 5057 3492 5135; baseline -0.005 -18"><span class='ocrx_word' id='word_1_814' title='bbox 1839 5057 2237 5135; x_wconf 59' lang='lat' dir='ltr'><strong>pries&#39;entibus</strong></span> <span class='ocrx_word' id='word_1_815' title='bbox 2273 5060 2612 5135; x_wconf 82' lang='lat' dir='ltr'><strong>attulerunt.</strong></span> <span class='ocrx_word' id='word_1_816' title='bbox 2645 5061 2792 5135; x_wconf 79' lang='lat' dir='ltr'><strong>Tum</strong></span> <span class='ocrx_word' id='word_1_817' title='bbox 2819 5057 3109 5135; x_wconf 78' lang='lat' dir='ltr'><strong>Constans</strong></span> <span class='ocrx_word' id='word_1_818' title='bbox 3149 5057 3227 5112; x_wconf 88' lang='lat' dir='ltr'><strong>ad</strong></span> <span class='ocrx_word' id='word_1_819' title='bbox 3262 5057 3492 5135; x_wconf 81' lang='lat' dir='ltr'><strong>legatos</strong></span> 
     </span>
    </p>
   </div>
   <div class='ocr_carea' id='block_1_120' title="bbox 1841 5130 3493 5201">
    <p class='ocr_par' dir='ltr' id='par_1_120' title="bbox 1841 5130 3493 5201">
     <span class='ocr_line' id='line_1_120' title="bbox 1841 5130 3493 5201; baseline -0.005 -11"><span class='ocrx_word' id='word_1_820' title='bbox 1841 5130 2185 5201; x_wconf 77' lang='lat' dir='ltr'><strong>conversus,</strong></span> <span class='ocrx_word' id='word_1_821' title='bbox 2219 5148 2380 5188; x_wconf 91' lang='lat' dir='ltr'><strong>nunc</strong></span> <span class='ocrx_word' id='word_1_822' title='bbox 2410 5132 2649 5186; x_wconf 91' lang='lat' dir='ltr'><strong>demum</strong></span> <span class='ocrx_word' id='word_1_823' title='bbox 2686 5130 2794 5185; x_wconf 89' lang='lat' dir='ltr'><strong>sibi</strong></span> <span class='ocrx_word' id='word_1_824' title='bbox 2826 5130 2972 5185; x_wconf 86' lang='lat' dir='ltr'><strong>dixit</strong></span> <span class='ocrx_word' id='word_1_825' title='bbox 3002 5132 3493 5201; x_wconf 64' lang='lat' dir='ltr'><strong>reprtesentatum</strong></span> 
     </span>
    </p>
   </div>
   <div class='ocr_carea' id='block_1_121' title="bbox 1839 5201 3495 5276">
    <p class='ocr_par' dir='ltr' id='par_1_121' title="bbox 1839 5201 3495 5276">
     <span class='ocr_line' id='line_1_121' title="bbox 1839 5201 3495 5276; baseline -0.007 -15"><span class='ocrx_word' id='word_1_826' title='bbox 1839 5206 2189 5261; x_wconf 86' lang='lat' dir='ltr'><strong>thesaurum</strong></span> <span class='ocrx_word' id='word_1_827' title='bbox 2217 5220 2366 5276; x_wconf 86' lang='lat' dir='ltr'><strong>esse,</strong></span> <span class='ocrx_word' id='word_1_828' title='bbox 2384 5204 2485 5276; x_wconf 91' lang='lat' dir='ltr'><strong>qui</strong></span> <span class='ocrx_word' id='word_1_829' title='bbox 2511 5202 2739 5276; x_wconf 86' lang='lat' dir='ltr'><strong>dudum</strong></span> <span class='ocrx_word' id='word_1_830' title='bbox 2760 5202 2922 5276; x_wconf 84' lang='lat' dir='ltr'><strong>apud</strong></span> <span class='ocrx_word' id='word_1_831' title='bbox 2950 5201 3106 5276; x_wconf 85' lang='lat' dir='ltr'><strong>cives</strong></span> <span class='ocrx_word' id='word_1_832' title='bbox 3131 5216 3271 5254; x_wconf 89' lang='lat' dir='ltr'><strong>suos</strong></span> <span class='ocrx_word' id='word_1_833' title='bbox 3299 5214 3495 5276; x_wconf 79' lang='lat' dir='ltr'><strong>serva-</strong></span> 
     </span>
    </p>
   </div>
   <div class='ocr_carea' id='block_1_122' title="bbox 1839 5270 3488 5343">
    <p class='ocr_par' dir='ltr' id='par_1_122' title="bbox 1839 5270 3488 5343">
     <span class='ocr_line' id='line_1_122' title="bbox 1839 5270 3488 5343; baseline -0.007 -11"><span class='ocrx_word' id='word_1_834' title='bbox 1839 5284 1933 5332; x_wconf 89' lang='lat' dir='ltr'><strong>tus</strong></span> <span class='ocrx_word' id='word_1_835' title='bbox 1977 5277 2224 5332; x_wconf 82' lang='lat' dir='ltr'><strong>fuisset:</strong></span> <span class='ocrx_word' id='word_1_836' title='bbox 2268 5270 2440 5343; x_wconf 75' lang='lat' dir='ltr'><strong>legati</strong></span> <span class='ocrx_word' id='word_1_837' title='bbox 2485 5270 2824 5328; x_wconf 85' lang='lat' dir='ltr'><strong>renuntiare</strong></span> <span class='ocrx_word' id='word_1_838' title='bbox 2854 5273 2969 5326; x_wconf 83' lang='lat' dir='ltr'><strong>hoc</strong></span> <span class='ocrx_word' id='word_1_839' title='bbox 3009 5270 3488 5343; x_wconf 9' lang='lat' dir='ltr'><strong>Augustogjussi,</strong></span> 
     </span>
    </p>
   </div>
   <div class='ocr_carea' id='block_1_123' title="bbox 1839 5341 3490 5404">
    <p class='ocr_par' dir='ltr' id='par_1_123' title="bbox 1839 5341 3490 5404">
     <span class='ocr_line' id='line_1_123' title="bbox 1839 5341 3490 5404; baseline -0.005 -2"><span class='ocrx_word' id='word_1_840' title='bbox 1839 5365 1977 5402; x_wconf 91' lang='lat' dir='ltr'><strong>cum</strong></span> <span class='ocrx_word' id='word_1_841' title='bbox 2005 5341 2398 5404; x_wconf 77' lang='lat' dir='ltr'><strong>admiratione</strong></span> <span class='ocrx_word' id='word_1_842' title='bbox 2429 5346 2771 5399; x_wconf 84' lang='lat' dir='ltr'><strong>discessere.</strong></span> <span class='ocrx_word' id='word_1_843' title='bbox 2819 5347 2880 5398; x_wconf 86' lang='lat' dir='ltr'><strong>Et</strong></span> <span class='ocrx_word' id='word_1_844' title='bbox 2921 5348 3215 5398; x_wconf 87' lang='lat' dir='ltr'><strong>Constans</strong></span> <span class='ocrx_word' id='word_1_845' title='bbox 3261 5341 3490 5394; x_wconf 87' lang='lat' dir='ltr'><strong>civibus</strong></span> 
     </span>
    </p>
   </div>
   <div class='ocr_carea' id='block_1_124' title="bbox 1838 5415 3024 5490">
    <p class='ocr_par' dir='ltr' id='par_1_124' title="bbox 1838 5415 3024 5490">
     <span class='ocr_line' id='line_1_124' title="bbox 1838 5415 3024 5490; baseline -0.003 -18"><span class='ocrx_word' id='word_1_846' title='bbox 1838 5420 1960 5474; x_wconf 85' lang='lat' dir='ltr'><strong>suis</strong></span> <span class='ocrx_word' id='word_1_847' title='bbox 1992 5419 2306 5490; x_wconf 84' lang='lat' dir='ltr'><strong>pecuniam</strong></span> <span class='ocrx_word' id='word_1_848' title='bbox 2331 5433 2464 5472; x_wconf 86' lang='lat' dir='ltr'><strong>eam</strong></span> <span class='ocrx_word' id='word_1_849' title='bbox 2487 5431 2729 5490; x_wconf 87' lang='lat' dir='ltr'><strong>omnem</strong></span> <span class='ocrx_word' id='word_1_850' title='bbox 2757 5415 3024 5490; x_wconf 78' lang='lat' dir='ltr'><strong>restituit.</strong></span> 
     </span>
    </p>
   </div>
   <div class='ocr_carea' id='block_1_125' title="bbox 1908 5480 3486 5564">
    <p class='ocr_par' dir='ltr' id='par_1_125' title="bbox 1908 5480 3486 5564">
     <span class='ocr_line' id='line_1_125' title="bbox 1908 5480 3486 5564; baseline -0.006 -18"><span class='ocrx_word' id='word_1_851' title='bbox 1908 5480 2197 5564; x_wconf 43' lang='lat' dir='ltr'><strong>(5)‘Apud</strong></span> <span class='ocrx_word' id='word_1_852' title='bbox 2237 5489 2384 5546; x_wconf 89' lang='lat' dir='ltr'><strong>alios</strong></span> <span class='ocrx_word' id='word_1_853' title='bbox 2423 5487 2714 5560; x_wconf 81' lang='lat' dir='ltr'><strong>reperitur</strong></span> <span class='ocrx_word' id='word_1_854' title='bbox 2761 5485 3064 5560; x_wconf 84' lang='lat' dir='ltr'><strong>Olympias</strong></span> <span class='ocrx_word' id='word_1_855' title='bbox 3119 5488 3244 5548; x_wconf 85' lang='grc'>272,</span> <span class='ocrx_word' id='word_1_856' title='bbox 3279 5486 3336 5538; x_wconf 93' lang='lat' dir='ltr'><strong>et</strong></span> <span class='ocrx_word' id='word_1_857' title='bbox 3373 5480 3486 5536; x_wconf 91' lang='lat' dir='ltr'><strong>hoc</strong></span> 
     </span>
    </p>
   </div>
   <div class='ocr_carea' id='block_1_126' title="bbox 1834 5563 2072 5617">
    <p class='ocr_par' dir='ltr' id='par_1_126' title="bbox 1834 5563 2072 5617">
     <span class='ocr_line' id='line_1_126' title="bbox 1834 5563 2072 5617; baseline 0 -1"><span class='ocrx_word' id='word_1_858' title='bbox 1834 5563 2072 5617; x_wconf 90' lang='lat' dir='ltr'><strong>rectius.</strong></span> 
     </span>
    </p>
   </div>
  </div>
