4020 6218
563 233 706 296 1247

1872 237 2263 299 NICEPHORI
2304 237 2626 297 GALLISTI
3753 238 3840 297 im

562 364 772 434 menti,
802 378 914 421 nec
953 377 1227 438 unquam
1263 362 1602 438 quidquam
1653 369 1864 426 contra
1901 384 2014 426 nos
2043 367 2166 438 egit
2199 383 2213 423 :

2329 367 2525 422 εὐσεϐεῖ
2564 371 2737 422 παικὶ·
2795 369 3022 440 σώφρονι
3076 365 3168 418 καὶ
3234 360 3590 436 εὐσεϐεστάτῳ
3625 363 3838 424 τετελευτη-

562 455 687 511 imo
735 470 844 510 nos
875 454 971 510 ille
1007 468 1248 525 semper
1297 453 1444 510 fovit
1490 461 1549 512 et
1579 459 1858 525 servavit,
1911 457 2086 514 sicuti
2129 461 2218 514 est

562 545 811 600 dictum.
848 545 1223 616 Quapropter
1265 543 1516 614 dignam
1562 547 1738 603 etiam
1801 547 1903 604 tali
1960 547 2076 604 vita
2126 552 2218 604 est

559 638 918 690 consecutus
957 637 1232 698 mortem,
1279 639 1400 690 tam
1451 635 1763 693 moderato
1821 642 1878 694 et
1937 635 2038 709 pio
2093 636 2215 692 ﬁlio

561 736 908 778 successore
941 726 997 776 et
1033 721 1329 778 imitatore
1367 723 1818 782 absolutissima
1858 725 1972 782 sibi
2000 726 2214 782 consti-

2322 463 2424 520 κὼς
2452 475 2464 488 ⁸
2539 459 2593 510 ὃν
2649 463 2738 510 καὶ
2797 456 3034 518 ζηλωτὴν
3087 454 3248 506 αὐτοῦ
3299 454 3542 506 κατέλιπε
3603 453 3842 508 τελεώτατον,

2322 553 2553 600 Τοιαῦτα
2595 550 2687 619 μὲν
2741 548 2808 598 τὰ
2861 547 2997 598 κατὰ
3049 550 3456 608 Κωνσταντῖνον,
3521 546 3614 594 καὶ
3665 544 3848 606 vitam

2325 634 2588 709 βασίλειον
2645 635 2701 688 ἐκ
2743 639 2870 688 Θεοῦ
2927 633 3226 694 ἁνεςὼσατο
3268 635 3458 708 κράτος
3489 635 3582 694 ὡς.
3615 639 3710 692 τοῖς
3747 637 3858 685 ista

2325 744 2430 800 παρ
2439 731 2590 796 ιστᾷν
2620 728 2828 797 ἔχομεν.

561 815 709 877 tuto,
747 809 1084 865 defunctus.
1119 813 1251 866 Haec
1290 811 1366 868 de
1418 813 1824 879 Constantino,
1863 815 1971 886 qui
2009 815 2092 871 ita
2133 814 2318 871 divini
2367 815 2639 870 Numinis
2689 812 3068 885 providentia
3119 811 3197 866 ad
3243 809 3692 882 imperatoriam
3735 811 3857 866 subli-

561 899 830 956 mitatem
851 903 938 954 est
960 905 1199 956 evectus
1231 901 1332 972 (t),
1359 901 1502 958 satis
1531 902 1667 958 sint.
1689 903 1843 959 Nam
1873 901 1988 959 hac
2019 903 2093 958 de
2131 917 2194 959 re
2225 902 2512 974 deinceps
2539 917 2786 975 quoque
2811 901 3109 957 dicemus.

1207 1027 1432 1081 CAPUT
1475 1027 1582 1082 ΧΧ.

501 1105 506 1110 ’
558 1114 646 1170 De
677 1115 1032 1171 Diocletiano
1062 1123 1110 1171 et
1141 1115 1535 1179 Maximiano,
1567 1121 1629 1170 ut
1672 1117 1922 1187 imperio
1952 1118 2217 1184 deposito

644 1188 1001 1252 interierint,
1030 1193 1084 1243 et
1113 1187 1218 1256 qui
1241 1201 1442 1242 eorum
1471 1189 1704 1256 fuerint
1732 1205 2115 1245 successores.

627 1349 754 1402 Non
809 1347 1062 1403 multum
1113 1347 1442 1402 intercessit
1505 1347 1818 1416 temporis,
1877 1354 1941 1404 et
1996 1348 2216 1404 Diocle-

555 1436 752 1493 tianus
781 1437 860 1508 ('2)
901 1451 1020 1492 una
1045 1453 1184 1491 cum
1216 1435 1449 1507 imperii
1499 1437 1588 1491 sui
1639 1443 1914 1494 consorte
1947 1439 2213 1494 Herculio

552 1525 914 1582 Maximiano
929 1541 1000 1580 ex
1027 1526 1349 1582 constituto
1364 1525 1597 1582 Salonae
1610 1542 1972 1585 convenere:
2009 1526 2212 1599 ibique

2957 1031 3198 1080 ΚΕΦΛΛ.
3235 1027 3312 1080 κ’.

2329 1121 2482 1188 Περὶ
2523 1115 2992 1188 Διοκλητιανοῡ
3037 1121 3151 1188 ααὶ
3189 1113 3631 1188 Μαξιμιανοῦς
3676 1117 3752 1188 Δὡς
3799 1121 3874 1170 τίςτ

2399 1181 2735 1260 βασίλειον
2775 1187 2988 1260 ἀρχὴν
3027 1181 3420 1260 ἀποθέμενοι
3451 1181 3872 1256 διεφθάρησαν

2395 1254 2504 1311 Stati.
2543 1279 2710 1320 τινες
2747 1254 3116 1320 οἴτούτους
3154 1254 3642 1328 διαδεξάμενοι.

2395 1348 2471 1400 Οὔ
2509 1350 2610 1420 γὰρ
2643 1347 2772 1400 πολὺ
2819 1351 2878 1399 τὸ
2927 1349 2974 1400 ἑν
3013 1352 3156 1418 μέσῳ
3207 1345 3522 1421 διερῥυηκός
3575 1351 3664 1396 τοῦ
3711 1349 3880 1416 χρόνω.

2322 1439 2414 1490 καὶ
2472 1437 2838 1498 Διοκλητιανὸς
2898 1440 3106 1506 σύναμα
3170 1443 3241 1506 τῷ
3295 1441 3387 1493 τὴν
3447 1439 3624 1492 κοινὴν
3699 1429 3880 1484 συνδιοι-

2320 1533 2500 1578 κοῦντι
2551 1523 2748 1598 ἀρχὴν,
2809 1534 2880 1596 τῷ
2927 1524 3234 1597 Ἑρκουλλίῳ
3294 1529 3428 1596 φημὶ
3457 1522 3800 1593 -Μαξιμεανῷ,
3849 1524 3884 1572 'n

549 1613 703 1669 inter
741 1629 804 1668 se
843 1615 1225 1680 constituere,
1268 1619 1332 1670 ut
1373 1613 1470 1669 die
1517 1631 1637 1670 uno
1691 1616 1876 1671 ambo
1913 1615 2210 1686 imperiali

2329 1619 2602 1685 συμφώνου
2651 1614 2700 1666 ἐν
2755 1613 2952 1668 Σάλωνι
3019 1621 3114 1674 τῆς
3181 1613 3478 1684 Δαλματίας
3531 1615 3804 1682 γενόμονοι,
3851 1607 3882 1658 ei

551 1708 844 1775 potestate
875 1703 1170 1774 deposita,
1203 1704 1572 1775 privatorum
1607 1710 1832 1760 vestem
1855 1711 2162 1760 sumerent
2195 1725 2208 1758 :

552 1797 620 1846 ut
669 1792 914 1864 quidem
956 1791 1244 1847 Eusebius
1275 1791 1631 1848 Palaestinus
1662 1795 1765 1857 ait,
1797 1795 1965 1864 quod
2010 1797 2210 1849 mente

551 1881 710 1952 capti
765 1881 1038 1953 desipere
1077 1881 1409 1952 cmperint:
1461 1881 1633 1953 467
1693 1885 1761 1936 ut
1799 1882 2014 1954 reliqui
2070 1897 2213 1938 vero

552 1970 874 2041 scriptores
943 1969 1226 2034 referunt,
1293 1970 1456 2042 quod
1524 1969 1868 2026 Graecorum
1947 1971 2215 2042 philoso-

549 2057 812 2130 phorum
831 2059 1012 2114 vitam
1028 2059 1139 2114 sibi
1158 2057 1501 2128 degendam
1523 2057 1792 2130 legerint.
1809 2061 1954 2114 Cum
1989 2059 2214 2116 etenim

551 2148 692 2202 satis
731 2147 836 2202 diu
887 2147 1140 2218 imperio
1185 2146 1446 2218 gerendo
1487 2162 1726 2203 summa
1765 2151 2056 2219 potestate
2097 2148 2211 2222 usi,

551 2243 607 2292 et
651 2236 877 2292 deliciis
931 2235 1325 2302 aﬂluxissent,
1357 2242 1414 2292 et
1466 2235 1720 2306 gloriam
1765 2252 2056 2308 magnam
2097 2233 2213 2294 sibi

552 2340 938 2397 comparasse
995 2325 1106 2380 visi
1159 2331 1374 2393 essent,
1425 2339 1679 2395 generos
1710 2325 1891 2381 etiam
1951 2341 2095 2381 suos
2151 2325 2212 2382 in

551 2414 750 2470 locum
783 2430 961 2469 suum
996 2419 1432 2482 surrogassent,
1465 2413 1544 2470 ad
1564 2413 2118 2485 philosophandum
2150 2431 2212 2470 se

552 2502 738 2558 etiam
782 2519 889 2574 per
927 2503 1311 2558 excellentem
1336 2508 1394 2558 et
1445 2502 1773 2574 superbam
1811 2501 2212 2559 ambitionem

550 2593 932 2648 contulerunt
960 2609 973 2647 :
1007 2597 1068 2648 ut
1093 2591 1334 2656 scilicet,
1361 2591 1522 2664 quod
1549 2605 1614 2646 se
1635 2589 1850 2662 imperi
1863 2608 1957 2647 .im
1983 2592 2212 2662 optime

553 2679 1006 2736 administrasse
1037 2679 1465 2745 existimarent,
1497 2695 1570 2736 ex
1608 2677 2026 2751 philosophica
2063 2695 2218 2751 quo-

553 2785 672 2840 que
700 2769 820 2825 vita
841 2769 1094 2839 gloriam
1119 2768 1384 2841 aliquam
1407 2769 1570 2840 apud
1593 2773 1866 2840 posteros
1890 2783 2216 2840 conseque-

548 2865 773 2914 rentur.
813 2865 1004 2930 Atque
1047 2856 1350 2913 Herculius
1387 2857 1633 2929 quidem
1675 2856 1816 2913 i'une
1855 2856 2212 2926 suﬂocatus,

549 2947 734 3004 vitam
761 2947 934 3004 finiit.
961 2946 1358 3003 Diocletianus
1383 2963 1524 3002 cum
1554 2947 1632 3002 ad
1658 2951 1990 3002 extremam
2027 2961 2217 3018 prope

551 3037 920 3108 pervenisset
941 3041 1242 3092 senectam
1271 3037 1370 3106 (3),
1397 3036 1608 3092 misere
1632 3051 1877 3107 quoque
1905 3035 2079 3106 periit
2111 3035 2217 3107 (4),

553 3124 838 3181 Gallerius
858 3125 1209 3181 Maximinus
1229 3131 1430 3180 autem
1453 3123 1671 3180 divinis
1691 3123 1986 3196 expetitus
2005 3123 2218 3196 plagis,

557 3218 680 3270 toto
703 3213 964 3284 primum
991 3229 1240 3284 corpore
1263 3219 1558 3268 tumorem
1583 3212 1888 3283 ingentem
1911 3213 2217 3285 concepit:

553 3318 677 3374 quo
717 3302 933 3358 deinde
973 3301 1136 3358 varie
1175 3302 1472 3373 disrupta,
1505 3301 1662 3358 lente
1698 3300 1780 3357 ita
1819 3301 2133 3367 emarcuit,
2159 3306 2223 3357 ut

551 3391 910 3462 blasphema
939 3393 1068 3462 ejus
1107 3396 1163 3446 et
1199 3391 1388 3462 impia
1419 3390 1646 3460 lingua,
1675 3405 1812 3462 qua:
1843 3389 2218 3462 iniquitatem

549 3480 611 3536 in
647 3481 834 3536 altum
874 3485 1244 3546 evomuerat,
1285 3479 1441 3536 intra
1479 3479 1680 3536 fauces
1711 3477 1877 3550 ipsas
1923 3480 2221 3536 vermium

549 3571 670 3625 vim
705 3569 1012 3642 proferret,
1045 3570 1148 3642 qui
1173 3585 1245 3626 ex
1276 3585 1378 3626 ore
1409 3567 1568 3624 illius
1597 3573 1984 3640 prorepentes
2014 3569 2222 3624 foetore

551 3660 820 3732 pessimo
874 3659 1073 3715 locum
1130 3657 1517 3716 habitationis
1575 3673 1818 3714 omnem
1885 3657 2221 3730 replebant.

555 3752 857 3805 Postremo
875 3757 1097 3812 autem,
1117 3763 1284 3804 more
1299 3748 1465 3804 canis
1480 3763 1668 3820 quam
1687 3746 1948 3803 maxime
1973 3747 2220 3822 latrans,

554 3837 902 3893 sceleratam
935 3842 990 3892 et
1016 3837 1306 3892 nefariam
1335 3853 1473 3892 cum
1503 3835 1770 3908 quadam
1803 3835 2084 3893 violentia
2125 3851 2224 3892 ex-

552 3925 780 3983 halavit
841 3928 1109 3982 animam
1172 3926 1273 3998 (5).
1333 3925 1601 3982 Gelasius
1659 3941 1859 3997 porro,
1938 3926 2222 3982 Caesarea:

553 4016 992 4086 Cappadocum
1044 4016 1384 4086 episcopus,
1429 4013 1635 4070 litteris
1687 4013 1996 4070 memorite
2047 4030 2223 4070 man-

557 4104 742 4169 davit,
793 4119 898 4160 eos
966 4105 1220 4176 imperio
1283 4103 1556 4175 deposito
1627 4109 1836 4174 postea
1909 4103 2222 4176 poenitenti

555 4191 790 4262 ductos,
843 4194 904 4248 id
952 4208 1299 4264 recuperare
1345 4191 1628 4258 voluisse,
1675 4191 1781 4247 sed
1829 4197 2225 4249 senatuscon-

552 4281 710 4338 sulto
751 4289 995 4338 necatos
1035 4297 1187 4337 esse.
1229 4283 1376 4338 Sunt
1409 4281 1514 4353 qui
1552 4281 1776 4346 dicunt,
1820 4296 1929 4352 par
1962 4281 2223 4338 furorem

553 4377 612 4426 et
642 4371 940 4426 insaniam
971 4371 1257 4427 adversus
1291 4370 1587 4426 Christum
1621 4385 1723 4424 eos
1761 4369 2081 4441 imperium
2116 4371 2226 4426 ab-

547 4460 768 4532 jecisse
802 4475 816 4514 :
850 4460 1013 4532 quod
1047 4464 1288 4530 propter
1325 4458 1523 4514 viriles
1561 4458 1855 4514 nobilium
1887 4463 1942 4513 et
1981 4473 2228 4526 genero-

555 4565 758 4604 sorum
805 4553 1138 4620 martyrum
1172 4555 1227 4602 et
1255 4553 1597 4603 constantes
1630 4548 1889 4612 animos,
1933 4546 2092 4604 illius
2124 4563 2226 4604 no-

559 4653 694 4694 men
736 4639 1060 4710 exstirpare
1100 4643 1156 4692 et
1193 4635 1396 4692 tollere
1432 4652 1552 4691 non
1595 4635 1947 4707 potuissent.
2011 4639 2224 4692 Verum

557 4728 862 4783 enimvero
905 4727 1018 4782 illis
1054 4727 1130 4782 ad
1161 4743 1300 4782 eum
1333 4726 1582 4782 modum
1623 4725 1946 4790 exstinctis,
1979 4730 2034 4782 et
2071 4725 2226 4782 Con-

558 4823 748 4872 stante
791 4815 1162 4872 Constantini
1203 4821 1369 4888 patre
1411 4815 1472 4870 in
1515 4815 1768 4870 Domino
1813 4813 2116 4879 defuncto,
2167 4817 2228 4870 in

557 4905 952 4962 Orientalibus
995 4905 1266 4977 partibus
1307 4903 1665 4959 Nicomedim
1714 4901 2001 4958 Gallerius
2047 4903 2227 4960 Maxi-

636 5013 718 5083 (I)
747 5032 776 5065 ‹‹
803 5012 987 5078 Eroci,
1011 5011 1484 5067 Alamannorum
1505 5009 1684 5079 regis,
1710 5011 2011 5082 praecipue
2033 5025 2146 5081 ope
2176 5019 2230 5070 et

557 5101 742 5156 opera
773 5083 1195 5156 Constantinus
1229 5083 1846 5156 imperiumiarripuit.
1881 5103 1911 5156 η
1939 5083 2233 5156 (Eutrop.)

629 5157 707 5226 ('2)
752 5178 780 5204 ‹‹
823 5155 1222 5211 Diocletianus
1264 5153 1644 5226 Nicomediae,
1679 5153 2074 5209 Maximianus
2115 5153 2234 5209 Me-

556 5225 790 5283 dictaui
825 5243 1157 5298 purpuram
1189 5227 1403 5282 eodem
1435 5225 1530 5280 die
1551 5241 1840 5298 posuere.

631 5301 710 5370 (3)
765 5319 792 5350 «
826 5295 1241 5370 Diocletianus
1301 5303 1460 5370 post_
1492 5295 1991 5370 triumphumude
2041 5295 2231 5370 P_ersis

559 5366 789 5433 actum,
823 5370 1061 5426 adorari
1093 5366 1398 5424 voluit—Et
1437 5366 1690 5423 fratrem
1712 5385 1774 5422 se
1806 5366 1950 5423 solis
1990 5374 2045 5422 et
2077 5367 2234 5422 lunae

567 5443 795 5514 vocari,
835 5443 1142 5514 pedesque
1191 5439 1305 5496 sibi
1355 5438 1633 5514 osculari,
1685 5454 1834 5514 auro
1881 5443 1940 5494 et
1979 5438 2236 5510 gemmis

566 5509 979 5570 calceamenta
1017 5509 1344 5580 exornans,
1371 5511 1676 5584 praecepit.
1707 5530 1736 5563 »
1771 5509 2049 5582 (Pompl).

2320 1703 2490 1775 ἡμέρᾳ
2543 1709 2640 1775 μιᾷ
2689 1703 2778 1755 καὶ
2819 1705 2974 1775 ἄμφω
3031 1707 3124 1761 τὴν
3175 1703 3350 1776 ἀρχὴν
3407 1700 3732 1772 ἀποθέμενοι,
3779 1695 3888 1750 ἰδιω-

2319 1797 2472 1850 τικὴν
2515 1790 2716 1850 ἐσθῆτα
2770 1791 3163 1865 περιεϐάλλοντο
3197 1809 3208 1822 ’
3252 1795 3320 1851 ὡς
3371 1794 3462 1862 μὲν
3514 1791 3542 1841 ὁ
3597 1789 3889 1844 Παλαιστινός

2321 1899 2478 1952 φησιν
2532 1880 2800 1947 Εὐσέϐιος,
2849 1884 2954 1934 ἐκεῖ
3015 1885 3170 1932 νόσου
3227 1879 3612 1949 ἐπισκηψέσης
3671 1896 3894 1948 augustis-

2319 1973 2589 2034 νήσαντες,
2677 1974 2766 2021 καὶ
2837 1976 2926 2021 τοῦ
2991 1973 3345 2042 προσέχοντος
3427 1966 3694 2036 λογισμοῦ
3757 1967 3894 2034 ἔκτρε-

2319 2060 2518 2124 πέντες,
2573 2060 2642 2120 ὡς
2699 2055 2750 2110 δ’
2799 2058 2982 2132 ἕτεροι,
3041 2066 3140 2109 τῶν
3189 2057 3310 2130 παρ’
3363 2055 3584 2112 Ἕλλησι
3655 2053 3896 2125 φιλοσόφων
3981 2111 3983 2122 Ι

2319 2149 2410 2198 τὸν
2494 2144 2612 2218 βίον
2687 2146 2996 2209 εζηλωκοτες
3025 2165 3038 2178 ·
3099 2144 3205 2198 ἐπεί
3279 2149 3362 2196 τοί
3446 2162 3505 2214 γε
3585 2142 3892 2212 ἀποχρώντως

2320 2239 2540 2298 ἐκείνοις
2584 2237 2613 2294 ἡ
2668 2239 2804 2288 κατά
2847 2241 2942 2293 τὴν
2995 2233 3267 2308 βασιλείαν
3301 2230 3596 2286 δυναστεία
3628 2238 3714 2283 καὶ
3761 2232 3892 2302 τρυφὲ

2319 2328 2412 2376 καὶ
2471 2320 2604 2388 δόξα
2649 2321 3074 2380 διεσπουδάσθη.
3143 2329 3240 2376 Καὶ
3299 2327 3469 2374 τοίνυν
3531 2328 3644 2380 τοῖς
3687 2317 3902 2390 γαμϐροῖς

2323 2416 2418 2470 τὴν
2479 2411 2654 2487 ἀρχὴν
2705 2411 3127 2484 καταλείψαντες,
3197 2412 3344 2463 αὐτοὶ
3401 2415 3458 2463 τὸ
3527 2409 3811 2481 φιλοσοφεῖν

2321 2497 2755 2575 ὑπερϐαλλούσης
2813 2507 2902 2554 καὶ
2977 2504 3305 2574 ὑπερηφάνου
3386 2499 3688 2572 φιλοτιμίας
3755 2496 3900 2550 ἐπέξει-

2320 2580 2453 2642 λον³
2511 2591 2602 2644 ἅτε
2657 2588 2798 2650 δῆτα
2848 2591 3072 2662 οἰόμενοι
3123 2591 3316 2662 ἄριστα
3371 2585 3698 2658 διῳκηκέναι
3741 2589 3800 2638 τὰ
3833 2593 3904 2640 τῆς

2327 2678 2528 2753 ἀρχῆς,
2586 2679 2860 2732 κάντεῦθεν
2911 2684 3000 2732 καὶ
3057 2687 3152 2741 τῆς
3201 2687 3292 2730 τού
3367 2676 3726 2749 φιλοσοφῆσαι
3779 2671 3904 2735 δόξης

2327 2777 2723 2842 συμμετασχεῖν
2782 2776 2893 2829 ταῖς
2955 2768 3212 2820 εἰσέπειτα
3258 2773 3473 2838 γενεαῖς.
3555 2771 3662 2818 Καὶ
3750 2765 3774 2814 ο
3841 2781 3903 2834 μευ

2323 2857 2656 2930 Ἐρκούλλιος
2712 2857 2912 2930 ἀγχόνη
3009 2856 3346 2930 μεταλλάττει
3414 2859 3502 2908 τὸν
3588 2853 3744 2928 βίον·
3815 2861 3898 2904 Δίου

2325 2945 2602 3008 κλητιανός
2643 2943 2722 3012 δε,
2758 2946 3023 3006 θεηλάτοις
3063 2945 3375 3016 περιελαθεὶς
3422 2943 3676 3016 μάστιξι,
3741 2947 3820 2992 καὶ
3859 2943 3902 2988 τέ

2331 3043 2484 3108 σῶμα
2548 3034 2870 3107 ἐξογκωθεὶς,
2927 3031 3039 3088 εἶτα
3089 3033 3157 3094 εἰς
3222 3032 3385 3086 πολλὰ
3439 3029 3704 3106 διεριὀὰγη
3784 3048 3904 3080 κατα-

2327 3127 2610 3198 μαρανθείς
2643 3143 2653 3155 ·
2719 3127 2788 3186 ὡς
2835 3130 2926 3178 καὶ
2972 3129 3064 3182 τὴν
3112 3122 3422 3196 βλάσφημον
3467 3127 3562 3173 καὶ
3609 3118 3815 3174 ἀδικίαν
3853 3117 3904 3174 εἰς

2331 3217 2390 3266 τὸ
2433 3214 2565 3284 ὕψος
2642 3213 2947 3270 λαλήσασαν
3010 3213 3167 3265 αὐτοῦ
3233 3211 3475 3282 γλῶσσαν
3544 3214 3908 3262 κατασαπξίσιν
3981 3275 3983 3288 Ι

2331 3299 2480 3356 ἔνδον
2542 3311 2632 3356 τοῦ
2690 3304 2957 3378 φάρυγγος
3041 3301 3315 3360 σκωλήκων
3387 3297 3705 3362 ἀναϐλύζειν
3763 3297 3905 3366 ἑσμὸν,

2331 3395 2383 3449 οἱ
2431 3397 2564 3446 κατὰ
2609 3401 2701 3444 τοῦ
2733 3397 2990 3464 στόματος
3045 3391 3239 3444 ἑκείνου
3299 3389 3632 3463 ἀνέρῃ-οντες,
3679 3382 3908 3442 δυσωδίας

2333 3485 2416 3535 ὅτι
2445 3481 2696 3544 πλείστης
2753 3480 3068 3554 ἀνεπλήρουν
3115 3483 3201 3532 τὸν
3249 3487 3447 3551 χῶρον.
3509 3483 3620 3531 Καὶ
3665 3477 3814 3534 τέλος,
3850 3471 3910 3524 οἶν

2333 3575 2471 3624 κύων
2553 3576 2803 3644 μέγιστον
2868 3570 3192 3634 ὑλακτήσας,
3263 3573 3358 3625 τῆν
3433 3570 3692 3639 μυσαρὰν
3757 3566 3910 3618 ἐκείνην

2331 3659 2612 3736 ἒξερῥήγνυ
2657 3659 2864 3730 ψυχήν.
2921 3657 3166 3718 Γελοίσιος
3219 3653 3268 3709 δ’
3322 3658 3348 3708 ὁ
3409 3664 3504 3716 τῆς
3581 3651 3910 3709 Καππαδοκῶν

2335 3753 2656 3822 Καισαρείας
2703 3747 2988 3808 ἐπίσκοπος
3043 3749 3174 3818 μετὰ
3219 3749 3314 3804 τήν
3361 3753 3452 3808 τῆς
3499 3743 3782 3818 βασιλείας
3819 3741 3910 3792 απο-

2337 3841 2480 3892 θεσιν
2531 3837 2577 3898 ἐς
2633 3837 2847 3910 ὕστερον
2903 3837 3168 3908 μεταμελῳ
3219 3836 3538 3908 χρήσασθαι
3597 3835 3810 3906 ἱστορεῖ,
3845 3833 3907 3880 ut

2333 3932 2425 3986 τὴν
2457 3925 2632 4002 ἀρχὴν
2681 3923 3052 3996 ἀναλαμϐάνειν
3107 3921 3256 3984 αὖθις
3303 3924 3602 3995 πειρᾶσθαι
3631 3943 3645 3955 ’
3703 3927 3832 3990 κοινῇ
3865 3915 3904 3966 31'

2333 4024 2424 4077 τῆς
2483 4015 2782 4086 συγκλήτου
2838 4013 2996 4086 ψήφῳ
3049 4019 3138 4066 καὶ
3194 4013 3348 4085 ἄμφω
3399 4011 3767 4082 ἀναιρεθῆναι.
3818 4008 3904 4061 Εἰσὲ

2335 4102 2385 4158 δ’
2439 4107 2488 4157 οἶ
2541 4105 2753 4175 λέγουσι
2804 4113 2866 4176 τῇ
2936 4106 3071 4155 κατὰ
3123 4109 3360 4176 Χριστοῦ
3416 4101 3626 4172 ἀμανίᾳ
3669 4106 3760 4159 τὴν
3799 4116 3902 4168 ρχελ

2334 4193 2624 4268 ἁπορῥίψαι
2723 4193 2932 4260 αὐτοὺς,
3017 4197 3090 4262 μὴ
3177 4188 3497 4252 δυνηθέντας
3585 4195 3688 4248 τήν
3753 4188 3904 4239 ἐκείνου

2332 4283 2520 4342 κλῆσιν
2593 4286 2650 4334 ἑκ
2732 4290 2824 4334 τοῦ
2890 4288 3052 4353 μέσου
3128 4289 3290 4332 ποιεῖν
3346 4286 3460 4340 ταῖς
3529 4285 3794 4352 γενναίαις
3839 4282 3906 4326 τέ)

2333 4375 2609 4446 μαρτύρων
2669 4377 2755 4424 καὶ
2825 4368 3099 4445 ἀνδρικαῖς
3165 4369 3590 4441 παραστάσεσιν.
3665 4369 3810 4421 Οὕτω
3871 4359 3904 4413 ἷε

2333 4465 2526 4514 τούτων
2577 4460 2630 4512 ἐκ
2670 4467 2761 4512 τοῦ
2814 4465 2976 4530 μέσον
3025 4462 3394 4530 γεγενημένων,
3437 4462 3528 4508 καὶ
3621 4463 3908 4510 ﬁniturum:

2334 4557 2425 4602 τοῦ
2483 4553 2680 4620 πατρὸς
2741 4553 3131 4601 Κωνσταντίνου
3181 4551 3308 4619 πρὸς
3386 4548 3514 4598 Θεὸν
3571 4545 3904 4598 ἁναλύσανττιςο

2335 4637 2383 4690 ἓν
2421 4639 2510 4708 μὲν
2575 4645 2634 4708 τῇ
2689 4637 2754 4708 ἕῳ
2801 4639 2936 4688 κατὰ
2979 4632 3337 4708 Νικομήδειαν
3393 4633 3698 4704 Μαξιμῖνος
3749 4635 3774 4684 ὁ
3825 4627 3905 4682 ['13.-

2333 4726 2499 4800 λέριος
2564 4725 2874 4788 ἐϐασίλευεν,
2941 4727 2990 4777 ἐν
3045 4722 3105 4778 δε
3157 4733 3266 4784 ταῖς
3334 4727 3462 4797 πρὸς
3527 4722 3762 4794 ἑσπέραν
3821 4716 3888 4772 ['13-

2334 4815 2488 4880 λίαις,
2552 4821 2937 4875 Κωνσταντῐνος
3006 4811 3117 4885 εἶχε
3194 4817 3252 4865 τὸ
3331 4815 3534 4885 κράτος,
3621 4818 3828 4884 Περσῶν
3867 4807 3904 4855 τέ

2339 4913 2584 4978 σκῆπτρα
2635 4903 2898 4978 Σαϐωρίου
2980 4899 3284 4964 dtis-auter
3343 4902 3574 4958 ὁπηνίκα
3647 4903 3783 4952 κατὰ
3843 4903 3897 4949 τῖε

2411 5010 2488 5082 (li)
2519 5013 2592 5065 De
2618 5017 2804 5065 morte
2821 5008 3160 5064 Diocletiani
3179 5009 3456 5082 Egnatius
3474 5007 3724 5082 scribit:
3745 5027 3772 5056 α
3793 5001 3896 5080 Obiit

2339 5079 2830 5153 duodeoctoginta
2843 5082 3324 5153 natusannos,vel
3341 5079 3712 5153 alienatione
3725 5081 3894 5130 mentri.

2345 5155 2434 5209 vel
2472 5150 2699 5208 veneno
2739 5153 2980 5213 hausto,
3011 5152 3230 5206 veritus
3256 5150 3538 5206 Licinium
3565 5166 3648 5204 ac
3682 5151 3898 5204 Constan-

2345 5226 2553 5289 tinum,
2605 5223 2706 5296 qui
2759 5223 2924 5277 illum
2985 5227 3292 5294 tamquam
3327 5220 3608 5276 Maxentii
3661 5221 3898 5276 fautorem

2345 5297 2603 5367 graviter
2637 5297 3072 5367 increpuerant.
3107 5313 3135 5344 ν
3277 5363 3308 5367 __
3489 5363 3500 5367 _
3727 5361 3742 5367 _
3853 5357 3858 5365 ,

2417 5369 2497 5434 (5)
2525 5361 2891 5438 Genitalibus
2933 5363 3580 5438 putrescentibus,vitte
3629 5361 3801 5418 ttedio
3823 5363 3896 5410 vita?

2348 5438 2462 5495 sibi
2492 5437 2694 5508 gladio
2723 5437 2988 5494 intulit.»
3021 5437 3303 5508 (Egnat.).

3981 3533 3983 3588 l

3981 3667 3983 3720 i

3981 3727 3983 3780 ἰ

3981 3961 3983 3998 I

3981 4047 3983 4094 i
