4016 6224
130 297 274 362 1249

1201 295 1763 361 ΕΕΕΕΕΞῙΑΞΤΙΕίΕ
1805 294 2157 356 ΗΙΞΤΟΒΙΕ
2196 299 2334 356 LIB.
2379 298 2492 355 VII.

3372 309 3386 360 1
3402 295 3511 359 230

129 431 336 504 Ῥώμην
383 433 504 493 τοὺς
555 433 738 494 οἴακας
784 437 880 492 τῆς
929 429 1223 492 ἐπισκοπῆς
1275 431 1404 501 μετὰ
1458 431 1546 482 τὸν
1610 427 1740 482 Μιλ·

1859 425 2052 481 minus
2093 424 2416 497 imperium
2469 423 2674 490 tenuit,
2728 424 2789 482 in
2839 426 3154 484 Occidente
3197 433 3399 484 autem
3442 429 3504 485 in

130 517 329 578 τιάδην
402 519 704 592 Σίλϐεστρος
766 517 906 591 εἶχεν
938 535 953 550 ο
987 517 1036 570 ἐν
1105 515 1165 571 δὲ
1227 518 1396 591 Ῥώμῃ
1465 519 1566 570 ὑπό
1640 524 1742 569 τῶν

133 617 470 682 στρατιωτῶν
566 608 847 671 Μαξέντιος
922 608 948 659 ὁ
1022 615 1113 659 τοῦ
1209 605 1536 680 Ἐρκουλλίου
1629 607 1744 666 υἱὸς

135 697 454 770 ἁνηγόρευτο
487 713 500 727 ’
558 699 585 750 ὁ
633 693 693 750 δε
745 696 1009 771 Γαλλίριος
1067 702 1155 747 και
1208 703 1311 756 τοῖς
1379 692 1508 748 δυσὶ
1561 699 1743 746 παισὶν

135 785 303 839 αὐτοῦ
354 787 629 858 Μαξιμίνῳ
682 805 733 839 τε
789 791 879 838 καὶ
932 789 1138 859 Σευήρῳ
1194 793 1290 847 τῆς
1333 791 1425 836 τοῦ
1480 787 1744 856 Καίσαρος

133 872 423 948 μετεδίδου
470 883 623 947 τιμῆς
669 896 682 909 ·
728 879 813 928 τὸν
860 879 950 948 μεν
998 877 1134 926 κατὰ
1194 878 1288 932 τὴν
1341 873 1489 944 ἐῴαν,
1539 877 1625 924 τὸν
1684 869 1745 925 δε

134 972 362 1038 Σευῆρον
404 967 454 1016 ἐν
505 964 716 1036 Ἰταλίᾳ.
769 969 867 1017 Καὶ
913 965 1065 1036 ἄμφω
1125 959 1185 1014 δε
1234 963 1380 1014 οὗτοι
1430 965 1566 1014 κατὰ
1621 979 1745 1012 ταυ-

133 1057 229 1105 τὸν
297 1050 656 1126 διεφθάρησαν
717 1069 732 1083 ο
789 1054 813 1104 ὁ
867 1056 956 1124 μεν
1009 1059 1225 1124 Σευῆρος
1270 1056 1427 1103 νόσου
1485 1053 1745 1122 γενόμενος

134 1143 522 1214 παρανάλωμα,
572 1141 862 1214 Μαξιμῖνος
922 1137 982 1194 δι
1024 1143 1160 1192 κατὰ
1213 1141 1450 1193 Κιλικίαν
1507 1139 1745 1214 αἰσχρῶς

135 1234 200 1283 τὸ
252 1229 404 1303 βιοῦν
457 1231 789 1302 μεταλλάξας,
843 1230 932 1283 ἇτε
990 1227 1055 1287 δὴ
1116 1235 1211 1287 τὴν
1263 1233 1524 1300 πατρικὴν
1566 1227 1745 1302 ἀρχὴν

1389 1323 1625 1377 Λικίνιος
1687 1313 1746 1368 δὲ

141 1407 382 1480 γαμϐρὸς
430 1413 821 1461 Κωνσταντίνου
873 1406 949 1460 ἐπ’
999 1405 1193 1479 ἀδελφῇ
1248 1410 1582 1477 Κωνσταντίᾳ
1631 1403 1746 1456 ἀντὶ

141 1502 369 1570 Σευήρου
421 1499 552 1568 πρὸς
625 1497 912 1559 Μαξεντίου
969 1501 1058 1548 καὶ
1109 1503 1201 1548 τοῦ
1257 1498 1397 1548 θείου
1465 1499 1550 1546 καὶ
1608 1495 1745 1566 ἱεροῦ

139 1591 535 1638 Κωνσταντίνου
597 1591 801 1660 Καῖσαρ
854 1587 1162 1640 καθίστατο.
1234 1592 1399 1638 Τοῦτο
1457 1581 1516 1635 δε
1569 1579 1746 1654 δεινῶς

135 1673 370 1732 ἐλύπησε
443 1674 770 1746 Μαξιμιανὸν
845 1679 932 1726 τὸν
989 1673 1334 1744 Ἐρκούλλιον,
1413 1673 1570 1726 εἰσίτι
1634 1676 1747 1723 τότε

133 1769 300 1835 μόνον
355 1769 593 1838 Καίσαρα
647 1763 1054 1838 χρηματίζοντα
1086 1783 1098 1796 ·
1150 1766 1452 1834 τυραννικὸς
1502 1763 1604 1834 γὰρ
1653 1761 1742 1812 ὡν.
1779 1783 1816 1836 Β

131 1856 238 1909 τὴν
305 1851 452 1915 ἀξίαν
533 1854 905 1925 παραρπάσας,
986 1851 1244 1914 Σεϐαστὸς
1309 1848 1370 1909 ἦν
1436 1850 1596 1912 αὐτὸς
1658 1849 1742 1920 ὑφ’

132 1939 329 1993 ἐαυτοῦ
378 1947 600 2012 γεγονὼς
647 1942 880 2014 ὕστερον.
921 1946 1021 1994 Καὶ
1067 1945 1240 1993 τοίνυν
1288 1944 1419 2013 μετὰ
1463 1944 1556 1997 τὴν
1619 1939 1746 1990 ὀιπό-

141 1323 270 1394 πρός
335 1319 514 1371 ἑαυτὸν
579 1318 858 1392 ἐπιχειρῶν
919 1323 1309 1390 μεταστρέφειν.

134 2030 305 2094 θεσιν,
339 2034 430 2088 τὴν
479 2028 654 2103 ἀρχὴν
702 2026 854 2090 αὖθις
902 2028 1292 2101 ἀναλαμϐάνων,
1351 2033 1444 2087 τὴν
1472 2031 1563 2100 μεν
1609 2029 1745 2079 κατὰ

130 2125 233 2170 τοῦ
284 2119 400 2170 υἱοῦ
459 2119 750 2181 Μαξεντίου
807 2117 1084 2177 ἐπιϐουλὴν
1137 2117 1329 2170 ἀνῦσαι
1381 2120 1509 2190 πρὸς
1552 2125 1650 2168 τῶν
1695 2115 1744 2167 ἐν

127 2205 309 2279 Ῥώμῃ
375 2216 707 2282 στρατιωτῶν
775 2209 993 2280 εἱργετο.
1054 2209 1314 2262 Ἀπιιπὼν
1380 2203 1468 2258 οὖν
1533 2203 1742 2269 ἐκεῖθεν,

131 2296 226 2349 ἐπὶ
308 2303 692 2350 Κωνσταντίνον
784 2300 871 2348 τὸν
943 2296 1178 2371 γαμϐρὸν
1251 2301 1558 2370 μετεχώρει,
1655 2311 1744 2359 καὶ

131 2391 393 2457 μηχανὴν
447 2387 668 2438 θανάτου
716 2388 891 2458 ἐκείνῳ
935 2385 1246 2460 συρράπτων
1290 2383 1370 2444 ἦν.
1405 2385 1460 2438 ’Υ
1509 2388 1575 2437 πὸ
1612 2387 1743 2437 Φαύ·

137 2493 272 2536 στας
326 2472 386 2528 δε
431 2483 520 2536 τῆς
580 2477 839 2547 θυγατρὸς
895 2477 1169 2548 φωραθεὶς,
1217 2475 1246 2532 ἢ
1300 2474 1424 2548 πρὸς
1467 2475 1621 2545 λέχος
1670 2480 1744 2543 τῷ

138 2570 517 2636 Κωνσταντίνῳ
572 2570 888 2638 συνήρχετο,
946 2574 1090 2636 κοινῇ
1139 2564 1298 2636 ψήφῳ
1342 2573 1433 2624 τῆς
1479 2563 1742 2636 Ῥωμαίων

137 2653 443 2724 συγκλήτου
501 2653 779 2727 ἀνῄρηται,
839 2653 1082 2725 αἰσχρῶς
1138 2657 1224 2704 τὸν
1283 2651 1400 2725 βίον
1455 2651 1739 2708 ἀπολιπών.

142 2743 212 2795 Αἰ
253 2761 313 2812 γε
357 2747 460 2814 μὴν
509 2743 699 2804 εἰκόνες
750 2745 934 2795 τούτου
989 2747 1077 2794 καὶ
1129 2739 1450 2818 ἀνδριάντες,
1507 2745 1572 2803 ὡς
1629 2741 1742 2794 ἀνό-

147 2851 284 2895 σιαι,
332 2829 664 2890 ὁπουδήποτε
712 2828 866 2891 ἦσαν.
913 2834 1260 2904 καθῄρηνται.
1289 2831 1401 2885 Ἵνα
1451 2827 1539 2884 οὖν
1591 2829 1743 2895 αὖθις

141 2921 446 2974 ἓπαναλάϐω
512 2925 600 2974 τὸν
659 2922 833 2994 λόγον,
900 2919 1136 2974 ἐκποδὼν
1201 2931 1300 2973 τῶν
1349 2923 1608 2994 τυράννων
1659 2941 1744 2992 γε·

139 3014 450 3083 γενημένων,
525 3017 906 3073 Κωνσταντίνος
989 3014 1080 3083 μὶν
1142 3020 1240 3063 τῶν
1307 3011 1530 3063 Γαλλιῶν
1606 3007 1744 3083 ἦρχε

135 3104 230 3152 καὶ
276 3104 570 3174 Βρετανίας,
618 3119 709 3160 την
757 3106 1001 3173 πατρῴαν
1056 3097 1246 3153 διέπων
1298 3100 1474 3176 ἀρχὴν
1506 3118 1519 3130 ·
1580 3101 1744 3163 Μαξι-

1852 512 2050 570 Galliis
2066 514 2492 570 Constantinus
2506 529 2809 570 summam
2823 530 3022 571 rerum
3039 515 3504 574 administravit.

1851 602 2025 674 Apud
2059 602 2266 658 Persas
2297 607 2422 657 tum
2453 603 2740 658 Saborius
2767 606 3039 673 regnavit
3077 607 3180 674 (1),
3214 611 3270 661 et
3297 607 3502 663 Roma

1852 695 1987 763 post
2008 690 2325 748 Miltiadem
2349 691 2651 764 Sylvester
2676 692 2950 749 Ecclesiae
2975 694 3229 766 praefuit.
3257 697 3334 750 Eo
3362 701 3506 752 tem-

1852 794 1997 852 pore
2046 781 2248 836 Romae
2297 780 2582 836 militibus
2629 781 2976 847 Maxentius,
3032 783 3280 838 Herculii
3322 783 3503 851 filius,

1853 873 2154 938 Augustus
2193 869 2571 926 renuntiatus
2623 875 2732 925 est.
2783 869 3066 926 Gallerius
3105 879 3305 928 autem
3347 873 3504 929 duos

1853 957 2006 1014 ﬁlios
2032 974 2196 1023 suos,
2225 957 2608 1014 Maximinum
2639 963 2696 1014 et
2727 960 3032 1028 Severum,
3061 961 3320 1017 Caesares
3345 962 3507 1018 dixe-

1851 1050 1963 1116 rat,
2031 1052 2211 1118 atque
2275 1047 2354 1102 illi
2417 1046 2691 1114 Orientis,
2753 1047 2891 1103 huic
2948 1049 3124 1104 Italiae
3187 1051 3507 1121 imperium

1853 1135 2270 1192 destinaverat.
2307 1137 2557 1207 Uterque
2588 1151 2727 1191 vero
2757 1137 2967 1192 eodem
3003 1139 3174 1207 periit
3203 1145 3468 1211 tempore
3493 1157 3506 1194 :

1856 1225 2108 1280 Severus
2139 1223 2354 1280 morbo
2393 1224 2722 1279 exstinctus
2754 1225 2854 1294 ('2),
2896 1226 3250 1281 Maximinus
3280 1228 3339 1282 in
3374 1227 3509 1283 Cili-

1854 1311 1946 1367 cia
1974 1328 2114 1368 cum
2143 1319 2457 1384 paternam
2497 1312 2576 1368 ad
2616 1328 2678 1367 se
2719 1313 3010 1369 ditionem
3043 1315 3381 1386 pertrahere
3413 1332 3509 1372 co-

1853 1406 2033 1456 natus
2087 1407 2263 1468 esset,
2318 1401 2566 1472 turpiter
2617 1401 2798 1473 468
2854 1403 2976 1458 vita
3029 1403 3346 1459 defunctus
3405 1405 3505 1477 (3).

1856 1489 2049 1555 Quare
2119 1489 2373 1545 Licinius
2431 1489 2790 1546 Constantias
2860 1491 3084 1547 sororis
3141 1494 3504 1549 Constantini

1857 1579 2126 1646 maritus,
2157 1595 2194 1636 a
2231 1581 2521 1636 Maxentio
2551 1585 2608 1634 et
2645 1596 2818 1636 sacro
2857 1580 3182 1653 divinoque
3221 1583 3510 1638 Constan-

1855 1667 1978 1723 tino
2008 1669 2206 1724 Cmsar
2250 1673 2339 1723 est
2368 1668 2581 1724 factus.
2615 1668 2677 1724 Id
2708 1684 2845 1725 vero
2875 1671 3134 1739 pessime
3163 1671 3507 1727 Herculium

1854 1757 2285 1812 Maximianum
2307 1757 2541 1821 habuit,
2563 1756 2665 1828 qui
2685 1763 2814 1812 tum
2837 1758 3037 1813 adhuc
3063 1765 3291 1814 tantum
3317 1762 3511 1816 Caesar

1853 1842 2184 1901 dicebatur.
2219 1845 2388 1910 Quod
2417 1861 2682 1917 namque
2713 1851 2928 1902 natura
2960 1847 3304 1918 tyrannicus
3332 1855 3507 1914 esset,

1853 1931 2140 2002 dignitate
2196 1933 2572 2006 imperatoria
2641 1942 2899 2007 arrepta,
2967 1936 3231 2007 seipsum
3297 1940 3508 2009 postea

1854 2023 2190 2093 Augustum
2257 2024 2497 2080 creavit:
2552 2028 2608 2079 et
2657 2030 3032 2095 potestatem,
3094 2041 3280 2097 quam
3334 2032 3511 2083 antea

1854 2109 2234 2182 deposuerat,
2260 2112 2562 2168 vindicare
2588 2112 2700 2168 sibi
2729 2128 2971 2168 rursum
2996 2113 3224 2180 volens,
3257 2114 3510 2170 insidias

1853 2214 2007 2271 quas
2042 2199 2166 2256 ﬁlio
2202 2201 2493 2258 Maxentio
2524 2206 2843 2267 struxerat,
2880 2202 3184 2273 perficere,
3217 2203 3509 2259 militibus

1854 2289 1958 2359 qui
1993 2287 2200 2345 Romae
2237 2295 2406 2345 erant
2449 2290 2935 2362 impedientibus,
2979 2306 3100 2346 non
3131 2292 3340 2362 potuit.
3376 2293 3507 2358 Qua

1855 2394 1917 2436 re
1937 2377 2273 2449 desperata,
2296 2379 2373 2435 ad
2396 2379 2852 2436 Constantinum
2881 2395 3169 2450 generum
3195 2381 3428 2437 insidiis
3449 2385 3509 2438 et

1852 2467 2053 2538 ipsum
2097 2466 2691 2524 circumveniendum
2717 2473 2895 2540 atque
2925 2469 3255 2525 tollendum
3283 2486 3345 2526 se
3367 2486 3507 2526 con-

1852 2557 2042 2613 vertit.
2069 2556 2180 2613 Sed
2213 2557 2461 2613 consilio
2488 2557 2618 2629 ejus
2641 2574 2678 2613 a
2708 2557 2832 2614 ﬁlia
2863 2558 3102 2622 Fausta,
3137 2561 3508 2616 Constantini

1852 2645 2130 2717 conjuge,
2149 2646 2546 2718 deprehenso,
2567 2662 2641 2702 ex
2658 2647 2909 2702 Romani
2933 2652 3178 2702 senatus
3195 2649 3507 2705 communi

1852 2733 2089 2790 decreto
2125 2738 2214 2789 est
2259 2734 2675 2807 interemptus.
2712 2737 2952 2792 Mortem
2988 2735 3122 2806 ejus
3157 2736 3381 2792 foedam
3427 2737 3508 2808 (4)

1853 2839 1993 2879 mox
2014 2822 2346 2892 ignominia
2374 2822 2492 2879 alia
2517 2829 2604 2879 est
2631 2823 2976 2880 subsecuta.
3011 2824 3313 2894 Imagines
3346 2827 3506 2880 enini

1851 2912 1984 2983 ejus
2011 2917 2068 2967 et
2097 2917 2314 2968 statuae
2344 2911 2403 2966 in
2435 2911 2580 2968 locis
2609 2913 2896 2968 omnibus
2939 2929 3171 2979 omnes,
3215 2919 3506 2987 tanquam

1853 3001 2056 3073 impiae
2097 3005 2153 3056 et
2182 3000 2538 3072 piaculares,
2589 3017 2808 3057 eversae
2847 3005 3028 3074 atque
3065 3001 3305 3058 abolitae
3345 3009 3504 3058 suut.

1852 3094 2043 3164 Atque
2078 3095 2138 3147 ut
2161 3107 2233 3147 eo
2259 3091 2418 3147 unde
2440 3091 2744 3162 digressus
2775 3108 2909 3148 sum
2940 3092 3204 3158 redeam,
3234 3093 3510 3164 tyrannis

133 3158 400 3260 pivog'di
446 3191 472 3240 6
524 3158 788 3263 ὖαλλέριος
981 3189 1135 3260 Ἐᾠας
1180 3158 1464 3250 κατὰητίην
1511 3158 1746 3262 Νικομη-

1859 3158 1966 3238 illis
1991 3179 2261 3251 sublatis,
2299 3158 2724 3237 Constantinus
2766 3181 3053 3237 ditionem
3094 3158 3405 3252 paternam
3449 3183 3508 3238 in

133 3273 273 3339 δους
320 3275 522 3351 ἐκράτει
554 3295 567 3308 ·
617 3279 901 3341 Μαξέντιος
944 3275 1002 3331 δὲ
1041 3281 1067 3330 ό
1099 3286 1189 3331 τοῦ
1234 3279 1561 3352 Ἐρκουλλίου
1609 3281 1742 3345 υἱὸς,

133 3367 348 3438 Ῥώμης
409 3387 464 3420 τε
520 3368 696 3432 αὐτῆς,
753 3373 843 3420 και
888 3370 954 3420 τὰ
1016 3372 1132 3442 περὶ
1198 3369 1360 3427 αὐτήν
1413 3369 1673 3444 ἐτυράννει
1727 3385 1741 3398 ·

141 3465 310 3515 συνῆν
343 3453 402 3509 δι
432 3456 572 3527 αὐτῷ
602 3462 692 3509 καὶ
723 3464 930 3531 Καῖσαρ
960 3462 1210 3520 Λικίνιος.

741 3659 986 3710 ΚΕΦΑΛ.
1021 3655 1147 3707 KA'.

141 3764 302 3834 Περὶ
361 3767 478 3810 τῶν
541 3760 832 3834 αἰσχρῶν
886 3763 1084 3834 ἔργων
1142 3759 1648 3834 Μαᾼξεντίουμτοῦ
1688 3764 1746 3813 ἐν

215 3830 438 3903 Ῥώμῃ,
479 3837 587 3904 κ-αὶ
628 3830 1038 3904 Μάξιμιάνοῦ
1094 3839 1203 3884 τοῦ
1239 3830 1648 3904 Ἐρκουλλίου
1687 3837 1746 3884 ἓν

221 3900 663 3975 Νικομηδείᾳ.

217 4009 309 4070 ’ος
384 4005 525 4068 δῆτα
598 4008 900 4075 Μαξέντιος,
957 4010 1024 4060 τὰ
1095 4012 1185 4080 μὲν
1259 4017 1442 4084 πρῶτα
1504 4013 1592 4062 τὸν
1650 4019 1748 4063 τῶν

139 4099 410 4170 Ῥωμαίων
473 4099 791 4170 ὑπάγομενος
843 4093 1014 4170 δῆμον
1079 4105 1141 4169 τῇ
1204 4098 1467 4172 κολακείᾳ,
1523 4097 1748 4152 εὐσεϐεῖν

141 4190 444 4260 ὑπεκρίνετο
473 4203 486 4215 ·
537 4191 627 4238 καὶ
667 4189 755 4238 τὸν
803 4189 939 4238 κατὰ
993 4194 1225 4258 Χριστοῦ
1273 4184 1509 4260 διωγμὸν
1557 4188 1749 4242 ἀνεῖναι

141 4283 253 4336 τοῖς
313 4277 413 4328 ὑπό
465 4282 626 4349 χεῖρα
673 4277 913 4327 ἐπέταττε
973 4293 986 4306 ·
1047 4279 1104 4326 τὸ
1159 4279 1341 4328 πιστόν
1396 4282 1750 4352 περιχρωννὺς

141 4366 336 4436 ἑαυτῷ,
398 4369 466 4426 ὡς
518 4367 580 4417 ἄν
621 4383 682 4436 γε
735 4364 864 4417 πολὺ
923 4368 1042 4427 τοὺς
1089 4369 1188 4438 πρὸ
1241 4365 1400 4418 αὑτοῦ
1456 4367 1752 4441 ὑπερϐάλη-

140 4473 239 4507 ται
293 4471 304 4483 ·
363 4453 470 4506 ἀλλ’
525 4454 586 4506 οὐ
643 4462 869 4515 τοιοῦτος
938 4461 1047 4514 τοίς
1100 4457 1274 4528 ἔργοις
1329 4452 1573 4528 ἐδείχθη,
1642 4459 1750 4511 οἷον

139 4546 330 4598 ἑαυτὸν
381 4547 735 4616 ἐσχημάτισε.
800 4545 904 4599 Καὶ
954 4546 1054 4616 γὰρ
1103 4545 1170 4606 εἰς
1229 4544 1437 4607 ἀνοσίας
1495 4546 1752 4612 ἐξοκείλας

138 4634 376 4707 πράξεις.
437 4631 588 4686 οὐδεν
645 4636 670 4686 ὃ
717 4653 768 4686 τι
823 4642 923 4686 τῶν
976 4632 1180 4686 ἀτόπων
1234 4635 1301 4696 εἰς
1357 4635 1750 4711 αἰσχρουργίαν

138 4723 423 4795 παρέλιπε.
489 4730 774 4796 Δυναστεια
828 4727 930 4798 γὰρ
987 4729 1278 4798 χρώμενος,
1332 4728 1426 4788 τὰς
1481 4729 1618 4778 κατὰ
1664 4731 1752 4779 νό-

134 4832 276 4886 μους
329 4815 562 4885 γαμετὰς
617 4821 716 4864 τῶν
793 4816 1046 4866 συνεύνων
1101 4810 1434 4886 διαζευγνύς,
1490 4821 1581 4869 καὶ
1634 4813 1750 4870 δια-

136 4903 385 4976 φθείρων,
442 4899 588 4963 αὖθις
641 4910 746 4963 τοίς
795 4900 1051 4978 ἀνδράσιν
1093 4904 1348 4976 ἀνέπεμπε
1385 4919 1400 4934 ⁸
1456 4910 1546 4958 καὶ
1585 4914 1750 4958 ταῦτα

134 4997 254 5050 τοῖς
309 4997 536 5064 πρώτοις
592 4995 681 5043 καὶ
763 4989 960 5063 βουλῆς
1013 4995 1185 5066 ἐκείνῳ
1242 4998 1605 5065 μετεσχηκόσι
1661 5001 1752 5048 καὶ

135 5083 500 5152 ὑπερέχουσιν
580 5077 858 5154 ἐνυϐρίζων
921 5095 934 5108 ⁸

221 5220 300 5360 Et)
327 5219 415 5276 Al.
447 5219 725 5289 Sapores.

249 5295 304 5349 2i
331 5295 628 5348 «Severus
652 5295 725 5347 all

249 5295 304 5349 2i
331 5295 628 5370 «Severus
652 5293 996 5370 aAMaxentio
1016 5293 1206 5370 tusus,
1227 5298 1523 5370 Ravenna;
1541 5301 1752 5370 captus

141 5367 208 5418 et
238 5378 430 5418 caesus
461 5367 548 5434 est
566 5385 616 5417 ι».
649 5363 840 5434 (Oros.
850 5375 867 5433 )
892 5384 916 5414 ‹‹
946 5365 1034 5419 Ad
1056 5368 1192 5421 Tres
1219 5367 1517 5426 Tabernas
1538 5363 1755 5426 exstin-

143 5440 284 5490 ctus
307 5440 412 5489 est.
445 5453 470 5485 ι
505 5433 796 5505 (Eutr-op.)
830 5454 858 5486 ‹‹
888 5437 934 5488 Α
964 5435 1218 5492 factione
1247 5441 1518 5496 Maxentii
1550 5444 1754 5498 Romm

142 5507 308 5581 intra
335 5505 637 5581 Tabernas
667 5522 1007 5581 oppressus.
1045 5530 1072 5554 n
1097 5511 1355 5581 (Egnat).

226 5577 305 5650 (3)
345 5577 699 5634 Maximinus
717 5593 754 5633 a
778 5577 998 5634 Licinio
1023 5577 1358 5653 superatus,
1382 5584 1541 5640 Tarsi
1567 5585 1754 5645 visce-

1003 5083 1114 5134 ὅθεν
1191 5083 1360 5135 ἅπασι
1443 5089 1533 5136 καὶ
1595 5080 1751 5158 δήμῳ

1855 3268 2043 3326 Gallia
2085 3275 2142 3326 et
2177 3270 2478 3326 Britannia
2515 3271 2724 3336 tenuit;
2763 3269 3012 3326 Gallerio
3055 3270 3376 3327 Maximino
3417 3273 3509 3327 Ni-

1856 3359 2123 3415 comedia
2158 3364 2215 3416 et
2253 3359 2462 3416 Oriens
2503 3360 2720 3432 paruit.
2763 3360 3092 3416 Maxentius
3136 3361 3213 3431 (5)
3259 3360 3511 3417 Herculii

1855 3448 2014 3504 ﬁlius
2050 3451 2301 3505 Romam
2341 3453 2520 3520 atque
2570 3448 2802 3504 Italiam
2842 3449 3040 3521 ipsam
3082 3465 3221 3505 cum
3256 3450 3511 3521 imperio

1858 3535 2068 3594 habuit
2100 3553 2112 3592 :
2147 3542 2204 3594 et
2232 3554 2371 3594 cum
2402 3553 2474 3593 eo
2503 3537 2699 3593 Caesar
2729 3537 3006 3593 Licinius.

2484 3643 2708 3700 CAPUT
2748 3645 2876 3700 XXI.

1856 3751 1944 3808 De
1960 3749 2306 3820 faedissimis
2321 3749 2505 3820 factis
2531 3750 2824 3806 Maxentii
2844 3752 3058 3816 Rome,
3080 3758 3132 3807 et
3151 3751 3514 3808 Maximiani

2322 3821 2590 3878 Herculii
2629 3820 3010 3878 Nicomediae.

1928 4019 2258 4077 Maxentius
2297 4024 2361 4076 ut
2400 4035 2463 4076 se
2503 4020 2769 4093 primum
2807 4019 3034 4093 populo
3073 4023 3344 4077 Romano
3383 4027 3509 4078 arte

1856 4109 2128 4183 quadam
2179 4124 2283 4181 per
2320 4108 2791 4165 assentationem
2835 4109 3188 4180 insinuaret,
3224 4111 3507 4182 pietatem

1858 4197 2228 4255 assimulavit
2257 4212 2272 4252 :
2306 4202 2361 4254 et
2399 4197 2564 4270 apud
2598 4213 2701 4252 eos
2731 4198 2835 4270 qui
2871 4197 3003 4268 ejus
3045 4198 3297 4270 imperio
3339 4207 3510 4256 erant

1859 4287 2130 4358 subjecti,
2199 4286 2671 4344 Christianorum
2751 4287 3229 4358 persecutionem
3299 4289 3508 4344 edictis

1859 4375 2184 4450 propositis
2206 4376 2498 4433 inhibuit:
2523 4376 2828 4449 ﬁdemque
2855 4383 2910 4432 et
2930 4377 3275 4446 religionem
3303 4393 3422 4448 prae
3447 4394 3509 4434 se

1859 4467 1992 4522 ideo
2025 4464 2171 4529 tulit,
2203 4469 2266 4521 ut
2295 4465 2408 4522 sub
2437 4481 2510 4521 eo
2539 4465 2786 4521 obtentu
2812 4467 3155 4522 decessores
3185 4483 3329 4524 suos
3362 4466 3513 4522 mul-

1860 4553 2098 4611 timodis
2119 4553 2358 4623 ﬂagitiis
2381 4559 2706 4626 superaret.
2727 4557 3121 4627 Nequaquam
3144 4556 3302 4610 enim
3329 4555 3506 4611 talem

1859 4660 1921 4700 se
1959 4644 2138 4700 rebus
2167 4643 2312 4714 ipsis
2344 4643 2628 4711 exhibuit,
2659 4643 2900 4716 qualem
2935 4659 3065 4699 esse
3105 4645 3286 4700 ﬁnxit.
3327 4643 3506 4717 469

1861 4736 1926 4789 Et
1970 4733 2050 4788 ad
2097 4733 2342 4805 impura
2374 4738 2553 4804 atque
2583 4733 2772 4804 impia
2811 4733 3034 4789 scelera
3076 4733 3380 4804 delapsus,
3430 4735 3508 4790 ad

1860 4837 2164 4878 summam
2205 4822 2634 4895 turpitudinem
2663 4826 2720 4878 et
2756 4821 3080 4878 foeditatem
3111 4823 3256 4878 nihil
3298 4823 3508 4896 reliqui

1860 4911 2014 4968 fecit.
2044 4913 2191 4967 Nam
2213 4916 2508 4984 potestate
2533 4927 2644 4966 sua
2673 4910 2948 4975 abutens,
2980 4927 3192 4966 uxores
3219 4927 3254 4966 a
3281 4913 3512 4968 maritis

1859 4999 1983 5055 suis
2021 5015 2128 5072 per
2159 4999 2484 5056 divortium
2529 5005 2874 5071 segregatas
2913 5000 3199 5072 corrupit,
3227 5007 3281 5055 et
3307 5016 3513 5057 corru-

1860 5095 1995 5162 ptas
2031 5105 2242 5145 rursus
2269 5089 2382 5146 illis
2421 5089 2646 5146 remisit
2678 5104 2692 5144 :
2722 5088 3060 5162 talibusque
3091 5089 3320 5160 injuriis
3347 5092 3508 5146 viros

1860 5248 1997 5288 rum
2027 5231 2399 5289 internorum
2427 5230 2641 5288 morbo
2673 5231 2867 5302 periit.
2895 5231 3156 5302 (Euseb.)

1935 5302 2015 5374 (4)
2057 5323 2092 5374 ,ιι
2141 5306 2205 5359 In
2257 5303 2511 5374 Illyrico,
2559 5302 2756 5359 ulcere
2801 5303 3152 5374 inguinibus
3187 5304 3418 5372 innato,
3456 5309 3515 5360 et

1862 5373 2168 5430 vermibus
2191 5373 2455 5446 undique
2479 5375 2954 5446 erumpentibus.
2985 5394 3012 5425 »
3037 5373 3296 5446 (Egnat.)

1935 5447 2011 5516 (5)
2051 5467 2080 5495 σι
2120 5445 2457 5502 Maximiani
2495 5445 2749 5516 Herculii
2789 5445 3011 5514 conjux
3059 5445 3337 5516 Eutropia
3379 5446 3508 5511 fuit,

1863 5515 2025 5574 unde
2056 5519 2409 5574 Maxentium
2438 5520 2496 5573 et
2522 5515 2807 5573 Faustum
2840 5515 3121 5589 suscepit.
3153 5537 3183 5570 »
3215 5518 3510 5590 (Eutrap.)
