4020 6218
539 297 677 364 1231

1853 285 2239 356 NICEPHORI
2279 281 2602 354 CALLIS’I‘I
3733 299 3820 356 is:

535 431 749 503 prima:
777 426 1104 500 dignitatis,
1131 426 1236 500 qui
1263 425 1324 483 in
1359 423 1606 484 consilio
1637 421 1766 498 ejus
1807 429 1999 491 erant,
2046 423 2188 482 aﬁ'e-

2299 427 2476 489 παντὶ,
2529 419 2648 483 δίος
2689 423 2782 474 καὶ
2819 425 2974 493 μῖσος
3017 417 3186 492 εἰσήει
3229 415 3510 492 ἀφόρητον,
3560 431 3824 492 τρυχῢξιὲδθις

539 522 634 578 cit.
669 522 860 586 Quam
891 519 970 576 ob
1001 535 1246 576 causam
1273 518 1545 574 omnium
1570 516 1874 572 bonorum
1901 515 2190 572 universi-

537 626 655 683 que
699 609 928 681 populi,
974 625 1096 664 una
1145 623 1284 664 cum
1329 613 1516 676 metu,
1567 609 1780 678 ingens
1821 605 1883 660 in
1925 621 2064 661 eum
2098 609 2189 662 est

538 700 900 756 concitatum
929 700 1154 754 odium.
1188 697 1552 754 Gravissime
1577 697 1739 753 enim
1773 693 2187 752 crudelissima

532 787 854 858 tyrannide
895 787 1288 850 vexabantur,
1333 802 1529 858 neque
1579 801 1715 857 spes
1755 783 2079 856 quispiam,
2121 785 2188 840 ut

533 878 714 932 ﬁdem
763 877 1086 948 aliquando
1133 876 1360 932 saevitia
1425 880 1592 932 tanta
1645 879 1900 946 caperet,
1953 873 2182 946 reliqua

535 972 679 1023 erat.
721 967 826 1021 Per
855 967 1135 1037 quamvis
1171 965 1465 1036 siquidem
1493 965 1872 1020 occasionem
1903 962 2184 1018 satellites

535 1071 675 1110 suos
705 1055 764 1110 in
799 1055 1055 1126 populos
1087 1053 1436 1119 immittens,
1473 1053 1805 1110 maximam
1835 1053 1954 1108 vim
1983 1052 2182 1108 homi-

535 1160 680 1200 num
697 1143 1032 1216 jugulabat.
1061 1146 1123 1198 Et
1137 1144 1262 1214 jam
1287 1159 1581 1199 caesorum
1604 1159 1674 1198 ea
1690 1146 1817 1198 erat
1841 1141 2180 1207 multitudo,

539 1225 602 1287 ut
645 1247 931 1286 numerus
981 1247 1188 1286 eorum
1234 1231 1366 1287 iniri
1420 1247 1542 1288 non
1581 1235 1801 1304 posset.
1849 1232 1914 1286 In
1951 1231 2024 1285 iis
2061 1245 2184 1286 non

539 1321 715 1392 pauci
737 1321 900 1376 fuere
927 1321 1500 1392 senatorii,quorum
1531 1321 1708 1376 bonis
1737 1320 1972 1376 insidias
1999 1325 2184 1375 strue-

535 1409 770 1466 bantur.
817 1409 1102 1465 Malorum
1141 1425 1283 1465 vero
1323 1410 1530 1466 talium
1564 1409 1801 1466 coronis
1837 1409 2080 1466 tandem
2125 1409 2186 1463 in

539 1498 805 1567 magicas
843 1497 1210 1569 imposturas
1253 1501 1311 1553 et
1347 1499 1786 1554 incantationes
1829 1498 2038 1554 evasit.
2074 1495 2188 1552 Ali-

538 1588 784 1658 quando
815 1603 1076 1659 namque
1105 1587 1382 1643 mulieres
1417 1588 1679 1660 gravidm
1715 1593 1853 1644 sunt
1891 1586 2184 1642 discissae.

535 1679 982 1748 Nonnunquam
1027 1675 1378 1732 tenellorum
1429 1677 1748 1733 infantium
1786 1678 2016 1733 viscera
2053 1691 2184 1748 per-

534 1766 775 1838 quisita.
805 1766 1027 1820 Leones
1055 1765 1300 1836 insuper
1331 1767 1593 1822 mactati.
1621 1769 1687 1822 In
1709 1765 1880 1822 bellis
1908 1766 2187 1838 quaedam
2223 1785 2268 1841 Β

535 1854 915 1909 evocationes
966 1859 1022 1908 et
1080 1855 1444 1924 expiationes
1502 1855 1854 1911 daemonum
1909 1859 2183 1926 peractae,

533 1941 754 2014 quibus
789 1941 882 1998 ille
907 1943 1215 1998 victoriam
1245 1943 1358 1998 sibi
1388 1944 1692 2000 conciliari
1719 1950 1807 1999 est
1841 1943 2183 2000 arbitratus.

534 2034 600 2086 Et
632 2031 958 2086 Maxentius
999 2032 1244 2104 quidem
1285 2032 1418 2088 talis
1455 2031 1582 2100 fuit,
1625 2040 2014 2105 tyrannorum
2056 2047 2184 2088 cru-

535 2120 832 2177 delitatem
852 2119 1030 2190 longe
1049 2137 1494 2192 supergressus.
1518 2123 1639 2178 Sub
1659 2137 1782 2195 quo
1801 2127 2004 2178 Romae
2020 2125 2186 2178 tanta

535 2225 736 2264 rerum
775 2210 1253 2266 necessariarum
1294 2211 1403 2266 fuit
1442 2211 1712 2282 penuria,
1759 2217 1988 2284 quanta
2029 2225 2186 2267 nun-

535 2313 718 2371 quam
755 2305 931 2355 antea
959 2299 1142 2354 fuisse
1177 2301 1483 2355 memorias
1509 2299 1838 2372 prodittum
1867 2305 1975 2356 est.
2009 2300 2185 2357 Maxi-

533 2389 734 2444 minus
777 2393 977 2444 autem
1017 2392 1311 2460 tyrannus
1359 2389 1630 2454 Orientis,
1675 2389 1892 2446 eadem
1935 2389 2181 2456 faciens,

537 2477 914 2532 contentione
943 2478 1212 2549 quadam
1245 2478 1405 2534 illius
1441 2479 1772 2536 faadissima
1807 2479 2030 2536 scelera
2057 2479 2186 2535 vin-

536 2581 688 2632 cere,
726 2567 1071 2638 primasque
1115 2566 1176 2621 in
1221 2567 1460 2639 ﬂagitiis
1503 2567 1654 2624 ferre
1691 2569 1920 2626 studuit
1961 2587 1975 2626 :
2018 2567 2184 2641 apud

533 2669 716 2726 quem
748 2657 920 2726 magi,
957 2661 1012 2711 et
1041 2656 1100 2712 id
1130 2671 1320 2727 genus
1343 2657 1818 2730 praestigiatores,
1847 2659 2185 2730 praacipuos

534 2742 718 2798 tulere
761 2743 1032 2800 honores.
1077 2746 1309 2800 Etcum
1346 2746 1785 2818 superstitionis
1814 2752 1968 2803 esset
1995 2761 2184 2819 quam

535 2834 797 2888 maxime
849 2834 1176 2899 studiosus,
1231 2839 1414 2906 atque
1461 2835 1522 2890 in
1565 2835 1862 2892 idolorum
1916 2835 2078 2893 cultu
2128 2839 2186 2892 et

535 2935 732 2980 errore
761 2937 1006 2993 prorsus
1028 2923 1372 2988 immersus,
1397 2923 1625 2982 nullam
1649 2941 1779 2982 rem
1799 2941 2072 2998 unquam
2091 2923 2184 2981 vel

533 3011 848 3067 minimam
889 3011 1082 3068 facere
1121 3019 1208 3068 est
1248 3027 1594 3083 aggressus,
1622 3015 1770 3087 quin
1801 3019 1968 3072 vates
1995 3019 2052 3071 et
2077 3030 2184 3071 au-

533 3101 726 3170 spices
770 3100 1126 3158 consuleret.
1174 3101 1263 3158 Ita
1303 3101 1523 3158 scilicet
1566 3109 1657 3158 est
1685 3103 1936 3172 factum,
1967 3107 2186 3175 utper—

534 3189 901 3245 secutionem
947 3189 1240 3246 adversus
1279 3207 1390 3246 nos
1435 3191 1762 3266 susceperit
1789 3192 1980 3248 multo
2018 3207 2186 3248 acer-

534 3275 773 3346 rimam,
822 3293 890 3333 ac
935 3279 1158 3351 templa
1202 3280 1454 3336 deorum
1501 3281 1732 3353 passim
1771 3283 2184 3351 construxerit,

537 3368 1000 3440 sacerdotesque
1025 3383 1131 3440 per
1157 3369 1381 3441 oppida
1407 3375 1464 3426 et
1485 3369 1618 3428 loca
1643 3372 1844 3428 omnia
1873 3373 2187 3428 constitue-

533 3455 628 3522 rit,
669 3461 726 3511 et
772 3471 879 3528 per
919 3457 1295 3528 provinciam
1342 3458 1678 3530 quamlibet
1713 3460 2059 3532 pontiﬁcem
2102 3460 2187 3516 eis

533 3547 952 3617 praeposuerit,
996 3546 1290 3602 celebrem
1333 3549 1684 3620 quempiam
1733 3553 1789 3606 et
1829 3549 2186 3621 praclarum

533 3635 746 3698 virum,
787 3637 892 3706 qui
933 3651 993 3690 se
1036 3635 1309 3692 satellitio
1349 3637 1592 3694 militari
1636 3638 1970 3696 venditaret
2009 3644 2188 3711 atque

529 3724 955 3780 circumferret.
993 3726 1534 3796 Praestigiatoribus
1567 3727 1819 3801 aliisque
1839 3729 2187 3786 nominibus

534 3812 735 3884 impiis
785 3813 1161 3880 hominibus,
1211 3815 1391 3872 veluti
1435 3817 1689 3874 deorum
1741 3818 1974 3882 amicis,
2025 3817 2189 3873 idem

533 3903 833 3958 maximas
862 3904 1136 3975 quasbne
1164 3905 1813 3977 concessitdignitates.
1837 3908 2188 3964 Exactiones

533 3993 931 4063 pecuniarum
995 3993 1536 4052 innumerabilium
1599 3997 1869 4054 instituit.
1931 3995 2189 4070 Populos

535 4081 838 4151 subjectos
882 4083 1251 4150 gravissimis
1291 4086 1592 4156 oppressit
1619 4090 1676 4142 et
1703 4090 1879 4144 antea
1906 4085 2191 4142 inauditis

532 4171 834 4226 oneribus.
867 4169 1047 4244 470
1077 4174 1464 4244 Locupletum
1485 4175 1702 4231 domos
1722 4175 1819 4231 vel
1839 4175 2096 4232 minima
2115 4173 2191 4230 de

535 4274 718 4316 causa
758 4265 814 4314 et
853 4265 1140 4332 praetextu
1185 4261 1587 4335 undecunque
1625 4263 1806 4336 petito
1843 4262 2188 4336 conpilavit,

533 4347 818 4420 bonaque
869 4365 1081 4405 eorum
1114 4349 1527 4408 adulatoribus
1573 4358 1630 4409 et
1675 4353 1880 4410 mimis
1929 4353 2052 4410 suis
2103 4357 2195 4410 est

533 4437 806 4510 largitus.
849 4438 996 4494 Vino
1028 4445 1230 4496 autem
1263 4441 1452 4497 multo
1483 4441 1746 4514 deditus,
1781 4442 1860 4500 ad
1889 4458 2195 4500 summam

536 4527 990 4598 contumeliam,
1041 4529 1441 4600 petulantiam
1485 4535 1542 4588 et
1585 4531 2016 4596 crudelitatem,
2061 4548 2198 4604 quae

535 4631 606 4672 ex
647 4615 928 4672 ebrietate
967 4619 1355 4689 proveniunt,
1397 4619 1547 4674 nihil
1593 4619 1729 4676 fecit
1765 4621 2000 4693 reliqui.
2043 4623 2200 4688 Qua-

535 4710 780 4778 pr0pter
819 4721 926 4778 per
965 4707 1304 4764 sobrietatis
1341 4711 1602 4780 tempus,
1647 4709 1815 4780 gravi
1847 4711 1922 4766 de
1959 4708 2199 4780 ﬂagitiis

535 4809 640 4866 per
691 4795 1082 4852 vinolentiam
1138 4796 1444 4865 admissis,
1498 4813 1660 4870 saape
1715 4799 2065 4870 pcenitentia
2115 4805 2205 4859 est

536 4888 706 4940 actus
745 4905 759 4940 :
793 4889 848 4940 et
887 4886 1053 4957 quod
1085 4885 1483 4957 prolixissime
1510 4886 1760 4959 crapula
1789 4903 1852 4944 se
1878 4888 2204 4960 ingurgita-

533 4977 642 5039 ret,
703 4973 850 5030 nihil
891 4975 1129 5031 sceleris
1181 4977 1540 5033 intentatum
1587 4976 1846 5049 reliquit,
1895 4977 2205 5036 familiari-

533 5063 774 5135 busque
823 5063 944 5118 suis
988 5065 1278 5121 omnibus
1310 5065 1703 5138 turpitudinis
1735 5067 2024 5138 magister
2066 5069 2199 5124 fuit.

538 5152 861 5224 Disciplina
899 5153 1139 5210 militari
1179 5155 1623 5224 soluta,auctor
1655 5155 1785 5223 fuit,
1811 5163 1874 5213 ut
1909 5158 2202 5214 exercitus

537 5241 617 5298 ad
663 5241 1014 5298 deliciarum
1057 5247 1112 5300 et
1157 5245 1512 5316 rapinarum
1561 5245 1763 5303 studia
1799 5245 2198 5304 delaberetur.

541 5331 829 5388 Ordinum
880 5331 1229 5390 militarium
1275 5333 1480 5402 duces,
1524 5339 1582 5390 et
1625 5337 2074 5408 provinciarum
2113 5352 2200 5393 re-

539 5429 748 5487 ctores,
783 5423 1032 5494 perinde
1061 5428 1240 5496 atque
1275 5425 1612 5496 tyrannidis
1642 5426 1775 5497 ejus
1807 5426 1974 5496 socii,
2007 5425 2199 5482 avari-

539 5510 636 5565 tiaa
675 5511 902 5568 artibus
951 5529 1014 5570 se
1061 5513 1618 5586 collocupletarunt.
1665 5514 1978 5573 Fmditates
2016 5531 2200 5586 porro

540 5615 695 5672 quas
728 5599 975 5658 libidine
1015 5602 1296 5661 incitatus
1337 5605 1721 5680 perpetravit,
1763 5609 2095 5680 stupraque
2140 5609 2200 5665 et

2301 513 2434 566 οὕτω
2485 519 2546 584 τῇ
2610 507 2751 582 δεινῇ
2793 505 3085 581 τυραννίδι.
3145 505 3288 561 Οὗδε
3337 513 3438 580 γὰρ
3493 507 3750 581 ἀπαλλαγή
3783 535 3830 576 τις

2298 597 2658 678 προσεδοκᾶτο
2741 607 2836 659 τῆς
2921 606 3014 650 τοῦ
3087 599 3338 671 τυράννου
3431 597 3702 670 ὀμότητος.
3761 606 3840 656 Ἔτι

2300 696 2500 766 σμικρᾴ
2558 692 2660 762 γὰρ
2727 689 2984 760 προφάσει
3039 691 3162 748 τοὺς
3213 688 3299 740 ὑπ’
3359 686 3516 740 αὐτόν
3581 684 3844 764 dolo-mpm;

2295 788 2402 842 τοῖς
2453 777 2647 852 δήμοις
2687 777 2846 844 ἀνείς,
2897 783 3080 852 μυρίον
3129 778 3322 838 πλῆθος
3359 777 3590 852 ἐθέριξεν
3618 794 3634 806 '
3679 782 3736 842 ὡς
3761 781 3848 848 iuris

2295 870 2515 945 ἀριθμόν
2579 869 2896 922 καθεστάναι
2940 871 3056 926 τοὺς
3115 871 3400 928 πίπτοντας
3451 884 3468 898 ο
3527 872 3621 918 καὶ
3675 869 3853 938 συγκλη.

2293 967 2448 1012 τικῶν
2525 954 2574 1010 δ’
2636 957 2730 1010 οὐκ
2797 957 2968 1026 ὀλίγοι
3029 961 3300 1016 πίπτοντες
3355 951 3514 1024 ἦσαν,
3577 959 3668 1018 τὰς
3715 959 3857 1020 οὐσίας

2292 1047 2760 1118 ἓπιϐουλευόμενοι.
2835 1045 2894 1098 Ἡ
2971 1041 3030 1098 δε
3099 1053 3197 1098 τῶν
3271 1053 3440 1096 κακῶν
3515 1051 3728 1120 κορωνὶς
3811 1049 3860 1110 εἰς

2293 1142 2532 1209 γοητείας
2589 1141 2679 1188 καὶ
2731 1139 3050 1208 μαγγανείας
3105 1133 3408 1207 προύχώρει
3457 1155 3470 1168 ·
3528 1137 3595 1194 ὡς
3640 1139 3756 1190 ποτε
3797 1145 3862 1206 μεν

2293 1233 2542 1296 γυναῖκας
2615 1225 2898 1296 ἐγκύμονας
2973 1222 3309 1294 ἀνασχίζειν,
3386 1227 3508 1276 ποτε
3581 1221 3642 1276 δὲ
3713 1233 3866 1302 νεκρὼ

2299 1313 2498 1388 βρεφῶν
2575 1314 2861 1385 σπλάγχνα
2935 1310 3324 1386 διερευνᾶσθαι,
3385 1317 3475 1365 καὶ
3533 1311 3734 1374 λέοντας
3784 1315 3868 1366 επις

2300 1405 2542 1476 σφάττειν
2591 1419 2605 1434 ο
2653 1407 2742 1456 καί
2789 1421 2934 1463 τινας
2982 1399 3298 1474 προκλήσεις
3330 1406 3420 1454 καὶ
3467 1397 3730 1472 δαιμόνων
3771 1401 3870 1454 ἁπε-

2297 1495 2652 1565 τροπιασμούς
2712 1497 2817 1552 τοῖς
2881 1489 3122 1562 πολέμοις
3189 1489 3453 1554 ἐπιτελεῖν,
3523 1491 3608 1551 οἷς
3663 1495 3780 1560 ᾤετο
3824 1495 3871 1542 τὰ

2296 1589 2386 1642 τῆς
2411 1585 2558 1642 νίκης
2606 1581 2746 1651 αὐτῷ
2801 1579 3152 1651 ἐπιγίνεσθαι.
3210 1585 3456 1640 Τοιοῦτος
3501 1582 3597 1651 μὲν
3643 1581 3670 1630 ό
3705 1579 3872 1641 Mnib-

2297 1689 2426 1738 τιος,
2471 1671 2730 1743 τυράννων
2785 1675 2958 1722 πᾶσαν
3007 1669 3253 1739 ὠμότητα
3309 1667 3376 1728 εἰς
3435 1670 3600 1740 ἄκρον
3653 1668 3874 1739 ὑπερϐαλ-

2297 1759 2520 1832 λόμενος,
2576 1763 2644 1820 ὡς
2693 1764 2784 1810 καὶ
2837 1759 3024 1810 σπάνιν
3075 1755 3158 1808 ἐπὶ
3203 1762 3398 1827 Ῥώμης
3447 1765 3551 1808 τῶν
3607 1756 3872 1828 ἀναγκαίων

2297 1856 2642 1913 καταστῆναι,
2695 1849 2806 1899 οίαν
2859 1843 3128 1918 μηδέποτε
3171 1847 3412 1916 γενέσθαι
3458 1845 3612 1918 λόγος
3660 1849 3790 1915 ἔχει.
3827 1845 3874 1898 ’0

2298 1936 2350 1990 δ’
2389 1938 2468 1990 in’
2507 1936 2757 1996 ἀνατολῆς
2795 1939 3041 2008 τύραννος
3075 1934 3382 2006 Μαξιμῖνος,
3437 1937 3504 1988 τὰ
3543 1939 3643 1988 ῖσα
3679 1939 3762 1988 καὶ
3797 1935 3875 1986 αὐ-

2295 2029 2380 2087 τὸς
2453 2028 2714 2101 πράττων,
2790 2032 3007 2082 νικῆσαι
3079 2022 3272 2096 μᾶλλον
3350 2023 3656 2094 ἐφιλονείκει
3719 2031 3874 2078 τοῦτον

2297 2123 2412 2178 ταῖς
2469 2115 2898 2188 αἰσχρουργίαις,
2953 2117 3042 2166 καὶ
3093 2115 3148 2166 τὸ
3199 2121 3400 2184 πρῶτον
3453 2111 3500 2164 ἐν
3544 2121 3730 2172 κακοῖς
3779 2112 3876 2166 απε-

2295 2207 2600 2277 νέγκασθαι.
2665 2207 2730 2255 Οἱ
2778 2223 2832 2256 τε
2886 2205 2988 2276 γὰρ
3055 2203 3218 2273 μάγοι
3267 2207 3359 2254 καὶ
3391 2203 3505 2254 ὅσοι
3561 2209 3685 2276 περὶ
3710 2207 3876 2273 γόητας

2295 2297 2364 2346 τὰ
2413 2301 2596 2368 πρῶτα
2643 2291 2766 2365 παρ’
2801 2291 2942 2361 αὐτῷ
2993 2299 3090 2354 τῆς
3133 2287 3286 2362 τιμής
3330 2289 3647 2364 ἀπεφέροντο
3677 2307 3688 2318 ’
3739 2288 3878 2343 drm-

2296 2387 2502 2464 δαίμων
2555 2409 2611 2442 τε
2642 2393 2778 2462 εἴπερ
2834 2409 2915 2451 τις
2959 2390 3050 2452 ὢν,
3099 2393 3188 2440 καὶ
3217 2393 3336 2460 περὶ
3391 2391 3486 2447 τὴν
3529 2397 3636 2440 τῶν
3683 2385 3876 2441 εἰδώλων

2293 2480 2492 2536 πλάνην
2551 2475 2759 2552 σφόδρα
2809 2477 3135 2549 ἐπτοημένος,
3193 2474 3319 2530 οὐδέ
3364 2497 3415 2530 τι
3447 2487 3550 2529 τῶν
3611 2477 3878 2549 ἐλαχίστων

2295 2571 2402 2632 οἶός
2453 2568 2500 2621 τ’
2577 2568 2794 2641 ἐνεργεῖν
2849 2564 2910 2625 ἧν
2971 2574 3223 2640 μαντειῶν
3293 2567 3410 2619 ἄνευ
3467 2572 3564 2619 καὶ
3623 2571 3876 2640 τερατείας.

2294 2661 2384 2712 Διὸ
2443 2662 2534 2711 καὶ
2590 2666 2661 2728 τῲ
2713 2656 2831 2709 καθ’
2889 2659 3035 2726 ἡμῶν
3087 2653 3308 2728 διωγμῷ
3359 2653 3714 2731 σφοδρότερον
3761 2655 3878 2730 ἕπεο-

2293 2749 2454 2823 ῥάγη,
2503 2752 2624 2808 νεώς
2660 2765 2716 2799 τε
2743 2745 2987 2812 ἀνιστῶν,
3041 2747 3191 2818 ἱερεῖς
3237 2763 3292 2797 τε
3341 2749 3476 2798 κατὰ
3525 2752 3710 2800 πᾶσαν
3757 2745 3876 2796 πόλιν

2293 2841 2385 2890 καὶ
2435 2841 2642 2909 χώραν,
2689 2839 2780 2887 καὶ
2835 2835 2918 2888 ἐπὶ
2973 2838 3180 2896 τούτοις
3235 2833 3488 2909 ἀρχιερέα
3539 2832 3623 2907 ἐφ’
3681 2833 3878 2896 ἐκάσττς

2295 2925 2555 2998 ἐπαρχίας
2601 2927 2786 2989 τιθεὶς,
2840 2919 3092 2997 περιφοινῆ
3125 2943 3242 2976 τινα
3293 2928 3383 2976 καὶ
3411 2922 3698 2992 ἐπίσημον,
3743 2942 3876 2988 στρα-

2293 3015 2512 3087 τιωτικῇ
2566 3011 2858 3086 δορυφορίᾳ
2909 3013 3182 3087 ἐμπρέπειν
3227 3012 3444 3064 ἐκέλευε.
3487 3017 3664 3070 Γόησι
3713 3009 3768 3066 δε
3807 3017 3878 3064 καὶ

2295 3103 2512 3157 ἀσεϐέσι
2541 3107 2630 3164 τὰς
2669 3107 2920 3174 μεγίστας
2965 3109 3068 3153 τῶν
3112 3099 3294 3174 ἀρχῶν
3335 3103 3420 3154 οἶα
3451 3099 3521 3160 δὴ
3559 3104 3730 3174 φίλοις
3775 3103 3876 3152 θεῶν

2293 3189 2557 3268 ἐδωρεῖτο.
2619 3191 2882 3246 Ἐντεῦθεν
2946 3201 3238 3262 χρημάτων
3298 3189 3586 3262 ἀμυθήτων
3635 3189 3878 3264 εἶσπραξις

2293 3280 2356 3342 ἧν
2387 3301 2404 3316 ο
2453 3281 2783 3357 βαρυτάταις
2813 3278 2862 3332 δ’
2895 3280 3148 3343 ἐπινοίαις
3200 3283 3258 3332 τὸ
3307 3280 3534 3340 ὑπήκοον
3569 3280 3840 3355 έξετρίϐετο
3865 3299 3875 3312 ·

2291 3377 2382 3425 καὶ
2438 3375 2533 3436 τὰς
2582 3381 2680 3424 τῶν
2740 3371 2967 3446 εὐπόρων
3022 3371 3188 3432 οἰκίας
3253 3369 3336 3422 ίπὶ
3391 3377 3597 3445 σμικρᾷ
3652 3371 3878 3444 προφάσει

2295 3461 2479 3535 ἀθρόον
2533 3460 2744 3528 ἀντ-λῶν,
2795 3463 2888 3523 τὰς
2939 3459 3122 3522 οὐσίας
3181 3467 3292 3521 τοῖς
3348 3465 3463 3535 περὶ
3515 3461 3674 3513 αὐτόν
3731 3465 3878 3532 μίμοις

2293 3556 2386 3604 καὶ
2463 3550 2671 3613 κόλαξιν
2740 3546 3008 3618 ἐδωρεῖτο.
3077 3549 3163 3610 Ἐς
3218 3556 3475 3601 τοσοῦτο-ν
3543 3546 3607 3603 δὲ
3667 3559 3738 3621 τῷ
3783 3553 3874 3616 οἷπερ

2295 3641 2558 3699 ἡττᾶσθαι
2611 3644 2700 3691 καὶ
2747 3643 3018 3710 παροινίας
3073 3635 3224 3690 οὖδὶν
3281 3637 3523 3690 ἐλλείπειν
3601 3645 3780 3710 φασὶν,
3825 3641 3875 3695 ὡς

2293 3732 2430 3803 μετὰ
2500 3728 2657 3800 νῆψιν
2709 3727 2976 3802 μεταμέλῳ
3049 3729 3292 3802 χρῆσθαι
3343 3736 3446 3788 τοῖς

2293 3818 2465 3890 πολλῷ
2499 3836 2513 3850 ·
2569 3816 2868 3893 κραιπαλῶν
2901 3813 2951 3868 δ’
2982 3815 3221 3887 κᾶσὼτως
3268 3820 3338 3880 ὡς
3361 3813 3528 3889 μηδεν
3573 3817 3664 3890 ἐᾴν
3709 3817 3876 3888 ἀνεξέρ-

2294 3928 2490 3981 γαστον
2548 3924 2561 3936 ⁸

2295 3998 2615 4052 καθεστάναι
2665 3997 3024 4070 αἰσχρότητος
3055 4012 3068 4024 ⁸
3125 3999 3336 4048 ἔκλυτον
3397 3993 3454 4048 δὲ
3517 4003 3638 4057 ταῖς
3693 4001 3875 4069 τρυφαῖς

2297 4083 2429 4140 εἶναι
2477 4089 2534 4138 τὸ
2589 4089 2965 4158 στρατιωτικὸν
3026 4085 3235 4148 πείθων,
3294 4090 3384 4136 καὶ
3443 4092 3558 4148 ταῖς
3621 4085 3876 4158 ἀναγώγοις

3523 3735 3874 3802 πραττομένοις

2627 3907 2767 3968 τελος
2817 3913 2925 3968 τοῖς
2979 3911 3096 3979 περὶ
3147 3905 3303 3958 αὐτὸν
3351 3906 3520 3958 ἅπασι
3577 3905 3876 3960 διδάσκαλον

2299 4175 2550 4248 μελέταις.
2621 4178 2907 4248 Στρατηγοὶ
2965 4169 3024 4226 δε
3089 4177 3178 4225 καὶ
3239 4169 3470 4226 διοικταὶ
3522 4176 3718 4228 ὡσανεὶ
3778 4193 3878 4226 συν-

2299 4270 2663 4340 τυραννοῦντες
2718 4259 2850 4322 ἦσαν
2901 4261 3060 4332 αὐτῷ,
3117 4259 3212 4314 διὰ
3261 4265 3438 4324 πάσης
3503 4266 3723 4326 ᾖκοντες
3763 4263 3876 4315 πλεο-

2301 4354 2468 4418 νεξίας
2515 4357 2605 4406 καὶ
2652 4351 2912 4426 ἁρπαγῆς.
2961 4355 3068 4413 Τὰς
3117 4348 3167 4404 δ’
3227 4351 3468 4424 ἐμπαθεῖς
3517 4351 3772 4426 ἐργασίας
3811 4357 3876 4404 καί

2303 4447 2390 4496 τὸν
2445 4442 2665 4516 ἀριθμὸν
2717 4451 2815 4493 τῶν
2869 4440 3320 4514 παλλακευομένων
3377 4443 3516 4512 αὐτῷ
3571 4452 3686 4506 πῶς
3725 4445 3778 4495 ἄν
3823 4461 3876 4499 τις

2305 4537 2395 4586 καὶ
2449 4529 2700 4595 διεξέλθοι
2733 4547 2746 4598 ;
2783 4530 2936 4584 Πόλιν
2975 4533 3074 4603 γὰρ
3108 4527 3358 4602 οὐδεμίαν
3404 4527 3464 4590 ἦν
3505 4533 3794 4606 παρελθεῖν,
3821 4535 3872 4600 μὲ

2307 4623 2501 4696 φθορὰς
2577 4625 2666 4674 καὶ
2739 4620 2982 4692 ἅρπαγας
3052 4629 3312 4692 γυναικῶν
3387 4619 3744 4693 εἰργασμένον.
3822 4619 3874 4671 Οὐ

2308 4711 2426 4765 καθ’
2482 4714 2626 4783 ἡμῶν
2681 4707 2739 4762 δὲ
2791 4711 2976 4782 μόνων,
3037 4708 3165 4762 ἀλλὰ
3212 4715 3302 4763 καὶ
3359 4712 3494 4762 κατὰ
3553 4713 3760 4766 πάντων
3802 4717 3875 4760 τῶν

2310 4802 2553 4858 ὑπηκόων
2583 4795 2713 4874 ἔδρα
2740 4801 2806 4851 τὰ
2852 4796 3128 4856 πάνδεινα,
3163 4799 3314 4871 Ἡμῖν
3345 4801 3444 4872 γὰρ
3485 4799 3594 4872 οὐχ
3631 4803 3686 4854 οἱ
3727 4797 3876 4870 ἄνδρε;

2309 4893 2441 4964 πρὸς
2491 4896 2592 4964 πῦρ
2651 4893 2740 4940 καὶ
2799 4885 3039 4960 σίδηρον,
3095 4893 3186 4942 καὶ
3239 4887 3432 4960 βυθοὺς
3486 4889 3776 4952 θαλάσσης,
3813 4893 3876 4938 κει

2310 4977 2458 5052 λιμὸν
2509 4983 2598 5030 καὶ
2637 4977 2810 5050 ψῦχος
2865 4973 3298 5048 διηγγωνίζοντο,
3349 4982 3436 5030 καὶ
3483 4979 3647 5050 θῆρας
3697 4979 3876 5050 ἁργίονς

2310 5073 2402 5122 καὶ
2461 5066 2623 5140 μελῶν
2687 5065 2906 5139 ἐκτομὰς
2975 5069 3097 5140 ὐσερ
3165 5075 3260 5130 τῆς
3321 5067 3392 5128 εἰς
3445 5071 3573 5120 Θεὸν
3631 5066 3872 5122 εὐσεϐείας,

2313 5156 2440 5210 ἀλλὰ
2502 5161 2593 5208 καὶ
2653 5163 2890 5228 γυιαῖκες
2949 5159 3014 5208 τά
3061 5159 3156 5208 ἶσα
3207 5159 3336 5232 πρὸς
3389 5164 3478 5208 τοῦ
3561 5159 3704 5209 θείου
3757 5157 3872 5224 λόγου

3667 5251 3756 5298 καί
3815 5253 3872 5293 ἐπι

2312 5338 2504 5408 φθορὰν
2560 5335 2827 5407 ἀγόμεναι,
2886 5337 3066 5388 θᾶττον
3112 5333 3170 5386 ἂν
3224 5339 3317 5394 τήν
3363 5335 3548 5406 ψυχήν
3589 5336 3618 5394 ᾖ
3659 5339 3715 5388 τὸ
3761 5343 3872 5402 sua:

2753 5427 2822 5484 ὡς
2878 5421 3068 5487 ἓδειξεν
3113 5427 3142 5484 ἡ
3203 5424 3320 5477 κατ’
3371 5423 3764 5496 Ἀλεξανδρειαν
3813 5421 3870 5472 ἐπὶ

2313 5533 2482 5588 σημος
2541 5515 2705 5572 ἐκείνη
2767 5517 2858 5565 καὶ
2916 5510 3199 5574 διαϐόητος
3255 5513 3339 5566 ἐπὶ
3393 5517 3702 5588 σωφροσύνῃ
3753 5513 3868 5584 Tui.

2310 5601 2517 5680 πλούτῳ
2547 5609 2637 5657 καὶ
2681 5597 2900 5676 παιδείᾳ
2935 5607 3026 5658 καὶ
3057 5599 3192 5680 δόξῃ
3251 5599 3528 5678 διαφανὴς,
3583 5609 3678 5664 τὴν
3728 5600 3868 5656 ἀκολου

2312 5246 2656 5322 ὴῤῥενωμέναι
2731 5247 3043 5316 πάσχουσαι
3120 5243 3480 5319 διεκαρτέρουν
3565 5261 3578 5275 ·

2309 5421 2622 5499 προῦδωκαν
2680 5443 2693 5456 ·
