4016 6224
150 271 288 335 ι253

1176 277 1744 338 ECCLESIASTICE
1781 277 2146 340 HISTORIIE
2185 283 2322 340 LIB.
2363 275 2483 341 VII.

3379 277 3516 345 i234

147 415 266 449 στου
313 397 504 449 ἐκείνου
550 396 738 469 ψυχὴν
794 399 930 451 κατὰ
975 400 1160 473 κράτος
1189 403 1458 457 νικήσασα
1490 416 1502 429 ·
1561 398 1621 458 ἣν
1672 396 1742 458 δὴ

1859 400 2152 458 adulteria
2189 401 2344 472 ejur,
2369 400 2507 472 quis
2535 414 2746 472 quasso
2776 413 3078 472 exponere
3104 401 3342 474 possit?
3371 403 3523 460 Civi-

142 494 341 538 κτεῖναι
419 483 681 558 δεομένην,
741 487 770 548 ᾖ
832 491 918 540 τὸν
997 507 1235 560 σωφρονα
1299 488 1548 560 λογισμὸν
1625 508 1748 562 προ·

145 571 350 645 δοῦναι,
410 584 498 636 τῆς
554 575 830 648 ἐπιθυμίας
880 575 1072 648 μᾶλλον
1127 579 1154 636 ἦ
1209 585 1300 630 τοῦ
1347 580 1511 650 θυμοῦ
1563 597 1748 649 τυραν-

141 669 360 733 νούσης,
409 670 496 716 καὶ
563 672 678 727 ταῖς
747 667 918 718 ἐλπίσι
965 669 1404 740 μετεωριζούσης,
1463 667 1523 720 οὐ
1585 687 1749 726 κατη-

142 755 351 817 ξίωσεν.
407 753 685 826 Ἀειφυγίᾳ
732 751 789 808 δὲ
829 755 1123 826 ζημιώσας,
1183 759 1360 828 κύριον
1419 755 1599 808 ἑαυτὸν
1652 765 1748 818 τῆς

141 848 449 917 περιουσίας
501 846 756 900 καθίστα.
819 844 1010 898 Πολλαὶ
1050 848 1139 915 μεν
1169 841 1256 896 οὖν
1287 849 1376 896 καὶ
1430 844 1582 897 ἄλλαι
1613 848 1748 898 κατὰ

140 941 337 995 τοπους
384 929 513 1005 μηδ’
567 934 746 1008 οῖκροις
789 933 918 986 ὠσὶν
965 933 1325 1006 ἀνασχόμεναι
1378 937 1742 1006 πορνευθῆναι,

139 1027 316 1075 πάντα
361 1025 539 1074 παθεῖν
588 1024 722 1095 ἄχρι
775 1019 842 1081 δὴ
888 1025 1108 1074 θανάτου
1168 1024 1452 1093 ἠνέσχοντο
1485 1066 1498 1078 .
1543 1029 1641 1076 Καὶ
1687 1043 1746 1094 γε

142 1113 439 1183 θαυμάσιαι
488 1113 576 1182 μεν
632 1110 841 1176 ἐκεῖναι,
897 1111 1064 1182 πολλῷ
1122 1108 1181 1163 δε
1235 1110 1628 1184 ὑπερϐάλλουσα
1675 1121 1745 1182 τῷ

140 1205 287 1271 μέσῳ
324 1201 352 1256 η
417 1197 501 1250 ἐπὶ
530 1198 726 1270 Ῥώμης
776 1202 937 1258 ἐκείνη
989 1202 1191 1270 εὐγενὴς
1239 1209 1309 1270 τῷ
1367 1205 1476 1251 ὄντι
1523 1200 1677 1270 ψυχή
1723 1214 1736 1228 ⁸

140 1291 212 1340 τὰ
238 1291 338 1362 γὰρ
389 1290 544 1359 όμοια
596 1283 727 1360 δρᾷν
760 1289 938 1341 ἑθελων
979 1289 1251 1361 Μαξιμίνῳ
1305 1289 1606 1358 Maian”,
1661 1289 1746 1342 οἶα

141 1381 210 1429 τὰ
241 1385 461 1448 συγγενῆ
519 1382 608 1429 καὶ
663 1373 860 1450 ἀδελφὰ
903 1377 974 1450 ἐφ’
1029 1377 1198 1430 ἅπασι
1253 1384 1346 1430 καὶ
1404 1387 1598 1451 φρονῶν
1657 1383 1741 1430 καὶ

142 1468 385 1538 πράττων
438 1465 631 1536 ἐκείνῳ,
707 1469 910 1539 ἐπείπερ
965 1465 1130 1524 ἐκείνη
1199 1471 1315 1526 τούς
1372 1476 1460 1528 τῆς
1517 1467 1744 1540 πράξεως

142 1556 442 1627 ὑπουργοὺς
499 1562 571 1624 τῷ
619 1560 846 1630 σφετέρῳ
904 1558 1028 1627 οἴκῳ
1081 1555 1392 1618 ἐπιστάντας
1446 1559 1594 1627 ἔγνω,
1655 1561 1744 1608 καὶ

137 1652 310 1696 ταῦτα
364 1652 456 1695 τοῦ
517 1640 702 1716 ἀνδρὸς
760 1644 917 1705 αὐτῆς
980 1649 1072 1702 τὴν
1132 1653 1223 1696 τοῦ
1290 1645 1533 1721 ἐπάρχου
1596 1643 1744 1706 ἀξίαν

138 1729 587 1808 ὃιαχειρίζοντος,
636 1736 1068 1796 κατασεισθέντος
1110 1742 1181 1804 τῷ
1223 1731 1328 1786 δέει
1379 1739 1468 1786 καὶ⁹
1525 1733 1743 1804 ἀπάγειν

134 1821 455 1886 κελεύοντος,
513 1821 620 1874 ἐπεὶ
668 1821 884 1884 ἐξιοῦσα
931 1822 990 1875 ού
1053 1825 1184 1875 πάνυ
1234 1823 1364 1875 πολὺ
1415 1829 1598 1896 προῄει
1651 1841 1742 1874 του

134 1913 311 1977 οῖκου,
373 1911 910 1983 ύποπαραιτησαμένη
945 1908 1102 1970 δῆθεν
1145 1916 1264 1974 τοὺς
1317 1914 1541 1983 οἱγοντας
1570 1915 1633 1972 ὡς
1681 1910 1741 1962 ἆν

129 2003 268 2071 πρὸς
299 2003 688 2074 εύσχημότερον
741 1997 979 2052 διάθοιτο
1025 2000 1210 2058 ἑαυτήν
1251 2015 1264 2028 ⁸
1319 2003 1620 2072 μονωθεῖσα
1659 1997 1736 2064 δὲ,

132 2093 234 2146 τὴν
293 2091 566 2163 μάχαιραν
616 2092 750 2141 κατὰ
787 2098 885 2141 τῶν
937 2092 1164 2161 ἐγκὰτων
1214 2090 1401 2148 ἤλαυνε
1434 2106 1447 2120 ⁸
1508 2095 1594 2141 τον
1651 2093 1740 2161 μεν

133 2177 305 2238 αὐτῆς
379 2182 554 2252 νεκρὸν
631 2178 837 2239 ἐκείνοις
890 2179 1138 2244 λιποῦσα,
1203 2183 1373 2252 ἔργοις
1433 2177 1491 2232 δὲ
1565 2179 1742 2241 αὐτοῖς

129 2265 556 2341 παραδεικνῦσα,
633 2269 714 2322 ὃτι
777 2273 930 2341 μόνον
985 2271 1278 2344 χρημάτων
1328 2269 1566 2322 ἁπάντων
1617 2267 1743 2320 ἀνω-

129 2355 313 2429 λεθρον
375 2362 464 2409 καὶ
523 2356 779 2416 ἀήττητον
847 2361 875 2418 ὴ
928 2362 1071 2432 παρὰ
1102 2367 1476 2431 Χραιστιανοῐς
1525 2362 1742 2430 πέφυκεν

133 2444 318 2518 ἀρετὴ,
377 2451 464 2498 καὶ
530 2443 683 2500 οὐδὲν
744 2445 1028 2522 ἐρρωμένου
1093 2447 1350 2520 λογισμοῦ
1427 2445 1740 2520 βιαιότερον.

129 2537 380 2594 Τοσαύτη
437 2539 624 2598 κακίας
654 2539 787 2609 φορὰ
821 2539 919 2589 ὑπὸ
971 2539 1058 2588 τὸν
1099 2537 1254 2589 αὐτὸν
1305 2542 1392 2588 καὶ
1434 2539 1521 2589 ἕνα
1553 2538 1743 2611 χρόνον

128 2629 230 2681 τήν
276 2644 328 2676 τε
366 2625 428 2676 ἕω
476 2630 566 2677 καὶ
614 2625 832 2700 ἑσπέραν
883 2623 1142 2698 διείληφεν
1181 2628 1282 2679 ὑπὸ
1322 2635 1421 2678 τῶν
1473 2623 1568 2678 δύο
1629 2628 1744 2677 τού-

133 2733 236 2765 των
289 2717 546 2788 τυράννων
598 2712 796 2786 ἀδελφὰ
843 2720 1158 2790 φρονούντων
1205 2720 1274 2788 ἐγ
1305 2717 1501 2769 ἅπασιν
1547 2732 1561 2746 ⁶
1611 2718 1746 2773 ᾧστε

138 2800 474 2866 ἀδιστάκτως
528 2803 902 2878 ἀποφηναμένῳ
958 2807 1117 2859 εἰπεῖν
1176 2807 1370 2868 ἔξεστιν
1435 2809 1596 2858 αἰτιον
1651 2814 1744 2867 τῆς

140 2892 310 2945 αὐτῶν
379 2897 643 2957 τοσαύτης
694 2895 1102 2968 ἐγκαταλιὺῥεως
1157 2897 1266 2968 μετ’
1335 2895 1506 2968 ὀλίγον
1578 2891 1744 2966 μηδεν

139 2981 263 3034 ἄλλο
311 3001 370 3054 γε
416 2979 544 3035 εἶναι
576 2983 605 3043 ἡ
639 2987 727 3037 τὸν
779 2985 896 3038 καθ’
947 2987 1090 3057 ἡμῶν
1125 2982 1360 3058 διωγμόν
1401 2999 1414 3012 ⁶
1471 2985 1522 3046 ὃς
1553 2980 1618 3041 δὴ
1654 2987 1744 3036 καὶ

138 3073 327 3124 στάσιν
376 3071 599 3144 εἰλήχει,
657 3075 804 3145 ἡμῶν
834 3077 927 3133 τὴν
981 3077 1182 3134 συνήθη
1239 3074 1539 3150 παρρησίαν
1592 3069 1746 3134 αὖθις

134 3158 520 3212 ἀπολαϐόντων.

1858 495 2038 546 tatem
2100 490 2392 561 praeterire
2451 491 2638 560 potuit
2700 489 2946 555 nullam,
3009 491 3155 562 quin
3214 492 3514 564 pleraeque

1855 579 2132 635 mulieres
2175 579 2518 634 vitiarentur
2547 584 2725 650 atque
2747 588 3110 650 raperentur.
3155 581 3270 636 Nec
3307 582 3366 636 in
3399 597 3510 656 nos

1855 669 2038 734 solos,
2073 669 2177 724 sed
2201 668 2260 724 in
2291 684 2502 724 omnes
2534 668 2715 723 etiam
2755 668 3027 724 subditos
3058 685 3200 725 suos
3246 686 3340 724 res
3389 677 3513 726 tam

1855 774 2066 828 graves
2123 757 2403 813 exercuit.
2468 756 2644 827 Apud
2701 773 2813 813 nos
2859 759 3104 829 quidem
3167 761 3226 815 in
3280 760 3514 816 Oriente

1847 847 2022 918 juxta
2055 853 2109 904 et
2131 846 2468 909 Occidente,
2501 861 2622 901 non
2647 846 2752 901 viri
2775 852 3006 904 tantum
3039 855 3280 920 propter
3307 865 3515 906 veram

1852 937 1912 992 in
1945 939 2127 992 Deum
2179 936 2482 1006 pietatem,
2525 935 2815 990 adversus
2846 936 3070 1006 ignem,
3108 937 3354 1004 ferrum,
3391 937 3518 1007 gla-

1853 1025 2006 1090 dios,
2040 1026 2223 1080 maris
2257 1023 2473 1086 undas,
2505 1022 2748 1089 famem,
2789 1030 3002 1080 aestum
3033 1031 3088 1080 et
3131 1025 3419 1094 algorem,
3459 1032 3517 1084 et

1853 1120 2060 1170 contra
2099 1113 2288 1171 bestia
2315 1155 2331 1176 ,
2360 1112 2892 1184 membrorumque
2920 1113 3295 1170 concisiones
3327 1115 3517 1187 depu-

1853 1209 2115 1273 gnarunt
2166 1219 2177 1257 :
2235 1202 2434 1258 sedet
2493 1201 2857 1256 mulierculae
2912 1202 3114 1258 divino
3164 1202 3512 1260 confortatus

1854 1292 2057 1360 verbo,
2103 1291 2310 1348 eadem
2362 1291 2490 1346 haec
2539 1291 2796 1361 perferre
2848 1293 3260 1347 sustinuerunt
3314 1309 3326 1344 :
3377 1309 3514 1365 quas

1851 1397 1987 1435 cum
2031 1381 2109 1436 ad
2138 1380 2604 1450 corruptionem,
2663 1385 2938 1450 stuprum
2961 1387 3013 1436 et
3049 1381 3349 1453 pudicitia
3377 1397 3518 1437 con-

1850 1470 2305 1526 taminationem
2348 1469 2730 1532 ducerentur,
2760 1470 2943 1524 vitam
2969 1470 3140 1525 citius
3179 1487 3364 1542 quam
3390 1486 3517 1526 cor-

1850 1576 1964 1631 pus
2007 1557 2416 1630 prodiderunt.
2448 1557 2508 1612 Id
2527 1557 2692 1629 quod
2714 1559 2948 1627 egregie
2979 1559 3240 1614 ostendit
3268 1559 3517 1616 Alexan-

1851 1649 2024 1704 drina
2053 1648 2156 1703 illa
2171 1647 2380 1703 mulier
2407 1647 2504 1718 (l),
2553 1647 2791 1718 Opibus,
2821 1649 2955 1703 vitae
2987 1649 3270 1713 instituto,
3306 1649 3537 1724 virtute,

1781 1778 1820 1831 Β
1854 1742 1912 1792 et
1942 1737 2001 1792 in
2042 1737 2248 1808 primis
2279 1737 2565 1792 castitatis
2595 1736 2782 1831 gloria
2821 1737 3092 1802 celebris,
3147 1753 3277 1809 quae
3321 1737 3520 1793 libidi-

1852 1842 2077 1882 nosum
2107 1826 2237 1895 ejus
2287 1825 2561 1880 animum
2619 1824 2942 1881 fortissime
2989 1826 3308 1897 superavit.
3371 1827 3516 1882 Cum

1852 1931 2116 1986 namque
2146 1930 2285 1969 eum
2312 1913 2414 1969 illa
2435 1913 2848 1979 obtestaretur,
2886 1920 2948 1970 ut
2974 1915 3157 1970 vitam
3173 1914 3286 1969 sibi
3314 1915 3514 1986 potius

1852 2019 2036 2076 quam
2067 2003 2418 2075 pudicitiam
2437 2003 2742 2068 adimeret,
2765 2004 2930 2075 quod
2947 2004 3275 2075 cupiditate
3301 2005 3516 2074 magis,

1851 2109 1986 2164 qua:
2023 2109 2162 2148 eum
2189 2093 2249 2147 in
2283 2107 2568 2161 magnam
2587 2108 2758 2164 spem
2780 2098 2919 2148 voto
2950 2109 3059 2147 suo
3086 2093 3353 2165 potiendi
3384 2109 3521 2149 sus-

1852 2181 2083 2247 tulerat,
2123 2197 2310 2252 quam
2336 2181 2424 2237 ira
2452 2187 2845 2252 grassaretur,
2895 2182 3173 2253 precibus
3225 2183 3355 2253 ejus
3393 2199 3517 2240 non

1853 2270 2167 2343 acquievit,
2226 2270 2332 2326 sed
2396 2270 2524 2341 ejus
2556 2270 2616 2326 in
2667 2276 3021 2340 perpetuum
3067 2279 3214 2328 actas
3239 2273 3514 2329 exsilium

1853 2360 2253 2415 substantiam
2287 2375 2529 2414 omnem
2561 2359 2864 2424 involavit,
2902 2361 3136 2432 sibique
3165 2361 3517 2418 vindicavit.

1854 2449 2043 2505 Multae
2071 2454 2356 2520 praeterea
2378 2448 2508 2504 alias
2541 2448 2599 2503 in
2634 2449 2928 2521 plerisque
2960 2449 3126 2514 locis,
3160 2466 3234 2505 ne
3263 2451 3516 2506 summis

1854 2537 2100 2610 quidem
2123 2536 2370 2592 auribus
2402 2537 2476 2592 de
2509 2544 2714 2610 stupro
2747 2553 2808 2592 se
2835 2538 3181 2610 compellari
3219 2539 3514 2610 patientes

1857 2627 2181 2681 durissima
2205 2640 2459 2697 quaeque
2473 2625 2550 2680 ad
2579 2631 2830 2682 mortem
2857 2642 3040 2697 usque
3069 2627 3356 2698 pertulere
3388 2644 3517 2684 ma-

1855 2715 1934 2770 la.
1968 2717 2106 2780 Quae
2135 2714 2383 2786 quidem
2413 2714 2786 2770 admirandis
2835 2721 2972 2770 sunt
3013 2731 3246 2780 omnes,
3302 2716 3402 2772 illa
3431 2722 3517 2773 ιο-

1858 2820 1992 2859 men
2016 2803 2305 2875 prasclara
2319 2803 2578 2860 maxime
2600 2803 2976 2859 nobilissima
2991 2805 3050 2859 in
3069 2805 3214 2860 urbe
3244 2808 3516 2864 Romana

1856 2894 2080 2950 anima.
2121 2892 2450 2948 Maxentius
2501 2908 2786 2964 namque,
2820 2893 2920 2964 qui
2962 2893 3210 2949 libidine
3256 2894 3518 2950 Maximi-

1782 3013 1820 3069 C
1855 2998 2002 3037 num
2025 2981 2294 3038 aemulari
2327 2981 2387 3036 in
2419 2980 2693 3037 animum
2724 2981 3060 3047 induxerat,
3094 2983 3305 3038 eadem
3328 2983 3390 3039 in
3428 2999 3518 3040 re-

1853 3071 1967 3127 bus
1997 3071 2282 3128 omnibus
2334 3085 2469 3142 quae
2513 3070 2628 3138 ille,
2678 3070 2853 3127 veluti
2898 3073 3277 3144 propinquus
3335 3077 3514 3145 atque

1855 3160 2035 3217 frater
2065 3165 2123 3215 et
2155 3161 2414 3216 sentiens
2451 3164 2509 3215 et
2540 3159 2782 3226 faciens,
2811 3160 2872 3215 in
2903 3161 3066 3217 aedes
3114 3161 3243 3232 ejus
3282 3161 3515 3219 feminae

129 3248 522 3306 administros
547 3251 736 3321 stupri
762 3253 1008 3310 miserat
1035 3253 1114 3324 (2)
1143 3271 1160 3308 :
1212 3253 1386 3325 471
1421 3251 1790 3324 maritusque
1820 3250 1951 3322 ejus
1980 3249 2395 3321 prafecturam
2429 3247 2594 3304 urbis
2643 3264 2876 3319 gerens,
2921 3251 3133 3306 timore
3180 3250 3516 3322 perculsus,

134 3338 362 3394 abduci
389 3353 524 3395 eam
545 3339 831 3410 jusserat.
879 3341 1009 3413 Ipsa
1042 3348 1243 3398 autem
1289 3342 1475 3398 domo
1503 3356 1744 3410 egressa
1776 3339 1874 3410 (3),
1918 3354 2057 3394 cum
2094 3337 2406 3409 paululum
2459 3337 2792 3393 admodum
2824 3339 3231 3410 processisset,
3289 3340 3514 3396 dolosis

132 3425 447 3484 blanditiis
478 3443 515 3482 a
561 3429 1021 3499 productoribus
1054 3433 1176 3486 suis
1228 3431 1588 3502 impetravit,
1636 3437 1697 3484 ut
1736 3428 1848 3484 sibi
1898 3427 1958 3481 in
1990 3427 2150 3482 tedas
2189 3427 2264 3482 ad
2307 3426 2581 3482 habitum
2615 3428 3015 3499 vestitumque
3067 3428 3379 3484 cultiorem
3414 3445 3517 3484 su-

131 3514 431 3570 mendum
463 3516 656 3572 redire
681 3516 903 3574 liceret.
934 3524 1124 3590 Atque
1150 3519 1232 3574 ibi
1259 3535 1394 3576 cum
1429 3518 1570 3575 sola
1593 3522 1772 3582 esset,
1816 3515 2003 3571 cultro
2025 3515 2284 3587 seipsam
2315 3515 2605 3570 confodit.
2649 3516 2738 3571 Sic
2783 3516 2880 3571 illa
2910 3517 3168 3573 cadaver
3216 3518 3301 3572 eis
3330 3533 3508 3572 suum

135 3602 420 3674 reliquit:
464 3603 619 3660 facto
649 3610 852 3662 autem
876 3606 978 3663 tali
1008 3608 1150 3662 satis
1189 3607 1532 3671 declaravit,
1577 3621 1775 3661 rerum
1817 3604 2089 3658 omnium
2132 3604 2394 3658 maxime
2442 3604 2727 3658 invictam
2759 3609 2938 3674 atque
2985 3604 3517 3676 inexpugnabilem

135 3691 613 3748 Christianorum
654 3695 953 3760 virtutem,
982 3696 1250 3768 nihilque
1278 3711 1407 3752 esse
1439 3695 1642 3751 animo
1673 3693 1844 3747 firmo
1908 3695 1964 3745 et
1989 3692 2287 3746 constanti
2319 3691 2653 3746 violentius.
2687 3694 2908 3747 Tantus
2943 3692 3219 3748 vitiorum
3265 3693 3520 3762 ﬂagitio-

127 3797 396 3853 rumque
427 3783 702 3839 omnium
743 3799 863 3839 uno
903 3785 1239 3857 eodemque
1272 3791 1538 3856 tempore
1569 3798 1673 3852 per
1717 3781 2036 3844 Orientem,
2084 3781 2589 3850 Occidentemque
2617 3779 2818 3844 simul,
2871 3781 3050 3836 simul
3111 3783 3226 3837 sub
3277 3783 3520 3839 duobus

131 3869 303 3925 hisce
347 3873 640 3942 tyrannis,
680 3888 1000 3941 germanos
1045 3875 1106 3929 in
1159 3873 1479 3931 sceleribus
1523 3871 1808 3928 omnibus
1845 3868 2084 3923 animos
2135 3867 2564 3933 obtinentibus,
2630 3875 2960 3940 proventus
3019 3869 3149 3925 fuit.
3207 3871 3520 3928 Aﬂirmare

134 3959 558 4016 mediustidius
602 3966 757 4018 certe
789 3978 1056 4034 possum,
1089 3964 1255 4036 quod
1283 3963 1359 4020 illi
1395 3962 1560 4018 brevi
1588 3965 1796 4033 postea
1824 3959 1882 4012 in
1914 3962 2142 4012 tantum
2193 3961 2333 4011 sunt
2362 3957 2616 4025 coniecti
2665 3956 3006 4024 discrimen,
3064 3959 3212 4036 nihil
3261 3959 3423 4016 aliud
3458 3962 3522 4017 in

133 4063 326 4104 causa
355 4048 558 4116 fuisse,
601 4066 788 4122 quam
839 4067 1000 4122 eam,
1047 4069 1182 4124 quae
1210 4057 1416 4110 contra
1443 4066 1553 4108 nos
1580 4049 1832 4107 excitata
1856 4052 1963 4112 est,
2001 4045 2496 4118 persecutionem.
2550 4047 2632 4101 Ea
2682 4061 2821 4101 vero
2862 4047 3132 4116 vigorem
3175 4055 3519 4122 statumque

131 4153 320 4194 suum
383 4138 714 4198 ﬁrmiorem
775 4146 864 4198 est
914 4147 1260 4209 consecuta,
1310 4157 1448 4199 cum
1505 4155 1617 4198 nos
1665 4141 2018 4196 consuetam
2071 4135 2406 4192 libertatem
2460 4139 2516 4191 et
2571 4135 2973 4193 constantiam
3031 4143 3304 4195 nostram
3361 4155 3523 4197 rece-

131 4226 360 4300 pimus.

730 4350 978 4404 ΚΕΦΑΛ.
1028 4349 1149 4403 KB’.

130 4455 292 4524 Περὶ
331 4458 448 4502 τῶν
490 4449 990 4524 ἐπισκηψάντων
1034 4450 1278 4519 δεινῶν,
1337 4461 1445 4510 καὶ
1483 4465 1592 4518 τῆς
1630 4465 1750 4509 τῶν

497 4528 908 4598 κρατούντων
965 4525 1390 4599 παλινῳδίας.

205 4721 413 4792 Χρόνου
439 4721 539 4792 γὰρ
582 4718 805 4774 δεκάτου
862 4722 1134 4786 ἐξήκοντος
1179 4733 1250 4796 τῷ
1304 4719 1544 4798 διωγμῷ,
1598 4722 1748 4778 οὐδὲν

127 4809 156 4859 ὅ
214 4826 270 4858 τι
323 4816 422 4859 τῶν
474 4809 540 4869 εἰς
599 4807 874 4869 ἐπιϐουλὴν
954 4817 1045 4864 καὶ
1114 4813 1332 4885 πόλεμον
1411 4819 1502 4865 καὶ
1569 4814 1749 4876 αὐτοῖς

124 4896 556 4966 παραλέλειπτο’
609 4901 794 4970 μάχης
845 4903 947 4975 γὰρ
1003 4903 1051 4954 ἐν
1102 4910 1176 4973 τῷ
1206 4903 1396 4975 μεταξύ
1448 4910 1558 4955 τοῖν
1599 4899 1747 4956 δυοῖν

124 4989 408 5061 τυράννοιν
459 4993 825 5062 γεγενημένης,
875 4991 1108 5052 ἄπλωτος
1163 4996 1253 5064 μὲν
1309 4995 1338 5052 ἡ
1377 4991 1607 5046 θάλαττα
1638 4990 1698 5052 ἦν
1729 5014 1742 5027 ·

124 5077 175 5129 εἰ
233 5071 297 5127 δέ
340 5095 439 5128 που
499 5082 589 5129 καὶ
645 5078 800 5140 πλοῦς
853 5080 936 5148 ἦν,
994 5081 1235 5156 στρέϐλαι
1275 5085 1363 5136 καὶ
1413 5083 1591 5148 ξέσεις,
1649 5083 1742 5157 βά-

131 5169 292 5218 σανοί
365 5184 418 5217 τε
492 5175 732 5220 παντοῖαι
807 5178 906 5221 τῶν
982 5170 1292 5244 ἑκατέρωθεν
1394 5172 1743 5246 ἁλισκομένων

210 5312 289 5373 (1)
333 5305 581 5362 Ruﬁnus
613 5323 748 5365 eam
775 5310 1135 5368 Dorotheam
1160 5314 1454 5372 nominat.

209 5381 282 5446 (2)
327 5379 730 5449 Sophroniam
757 5382 1006 5438 Ruﬁnus
1041 5391 1232 5442 vocat.

211 5449 292 5528 (_3)
336 5452 414 5531 De
439 5452 790 5531 gophroniae
819 5453 1002 5527 hujus
1029 5469 1174 5514 casu
1201 5458 1555 5518 Prudentius
1601 5461 1740 5520 scri-

125 5523 334 5598 psisse
363 5521 629 5581 videtUr:

2465 4341 2686 4396 CAPUT
2745 4341 2898 4398 XXII.

1857 4447 1944 4504 De
1955 4446 2220 4503 cladibus
2231 4447 2832 4516 quzpersecutionem
2853 4450 3011 4507 hanc
3023 4453 3163 4506 sunt
3175 4452 3490 4509 subsecutae
3506 4494 3520 4518 ,

1931 4525 1985 4575 et
2012 4519 2084 4574 de
2103 4519 2531 4588 imperatorum
2553 4521 2887 4590 palinudia,
2911 4537 3013 4580 seu
3036 4528 3445 4581 recantatione
3467 4531 3522 4581 et

1924 4609 2297 4678 pauitantia.
2335 4625 2338 4628 ‘

1929 4736 2075 4790 Cum
2098 4733 2225 4803 jam
2256 4733 2526 4789 decimus
2547 4737 2975 4806 persecutionis
3001 4743 3273 4808 ageretur
3297 4755 3514 4806 annus,

1855 4821 2002 4879 nihil
2054 4821 2136 4876 illi
2185 4838 2430 4895 quoque
2470 4823 2633 4894 quod
2692 4825 2785 4880 vel
2831 4827 2909 4881 ad
2955 4828 3217 4884 occultas
3248 4829 3517 4896 insidias,

1855 4910 1945 4967 vel
1979 4911 2054 4966 ad
2086 4918 2360 4983 apertum
2392 4912 2545 4968 inter
2578 4928 2640 4968 se
2676 4913 2900 4970 bellum
2933 4917 3268 4987 pertineret,
3306 4919 3521 4975 omise-

1855 5005 2012 5057 runt.
2040 5001 2260 5056 Bellum
2295 5001 2454 5056 enim
2504 5003 2654 5057 inter
2681 5002 2836 5058 duos
2892 5004 3036 5060 istos
3093 5010 3381 5078 tyrannos
3416 5024 3519 5078 ge-

1857 5094 2015 5144 stum
2077 5095 2183 5155 est,
2237 5095 2291 5144 et
2347 5106 2511 5145 mare
2556 5090 2835 5146 infestum
2890 5098 3067 5166 atque
3114 5097 3518 5166 innavigabile

1853 5177 1985 5238 fuit.
2012 5179 2183 5244 Quod
2215 5179 2261 5234 si
2292 5179 2350 5234 id
2376 5195 2412 5235 a
2433 5180 2722 5251 quopiam
2754 5182 3160 5254 navigaretur,
3190 5202 3328 5242 eum
3351 5186 3518 5259 quod

1853 5347 1874 5390 ι
1925 5321 2046 5404 ,με
2077 5321 2129 5376 si
2163 5327 2346 5404 nupta
2379 5326 2574 5404 torum_
2612 5322 2768 5404 regis
2791 5326 3182 5404 conscendere
3211 5329 3409 5396 jussu,

1925 5393 2195 5467 prerat
2221 5398 2517 5467 impurum
2532 5393 2759 5467 domini
2776 5395 3072 5453 oblectare
3081 5393 3373 5467 furorem,

1919 5464 2110 5524 Morte
2137 5463 2438 5524 maritalis
2468 5465 2650 5524 dabat
2685 5467 3024 5539 indignatio
3047 5463 3286 5540 ῥωηαε.
