4020 6218
521 267 662 330 1235

1821 265 1866 324 Ν
1873 265 2204 326 ICEPHORI
2245 264 2562 325 CALLISTI

3665 95 3826 150 ιτ

3735 271 3850 328 {256

519 395 798 468 utrinque
827 394 978 452 alios
1023 391 1123 450 alii
1177 397 1384 465 captos
1431 391 1819 458 abducerent,
1887 391 2166 458 ﬁdiculas,

2287 391 2592 468 προύϐαινον
2621 409 2634 424 ’
2677 391 3134 466 ἀναοκολοπισμός
3161 411 3218 446 τε
3245 397 3334 447 καὶ
3377 394 3406 452 ἡ
3463 389 3560 446 διὰ
3603 397 3764 468 πυρὸς
3809 401 3852 448 τὸ

517 483 727 556 ﬂagra,
757 489 1050 540 tormenta
1081 481 1267 548 varia,
1295 497 1520 548 cruces,
1555 488 1612 538 et
1657 487 1962 553 postremo
2013 481 2168 550 ignis

518 573 879 645 supplicium
921 572 1264 626 manebant.
1303 571 1768 642 Apparabantur
1796 569 2016 642 ubique
2041 570 2170 626 tho-

520 677 708 726 races,
761 661 1045 732 cuspides
1095 667 1151 716 et
1205 660 1390 716 hastas
1457 677 1470 714 ε
1533 665 1820 732 praeterea
1875 659 2166 728 triremes,

521 752 741 807 classes
791 755 848 806 et
903 751 1298 805 instrumenta
1329 749 1464 806 belli
1515 751 1724 805 omnia
1781 749 1844 804 in
1885 755 2170 821 promptu

518 846 706 906 erant,
750 846 1138 910 temporeque
1167 855 1238 894 eo
1281 843 1400 894 toto
1447 838 1508 894 in
1555 837 1697 893 locis
1746 843 1801 893 et
1845 839 2170 910 provinciis

517 930 800 986 omnibus
827 928 968 983 nihil
1013 927 1174 983 aliud
1219 927 1309 982 vel
1362 927 1720 984 audiebatur
1743 927 1834 982 vel
1869 935 2174 996 exspecta-

518 1020 714 1084 batur,
745 1033 932 1090 quam
965 1017 1207 1072 hostiles
1247 1017 1638 1082 incursiones,
1679 1016 1894 1086 cmdes,
1921 1018 2166 1088 rapinas.

519 1107 745 1174 Quibus
777 1123 912 1162 cum
955 1105 1125 1162 malis
1156 1105 1342 1161 fames
1367 1121 1610 1177 quoque
1645 1105 1854 1176 irrupit
1881 1111 1938 1160 et
1995 1106 2170 1178 pesti-

519 1197 719 1262 lentia,
749 1196 822 1250 de
843 1211 966 1267 qua
996 1211 1106 1250 suo
1133 1195 1266 1250 loco
1301 1195 1594 1249 dicemus.
1637 1195 1736 1248 Hae
1767 1201 1851 1249 tot
1893 1199 1950 1250 et
1987 1201 2168 1252 tantm

521 1286 722 1342 clades
741 1284 1286 1340 circiterdecimum
1313 1283 1743 1354 persecutionis
1769 1299 2018 1350 annum,
2051 1287 2168 1342 Deo

521 1375 874 1445 opitulante,
896 1373 1646 1444 prorsusconquieverunt,
1673 1372 1973 1444 ﬁnemque
1989 1391 2168 1430 suum

520 1465 876 1525 habuerunt,
909 1461 1085 1534 472
1120 1478 1256 1516 cum
1289 1461 1534 1533 quidem
1565 1467 1699 1532 post
1723 1469 2005 1517 octavum
2048 1479 2169 1518 ces-

521 1567 650 1608 sare
675 1552 1014 1622 coepissent.
1047 1551 1218 1615 Quod
1249 1567 1510 1622 namque
1535 1550 1740 1606 divina
1785 1551 2038 1608 visitatio
2059 1568 2169 1624 pro

519 1641 838 1698 clementia
903 1645 960 1696 et
1022 1640 1384 1710 benignitate
1448 1655 1558 1694 sua
1585 1654 1694 1694 nos
1726 1641 1936 1695 viseret
1989 1647 2168 1712 atque

2278 481 2500 534 ὕστατον
2556 478 2820 540 καταδίκη
2879 497 2893 514 ⁸
2951 484 3182 558 θώρακές
3245 501 3301 536 τε
3365 487 3454 535 καί
3511 479 3740 545 ἀσπίδες
3787 497 3854 538 και

2279 566 2479 645 δόρατα
2551 573 2968 643 παρεσκεύαστο.
3041 573 3163 626 Ἐπὶ
3239 569 3298 625 δὲ
3373 575 3576 633 τούτοις
3653 579 3858 648 τριήρεις

2275 665 2366 712 καὶ
2411 665 2710 732 ναυμαχίαι
2755 665 2846 713 καὶ
2885 664 2914 720 ἠ
2961 667 3108 714 πᾶσα
3159 669 3250 714 τοῦ
3303 660 3527 734 πολέμου
3587 663 3854 734 παράταξις

2277 747 2325 800 ἐν
2373 749 2582 822 ἑτοίμῳ.
2644 755 2744 803 Καὶ
2795 747 2864 808 δή
2924 753 3058 803 κατά
3111 753 3282 804 πάντα
3333 755 3489 804 τόπον
3537 756 3633 803 καὶ
3695 759 3860 825 χρόνω

2275 843 2366 890 καὶ
2425 837 2542 890 καθ’
2611 838 2838 898 ἑκάστην
2893 841 3156 914 ἐπαρχίαν
3212 839 3307 892 ούκ
3373 837 3434 898 ἦν
3499 839 3626 892 ἄλλο
3683 839 3860 892 ἀκούειν

2276 931 2366 980 καὶ
2419 923 2700 1000 προσδοκᾷ
2749 929 2780 987 ἦ
2849 928 3104 1000 πολεμίων
3169 925 3352 1000 έφοδον
3411 933 3500 982 καί
3563 933 3756 1002 φόνους
3793 937 3862 982 καὶ

2277 1015 2536 1088 ἁρπαγάς,
2590 1018 2710 1070 Ἐπὶ
2759 1013 2820 1070 δι
2877 1020 3086 1080 τούτοις
3135 1017 3284 1090 λιμός
3339 1037 3392 1070 τε
3443 1017 3744 1076 ἐπέσκηπτε
3795 1035 3867 1080 καί

2275 1105 2473 1175 λοιμὸς,
2531 1111 2648 1180 περὶ
2701 1107 2762 1158 οὗ
2811 1109 2947 1160 κατὰ
2997 1110 3176 1180 καιρὸν
3229 1110 3600 1180 ἱστορήσομεν.
3657 1115 3868 1160 Τοιαῦτα

2277 1191 2424 1246 δεινὰ
2465 1193 2598 1266 ἀμφὶ
2649 1203 2720 1266 τῷ
2767 1192 2966 1268 δεκάτῳ
3013 1197 3112 1250 ἔτει
3149 1205 3244 1250 τοῦ
3303 1194 3538 1270 διωγμοῦ
3587 1197 3866 1270 ἐπεισφρῂ-

2279 1303 2462 1354 σαντα,
2519 1289 2612 1337 σύν
2661 1283 2838 1359 ἀρωγῇ
2901 1289 3013 1358 θείᾳ
3065 1288 3366 1339 παντάπασι
3425 1291 3718 1353 πέπαυται,

2277 1373 2342 1434 εὶς
2393 1374 2533 1436 τέλος
2589 1370 2917 1448 διέῥρευσαν.
2982 1375 3182 1448 Ἐλὼφα
3229 1396 3289 1448 γε
3353 1381 3456 1448 μὴν
3521 1378 3636 1448 μετ’
3695 1373 3870 1447 ὄγδοον

2278 1461 2541 1536 ἀρξάμενα
2587 1465 2717 1525 ἔτος.
2775 1467 2943 1517 Ἱλεων
2998 1467 3102 1540 γὰρ
3155 1467 3346 1517 ἄνωθεν
3399 1471 3487 1518 καὶ
3541 1465 3740 1538 dicere;
3789 1473 3872 1527 ri;

2281 1554 2422 1614 θείας
2485 1551 2748 1626 ἐνορώσης
2809 1557 3098 1614 ἐπισκοπῆς
3173 1557 3319 1626 ἡμῖν,
3393 1554 3586 1626 μᾶλλον
3651 1551 3710 1607 δε
3773 1553 3868 1612 ἤδη

2277 1641 2658 1704 ἐπιϐαλλούσης
2729 1643 2875 1716 όρᾴν,
2939 1651 3228 1701 τηνικαῦτα
3301 1649 3394 1696 καὶ
3449 1647 3499 1696 οἱ
3565 1648 3626 1696 τὸ
3703 1645 3874 1716 ἄρχειν

3795 1293 3870 1338 καὶ

520 1732 863 1804 respiceret,
933 1746 1038 1784 seu
1106 1730 1303 1800 potius
1361 1729 1655 1798 respicere
1717 1729 2020 1800 inciperet,
2065 1731 2168 1802 qui

2287 1732 2520 1802 λαχόντες
2578 1731 3016 1804 μεταϐαλλόμενοι
3097 1737 3194 1790 τὴν
3245 1739 3476 1804 γνώμην,
3563 1731 3874 1803 παλινῳδίαν

1721 1819 2014 1874 sententia
2062 1837 2170 1876 sua

524 1915 774 1977 mutata,
809 1907 1184 1980 palinodiam
1228 1911 1284 1962 et
1321 1907 1784 1962 recantationem
1805 1909 2166 1974 cecinerunt,

521 2005 578 2055 et
607 2014 898 2071 perquam
929 1996 1212 2052 humanis
1235 1995 1442 2050 litteris
1471 1997 1790 2051 excitatum
1829 2013 2012 2068 quam
2039 2015 2171 2053 ma-

522 2089 678 2145 xime
723 2091 932 2143 contra
965 2101 1076 2140 nos
1125 2085 1468 2140 incendium
1507 2085 1934 2156 persecutionis
1959 2089 2172 2142 exstin-

523 2183 756 2232 xerunt.
783 2177 924 2241 Quae
951 2191 1042 2229 res
1073 2175 1338 2246 profecto
1369 2174 1452 2228 sic
1495 2189 1614 2229 non
1641 2175 1906 2230 humano
1924 2175 2172 2232 consilio

523 2266 740 2321 evenit.
792 2265 898 2330 Qui
931 2265 1088 2318 enim
1131 2267 1208 2318 ab
1238 2263 1586 2318 hominibus
1615 2265 1928 2335 provenire
1959 2265 2168 2335 potuit,

524 2354 652 2427 qui,
685 2369 822 2408 cum
861 2351 1126 2424 quotidie
1163 2351 1606 2422 propemodum
1651 2351 1874 2408 crudeli
1905 2353 2172 2424 quadam

528 2442 852 2498 ambitione
883 2441 1063 2506 ducti,
1106 2455 1263 2495 nova
1289 2441 1579 2495 adversus
1619 2455 1731 2495 nos
1761 2445 2056 2496 tormenta
2081 2441 2174 2496 in-

525 2531 818 2596 venirent,
877 2529 991 2585 sibi
1029 2529 1181 2601 ipsis
1236 2535 1437 2584 tamen
1487 2545 1608 2585 non
1660 2529 2102 2587 satisfaciebant
2145 2529 2174 2586 τ

527 2619 897 2678 Manifestum
925 2634 1104 2689 porro
1131 2621 1239 2682 est,
1267 2633 1442 2688 Opem
1470 2633 1602 2672 eam
1629 2633 1666 2673 a
1695 2619 1896 2674 divina
1912 2619 2174 2674 bonitate

525 2707 700 2764 nobis
725 2707 1034 2774 accidisse,
1065 2723 1200 2778 quae
1231 2707 1521 2778 populum
1557 2707 1685 2777 ipsa
1709 2723 1885 2762 suum
1917 2708 2176 2763 clemen-

527 2803 614 2854 ter
638 2797 913 2868 respexit,
957 2803 1382 2868 auctoremque
1425 2795 1722 2852 malorum
1777 2797 2044 2868 perculit,
2105 2812 2176 2852 ac

525 2887 1054 2950 vehementiorem,
1135 2889 1209 2948 et,
1293 2889 1358 2940 ut
1389 2884 1470 2940 ita
1513 2885 1733 2948 dicam,
1787 2886 2174 2942 meraciorem

529 2977 680 3032 iram
722 2991 897 3030 suam
952 2973 1092 3030 duci
1131 2973 1560 3044 persecutionis
1587 2973 1960 3043 gravissimae
2006 2975 2177 3031 exhi-

529 3063 682 3121 buit.
717 3065 888 3130 Quod
919 3063 966 3118 si
995 3063 1110 3118 hoc
1137 3063 1314 3118 etiam
1357 3068 1420 3118 ut
1449 3067 1754 3134 tantopere
1789 3063 1849 3119 in
1879 3079 1989 3120 nos
2015 3063 2180 3119 δωτί-

527 3159 708 3218 retur,
731 3151 962 3225 judicio
986 3158 1042 3207 et
1069 3151 1461 3222 dispositione
1500 3156 1680 3224 atque
1722 3152 1875 3208 adeo
1923 3155 2180 3224 permis-

529 3243 702 3298 sione
730 3240 932 3296 divina
985 3239 1210 3296 factum
1254 3255 1384 3296 esse
1423 3240 1848 3304 concedamus,
1903 3241 2178 3300 divinum

529 3337 733 3388 tamen
765 3329 1094 3395 oraculum,
1127 3331 1242 3392 Vae,
1274 3329 1485 3400 inquit,
1513 3329 1570 3384 ei
1596 3343 1706 3398 per
1728 3345 1898 3402 quem
1928 3331 2181 3389 scanda-

534 3421 654 3476 lum
683 3427 737 3477 et
767 3419 1193 3488 offendiculum
1226 3420 1404 3474 venit.
1433 3417 1756 3474 Confestim
1786 3419 2079 3491 siquidem
2117 3419 2178 3476 in

530 3527 668 3566 eum
689 3509 790 3565 Dei
821 3508 991 3563 irruit
1021 3507 1303 3574 vindicta,
1355 3523 1391 3562 a
1419 3522 1598 3563 carne
1627 3507 1876 3579 quidem
1907 3508 2007 3564 illa
2035 3511 2181 3566 inci-

528 3600 723 3673 piens,
763 3598 868 3654 sed
912 3613 1046 3669 quas
1089 3597 1437 3652 daemonum
1495 3597 1861 3669 intemperiis
1892 3599 2179 3668 agitatam

529 3690 796 3746 animam
826 3687 954 3758 ejus
993 3701 1236 3758 quoque
1257 3685 1634 3757 pertingeret.
1659 3685 1860 3752 Qualis
1882 3693 2078 3743 autem
2109 3704 2183 3744 ea

527 3777 789 3834 vindicta
803 3775 994 3842 fuerit,
1021 3775 1340 3830 Eusebium
1363 3782 1938 3832 commemorantem
1979 3777 2182 3834 audia-

533 3883 668 3924 mus
697 3882 708 3921 :
740 3886 770 3918 «
799 3865 968 3920 Circa
999 3864 1196 3920 media
1247 3865 1406 3919 enim
1463 3869 1752 3920 tectorum
1781 3865 2182 3922 occultorum-

531 3971 650 4029 que
689 3954 955 4026 corporis
985 3953 1395 4008 membrorum
1429 3951 1581 4018 loca,
1613 3953 1936 4009 abscessus
1966 3960 2020 4010 et
2046 3971 2184 4026 sup-

533 4045 772 4118 puratio
819 4047 1061 4116 repente
1122 4043 1360 4107 exstitit,
1419 4057 1554 4114 quas
1631 4059 1770 4098 mox
1842 4043 2058 4098 deinde
2121 4045 2183 4100 in

531 4133 871 4190 ﬁstulosum
910 4131 1024 4188 alte
1058 4131 1360 4187 radicibus
1401 4131 1548 4186 actis
1577 4131 1741 4186 ulcus
1765 4134 1972 4188 evasit.
2001 4133 2065 4188 ld
2097 4133 2184 4189 in-

533 4221 786 4279 curabili
811 4227 868 4276 et
888 4226 1275 4293 proserpente
1301 4221 1673 4292 contagione,
1697 4219 1980 4278 interiora
2005 4227 2184 4278 etiam

537 4309 766 4366 viscera
795 4309 1252 4380 depascebatur.
1291 4309 1428 4364 Inde
1475 4308 1838 4364 incredibilis
1891 4311 2185 4366 vermium

539 4399 626 4456 vis
653 4399 1004 4461 scaturiens,
1037 4395 1316 4452 lethalem
1373 4397 1638 4454 fmtorem
1661 4413 1699 4454 a
1741 4402 1860 4454 tota
1915 4399 2184 4471 corporis

537 4487 694 4544 mole
721 4487 999 4542 excitavit
1041 4501 1056 4542 ς
1113 4501 1248 4557 quae
1303 4485 1492 4540 moles
1537 4503 1610 4542 ex
1659 4487 1846 4542 nimia
1891 4487 2186 4544 edacitate

535 4577 712 4642 illius,
765 4576 946 4632 etiam
991 4581 1128 4632 ante
1169 4573 1364 4646 ipsum
1403 4575 1706 4641 morbum,
1759 4575 1839 4632 ad
1877 4593 2184 4633 summum

539 4681 729 4738 usque
767 4663 954 4720 multa
993 4663 1201 4720 arvina
1229 4663 1496 4720 obducta
1549 4663 1737 4720 fuerat
1768 4680 1782 4719 :
1837 4681 2030 4737 eaque
2059 4671 2184 4722 tum

543 4753 966 4812 marcescendo
991 4751 1290 4819 difﬂuens,
1321 4752 1690 4808 horrendum
1723 4753 1988 4811 maxime
2018 4761 2071 4810 et
2103 4755 2189 4811 in-

542 4844 914 4899 tolerandum
935 4842 1358 4899 accedentibus
1389 4841 1644 4914 praebuit
1669 4843 2096 4914 spectaculum.
2127 4845 2192 4900 Et

542 4933 745 4988 medici
775 4931 993 5004 partim
1021 4947 1160 4986 cum
1191 4947 1264 4986 ne
1294 4931 1582 4986 sustinere
1606 4931 1852 5000 quidem
1886 4949 2190 4989 summam

542 5027 666 5078 tam
701 5021 842 5078 foedi
867 5021 1069 5076 odoris
1091 5021 1442 5090 gravitatem
1485 5027 1752 5091 possent,
1781 5022 1970 5077 necati
2007 5027 2187 5078 sunt:

542 5113 759 5184 partim
794 5111 958 5183 quod
983 5117 1104 5166 tam
1130 5109 1482 5181 corpulenta
1523 5107 1711 5167 moles
1765 5111 1958 5180 magis
2015 5111 2192 5166 etiam

539 5203 976 5265 intumesceret,
1009 5215 1114 5270 spe
1144 5197 1352 5254 salutis
1377 5199 1544 5256 omni
1578 5199 1835 5270 abjecta,
1867 5215 2005 5256 cum
2049 5199 2196 5256 nihil

541 5289 766 5356 auxilii,
789 5287 1112 5362 exploratis
1143 5287 1320 5343 rebus
1341 5287 1648 5352 omnibus,
1695 5289 1904 5344 aﬂerre
1931 5293 2192 5360 possent,

541 5379 846 5436 crudelem
891 5378 954 5435 in
1004 5377 1253 5434 modum
1299 5381 1440 5432 sunt
1489 5377 1798 5434 interfecti.
1871 5377 1967 5434 Ille
2019 5395 2195 5451 porro

545 5485 680 5526 cum
714 5469 892 5524 tantis
931 5467 1282 5523 contlictans
1331 5465 1523 5532 malis,
1574 5465 1904 5539 aliquando
1953 5469 2196 5526 tandem

545 5559 840 5620 nefariam
897 5573 1072 5613 suam
1114 5571 1257 5628 erga
1315 5557 1444 5628 pios
1486 5556 1759 5613 homines
1805 5559 2196 5616 temeritatem

521 1827 648 1878 tum
693 1835 893 1875 rerum
929 1833 1212 1873 summan
1277 1816 1643 1880 obtinebant,

2216 3104 2256 3162 C

2218 4455 2265 4510 D

2281 1816 2428 1892 ᾖδον,
2461 1821 2670 1894 ἡμέροις
2721 1818 2789 1879 δή
2839 1839 2952 1874 τισι
2997 1824 3298 1896 γράμμασι,
3331 1827 3425 1880 τὴν
3459 1823 3532 1882 εἰς
3583 1827 3724 1894 μέγα
3767 1821 3873 1874 καθ’

2280 1912 2446 1980 ἡμῶν,
2515 1908 2828 1983 ἐπαρθεῖσαν
2885 1910 3052 1982 φλόγα
3115 1919 3204 1964 τοῦ
3275 1908 3514 1983 διωγμοῦ
3577 1911 3870 1970 σϐεννύντες.

2284 1999 2494 2060 Πάντως
2539 1995 2590 2051 δ’
2617 1999 2713 2051 οῦκ
2764 1999 2820 2062 ἓξ
2845 1998 3126 2074 ἀνθρώπων
3173 2007 3332 2053 τοῦτο’
3373 2020 3454 2063 τις
3501 2000 3738 2059 οληθείη.
3779 2008 3872 2052 Ποῦ

2279 2089 2380 2158 γὰρ
2430 2089 2480 2139 οἳ
2523 2107 2584 2160 γε
2630 2087 2747 2140 καθ’
2803 2088 3046 2154 ἑκάστην,
3101 2092 3172 2152 ὡς
3221 2091 3401 2156 εἰπεῖν,
3455 2095 3731 2164 καινότερα
3767 2089 3870 2141 καθ’

2282 2177 2426 2247 ἡμῶν
2524 2175 2945 2249 φιλοτιμούμενοι
3045 2183 3136 2230 καὶ
3247 2178 3594 2250 εὑρίσκοντες,
3709 2177 3868 2236 ﬁxis-3

2283 2263 2456 2338 ἀρκεῖν
2505 2267 2741 2336 ἥγηντο;
2803 2273 2912 2328 Τῆς
2965 2269 3105 2328 θείας
3163 2263 3222 2319 δὲ
3275 2277 3545 2342 προφανῶς
3603 2267 3866 2339 φιλανθρω-

2281 2358 2404 2416 πίας
2452 2353 2731 2426 ἀντίληψις
2783 2351 2865 2420 ἧν,
2921 2363 2991 2425 τῷ
3043 2355 3216 2428 οἰκείῳ
3275 2359 3366 2428 μὲν
3423 2357 3632 2428 εὐμενὲς
3681 2358 3868 2429 ὁρώσης

2282 2441 2405 2513 λαῷ,
2441 2451 2513 2514 τῷ
2565 2441 2616 2496 δ’
2673 2443 2888 2518 αὐθέντῃ
2923 2453 3022 2496 τῶν
3071 2454 3243 2496 κακῶν
3293 2443 3624 2513 ἐπεξιούσης,
3677 2451 3762 2497 καί
3807 2453 3866 2514 τῷ

2285 2530 2510 2604 ἀρχηγῷ
2556 2543 2651 2595 τῆς
2691 2539 2874 2595 κακίας
2921 2541 3013 2585 τοῦ
3067 2532 3322 2606 διωγμοῦ,
3381 2536 3612 2609 ἄκρατον
3663 2535 3866 2606 ἐπαφιεί-

2287 2640 2385 2682 σης
2438 2625 2524 2674 τὸν
2571 2622 2748 2694 χόλον.
2807 2623 2868 2675 Εἰ
2917 2626 3018 2693 γὰρ
3067 2628 3157 2676 καὶ
3213 2627 3348 2676 κατά
3405 2626 3546 2678 θείαν
3605 2630 3792 2696 σρίσιν,
3837 2625 3859 2678 ἑ

2287 2707 2426 2770 δῆτα
2455 2715 2542 2763 καὶ
2596 2711 2890 2782 οἰκονομίαν
2923 2715 3014 2764 κοίὶ
3051 2718 3442 2786 παραχώρησιν
3491 2711 3729 2784 δοίημεν,

2287 2802 2468 2866 Οὐαὶ,
2501 2805 2659 2869 φησὶν
2681 2802 2708 2852 ό
2735 2804 2872 2862 θεῖος
2897 2806 3164 2876 χρησμὸς,
3203 2799 3286 2854 δι’
3315 2803 3386 2854 οὗ
3411 2805 3484 2854 τὸ
3511 2799 3862 2855 σκάνδαλον

2287 2892 2578 2961 ἔρχεται.
2647 2890 3004 2962 Ἐπειστρέχει
3057 2893 3160 2965 γὰρ
3223 2891 3368 2952 εὐθύς
3427 2889 3554 2950 δίκη
3621 2891 3858 2952 θεηλατος,

2289 2977 2388 3032 ἀπὸ
2443 2982 2636 3052 σαρκὸς
2687 2983 2777 3050 μὶν
2831 2979 3112 3055 ἀρξαμένη,
3161 2979 3398 3052 ἁψαμένη
3457 2980 3516 3034 δὲ
3573 2987 3667 3034 καὶ
3725 2981 3861 3038 αὐτῆς

2287 3077 2379 3129 τῆς
2427 3065 2817 3141 δαιμονιὼδους
2873 3068 3065 3122 ἐκείνου
3123 3069 3326 3142 ψυχῆς.
3377 3071 3479 3124 Οἷα
3535 3068 3600 3123 δὲ
3653 3073 3682 3128 ἡ
3735 3067 3858 3130 δίκη,

2291 3155 2542 3210 Εῦσεϐίου
2577 3157 2814 3230 λέγοντος
2867 3153 3228 3230 διακούσωμεν
3277 3175 3291 3189 ⁸
3331 3179 3361 3212 ι(
3399 3161 3603 3234 Ἀθρόα
3649 3163 3738 3232 μὲν
3777 3159 3858 3230 γὰρ

2287 3249 2502 3318 περὶτὰ
2557 3251 2694 3318 μέσα
2737 3255 2837 3298 τῶν
2881 3247 3184 3322 ἀπορρήτων
3227 3255 3320 3300 τοῦ
3369 3254 3613 3320 σώματος
3659 3251 3860 3300 dxera-

2290 3355 2374 3397 σις
2411 3339 2609 3407 γίνεται
2662 3334 2800 3406 αύτῷ
2838 3351 2851 3364 ·
2903 3332 2994 3388 εἶθ’
3027 3337 3165 3397 ἕλκος
3205 3339 3253 3388 ἓν
3304 3335 3460 3408 βάθει
3511 3331 3858 3410 συριγγιῶδες,

2287 3428 2378 3476 καὶ
2451 3427 2641 3476 τούτων
2717 3423 2925 3486 ἀνίατος
2997 3429 3126 3496 νομὴ
3205 3429 3336 3478 κατά
3424 3434 3523 3478 τῶν
3603 3423 3858 3478 ἐνδοτάτω-ι

2291 3513 2608 3586 σπλάγχνων
2663 3530 2676 3544 ·
2723 3511 2808 3586 ἀφ’
2861 3515 2929 3564 ὧν
2981 3514 3189 3566 οἷλεκτον
3237 3535 3289 3566 τι
3345 3515 3542 3577 πλῆθος
3611 3515 3860 3572 σκωλήκων

2291 3599 2468 3674 βρύειν
2537 3599 2814 3660 θανατώδη
2867 3621 2920 3654 τε
2975 3599 3146 3675 ὀδμὴν
3223 3603 3492 3656 ἀποπνέειν
3547 3611 3648 3656 τοῦ
3705 3607 3860 3660 παντὸς

2291 3694 2448 3762 ὄγκου
2495 3699 2595 3743 τῶν
2647 3693 2901 3763 σωμάτων
2939 3694 2992 3743 ἑκ
3043 3691 3386 3764 πολυτροφίας
3431 3692 3599 3762 αὐτῷ,
3655 3697 3741 3745 καὶ
3781 3697 3857 3763 πρὸ

2291 3788 2382 3841 τῆς
2447 3785 2604 3832 νόσου
2667 3779 2740 3842 εἰς
2792 3778 3078 3854 ὑπερϐολὴν
3137 3783 3332 3844 πλῆθος
3387 3781 3610 3854 πιμελὴς
3685 3779 3858 3854 μεταϐε-

2293 3869 2538 3930 ϐληκότος
2605 3888 2618 3901 ·
2691 3869 2751 3927 ἣν
2815 3871 2931 3922 τότε
2993 3879 3412 3936 κατασαπεῐσαν,
3472 3874 3732 3944 ἀφόρητον
3791 3873 3858 3918 καὶ

2295 3960 2637 4032 φρικτοτάτην
2701 3967 2808 4020 τοῖς
2867 3959 3228 4020 πλησιάζουσι
3289 3969 3512 4032 παρεῖχε
3582 3966 3680 4020 τὴν
3739 3961 3852 4012 θέαν.

2297 4049 2500 4120 ’ἰατρῶν
2531 4043 2582 4099 δ’
2629 4047 2717 4098 οὖν
2764 4049 2814 4100 οἱ
2865 4050 2954 4119 μεν
2993 4045 3109 4101 οὐδ’
3140 4049 3266 4110 ὁλως
3319 4051 3600 4121 ὑπομείναι
3655 4055 3742 4108 τὴν
3789 4053 3858 4098 τοῦ

2295 4131 2572 4196 δυσώδους
2617 4135 3038 4209 ὑπερϐάλλουσαν
3085 4135 3298 4189 ἀτοπίαν
3346 4139 3448 4190 οἶοί
3499 4157 3551 4190 τε
3606 4139 3862 4208 runcari:-

2293 4243 2438 4277 τοντο
2471 4243 2486 4258 ·
2538 4225 2586 4276 οἱ
2617 4221 2674 4276 δι
2707 4221 3037 4296 διῳδηκότος
3081 4233 3171 4278 τοῦ
3219 4229 3410 4288 παντὸς
3440 4231 3628 4298 ὄγκου,
3683 4231 3767 4279 καὶ
3809 4223 3859 4282 εἰς

2295 4314 2597 4368 ἀνέλπιστον
2649 4319 2910 4386 σωτηρίαν
2994 4315 3443 4382 ἀποπεπτωκότος,
3513 4315 3686 4390 μηδὲν
3775 4313 3858 4366 ἔτι·

2296 4411 2498 4476 κουρεῖν
2573 4409 2869 4474 δυνάμενοι,
2949 4409 3172 4468 ἀνηλεῶς
3243 4409 3544 4461 ἐκτείνοντο.
3655 4409 3746 4460 Καὶ

3183 4496 3536 4553 συναίσθησιν
3601 4503 3700 4548 τῶν
3759 4493 3860 4544 κατὰ

2573 4400 2869 4474 δυνάμενοι,
2949 4403 3172 4468 ἀνηλεῶς
3243 4403 3544 4461 ἐκτείνοντο.
3655 4409 3746 4460 Καὶ
3807 4400 3858 4458 δή

2297 4495 2568 4553 τοσούτοις
2617 4491 2849 4544 παλαίων
2913 4501 3114 4557 κακοῖς,

2297 4589 2397 4633 τῶν
2474 4579 2721 4632 θεοσεϐῶν
2783 4580 3166 4654 τετολμημένων
3223 4587 3394 4654 ἰσχει.
3467 4586 3710 4655 Συνάγων
3764 4599 3857 4652 γοῦν

2299 4669 2365 4730 εἰς
2429 4669 2606 4723 ἑαυτὸν
2666 4673 2754 4728 τὴν
2808 4667 3064 4736 διάνοιαν,
3128 4679 3329 4744 πρῶτον
3391 4675 3478 4744 μιν
3535 4671 3860 4745 ἀνθομολογεῖ-

2297 4779 2386 4810 ται
2432 4767 2505 4830 τῷ
2553 4765 2652 4811 τῶν
2701 4757 2826 4810 ὅλων
2873 4767 2986 4830 Θεῷ
3015 4779 3030 4792 ·
3076 4756 3185 4812 εἶτα
3235 4765 3350 4822 τοὺς
3403 4759 3529 4833 ἀμφ’
3585 4765 3740 4814 αὐτὸν
3779 4759 3858 4828 is:

2299 4847 2537 4914 καλέσας,
2594 4843 2759 4918 μηδὲν
2840 4849 3224 4921 ὑπερθεμένους,
3297 4853 3382 4902 τὸν
3459 4852 3598 4902 κατὰ
3641 4855 3858 4923 xeunt:-

2299 4946 2396 4990 νῶν
2461 4935 2767 4990 ἀποπαῦσαι
2831 4933 3065 5010 διωγμόν
3131 4941 3435 5012 παρηγγύα,
3499 4944 3644 5012 νόμῳ
3698 4957 3746 4991 τε
3796 4937 3856 4986 καὶ
3949 5009 3954 5014 .

2303 5024 2532 5099 δόγματι
2561 5025 2821 5100 βασιλικῷ
2873 5029 2964 5087 τὰς
3000 5024 3277 5090 έκκλδύίας
3329 5029 3498 5080 αὐτῶν
3554 5025 3853 5098 οἰκοδομεῖν·
3945 5039 3952 5086 |

2303 5117 2644 5188 ἐπισπέρχειν
2717 5133 2772 5166 τε
2845 5119 2934 5166 καὶ
3001 5119 3088 5176 τὰς
3165 5119 3406 5178 συνήθεις
3480 5113 3855 5189 διαπράττεσθει

2305 5205 2470 5276 εύχάς
2515 5205 2640 5278 ὑπὲρ
2689 5209 2781 5255 τοῦ
2839 5200 3096 5275 βασιλέως
3149 5211 3486 5278 ποιουμένους
3537 5207 3851 5279 προστάττω

2303 5298 2394 5345 καὶ
2437 5299 2528 5344 τοῦ
2581 5295 2734 5364 ἔργον
2799 5294 2984 5345 θᾶττον
3036 5303 3108 5364 τῷ
3157 5294 3294 5366 λόγῳ
3351 5295 3850 5368 παρηκολουθηκότα.

2305 5383 2616 5454 ἁπανταχοῦ
2702 5383 2838 5434 κατὰ
2923 5383 3113 5450 πόλεις,
3214 5383 3472 5457 βασιλικά
3563 5381 3851 5456 διατάγματα
3931 5407 3955 5456 :I

3433 5475 3580 5545 ἡμῶν
3657 5471 3850 5544 ὁίιιηνξιπῖη

3433 5581 3508 5616 τον
3542 5579 3556 5594 ·
3587 5583 3616 5615 ν

2307 5472 2535 5536 ἧπλωτο,
2588 5469 2624 5522 ἂ
2677 5469 3000 5543 παλινῳδίαν
3073 5481 3172 5526 τῶν
3241 5475 3356 5526 καθ’

2309 5569 2597 5636 περιεῖχον,
2629 5567 2807 5613 τοῦτον
2846 5563 3180 5637 ὑφηγούμενα
3205 5567 3291 5616 τὸν
3320 5567 3508 5638 τρόπον
3542 5579 3556 5594 ·
3587 5583 3616 5615 ν
