4020 6218
156 265 301 330 1287
1206 218 1770 329 ECCLESIASTICAE

1883 272 2163 331 LSTORI/E
2199 274 2329 330 LIB.
2370 274 2491 330 VII.
3206 302 3210 309 -
3359 275 3501 329 1258

151 408 339 472 atque
362 400 650 456 saevitiam
684 398 978 469 agnoscit,
1009 411 1079 454 ac
1110 412 1170 453 re
1212 414 1421 453 secum
1452 398 1579 471 ipse
1607 398 1954 463 deliberata.
1986 400 2252 472 primum
2282 415 2482 456 rerum
2513 398 2787 459 omnium
2815 401 2934 456 Deo
2971 399 3202 470 ﬂagitia
3231 416 3344 456 sua
3370 416 3519 456 con-

153 488 356 545 litetur
394 505 408 543 :
458 505 598 545 mox
646 488 954 560 praefectos
1001 486 1446 559 familiaresque
1498 504 1641 543 suos
1691 489 1770 544 ad
1820 507 1884 545 se
1932 496 2107 546 vocat
2145 510 2157 547 :
2200 489 2423 561 quibus
2472 488 2736 544 celeriter
2782 488 3240 544 advenientibus
3285 490 3521 555 suadet,

155 577 339 649 473
403 584 466 633 ut
517 577 988 633 Christianorum
1041 578 1453 645 persecutione
1508 577 1750 633 tandem
1799 578 2278 649 supersedeatur,
2318 578 2857 650 constitutioneque
2895 582 2952 633 et
2992 578 3185 633 edicto
3224 577 3523 649 imperiali

154 667 339 723 nobis
407 667 799 738 permittatur,
841 663 1131 719 ecclesias
1182 670 1546 722 construere.
1585 666 1766 722 Addit
1803 673 2091 737 praeterea
2138 666 2515 731 mandatum,
2566 670 2630 721 ut
2671 670 2855 722 statas
2898 666 3224 738 solitasque
3272 682 3381 737 pro
3414 666 3527 721 im-
3618 722 3619 729 η

152 761 434 826 peratore
482 770 687 826 preces
734 754 813 810 ad
849 755 1035 807 Deum
1065 750 1477 808 funderemus.
1521 754 1761 810 Talibus
1805 756 1988 827 jussis
2018 755 2171 811 illico
2205 754 2283 810 ad
2312 771 2439 811 rem
2470 754 2717 821 collatis,
2750 771 2857 827 per
2895 755 3075 811 urbes
3115 754 3351 827 passim
3392 771 3525 810 om-

152 859 265 899 nes
302 843 637 916 imperialia
671 842 963 899 mandata
1007 843 1320 912 proposita
1357 848 1515 909 sunt,
1544 859 1678 916 quas
1707 844 2078 917 palinodiam
2122 847 2370 917 patrata:
2411 845 2474 899 in
2513 859 2626 900 nos
2670 845 3102 916 persecutionis
3149 842 3527 915 ejuscemodi

152 933 353 989 verbis
377 932 783 989 continebant.
816 953 846 985 »

756 1065 998 1114 ΚΕΦΑΛ.
1032 1059 1151 1126 Kl",

158 1171 315 1242 Περὶ
352 1174 469 1218 τῶν
516 1166 669 1240 ὑπερ
719 1166 892 1242 ἡμῶν
929 1164 1382 1242 ψηφισθέντων
1430 1163 1759 1238 ἐγγράφως

683 1236 818 1299 τοῖς
860 1236 1237 1309 βασιλεῦσι.

235 1362 264 1395 α
315 1342 664 1417 Αὐτοκράτωρ
721 1348 926 1416 Καῖσαρ
972 1342 1238 1414 Γαλλέριος
1281 1341 1567 1414 Μαξιμῖνος
1621 1342 1758 1396 Ἀνί-

154 1452 336 1497 κητος,
418 1429 686 1494 Σεϐαστός,
764 1432 1071 1505 Ἀρχιερεύς
1132 1433 1408 1501 Μέγιστος,
1491 1430 1757 1492 Θηϐαῑκός

156 1526 437 1592 Μέγιστος,
504 1525 824 1591 Σαρματικός
878 1522 1141 1590 Μέγιστος
1218 1523 1479 1582 πέντακις,
1547 1528 1758 1594 Περσῶν

152 1615 445 1681 Μέγισσος,
514 1613 824 1682 Γερμανικὸς
884 1611 1165 1680 Μέγιστος,
1237 1608 1591 1679 Αἰγυπτιακός
1660 1612 1758 1663 Μέ-

149 1718 342 1770 γιστος
420 1695 519 1760 δὶς,
601 1704 820 1772 Καρπῶν
890 1701 1151 1768 Μέγιστος
1225 1696 1414 1761 ἑξάκις,
1479 1698 1758 1769 Ἀρμενίων

149 1791 440 1858 Μέγιστος,
496 1783 692 1843 Μήδων
752 1790 1032 1857 Μέγιστος,
1085 1782 1412 1843 Ἀδιαϐηνῶν
1474 1790 1754 1858 Μέγιστος,

151 1873 504 1949 δημαρχικῆς
556 1874 796 1938 ἐξουσίας
858 1878 915 1928 τό
975 1874 1237 1939 εἰκοστόν,
1288 1875 1636 1950 Αὐτοκράτωρ
1700 1879 1759 1928 τὸ

158 1967 253 2031 ιϐ’,
314 1964 539 2026 Ὕπατος
596 1966 651 2016 τό
704 1962 884 2036 ὅγδον,
938 1964 1119 2035 Πατήρ
1168 1960 1445 2037 πατρίδος,
1505 1965 1761 2017 Ἀνθύπα-

155 2074 271 2118 τος,
329 2058 420 2106 καὶ
485 2053 827 2126 Αὐτοκράτωρ
900 2059 1107 2124 Καῖσαρ
1173 2052 1391 2113 Φλαύῖος
1455 2053 1763 2127 Οὐαλλέριος

158 2150 548 2202 Κωνσταντῖνος
587 2141 833 2206 Εὐσεϐὴς,
879 2142 1128 2212 Εὖτυχὴς
1162 2158 1175 2170 ·
1223 2149 1573 2213 Δημαρχικῆς
1620 2143 1761 2205 ἐξου·

158 2237 286 2292 σίας
337 2235 396 2284 τὸ
450 2235 681 2303 πέμπτον
713 2251 725 2263 ⁸
791 2238 881 2283 καὶ
940 2231 1285 2304 Αὐτοκράτωρ
1347 2237 1550 2303 Καῖσαρ
1592 2232 1765 2284 Οὐαλ-

156 2321 327 2395 λέριος
379 2325 632 2384 Λικίνιος,
693 2327 1043 2394 Δημαρχικῆς
1104 2320 1343 2382 ἐξουσίας
1407 2323 1465 2371 τὸ
1522 2323 1764 2392 τέταρτον

1787 1060 1837 1113 Α

2473 1060 2697 1116 CAPUT
2746 1061 2925 1116 XXIII.

1867 1168 1952 1223 De
1997 1167 2336 1224 earumdem
2381 1166 2586 1223 edictis
2632 1166 2719 1292 ἓνεί
2736 1166 2965 1247 scripto
3007 1180 3122 1235 pro
3173 1165 3532 1222 Christianis

2602 1252 2633 1292 e
2677 1253 2697 1292 ι
2725 1254 2799 1292 ιε.

2602 1245 2799 1294 editis.

1938 1346 2268 1417 Imperator
2297 1344 2497 1400 Caesar
2520 1344 2811 1400 Gallerius
2839 1344 3218 1411 Maximinus,
3246 1344 3529 1409 Invictus,

1866 1437 2192 1504 Augustus,
2228 1433 2490 1490 Pontifex
2530 1434 2835 1501 Maximus,
2864 1433 3194 1489 Thebaicus
3222 1434 3534 1499 Maximus,

1870 1523 2234 1579 Sarmaticus
2272 1524 2562 1579 Maximus
2597 1539 2652 1587 v,
2696 1526 2999 1578 Persarum
3042 1523 3357 1586 Maximus,
3391 1525 3536 1577 Ger-

1866 1613 2141 1668 manicus
2164 1613 2476 1677 Maximus,
2500 1612 2885 1683 zEgyptiacus
2919 1612 3209 1668 Maximus
3231 1628 3292 1677 ιι,
3318 1614 3535 1682 Carpo-

1867 1718 2001 1756 rum
2033 1701 2319 1756 Maximus
2348 1717 2421 1765 vi,
2448 1702 2865 1756 Armeniorum
2891 1701 3206 1771 Maximus,
3228 1700 3533 1756 Medorum

1868 1791 2178 1855 Maximus,
2216 1789 2661 1845 Adiabenorum
2700 1790 3010 1855 Maximus,
3052 1789 3210 1845 Trib.
3261 1793 3388 1861 pot.
3432 1803 3535 1858 xx,

1869 1883 2195 1951 imperator
2223 1894 2345 1945 xix,
2379 1880 2513 1935 Cos.
2546 1894 2670 1944 vui,
2711 1878 2879 1935 Pater
2909 1878 3139 1949 patriae,
3172 1877 3495 1934 Proconsul
3520 1895 3539 1948 ;

1869 1974 1927 2022 et
1954 1968 2279 2039 imperator
2304 1970 2503 2023 Cmsar
2534 1967 2769 2023 Flavius
2800 1967 3063 2023 Valerius
3091 1967 3539 2031 Constantinus,

1872 2057 2031 2125 Pius,
2074 2056 2253 2123 Felix,
2293 2058 2448 2112 Trib.
2484 2062 2607 2128 pot.
2639 2073 2699 2122 v,
2734 2062 2791 2112 et
2828 2058 3157 2128 Imperator
3194 2056 3344 2112 Cass.
3379 2055 3543 2110 Vale-

1872 2145 1995 2200 rius
2034 2145 2291 2200 Licinius
2332 2144 2410 2216 (1)
2447 2146 2601 2201 Trib.
2647 2150 2771 2216 pot.
2810 2161 2882 2211 1v,
2928 2145 3275 2217 imperator,
3307 2161 3365 2200 ιιι
3407 2147 3539 2201 Cos.

1873 2236 2044 2290 Pater
2070 2251 2141 2305 pa
2154 2234 2299 2298 triae,
2326 2234 2674 2299 Proconsul,
2703 2233 3174 2305 provincialibus
3207 2234 3333 2289 suis
3383 2236 3545 2289 salu-

1876 2329 2012 2378 tem.
2043 2324 2201 2379 Inter
2236 2323 2355 2378 alia
2382 2339 2520 2395 quae
2558 2339 2631 2379 ex
2671 2339 2780 2378 usu
2818 2329 2875 2379 et
2916 2322 3163 2378 utilitate
3200 2322 3543 2394 reipublicae

160 2409 534 2483 Αὐτοκράτωρ,
590 2412 649 2460 τό
704 2413 877 2481 τρίτον
936 2407 1182 2475 Ὕπατος,
1242 2409 1420 2479 Πατὴρ
1485 2405 1760 2480 πατρίδος,

1883 2412 2417 2484 promulgavimus,
2448 2411 2764 2467 consilium
2799 2428 3043 2483 quoque
3072 2411 3220 2467 illud
3247 2417 3424 2467 antea
3453 2428 3543 2467 ce-

1557 2498 1764 2560 Μεταξὺ

166 2597 267 2639 τῶν
327 2587 519 2639 λοιπῶν
593 2586 628 2638 ἂ
676 2591 794 2660 περὶ
846 2593 938 2638 τοῦ
998 2594 1253 2659 χρησμοῦ
1318 2591 1405 2638 καὶ
1465 2587 1765 2648 πολυτελοῦς

162 2683 275 2739 τοῖς
323 2673 605 2747 δημοσίοις
650 2672 1065 2747 διατυπούμεθα,
1120 2677 1271 2747 ἡμεῖς
1337 2678 1426 2746 μεν
1495 2673 1769 2748 βεϐουλεύ-

162 2768 299 2838 μεθα
344 2769 589 2839 πρότερον
637 2767 773 2816 κατὰ
828 2767 950 2823 τοὺς
999 2766 1261 2835 ἀρχαίους
1308 2769 1497 2834 νόμους
1545 2769 1634 2816 καὶ
1673 2769 1766 2823 τήν

160 2500 505 2562 Ἀνθύπατος,
572 2495 932 2569 ἕπαρχιώταις
1016 2493 1175 2558 ἰδίοις
1244 2500 1475 2568 χαίρειν,

162 2853 432 2927 δημοσίαν
491 2853 787 2925 ἐπιστήμην
860 2857 954 2911 τὴν
1019 2860 1120 2904 τῶν
1185 2851 1472 2924 Ῥωμαίων,
1534 2854 1767 2915 ἅπαντας

160 2942 653 3015 ἐπανορθώσασθαι,
702 2946 793 2994 καὶ
848 2944 1034 2993 τούτου
1082 2946 1326 3015 πρόνοιαν
1377 2944 1710 2999 ποιήσασθαι
1749 2958 1764 2971 ·

164 3033 250 3083 ἶνα
290 3036 380 3083 καὶ
434 3033 484 3084 οὶ
540 3036 851 3104 Χριστιανοὶ
904 3032 1083 3091 οἵτινες
1130 3039 1228 3082 τῶν
1266 3034 1453 3101 γονέων
1510 3040 1608 3083 τῶν
1654 3031 1769 3084 ἐαυ-

161 3129 265 3172 τῶν
310 3120 713 3173 καταλελοίπασι
772 3125 868 3179 τήν
916 3121 1134 3193 αἰρεσιν,
1194 3119 1266 3182 εἰς
1327 3118 1526 3191 ἀγαθὴν
1586 3122 1769 3193 πρόθε-

165 3229 251 3262 σιν
330 3208 644 3262 ἐπανέλθοιεν
674 3227 688 3239 ·
762 3208 966 3283 ἐπείπερ
1045 3213 1147 3261 τινὶ
1220 3207 1459 3280 λογισμῷ
1536 3212 1766 3268 τοσαύτη

164 3298 356 3359 αὐτοὺς
409 3298 670 3361 πλεονεξία
714 3302 1055 3370 κατεσχήκει,
1113 3303 1204 3349 καὶ
1254 3299 1405 3349 ἄνοια
1453 3298 1767 3371 κατειλήφει,

169 3391 240 3449 ώς
278 3388 352 3459 μή
395 3387 612 3440 ἕπεσθαι
648 3395 757 3448 τοῖς
804 3387 904 3438 ύπό
956 3395 1053 3438 τῶν
1100 3386 1262 3438 πάλαι
1315 3383 1771 3458 καταδειχθεῖσιν,

164 3479 299 3550 οἷπερ
355 3480 481 3538 ἴσως
519 3481 764 3550 πρότερον
801 3480 890 3528 καὶ
926 3477 975 3528 οἱ
1009 3483 1173 3546 γονεῖς
1215 3474 1381 3527 αὐτῶν
1428 3472 1562 3534 ἦσαν
1614 3496 1773 3528 κατα-

167 3572 448 3627 στήσαντες
479 3583 492 3595 ·
556 3560 686 3617 ἀλλὰ
735 3568 870 3616 κατὰ
924 3566 1020 3624 τὴν
1072 3568 1239 3616 αὐτῶν
1285 3567 1530 3639 πρόθεσιν
1570 3570 1659 3617 καὶ
1711 3568 1777 3626 ὡς

162 3656 379 3716 ἕκαστος
436 3653 688 3718 ἐϐούλετο,
745 3653 907 3715 οὕτως
973 3652 1174 3712 ἑαυτοῖς
1224 3659 1314 3704 καὶ
1370 3658 1559 3725 νόμους
1623 3661 1770 3711 ποιῆ·

1878 2502 2099 2572 pimus,
2125 2507 2187 2556 ut
2210 2500 2545 2557 secundum
2568 2507 2794 2557 veteres
2819 2500 2982 2570 leges
3009 2507 3067 2556 et
3093 2499 3397 2572 publicam
3435 2502 3545 2555 Ro-

1877 2605 2194 2646 manorum
2221 2589 2606 2661 disciplinam
2635 2589 2744 2645 rite
2773 2590 2979 2644 omnia
3005 2594 3460 2661 corrigerentur,
3490 2595 3546 2645 et

1875 2678 2249 2751 providentia
2306 2694 2573 2750 curaque
2641 2678 3059 2749 susciperetur,
3113 2683 3175 2732 ut
3227 2676 3544 2733 Christiani

1877 2768 1979 2841 qui
2027 2784 2065 2823 a
2112 2768 2412 2837 majorum
2471 2783 2722 2823 suorum
2783 2766 3063 2822 institutis
3127 2766 3540 2838 descivissent,

1878 2863 2140 2913 mentem
2172 2855 2481 2912 meliorem
2512 2857 2864 2927 reciperent.
2894 2857 3079 2911 Tanta
3108 2871 3373 2927 namque
3404 2872 3544 2911 con-

1879 2945 2011 3001 silia
2050 2948 2250 3001 nescio
2287 2961 2410 3016 quo
2450 2961 2553 3001 eos
2592 2944 2888 3016 cupiditas
2922 2945 3247 3010 invaserat,
3291 2951 3348 3000 et
3378 2950 3546 3000 tanta

1879 3035 2181 3091 dementia
2211 3040 2466 3106 ceperat,
2509 3038 2572 3091 ut
2602 3050 2673 3091 ea
2702 3050 2839 3101 quae
2868 3033 3103 3089 dudum
3132 3049 3171 3089 a
3209 3033 3542 3104 majoribus

1882 3122 2266 3196 promulgata
2299 3128 2357 3178 et
2391 3122 2644 3179 fortasse
2672 3123 2839 3195 prius
2869 3122 3047 3177 etiam
3085 3137 3120 3177 a
3147 3122 3420 3193 patribus
3453 3137 3547 3176 eo-

1882 3228 2017 3267 rum
2053 3211 2323 3268 instituta
2352 3218 2510 3277 sunt,
2541 3212 2872 3283 rejicerent,
2900 3218 2957 3265 et
2986 3226 3058 3266 ex
3090 3212 3380 3266 sententia
3412 3228 3543 3275 sua,

1883 3305 2061 3372 prout
2081 3299 2299 3372 cuique
2326 3301 2518 3355 visum
2541 3305 2717 3365 esset,
2738 3300 2899 3369 leges
2924 3298 3039 3371 ipsi
3061 3299 3171 3354 sibi
3199 3299 3544 3364 conderent,

1883 3390 2124 3446 easdem
2150 3396 2471 3456 servarent,
2500 3394 2556 3444 et
2582 3389 2760 3444 variis
2784 3391 2845 3444 in
2870 3388 3019 3444 locis
3045 3389 3242 3444 varios
3269 3394 3548 3457 cogerent

1883 3483 2231 3534 conventus.
2275 3480 2339 3533 Et
2373 3495 2503 3533 cum
2542 3479 2804 3533 edictum
2836 3476 3133 3547 ejusmodi
3183 3477 3258 3547 (2)
3298 3493 3335 3531 a
3373 3476 3546 3530 nobis

1884 3572 2038 3623 esset
2063 3567 2464 3638 propositum,
2488 3570 2551 3621 ut
2572 3565 2651 3621 ad
2673 3566 2939 3620 instituta
2966 3566 3264 3634 majorum
3292 3564 3546 3619 colenda

1884 3671 1947 3711 se
1970 3655 2372 3716 transferrent,
2397 3669 2584 3725 quam
2610 3654 2850 3725 plurimi
2873 3670 3072 3708 eorum
3094 3660 3360 3708 extremo
3383 3653 3545 3707 adito

165 3764 279 3807 σαι,
346 3747 433 3795 καὶ
487 3746 698 3803 τούτους
756 3741 1199 3814 παραφυλάττειν,
1260 3745 1350 3792 καὶ
1399 3740 1448 3791 ἐν
1507 3737 1770 3815 διαφόροις

1886 3743 2174 3815 periculo,
2201 3743 2609 3813 aarumnisque
2636 3747 2694 3797 et
2722 3741 3084 3797 cruciatibus
3110 3740 3391 3806 toleratis,
3421 3757 3548 3795 om-

166 3829 395 3907 διάφορα
444 3832 618 3890 πλήθη
675 3834 931 3902 συνάγειν.
979 3836 1268 3902 Τοιγαροῦν
1335 3832 1571 3881 τοιούτου
1630 3832 1775 3901 ἡμῶν

163 3925 572 3995 προστάγματος
645 3920 1225 3993 παρακολουθήσαντος,
1310 3919 1443 3970 ὥστε
1540 3916 1623 3970 ἐπὶ
1712 3919 1780 3969 τὰ

168 4020 268 4063 τῶν
333 4010 571 4082 ἀρχαίων
627 4010 1022 4061 κατασταθέντα
1089 4006 1306 4069 ἑαυτοὺς
1369 4011 1775 4079 μεταστήσειαν,

169 4100 405 4153 πλεῖστοι
462 4103 553 4172 μεν
633 4095 859 4169 κινδύνῳ
923 4095 1316 4161 ύποϐληθέντες,
1403 4095 1638 4149 πλεῖστοι
1718 4091 1779 4148 δε

170 4192 539 4263 ταραχθέντες,
635 4192 915 4248 παντοίους
992 4188 1241 4246 θανάτους
1318 4188 1587 4259 ὑπέφερον.
1677 4188 1781 4237 Καὶ

170 4276 374 4344 ἐπειδὴ,
436 4287 537 4330 τῶν
586 4277 783 4330 πολλῶν
839 4283 901 4347 τῇ
954 4274 1085 4348 αὐτῇ
1139 4274 1355 4347 ἀπονοίᾳ
1409 4271 1776 4347 διαμενόντων,

171 4367 403 4441 ἑωρῶμεν
445 4370 577 4438 μήτε
614 4373 722 4426 τοῖς
775 4367 909 4425 θεοῖς
972 4370 1081 4425 τοῖς
1126 4362 1452 4436 ἐπουρανίοις
1495 4367 1588 4422 τὴν
1647 4362 1781 4435 ὄφει-

171 4460 384 4529 λομένην
441 4458 723 4529 θρησκείαν
776 4456 1065 4527 προσάγειν
1116 4451 1326 4515 αὐτούς,
1374 4457 1506 4523 μήτε
1562 4459 1625 4523 τῇ
1680 4459 1780 4502 τῶν

929 4541 1213 4614 ἀφορῶντες
1260 4540 1330 4602 εἰς
1374 4541 1467 4599 τήν
1528 4541 1780 4612 ἡμετέραν

635 4192 915 4248 παντοίους
992 4188 1241 4246 θανάτους
1318 4186 1587 4259 ὑπέφερον.

172 4550 502 4620 Χριστίανῶν
546 4547 830 4617 προσέχειν
866 4559 878 4572 ·

172 4634 556 4708 φιλανθρωπίαν
610 4637 700 4685 καὶ
766 4633 859 4691 τῆν
931 4628 1144 4690 διηνεκῆ
1216 4631 1513 4694 συνήθειαν,
1582 4626 1655 4681 δι’
1722 4629 1782 4689 ἧς

171 4724 422 4795 εἰώθαμεν
501 4727 664 4775 πᾶσιν
748 4720 1041 4793 ἀνθρώποις
1117 4724 1431 4791 συγγνώμην
1511 4717 1781 4790 ἀπονέμειν

169 4814 562 4887 προθυμότατα,
627 4814 716 4862 καὶ
775 4809 823 4861 ἐν
894 4811 1060 4881 τούτῳ
1112 4814 1205 4867 τὴν
1286 4813 1636 4881 συγχώρησιν
1687 4812 1780 4865 τήν

169 4905 426 4975 ἡμετέραν
510 4900 798 4952 ἐπεκτεῖναι
883 4894 991 4950 δεῖν
1062 4902 1395 4970 ἐνομίσαμεν,
1476 4897 1559 4948 ἵνα
1630 4892 1781 4958 αὖθις

169 4992 274 5043 ὦσι
326 4993 659 5063 Χριστιανοὶ,
715 4991 962 5046 καὶτοὺς
1027 4989 1197 5047 οἴκους
1249 4986 1298 5038 ἐν
1364 4986 1442 5048 οἷς
1495 4990 1782 5055 συνήγοντο

1889 3832 1979 3886 nis
2033 3830 2268 3901 generis
2307 3829 2605 3902 supplicia
2646 3829 2961 3902 pertulere.
3010 3828 3190 3902 474
3231 3832 3347 3885 Nos
3386 3846 3544 3895 vero,

1889 3918 2054 3992 quod
2075 3919 2296 3974 multos
2318 3919 2632 3974 videamus
2653 3919 2714 3974 in
2731 3924 3023 3990 concepta
3040 3918 3343 3975 dementia
3364 3919 3544 3990 persi-

1889 4013 2127 4073 stentes,
2169 4022 2366 4079 neque
2396 4006 2742 4062 ccelestibus
2789 4007 2905 4062 diis
2953 4006 3223 4063 debitum
3263 4013 3548 4079 praestare

1886 4097 2202 4161 honorem,
2244 4111 2440 4168 neque
2490 4096 2669 4151 etiam
2703 4096 2836 4166 ipsa
2863 4096 3330 4152 Christianorum
3374 4111 3549 4150 sacra

1889 4185 2102 4251 colere,
2129 4185 2569 4241 humanitatem
2600 4185 2774 4241 nobis
2798 4193 3275 4257 perpetuamque
3301 4200 3551 4241 consue-

1889 4274 2159 4331 tudinem
2183 4281 2452 4329 nostram
2473 4274 2955 4330 conservandam
2973 4290 3101 4330 esse
3122 4274 3432 4343 duximus,
3450 4290 3556 4343 per

1888 4380 2075 4435 quam
2128 4363 2438 4434 ignoscere
2486 4362 2850 4436 veniamque
2893 4363 3223 4420 concedere
3265 4363 3554 4419 omnibus

1889 4452 2237 4509 hominibus
2250 4452 2639 4508 libentissime
2651 4453 3143 4525 solemus.ltaque
3156 4453 3413 4522 gratiam
3428 4469 3556 4506 eam

1890 4547 2151 4599 nostram
2191 4542 2271 4598 ad
2300 4542 2361 4597 id
2392 4558 2582 4613 genus
2615 4543 2933 4599 hominum
2964 4558 3210 4614 quoque
3241 4541 3558 4597 extendere

1890 4638 1978 4688 est
2011 4632 2230 4701 visum,
2259 4637 2323 4686 ut
2358 4631 2581 4687 scilicet
2617 4648 2861 4687 rursum
2894 4630 3207 4686 Christiani
3232 4631 3369 4695 sint,
3404 4635 3461 4684 et
3496 4631 3557 4684 in

1890 4721 2173 4778 domibus
2203 4720 2330 4775 suis
2363 4726 2699 4776 conventus
2728 4721 2935 4776 solitos
2966 4721 3047 4774 ita
3078 4724 3281 4788 agant,
3316 4722 3381 4772 ut
3410 4718 3558 4773 nihil

1889 4816 2098 4867 contra
2117 4809 2497 4880 disciplinam
2519 4808 2826 4883 publicam
2854 4809 3254 4864 committant.
3278 4808 3387 4863 Per
3407 4808 3556 4862 alias

1889 4904 2093 4955 autem
2119 4897 2345 4953 litteras
2371 4898 2696 4967 judicibus,
2724 4896 2870 4970 quid
2903 4912 3004 4952 eos
3029 4896 3349 4951 observare
3379 4912 3556 4967 opor-

1890 4990 2033 5055 teat,
2085 4985 2513 5042 indicabimus.
2547 4988 2920 5057 Quapropter
2951 5000 3091 5040 cum
3121 4985 3235 5040 hoc
3271 4985 3388 5043 illis
3429 5000 3559 5055 per-

173 5081 415 5140 συνήθως
468 5078 634 5138 οὐτως
676 5078 829 5129 ὥστε.
861 5072 1028 5148 μηδὲν
1086 5077 1385 5128 ὑπεναντίον
1421 5084 1516 5135 τῆς
1557 5073 1770 5132 ἐπιστή-

1892 5074 2223 5141 mittamus,
2265 5075 2477 5131 merito
2519 5074 2603 5130 illi
2644 5075 2763 5129 Deo
2802 5089 2912 5129 suo
2960 5072 3299 5145 supplicare
3337 5072 3560 5129 debent

170 5188 277 5242 μης
332 5167 518 5228 αὐτοὺς
574 5166 836 5241 πράττειν.
891 5164 966 5217 Δι’
1024 5164 1197 5236 ἑτέρας
1251 5160 1309 5217 δὲ
1352 5162 1629 5226 ἐπιστολῆς
1672 5170 1784 5225 τοῖς

176 5254 463 5319 δικασταῖς
525 5251 849 5318 δηλώσομεν,
927 5258 980 5306 τί
1042 5253 1228 5314 αὐτούς
1307 5253 1783 5327 παραφυλάξασθαι

251 5415 330 5488 (t)
372 5414 552 5470 Aliter
602 5414 1161 5488 haec_reperiuntur
1209 5414 1375 5488 apud
1417 5411 1629 5469 Euseb.
1676 5411 1782 5469 lib.

176 5484 465 5557 vni,'cap.
504 5491 588 5552 l7,
612 5486 718 5541 ubi
747 5485 1006 5557 Licinius
1038 5498 1160 5538 non
1192 5484 1451 5557 additur.

253 5560 332 5632 (2)
365 5554 568 5614 Edicto
596 5557 713 5613 hoc
744 5555 1143 5628 promulgata,
1186 5554 1398 5611 Galler.
1433 5554 1787 5610 Maximinus

470 5651 708 5702 ΡΑτκοι..
754 5648 857 5702 Gs.
886 5646 1083 5700 CXLV.

1891 5180 2001 5237 pro
2036 5170 2259 5232 nostra,
2302 5163 2646 5236 reipublicae
2688 5168 2743 5219 et
2783 5179 2893 5218 sua
2931 5162 3206 5234 ipsorum
3250 5162 3460 5232 salute,
3497 5167 3561 5216 ut

1891 5252 2090 5311 modis
2125 5253 2411 5311 omnibus
2446 5259 2504 5310 et
2539 5251 2795 5326 publica:
2828 5267 2923 5307 res
2947 5251 3283 5307 incolumes
3327 5252 3465 5318 sint,
3507 5257 3564 5306 et

1893 5416 2135 5559 glisere)
2172 5416 2334 5473 diem
2395 5413 2610 5473 clausit
2669 5417 3026 5471 extremum.
3093 5412 3299 5484 (Eutr.,
3367 5412 3560 5478 Oros.,

1942 5503 2108 5559 omp.

1942 5503 2108 5559 omp.

3198 5644 3266 5699 40
