4020 6218
552 227 693 287 1959

1831 226 1876 283 Ν
1884 225 2221 284 [CEPHORI
2263 227 2582 285 CALLISTI

3727 230 3805 290 uo

529 357 619 427 pst
675 355 733 411 in
786 355 1070 412 domibus
1146 354 1271 411 suis
1336 354 1483 412 citra
1525 352 1837 411 sollicitam
1887 371 2095 413 curam
2142 374 2149 408 ‹

2266 390 2275 408 ι
2307 351 2487 412 δεήσει
2513 368 2529 389 ο
2586 353 2741 408 Ὀθεν
2777 356 2890 409 κατ’
2934 355 3096 415 auis-iv
3136 356 3232 415 τῆν
3263 359 3606 428 συγχώρησιν
3629 359 3707 413 τήν
3734 360 3807 427 ἠμ-

527 446 886 502 anxietatem
927 446 1124 501 vivere
1164 447 1410 517 possint.
1440 468 1466 496 »
1505 447 1571 501 Et
1607 445 1912 517 palinodia
1950 445 2191 517 quidem

527 534 613 589 sic
655 551 717 590 se
760 534 989 600 habuit,
1041 535 1361 607 litteraeque
1405 534 1804 606 imperatoriae
1844 549 1951 606 per
1989 534 2192 588 Asiam

522 624 946 693 vulgabantur,
1001 629 1059 679 et
1100 624 1328 696 passim
1371 624 1431 678 in
1480 622 1803 696 provinciis
1847 628 1902 678 et
1945 621 2194 679 urbibus

519 710 896 783 legebantur.

520 799 713 853 ἑαυτῶν
768 803 918 875 ἑστίᾳ.
975 800 1262 861 δυνηθῶσι.
1324 824 1353 852 ››
1405 805 1483 855 Τὰ
1538 804 1627 874 μεν
1714 798 1803 853 οὖν
1863 809 1960 864 τῆς
2024 796 2347 872 παλινῳδίας
2416 809 2582 859 ταῦτα
2635 820 2648 838 ο

520 890 727 949 ἧπλωτο
758 909 771 922 ⁸
804 897 894 945 καὶ
934 891 1186 967 ἐπαρχίαι
1211 898 1300 945 καὶ
1321 890 1488 952 πόλεις
1513 892 1648 945 αύτὰ
1687 889 2052 962 ἀνεγίνωσκον.

1117 1020 1339 1075 CAPUT
1402 1018 1578 1072 XXIV.

514 1124 600 1181 De
616 1124 895 1181 simulata
911 1132 964 1182 et
980 1127 1191 1196 fucata
1212 1126 1531 1181 Maximini
1540 1141 1652 1195 pro
1671 1122 2038 1180 Christianis
2055 1123 2183 1178 sine

961 1201 1180 1269 scripto
1212 1197 1711 1267 promulgatione.

586 1303 941 1360 Maximinus
964 1319 1126 1370 vero,
1157 1305 1406 1361 Orientis
1436 1309 1753 1375 tyrannus,
1776 1300 1881 1375 qui
1901 1318 2024 1374 prae
2050 1302 2180 1358 aliis

510 1394 918 1466 superstitioni
970 1393 1346 1467 deorumque
1402 1393 1587 1448 cultui
1635 1392 1891 1458 deditus,
1952 1391 2177 1448 bellum

506 1499 648 1539 cum
676 1499 878 1539 rerum
901 1483 1179 1539 omnium
1206 1485 1326 1539 Deo
1350 1487 1708 1555 perpetuum
1741 1497 1944 1553 gerere
1965 1482 2179 1537 consti-

507 1575 721 1639 tuerat,
752 1572 1043 1645 scriptum
1074 1572 1375 1643 ejusmodi
1403 1588 1526 1628 non
1558 1571 1938 1644 approbavit.
1970 1571 2175 1642 Itaque

503 1661 815 1733 praefectos
852 1660 1298 1734 familiaresque
1335 1677 1476 1716 suos
1517 1661 1709 1717 verbis
1750 1658 2172 1716 tantummodo

499 1751 824 1823 reprimere
849 1751 1026 1822 jussit
1053 1756 1403 1823 susceptum
1434 1754 1643 1806 contra
1670 1766 1781 1806 nos
1818 1749 2065 1804 bellum.
2110 1751 2172 1804 Et

501 1840 667 1912 quod
693 1841 1000 1897 sententite
1023 1856 1247 1906 eorum,
1266 1841 1369 1912 qui
1392 1846 1685 1912 potestate
1703 1844 1758 1895 et
1779 1839 1997 1911 opibus
2027 1854 2166 1894 eum

500 1929 933 2001 antecellerent,
979 1945 1315 2002 repugnare
1369 1945 1491 1984 non
1542 1933 1763 2000 posset,
1822 1929 1883 1983 in
1940 1926 2164 1988 ditione

497 2034 608 2074 sua
640 2018 861 2075 litteras
897 2034 999 2075 eas
1033 2034 1108 2075 ne
1140 2018 1394 2074 lectione
1434 2018 1680 2090 quidem
1723 2022 1779 2073 et
1820 2016 2163 2073 recitatione

495 2107 801 2177 dignatus,
843 2107 1035 2164 edicto
1075 2109 1203 2163 sine
1244 2108 1463 2181 scripto
1500 2106 1905 2179 promulgato,
1955 2105 2163 2162 dolose

491 2196 972 2269 persecutionem
995 2197 1269 2253 lnhibuit.
1302 2197 1560 2253 Sabinus
1584 2196 1661 2269 (t)
1689 2211 1830 2251 vero
1852 2210 2160 2250 summum

492 2285 655 2358 apud
678 2301 814 2341 eum
838 2286 1205 2358 praefecturae
1223 2286 1639 2355 magistratum
1664 2284 2163 2355 gerens,populo—

490 2391 626 2432 rum
649 2373 943 2446 prasfectis
969 2375 1253 2447 principis
1279 2374 1370 2429 sui
1392 2373 1758 2430 voluntatem
1788 2372 2024 2444 publice
2056 2383 2161 2443 per

486 2463 713 2520 litteras
738 2463 1066 2520 insinuavit
1093 2479 1106 2520 :
1135 2463 1501 2535 jamdudum
1533 2462 1924 2518 constitutum
1952 2461 2162 2517 decre-

491 2557 743 2627 tumque
773 2570 926 2620 esse,
952 2559 1017 2610 ut
1041 2554 1144 2625 qui
1171 2553 1514 2625 peregrinas
1536 2550 2002 2609 consuetudines
2022 2565 2162 2605 con-

488 2643 708 2697 sectari
745 2643 1107 2709 viderentur,
1140 2642 1255 2697 diis
1294 2640 1520 2697 cultum
1555 2657 1729 2695 suum
1764 2642 2158 2711 praestarent:

487 2736 542 2787 et
555 2732 947 2804 pertinaciam
960 2731 1369 2805 quorumdam
1386 2729 1645 2785 multum
1661 2730 1947 2785 excitasse
1958 2727 2159 2783 discri-

486 2820 688 2877 minis.
721 2821 902 2895 475
937 2821 1345 2887 Quamobrem
1380 2818 1755 2892 principibus
1781 2819 1974 2874 visum
2009 2832 2158 2887 esse,

485 2908 535 2965 si
559 2911 694 2982 quis
722 2910 1200 2967 Christianorum
1228 2910 1424 2980 gentis
1454 2925 1578 2965 suae
1602 2924 1773 2964 sacra
1794 2907 1983 2963 colere
2000 2922 2161 2961 com-

492 3000 804 3071 periretur,
846 3003 909 3056 ut
937 2999 985 3054 si
1021 3004 1187 3055 extra
1218 2998 1554 3070 periculum
1585 3002 1755 3060 esset,
1795 3011 2050 3067 eamque
2080 2995 2160 3050 ob

493 3101 742 3143 causam
772 3088 1080 3143 tormentis
1104 3102 1225 3145 non
1250 3086 1661 3157 subjiceretur.
1685 3085 1888 3156 Longo
1905 3084 2034 3155 jam
2055 3099 2160 3138 eos

495 3179 764 3249 tempore
794 3192 863 3232 ea
884 3176 959 3231 de
987 3192 1049 3231 se
1072 3176 1437 3231 documenta
1458 3173 1809 3245 praebuisse,
1837 3179 1900 3229 ut
1924 3188 1961 3229 a
1981 3172 2159 3228 desti-

2302 448 2452 516 τέραν
2530 443 2788 515 ὀφείλουσι
2851 449 2936 497 τὸν
3020 445 3212 498 ἇαυτῶν
3285 444 3410 499 Θεὸν
3478 446 3695 498 ἱκετεύειν

2301 542 2398 594 τῆς
2473 539 2738 609 σωτηρίας
2818 543 2914 597 τῆς
2991 537 3265 607 ἡμετέρας,
3327 539 3415 589 καὶ
3467 543 3566 590 τῶν
3620 533 3816 606 argesten

2301 626 2391 675 καὶ
2442 630 2543 675 τῶν
2596 626 2789 676 ἑαυτῶν
2821 642 2835 654 ·
2893 626 2975 677 ira
3027 628 3165 677 κατὰ
3213 630 3383 679 πάντα
3437 628 3621 694 τρόπον
3669 630 3741 679 καὶ
3782 630 3823 681 τι

2303 708 2544 783 δημόσια
2583 716 2900 788 παρασχεθῇ
2959 716 3105 786 ὑγιῆ,
3154 719 3245 767 καὶ
3293 714 3566 787 ἀμέριμνοι
3605 714 3693 785 ζῇν
3722 716 3758 767 ἓν
3782 724 3821 784 τῇ

2721 809 2809 856 καὶ
2873 805 2942 856 τὰ
2994 806 3285 877 γράμματα
3329 805 3467 859 κατὰ
3544 810 3639 864 τῆς
3695 804 3826 859 Ἀσίας

2888 1021 3134 1084 ΚΕΦΑΛ.
3178 1017 3300 1075 KA'.

2290 1128 2447 1197 Περὶ
2502 1132 2608 1189 τῆς
2646 1128 3048 1181 ἐπιπλάστου
3091 1126 3459 1197 Μαξιμίνου
3515 1126 3664 1197 ὑπερ
3698 1128 3834 1195 ἡμῶν

2741 1198 3032 1273 ἀγράφου
3084 1196 3369 1269 διαταγῆ
3391 1218 3430 1258 ς,

2355 1300 2414 1354 '0
2472 1299 2522 1355 δ’
2574 1303 2653 1356 ἔπ’
2703 1305 2985 1369 Ἀνατολῆς
3027 1308 3268 1379 τύραννος
3310 1304 3618 1376 Μαξιμίνος,
3664 1304 3742 1359 ἅτε
3783 1301 3833 1360 δὴ

2284 1399 2384 1445 τῶν
2437 1391 2600 1444 ἄλλων
2668 1390 3233 1467 δεισιδαιμονέστερος,
3284 1399 3374 1446 καὶ
3430 1401 3502 1464 τῷ
3582 1400 3672 1447 τῶν
3740 1392 3837 1446 ὅλων

2284 1484 2391 1551 Θεῷ
2448 1479 2527 1534 ἀεὶ
2604 1478 2699 1537 διὰ
2775 1485 2961 1555 μάχης
3018 1483 3145 1537 ἰέναι
3220 1482 3421 1548 ἐθέλων,
3477 1478 3712 1553 οὐδαμῶς
3754 1490 3840 1544 τοῖς

2280 1578 2550 1641 γραφεῖσιν
2603 1572 2829 1644 ἠρκεῖτο,
2895 1571 3023 1624 ἀλλὰ
3077 1576 3167 1625 καὶ
3214 1578 3326 1632 τοῖς
3378 1570 3502 1643 ἀμφ’
3561 1574 3707 1622 αὐτὸν
3771 1570 3840 1625 λό-

2278 1677 2392 1729 γοις
2443 1659 2635 1714 ἐκέλευε
2689 1666 2869 1734 μόνοις
2924 1665 3012 1714 τὸν
3077 1662 3196 1716 καθ’
3258 1663 3405 1733 ἡμῶν
3478 1660 3689 1732 πόλεμον
3738 1658 3839 1713 ἀνα.

2280 1747 2519 1805 στέλλειν.
2560 1755 2634 1821 Τῇ
2693 1753 2794 1822 γὰρ
2846 1758 2947 1802 τῶν
3002 1753 3302 1822 κρειττόνων
3357 1748 3516 1821 ψήφῳ
3583 1753 3668 1801 καὶ
3714 1748 3840 1801 αὐτὸν

2278 1840 2371 1887 οὐκ
2419 1833 2480 1894 ἦν
2525 1837 2595 1898 εἰς
2635 1841 2692 1889 τὸ
2736 1842 2946 1913 φανερὸν
3004 1837 3278 1910 ἀντιλέγειν
3308 1856 3322 1869 ·
3375 1841 3422 1889 ἓν
3460 1845 3533 1909 τῇ
3566 1837 3677 1891 κατ’
3715 1836 3841 1891 αὑτὸν

2274 1922 2405 1996 μηδ’
2484 1924 2822 1997 ἀναγνώσεως
2895 1926 3125 1991 ἀξιώσας
3196 1931 3255 1979 τὸ
3335 1928 3579 1998 γράμμα,
3659 1924 3840 1996 cryptis?

2272 2016 2641 2087 προστάγματι
2688 2013 2877 2078 δολίως
2940 2021 3027 2071 τὸν
3086 2014 3320 2088 διωγμὸν
3376 2015 3559 2086 ἕπεῖχε
3589 2034 3603 2047 ο
3644 2019 3729 2069 καὶ
3765 2021 3841 2070 Sac

2272 2103 2407 2165 ϐῐνος
2452 2107 2543 2176 μὶν
2582 2106 2608 2156 ὀ
2659 2107 2781 2178 παρ’
2821 2106 2963 2176 αὐτῷ
3021 2105 3343 2178 ἕξοχὼτατος
3417 2112 3522 2164 τοῖς
3579 2105 3686 2156 κατ’
3745 2105 3835 2161 ἔθυε

2270 2195 2598 2266 ἡγουμένοις,
2642 2198 2735 2252 τὴν
2794 2194 3051 2267 βασιλέως
3100 2201 3306 2267 γνώμην
3357 2193 3520 2266 ἑμφαν
3552 2202 3581 2252 ἦ
3610 2194 3839 2248 καθιστὼν

2271 2284 2482 2355 ἔγραφεν
2515 2302 2529 2315 ·
2610 2287 2679 2344 ὡς
2756 2284 2918 2336 πάλαι
2997 2286 3221 2357 ὥρισται
3281 2286 3398 2343 τοὺς
3463 2287 3557 2335 καὶ
3629 2281 3841 2353 ἀλλοτρίᾳ

2274 2373 2522 2444 συνηθείᾳ
2577 2369 2855 2434 δοκοῦντας
2906 2372 3206 2425 ἀκολουθεῖν
3249 2380 3355 2433 τοῖς
3409 2375 3547 2433 θεοῖς
3602 2374 3690 2432 τὰς
3742 2372 3843 2442 θρε-

2273 2464 2451 2522 σκείας
2515 2459 2777 2517 ἐπιτελεῖν.
2816 2462 3101 2524 Ἐνστασις
3160 2459 3220 2515 δέ
3253 2482 3402 2515 τινων
3431 2460 3596 2515 πολύν
3637 2463 3841 2530 ἐπήγειρε

2270 2545 2529 2603 κίνδυνον.
2575 2549 2728 2603 Ὅθεν
2772 2548 2929 2615 δόξαν
2988 2551 3217 2616 ἐκείνοις,
3278 2551 3341 2603 ἶν’
3380 2554 3425 2604 εἶ
3461 2570 3543 2612 τις
3593 2557 3690 2602 τῶν
3732 2557 3840 2621 Χρια

2273 2647 2493 2689 στιανὼν
2554 2647 2648 2693 τοῦ
2716 2637 2855 2693 ἰδίου
2921 2642 3097 2702 ἵθνους
3171 2642 3263 2699 τὴν
3339 2642 3625 2712 θρησκείαν
3688 2644 3841 2710 μετιὼν

2273 2726 2520 2799 εὑρεθείη,
2558 2726 2843 2799 ἁφίστηται
2889 2732 2981 2801 μὲν
3028 2738 3124 2781 τοῦ
3168 2725 3416 2782 κινδύνου
3443 2745 3456 2757 ·
3508 2733 3604 2780 καὶ
3642 2734 3712 2800 μή
3748 2745 3843 2779 τινι

2271 2816 2326 2866 ἐκ
2380 2824 2472 2875 τῆς
2543 2820 2791 2880 τοιαύτης
2856 2819 3025 2880 αἰτίας
3098 2818 3354 2884 κολάζειν,
3424 2822 3635 2890 ἆπείπερ
3699 2815 3841 2886 πολλῷ

2269 2908 2445 2978 χρόνῳ
2490 2912 2671 2979 πεῖραν
2720 2904 2931 2975 ἔδοσαν,
2989 2912 3059 2981 μὴ
3115 2917 3216 2961 τῶν
3267 2912 3518 2982 σφετέρων
3578 2907 3842 2959 ἕνστιὲσεων

2271 2992 2579 3068 ἀναχωρεῖν,
2632 2997 2849 3069 Γράφειν
2896 3017 2948 3049 τε
3000 3001 3089 3050 καὶ
3148 3004 3257 3058 τοῖς
3320 2996 3490 3057 ἄλλοις
3543 2995 3762 3049 ἐκέλευεν
3816 2996 3839 3051 ὁ

2268 3089 2461 3155 γραφὴ,
2526 3085 2598 3157 μὴ
2662 3093 2924 3157 προσῆκον
2990 3085 3197 3147 ἐκείνοις
3262 3090 3552 3162 περαιτέρω
3619 3080 3845 3159 φροντίδα

2270 3176 2384 3245 περὶ
2442 3181 2767 3247 Χριστιανῶν
2813 3177 3115 3228 ποιεῖσθαι*
3166 3178 3216 3228 οἶ
3263 3172 3330 3234 δὴ
3393 3182 3484 3229 καὶ
3532 3175 3843 3233 ἓπαληθεύειν

493 3245 641 3321 nata
684 3281 795 3321 sua
838 3266 1174 3321 constantia
1219 3280 1341 3319 non
1384 3262 1696 3318 declinent.
1747 3263 2041 3335 Scriptum
2094 3262 2149 3317 id

2266 3245 2570 3333 νομίσαντες
2622 3262 2716 3322 τὴν
2769 3269 3092 3339 προαίρεσιν,
3167 3262 3262 3319 διὰ
3315 3268 3645 3340 γραμμάτων
3699 3263 3845 3317 ἅπασι

497 3353 702 3410 Sabini
735 3354 868 3411 aliis
898 3369 1145 3427 quoque
1175 3352 1620 3424 magistratibus
1650 3351 2059 3407 demandabat
2083 3352 2156 3407 si-

493 3443 785 3514 gniﬁcari,
805 3459 929 3500 non
948 3443 1165 3500 debere
1186 3442 1446 3515 amplius
1462 3458 1564 3497 eos
1581 3440 2006 3498 deCliristianis
2020 3456 2154 3496 esse

493 3532 773 3589 sollicitos
801 3549 814 3588 :
847 3532 952 3611 qui
982 3548 1127 3588 sane
1152 3532 1325 3603 jussa
1354 3548 1425 3587 ea
1453 3531 1695 3586 veritate
1727 3528 1831 3585 niti
1858 3528 2148 3597 arbitrati,

492 3637 597 3694 per
618 3621 900 3694 epistolas
920 3620 1159 3694 publice
1175 3619 1462 3695 principis
1492 3619 1843 3675 sententiam
1866 3617 2151 3674 omnibus

488 3710 886 3767 declararunt.
923 3714 986 3766 Et
1014 3725 1137 3767 non
1174 3710 1374 3766 verbis
1405 3713 1636 3764 tantum
1667 3707 1991 3779 litterisque
2020 3707 2150 3762 haec

491 3804 609 3866 ata,
669 3817 878 3856 verum
928 3801 1111 3857 etiam
1151 3798 1266 3871 ipsi
1307 3798 1505 3854 statim
1551 3813 1705 3869 quos
1746 3797 1808 3852 in
1862 3795 2148 3853 custodiis

491 3896 733 3964 propter
754 3890 1027 3946 divinum
1054 3889 1308 3946 verbum
1334 3887 1569 3943 clausos
1593 3886 1919 3951 habebant,
1948 3885 2008 3941 in
2035 3901 2151 3956 pu-

487 3977 711 4035 blicum
736 3979 1060 4051 productos
1078 3977 1298 4034 liberos
1318 3976 1689 4043 dimiserunt,
1717 3980 1774 4030 et
1800 3974 1877 4030 ad
1904 3974 2148 4030 metalla

488 4068 807 4125 damnatos
863 4068 1272 4125 absolverunt.
1326 4064 1496 4130 Quod
1548 4081 1687 4121 cum
1733 4064 1814 4120 ita
1863 4063 2141 4129 facerent,

488 4157 804 4229 gratiﬁcari
844 4172 906 4211 se
938 4156 1282 4228 imperatori
1313 4171 1422 4210 suo
1460 4154 1893 4209 existimarunt.
1927 4152 2043 4207 Sed
2073 4168 2148 4208 ea

486 4247 548 4303 in
577 4262 640 4303 re
675 4245 1005 4301 admodum
1040 4249 1178 4299 sunt
1209 4243 1358 4299 falsi.
1393 4245 1521 4297 Haec
1560 4258 1757 4297 rerum
1795 4242 1975 4297 facies
2005 4257 2142 4297 cum

488 4337 574 4392 sic
610 4335 874 4391 exhibita
915 4338 1092 4399 esset,
1138 4333 1337 4388 statim
1380 4348 1453 4387 ex
1496 4331 1799 4387 altissimis
1836 4332 2142 4401 ingentem

485 4425 681 4481 lucem
724 4428 995 4479 exortam
1045 4437 1173 4476 esse
1216 4420 1492 4476 homines
1531 4420 1829 4477 viderunt.
1871 4420 2140 4475 Ecclesiae

482 4512 1036 4591 frequentabantur,
1079 4514 1407 4565 conventus
1454 4509 1928 4565 numerosissimi
1968 4524 2141 4580 coge-

2263 3354 2358 3408 τὴν
2441 3357 2651 3424 γνώμην
2712 3352 2907 3426 ἐμφαίνῆ
2966 3362 3057 3407 τοῦ
3111 3361 3422 3430 κρατοῦντος
3474 3353 3706 3411 ἕποίουν.
3760 3355 3844 3406 Καὶ

3736 3441 3843 3493 ἀλλὰ

2259 3532 2350 3580 καὶ
2410 3530 2557 3583 αὐτοὶ
2619 3536 2885 3605 πρότερον,
2958 3534 3048 3594 οῦς
3112 3536 3507 3607 καθειργμένους
3568 3532 3717 3605 εἶχον
3767 3527 3842 3583 διὰ

2263 3438 2321 3490 οὐ
2376 3439 2551 3511 λδγοις
2610 3447 2700 3494 καὶ
2759 3446 3041 3516 γράμμασι
3100 3452 3267 3496 ταῦτα
3317 3446 3631 3518 πρρύχώρει

2259 3621 2346 3670 τὸν
2400 3621 2531 3672 Θεῖον
2593 3620 2761 3692 λόγον,
2820 3618 2894 3673 δι’
2942 3622 3133 3675 ἑαυτῶν
3188 3621 3268 3675 ἰπὶ
3326 3627 3491 3695 μέσοῦ
3545 3626 3840 3697 προάγοντες

2259 3707 2563 3782 ἠλευθέρουν
2595 3727 2609 3740 ⁸
2664 3716 2754 3763 καὶ
2800 3715 2919 3774 τοὺς
2968 3711 3016 3763 ἐν
3068 3712 3336 3784 μετάλλοις
3401 3711 3641 3764 ἀνίεσαν.
3701 3711 3839 3763 Ἠτιά-

2258 3816 2439 3855 τηνται
2500 3795 2558 3851 δὲ
2638 3800 2741 3872 ἄρα
2806 3797 3015 3872 βασιλεῖ
3079 3798 3352 3862 δοκοῦντες
3421 3803 3559 3852 κατὰ
3650 3805 3838 3871 γνώμη

2256 3905 2500 3958 πρτατειν
2546 3889 2769 3951 πάντως.
2822 3892 3027 3942 Τούτων
3067 3887 3118 3942 δ’
3164 3891 3638 3955 ἓπιπολασθέντων,
3672 3888 3841 3945 αὐτίκα

2258 3970 2319 4032 ἧν
2362 3976 2484 4047 ὸρᾷν
2540 3976 2596 4028 ἐκ
2650 3974 2946 4050 βαθυτάτου
3006 3984 3221 4040 σκότους
3277 3988 3378 4051 φῶς
3422 3978 3619 4051 ἁθρόον
3678 3976 3842 4049 ἰκλάμν

2254 4084 2349 4116 πον
2382 4082 2395 4094 ·
2446 4065 2720 4123 ἐκκλησίαι
2769 4085 2823 4118 τε
2873 4076 3290 4143 συνεκροτοῦντο,
3326 4073 3416 4121 καὶ
3447 4064 3676 4123 σύνοδοι
3723 4087 3840 4136 σ-νμο

2251 4153 2469 4216 πληθεῖς
2518 4155 2824 4230 ἠθροίζοντο
2854 4173 2869 4188 ο
2918 4162 3007 4210 καὶ
3061 4164 3164 4219 πᾶς
3223 4177 3302 4219 τις
3352 4166 3447 4209 τῶν
3502 4156 3670 4212 ἐθνῶν
3729 4155 3840 4230 ὀρῶν

2254 4244 2540 4306 ἔκπληκτος
2596 4241 2677 4311 ἦν,
2733 4248 2790 4297 τό
2838 4254 2929 4307 τῆς
2985 4246 3268 4319 μεταϐολῆς
3328 4248 3532 4319 ἱτοίμον
3588 4249 3839 4322 ὑπερφυῶς

2255 4335 2555 4407 θαυμάζων,
2606 4340 2694 4387 καὶ
2754 4341 2913 4408 μέγαν
2968 4342 3119 4408 μόνον
3190 4333 3317 4389 εἶναι
3370 4340 3499 4389 Θεὸν
3568 4346 3677 4389 τῶν
3730 4344 3841 4408 Χριο

2253 4432 2474 4475 στιανῶν
2529 4421 2738 4479 ἐκϐοῶν.
2784 4423 2956 4497 Ἠμῶν
2994 4422 3045 4477 δ’
3094 4427 3211 4477 ὅσοι
3254 4428 3340 4477 τὸν
3394 4423 3577 4497 ἀγῶνα
3611 4429 3841 4497 γενναίως

2250 4508 2551 4584 διήνεγκαν,
2601 4516 2732 4585 μετὰ
2774 4513 3075 4589 παρρησίας
3139 4511 3415 4589 διέπρεπον
3447 4530 3461 4545 ’
3518 4514 3605 4577 οἷς
3655 4512 3715 4567 δι
3774 4533 3840 4565 νου

483 4602 725 4667 bantur,
751 4606 806 4657 et
831 4616 903 4657 ex
927 4597 1207 4669 gentibus
1228 4598 1358 4653 hazc
1382 4598 1640 4669 quisque
1663 4614 1911 4653 cernens
1931 4598 2138 4654 obstu-

2266 4608 2413 4659 τῆσαι
2451 4600 2638 4660 συνέϐη
2674 4604 2808 4654 κατὰ
2846 4603 3031 4675 ψυχῆν
3086 4611 3147 4676 τῇ
3198 4612 3298 4655 τῶν
3343 4601 3522 4656 δεινῶν
3561 4604 3837 4678 προσϐολῇ,

481 4692 789 4764 pascebat,
821 4689 1260 4762 mirificamque
1293 4702 1489 4742 rerum
1530 4686 1921 4742 mutationem
1947 4687 2137 4743 admi-

481 4780 748 4847 rabatur,
773 4779 967 4836 solum
996 4778 1462 4835 Christianorum
1488 4778 1673 4832 Deum
1698 4791 1990 4845 magnum
2011 4793 2142 4834 esse

480 4868 845 4927 acclamans.
868 4870 1216 4924 Nostrorum
1239 4870 1438 4923 autem
1458 4864 1778 4921 hominum
1798 4866 2141 4939 quicunque

481 4973 767 5035 generose
805 4961 859 5013 et
892 4956 1114 5013 fortiter
1154 4971 1413 5025 agonem
1452 4953 1856 5027 pertulissent,
1898 4955 2140 5026 publice

483 5065 623 5105 cum
656 5048 879 5119 ingenti
909 5046 1180 5103 libertate
1210 5045 1268 5100 in
1301 5044 1684 5100 veneratione
1713 5048 1905 5099 erant.
1935 5049 2005 5100 At
2034 5045 2136 5116 qui

480 5154 590 5219 per
610 5140 954 5197 animorum
981 5135 1445 5193 imbecillitatem
1476 5132 1834 5190 inﬁrmiores
1864 5134 1924 5189 in
1955 5134 2140 5190 malo-

478 5245 612 5285 rum
643 5228 1059 5286 colluctatione
1099 5225 1370 5288 fuissent,
1401 5223 1611 5296 lapsus
1643 5240 1787 5279 suos
1817 5239 1923 5295 per
1952 5224 2139 5296 poeni-

475 5320 724 5379 tentiam
742 5317 961 5375 sarcire
974 5321 1028 5371 et
1043 5330 1253 5371 curare
1270 5313 1653 5380 festinabant,
1673 5314 1911 5368 dextras
1928 5328 2136 5369 eorum

472 5407 762 5482 quiﬁdem
775 5405 997 5462 salvam
1010 5407 1470 5460 conservassent
1484 5403 2141 5478 prensantes,eosdem.

549 5515 626 5595 (ι)
655 5513 870 5569 Euseb.
900 5512 1004 5568 lib.
1033 5527 1109 5579 ιχ,
1138 5526 1272 5583 cap.
1298 5511 1349 5569 1.

2617 4692 2911 4764 θεραπεύειν
2976 4693 3270 4765 ἠπείγοντο,
3343 4689 3520 4755 δεξιὰν
3595 4695 3841 4748 αἰτοῦντες

2243 4779 2365 4854 παρ’
2413 4780 2481 4830 ὧν
2522 4782 2588 4835 τὰ
2625 4789 2720 4841 τῆς
2763 4784 2981 4842 πίστεως
3019 4780 3229 4855 ἔρρωτο.
3277 4780 3591 4857 Ἐλιπάρουν
3620 4801 3678 4835 τε
3728 4786 3837 4833 Θεὸν

2245 4692 2311 4743 τὰ
2378 4699 2517 4762 σφῶν

2247 4867 2484 4920 ἱκετεύειν
2535 4869 2676 4921 ἵλεων
2724 4870 2902 4932 αὐτοῖς
2957 4867 3144 4923 ίνιδεῖν
3216 4873 3347 4943 μετὰ
3422 4881 3701 4944 κατηφοῦς
3766 4874 3837 4921 καὶ

2246 4962 2679 5033 συντετριμμένον
2734 4966 2825 5010 τοῦ
2892 4965 3193 5032 σχήματος.
3244 4962 3308 5012 Οἱ
3359 4956 3410 5011 δ’
3483 4962 3532 5011 ἂν
3581 4959 3838 5031 μετοίλλεις

2242 5045 2472 5109 λυθέντες
2537 5044 2752 5123 φαιδροί
2830 5067 2963 5111 τινες
3044 5054 3132 5101 καὶ
3202 5049 3552 5120 γεγανωμένον
3640 5052 3839 5123 ὁρῶντες

2242 5141 2331 5187 καὶ
2387 5135 2689 5215 παρρησίας
2746 5135 2955 5212 πλήρεις
3006 5136 3088 5190 ίπὶ
3157 5139 3248 5198 τὰς
3336 5134 3599 5210 πατρίδας
3671 5138 3836 5211 ᾔεσαν,

2243 5225 2470 5299 ἀρρἠου
2536 5245 2589 5281 τε
2644 5225 2978 5300 εὐφροσύνης,
3056 5231 3118 5284 ἤν
3184 5223 3308 5280 οὐδὲ
3372 5227 3511 5299 λόγῳ
3586 5231 3835 5299 raptu?

2240 5311 2447 5391 ῥᾴδιον,
2507 5313 2725 5393 ίμπλεῳ.
2778 5314 2928 5369 Ὀδοὶ
2977 5312 3034 5368 δι
3088 5321 3177 5368 καὶ
3226 5320 3445 5390 λεωφόρο
3483 5320 3722 5369 παιάνων
3759 5319 3834 5366 κει

2245 5402 2493 5477 ᾀσμάτων
2552 5401 2688 5463 ἦσαν
2743 5410 2935 5477 μεσταὶ
2979 5413 3078 5463 τῶν
3136 5400 3445 5484 ὁδοιπόρων,
3506 5410 3639 5461 Θεὸν
3694 5403 3832 5471 δοξε-
