4020 6218
185 259 317 314 1261
1246 247 1806 308 ECCLESIASTIC/E

1918 248 2221 308 ISTORIE
2259 249 2395 306 LIB.
2437 251 2549 307 VII.
3405 259 3545 315 1262

189 384 377 443 ζόντων
430 387 492 452 τῇ
544 380 686 454 παρά
739 373 896 439 δόξαν
949 374 1208 447 ἐλευθερίᾳ
1238 391 1251 404 ·
1301 380 1390 427 καὶ
1440 379 1560 436 τοὺς
1621 374 1806 446 ὁλίγῲη

1918 391 2002 447 ;ue
2032 376 2339 434 submisso
2369 382 2425 435 et
2465 377 2769 438 sordidato
2813 380 3026 440 habitu
3056 385 3113 439 et
3162 383 3375 454 spiritu
3405 401 3548 441 con-

187 477 428 544 πρότερον
479 465 716 542 σφοδρῶς
767 475 865 518 τῶν
938 461 1206 536 πατρίδων
1258 464 1596 536 ἐληλαμένους
1644 461 1778 525 εἶδες

1918 470 2041 530 rito,
2076 469 2337 523 utDeum
2369 468 2644 539 precibus
2669 469 2794 525 suis
2829 471 3154 543 propitium
3195 473 3304 529 sibi
3339 474 3548 530 redde-

189 561 248 613 ἂν
304 556 510 632 φαιδρῷ
567 563 830 632 προσώπῳ
894 558 983 616 τὰς
1039 554 1208 614 ἑστίας
1267 554 1724 626 ἀπολαμϐάνοντας
1763 575 1777 588 ο

1919 559 2019 610 ent
2057 561 2313 614 orantes.
2345 557 2434 613 Ad
2460 557 2769 616 metallum
2798 559 3070 617 damnati
3106 561 3544 620 liberabantur:

189 652 322 702 ὥστε
382 653 474 702 καὶ
536 652 656 708 τοὺς
712 650 833 719 πρὶν
903 645 1019 697 καθ’
1076 647 1220 716 ήμῶν
1297 645 1618 717 ὠρυομένους
1673 652 1784 704 τοῖς

1918 644 2126 715 satique
2156 649 2334 717 atque
2352 645 2570 703 hilares
2602 663 2740 704 cum
2764 647 3034 706 libertate
3054 651 3265 715 multa,
3295 652 3548 708 incredi-

1891 731 1996 790 bili
2027 740 2208 805 atque
2236 733 2524 793 ineffabili
2547 736 2769 805 gaudio
2798 736 2979 808 pleni,
3005 739 3064 793 in
3088 739 3348 810 patriam
3372 756 3548 797 suam

196 831 340 882 σθαι.
1894 821 2190 877 redibant.
2231 823 2444 879 Itinera
2497 824 2873 899 publicaeque
2925 826 3036 884 viae
3089 828 3551 901 triumphalibus

187 917 433 989 hymnis
463 921 520 972 et
549 914 942 980 carminibus,
976 912 1301 969 viatoribus
1337 912 1522 969 Deum
1554 912 1628 968 de
1668 911 1978 984 inopinata
2017 910 2288 967 libertate
2324 912 2820 983 gloriﬁcantibus,
2877 916 3265 974 resonabant.
3326 918 3394 976 Et
3447 915 3552 991 qui

191 1007 375 1079 paulo
413 1012 550 1062 ante
581 1004 862 1059 violenter
902 1001 1095 1075 patria
1135 1018 1246 1058 sua
1293 1001 1483 1056 exacti
1515 1005 1704 1063 erant,
1737 1016 1842 1056 eos
1893 1000 2057 1056 vultu
2085 1001 2356 1070 jucundo
2391 1003 2468 1058 ad
2522 1001 2690 1059 focos
2734 1010 3102 1078 penatesque
3157 1023 3298 1062 suos
3336 1008 3554 1063 reverti

192 1097 451 1152 vidisses
476 1111 488 1147 :
511 1099 568 1150 et
586 1095 689 1167 qui
712 1091 966 1149 antehac
993 1096 1197 1148 contra
1212 1107 1321 1146 nos
1352 1092 1675 1162 rugierant,
1697 1091 2063 1161 insperatam
2080 1106 2279 1146 rerum
2295 1092 2688 1148 mutationem
2711 1102 3040 1165 cernentes,
3062 1095 3380 1154 nobiscum
3405 1111 3553 1156 con-

188 739 311 810 παρ’
365 734 554 790 ἐλπίδα
603 738 974 808 πραττομένοις
1044 735 1266 808 ὁρῶντας
1322 736 1447 806 ἡμῖν
1504 734 1783 804 ἐπαγοὶλλε⁹

195 1185 564 1258 gratulantes
590 1181 986 1238 exsultabant.

800 1293 1042 1344 ΚΕΦΑΛ.
1082 1285 1204 1344 KE'.

199 1386 353 1454 Περὶ
395 1387 507 1433 τοῦ
536 1378 669 1433 κατ’
720 1379 1128 1461 Ἀντιόχειαν
1158 1382 1515 1461 νεοπαγοῦς
1545 1376 1791 1443 ξοάνου,

505 1454 530 1503 ὅ
561 1455 908 1511 Θεότεκνος
963 1450 1460 1522 ἐκαινούργησε.

512 1537 549 1558 ᾗ)

266 1550 444 1596 Ταῦτα
501 1537 549 1594 δ’
614 1539 662 1592 ἓν
727 1549 796 1612 νῷ
848 1538 1016 1612 βαλὼν
1073 1538 1358 1610 Μαξιμῖνος
1407 1539 1431 1588 ό
1495 1547 1590 1598 τῆς
1635 1536 1793 1608 Ἑῴας

198 1636 462 1707 τύραννος,
541 1627 657 1682 οὐδ’
728 1627 804 1681 ἐπ’
872 1631 1112 1680 ἐνιαυτοῦ
1178 1632 1235 1678 τό
1313 1630 1479 1700 ἣμισυ
1535 1634 1793 1701 καρτερῶν

2403 1289 2584 1364 476
2615 1291 2835 1348 CAPUT
2882 1294 3046 1350 xxv.

1903 1375 2197 1433 Destatua
2211 1378 2926 1508 novaAntioc/tizqtmm
2963 1383 3326 1441 Theotecnus
3352 1399 3555 1442 recens

2614 1466 2772 1508 erexi
2809 1494 2821 1506 .

2614 1466 2772 1508 erexi
2780 1466 2801 1508 ι
2809 1494 2821 1506 .

1974 1535 2037 1589 In
2055 1534 2167 1591 hac
2183 1551 2364 1608 porro
2390 1539 2682 1595 sententia
2697 1541 3047 1597 Maximinus
3074 1542 3326 1600 Orientis
3357 1548 3557 1617 tyran-

1903 1639 2017 1678 nus
2049 1640 2169 1680 non
2208 1625 2362 1682 bene
2404 1644 2509 1683 sex
2557 1644 2797 1685 menses
2829 1632 3202 1702 perduravit.
3245 1633 3556 1698 Quomodo

199 1719 490 1792 διαγέγονε.
527 1725 640 1783 Πῶς
685 1721 786 1791 γὰρ
837 1722 999 1792 φέρειν
1040 1712 1199 1788 εἶχεν,
1235 1717 1368 1767 οὕτω
1398 1717 1490 1773 τήν
1535 1723 1627 1767 τοῦ
1665 1723 1794 1788 Χρι-

1918 1713 2065 1768 anim
2095 1713 2190 1769 ille
2229 1716 2331 1788 qui
2359 1716 2688 1774 honestatis
2720 1720 2915 1776 omnis
2947 1720 3242 1788 inimicus,
3277 1739 3468 1780 saevus
3501 1727 3558 1780 et

200 1818 328 1862 στοῡ
386 1813 609 1879 ποίμνην
656 1807 1041 1878 πληθυνομένην
1099 1807 1250 1880 ὁρῶν,
1304 1804 1584 1876 μισο’καλος
1638 1807 1704 1855 ὧν
1768 1806 1795 1855 ὁ

199 1895 467 1972 δυσμενὴς
513 1901 602 1948 καὶ
649 1900 1001 1969 μισόχριστος
1030 1913 1042 1957 ;
1073 1893 1276 1966 Ἀμέλει
1328 1913 1410 1946 τοι
1452 1899 1540 1946 καὶ
1577 1898 1669 1952 τὴν
1710 1890 1793 1945 δο-

197 1996 394 2040 κοῦσαν
461 1987 661 2060 εἰρήνην
719 1990 842 2048 τέως
905 1981 1136 2056 διασπᾲν
1194 1983 1394 2048 ἐθέλων,
1448 1992 1650 2059 πρῶτον
1707 1985 1796 2055 μὲν

202 2081 290 2138 τάς
347 2077 397 2128 ἐν
467 2082 574 2140 τοῖς
630 2078 952 2147 κοιμτηρίοις
1003 2074 1148 2144 ἡμῶν
1219 2069 1470 2133 συνόδους
1520 2071 1792 2143 ἀπέλεγεν’

203 2165 315 2220 εἶτα
344 2170 501 2238 τέχνῃ
551 2162 618 2222 δή
671 2183 772 2215 τινι
821 2163 977 2223 αὐτὸς
1025 2161 1191 2231 ἐαυτῷ
1247 2169 1347 2223 τοῖς
1391 2171 1481 2221 τῆς
1522 2162 1797 2233 Ἀντιόχου

201 2255 441 2318 πολίταις
515 2251 928 2326 διεπρεσϐεύετο,
1001 2255 1070 2322 μή
1127 2270 1243 2302 τινα
1294 2259 1392 2302 τῶν
1473 2259 1800 2324 Χριστιανῶν

1473 2342 1521 2391 ἐν
1573 2344 1694 2412 μεγί
1705 2359 1798 2411 στῃ

206 2431 266 2485 δὲ
313 2435 537 2510 χάριτος
588 2435 748 2504 μοίρᾳ
819 2436 949 2501 σφᾶς
1009 2430 1146 2480 τοῦτ’
1221 2430 1422 2480 οἴεσθαι
1504 2425 1802 2501 δράσαντας

204 2346 375 2406 ζητῶν
421 2348 513 2401 τὴν
553 2341 834 2417 Ἀντιόχου
882 2341 1038 2392 οἰκεῖν
1101 2340 1374 2414 ἐπιτρέψαι
1406 2357 1419 2368 ·

206 2526 368 2595 ἔχειν.
401 2525 501 2573 Καὶ
531 2520 710 2584 ἄλλοις
742 2515 792 2570 δ’
852 2515 1100 2569 ὑπέϐαλλε
1129 2518 1194 2568 τά
1242 2519 1338 2568 ἴσα
1387 2513 1660 2589 διενεργεῖν
1689 2535 1700 2546 ·
1736 2517 1803 2566 ὧν

209 2620 412 2686 πρῶτος
465 2614 731 2670 Θεότεκνος
783 2605 863 2673 ἦν,
919 2609 1048 2679 ἀνὴρ
1114 2611 1243 2676 γόης
1291 2609 1376 2657 καὶ
1430 2610 1803 2677 πονηρότατος,

207 2705 296 2752 καὶ
339 2695 580 2771 οὐδαμῶς
628 2705 722 2757 τῆς
753 2700 1125 2770 προσωνυμίας
1166 2699 1398 2768 μετέχων
1442 2712 1453 2723 ·
1491 2694 1806 2766 λογιστεύειν

208 2787 258 2841 δ’
289 2785 480 2862 ξέὃόκει
528 2787 642 2837 κατ’
687 2784 872 2837 ἐκεῖνον
923 2781 1062 2843 δῆτα
1122 2787 1209 2835 τὸν
1265 2792 1460 2857 χῶρον.
1518 2782 1808 2854 Ιιάμπολλα

212 2876 271 2932 δὲ
319 2878 434 2929 καθ’
468 2879 612 2948 ἡμῶν
659 2879 1038 2949 στρατηγήσας
1093 2873 1262 2939 οὗτος,
1311 2877 1399 2923 καὶ
1452 2869 1695 2946 σφοδρῶς
1742 2881 1803 2943 τῇ

207 2966 328 3020 καθ’
375 2969 520 3040 ἡμῶν
574 2968 894 3036 συκοφαντίᾳ
939 2961 1079 3035 μάλα
1129 2963 1489 3034 χρησάμενος,
1544 2962 1627 3012 οἷά
1666 2981 1809 3023 τινας

211 3065 385 3131 φῶρας
434 3053 731 3106 ἀπελαύνειν
775 3054 911 3124 ἡμᾶς
962 3047 1200 3109 σπουδήν
1254 3049 1473 3102 ἐποιεῖτο
1507 3071 1520 3083 ο
1573 3052 1683 3103 ὅθεν
1720 3055 1808 3102 καὶ

209 3145 421 3206 πολλοῖς
497 3145 714 3195 θανάτου
781 3139 1022 3201 διάκονος
1079 3144 1321 3214 γεγονὼς,
1399 3139 1534 3200 τέλος
1597 3137 1807 3191 εἴδωλόν

209 3255 261 3286 τι
300 3237 420 3294 Διὸς
463 3231 633 3304 φιλίου
694 3226 994 3291 ἐπαοιόίαις
1065 3234 1154 3280 καὶ
1213 3232 1479 3298 γοητείαις
1545 3227 1802 3304 ἀνήγειρε,

213 3327 396 3383 Θυσίας
435 3340 486 3372 τε
541 3324 628 3372 καὶ
665 3323 905 3391 μυήσεις,
967 3322 1056 3370 καὶ
1099 3316 1208 3370 ἀλλ’
1252 3319 1378 3368 ἄττα
1427 3317 1677 3389 ἐξάγιστα
1719 3323 1807 3370 καὶ

213 3412 543 3484 ἀκαθάρτους
602 3405 668 3465 δή
730 3427 870 3468 τινας
910 3408 1182 3480 καθάροεις
1245 3409 1478 3470 ἐπινοῶν,
1541 3408 1677 3480 οῖχρι
1736 3403 1803 3464 δὴ

208 3507 299 3555 καὶ
329 3500 378 3562 ἐς
421 3498 646 3572 βασιλέα
691 3499 779 3556 τὰς
817 3505 914 3548 τῶν
957 3504 1208 3569 χρηστῶν
1264 3500 1524 3569 τερατείας
1565 3493 1803 3557 ὃιέσωζε.

217 3593 366 3644 Κατά
447 3593 640 3640 σκοπόν
701 3582 758 3637 δὲ
831 3592 924 3636 τοῦ
967 3592 1277 3657 κρατοῦντος
1327 3585 1582 3654 ᾑρημενος
1649 3585 1809 3658 πράτ-

212 3699 339 3745 τειν,
414 3682 504 3729 καὶ
583 3675 763 3750 ἀγεννῆ
838 3674 1105 3725 κολακείαν
1172 3669 1610 3744 ἐπιδεδειγμένος,
1675 3674 1811 3722 κατὰ

212 3775 543 3842 Χριστιανῶν
591 3767 741 3816 ἐκίνει
789 3766 846 3814 τὸ
905 3762 1080 3824 ξόανον
1113 3781 1124 3792 ·
1185 3763 1323 3831 ἔλεγε
1372 3764 1472 3833 γάρ
1540 3763 1623 3812 τόν
1683 3764 1810 3812 Θεὸν

213 3856 554 3928 ἀσχάλλοντα
621 3853 839 3905 κελεύειν
895 3851 988 3914 ἔξω
1045 3850 1214 3902 πυλῶν
1272 3850 1494 3901 ἐλαύνειν
1553 3853 1660 3915 ,καὶ
1713 3858 1811 3900 τῶν

217 3951 492 4016 περιοίκων
566 3943 735 4015 ἀγρῶν
811 3944 881 4003 ὡς
935 3941 1242 4014 πορρωτέρω
1287 3947 1470 4007 ποιεῖν,
1531 3939 1615 3990 οἷά
1669 3957 1813 3998 τινας

214 4032 516 4096 ἀσπόνδους
554 4033 774 4107 ἐχθρούς
810 4034 933 4092 τοὺς
978 4032 1347 4101 Χριστιανούς.
1379 4029 1520 4084 Ἐπεὶ
1552 4024 1610 4082 δε
1647 4036 1814 4082 ταῦτα

215 4130 308 4181 καὶ
362 4125 499 4178 κατὰ
525 4128 733 4194 γνώμην
780 4117 914 4178 ἦσαν
957 4127 1030 4189 τῷ
1080 4116 1306 4190 βασιλεῖ,
1339 4122 1698 4192 κεχαρισμένα
1725 4121 1813 4170 καὶ

220 4217 266 4268 οἱ
322 4213 494 4267 λοιποὶ
550 4221 650 4266 τῶν
702 4209 891 4264 πόλεων
936 4207 1171 4284 ἀρχηγοὶ
1249 4203 1379 4281 δρᾷν
1427 4206 1696 4271 ἐθέλοντες,
1750 4209 1816 4257 τὰ

217 4307 316 4358 ἶσα
369 4303 487 4356 καθ’
564 4299 898 4372 ἐψηφίςοντο,
949 4303 1038 4350 καὶ
1103 4304 1210 4362 τοῖς
1272 4299 1357 4349 ὑπ’
1427 4296 1618 4357 αύτούς
1685 4297 1817 4354 ὑπη-

1904 1802 2287 1859 adversarius
2319 1805 2529 1862 Christi
2558 1812 2732 1873 esset,
2772 1811 3075 1880 tantopere
3107 1812 3314 1880 augeri
3344 1811 3559 1870 laetari-

1904 1907 2020 1966 que
2052 1893 2259 1949 Christi
2276 1909 2519 1963 gregem
2541 1897 2879 1968 pateretur?
2907 1898 3084 1956 Illicet
3108 1916 3242 1970 qua:
3275 1905 3401 1958 tum
3425 1918 3558 1957 esse

1903 1981 2217 2037 videbatur
2263 1998 2476 2055 pacem
2506 1985 2926 2051 dissoluturus,
2993 1988 3257 2061 primum
3313 1990 3561 2063 quidem

1905 2076 2233 2126 conventus
2249 2078 2485 2128 nostros
2514 2073 2575 2128 in
2595 2077 2950 2132 ccemeteriis
2964 2077 3270 2150 prohibuit
3298 2095 3309 2132 :
3344 2079 3564 2136 deinde

1907 2175 2047 2215 vero
2065 2159 2280 2215 techna
2295 2162 2566 2235 quadam
2594 2163 2720 2236 ipse
2750 2165 2829 2221 ad
2869 2165 3132 2238 seipsum
3160 2168 3563 2224 Antiocheno-

1907 2263 2040 2302 rum
2072 2249 2316 2305 nomine
2336 2265 2441 2323 per
2471 2251 2630 2308 cives
2662 2268 2868 2308 eorum
2899 2254 3263 2324 legationem
3293 2256 3473 2321 misit,
3502 2257 3564 2314 id

1910 2351 2114 2406 agens,
2131 2342 2194 2392 ut
2220 2354 2294 2393 ne
2321 2339 2414 2396 cui
2438 2340 2903 2400 Christianorum
2920 2359 3053 2400 eam
3069 2343 3281 2401 urbem
3303 2346 3563 2405 incolere

1910 2430 2344 2497 permitteretur
2376 2445 2389 2482 :
2423 2429 2882 2501 maximamque
2906 2432 3041 2488 illos
3056 2449 3090 2490 a
3105 2449 3168 2488 se
3183 2435 3438 2506 gratiam
3455 2436 3565 2496 ini-

1913 2519 2074 2569 turos
2095 2515 2207 2569 illis
2245 2517 2620 2586 signiﬁcavit,
2682 2517 2733 2574 si
2764 2519 2876 2575 hoc
2916 2521 3031 2596 ipsi
3083 2523 3371 2580 adversus
3403 2524 3562 2582 Chri-

1912 2603 2138 2658 stianos
2168 2620 2273 2677 per
2301 2606 2812 2664 assimulationem
2838 2608 3033 2667 facere
3053 2611 3416 2668 viderentur.
3451 2612 3569 2669 Sed

1914 2691 2045 2747 aliis
2080 2709 2324 2767 quoque
2353 2695 2495 2751 item
2525 2699 2590 2752 ut
2639 2695 2921 2764 facerent,
2951 2700 3268 2770 suggessit.
3298 2702 3565 2766 Quorum

1913 2781 2248 2852 praecipuus
2276 2783 2641 2840 Theotecnus
2667 2791 2813 2854 erat,
2847 2787 2937 2842 vir
2979 2788 3285 2860 impostor,
3315 2795 3369 2848 et
3407 2791 3568 2862 inge-

1913 2870 2014 2924 nio
2040 2870 2537 2940 depravatissimo
2568 2875 2876 2944 praeditus,
2903 2877 3263 2952 nomineque
3283 2895 3394 2934 suo
3411 2879 3571 2936 indi-

1916 2959 2266 3029 gnissimus,
2297 2961 2526 3032 logistae
2559 2963 2679 3018 sive
2711 2966 3001 3022 curatoris
3029 2967 3110 3040 (1)
3166 2971 3222 3022 et
3261 2968 3571 3026 rationalis

1845 3081 1885 3136 ρ
1917 3064 2139 3104 munus
2164 3065 2235 3106 ea
2260 3048 2320 3104 in
2375 3051 2618 3120 regione
2658 3066 2890 3122 gerens.
2924 3054 3104 3111 Multa
3154 3059 3356 3112 autem
3394 3057 3574 3114 veluti

1917 3137 2041 3192 dux
2070 3137 2319 3208 quidam
2349 3144 2557 3199 contra
2595 3156 2708 3196 nos
2758 3142 3017 3216 molitus,
3045 3145 3574 3219 sycophantiisque

1916 3227 2245 3300 plurimum
2275 3244 2440 3294 usus,
2472 3232 2534 3285 1d
2565 3231 2758 3287 studio
2787 3231 3018 3298 habuit,
3047 3237 3109 3288 ut
3137 3249 3250 3289 nos
3283 3239 3576 3306 tanquam

1917 3316 2076 3372 fures
2105 3320 2162 3371 et
2193 3317 2510 3387 praedones
2543 3318 2829 3390 abigeret.
2861 3322 3232 3396 Quapropter
3257 3339 3396 3379 cum
3426 3323 3575 3378 mul-

1918 3406 1990 3460 tis
2047 3410 2248 3460 auctor
2279 3411 2334 3460 et
2362 3407 2628 3463 minister
2671 3409 2851 3464 caedis
2882 3409 3108 3476 fuisset,
3160 3417 3461 3484 postremo
3500 3413 3574 3466 si-

1916 3494 2250 3550 mulacrum
2265 3495 2566 3566 quoddam
2577 3499 2603 3550 J
2609 3497 2738 3552 ovis
2752 3501 2855 3571 qui
2869 3498 3133 3554 amicitiis
3151 3499 3576 3558 contrahendis

1918 3589 2155 3654 praeest,
2181 3584 2658 3639 incantationum
2697 3592 2752 3640 et
2781 3586 3252 3658 imposturarum
3277 3603 3419 3657 ergo
3455 3604 3576 3646 ere-

1919 3672 2024 3735 xit,
2049 3678 2104 3726 et
2127 3671 2439 3735 sacriﬁcia,
2472 3671 2834 3728 initiationes
2864 3673 3101 3746 aliaque
3123 3675 3496 3742 detestanda.
3522 3681 3578 3734 et

1922 3760 2190 3830 impuras
2230 3757 2569 3830 impiasque
2616 3761 2987 3832 expiationes
3036 3769 3092 3818 et
3126 3765 3575 3835 puriﬁcationes

1919 3847 2188 3903 instituit.
2231 3848 2372 3911 Quae
2401 3864 2496 3903 res
2524 3864 2646 3905 una
2684 3866 2814 3904 cum
2837 3851 2968 3921 ejus
2994 3851 3139 3907 idoli
3167 3855 3470 3924 responsis
3498 3855 3579 3911 ad

1922 3936 2253 4007 principem
2268 3938 2446 3994 etiam
2471 3940 2672 4009 ipsum
2690 3940 2972 4011 pervenit.
3000 3942 3367 4002 Theotecnus
3397 3959 3577 4016 porro

1924 4042 2030 4098 per
2085 4025 2440 4083 illiberalem
2494 4027 2843 4100 foedamque
2883 4031 3355 4090 assentationem
3397 4033 3580 4094 veluti

1927 4115 2751 4188 speculatoremimperatoris
2771 4120 3131 4175 constituere
3149 4121 3382 4191 volens,
3398 4124 3579 4179 simu-

1924 4207 2151 4264 lacrum
2213 4206 2412 4278 ipsum
2464 4205 2751 4262 adversus
2807 4208 3175 4268 Christianos
3236 4213 3576 4270 concitavit.

1929 4294 2077 4350 Dixit
2097 4296 2278 4361 enim,
2303 4310 2442 4352 eum
2475 4298 2660 4352 Deum
2678 4296 2920 4366 iratum,
2941 4298 3304 4356 Christianos
3332 4302 3578 4372 perinde

215 4399 362 4456 κόοις
412 4389 737 4462 διήγγελλον.
789 4389 869 4442 Ἐν
918 4391 977 4441 ού
1030 4386 1199 4458 πολλῷ
1259 4382 1316 4439 δὲ
1355 4389 1444 4437 καὶ
1491 4385 1648 4438 αὑτοῦ
1696 4404 1806 4440 συν-

1926 4389 2105 4451 atque
2133 4389 2452 4456 perpetuos
2482 4389 2539 4440 et
2559 4385 3083 4444 irreconciliabiles
3111 4389 3310 4446 hostes
3328 4407 3399 4448 ex
3432 4392 3578 4450 urbe

219 4481 674 4552 επιψηφισαμένου
738 4485 828 4531 τοῦ
903 4479 1174 4549 τυράννου,
1217 4471 1363 4535 αὖθις
1416 4476 1441 4525 ὁ
1499 4473 1616 4527 καθ’
1672 4476 1817 4544 ἡμῶν

221 4569 580 4643 ἀνερριπίζετο
641 4564 893 4638 διωγμὸς.
957 4569 1057 4620 Καὶ
1116 4567 1259 4639 ἱερεῖς
1312 4567 1401 4637 μεν
1449 4566 1585 4618 κατὰ
1622 4563 1814 4630 πόλεις,

219 4659 267 4712 οἱ
307 4667 404 4710 τῶν
460 4657 738 4728 ἀνθρώπων
786 4652 919 4712 ἦσαν
971 4651 1251 4726 διάσημοι,
1308 4651 1568 4726 ἀρχιερεῖς
1608 4671 1658 4705 τε
1694 4655 1818 4725 πρὸς

219 4751 445 4814 τούτοις,
498 4746 546 4798 οἰ
596 4742 755 4806 δόξης
800 4748 1040 4818 πρότερον
1083 4761 1206 4800 ηκον
1268 4741 1333 4800 εἰς
1363 4745 1422 4794 τὸ
1477 4739 1756 4814 ἀκρότατον
1799 4760 1814 4774 ο

220 4838 302 4899 οἷς
341 4833 406 4895 δὴ
461 4841 551 4889 καὶ
600 4835 756 4892 πολλή
814 4853 888 4894 τις
950 4830 1010 4890 ἦν
1061 4835 1090 4891 ἡ
1150 4829 1356 4890 σπουδὴ
1404 4834 1520 4902 περὶ
1569 4834 1662 4888 τήν
1696 4831 1818 4902 θρη-

222 4930 422 4980 σκείαν.
477 4928 576 4978 Καὶ
632 4927 801 4976 τοίνυν
850 4924 879 4980 η
916 4920 964 4982 ἐς
1019 4922 1177 4994 ἄκρον
1217 4927 1307 4972 τού
1361 4920 1614 4990 ἄρχοντος
1654 4917 1819 4970 δεισι-

225 5013 481 5086 δαιμονία
533 5017 655 5075 τοὺς
699 5010 783 5062 ὑπ’
831 5012 984 5064 αὑτὸν
1025 5010 1274 5076 ἅπαντας,
1330 5009 1418 5063 οἵτε
1469 5005 1589 5064 δῆτ’
1647 5006 1818 5078 ἐκείνῳ

226 5105 462 5165 Θέλοντας
503 5105 663 5176 χάριν
696 5102 962 5176 ἀφοσιοῦν,
1012 5100 1128 5154 καθ’
1177 5103 1321 5172 ἡμῶν
1368 5101 1520 5152 ἐκίνει
1573 5099 1636 5151 τά
1682 5093 1820 5170 μηδι

224 5194 365 5267 λόγῳ
418 5195 658 5264 πράττειν
712 5191 865 5264 ῥητὰ,
921 5194 1176 5260 μεγίστων
1226 5188 1443 5259 οἰόμενοι
1501 5186 1622 5259 παρ’
1689 5189 1822 5241 ὲκεί-

222 5303 316 5336 νου
387 5282 804 5354 κατατυγχάνειν

223 5376 533 5445 καινοτέρων
588 5371 903 5427 κακοηθειῶν
963 5367 1224 5442 ἐφευρεταὶ
1279 5371 1368 5420 καὶ
1437 5371 1687 5440 πορισταὶ
1737 5370 1820 5436 γέ..

881 5287 1154 5353 χρηστῶν,
1233 5280 1275 5330 εἰ
1352 5297 1411 5348 γε
1492 5278 1608 5328 καθ’
1675 5278 1820 5348 ἡμῶν

225 5482 416 5515 νοιντο.

305 5552 383 5627 (1)
418 5553 474 5606 L.
506 5551 780 5606 Curator.
814 5551 874 5605 C.
909 5550 988 5604 De
1018 5546 1184 5602 mod.
1213 5545 1420 5602 mulet.

1926 4477 1982 4527 et
2006 4472 2164 4543 agris
2190 4472 2750 4543 cit‘cumjacentibus
2776 4492 2961 4547 quam
2993 4477 3340 4547 longissime
3366 4480 3580 4550 expelli

1921 4560 2152 4629 jubere.
2187 4563 2579 4632 Posteaquam
2609 4562 2738 4618 haec
2786 4565 3130 4638 imperatori
3167 4567 3577 4638 perplacuere,

1927 4649 2181 4706 aliarum
2220 4666 2463 4723 quoque
2498 4651 2737 4707 urbium
2767 4652 2951 4708 duces
2982 4661 3038 4710 et
3068 4656 3328 4726 praafecti
3363 4657 3582 4726 gratiﬁ-

1928 4738 2048 4794 cari
2068 4737 2148 4792 illi
2180 4739 2502 4808 studentes,
2532 4739 2743 4796 eadem
2771 4746 2979 4798 contra
3008 4745 3581 4808 nosconstituerunt,

1927 4826 2284 4900 populisque
2316 4833 2370 4883 et
2413 4828 2643 4884 civibus
2686 4829 2810 4884 suis
2849 4831 3298 4890 denuntiarunt.
3343 4837 3458 4890 Nec
3502 4835 3584 4893 ita

1929 4917 2186 4974 multum
2209 4918 2492 4988 temporis
2517 4918 2863 4985 intercessit,
2900 4925 2955 4976 et
2982 4926 3270 4990 tyrannus
3301 4923 3430 4995 ipse
3461 4923 3581 4983 cal-

1931 5006 2132 5062 culum
2165 5012 2219 5062 et
2250 5008 2604 5064 sententiam
2636 5023 2880 5078 quoque
2928 5026 3100 5066 suam
3148 5011 3225 5068 ad
3273 5013 3580 5072 decretum

1928 5095 2274 5168 hujusmodi
2307 5095 2544 5167 adjecit.
2575 5099 2776 5169 Itaque
2799 5096 2950 5153 acris
2977 5099 3267 5156 adversus
3294 5118 3405 5158 nos
3429 5104 3582 5160 exci—

1932 5191 2052 5244 tata
2076 5191 2166 5240 est
2191 5186 2545 5257 persecutio.
2575 5188 2640 5240 Et
2671 5187 3011 5242 sacerdotes
3054 5188 3185 5244 aliis
3233 5191 3581 5248 hominibus

1930 5273 2281 5331 celebriores
2325 5290 2429 5344 per
2452 5274 2627 5330 urbes
2655 5274 2902 5345 passim,
2927 5277 3240 5347 pontiﬁces
3270 5287 3577 5350 praeterea,

1930 5365 2035 5436 qui
2064 5364 2563 5420 existimationem
2586 5370 2640 5420 et
2673 5363 2925 5433 gloriam
2947 5382 3252 5424 summam
3283 5371 3585 5426 consecuti

1929 5453 2186 5518 fuerant,
2211 5452 2583 5524 deorumque
2613 5452 2799 5509 cultui
2818 5455 3084 5511 maxime
3109 5458 3449 5526 studebant,
3473 5462 3585 5522 Ma-
