4020 6218
504 235 646 324 4263
749 235 752 238 ’
1831 255 2220 318 NICEPHORI
2259 259 2582 321 CALLISTI
3697 266 3780 324 es

500 393 765 449 ximinus
791 390 1092 447 constituit
1122 408 1134 446 :
1163 389 1336 462 477
1373 393 1550 462 atque
1568 388 1812 460 insuper
1841 387 2284 460 summaipsius
2307 389 2647 462 superstitio
2689 389 2957 446 subditos
2985 405 3128 446 suos
3163 389 3422 464 populos
3463 406 3682 454 omnes,
3722 393 3788 464 qui

502 481 823 554 gratiﬁcari
854 480 933 535 illi
966 480 1428 542 contendebant,
1457 478 1536 534 ita
1561 483 1768 533 contra
1792 493 1902 533 nos
1927 481 2271 544 commovit,
2303 486 2364 534 ut
2395 480 2682 535 saevitiam
2714 497 2920 535 eorum
2949 497 3134 550 quam
3171 483 3232 534 in
3291 497 3400 535 nos
3439 493 3791 546 exercuerunt.

503 571 700 626 verbis
721 568 1136 641 persequinon
1161 567 1353 623 liceat.
1381 568 1664 623 Maximas
1679 568 1902 638 quippe
1921 583 1982 622 se
2012 568 2090 622 ab
2123 584 2194 622 eo
2221 569 2502 623 utilitates
2523 575 2954 624 consecuturos
2987 570 3524 634 arbitrabantur,si
3561 585 3798 626 novarum

500 665 706 714 contra
737 674 846 713 nos
884 672 1082 712 rerum
1137 655 1644 727 insolentiumque
1697 655 2051 726 injuriarum
2103 656 2442 713 inventores
2473 658 2833 713 exstitissent
2869 663 2925 714 et
2951 659 3310 714 administri.
3339 660 3468 723 Quo
3515 659 3722 728 majore
3745 660 3805 714 di-

497 747 741 820 ligentia
765 747 824 802 in
854 746 916 801 id
945 745 1230 812 studium,
1263 751 1328 802 ut
1361 745 1540 801 nobis
1566 744 2107 810 incommodarent,
2139 744 2487 802 incubuere.

1106 875 1328 930 CAPUT
1357 873 1538 928 XXVI.
2177 873 2222 924 A

496 965 584 1021 De
607 963 868 1034 conﬁctis
909 969 962 1020 et
983 963 1160 1030 falsis
1196 962 1482 1044 adversus
1516 961 1810 1018 Christum
1862 976 2148 1017 commen-

1224 1040 1420 1089 tariz’s.

567 1141 923 1214 Compositis
955 1157 1100 1196 sane
1131 1141 1376 1212 quidem
1407 1145 1463 1196 et
1491 1140 1780 1206 conﬁctis,
1812 1139 1916 1211 qui
1947 1155 2147 1194 rerum

493 1231 702 1287 talium
759 1231 1080 1286 architecto
1138 1235 1192 1284 et
1268 1231 1494 1285 auctori
1559 1245 1684 1284 non
1745 1228 2142 1300 displicerent,

492 1319 934 1392 blasphemiam
967 1325 1021 1374 et
1053 1318 1532 1374 maledicentiam
1597 1334 1841 1374 omnem
1902 1333 2148 1388 exsupe-

491 1409 765 1465 rantibus
831 1409 1294 1472 commentariis,
1365 1407 1862 1476 interrogationes
1927 1406 2147 1462 scilicet

491 1498 661 1554 Pilati
687 1504 742 1554 et
771 1498 1096 1554 Servatoris
1147 1497 1334 1552 nostri
1362 1497 1825 1560 continentibus,
1867 1495 1928 1550 in
1969 1496 2144 1551 ditio-

489 1603 596 1642 nes
651 1603 754 1644 eos
787 1603 928 1642 suas
973 1586 1264 1642 miserunt
1330 1603 1344 1641 :
1404 1585 1657 1657 epistola
1723 1585 2012 1656 quadam,
2082 1591 2144 1639 ut

493 1677 782 1748 scriptum
846 1675 906 1731 id
982 1676 1264 1732 omnibus
1319 1675 1743 1747 publicaretur,
1822 1675 2068 1746 praefixa
2127 1689 2139 1730 :

491 1765 848 1822 mandatum
887 1765 1064 1821 etiam
1099 1765 1392 1830 additum,
1426 1769 1491 1819 ut
1530 1764 1880 1819 litteratores
1920 1763 2143 1818 librum

491 1854 666 1910 talem
695 1855 896 1926 pueris
927 1853 1231 1919 omnibus,
1272 1853 1332 1908 in
1363 1869 1486 1925 quo
1537 1852 1745 1924 primis
1787 1853 2144 1908 rudimentis

490 1959 552 1998 se
582 1949 942 2011 exercerent,
975 1949 1363 2014 teneramque
1389 1943 1746 1996 memoriam
1782 1957 2010 1996 veneno
2043 1941 2142 1996 tali

487 2030 841 2096 imbuerent,
891 2031 1210 2100 legendum
1261 2035 1683 2102 proponerent.
1733 2033 1866 2084 Haec
1895 2046 2032 2084 cum
2061 2029 2143 2084 ita

487 2119 712 2185 ﬁerent,
744 2119 896 2174 alius
920 2120 1172 2191 quidam
1201 2135 1382 2191 quem
1404 2118 1657 2174 Romani
1687 2118 1904 2173 ducem
1925 2133 2142 2174 vocare

487 2209 697 2270 solent.
718 2209 876 2264 circa
889 2212 1252 2264 Damascum
1277 2207 1612 2273 Phoenicim,
1635 2207 2000 2262 mulierculis
2015 2209 2143 2279 qui-

483 2297 744 2352 busdam
775 2295 1264 2353 circumforaneis
1277 2301 1334 2351 et
1355 2295 1665 2366 ﬂagitiosis
1687 2295 2141 2367 comprehensis

481 2386 602 2442 vim
629 2386 905 2452 afferens,
935 2387 1144 2457 plagas
1175 2385 1484 2440 minitatus
1505 2391 1616 2450 est,
1645 2386 1758 2440 nisi
1793 2385 2139 2440 testimonio

484 2476 702 2548 scripto
724 2477 1164 2541 conﬁterentur,
1191 2491 1252 2529 se
1289 2474 1615 2546 aliquando
1665 2473 2137 2529 Christianorum

482 2565 666 2620 sacris
685 2565 943 2620 initiatas
960 2565 1230 2620 conscias
1249 2579 1378 2618 esse
1403 2563 1986 2636 obscuenaquaadam
2009 2579 2136 2618 sce-

481 2652 605 2708 lera
619 2653 906 2709 committi
934 2653 1012 2708 ab
1038 2653 1107 2708 iis
1125 2652 1228 2724 qui
1253 2652 1460 2723 prima:
1488 2659 1628 2708 sunt
1657 2653 1806 2708 inter
1819 2668 1920 2707 eos
1947 2652 2137 2722 digni-

481 2743 639 2807 tatis,
659 2742 1006 2813 nefariaque
1022 2741 1251 2811 ﬂagitia
1263 2741 1322 2794 in
1337 2741 1524 2797 sacris
1551 2740 1782 2796 aedibus
1797 2741 1920 2796 ﬁeri
1940 2741 2130 2796 solita.

480 2835 669 2902 Atque
699 2831 840 2886 item
863 2829 981 2887 alia
1011 2829 1186 2902 plura
1205 2830 1367 2886 hisce
1398 2830 1635 2896 similia,
1669 2829 1890 2901 quibus
1921 2829 2135 2885 doctri-

479 2935 620 2975 nam
637 2919 1192 2992 professionemque
1205 2923 1472 2974 nostram
1492 2919 2021 2984 calumniarentur,
2038 2936 2134 2975 ex-

480 3009 832 3078 cogitarunt.
873 3011 1057 3074 Voces
1099 3009 1278 3064 etiam
1323 3007 1694 3078 ejuscemodi
1737 3009 1798 3062 in
1845 3008 2131 3079 scriptum

477 3097 695 3151 relatas
739 3097 836 3152 ille
891 3097 970 3152 ad
1008 3097 1364 3168 principem,
1393 3096 1574 3160 misit,
1629 3113 1763 3168 quae
1804 3095 2021 3152 deinde
2057 3097 2131 3152 de

477 3185 724 3241 consilio
755 3187 884 3256 ejus
915 3186 976 3240 in
1014 3185 1350 3240 civitatibus
1397 3190 1455 3240 et
1497 3184 1642 3240 locis
1691 3185 1977 3240 omnibus
2019 3201 2130 3256 pu-

475 3274 629 3330 blice
659 3281 797 3329 sunt
835 3275 1178 3346 propositae.
1219 3275 1291 3329 At
1321 3289 1444 3328 non
1489 3274 1674 3329 multo
1707 3273 2128 3329 interveniente

474 3370 758 3435 tempore,
785 3362 1229 3418 calumniarum
1261 3361 1474 3418 talium
1507 3363 1714 3418 artifex
1745 3361 1870 3418 dux
1895 3361 2012 3431 ille,
2035 3363 2129 3418 di-

473 3453 956 3526 gnainjuriarum
975 3453 1204 3509 Christo
1217 3451 1650 3508 contumeliose
1665 3451 1986 3518 illatarum,
2012 3452 2124 3508 sibi

2240 3473 2307 3505 νει
2371 3451 2659 3528 περιδόξων
2735 3474 2788 3506 τε
2865 3459 2955 3507 καὶ
3014 3457 3260 3528 λαμπρῶν
3343 3461 3466 3508 εἵσω
3533 3463 3837 3528 γενομένους

473 3543 582 3614 ipsi
600 3558 816 3598 manus
831 3541 1160 3606 aﬁ'erendo,
1185 3541 1434 3612 praemia
1460 3541 1612 3596 tulit.
1639 3540 1820 3597 Nobis
1847 3557 1988 3598 vero
2011 3543 2124 3598 sub

2240 3553 2447 3617 χειρῶν,
2525 3542 2894 3616 ἀπαραιτήτως
2961 3547 3217 3616 ὑποσχεῖν
3293 3549 3526 3618 ἐσχάτην
3589 3551 3833 3622 τιμωρίαν

473 3647 545 3688 eo
559 3638 780 3704 paratae
795 3631 1254 3704 persecutiones,
1271 3630 1424 3700 fugae
1439 3630 1918 3704 populorumque
1945 3631 2126 3687 insul-
2235 3635 2320 3683 τὸν
2350 3635 2587 3685 θάνατον.

473 3723 747 3785 taliones,
777 3726 834 3776 et
857 3721 974 3775 alia
1002 3719 1299 3792 prioribus
1333 3719 1447 3774 illis
1472 3723 1896 3788 consentanea,
1931 3721 2084 3776 adeo
2114 3725 2179 3776 ut
2210 3721 2483 3776 nonnulli
2510 3721 2671 3778 claro
2701 3721 2832 3778 loco
2881 3723 3058 3796 geniti
3103 3725 3308 3796 magni
3339 3723 3442 3778 viri
3485 3725 3674 3796 capti,
3701 3725 3834 3780 citra

473 3811 912 3866 recusationem
939 3825 1060 3865 non
1091 3815 1336 3881 gravate
1361 3808 1568 3866 ultima
1599 3808 1808 3865 mortis
1837 3809 2184 3880 pertulerint
2207 3809 2535 3882 supplicia.

935 3951 1116 4024 47s
1175 3952 1396 4008 CAPUT
1445 3951 1658 4007 xxvu.

476 4061 695 4130 Deejus
725 4059 1003 4129 temporis
1017 4058 1404 4128 martyribus,
1431 4063 1486 4114 et
1517 4058 1720 4114 edictis
1748 4059 1812 4112 in
1844 4059 2009 4114 aereis
2030 4075 2120 4114 co-

755 4131 973 4187 lumnis
1012 4137 1224 4186 contra
1261 4145 1363 4186 nos
1414 4130 1832 4199 promulgatis.

541 4239 688 4292 Tum
735 4237 984 4308 quidem
1012 4238 1088 4308 (1)
1125 4238 1370 4300 Emesaa,
1402 4251 1539 4307 quae
1563 4235 1880 4292 Phoenicim
1908 4237 2115 4292 civitas

469 4333 574 4390 est,
609 4331 725 4382 tres
749 4325 1042 4382 Christum
1065 4323 1410 4397 proﬁtentes
1443 4325 1646 4380 bestiis
1686 4330 1825 4380 sunt
1854 4325 2066 4394 objecti
2098 4341 2110 4379 :

463 4431 723 4488 quorum
755 4430 912 4470 unus
941 4413 1243 4484 Sylvanus
1259 4413 1575 4485 episcopus
1607 4412 1736 4478 fuit,
1749 4413 1878 4484 jam
1909 4413 2110 4468 decre-

2843 879 3054 926 ΚΕΦΑΑ
3071 914 3083 927 .
3115 879 3222 955 Κς
3238 913 3250 926 .

2259 966 2410 1034 Περὶ
2482 970 2598 1014 τῶν
2669 965 2829 1014 κατὰ
2895 969 3182 1035 Χριστοῦ
3245 961 3654 1014 ἐπιπλάστων
3693 963 3812 1014 ὑπο-

2858 1037 3226 1106 μνημάτων.

2329 1141 2432 1192 Οἷα
2471 1135 2520 1192 δ’
2566 1140 2732 1192 αὐτῶν
2774 1145 2864 1192 καὶ
2917 1143 2984 1191 τὰ
3025 1137 3424 1212 ἐπιτηδεύματα
3453 1159 3468 1172 ⁸
3500 1141 3818 1210 ὑποπνήματα

2253 1232 2355 1300 γάρ
2387 1249 2503 1280 τινα
2551 1229 2874 1301 πλασάμενοι
2905 1229 2998 1281 οὐκ
3047 1231 3148 1282 ἄπο
3177 1235 3384 1302 γνώμης
3418 1237 3508 1280 τοῦ
3539 1233 3608 1280 τα
3633 1237 3820 1280 τοιαῦτα

2255 1323 2609 1380 τεκταίνοντός
2685 1317 2862 1379 πάσης
2916 1317 3258 1390 βλασφημίας
3336 1319 3588 1382 ἐπέκεινα,
3659 1316 3820 1390 ἐρωτή-

2258 1425 2365 1468 σεις
2419 1405 2574 1466 δῆθεν
2625 1407 2850 1460 Πιλάτου
2897 1413 2986 1460 καὶ
3039 1415 3129 1460 τοῦ
3172 1415 3409 1478 Σωτῆρος
3437 1409 3586 1478 ἡμῶν
3635 1409 3820 1477 ἱχοντα,

2255 1495 2338 1548 ἐπὶ
2383 1501 2473 1554 τήν
2523 1497 2621 1548 ὑπὸ
2677 1505 2836 1570 χεῖρα
2895 1505 3034 1568 σφῶν
3089 1494 3493 1567 διαπέμπονται.
3549 1499 3648 1548 Καί
3701 1513 3822 1545 τινων

2253 1589 2676 1658 προγραμμάτων
2741 1589 3164 1658 προηγουμένων,
3229 1587 3356 1637 ὥστ’
3427 1581 3626 1642 ἔκδηλα
3685 1591 3826 1635 ταῦτα

2253 1677 2505 1745 καθιστᾷν
2551 1673 2743 1736 ἅπασι,
2797 1679 2887 1726 καὶ
2939 1681 3095 1726 παισὶ
3153 1681 3304 1739 πᾶσι,
3347 1677 3658 1748 προκεῖσθαι
3703 1673 3828 1724 ταῦτ’

2253 1765 2320 1822 εἰς
2349 1763 2560 1834 μελέτην
2619 1772 2727 1824 τοῖς
2787 1771 3211 1836 γραμματισταῖς
3267 1768 3589 1837 πρόσταγμα
3635 1759 3710 1832 ἦν,
3753 1767 3829 1811 καὶ

2253 1855 2350 1924 πρὸ
2405 1855 2582 1912 πάσης
2611 1873 2818 1924 μνήμης
2869 1861 3036 1904 ταῦτα
3085 1857 3348 1923 κατέχειν.
3396 1855 3606 1904 Τούτων
3635 1849 3682 1903 δ’
3710 1851 3829 1902 οὕτω

2251 1943 2762 2014 γενομένων,.ἓτερός
2813 1961 2888 2001 τις
2943 1943 2996 1992 ὃν
3050 1938 3216 1993 δοῦκα
3269 1944 3676 2012 προσαγορεύειν
3729 1940 3832 1992 Ῥω-

2251 2035 2423 2100 μαίοις
2470 2033 2667 2103 ἔθιμον,
2727 2037 2843 2106 περὶ
2901 2035 3176 2102 Δαμασκὸν
3226 2039 3322 2091 τῆς
3374 2037 3620 2092 Φοινίκῆς
3661 2031 3831 2098 γυναιιὶ

2251 2139 2366 2170 τινα
2415 2118 2638 2190 ἀγοραῖα
2687 2125 2776 2170 καὶ
2807 2119 3084 2192 ἓπίτριπτα
3133 2119 3420 2183 συλλαϐὼν,
3465 2119 3668 2190 πληγὰς
3707 2121 3834 2176 ἠπεί-

2248 2207 2320 2259 λει
2379 2208 2565 2270 πολλὰς
2615 2208 2863 2261 ἐπιθεῖναι
2939 2205 3059 2281 βίαν
3122 2207 3343 2279 ἐπάγων,
3405 2207 3676 2282 ἐγγράφως
3729 2209 3832 2278 ὀμο-

2247 2295 2433 2368 λογεῖν,
2487 2301 2554 2359 ὡς
2603 2301 2667 2349 τὰ
2715 2305 3043 2370 Χριστιανῶν
3105 2301 3193 2370 μὲν
3251 2297 3414 2349 πάλαι
3465 2297 3788 2348 ἀσπάσαιντο
3817 2317 3830 2327 ·

2173 2165 2213 2218 Β

2249 2385 2515 2438 ἀκόλαστα
2569 2383 2628 2439 δέ
2681 2407 2795 2438 τινα
2846 2393 3219 2458 συνεγνωκέναι
3273 2389 3394 2448 τοὺς
3451 2385 3499 2437 ἐν
3555 2395 3668 2448 τοῖς
3713 2391 3832 2459 πρώ-

2246 2495 2354 2537 τοις
2413 2480 2590 2538 αὖτοῖς
2649 2480 3010 2547 τεταγμένους,
3071 2483 3160 2527 καὶ
3219 2475 3439 2548 ἀθέμιτα
3504 2483 3618 2533 τοῖς
3670 2495 3834 2548 κυριαο

2245 2573 2353 2624 κοῖς
2413 2567 2630 2637 ἐνεργεῖν
2661 2583 2674 2596 ·
2715 2571 2804 2616 καὶ
2851 2565 2960 2616 ἄλλ’
3007 2567 3142 2616 ἄττα
3197 2573 3420 2636 συγγενῆ
3477 2573 3592 2626 τοῖς
3648 2565 3834 2638 εἰρημέ-

2245 2674 2370 2722 νοις,
2425 2657 2493 2714 ὡς
2549 2653 2609 2704 ἂν
2661 2673 2720 2725 γε
2777 2657 2836 2704 τὸ
2865 2657 2988 2706 καθ’
3019 2656 3152 2724 ἡμᾶς
3184 2651 3479 2705 διαϐάλλειν
3511 2651 3717 2725 δόγμα.
3747 2657 3835 2712 Τὰς

2246 2741 2313 2800 δὴ
2356 2745 2602 2804 τοιαύτας
2655 2747 2818 2814 φωνὰς
2869 2747 2957 2794 καὶ
3010 2743 3160 2804 αὐτὸς
3207 2745 3516 2815 γράμμασιν
3547 2741 3834 2802 ἐντυπωσας

2244 2830 2496 2904 ἀνέπεμπε
2551 2829 2759 2904 βασιλεῖ
2789 2847 2803 2862 ⁸
2837 2830 2871 2882 ἆ
2919 2829 2987 2889 δή
3045 2837 3136 2884 καὶ
3195 2829 3410 2904 βουλαῖς
3457 2835 3658 2884 ἐκείνου
3715 2837 3836 2883 κατὰ

2241 2928 2415 2972 πᾶσαν
2471 2921 2616 2972 πόλιν
2681 2925 2764 2973 κοὶ
2819 2927 3002 2995 χώραν
3058 2919 3296 2994 δημοσία
3351 2921 3718 2994 προύτίθεντο.
3768 2923 3834 2973 Οὗ

2241 3010 2368 3062 πολὺ
2417 3013 2474 3062 τὸ
2520 3013 2567 3061 ἐν
2609 3015 2773 3082 μέσῳ,
2823 3015 2914 3061 καὶ
2955 3013 2982 3061 ὁ
3034 3013 3122 3082 μεν
3176 3019 3275 3062 τῶν
3322 3013 3572 3062 τοιούτων
3631 3015 3837 3084 αὐτουρ-

2239 3103 2332 3170 γὸς
2369 3097 2493 3162 ἄξια
2549 3107 2647 3150 τῶν
2695 3101 2830 3150 κατὰ
2871 3107 3104 3174 Χριστοῦ
3157 3099 3348 3173 ὕϐρεων
3417 3102 3482 3152 τὰ
3533 3105 3673 3172 γέρα
3701 3105 3836 3172 κομί·

2243 3191 2402 3252 ζεται,
2483 3187 2733 3262 αὐτόχειρ
2781 3193 3042 3260 γενόμενος
3097 3188 3281 3240 ἑαυτοῦ
3313 3204 3328 3218 ⁸
3385 3190 3507 3241 καθ’
3581 3193 3732 3262 ἡμῶν
3786 3187 3836 3242 δὲ

2240 3273 2486 3348 διωγμοὶ,
2535 3282 2624 3328 καὶ
2673 3282 2854 3348 φυγαὶ,
2895 3283 2985 3329 καὶ
3047 3275 3230 3350 δήμων
3290 3277 3696 3344 ἐπαναστάσεις,
3757 3285 3837 3330 καὶ

2237 3365 2338 3417 ὅσα
2365 3373 2475 3426 τοῖς
2525 3370 2792 3439 προτέροις
2831 3366 3086 3437 ἐφάμιλλα
3122 3384 3136 3397 ·
3193 3370 3262 3428 ὡς
3299 3371 3390 3418 καί
3442 3387 3589 3428 τινας
3629 3379 3730 3420 τῶν
3758 3372 3835 3438 γέ·

2829 3957 3046 4010 ΚΕΦΑΛ
3061 3995 3073 4007 .
3119 3955 3234 4010 ΚΖ’.

2233 4065 2390 4132 Περὶ
2434 4069 2564 4136 rain
2611 4067 2755 4112 τότε
2809 4065 3391 4136 μαρτυρησάντων,
3451 4069 3565 4116 καὶ
3621 4075 3746 4117 τῶν
3781 4065 3834 4116 ἐν

2303 4131 2576 4194 στήλαις
2606 4131 3059 4204 χαλκαῖς’καθ’
3093 4136 3268 4206 ἡμῶν
3293 4139 3831 4208 προσταγμάτων.

2299 4239 2398 4293 Καὶ
2447 4235 2514 4296 δή
2577 4259 2708 4300 τινες
2773 4239 2821 4290 ἐν
2877 4241 3092 4313 Ἐμέσῃ,
3151 4250 3243 4302 τῆς
3304 4247 3542 4302 Φοινίκης
3605 4242 3662 4296 δ’
3705 4245 3830 4300 αὕτη

2687 4333 2774 4380 τὸν
2835 4335 3065 4402 Χριστὸν
3129 4331 3563 4403 ὁμολογήσαντες,
3649 4337 3834 4406 θηρσὶν

2707 4419 2774 4468 ὧν
2849 4419 2922 4480 εἰς
3003 4418 3286 4481 ἐπίσκοπος
3364 4419 3608 4481 Σιλϐανός
3679 4427 3837 4493 ὄνομα

2223 4326 2386 4392 πόλις,
2471 4336 2609 4399 τρεῖς

2225 4414 2588 4490 ἀπερρίφησαν
2612 4434 2624 4446 ·

461 4507 641 4578 pitus,
677 4509 740 4560 ut
767 4519 869 4575 qui
909 4501 1311 4576 quadraginta
1335 4517 1527 4558 annos
1557 4502 1857 4574 pastorale
1883 4517 2108 4558 munus

461 4595 724 4653 obiisset.
781 4593 1003 4650 Eodem
1033 4597 1303 4664 tempore
1340 4596 1396 4648 et
1425 4591 1628 4647 Petrus
1667 4591 2108 4647 Alexandrinus

457 4687 722 4749 antistes,
743 4681 1012 4738 divinum
1027 4697 1269 4753 prorsus
1287 4679 1646 4751 episcopalis
1673 4679 1997 4736 functionis
2015 4697 2106 4736 ex-

454 4775 704 4842 emplar,
731 4771 956 4826 virtutis
981 4787 1185 4835 causa,
1219 4775 1277 4824 et
1303 4769 1461 4840 quod
1483 4768 1560 4825 ab
1589 4769 1826 4824 ineunte
1845 4775 2018 4825 aetate
2043 4771 2100 4825 in
2138 4809 2182 4862 Β

452 4865 796 4919 divinorum
845 4860 1225 4916 oraculorum
1263 4857 1466 4915 litteris
1494 4859 1847 4914 exercitatus
1888 4859 2098 4925 fuerat,

451 4958 779 5024 correptus,
806 4950 974 5006 nulla
992 4950 1042 5004 ei
1060 4949 1224 5020 justa
1245 4948 1481 5019 objecta
1501 4948 1865 5020 causa(nam
1899 4947 1958 5002 id
1977 4949 2098 5003 Ma-

447 5041 709 5098 ximinus
735 5041 816 5095 ita
846 5040 1150 5108 statuerat)
1165 5038 1375 5109 capitis
1401 5035 1762 5109 supplicium
1790 5037 1970 5093 subiit
2004 5054 2016 5092 :
2041 5043 2100 5092 et

446 5147 582 5188 cum
616 5147 686 5186 eo
716 5129 814 5186 alii
843 5135 1132 5201 praeterea
1169 5127 1422 5198 Egyptii
1453 5127 1718 5198 episcopi
1750 5125 1941 5183 multi.
1983 5127 2100 5181 Lu-

445 5221 651 5277 cianus
681 5235 924 5293 quoque
951 5217 1283 5290 presbyter,
1324 5218 1428 5289 qui
1469 5221 1713 5288 propter
1744 5217 1876 5270 vitae
1908 5217 2098 5271 conti-

443 5311 731 5375 nentiam,
747 5317 803 5364 et
817 5325 1124 5364 sacrarum
1152 5307 1499 5362 Litterarum
1517 5305 1814 5378 peritiam,
1827 5305 2094 5361 Nicome-

443 5399 608 5458 diam
637 5401 852 5456 ductus
893 5397 1104 5454 fuerat.
1127 5395 1212 5451 Ibi
1247 5396 1364 5463 ille,
1393 5401 1571 5468 prout
1597 5399 1885 5467 praesente
1909 5393 2094 5466 impe-

512 5527 590 5600 (t)
637 5527 716 5580 Cf.
769 5539 954 5594 supra
993 5537 1124 5593 cap.
1187 5520 1280 5576 16.

2223 4501 2302 4570 ἦν,
2355 4505 2404 4566 ἐς
2457 4503 2596 4577 βαθὺ
2651 4511 2829 4577 γήρως
2884 4507 3160 4572 ἐληλακὼς,
3219 4512 3284 4568 ὡς
3347 4513 3438 4560 καὶ
3497 4509 3550 4581 μ’
3612 4514 3708 4568 in:
3767 4521 3834 4576 τῷ

2219 4593 2625 4667 λειτουργήματι
2694 4593 2970 4652 διανύσαι.
3011 4600 3126 4650 Ἐπὶ
3174 4594 3242 4655 δὴ
3295 4601 3457 4668 τούτῳ
3513 4608 3589 4668 τῷ
3655 4607 3834 4674 χρόνῳ

2217 4687 2303 4734 καὶ
2355 4689 2545 4756 Πέτρος
2597 4686 2623 4735 ὁ
2679 4693 2773 4746 τῆς
2833 4683 3228 4761 Ἀλεξανδρείας
3277 4693 3472 4760 ποιμήν
3511 4687 3561 4738 ἓν
3609 4692 3830 4742 ἐπισκο-

2217 4769 2332 4834 πόις
2391 4775 2520 4825 θεῖον
2601 4773 2760 4835 ὅντως
2808 4773 3106 4848 ἀρχέτυπον
3167 4775 3350 4850 ἀρετῆς
3402 4797 3456 4828 τε
3505 4781 3680 4848 χάριν
3747 4787 3832 4830 καί

2215 4869 2309 4924 τῆς
2341 4871 2440 4914 τῶν
2475 4864 2616 4915 θείων
2645 4863 2809 4934 λόγων
2859 4863 2912 4915 ἐκ
2965 4869 3078 4917 νέου
3134 4863 3429 4932 ἀσκήσεως,
3485 4865 3832 4941 ἀναρπαστος

2212 4957 2452 5022 γεγονὼς,
2505 4957 2576 5024 μή
2634 4971 2771 5014 τινος
2831 4953 3041 5023 εὐλόγου
3111 4959 3558 5026 προηγησαμένης
3634 4957 3830 5022 αἰτίας,

2211 5047 2363 5091 τοῦτο
2423 5037 2490 5099 δή
2555 5039 2850 5112 Μαξιμίνου
2897 5041 3302 5114 προστάξαντος,
3358 5043 3490 5115 ξίφει
3532 5050 3632 5102 τὴν
3677 5065 3830 5117 κεφα-

2207 5127 2301 5187 λὴν
2351 5129 2688 5202 ἀποτέμνεται
2717 5145 2729 5157 ·
2795 5134 2890 5182 σὺν
2943 5131 3082 5183 αὗτώ
3145 5127 3204 5184 δὲ
3256 5137 3343 5184 καὶ
3383 5132 3530 5184 ἄλλοι
3569 5143 3676 5185 τῶν
3711 5134 3826 5187 κατ’

2208 5221 2470 5288 Αἴγυπτον
2526 5218 2822 5271 ἐπισκόπων
2880 5219 3060 5272 πολλοί
3091 5235 3104 5250 ’
3190 5227 3279 5273 καὶ
3350 5227 3646 5285 Λουκιανὸς
3703 5244 3826 5298 πρε-

2209 5307 2452 5380 σϐύτερος
2507 5310 2557 5360 ἓν
2605 5309 2846 5381 ἐγκρατεῖ
2896 5306 2993 5381 βίῳ
3041 5315 3130 5362 καὶ
3159 5311 3320 5382 λόγων
3370 5313 3516 5384 ἱερῶν
3543 5315 3822 5386 ἐπιστήμῃ

2205 5395 2291 5447 ἐπὶ
2319 5401 2410 5454 τήν
2441 5395 2782 5470 Νικομήδους
2833 5396 3040 5470 ἀχθεὶς,
3097 5404 3187 5452 καὶ
3241 5398 3502 5472 βασιλέως
3551 5404 3826 5475 παρουσία
