4016 6224
240 287 375 347 1265
1296 283 1872 344 ECCLESIASTICE
1909 283 2275 342 HISTORUE
2310 284 2446 343 LIB.
2487 284 2606 341 VII.
3461 275 3604 340 {266

232 424 326 478 τὴν
382 416 679 476 ἀνήκουσαν
724 416 852 489 ὑπερ
909 415 967 477 ἧς
1040 415 1334 487 ἠγωνίζετο.
1376 420 1602 477 πίστεως
1648 412 1808 467 ἀπολο

1939 417 2133 470 ratore
2154 411 2569 479 conveniebat,
2589 412 2771 469 ﬁdem
2794 426 2905 485 pro
2919 425 3043 486 qua
3062 410 3426 475 decertabat,
3448 411 3603 466 mira

229 514 349 580 γίαν
401 512 717 580 παρασχὼν,
776 509 951 558 ἔπειτα
1000 502 1346 579 δεσμωτηρίῳ
1389 506 1599 576 σχεθεὶς
1628 509 1825 555 κτίννυι

226 618 334 650 τα·.
391 604 621 650 Τοιαῦτα
676 596 890 658 ἓξάπινα
949 602 1021 664 τῷ
1078 591 1327 646 δυσσεϐεῖ
1379 592 1654 665 Μαξιμίνῳ
1709 589 1829 645 καθ’

227 689 376 758 ἡμῶν
429 684 735 760 διεπράχθη
770 702 783 716 ⁸
818 688 882 744 ὡς
919 688 1009 736 καὶ
1061 680 1231 736 δοκεῖν
1281 690 1374 735 τοῦ
1415 687 1666 757 προτέρου
1706 678 1830 733 διω-

224 784 364 848 γμοῦ
424 779 640 849 χείρονα
705 781 886 827 τοῦτον
946 775 1072 845 ἡμῖν
1150 773 1529 846 ίπεγείρεσθαι.
1583 772 1827 827 Τοσαύτη

226 862 280 917 δ’
312 862 372 923 ἦν
429 866 459 922 ἠ
514 868 694 937 μανία,
749 867 818 923 ὡς
882 863 1002 935 ὅπερ
1057 858 1174 914 οὐδ’
1223 861 1401 914 ἄλλοτέ
1447 879 1571 913 ποτε
1616 863 1828 932 γεγονός

223 956 622 1027 μνημονεύεται,
688 958 800 1005 τότε
884 954 1195 1023 πραχθῆναι
1225 970 1238 983 ο
1320 949 1641 1021 ψηφίσματα
1723 950 1825 1021 γὰρ

222 1044 416 1096 πολεων
491 1048 582 1095 καὶ
650 1040 936 1115 βασιλικῶν
979 1040 1267 1114 ἀντίγραφα
1332 1035 1638 1104 διατάξεων,
1691 1037 1827 1110 κάλ’

220 1140 341 1193 καῖς
399 1151 511 1185 τισι
563 1131 783 1192 στήλαις
850 1128 1280 1202 ἐγχαραττόμενα
1335 1130 1471 1180 κατὰ
1516 1130 1677 1199 μέσας
1732 1128 1827 1189 τὰς

220 1221 396 1283 πόλεις
450 1220 522 1281 εἰς
574 1222 820 1293 ἡμέτερον
861 1218 1105 1282 ἑξανίστα
1158 1216 1289 1278 δέος.
1339 1224 1460 1279 Τοῖς
1498 1213 1547 1269 δ’
1580 1216 1629 1277 ές
1667 1212 1823 1269 διδα-

224 1310 419 1363 σκάλου
479 1318 726 1380 φοιτῶσιν
804 1307 1000 1360 ἅπασιν
1079 1306 1176 1358 ἀνά
1238 1312 1413 1359 πᾶσαν
1482 1309 1677 1377 ἡμέραν
1729 1305 1824 1357 οὐκ

221 1400 342 1452 ἄλλο
371 1419 432 1469 γε
472 1396 531 1457 ἧν
565 1396 658 1450 διὰ
704 1402 958 1469 στόματος
991 1400 1021 1455 ἤ
1059 1396 1276 1456 Πιλᾶτος
1332 1400 1421 1447 καὶ
1453 1396 1682 1460 Ἰησοῦς,
1733 1399 1823 1446 καὶ

221 1492 286 1541 τά
335 1489 408 1550 εἰς
455 1487 603 1561 ὕϐριν
647 1489 794 1558 ἡμῶν
825 1488 1201 1557 νεουργηθέντα
1254 1485 1541 1555 πλάσματα
1575 1499 1587 1511 ⁸
1637 1481 1712 1535 δι’
1754 1485 1822 1534 ὧν

217 1582 277 1629 τό
336 1580 574 1650 θεομισὲς
624 1582 714 1628 καὶ
777 1576 1037 1648 ὑπέροφρυ
1095 1582 1189 1636 τῆς
1257 1573 1558 1644 Μαξιμίνου
1627 1577 1819 1645 μιαρᾶς

213 1665 404 1737 ψυχῆς
460 1666 628 1729 ἔξεστι
674 1661 979 1736 διαγνῶναι,
1037 1668 1126 1714 καὶ
1172 1666 1264 1721 τὴν
1320 1664 1456 1734 ἱερὰν
1501 1660 1820 1731 έκπλαγῆναι

1940 518 2078 558 cum
2100 501 2369 559 libertate
2388 503 2675 568 defendit,
2693 503 2753 559 in
2774 517 3074 559 carcerem
3095 501 3401 571 conjectus
3421 506 3601 572 atque

1939 598 2185 647 necatus
2222 597 2327 647 est.
2359 594 2503 648 Tam
2529 592 2737 663 gravia
2765 592 2826 647 in
2857 607 2968 647 nos
2997 590 3215 663 impius
3241 589 3597 646 Maximinus

1938 679 2205 737 facinora
2233 679 2439 746 edidit,
2469 685 2535 737 ut
2561 681 2727 737 visus
2757 681 2831 737 sit
2868 681 3162 752 majorem
3193 679 3372 735 etiam
3401 677 3599 749 priore

1940 770 2346 840 persecutione
2371 775 2579 827 contra
2605 785 2720 827 nos
2759 770 3095 826 concitasse
3124 772 3377 824 motum.
3410 767 3594 836 Cujus

1936 860 2115 915 etiam
2138 864 2303 916 tanta
2325 859 2437 916 fuit
2456 859 2676 915 mentis
2696 858 3001 926 vecordia,
3023 863 3254 930 quanta
3278 870 3591 927 nunquam

1936 952 2114 1003 antea
2134 947 2426 1004 exstitisse
2449 948 2756 1004 memoriae
2775 947 3015 1018 prodita
3035 952 3143 1002 est.
3163 948 3406 1001 Decreta
3429 945 3588 1000 enim

1938 1035 2197 1103 urbium,
2239 1042 2295 1092 et
2331 1036 2733 1109 imperialium
2772 1035 3265 1093 constitutionum
3305 1034 3594 1105 rescripta

1934 1125 2102 1180 aereis
2130 1125 2431 1197 insculpta
2451 1125 2768 1193 columnis,
2795 1123 3206 1180 terrendorum
3237 1123 3592 1180 Christiano-

1932 1229 2067 1269 rum
2090 1229 2278 1269 causa
2301 1214 2362 1269 in
2392 1214 2608 1270 mediis
2636 1213 2891 1271 urbibus
2922 1212 3229 1285 publicata
3263 1216 3364 1271 :-et
3388 1212 3593 1284 pueris

1931 1303 1994 1358 in
2022 1303 2232 1359 ludum
2263 1302 2613 1360 litterarium
2645 1302 2724 1359 ad
2758 1303 3078 1372 magistros
3105 1301 3408 1365 euntibus,
3441 1299 3590 1356 nihil

1932 1390 2093 1447 aliud
2138 1398 2257 1447 toto
2293 1391 2392 1447 die
2434 1391 2497 1447 in
2534 1406 2634 1447 ore
2665 1394 2793 1448 erat
2827 1406 3011 1464 quam
3052 1389 3266 1445 Pilatus
3306 1394 3363 1444 et
3398 1389 3587 1452 Jesus,

1931 1481 2169 1553 aliaque
2192 1481 2324 1552 ejus
2351 1480 2584 1550 generis
2605 1480 2684 1537 ad
2711 1479 3138 1537 contumeliam
3163 1482 3436 1534 nostram
3460 1482 3585 1532 tum

1929 1570 2192 1642 primum
2236 1569 2492 1626 conﬁcta
2535 1574 2594 1626 et
2636 1569 2970 1639 excogitata
3006 1588 3019 1628 :
3069 1584 3170 1640 per
3211 1583 3348 1640 quae
3378 1567 3583 1622 omnia

1928 1675 2233 1715 summum
2260 1658 2563 1716 Maximini
2592 1658 2653 1715 in
2678 1662 2867 1715 Deum
2905 1657 3137 1723 odium,
3166 1655 3584 1728 arrogantissi-

217 1753 377 1813 δίκην
432 1756 693 1828 ἄγρυπνον
744 1750 907 1806 οὖσαν
960 1760 1076 1814 ταῖς
1121 1760 1221 1803 τῶν
1280 1749 1477 1804 ἀσεϐῶν
1522 1755 1808 1823 πονηρίαις¹

1928 1764 2218 1820 mumque
2238 1748 2545 1805 scelerosa
2567 1748 2698 1820 ejus
2718 1749 2936 1804 animae
2959 1745 3343 1819 supercilium
3364 1744 3587 1816 perspi-

215 1847 467 1897 καὶκατὰ
500 1840 674 1905 πόδας
730 1842 1033 1905 έπεξιοῡσαν
1068 1859 1080 1870 ·
1122 1840 1206 1915 ὑφ’
1259 1841 1322 1901 ἧς
1367 1840 1714 1911 ἐλαυνόμενος,
1757 1839 1815 1892 οὐ

210 1935 349 1985 πάνυ
428 1933 604 2007 πόρρω
682 1938 770 1984 καὶ
836 1932 992 1993 αὐτός
1077 1930 1319 1983 τάναντία
1384 1932 1621 2003 ἓγγράφῳ
1677 1933 1815 2001 νόμῳ

210 2024 336 2095 ὑπερ
388 2023 532 2091 ἡμῶν
567 2019 871 2074 ἐϐουλεύετο.
933 2021 1062 2090 Ἐγὼ
1111 2016 1171 2071 δι
1227 2019 1294 2078 εἰς
1355 2014 1573 2080 ἔνδειξιν
1620 2021 1709 2069 καί
1761 2036 1814 2069 τι

203 2115 361 2182 μέρος
411 2118 511 2161 τῶν
572 2108 621 2160 ἐν
692 2109 906 2169 στήλαις
954 2108 1129 2180 ἐκείνῳ
1176 2111 1544 2181 γεγραμμένων
1612 2105 1814 2163 ἐνθήσω

198 2207 265 2271 τῇ
326 2199 552 2271 ἱστορίᾳ.
615 2196 743 2270 Εἶχε
801 2194 859 2250 δε
899 2198 1078 2255 οὕτως.
1134 2217 1164 2248 ε(
1188 2193 1331 2253 Ἤδη
1364 2198 1487 2248 ποτε
1525 2197 1555 2252 ἠ
1591 2193 1814 2255 ἀσθενὴς

206 2290 472 2359 θρασύτης
550 2295 640 2347 τῆς
698 2286 1027 2359 ἀνθρωπίνης
1105 2283 1342 2346 διανοίας
1400 2288 1600 2355 ’ίσχυσε
1636 2289 1811 2336 πᾶσαν

202 2378 405 2439 πλάνης
482 2376 826 2448 ἀμαυρότητα
910 2380 1000 2426 καὶ
1079 2375 1312 2446 ὀμίχλην
1395 2372 1807 2445 ἀποστησαμένη

201 2472 292 2518 καὶ
339 2462 702 2517 ἀνασκεδάσαι
737 2481 750 2493 ·
807 2467 924 2524 ἣτις
979 2467 1077 2536 πρό
1129 2466 1318 2515 τούτου
1349 2466 1409 2514 ον
1440 2469 1685 2514 τοσοῦτον
1711 2470 1809 2513 τῶν

200 2553 424 2617 ἀσεϐῶν,
480 2556 601 2607 ὅσον
640 2563 738 2605 τῶν
797 2552 984 2604 ἀθλίων
1042 2550 1323 2626 ἀνθρώπων
1378 2553 1472 2612 τάς
1532 2550 1809 2610 αἰσθήσεις

200 2643 418 2715 ὀλεθρίῳ
468 2642 679 2713 ἀγνοίας
728 2646 895 2709 σκότῳ
948 2639 1289 2700 ἐνειληθείσας
1346 2638 1640 2712 ἐπολιόρκει
1698 2638 1808 2690 έπι-

201 2742 390 2803 γνὼναι
425 2746 439 2759 ⁸
504 2734 638 2784 ὥστε
690 2740 787 2782 τῶν
843 2729 1111 2781 ἀθανάτων
1167 2731 1289 2781 θεῶν
1346 2728 1615 2800 φιλαγάθῳ
1676 2747 1800 2800 προ-

203 2827 316 2893 νοίᾳ
368 2817 643 2873 διοικεῖται
699 2825 788 2872 καὶ
869 2821 1317 2891 σταθεροποιεῖται
1391 2819 1512 2888 ὅπερ
1586 2818 1807 2889 γράμμα

918 2910 1053 2969 ὅπως
1108 2912 1510 2982 κεχαρισμένον,
1568 2906 1701 2966 ὅπως
1752 2925 1805 2958 τε

1439 2997 1510 3056 ὡς
1559 2998 1803 3065 μέγιστον

203 2912 424 2963 ἄπιστον
481 2909 621 2961 ἐστιν
658 2910 816 2962 εἰπεῖν
849 2926 860 2936 ·

202 2998 426 3059 ἣδιστον
483 3004 572 3052 καὶ⁵
619 2997 898 3072 προσφιλὲς
947 2999 1070 3069 ημῖν
1125 3001 1330 3067 γέγονεν
1372 3013 1385 3026 ·

196 3084 397 3158 δεῖγμα
453 3095 543 3145 τῆς
589 3085 853 3157 θεοφιλοῦς
903 3086 1049 3155 ἡμῶν
1103 3087 1451 3157 προαιρέσεως
1508 3078 1805 3139 δεδηλωκέ-
1840 3117 1880 3167 C

192 3195 281 3226 ναι
310 3191 323 3204 ·
382 3176 510 3226 ὅπου
562 3193 614 3226 τε
666 3177 751 3225 καὶ
794 3175 892 3247 πρό
948 3175 1131 3224 τούτου
1194 3167 1365 3224 οὐδενὶ
1420 3172 1686 3235 ἄγνωστον
1741 3167 1801 3227 ἦν
1841 3153 1881 3173 υ

194 3268 383 3324 ὁποίας
464 3268 876 3337 παρατηρήσεως
950 3266 1040 3313 καὶ
1116 3259 1405 3322 θεοσεϐείας
1461 3263 1590 3334 πρός
1681 3263 1802 3321 τοὺς

198 3354 494 3413 ἀθανάτους
546 3352 851 3423 ἐτυγχάνετε
891 3355 1025 3411 ὄντες
1056 3368 1069 3381 ·
1117 3350 1206 3412 οὕς
1252 3349 1310 3402 οὐ
1344 3349 1508 3420 ψιλῶν
1545 3353 1636 3401 καὶ
1665 3350 1797 3401 ὑπο-

194 3448 351 3494 κένων
390 3443 641 3516 ῥημάτων
694 3445 895 3503 πίστις,
948 3439 1077 3491 ἀλλά
1129 3444 1216 3491 καὶ
1258 3447 1454 3509 συνεχῆ
1490 3442 1579 3489 καὶ
1626 3439 1795 3510 παρά·

197 3530 334 3595 δόξα
386 3531 547 3604 ὶργων
613 3529 886 3599 ἐπισήμων
945 3528 1274 3599 γνωρίζεται.
1336 3529 1518 3597 Διόπερ
1581 3526 1797 3588 ἐπαξίως

192 3624 224 3679 ἠ
288 3623 508 3693 ὑμετέρα
553 3619 703 3680 πόλις
776 3620 897 3670 θεῶν
965 3616 1233 3668 ἀθανάτων
1288 3615 1440 3687 φόϐον
1501 3611 1701 3685 ἰδρυμά
1744 3634 1798 3667 τε

188 3714 281 3762 καὶ
328 3709 628 3784 οἰκητήριον
681 3706 998 3760 ἑπικαλοίτο.
1076 3704 1288 3767 Πολλοῖς
1327 3712 1453 3775 γοῦν
1509 3699 1795 3778 παραδείγ-

188 3819 329 3871 μασι
379 3803 750 3869 καταφαίνεται
814 3804 874 3867 τῇ
955 3803 1055 3847 τῶν
1107 3794 1356 3865 οὐρανίων
1442 3794 1563 3845 θεῶν
1632 3791 1794 3850 αὐτὴν

782 3881 925 3937 Ἰδοὺ
1012 3888 1184 3935 τοίνυν
1264 3884 1295 3940 ἡ
1349 3883 1570 3954 ὑμετέρα
1624 3880 1790 3945 πόλις,

189 3980 398 4029 πάντων
455 3985 554 4029 τῶν
611 3972 725 4047 ἰδίᾳ
818 3971 1164 4047 διαφερόντων
1242 3972 1404 4032 αὐτῆς
1461 3970 1789 4039 ἀμελήσασα,

186 4072 284 4119 καὶ
336 4069 425 4125 τὰς
470 4069 719 4138 πρότερον
766 4072 864 4114 τῶν
927 4064 1054 4135 ὑπὲρ
1100 4061 1264 4123 αὐτῆς
1299 4062 1616 4132 πραγμάτων
1667 4055 1795 4117 δεη-

185 4173 301 4215 σεις
357 4150 684 4228 παριδοῦσα,
736 4153 818 4204 ὅτε
853 4151 1004 4203 πάλιν
1034 4152 1225 4208 ἣσθετο
1264 4158 1360 4211 τῆς
1398 4156 1489 4200 τοῦ
1533 4148 1791 4221 ἐπαράτου

186 4247 537 4315 ματαιότητος
614 4246 890 4312 γεγονότας
954 4240 1121 4311 ἕρπειν
1186 4244 1276 4291 καὶ
1356 4239 1627 4312 ἔρχεσθαι,
1702 4242 1791 4289 καὶ

186 4335 367 4406 ὥσπερ
432 4331 775 4403 ἀμεληθεῖσαν
841 4334 930 4380 καὶ
1008 4332 1381 4400 κεκοιμημένην
1454 4330 1616 4399 αὔραν
1667 4326 1792 4378 ἀνα-

1196 4422 1452 4489 μεγίστην
1532 4420 1791 4488 πυρκαϊὰν

191 3884 452 3959 ἐπιδημίᾳ
513 3886 680 3939 ἀνθεῖν
696 3930 706 3942 .

183 4423 226 4483 ζ
229 4441 441 4497 ωπυρου
446 4425 607 4492 μένων
690 4429 788 4472 τῶν
865 4427 1101 4494 πυρσῶν,

694 4507 879 4569 εὐθέως
956 4511 1088 4580 πρὸς

876 4595 1198 4670 μητρόπολιν
1285 4596 1425 4647 ἰασίν
1509 4614 1624 4646 τινα
1700 4597 1790 4646 καὶ

187 4510 616 4583 ἀναπληροῦσαν,
694 4508 879 4569 εὐθέως
956 4511 1088 4580 πρὸς
1171 4512 1264 4565 τὴν
1343 4508 1595 4578 ἡμετέραν
1651 4509 1790 4558 εὗσέ-

184 4599 354 4663 ϐειαν,
424 4600 597 4671 ὥσπερ
668 4602 793 4669 πρός

181 4694 361 4762 χωρὶς
392 4688 656 4759 μελήσεώς
707 4705 846 4748 τινος
907 4691 1214 4757 κακέφυγεν,
1251 4691 1431 4736 πασῶν
1474 4681 1786 4746 θεοσεϐειῶν,

184 4776 438 4852 βοήθειαν
479 4776 779 4828 ἀπαιτοῦσα
808 4791 819 4803 ·
856 4798 882 4824 ››
912 4779 1002 4826 καὶ
1059 4776 1125 4826 τά
1167 4773 1279 4836 ἑξῆς
1319 4781 1412 4832 τῆς
1440 4772 1623 4843 ὁμοίας
1662 4767 1791 4823 δνσ-

183 4865 398 4927 σεϐεἱας
444 4864 686 4936 ἐχόμενα,
737 4863 927 4921 πολλὴν
980 4859 1321 4935 καταδρομὴν
1375 4857 1508 4918 ἦσαν
1534 4859 1784 4930 ).έγοντα”

182 4958 263 5016 ὡς
314 4952 385 5006 δι’
436 4956 573 5024 ἡμᾶς
623 4957 680 5005 τό
713 4954 844 5004 θεῖον
884 4948 1152 5023 δυσμενῶς
1204 4953 1349 5022 ἔχον,
1386 4954 1486 5001 πᾶν
1520 4951 1564 5001 εἰ
1605 4967 1656 4999 τι
1688 4944 1791 4999 δει-

180 5048 275 5095 νόν
308 5044 357 5095 ἐν
390 5042 501 5116 ἀέρι
531 5047 620 5094 καὶ
648 5050 715 5113 γῇ
750 5048 840 5094 καὶ
866 5037 1059 5093 ὕδασιν
1082 5039 1317 5112 έμποιεί.

1925 1853 2057 1894 cere
2095 1837 2277 1904 licuit,
2309 1843 2367 1894 et
2401 1838 2668 1894 divinam
2699 1837 2901 1893 mirari
2929 1836 3280 1899 vindictam,
3313 1849 3449 1906 quas
3481 1848 3583 1888 ex-

1923 1926 2146 1983 cubare
2184 1926 2468 1983 continua
2496 1925 2767 1998 quadam
2799 1924 3006 1995 vigilia
3044 1939 3225 1995 super
3258 1922 3581 1993 impiorum

1927 2016 2175 2080 malitia,
2208 2015 2576 2088 eosdemque
2600 2015 2664 2071 in
2692 2015 2936 2085 vestigio
2966 2012 3250 2084 consequi
3289 2010 3457 2067 solet.
3493 2010 3582 2066 Ab

1920 2104 2035 2160 hac
2087 2103 2184 2160 ille
2218 2104 2552 2177 perculsus,
2581 2118 2704 2160 non
2751 2102 2943 2159 multo
2988 2106 3131 2175 post
3165 2101 3297 2170 lege
3338 2100 3579 2169 scripta,

1920 2193 2102 2265 priori
2148 2192 2554 2265 paciﬁcationi
2592 2191 2963 2248 contrarium
3003 2205 3250 2263 prorsus
3286 2188 3361 2244 de
3407 2186 3583 2243 nobis

1920 2282 2142 2337 statuit.
2169 2284 2234 2337 Ut
2255 2286 2457 2337 autem
2480 2281 2757 2353 impietas
2777 2281 2907 2352 ejus
2926 2278 3250 2336 manifesto
3273 2276 3581 2350 probetur,

1918 2376 2152 2442 partem
2179 2370 2515 2442 quamdam
2547 2369 2985 2426 constitutionis
3017 2369 3147 2439 ejus
3174 2382 3360 2440 quam
3394 2366 3451 2420 in
3487 2380 3583 2421 co-

1916 2459 2190 2515 lumnam
2220 2458 2402 2515 incidi
2441 2459 2692 2530 curavit,
2724 2458 2982 2515 historiae
3020 2457 3159 2513 huic
3198 2456 3457 2511 inserere
3497 2458 3585 2509 est

1916 2548 2135 2604 visum.
2165 2551 2277 2605 Res
2317 2549 2405 2604 sic
2438 2564 2501 2603 se
2539 2548 2739 2613 habet,
2773 2567 2803 2600 ‹‹
2835 2550 2965 2604 Jam
3002 2545 3244 2602 tandem
3285 2543 3583 2599 imbecilla

1913 2637 2197 2693 humanas
2219 2637 2436 2693 mentis
2456 2636 2713 2693 audacia
2734 2635 3098 2693 seductionis
3123 2634 3454 2703 errorisque
3478 2631 3583 2687 ob-

1913 2732 2257 2782 scuritatem
2278 2732 2458 2798 atque
2479 2726 2798 2796 caliginem
2818 2724 3048 2799 depulit
3063 2729 3121 2779 et
3138 2722 3451 2778 discussit:
3476 2720 3578 2792 qui

1913 2816 2153 2886 quidem
2173 2816 2427 2872 antehac
2448 2815 2804 2887 perniciosis
2821 2814 3173 2884 ignorantiae
3196 2810 3478 2879 tenebris,
3500 2811 3582 2865 ita

1914 2919 2037 2959 non
2058 2910 2179 2961 tam
2206 2904 2529 2976 impiorum
2550 2920 2736 2976 quam
2762 2902 3241 2960 miserandorum
3262 2900 3579 2956 hominum

1913 3008 2128 3049 sensus
2156 2993 2419 3059 involvit,
2453 2992 2632 3066 479
2660 2998 2726 3049 ut
2758 3009 2883 3048 rem
2916 2992 3343 3062 veritatemque
3380 2988 3579 3060 ipsam

1912 3096 2271 3151 cognoscere
2313 3097 2436 3137 non
2468 3082 2787 3154 potuerint.
2820 3080 2937 3138 Sed
2975 3079 3264 3149 singulari
3294 3076 3581 3146 benigna-

1910 3185 2028 3242 que
2053 3171 2306 3225 deorum
2328 3169 2763 3226 immortalium
2784 3168 3180 3241 providentia,
3208 3165 3462 3222 infidum
3494 3170 3578 3221 at-

1907 3275 2026 3330 que
2054 3258 2328 3332 iniquum
2360 3259 2452 3331 (ut
2484 3259 2567 3315 ita
2608 3257 2836 3331 dicam)
2876 3257 3046 3314 librae
3076 3261 3469 3321 momentum,
3500 3255 3580 3311 ad

1902 3348 2129 3418 justam
2168 3352 2513 3420 rectamque
2552 3351 2838 3404 stateram
2873 3352 2966 3403 est
3002 3346 3339 3410 reductum,
3384 3349 3447 3399 ut
3480 3359 3575 3399 res

1905 3453 2119 3492 omnes
2161 3436 2333 3492 nobis
2363 3442 2569 3507 gratae,
2600 3452 2816 3493 suaves
2855 3442 2911 3492 et
2942 3435 3227 3507 jucunda:
3267 3434 3571 3488 eveniant.

1906 3534 1962 3581 et
1985 3534 2044 3581 ut
2065 3527 2192 3597 jam
2218 3526 2551 3582 maximum
2575 3510 3100 3597 certissiliumque
3122 3529 3343 3579 nostra:
3364 3522 3439 3575 de
3459 3520 3575 3575 diis

1905 3616 2049 3685 ipsis
2079 3614 2382 3685 opinionis
2414 3630 2485 3669 ac
2511 3613 2748 3685 pietatis
2778 3618 2966 3669 exstet
2994 3612 3304 3668 indicium.
3336 3610 3447 3666 Sed
3475 3624 3573 3664 ne-

1903 3720 2022 3777 que
2060 3703 2313 3758 antehac
2343 3702 2628 3773 cuiquam
2657 3702 2931 3771 ignotum
2961 3701 3091 3767 fuit,
3122 3698 3343 3773 quibus
3383 3712 3572 3753 ciere-

1904 3792 2123 3848 moniis
2146 3796 2205 3847 et
2234 3791 2422 3846 sacris
2450 3791 2534 3845 dii
2578 3790 2951 3847 immortales
2980 3806 3017 3846 a
3045 3789 3221 3846 vobis
3255 3788 3372 3843 sint
3408 3785 3565 3852 culti,

1902 3898 2057 3955 quos
2080 3896 2203 3936 non
2226 3879 2406 3936 nudis
2428 3883 2608 3953 atque
2631 3880 2917 3936 inanibus
2940 3878 3081 3935 ﬁdei
3101 3878 3322 3941 verbis,
3361 3890 3570 3931 verum

1901 3968 2269 4027 admirandis
2306 3968 2730 4042 praeclarisque
2758 3968 3043 4041 operibus
3066 3971 3356 4039 perpetuo
3394 3979 3571 4020 vene-

1900 4059 2017 4114 rari
2041 4064 2098 4112 et
2122 4056 2511 4126 magniﬁcare
2537 4056 2835 4113 convenit.
2866 4059 3038 4113 Recte
3064 4056 3330 4128 profecto
3359 4053 3567 4109 civitas

1902 4152 2098 4202 vestra
2123 4147 2372 4202 deorum
2400 4144 2850 4210 immortalium,
2880 4152 3123 4218 propter
3143 4144 3371 4201 cultum
3393 4141 3571 4197 timo-

1898 4252 2150 4308 remque
2192 4250 2423 4301 eorum,
2468 4234 2796 4291 sacrarium
2843 4242 2900 4290 et
2945 4234 3319 4291 domicilium
3359 4232 3563 4288 vocari

1900 4330 2081 4396 queat
2107 4338 2120 4377 :
2156 4328 2212 4378 et
2243 4322 2447 4378 multis
2484 4321 2719 4378 indiciis
2748 4324 2894 4379 satis
2938 4327 3195 4393 constat,
3223 4338 3358 4378 eam
3389 4319 3565 4377 cccle-

1900 4414 2077 4469 stium
2100 4413 2354 4468 deorum
2377 4411 2696 4483 praesentia
2715 4411 2947 4471 ﬂorere.
2970 4414 3176 4485 Itaque
3199 4412 3342 4467 urbs
3374 4416 3569 4467 vestra

1899 4519 2039 4559 cum
2060 4501 2238 4557 rebus
2268 4501 2552 4557 omnibus
2583 4500 2664 4557 illi
2692 4502 3067 4573 peculiariter
3086 4500 3569 4558 conducibilibus

1897 4590 2282 4663 posthabitis,
2314 4596 2442 4646 tum
2472 4590 2655 4647 etiam
2684 4594 2743 4647 et
2780 4590 3164 4663 petitionibus
3194 4590 3418 4662 quibus
3459 4604 3569 4661 pro

1900 4696 2012 4736 suo
2051 4680 2241 4752 ipsius
2272 4683 2429 4735 statu
2476 4679 2642 4751 prius
2683 4679 2764 4734 uti
2805 4679 3053 4744 solebat,
3087 4678 3346 4742 omissis,
3380 4694 3567 4751 quam

1899 4769 2160 4841 primum
2182 4784 2389 4824 rursus
2412 4768 2691 4825 homines
2713 4767 3096 4823 exsecrandm
3126 4767 3372 4823 vanitati
3398 4766 3564 4822 dedi-

1899 4864 1992 4914 tos
2022 4857 2137 4913 late
2170 4873 2405 4930 serpere
2442 4864 2499 4913 et
2529 4856 2877 4929 propagari,
2909 4872 2982 4912 ac
3010 4856 3190 4912 veluti
3232 4856 3564 4926 neglectam

1899 4952 2081 5019 atque
2109 4946 2370 5017 sopitam
2391 4962 2602 5003 auram
2627 4945 2862 5001 facibus
2889 4946 3011 5000 vim
3037 4945 3360 5018 ignemque
3386 4960 3565 4999 suum

1901 5052 2007 5107 per
2035 5051 2173 5091 eam
2197 5034 2640 5106 recipientibus,
2672 5038 2911 5089 vastum
2942 5033 3289 5090 incendium
3320 5032 3563 5090 differre

175 5149 259 5190 ac
285 5132 532 5188 dilatare
565 5132 771 5197 sensit,
804 5129 967 5184 nulla
996 5129 1347 5200 interposita
1375 5142 1545 5183 mora
1574 5124 1886 5182 confestim
1919 5124 1994 5181 ad
2025 5125 2309 5196 pietatem
2339 5128 2630 5192 nostram,
2656 5122 2905 5194 perinde
2933 5128 3113 5196 atque
3143 5122 3223 5180 ad
3253 5136 3565 5178 sacrorum

178 5220 507 5292 cultusque
538 5219 792 5275 deorum
822 5219 1020 5273 omnis
1053 5216 1427 5289 metropolim
1462 5216 1793 5287 urbemque
1826 5214 2163 5286 principem
2198 5212 2486 5282 confugit,
2518 5227 2699 5284 opem
2730 5215 2789 5267 et
2818 5212 3111 5268 auxilium
3149 5211 3503 5283 implorans.
3540 5233 3560 5260 ι

182 5312 259 5368 Et
294 5314 510 5365 caetera
547 5324 681 5380 quae
724 5311 1076 5378 sequuntur,
1109 5304 1438 5361 consimilis
1472 5303 1791 5376 impietatis
1825 5303 2025 5375 plena,
2060 5301 2611 5375 professionemque
2638 5307 2909 5357 nostram
2941 5300 3403 5373 perstringentia
3434 5300 3514 5372 (l)
3552 5318 3566 5355 :

185 5407 487 5471 tanquam
507 5397 779 5453 divinum
802 5398 1032 5452 Numen
1055 5401 1297 5467 propter
1316 5410 1428 5450 nos
1448 5394 1691 5458 iratum,
1713 5392 2008 5465 quidquid
2030 5397 2121 5448 est
2142 5391 2204 5447 in
2229 5405 2384 5456 aere,
2407 5390 2470 5445 in
2499 5394 2660 5446 terra
2681 5393 2737 5446 et
2756 5388 2818 5445 in
2838 5390 3014 5461 aquis
3036 5390 3200 5458 mali,
3222 5388 3569 5446 hominibus

188 5486 503 5545 immittat.

270 5594 348 5666 (ί)
373 5592 663 5651 Eusebius
702 5591 808 5650 lib.
844 5606 927 5659 rx,
958 5605 1091 5664 cap.
1119 5596 1174 5657 7,
1207 5589 1310 5662 qui
1337 5588 1634 5660 scriptum
1661 5589 1777 5646 hoc
1803 5588 1936 5661 Tyri
1962 5587 2343 5663 propositum
2369 5584 2538 5643 vidit.
