4016 6224
485 265 628 326 1267

1069 399 1293 456 CAPUT
1322 395 1554 454 XXVIII.

485 488 574 545 De
609 504 787 558 sava,
833 505 966 562 qua
995 504 1060 546 eo
1099 497 1356 562 tempore
1391 490 1669 562 grassata
1715 489 1819 549 est,
1870 485 2034 552 fame
2085 490 2140 539 et

1124 558 1493 630 pestilentia.

561 669 940 738 Ejuscemodi
978 667 1184 724 litteris
1222 669 1432 723 contra
1467 679 1580 720 nos
1618 661 1963 736 publicatis,
2003 677 2140 732 spes

483 771 688 813 rerum
718 757 1034 814 meliorum
1068 755 1290 821 omnis,
1321 759 1614 828 quantum
1647 754 1709 807 in
1747 752 1923 808 nobis
1963 751 2142 806 situm

487 851 594 912 est,
627 847 1109 918 praecludebatur
1140 865 1155 902 :
1183 850 1239 902 et
1267 843 1432 900 electi
1462 857 1704 916 quoque
1743 842 1893 896 inter
1921 856 2053 904 nos,
2082 844 2145 894 ut

487 939 576 992 est
595 937 654 991 in
677 951 848 992 sacro
867 936 1136 1004 oraculo,
1159 950 1282 990 non
1303 933 1366 988 in
1387 931 1688 988 mediocre
1708 929 2146 986 delabebantur

488 1025 847 1081 scandalum
860 1029 917 1080 et
931 1024 1386 1081 oﬂendiculum.
1401 1025 1616 1078 Verum
1633 1021 1940 1076 enimvero
1957 1019 2146 1074 omni-

485 1113 604 1169 bus
629 1120 750 1170 tam
775 1115 1186 1186 inexspectata
1219 1111 1398 1184 480
1425 1125 1628 1186 rerum
1655 1109 1983 1164 mutatione
2009 1124 2147 1163 con-

487 1203 789 1272 sternatis,
812 1219 948 1258 cum
980 1202 1179 1258 adhuc
1207 1201 1434 1274 passim
1465 1200 1526 1255 in
1558 1198 1884 1254 iteneribus
1909 1198 2149 1252 decreta

487 1309 560 1350 ea
583 1298 802 1359 essent,
831 1298 887 1349 et
911 1293 990 1349 ad
1012 1292 1236 1348 multas
1260 1291 1438 1346 urbes
1458 1289 1732 1345 nondum
1753 1287 1986 1359 perlata
2005 1287 2148 1341 fuis-

487 1387 637 1450 sent,
670 1383 773 1453 qui
803 1382 1008 1438 omnia
1039 1382 1168 1438 solo
1193 1383 1344 1436 nutu
1373 1385 1432 1436 et
1456 1379 1758 1434 voluntate
1785 1393 1894 1432 sua
1922 1375 2066 1432 facit
2093 1379 2150 1431 et

487 1475 684 1527 mutat
715 1471 1024 1536 Dominus,
1053 1471 1376 1542 gloriosam
1407 1467 1648 1540 tyranni
1677 1466 2026 1538 superbiam
2055 1481 2149 1520 ve-

485 1560 594 1616 luti
625 1561 1035 1630 strangulans,
1065 1559 1386 1630 derepente
1417 1556 1708 1613 auxilium
1739 1555 1971 1610 ccelitus
1997 1554 2144 1611 tulit.

490 1650 698 1706 Statim
730 1649 890 1704 enim
923 1649 1110 1706 solitas
1141 1648 1357 1720 pluviae
1386 1646 1638 1702 hiberno
1669 1645 1847 1700 etiam
1879 1649 2147 1716 tempore

1781 265 2170 322 NICEPHORI
2209 267 2522 327 CALLISTI

2167 397 2216 448 Α

3687 285 3796 340 i268

2831 407 3077 460 ΚΕΦΑΛ.
3127 405 3259 458 Kﬂ'.

2249 488 2401 558 Περὶ
2441 491 2551 536 τοῦ
2607 496 2966 569 τηνικαῦτα
3017 495 3572 565 κατασκήψαντος
3607 504 3796 569 ἀγρίοε

2735 557 2924 630 λιμοῦ
2961 569 3066 615 καὶ
3105 557 3358 636 λοιμοῦί

2319 665 2576 715 Τοιούτων
2627 661 2688 717 δὲ
2735 671 3056 739 γραμμάτων
3121 674 3238 724 καθ’
3297 675 3440 744 ἡμῶν
3489 681 3801 746 πεμπομένων,

2251 759 2400 804 πᾶσα
2447 755 2536 824 μὲν
2591 752 2732 814 ἐλπὶς
2782 757 2905 807 ὅσον
2947 761 3007 810 τὸ
3060 759 3133 832 ἐφ’
3177 763 3302 832 ἡμῖν
3329 761 3683 816 ἀπεκέκλειστο
3711 764 3804 836 ἀγει-

2256 844 2374 908 θῶν,
2435 847 2524 893 καὶ
2575 845 2624 894 οἱ
2675 843 2900 898 ἐκλεκτοὶ
2931 844 2991 899 δὲ
3021 851 3188 918 ἡμῶν,
3231 855 3366 904 κατά
3397 857 3454 905 τὸ
3497 856 3626 926 ἱερὸν
3650 855 3804 924 λόγων,

2253 934 2302 983 ἓν
2333 931 2392 982 οὗ
2429 937 2623 1006 μετρίῳ
2671 929 2805 990 ἦσαν
2847 933 3144 1010 σκανδαλῳ.
3203 947 3303 992 Καὶ
3351 939 3416 999 δή
3481 945 3678 995 πάντων
3725 953 3808 1006 τοῖς

2257 1021 2680 1093 ἀπροσδοκήτοις
2751 1023 3156 1096 ἀποψυχόντων,
3229 1031 3304 1082 ἔτι
3366 1039 3463 1082 τῶν
3517 1032 3634 1083 καθ’
3695 1035 3808 1104 ἡμῶν

2255 1110 2608 1182 ψηφισμάτων
2657 1110 2866 1164 ἐνοδίων
2919 1119 3072 1168 ὄντων
3128 1116 3222 1168 κάν
3269 1119 3486 1181 πολλαῖς
3529 1117 3589 1172 δε
3633 1129 3720 1172 τῶν
3743 1129 3812 1173 πε-

2254 1198 2376 1252 λεων
2431 1205 2590 1270 μήπω
2647 1208 3052 1273 πεφοιτηκότων,
3103 1207 3129 1256 ὁ
3186 1209 3356 1260 πάντα
3403 1218 3567 1261 ποιῶν
3621 1217 3702 1262 καὶ
3743 1231 3815 1282 μι-

2257 1291 2594 1351 τασκευάζων
2637 1295 2776 1362 μόνῳ
2830 1300 2904 1362 τῷ
2953 1292 3240 1364 βούλεσθαι
3283 1300 3490 1369 Κύριος,
3539 1302 3598 1352 τὸ
3629 1307 3710 1350 τοῦ
3747 1320 3818 1350 n-

2255 1379 2440 1453 ράννου
2493 1379 2827 1450 μεγάλαυχον
2895 1384 3068 1455 ὥσπερ
3140 1386 3346 1456 ἄγχων,
3407 1386 3602 1460 ἀθρόαν
3667 1387 3820 1458 ἐπῆγεν

2257 1467 2530 1538 οὐρανόθεν
2572 1472 2666 1526 τὴν
2711 1468 2939 1543 ἀρωγήν.
2992 1472 3195 1524 Αὐτίκα
3243 1477 3345 1547 γὰρ
3391 1478 3440 1526 οἱ
3479 1481 3572 1547 μὲν
3613 1481 3818 1538 συνήθεις

2259 1555 2464 1629 ὀλιιϐροι,
2519 1561 2704 1631 καίπερ
2757 1564 3031 1634 χειμερίου
3092 1570 3185 1623 τῆς
3233 1566 3372 1636 ὧρας
3425 1568 3612 1630 οὔσης,
3647 1563 3820 1618 συνεδε-

2259 1652 2484 1717 σμοῦντο
2523 1653 2626 1707 τοῖς
2674 1651 2870 1718 νέφεσιν
2900 1665 2912 1675 ·
2961 1652 3250 1707 ἐπέσκηπτε
3303 1649 3362 1704 δὲ
3407 1652 3581 1724 λιμὸς⁹
3629 1655 3822 1706 καὶλοι-

484 1739 548 1794 in
587 1737 854 1794 nubibus
895 1737 1043 1810 ipsis
1091 1737 1304 1792 vincta:
1353 1741 1491 1790 sunt
1520 1739 1575 1791 et
1619 1737 1862 1790 retentas
1905 1754 1918 1792 :
1955 1733 2146 1790 fames

2266 1739 2350 1794 νιος
2395 1733 2480 1786 ἐπὶ
2529 1737 2731 1797 τούτοις
2787 1735 3033 1808 ἐφείπετο.
3061 1745 3290 1812 Νόσημα
3329 1738 3389 1793 δέ
3425 1762 3478 1794 τι
3529 1745 3678 1802 ἄηθες
3721 1745 3820 1800 ἠκο-

487 1843 632 1884 mox
669 1832 1012 1892 consecuta,
1045 1831 1102 1882 et
1129 1825 1346 1882 deinde
1374 1824 1730 1896 pestilentia.
1770 1823 2030 1878 Accessit
2069 1825 2148 1880 ad

489 1931 591 1972 eas
616 1916 838 1980 clades,
862 1917 964 1988 qui
993 1919 1237 1988 propter
1262 1915 1522 1970 colorem
1547 1913 1792 1982 igneum
1818 1911 2149 1968 carbuncu-

485 2006 580 2062 lus
601 2010 870 2071 vocatur,
893 2006 1062 2061 ulcus
1085 2005 1290 2060 odoris
1304 2003 1554 2076 pessimi
1579 2001 1854 2058 membra
1879 2003 2148 2073 corporis

488 2096 824 2151 admodum
837 2094 1217 2163 contrahens,
1231 2093 1463 2165 etquod
1477 2091 1654 2148 latius
1671 2107 1917 2162 serpens
1935 2092 2146 2160 ingens

489 2189 712 2242 crearet
741 2184 1094 2256 periculum,
1117 2183 1544 2254 occupatisque
1565 2180 1878 2236 oculorum
1909 2181 2146 2250 angulis

487 2274 650 2330 viros
681 2273 860 2330 simul
887 2278 944 2328 et
963 2273 1243 2328 mulieres
1262 2287 1418 2344 quas
1443 2275 1798 2341 occupasset
1819 2270 2148 2326 luminibus

489 2364 750 2420 orbaret.
793 2362 1018 2418 Bellum
1071 2362 1316 2433 insuper
1357 2359 1676 2416 Maximino
1724 2359 1804 2415 ab
1855 2360 2149 2416 Armeniis

487 2452 738 2522 illatum,
765 2453 868 2524 qui
898 2455 1079 2507 antea
1105 2451 1252 2506 socii
1283 2451 1694 2505 Romanorum
1725 2449 1978 2505 fuerant.
2013 2449 2152 2506 Belli

495 2555 678 2596 causa
708 2547 835 2596 erat
873 2540 1204 2596 Christiana
1233 2539 1386 2594 ﬁdes
1425 2543 1482 2594 et
1519 2537 1745 2607 religio.
1789 2540 1961 2604 Quod
1991 2540 2151 2594 enim

494 2631 772 2686 homines
803 2631 1085 2685 inducere
1115 2633 1298 2701 atque
1325 2627 1688 2700 persuadere
1713 2626 1826 2682 illis
1859 2629 2060 2692 voluit,
2091 2633 2154 2686 ut

495 2735 678 2792 quem
711 2719 940 2776 Christo
964 2717 1355 2791 praestabant,
1385 2715 1562 2772 idolis
1592 2715 1872 2772 offerrent
1903 2717 2151 2784 cultum,

497 2825 570 2866 ex
600 2809 810 2864 amicis
838 2809 1040 2864 hostes
1067 2823 1171 2863 eos
1199 2807 1428 2863 habuit.
1463 2807 1606 2871 Quae
1637 2805 1798 2861 mala
1825 2806 2032 2862 omnia
2057 2823 2152 2862 eo-

497 2899 636 2954 dem
667 2905 934 2970 tempore
973 2901 1342 2964 coacervata,
1376 2895 1616 2967 tyranni
1645 2895 1966 2951 audaciam
1999 2896 2156 2952 furo-

497 3003 748 3060 remque
787 2991 996 3042 contra
1024 2985 1296 3041 divinum
1334 2984 1570 3040 Numen
1599 2991 1972 3056 conceptum,
2013 2987 2155 3042 satis

2255 1823 2428 1876 λουθει
2459 1845 2473 1856 ι
2503 1823 2700 1898 ἄνθραξ
2735 1833 2807 1894 τῷ
2837 1825 3070 1898 πυρώδει
3097 1837 3189 1880 τοῦ
3217 1836 3504 1902 χρώματος
3525 1833 3788 1904 ὼνομάξετο
3807 1849 3818 1861 ·

2256 1913 2400 1973 ἕλκος
2458 1909 2699 1973 δυσῶδες
2753 1913 3166 1988 ἐπισυρόμενον·

2256 2005 2533 2074 καθέρπον,

3223 1921 3250 1970 ὃ
3305 1926 3396 1971 καὶ
3447 1929 3552 1972 τῶν
3601 1925 3818 1992 σωμάτων

2627 2002 2910 2077 σφαλεροὺς
3002 2005 3186 2081 ἀθρόον
3265 2012 3480 2062 ἐνεποίει
3563 2007 3820 2064 κινδύνους.

2257 2091 2472 2146 Ἔπειτα
2519 2100 2629 2154 τοῖς
2689 2095 2897 2156 κανθοῖς
2971 2104 3072 2146 τῶν
3155 2096 3428 2170 ὀφθαλμῶν
3513 2103 3820 2160 ἐπισκήπτω,

2255 2185 2452 2253 πηροὺς
2506 2181 2624 2233 καθ’
2679 2183 2746 2232 ὧν
2790 2185 2932 2254 ἐπῄει
2983 2181 3176 2258 ἄνδρας
3227 2205 3279 2238 τε
3335 2193 3426 2240 καὶ
3473 2197 3722 2259 γυναῖκας
3745 2190 3824 2258 εἱρ-

2257 2273 2466 2341 γάζετο.
2525 2271 2643 2322 Ἐπὶ
2686 2267 2754 2328 δὴ
2795 2275 2994 2333 τούτοις
3045 2279 3134 2326 καὶ
3161 2277 3314 2347 μάχη
3365 2277 3514 2348 αὐτῷ
3555 2282 3680 2348 πρὸς
3729 2279 3824 2349 Ἃρ·

2259 2365 2466 2433 μενίους
2517 2361 2771 2433 ἠγείρετο,
2837 2371 3152 2434 συυμάχους
3201 2367 3540 2428 καθεστῶτας
3591 2367 3826 2438 Ῥωμαίοις

2261 2451 2472 2502 ἄνωθεν.
2531 2455 2632 2502 Καὶ
2695 2453 2724 2507 ἡ
2793 2455 3052 2522 πρόφασις
3113 2455 3170 2504 τὸ
3238 2458 3369 2529 πρὸς
3419 2461 3654 2526 Χριστὸν
3705 2455 3827 2514 σέϐας

2262 2537 2470 2599 ἐκείνοις
2522 2535 2605 2595 ἦν.
2653 2545 2838 2611 Πεῐραν
2886 2543 2987 2614 γὰρ
3047 2541 3250 2613 ἐπάγων
3307 2540 3548 2606 εἰδώλοις
3593 2549 3650 2597 τὸ
3703 2543 3828 2604 σέϐας

2261 2631 2426 2698 νέμειν
2485 2626 2598 2678 ἀντὶ
2659 2631 2907 2702 Χριστοῦ,
2975 2630 3250 2702 πολεμίους
3333 2633 3619 2690 ἐκτήσατο.
3673 2633 3728 2687 Ἀ
3771 2630 3824 2688 δὲ

2261 2719 2432 2769 πάντα
2477 2719 2613 2768 κατὰ
2659 2721 2818 2769 ταυτό
2873 2717 3178 2793 συῤῥυέντα,
3221 2725 3278 2772 τὸ
3321 2730 3410 2774 τοῦ
3451 2725 3704 2796 τυράννου
3733 2725 3831 2794 θρα·

2267 2826 2375 2870 σος,
2429 2811 2518 2856 καὶ
2559 2809 2652 2863 τὴν
2697 2811 2827 2880 πρὸς
2875 2811 2934 2859 τὸ
2977 2810 3107 2860 θεῖον
3154 2815 3340 2880 μανίαν
3369 2808 3675 2884 διήλεγχῦν.
3714 2814 3828 2864 Ἐπεί

2263 2901 2344 2947 τοί
2371 2915 2428 2966 γε
2476 2897 2554 2956 οἷς
2587 2896 2704 2948 καθ’
2759 2899 2906 2967 ἡμῶν
2951 2904 3210 2963 κεκίνητο,
3257 2905 3342 2952 καὶ
3393 2910 3488 2962 τῆς
3535 2907 3654 2974 περὶ
3697 2905 3756 2952 τε
3779 2905 3830 2952 εἷο

2267 2979 2410 3036 δωὶα
2463 2986 2732 3054 θεραπείας
2781 2988 2964 3058 χάριν,
3021 2993 3092 3058 μὴ
3146 2988 3294 3060 λιμὸν
3341 2993 3370 3048 ἤ
3403 2990 3588 3063 λοιμὸν
3619 2995 3648 3048 ἧ
3679 2995 3830 3062 μάχην

499 3081 920 3148 coarguerunt.
966 3078 1034 3131 Et
1071 3091 1210 3130 cum
1249 3089 1357 3146 per
1388 3074 1743 3144 jactantiam
1785 3075 2044 3143 gloriose
2084 3090 2154 3131 eo

2270 3073 2596 3148 συρραγῆναί
2641 3093 2764 3126 ποτε
2832 3074 2916 3127 ἐπὶ
2988 3085 3083 3137 τῆς
3141 3081 3388 3140 τοιαύτης
3461 3079 3642 3154 ἀρχῆς
3699 3078 3832 3154 339::-

499 3165 666 3237 quod
713 3163 1074 3221 Christianos
1116 3167 1591 3234 persequeretur,
1625 3167 1806 3233 atque
1857 3163 2156 3220 idolorum

500 3253 726 3309 cultum
765 3267 1103 3325 propagare
1146 3250 1427 3316 studeret,
1457 3250 1572 3306 sibi
1601 3251 1997 3322 polliceretur,
2033 3268 2156 3308 non

499 3341 746 3408 famem,
769 3357 894 3397 non
923 3345 1173 3413 pestem,
1205 3355 1328 3396 non
1356 3339 1583 3395 bellum
1613 3339 1846 3411 imperii
1872 3341 1963 3396 sui
1989 3341 2156 3398 ditio-

499 3445 642 3488 nem
673 3431 1026 3488 invasurum
1056 3445 1180 3486 esse
1212 3446 1224 3484 :
1258 3429 1461 3485 clades
1489 3443 1574 3484 ea:
1603 3429 1914 3486 confertim
1947 3447 2157 3486 cumu-

502 3521 662 3584 latae,
693 3535 832 3576 cum
871 3520 1142 3590 ineptam
1177 3518 1530 3590 jactantiam
1569 3524 1628 3574 et
1668 3519 1986 3576 audaciam
2027 3521 2158 3590 ejus

503 3615 934 3680 represserunt,
975 3613 1104 3664 tum
1143 3606 1516 3664 eversionem
1558 3607 1984 3680 interitumque
2027 3611 2158 3680 ejus

500 3699 757 3770 jamjam
788 3698 1138 3754 adfuturum
1168 3701 1327 3752 certo
1359 3697 1506 3752 satis
1544 3696 1904 3754 indicarunt.
1937 3701 2004 3754 Et
2032 3699 2160 3770 ipse

503 3787 750 3859 quidem
778 3787 1152 3859 expeditione
1176 3785 1390 3842 bellica
1415 3801 1548 3840 cum
1577 3787 1762 3858 copiis
1793 3788 1918 3842 suis
1953 3793 2162 3844 contra

503 3878 706 3933 hostes
749 3881 1049 3948 suscepta,
1079 3875 1347 3948 quotidie
1375 3873 1606 3930 viribus
1637 3875 1877 3931 amissis
1919 3877 2162 3934 inferior

506 3965 734 4022 abibat.
771 3967 833 4019 ln
865 3965 1114 4020 urbibus
1147 3969 1350 4020 autem
1385 3969 1442 4020 et
1462 3963 1608 4020 locis
1633 3964 1866 4036 imperii
1899 3967 1990 4020 sui
2027 3967 2161 4022 reli-

505 4055 640 4126 quis
677 4055 860 4125 pestis
889 4053 1034 4108 fami
1065 4052 1373 4125 implicata
1404 4053 1726 4109 suavissime
1753 4055 2160 4124 grassabatur.

506 4147 692 4200 Tanta
731 4159 910 4214 porro
949 4157 1205 4198 annonae
1243 4147 1370 4197 erat
1415 4147 1472 4197 et
1513 4158 1714 4198 rerum
1756 4145 2164 4201 necessarium

507 4233 780 4304 penuria,
827 4237 888 4287 ut
937 4231 1280 4286 medimnus
1331 4245 1487 4286 unus
1539 4231 1710 4286 tritici
1755 4231 1850 4286 bis
1901 4233 2058 4289 mille
2107 4241 2166 4290 et

509 4322 851 4394 quingentis
869 4320 1174 4376 drachmis
1189 4321 1392 4376 Atticis
1403 4327 1872 4392 compararetur.
1889 4323 2168 4380 Permulti

509 4425 656 4466 sane
680 4411 860 4466 etiam
881 4411 944 4464 in
968 4408 1216 4465 urbibus
1239 4409 1550 4465 cadebant.
1569 4411 1944 4468 Rusticorum
1967 4419 2166 4469 autem

509 4501 614 4573 qui
642 4501 704 4555 in
729 4501 890 4570 agris
923 4499 1142 4554 mortui
1177 4503 1334 4562 sunt,
1367 4499 1686 4554 multitudo
1719 4502 2022 4557 numerari
2049 4519 2166 4558 non

509 4594 761 4661 poterat.
817 4591 882 4644 Et
923 4587 1044 4643 fere
1091 4603 1194 4643 eos
1248 4603 1459 4643 omnes
1507 4603 1669 4644 saeva
1711 4597 2172 4662 consumpserat

509 4679 718 4751 pestis.
751 4678 1028 4733 Nonnulli
1069 4693 1162 4732 res
1201 4677 1314 4732 sibi
1353 4675 1740 4734 charissimas
1771 4679 2171 4751 locupletiori-

513 4767 628 4823 bus
647 4783 832 4840 parvo
853 4767 1026 4839 panis
1041 4766 1262 4822 frustro
1279 4765 1702 4822 divendebant.
1716 4768 1828 4824 Alii
1845 4772 2172 4840 possessio-

511 4857 693 4912 nibus
723 4857 842 4911 suis
873 4856 1038 4926 apud
1068 4855 1386 4911 creditores
1416 4855 1720 4927 depositis,
1755 4859 1832 4912 ad
1867 4875 2172 4916 summam

513 4947 781 5017 inopiam
812 4945 1257 5015 redigebantur.
1279 4947 1457 5002 Erant
1479 4945 1582 5016 qui
1606 4945 1748 5000 faeni
1769 4947 2173 5016 rejectamena

513 5035 912 5098 ruminantes,
933 5041 988 5088 et
1007 5033 1376 5105 perniciosas
1397 5033 1616 5090 herbas
1638 5034 1712 5091 ad
1715 5035 1989 5105 jicientes
2011 5053 2172 5094 emo-

513 5125 839 5180 riebantur.
858 5123 1030 5195 481
1055 5123 1324 5178 Mulieres
1345 5123 1602 5178 honesto
1622 5123 1756 5180 loco
1779 5127 2172 5198 natae,inopia

515 5229 717 5268 rerum
741 5213 1014 5268 omnium
1037 5211 1115 5266 ad
1143 5211 1610 5268 inverecundam
1637 5212 1892 5268 redactae
1919 5217 2172 5271 necessi-

515 5308 722 5370 tatem,
749 5303 810 5357 in
837 5301 966 5358 foro
991 5301 1456 5357 obambulantes
1482 5301 1694 5372 stipem
1719 5303 2166 5370 mendicabant,

515 5393 747 5463 pudore
771 5391 1040 5463 quodam
1070 5397 1126 5446 et
1151 5391 1368 5446 vestitu
1397 5391 1712 5447 mundiore
1738 5391 2052 5462 pristinam
2072 5393 2171 5449 de-

517 5480 788 5536 liciarum
819 5479 1188 5536 aﬁluentiam
1219 5485 1276 5536 et
1303 5479 1634 5536 libertatem
1675 5481 1847 5536 tacite
1877 5483 2171 5554 quodam-

515 5569 700 5626 modo
737 5585 861 5640 praa
901 5586 964 5626 se
1003 5569 1280 5627 ferentes.
1323 5569 1580 5635 Quidam
1613 5569 1820 5643 pallidi
1845 5577 1901 5628 et
1932 5589 2168 5630 summe

2197 4461 2241 4514 D

2269 3165 2437 3215 θύετο.
2490 3162 2649 3215 Ταῦθ’
2711 3163 2840 3234 ὁμοῦ
2897 3165 3068 3217 πάντα
3127 3165 3490 3240 συρρεύσοιντα
3557 3169 3836 3240 ἑπεστὸμιζε

2266 3255 2356 3324 μεν
2385 3251 2560 3322 ἐκείνῳ
2589 3255 2646 3304 τὸ
2681 3253 2868 3324 Θράσος
2902 3272 2916 3286 ⁸
2975 3254 3080 3326 οὐχ
3116 3257 3272 3312 ἧττον
3311 3253 3362 3309 δ’
3411 3257 3602 3329 ἐμήνυε
3645 3263 3727 3309 καὶ
3761 3263 3832 3312 τήν

2267 3343 2387 3393 ὅσον
2417 3341 2560 3394 οὓπω
2613 3341 2860 3413 ἐσομένην
2911 3346 3078 3414 τούτῳ
3127 3353 3518 3420 καταστροφήν.
3565 3353 3664 3401 Καὶ
3707 3347 3834 3404 αὐτὸς

2267 3435 2356 3504 μὲν
2387 3433 2513 3506 ἄρας
2555 3431 2700 3491 ὅλαις
2755 3434 2927 3492 ἡνίαις
2959 3437 3051 3484 συν
3081 3441 3191 3496 τοῖς
3221 3435 3310 3486 ὑπ’
3365 3437 3526 3488 αὐτόν
3581 3441 3834 3510 στρατοπέ-

2272 3517 2387 3582 δοις
2429 3520 2545 3572 καθ’
2596 3522 2790 3594 ἡμέραν
2847 3523 3040 3579 ἡττᾶτο
3075 3540 3088 3551 ·
3147 3527 3264 3584 τοὺς
3321 3522 3372 3576 δ’
3423 3524 3471 3576 ἐν
3517 3533 3630 3588 ταῖς
3667 3526 3836 3582 λοιπαῖς

2270 3611 2429 3663 αὐτοῦ
2471 3613 2672 3684 χώραις
2722 3615 2810 3661 καὶ
2846 3611 3030 3663 πόλεσι
3079 3609 3258 3674 δεινῶς
3294 3616 3318 3664 ὁ
3368 3613 3550 3686 λοιμὸς
3581 3615 3838 3686 συμπλεκο-

2269 3719 2412 3772 μενος
2455 3708 2528 3769 τῷ
2574 3699 2729 3770 λιμῷ,
2761 3703 3041 3758 κατήσθιεν
3073 3700 3437 3777 ἀπηνέστερον.
3480 3709 3584 3758 Καὶ
3621 3711 3836 3755 τοσοῦτον

2270 3793 2318 3842 ἓν
2369 3791 2552 3840 σπάνει
2593 3797 2690 3840 τῶν
2723 3789 3016 3860 ἀναγκαίων
3057 3787 3214 3856 ἦσαν,
3263 3795 3332 3852 ὡς
3397 3802 3569 3865 πυροῦ
3621 3791 3836 3866 μέδιμνον

2272 3877 2401 3932 δυσὶ
2463 3877 2678 3949 χιλιάσι
2741 3883 2829 3930 καὶ
2877 3885 3224 3932 πεντακοσίων
3281 3881 3502 3933 ἀττιχῶν
3569 3881 3840 3934 ἀντικαταὶ·

2269 3968 2564 4020 λάσσεσθαι
2597 3985 2610 3996 ·
2641 3967 2816 4019 πολλοὶ
2849 3971 2939 4038 μὶιν
2967 3965 3056 4019 οὖν
3109 3973 3200 4021 καὶ
3247 3974 3380 4022 κατά
3425 3972 3602 4034 πόλεις
3647 3969 3768 4029 ἦσαν
3803 3989 3838 4019 οι

2272 4061 2542 4116 πίπτοντες
2571 4074 2584 4086 °
2631 4059 2680 4108 οἱ
2739 4053 2789 4108 δ’
2840 4055 3060 4130 ἀγρόται
3103 4065 3192 4110 καὶ
3221 4063 3356 4112 κατὰ
3391 4067 3578 4133 κώμας
3607 4067 3694 4112 καὶ
3719 4061 3840 4132 ἀριθ-

2274 4151 2376 4220 μοῦ
2431 4151 2716 4216 κρείττους.
2769 4145 2852 4206 ⁸ος
2888 4149 3088 4209 πάντας
3141 4145 3336 4220 σχεδὸν
3377 4159 3482 4210 τοῖς
3517 4152 3718 4222 ἀγρίοις
3751 4147 3838 4200 διε-

2277 4237 2504 4308 φθάρθαι
2546 4235 2764 4307 λοιμοῖς.
2814 4238 2878 4287 Οἱ
2925 4240 3014 4308 μεν
3045 4233 3131 4288 οὖν
3179 4245 3286 4300 τοίς
3311 4236 3468 4296 δῆθεν
3501 4241 3838 4314 εὐπορωτέροις

2275 4329 2342 4376 τὰ
2367 4323 2560 4376 ἑαυτῶν
2591 4324 2810 4396 φίλτατα
2857 4323 3202 4396 βραχυτάτου
3237 4331 3462 4400 τρυφους
3495 4325 3531 4381 δ
3537 4334 3800 4402 ιέπρασσον
3827 4343 3838 4356 ·

2277 4417 2326 4466 οἱ
2383 4410 2442 4465 δὲ
2481 4417 2566 4473 τὰς
2615 4419 2826 4476 κτήσεις
2875 4417 3294 4487 παρατιθέμενοι,
3353 4416 3580 4490 ἀπορίας
3637 4419 3706 4478 εἰς
3751 4417 3842 4467 τοί-

2279 4507 2517 4574 σχατοῆν
2542 4502 2746 4554 λαυνον.
2787 4503 2957 4554 Ἦσαν
3003 4501 3052 4555 δ’
3081 4507 3132 4556 οῖ
3161 4509 3249 4556 καὶ
3287 4509 3483 4577 χόρτου
3517 4507 3842 4581 σπαράγματα

2276 4613 2394 4645 τινα
2445 4589 2896 4664 διαμασσωμενοι,
2937 4597 3028 4644 καὶ
3079 4599 3206 4655 πόας
3239 4593 3502 4666 ὀλεθρίους
3555 4601 3842 4670 προσφέρον-

2276 4702 2378 4746 τες,
2413 4677 2784 4754 διεφθείροντο.
2837 4681 3000 4734 ““Οσαι
3059 4679 3118 4734 δὲ
3165 4692 3264 4736 τῶν
3305 4681 3356 4735 εὖ
3401 4689 3580 4754 ⁸γένους
3623 4683 3752 4742 ἦσαν
3773 4703 3844 4752 γν-

2276 4779 2467 4836 ναῖκες,
2517 4779 2588 4840 τῷ
2648 4769 2858 4844 ἀπορεῖν
2895 4771 2966 4833 εἰς
3014 4769 3366 4844 ἀναίσχυντον
3419 4773 3652 4844 ἀνάγκην
3681 4773 3844 4825 Elatia-

2282 4881 2393 4926 σαι,
2428 4859 2524 4911 ἀνά
2579 4861 2668 4920 τὰς
2721 4857 2918 4932 ἀγορὰς
2975 4860 3171 4926 ἰοῦσαι,
3229 4869 3522 4936 προήγοντο
3577 4867 3842 4934 μεταιτεῖν·

2281 4947 2426 5002 αἰδοῖ
2458 4970 2560 5001 τινι
2593 4955 2682 5000 καὶ
2711 4958 2783 5020 τῷ
2825 4955 2942 5021 περὶ
2993 4956 3087 5008 τὴν
3143 4949 3398 5009 ἀναϐολὴν
3452 4957 3662 5024 κοσμίῳ
3709 4951 3848 5022 ἠρέμα

2279 5061 2386 5100 πως
2428 5041 2486 5090 τὸ
2515 5039 2678 5090 πάλαι
2725 5045 2814 5098 τῆς
2847 5047 3046 5112 τρυφῆς
3095 5039 3378 5113 ἐλευθέριον
3427 5049 3844 5112 σκιαγραςνουσαι.

2281 5133 2382 5181 Καὶ
2437 5130 2485 5180 οἱ
2514 5131 2603 5199 μὲν
2634 5129 2803 5200 ὠχροὶ
2841 5133 2932 5179 καὶ
2963 5128 3030 5188 εἰς
3064 5129 3222 5203 ἀκρον
3271 5129 3672 5194 ἀπεσκληκοτες,
3701 5131 3844 5198 ὥσπερ

2279 5215 2471 5269 εἶδωλά
2519 5235 2632 5269 τινα
2703 5225 2773 5286 τῷ
2833 5216 3043 5288 ἀπορεῖν
3095 5221 3229 5270 ἔνθεν
3287 5219 3519 5271 κάκεῖθεν
3565 5218 3842 5290 ἐνσειόμενοι

2281 5311 2370 5358 καὶ
2419 5304 2874 5370 διολισθαίνοντες,
2917 5313 3128 5379 πρηνεῖς
3171 5306 3254 5362 ἐπὶ
3319 5317 3418 5360 τῶν
3467 5305 3714 5380 ἀμφοδίου
3775 5323 3842 5354 xs-

2279 5401 2544 5462 τέπιπτον,
2601 5397 2778 5456 πάσης
2836 5397 3020 5466 ἔρημοι
3090 5395 3382 5467 βοηθείαςι
3435 5401 3564 5468 πρὸς
3623 5399 3672 5448 ἓν
3721 5411 3840 5466 μονον

2281 5481 2525 5559 ἀμυδρῶς
2569 5485 2942 5548 εὖσθενοῡντες,
2997 5487 3066 5544 ὡς
3119 5484 3250 5556 βοᾲν
3305 5485 3490 5548 ἐξεῖναι
3545 5491 3698 5558 μόνον
3763 5501 3842 5534 πει·

2277 5583 2367 5648 νῇν
2399 5593 2412 5604 ⁸
2468 5579 2557 5626 καὶ
2605 5570 2839 5647 ὀδυνηρᾷ
2893 5581 2954 5644 τῇ
3005 5583 3140 5645 φωνῇ
3199 5577 3384 5648 τρύφος
3441 5582 3638 5650 τροφῆς
3679 5573 3838 5647 ἀΡέἸενθ
