4016 6224
243 296 389 353 1269

1339 290 1906 354 ΕΟΟΕΕΞῙΑΒΤΙΟᾹΞ
1945 289 2311 356 ΗῘΞΤΟΗΙΑΞ
2350 300 2482 356 LIB.
2522 301 2632 356 VII.

3459 302 3602 362 H70

241 417 594 490 καταδεῖσθαι
632 425 754 488 τοὺς
796 422 1098 498 παριόντας.
1128 423 1289 477 ’Ὁσοι
1317 441 1375 496 γε
1412 427 1516 496 μὴν
1571 421 1716 496 εἶχον
1743 419 1821 482 δῆι

1952 421 2273 491 macilenti,
2319 427 2566 500 perinde
2599 431 2782 500 atque
2811 427 3134 486 simulacra
3165 430 3470 503 quadam,
3506 443 3603 489 re-

245 514 330 565 θεν
385 512 613 588 εὐπόρως
692 513 821 582 πρὸς
887 517 945 566 τὸ
1015 510 1214 576 πλῆθος
1287 511 1707 586 ἀπαγορεύοντες,
1765 517 1838 582 τῷ

241 598 410 655 πολλὰ
448 610 771 677 παρασχεῖν,
827 601 1045 675 ὕστερον
1089 605 1180 656 καὶ
1236 601 1382 655 αὐτοὶ
1421 601 1492 664 εἰς
1541 601 1712 660 ἀπηνῆ
1765 597 1841 653 λι-

238 695 340 764 μὸν
375 688 630 766 ἐχώρουν,
689 695 756 746 τὰ
795 697 892 746 ἴσα
945 697 1245 765 πάσχοντες
1277 709 1291 722 ·
1345 694 1435 745 καὶ
1487 690 1840 764 ἀπανθρώπως

237 775 513 846 διέκειντο,
559 781 626 845 ὡς
681 785 771 835 καὶ
826 781 1096 844 πλείσταις
1134 780 1213 854 ἐφ’
1257 784 1480 856 ἡμέραις
1527 779 1838 851 ἁπανταχοῦ

235 873 395 945 νεκρά
461 874 551 924 καὶ
627 871 802 944 γυμνὰ
879 876 1100 942 σώματα
1151 870 1430 946 ἰρριμμένα
1498 869 1838 944 οἰκτροτάτην

239 956 359 1012 θέαν
385 967 492 1022 τοίς
543 961 619 1013 ἔτι
667 961 804 1022 ζῶσι
834 963 1104 1034 παρέχειν.
1144 957 1288 1018 Ἤδη
1331 957 1391 1012 δέ
1420 977 1553 1020 τινες
1581 963 1672 1010 καὶ
1712 961 1838 1010 κυσὶ

233 1050 475 1123 τράπεζα
511 1051 815 1124 προῦκειντο
847 1061 860 1080 ⁸
895 1049 955 1102 οὗ
996 1046 1160 1124 χάριν
1200 1053 1290 1102 καὶ
1331 1056 1431 1101 τῶν
1487 1053 1650 1100 κυνῶν
1678 1047 1837 1110 πολύς

233 1157 321 1199 τις
368 1133 430 1196 ἦν
465 1139 628 1211 φόνος,
673 1131 778 1192 δέει
825 1144 917 1192 τοῦ
953 1143 1024 1211 μὴ
1080 1139 1446 1198 λυσσήσαντας
1503 1135 1838 1212 ἀνθρωποφα-

229 1229 356 1299 γίαν
397 1224 754 1300 ἐργάσασθαι.
791 1225 850 1282 Ὀ
895 1224 955 1281 δι
979 1225 1158 1301 λοιμὸς
1197 1227 1312 1280 κατ’
1356 1228 1532 1288 οἴκους
1574 1228 1831 1299 χορεύων,

235 1316 436 1379 πάντας
479 1314 719 1370 ἐϐόσκετο
749 1325 761 1348 ‘
803 1317 1034 1391 μάλιστα
1076 1312 1134 1370 δὲ
1179 1325 1278 1368 τῶν
1323 1316 1549 1390 εὐπόρων
1590 1317 1781 1374 ἥπτετο
1812 1331 1828 1346 ⁸

235 1410 309 1478 μὴ
371 1409 475 1480 γὰρ
521 1415 592 1478 τῷ
661 1406 812 1482 ἑτέρῳ
869 1407 1003 1478 λιμῷ
1087 1403 1461 1482 ἐκτριϐόμενοι,
1527 1403 1682 1468 ὀξέως
1731 1406 1832 1458 ὑπὸ

237 1494 454 1569 θατέρου
493 1495 684 1568 μᾶλλον
723 1492 759 1549 δ
765 1491 1030 1552 ιώλλυντο.
1065 1495 1312 1569 Οἱμωγῆς
1339 1499 1464 1566 γοῦν
1503 1489 1638 1554 ἦσαν
1667 1497 1835 1549 πάντα

228 1586 424 1655 μεστὰ,
464 1590 554 1637 καὶ
581 1577 716 1638 οἶκοι
768 1589 858 1638 καὶ
888 1581 1130 1638 πλατεῖαι
1154 1589 1244 1638 καὶ
1284 1583 1491 1658 ἀγοραί.
1537 1585 1740 1658 Θρῆνὸς
1778 1601 1832 1638 τε

227 1671 546 1746 ἁπανταχού
575 1677 665 1727 καὶ
709 1674 827 1727 otiati
865 1675 997 1746 μετὰ
1043 1682 1144 1727 τῶν
1177 1676 1416 1732 συνήθων
1465 1673 1633 1725 αὑλων
1658 1690 1712 1726 τε
1741 1677 1831 1726 καὶ

1949 526 2084 570 rum
2109 516 2381 572 omnium
2408 517 2603 588 egeni,
2630 515 2770 574 hinc
2794 523 2850 574 et
2875 517 3013 574 inde
3041 519 3386 577 oberrantes
3416 523 3600 594 atque

1947 603 2273 676 lapsantes,
2305 606 2480 677 proni
2509 606 2570 662 in
2599 605 2789 662 triviis
2823 606 2968 678 ipsis
3000 608 3424 676 concidebant,
3455 611 3598 667 sub-

1949 691 2084 749 sidii
2109 694 2304 750 omnis
2329 699 2600 767 expertes
2626 711 2640 751 :
2673 700 2731 751 et
2758 696 2836 752 ad
2866 696 2982 752 hoc
3012 709 3199 753 unum
3231 711 3390 769 aegre
3415 698 3599 768 firmi,

1951 783 2016 839 ut
2040 781 2206 840 fame
2234 797 2299 839 se
2328 783 2519 856 premi
2551 788 2923 850 testarentur,
2958 785 3424 860 miserandaque
3450 799 3599 846 vooe

1949 884 1986 928 a
2030 872 2524 944 prmtereuntibus
2569 872 2686 929 cibi
2729 872 2989 930 frustum
3031 875 3147 931 sibi
3177 875 3600 952 prseberisup-

1947 960 2174 1034 pliciter
2197 965 2478 1034 peterent.
2500 961 2938 1034 Locupletiores
2959 975 3138 1035 porro
3160 971 3408 1038 prapter
3429 979 3598 1025 men-

1945 1049 2276 1106 dicantium
2316 1050 2757 1107 multitudinem
2794 1048 3202 1124 desperantes,
3235 1066 3375 1111 cum
3405 1055 3596 1114 multa

1946 1141 2030 1196 eis
2073 1139 2267 1210 largiti
2299 1145 2515 1206 essent,
2555 1137 2801 1196 tandem
2831 1145 2886 1196 et
2927 1141 3041 1213 ipsi
3070 1141 3130 1197 in
3163 1157 3384 1201 sinvam
3415 1143 3596 1202 famis

1941 1227 2341 1300 indigentiam
2365 1227 2814 1301 perveniebant,
2843 1233 2902 1285 et
2929 1242 3068 1286 cum
3099 1231 3312 1288 eadem
3341 1245 3480 1305 qum
3511 1235 3600 1292 in-

1943 1317 2226 1390 digentes
2242 1321 2603 1390 paterentur,
2626 1329 2750 1374 non
2773 1319 2916 1374 satis
2940 1319 3279 1377 humaniter
3306 1336 3442 1380 eam
3468 1335 3596 1382 sor-

1942 1409 2060 1464 tem
2088 1407 2378 1464 ferebant.
2407 1405 2681 1464 Plurimis
2702 1418 2844 1478 ergo
2869 1408 3084 1465 diebus
3105 1410 3273 1468 nuda
3295 1412 3596 1473 cadavera

1941 1497 2170 1570 passim
2211 1497 2496 1568 jacentis,
2543 1497 2950 1553 miserrimum
3004 1493 3206 1554 adhuc
3255 1496 3594 1562 viventibus

1941 1585 2254 1658 praebuere
2282 1585 2714 1658 spectaculum.
2744 1587 2876 1642 iam
2917 1587 3189 1643 nonnulli
3219 1589 3400 1647 etiam
3431 1595 3595 1648 cani-

1940 1674 2055 1730 bus
2091 1687 2230 1731 esca
2265 1679 2433 1732 erant
2465 1691 2477 1730 :
2511 1673 2686 1746 cujus
2716 1675 2801 1731 rei
2831 1676 3021 1746 gratia
3054 1674 3334 1748 frequens
3365 1692 3590 1738 canum

226 1773 442 1822 κτύπων
495 1772 730 1830 ἠκούετο.
783 1775 900 1833 Τοῖς
967 1767 1026 1824 δὲ
1083 1769 1212 1824 δυσὶ
1262 1774 1464 1833 τούτοις
1530 1770 1703 1832 ὅπλοις
1758 1776 1821 1844 τῷ

1940 1764 2136 1820 οωάεε
2165 1763 2366 1834 ﬂebat,
2395 1763 2567 1836 quod
2587 1744 2789 1820 metus
2817 1744 2998 1832 esset,
3029 1779 3104 1822 ne
3134 1744 3217 1822 illi
3255 1767 3315 1823 in
3359 1769 3592 1827 rabiem

226 1856 367 1931 λιμῷ
425 1879 480 1913 τε
517 1859 628 1932 ἅμα
681 1866 772 1914 καὶ
825 1867 896 1932 τῷ
946 1859 1110 1934 λοιμῷ
1157 1862 1478 1934 στρατεύσας
1521 1861 1547 1912 6
1587 1857 1826 1926 θάνατος,

227 1951 406 2000 πᾶσαν
469 1941 639 2022 ἄρδην
714 1951 808 2009 τὴν
873 1953 988 2003 τότε
1053 1949 1229 2022 γενεὰν
1292 1949 1593 2023 ἓξεθέρισεν.
1643 1946 1727 2011 Ὠς
1779 1944 1829 2001 ἓν

224 2035 404 2108 ταυτῷ
459 2039 679 2107 σώματα
735 2037 954 2092 πλεῖστα
1007 2039 1332 2114 ἐκφέρεσθαι,
1369 2039 1460 2090 καὶ
1509 2043 1676 2112 μυρία
1711 2037 1828 2091 τού-

223 2144 330 2177 των
378 2125 706 2186 καθεκοίστην
763 2125 892 2181 εἶναι
939 2125 1005 2180 τὰ
1054 2124 1404 2200 πολυάνδρια,
1455 2129 1684 2181 Τοιαῦτα
1731 2134 1828 2190 τῆς

223 2210 568 2288 μεγαλαύχου
615 2216 802 2290 ψυχῆς
853 2216 1146 2290 Μαξιμίνου
1185 2224 1284 2268 τῶν
1328 2213 1444 2268 καθ’
1475 2213 1620 2288 ἡμῶν
1649 2232 1824 2292 γραμ-

221 2303 405 2376 μάτων
462 2306 630 2358 εἵπετο
685 2309 751 2358 τὰ
815 2305 1080 2379 ἐπίχειρα,
1128 2311 1430 2363 Τηνικαῡτα
1478 2301 1538 2358 δὲ
1593 2309 1683 2358 καὶ
1728 2311 1825 2368 τῆς

221 2393 372 2465 ἡμῶν
450 2393 742 2458 θεοσεϐείας
791 2394 970 2448 πολλοὶ
1034 2389 1346 2468 παρέδειξαν
1415 2397 1482 2446 τὰ
1541 2401 1818 2470 τεκμήρια.

218 2481 324 2534 Τὸν
373 2485 474 2557 γὰρ
550 2481 908 2558 φιλάνθρωπον
975 2487 1163 2556 τρόπον
1220 2479 1648 2556 ἐπιδεικνύμενοι,
1705 2488 1822 2546 τοὺς

219 2573 313 2644 μεν
373 2572 600 2645 ἀτάφους
651 2569 1003 2648 ἐρριμμένους,
1035 2577 1214 2646 μυρίοι
1269 2563 1326 2625 δὲ
1376 2567 1533 2638 ἦσαν,
1572 2570 1821 2644 ἐπιμελῶς

221 2659 444 2712 ἔθαπτον
477 2680 490 2692 ο
533 2663 581 2713 οἱ
633 2657 693 2714 δὲ
745 2665 861 2723 τοὺς
905 2667 994 2715 τοῦ
1053 2659 1208 2734 λιμοῦ
1255 2666 1578 2735 τραυματίας
1630 2662 1713 2735 ὑφ’
1772 2661 1821 2714 ἔν

220 2747 568 2820 ἀθροίζοντες,
641 2751 829 2825 ἄρτους
901 2745 967 2809 δή
1041 2770 1184 2812 τινας
1249 2754 1338 2802 καὶ
1399 2755 1590 2822 τροφὴν
1647 2748 1820 2825 ἑτέραν

223 2835 598 2912 ἐπεχορήγουν,
635 2841 704 2900 ὡς
731 2841 760 2898 ἡ
797 2845 917 2914 χεὶρ
967 2840 1182 2912 εὔπορος
1225 2835 1321 2898 ἦν,
1386 2837 1667 2892 Κάντεῦθεν
1697 2836 1822 2893 πολ-

219 2926 310 2985 λήν
366 2947 482 2980 τινα
536 2931 626 2980 καὶ
657 2928 862 3001 μακρὰν
917 2933 1011 2988 τὴν
1042 2933 1216 3002 φήμην
1256 2923 1590 3003 διαδραμεῖν,
1619 2932 1684 2990 ὡς
1729 2935 1820 2983 καὶ

213 3020 406 3089 μόνους
460 3017 710 3080 θεοσεϐεῖς
756 3019 893 3091 ἡμᾶς
921 3025 1020 3071 τῶν
1073 3015 1237 3070 ἄλλων
1277 3017 1568 3090 ὁμολογεῖν,
1597 3021 1688 3072 καὶ
1731 3021 1818 3072 τὸν

211 3107 394 3180 ἔφορον
447 3115 548 3159 τῶν
597 3113 928 3181 Χριστιανῶν
979 3101 1218 3170 δοξάζειν
1267 3111 1521 3180 Χριστὸν.
1570 3107 1666 3160 Ὧν
1695 3104 1816 3168 δῆτ’

207 3195 631 3268 ἐπιτελουμένων,
693 3197 719 3248 6
775 3204 874 3248 τῶν
929 3199 1196 3271 σωτηρίων
1253 3197 1373 3257 Θεὸς
1432 3195 1458 3248 6
1507 3195 1816 3273 ὑπέρμαχος

205 3290 305 3338 καὶ
363 3287 605 3358 ἡμέτερος
675 3279 940 3358 κηδεμὼν,
987 3283 1062 3346 οἷς
1113 3281 1186 3346 είς
1245 3281 1397 3339 αὐτὸν
1449 3291 1816 3359 πεπαρῳνὴκε-

208 3394 334 3438 σαν,
367 3369 459 3426 διὰ
509 3383 604 3436 τῆς
645 3378 775 3447 πρὸς
831 3377 966 3447 ἡμᾶς
995 3376 1210 3447 ἔχθρας,
1241 3378 1330 3434 τὴν
1377 3371 1569 3428 οἰκείαν
1618 3371 1816 3448 ἀγανά-

206 3483 402 3520 κτησιν
479 3457 800 3536 παραδείξας
869 3471 984 3525 ταῖς
1047 3472 1144 3516 τῶν
1231 3457 1560 3522 δηλωθέντων
1633 3461 1813 3518 δεινῶν

204 3550 430 3624 ἀθρόαις
495 3549 814 3624 ἐπαγωγαῖς,
871 3547 1018 3612 αὖθις
1076 3549 1298 3624 φαιδρὸν
1353 3553 1459 3604 οἷον
1523 3554 1648 3625 ἡμῖν
1705 3553 1814 3607 ἐπέ-

201 3639 382 3712 λαμπε
460 3645 576 3703 ταῖς
657 3642 870 3700 οἰκείαις
930 3643 1216 3714 προνοίαις,
1297 3641 1362 3701 ὡς
1431 3637 1484 3704 ἐξ
1563 3639 1813 3715 asper/706;

203 3731 448 3793 σκότους,
507 3737 614 3802 φῶς
657 3728 884 3804 ἄρρητον
958 3728 1222 3801 εἰρηνικῆς
1289 3745 1661 3790 καταστασεως
1712 3747 1812 3782 πα-

198 3819 534 3890 ρασχέσθαι,
590 3821 678 3870 καὶ
737 3818 934 3890 ἐμφανῆ
987 3837 1046 3888 γε
1100 3824 1233 3871 πᾶσι
1289 3819 1646 3870 καθίστασθαι
1679 3823 1810 3873 Θεὸν

201 3905 366 3960 αὑτὸν
411 3909 548 3960 ἐσαεὶ
602 3909 693 3960 καὶ
735 3905 965 3965 ἔπόπτην
1009 3901 1269 3960 εἶναιτῶν
1298 3906 1415 3960 καθ’
1460 3907 1596 3979 ἡμᾶς
1643 3925 1812 3982 πραγο

201 3997 406 4070 μάτων,
456 3997 682 4069 μάστιγι
746 4001 1015 4069 χρώμενον
1091 3994 1142 4049 ἐν
1228 4003 1394 4068 καιρῷ
1450 3997 1810 4069 περιστάσεων

197 4091 302 4146 τῆς
359 4093 456 4138 τῶν
523 4083 724 4138 οἰκείων
781 4083 1098 4158 ἐπιστροφῆς
1157 4087 1343 4138 ἕνεκαο
1403 4084 1534 4158 μετά
1598 4103 1658 4158 γε
1706 4092 1810 4159 μὴν

198 4181 302 4234 τὴν
361 4173 683 4250 ἀποχρῶσαν
735 4168 982 4226 παιδείαν
1036 4175 1178 4227 ἵλεων
1216 4173 1466 4248 ἐνορῶντα
1494 4177 1584 4228 καὶ
1619 4193 1809 4250 πατρι-

1937 1853 2074 1917 acti,
2105 1853 2388 1910 humanas
2419 1853 2616 1910 carnis
2646 1853 2782 1910 cibo
2812 1855 3222 1912 assueﬂerent.
3254 1857 3594 1916 Pestilentia

1936 1954 2078 1998 vero
2093 1940 2310 1998 domos
2325 1943 2494 2014 ipsas
2509 1953 3080 2015 peragrans,omnes
3097 1945 3400 2017 carpebat,
3411 1953 3592 2021 atque

1934 2029 1998 2088 in
2031 2030 2242 2104 primis
2273 2031 2519 2088 ditiores
2555 2031 2929 2088 conﬁciebat.
2963 2035 3026 2090 Et
3055 2045 3211 2106 quos
3240 2029 3431 2092 {ames
3465 2048 3590 2094 non

1935 2122 2310 2187 euecaVerat,
2363 2133 2468 2177 eos
2517 2121 2869 2191 contagiosa
2912 2116 3094 2193 pestis
3148 2123 3279 2179 lues
3325 2124 3586 2184 tollebat.

1935 2207 2142 2282 Itaque
2159 2208 2481 2280 gemitibus
2497 2209 2707 2265 omnia
2721 2209 2901 2281 plena
2917 2223 3068 2274 esse,
3090 2210 3333 2278 domus,
3352 2213 3588 2286 plateas,
3626 2279 3628 2281 ς

1932 2297 2083 2364 fora,
2113 2295 2308 2354 luctus
2331 2297 2577 2372 ubique,
2610 2301 2668 2354 et
2693 2299 2822 2354 vasi
2851 2311 2990 2355 cum
3019 2299 3207 2356 solitis
3237 2301 3463 2359 doloris
3489 2315 3592 2361 vo-

1933 2385 2378 2444 ciferationibus
2401 2391 2458 2444 et
2485 2387 2827 2460 planctibus
2853 2389 3310 2446 exaudiebatur.
3344 2392 3411 2448 Et
3439 2393 3588 2450 dua-

1929 2475 2048 2533 bus
2080 2475 2246 2532 hisce
2285 2477 2458 2548 quasi
2500 2477 2839 2545 armaturis,
2882 2476 3044 2534 fame
3087 2483 3147 2533 et
3188 2485 3374 2551 peste,
3419 2493 3586 2540 mors

1929 2572 2064 2640 ipsa
2097 2564 2480 2638 depugnans,
2527 2565 2976 2636 generationem
3016 2574 3073 2622 et
3114 2568 3408 2639 populum
3449 2571 3580 2642 ejus

1931 2655 2217 2728 temporis
2271 2654 2392 2711 fere
2446 2666 2692 2710 omnem
2753 2655 3010 2711 sustulit.
3071 2655 3417 2730 Eademque
3485 2659 3583 2718 die

1929 2759 2116 2818 quam
2134 2743 2396 2816 plurima
2417 2743 2818 2801 efferebantur
2837 2743 3153 2812 cadavera,
3181 2749 3240 2802 et
3262 2747 3584 2806 innumera

1929 2835 2197 2907 quotidie
2243 2831 2464 2890 ﬂebant
2513 2835 2807 2905 sepulcra.
2859 2835 2994 2890 Hec
3039 2837 3497 2894 auctoramenta
3525 2842 3583 2894 et

1927 2923 2199 2997 pramia,
2248 2923 2442 2979 edicta
2486 2925 2696 2979 contra
2724 2934 2834 2980 nes
2877 2924 3184 2996 proposita
3227 2923 3478 2994 gloriosi
3525 2931 3582 2984 et

1849 3043 1892 3100 ρ
1930 3013 2264 3100 arrogantis
2295 3011 2600 3068 Maximini
2631 3017 2772 3068 sunt
2808 3018 3152 3068 consecuta.
3189 3015 3319 3079 Qua
3352 3018 3584 3086 tempe~

1929 3106 2081 3160 state
2137 3099 2308 3158 multi
2365 3105 2714 3157 nostrorum
2764 3099 3084 3157 hominum
3138 3101 3384 3172 egregia
3428 3115 3579 3161 veras

1926 3190 2162 3265 pietatis
2218 3205 2343 3247 suae
2399 3190 2635 3247 edidere
2686 3189 3072 3247 documenta.
3122 3191 3580 3250 Humanitatem

1925 3282 2088 3338 enim
2113 3295 2288 3338 suam
2317 3278 2708 3346 deciarantes,
2743 3279 3041 3336 cadavera
3069 3293 3205 3353 qua:
3235 3281 3466 3352 passim
3491 3283 3579 3338 in-

1925 3367 2160 3444 sepulta
2174 3369 2457 3442 jacebant
2477 3369 2670 3442 (erant
2685 3383 2756 3425 ea
2771 3382 2960 3441 quam
2977 3368 3260 3442 plurima)
3275 3383 3415 3426 cum
3433 3383 3578 3428 cura

1925 3459 2332 3534 sepeliebant:
2365 3473 2520 3532 quos
2557 3471 2700 3514 vero
2725 3458 2916 3514 {ames
2965 3463 3258 3524 vexaseet,
3303 3460 3388 3514 eis
3436 3473 3577 3516 con-

1923 3550 2184 3621 gregatis
2222 3563 2412 3622 panes
2445 3547 2847 3618 alimentaque
2883 3546 3002 3603 alia
3040 3546 3410 3618 praebebant,
3463 3559 3574 3620 pro

1921 3639 2270 3696 facultatum
2294 3634 2516 3692 scilicet
2535 3635 2730 3708 copia.
2760 3635 2925 3691 Unde
2950 3633 3127 3704 longe
3151 3635 3389 3707 lateque
3410 3635 3575 3694 fama

1921 3727 2168 3784 celebris
2197 3725 2273 3781 de
2301 3723 2478 3780 nobis
2509 3723 2770 3794 Vulgata,
2806 3722 2986 3796 482
3018 3737 3154 3796 quae
3185 3737 3258 3780 ex
3287 3725 3574 3781 omnibus

1921 3813 2050 3874 aliis
2107 3811 2456 3872 hominibus
2506 3826 2662 3868 veras
2718 3812 2956 3885 pietatis
3014 3811 3330 3886 cultusque
3381 3812 3573 3872 divini

1918 3903 2162 3962 laudem
2191 3899 2368 3960 nobis
2401 3902 2622 3968 tribuit,
2665 3905 2724 3958 et
2763 3900 3232 3958 Christianorum
3272 3903 3572 3975 inspecto-

1919 4009 2046 4051 rem
2084 3999 2542 4066 curatoremque
2581 3990 2878 4048 Christum
2924 3990 3244 4062 magniﬁce
3279 3988 3569 4050 laudavit.

1920 4082 2193 4142 Cladibus
2228 4081 2354 4138 istis
2393 4079 2666 4154 peractis,
2705 4079 2914 4136 salutis
2954 4083 3128 4147 Deus,
3170 4083 3329 4136 tutor
3367 4085 3424 4137 et
3459 4093 3572 4154 pro

1917 4175 2218 4248 pugnator
2252 4173 2476 4237 noster,
2519 4173 2766 4226 ostensa
2798 4169 2944 4226 satis
2985 4173 3042 4225 et
3079 4169 3344 4226 exhibita
3383 4169 3472 4228 ira
3514 4175 3572 4229 et

197 4268 316 4330 κὸν,
387 4265 466 4326 οἷς
525 4268 656 4338 πρὸς
711 4263 867 4316 αὐτὸν
929 4265 996 4316 τὰ
1051 4271 1145 4325 τῆς
1203 4261 1416 4326 ἐλπίδος
1475 4263 1804 4342 ἐστήρικται.

1943 4261 2328 4334 ndignatione
2351 4275 2480 4328 sua,
2505 4275 2611 4333 per
2633 4274 2736 4316 eas
2750 4273 2904 4332 quas
2918 4258 3215 4316 cumulate
3235 4259 3573 4318 immiserat

191 4353 380 4416 Ὅπως
412 4349 472 4405 δὲ
499 4361 651 4404 τοῦτο
682 4361 851 4424 σοφῶς
881 4348 1208 4425 διῳκήσατο,
1248 4354 1384 4406 ἔνθεν
1415 4348 1531 4427 ἐρῶ.

1935 4353 2308 4418 :aiamitaies,
2349 4353 2593 4423 propter
2630 4347 3031 4424 pertulantem
3074 4348 3568 4422 temerariamque

193 4443 257 4500 ei
290 4440 515 4498 illatam
550 4439 854 4512 injuriam,
900 4447 1333 4514 susceptasque
1371 4443 1662 4498 adversus
1703 4457 1814 4501 nos
1847 4440 2208 4508 inimicitias,
2249 4437 2630 4512 providentia
2663 4453 2772 4496 sua
2804 4437 3033 4495 laetiora
3075 4437 3253 4495 nobis
3282 4437 3572 4508 effulgere

188 4537 475 4603 tempora
506 4529 664 4595 fecit,
691 4531 747 4586 et
781 4535 916 4602 post
947 4531 1170 4586 densas
1211 4532 1486 4586 tenebras
1516 4532 1712 4588 lucem
1745 4531 2110 4591 ineﬂ‘abiiem
2145 4535 2370 4603 pacatae
2401 4524 2845 4602 tranquillitatis
2874 4527 3148 4600 praebuit.
3183 4529 3262 4583 Eo
3301 4528 3566 4599 profecto

188 4627 470 4692 tempore
505 4623 664 4674 certo
703 4617 1076 4678 declaratum
1119 4625 1229 4685 est,
1271 4619 1459 4675 Deum
1502 4621 1702 4693 ipsum
1742 4626 2139 4695 spectatorem
2178 4625 2235 4676 et
2285 4615 2730 4675 moderatorem
2772 4631 2902 4674 esse
2946 4631 3150 4673 rerum
3197 4619 3562 4685 nostrarum,

187 4709 304 4783 qui
327 4707 571 4781 quidem
600 4705 837 4779 ﬂagello
868 4707 929 4763 in
959 4705 1403 4775 afﬂictionibus,
1437 4711 1844 4767 conversionis
1869 4708 2392 4784 castigationisque
2425 4722 2678 4765 suorum
2709 4706 2924 4780 gratia,
2951 4705 3133 4763 utitur
3169 4729 3182 4761 :
3211 4707 3567 4764 coercitione

186 4801 403 4856 autem
440 4801 496 4853 et
538 4795 711 4868 quasi
762 4794 1100 4868 disciplina,
1147 4812 1256 4869 pro
1302 4811 1372 4854 eo
1411 4803 1588 4870 atque
1631 4799 1800 4856 decet
1849 4803 1906 4858 et
1953 4797 2208 4872 expedit,
2252 4803 2516 4872 peracta,
2566 4796 3019 4870 perhumaniter
3067 4799 3122 4854 et
3169 4801 3416 4869 paterne
3459 4811 3565 4853 eos

180 4886 458 4958 respicit,
497 4883 603 4959 qui
655 4900 826 4957 spem
872 4885 1079 4942 salutis
1121 4885 1363 4944 ﬁrmam
1409 4883 1470 4943 in
1513 4901 1584 4944 eo
1630 4884 1987 4948 collocatam
2033 4889 2276 4946 habent.
2323 4884 2852 4956 Quemadmodum
2901 4891 3104 4943 autem
3149 4885 3212 4942 id
3261 4886 3568 4960 sapienter

184 4991 445 5052 prorsus
473 4973 856 5048 disposuerit,
885 4979 941 5032 et
976 4974 1194 5042 fecerit,
1223 4973 1418 5032 dicere
1450 4973 1738 5050 deinceps
1769 4977 2072 5036 constitui.

755 5087 760 5090 ’
788 5087 1035 5140 ΚΕΦΑΛ.
1079 5085 1209 5142 ΚΘ’.

187 5195 298 5254 Ὠς
327 5194 353 5244 6
382 5196 583 5264 μέγας
625 5198 1106 5269 Κωνσταντῖμνος
1135 5198 1242 5246 τὸν
1271 5197 1328 5246 ἐν
1356 5193 1562 5268 Ῥώμη
1596 5216 1799 5269 τυραν-

273 5273 504 5316 νοῦντια
568 5263 925 5326 Μαξέντιον
994 5263 1798 5334 ἐτροπωσατο⁶’ὄπην’ίκα

271 5339 384 5413 καὶ
423 5340 526 5388 τὸν
565 5336 736 5413 θεῖον
779 5339 1059 5409 σταυρὸν
1099 5343 1704 5413 κατηστερισμένον
1746 5342 1794 5397 ἐν

273 5407 520 5482 οὐρανῷ
561 5407 896 5462 ἐθεάσατο.

270 5511 405 5586 Εἶχε
456 5517 546 5584 μὲν
600 5511 684 5566 ἐπὶ
739 5513 943 5585 Ῥώμης
1019 5513 1077 5566 τὸ
1130 5516 1359 5573 ὑπηκοον
1416 5516 1664 5593 ἐκτρίϐων
1715 5519 1800 5580 αἶς

194 5612 372 5680 μικρῷ
423 5603 648 5676 πρόσθεν
701 5601 978 5680 εἰρήκαμεν
1035 5603 1450 5679 αἰσχρουργίαις
1497 5606 1794 5674 Μαξέντιος,

2520 5083 2754 5144 CAPUT
2777 5083 2958 5143 XXIX.

1915 5198 1990 5256 Ut
2025 5212 2277 5268 magnus
2309 5195 2728 5268 Constantinus
2757 5196 2832 5268 de
2866 5193 3190 5268 Maxentio,
3221 5195 3326 5267 qui
3362 5195 3564 5268 Romae

1979 5265 2361 5340 tyrahnidem
2414 5267 2698 5340 exercuit,
2743 5265 3154 5340 triumpharit,
3199 5265 3338 5340 cum
3386 5266 3564 5340 etiam

1975 5335 2213 5424 εῖρῃμηι
2253 5346 2472 5396 sancta
2512 5338 2706 5394 crucis
2747 5335 2937 5395 stellis
2969 5352 3275 5395 coruscum
3316 5339 3380 5394 in
3424 5335 3566 5394 calo

1977 5411 2147 5470 vidit.

1977 5523 2180 5576 Romae
2211 5519 2370 5576 cives
2397 5534 2539 5574 suos
2573 5517 2936 5590 fospissimis,
2959 5533 3094 5590 quae
3119 5515 3401 5582 diximus,
3429 5515 3568 5572 faci-

1908 5609 2156 5666 noribus
2193 5605 2485 5666 atlerebat
2514 5607 2862 5674 Maxentius,
2895 5603 3144 5664 Herculii
3174 5605 3352 5663 filius.
3395 5605 3570 5672 Quod
