4020 6218
540 281 684 342 1271

529 411 636 468 ubi
647 409 1070 468 Constantinus
1083 409 1448 483 (frequentes
1460 425 1725 484 namque
1736 411 1814 468 ad
1836 427 1975 468 eum
1991 415 2182 469 Roma

529 501 857 558 veniebant
895 504 1179 566 oratores,
1223 515 1298 554 ne
1333 500 1550 557 urbem
1587 516 1722 556 eam
1753 503 2184 574 imperatorum

529 593 784 646 matrem
841 589 1196 662 despiceret,
1250 604 1402 646 neve
1453 589 1534 646 ita
1581 605 1618 645 a
1676 591 2009 646 saevissima
2059 590 2186 646 fera

527 678 750 735 vastari
800 683 1122 751 pateretur,
1173 679 1434 749 orantes)
1493 681 1794 752 cognovit,
1847 679 2182 736 admodum

529 771 622 823 est
658 767 748 824 ira
785 772 1150 834 commotus,
1193 768 1571 840 graviterque
1601 774 1780 824 tantae
1809 769 2181 839 indignitatis

525 855 752 914 famam
785 856 934 913 tulit.
973 859 1122 914 Nam
1155 857 1260 929 qui
1296 873 1370 913 ex
1403 858 1753 930 praescripto
1777 862 1836 914 et
1871 857 2182 914 voluntate

525 945 629 1000 Dei
667 945 898 1014 vivunt,
927 945 1060 1002 aliis
1090 944 1318 1002 illatam
1347 961 1520 1003 suam
1563 962 1695 1001 esse
1724 951 2005 1019 reputant
2033 946 2184 1018 inju-

523 1033 702 1090 riam.
727 1035 810 1090 Ac
833 1035 1097 1106 primum
1127 1051 1232 1106 per
1256 1034 1481 1091 litteras
1509 1037 1836 1092 admonere
1861 1041 1916 1092 et
1940 1052 2184 1110 persua-

527 1123 669 1179 dere
695 1124 1010 1189 Maxentio,
1036 1129 1098 1179 ut
1123 1139 1160 1179 a
1187 1130 1310 1180 tam
1335 1123 1579 1182 nefariis
1601 1125 1927 1180 sceleribus
1957 1141 2021 1180 se
2045 1126 2184 1182 abs-

525 1212 758 1277 tineret,
817 1211 1016 1284 coepit.
1063 1215 1132 1268 Ut
1180 1220 1384 1269 autem
1425 1229 1496 1269 ea
1537 1229 1600 1270 re
1642 1213 1788 1269 nihil
1829 1213 1966 1286 egit,
2013 1229 2183 1270 arma

528 1299 646 1356 sibi
674 1301 966 1356 sumenda
991 1317 1144 1366 esse,
1177 1307 1234 1357 et
1260 1302 1546 1371 iujuriam
1577 1301 1939 1358 afﬂictarum
1975 1303 2180 1374 quoad

521 1394 730 1462 posset
788 1389 1214 1446 vindicandam
1269 1391 1582 1462 judicavit.
1649 1391 1859 1463 Itaque
1919 1393 2176 1447 exercitu

525 1483 762 1551 parato,
798 1479 860 1534 in
893 1478 1124 1535 Italiam
1161 1479 1467 1536 contendit
1509 1495 1522 1534 :
1557 1495 1680 1535 non
1724 1486 1845 1536 tam
1883 1485 2180 1552 apparatu

522 1566 664 1623 belli
695 1583 879 1639 quam
909 1568 1236 1638 omnigena
1261 1567 1363 1624 Dei
1391 1573 1696 1624 armatura
1737 1567 2086 1624 instructus.
2113 1569 2178 1624 Id

523 1655 630 1712 ubi
656 1656 986 1712 Maxentius
1015 1656 1313 1723 intellexit,
1346 1657 1626 1713 nefandis
1667 1657 2041 1727 magicarum
2079 1673 2177 1714 ar—

523 1743 675 1800 tium
701 1744 1049 1817 imposturis
1077 1746 1272 1815 magis
1303 1761 1491 1818 quam
1513 1745 1734 1802 civium
1761 1746 2178 1802 benevolentia

527 1833 813 1900 conﬁsus,
836 1850 914 1890 ne
932 1839 1095 1890 extra
1116 1833 1326 1890 urbem
1347 1834 1593 1907 quidem
1616 1835 1896 1906 progredi
1919 1835 2177 1906 primum

531 1928 622 1978 est
651 1938 837 1978 ausus
869 1923 1126 1978 .lnsidiis
1163 1928 1363 1979 antem
1403 1923 1731 1995 collocatis,
1764 1923 2030 1996 locisque
2059 1925 2179 1980 im-

528 2011 679 2083 perii
705 2011 1010 2084 plerisque
1039 2012 1430 2068 circumcirca
1455 2018 1828 2068 armatorum
1859 2013 2176 2069 hominum

524 2099 806 2172 praesidio
835 2101 1140 2173 imposito,
1171 2102 1374 2172 capias
1401 2101 1553 2158 alias
1575 2102 1866 2158 adversus
1892 2104 2178 2158 Constan-

520 2187 717 2245 tinum
756 2189 938 2245 misit.
981 2188 1162 2262 483
1213 2189 1315 2245 Ille
1362 2205 1542 2261 porro
1593 2206 1715 2246 uno
1762 2196 1944 2262 atque
1988 2189 2175 2248 altero

520 2277 730 2348 prmlio
757 2285 966 2334 contra
993 2279 1231 2351 iyranni
1254 2278 1582 2335 exercitum
1613 2280 1818 2346 victor,
1850 2280 1914 2335 in
1941 2279 2172 2336 Italiam

515 2364 862 2436 longissime
886 2382 1260 2440 progressus,
1291 2367 1370 2424 ad
1401 2367 1618 2424 urbem
1641 2367 1900 2424 Romam
1927 2369 2173 2442 propius

521 2455 771 2512 accedit.
810 2458 889 2512 Ne
930 2461 1130 2512 autem
1166 2457 1342 2512 unius
1373 2457 1649 2512 Maxentii
1677 2473 1860 2514 causa
1895 2473 2026 2514 cum
2061 2461 2174 2514 Ro-

517 2544 719 2600 manis
765 2544 1052 2602 omnibus
1094 2545 1320 2601 bellum
1368 2559 1572 2615 gerere
1617 2561 1863 2602 necesse
1903 2546 2172 2612 haberet,

517 2632 905 2690 inenarrabili
929 2634 1196 2706 quadam
1222 2635 1491 2706 potentia
1519 2635 1674 2691 Deus
1698 2640 2026 2706 tyrannum
2046 2635 2178 2692 lon-

524 2723 660 2794 gius
707 2729 877 2779 extra
929 2722 1094 2778 urbis
1145 2729 1351 2795 portas
1399 2723 1702 2796 produxit.
1767 2723 1870 2780 Ille
1913 2740 2174 2795 namque

519 2815 704 2884 ponte
741 2826 813 2867 ex
857 2811 1112 2867 navibus
1143 2827 1328 2884 super
1366 2827 1439 2868 eo
1477 2811 1726 2868 ﬂumine
1765 2815 1930 2885 quod
1961 2813 2173 2868 urbem

517 2899 885 2972 praeterﬂuit,
930 2900 987 2955 in
1037 2916 1160 2974 quo
1193 2901 1374 2957 etiam
1425 2899 1576 2957 alius
1605 2917 1753 2974 pons
1790 2903 1897 2974 qui
1947 2902 2173 2958 Milvius

521 2988 738 3044 dicitur
776 2994 1158 3045 constructus
1198 2994 1306 3055 est,
1346 2995 1471 3046 arte
1508 2990 1778 3062 quadam
1831 2995 1887 3046 et
1932 2990 2174 3046 fallacia

517 3075 806 3140 confecto,
836 3078 1148 3132 exercitum
1177 3078 1404 3142 eduxit,
1433 3083 1490 3134 et
1519 3095 1656 3134 cum
1689 3094 1912 3149 magno
1942 3081 2172 3152 impetu

515 3163 804 3221 adversus
835 3166 1294 3222 Constantinum
1323 3172 1412 3222 est
1439 3183 1812 3238 progressus.
1848 3169 2170 3224 Constanti-

517 3269 636 3309 nus
679 3268 860 3324 porro
904 3253 980 3308 de
1017 3257 1228 3309 eventu
1266 3253 1404 3310 belli
1449 3255 1696 3312 sollicite
1737 3256 2058 3326 cogitabat,
2113 3263 2170 3314 et

518 3357 851 3415 quemnam
873 3341 984 3398 sibi
1011 3341 1350 3412 adiutorem
1375 3343 1701 3400 advocaret
1725 3345 2166 3403 considerabat.

514 3435 649 3489 Haec
671 3431 752 3488 illi
779 3431 1091 3487 meditanti
1121 3431 1182 3487 in
1209 3437 1469 3488 mentem
1502 3433 1686 3501 venit,
1730 3433 2164 3492 Diocletianum

513 3520 784 3594 quidem,
813 3521 915 3592 qui
945 3521 1278 3577 Graecorum
1309 3523 1726 3595 superstitione
1751 3523 1864 3578 diis
1893 3523 2166 3596 plurimis

513 3608 700 3666 fretus
743 3609 935 3674 fuerit.
982 3609 1131 3666 nihil
1178 3610 1454 3681 adjutum
1507 3627 1644 3667 esse
1695 3629 1710 3667 :
1760 3617 1986 3684 patrem
2029 3629 2168 3670 vero

515 3713 697 3754 suum
729 3697 1112 3754 Constantem
1142 3699 1314 3770 longe
1343 3699 1574 3756 felicius
1601 3700 1787 3757 vitam
1815 3701 2030 3772 egisse,
2063 3701 2168 3774 qui

521 3792 756 3844 mature
818 3785 1160 3844 Graecorum
1209 3787 1492 3859 religione
1538 3789 1816 3846 nuntium
1865 3792 2164 3847 remiserit.

516 3881 892 3949 Quapropter
928 3881 1250 3948 paternum
1276 3879 1486 3944 Deum,
1531 3879 1882 3952 quicunque
1923 3881 2167 3936 tandem

512 3969 697 4031 esset,
732 3971 795 4021 ut
821 3981 884 4020 se
911 3966 1249 4038 respiceret,
1283 3965 1676 4039 dextramque
1705 3968 1820 4023 sibi
1849 3969 1909 4024 in
1939 3969 2168 4041 pericu-

511 4054 588 4110 lis
641 4053 1090 4110 imminentibus
1145 4054 1497 4126 porrigeret,
1563 4071 1638 4112 ex
1700 4056 1910 4113 intimo
1977 4057 2167 4114 animi

509 4143 759 4201 atIectus
784 4143 1118 4200 humillime
1143 4144 1439 4200 invocavit
1466 4159 1478 4198 :
1505 4144 1569 4200 id
1597 4145 1762 4218 quod
1789 4146 1866 4202 ad
1894 4162 2019 4202 rem
2051 4155 2167 4203 sta-

511 4233 622 4290 tim
652 4237 740 4288 est
775 4231 1079 4289 collatum.
1120 4233 1441 4289 Meridiano
1469 4233 1631 4289 enim
1663 4240 1930 4306 tempore
1971 4236 2080 4290 iter
2109 4235 2164 4292 ei

511 4337 654 4377 cum
701 4321 961 4376 exercitu
1001 4336 1114 4376 suo
1152 4320 1413 4386 facienti,
1455 4321 1580 4377 sole
1624 4321 1754 4394 jam
1793 4323 2166 4380 occidentem

511 4424 722 4466 versus
747 4413 1046 4479 vergente,
1069 4408 1424 4466 miraculum
1449 4411 1648 4482 majus
1675 4427 1860 4484 quam
1886 4411 2002 4468 dici
2025 4428 2168 4485 pos-

513 4499 611 4563 sit,
643 4497 911 4554 oblatum
945 4503 1032 4554 est
1073 4513 1086 4552 :
1121 4497 1300 4568 ignea
1339 4499 1562 4556 scilicet
1600 4500 1905 4566 columna,
1936 4507 1993 4557 et
2018 4501 2167 4558 lucis

511 4587 710 4659 fulgor
738 4588 798 4643 in
829 4603 964 4643 aere
989 4589 1184 4644 crucis
1214 4586 1472 4644 formam
1501 4589 1786 4658 referens,
1817 4605 1953 4662 quae
1983 4590 2166 4646 stellis

515 4676 852 4748 aequalibus
869 4676 928 4731 in
943 4677 1287 4732 Latinarum
1306 4675 1636 4732 litterarum
1655 4677 1910 4749 ﬁguram
1928 4694 2168 4750 expres-

512 4766 618 4830 sis,
648 4765 1033 4822 Constantiuo
1049 4765 1206 4821 clare
1226 4765 1298 4821 1η
1321 4767 1432 4823 hoc
1448 4766 1996 4824 vinceostendebat.
2014 4769 2168 4834 Qua-

509 4869 576 4913 re
615 4860 1054 4920 consternatus,
1098 4855 1264 4927 quod
1306 4854 1382 4910 de
1417 4855 1648 4911 visione
1685 4871 1758 4912 ea
1791 4872 1996 4912 secum
2033 4857 2166 4929 ipse

511 4943 865 5015 ambigeret,
881 4944 1110 5000 amicos
1129 4945 1234 5017 qui
1251 4959 1456 5000 secum
1478 4951 1666 5012 erant,
1687 4961 1764 5000 an
1786 4946 1899 5016 ipsi
1923 4961 2164 5018 quoque

509 5034 674 5091 idem
714 5032 1001 5098 viderent,
1046 5039 1469 5105 percunctatus
1508 5038 1596 5090 est
1640 5051 1654 5089 :
1699 5035 1864 5107 quod
1905 5033 1986 5090 illi
2026 5052 2165 5092 cum

511 5122 936 5189 afﬁrmassent,
977 5128 1151 5178 nocte
1192 5123 1471 5194 proxima
1505 5122 1769 5179 Christus
1795 5125 1849 5179 ei
1879 5140 2000 5180 una
2025 5141 2165 5180 cum

511 5211 816 5269 horrendo
831 5212 932 5268 illo
952 5211 1125 5282 signo
1142 5227 1442 5284 apparens
1461 5213 1559 5284 (l),
1584 5211 1700 5268 tale
1717 5211 2006 5286 quiddam
2027 5229 2165 5269 eum

510 5300 727 5368 facere,
757 5307 936 5374 atque
963 5300 1046 5357 im
1070 5301 1290 5373 prmliis
1304 5301 1582 5374 praeferre
1601 5301 1810 5373 jussit;
1837 5303 1967 5358 fore
1983 5303 2163 5368 enim,

512 5395 578 5447 ut
603 5407 710 5464 per
740 5391 803 5448 id
833 5407 1044 5448 omnes
1073 5393 1336 5448 vinceret
1364 5391 1587 5448 hostes.
1616 5394 1684 5448 Et
1709 5393 2165 5466 quamprimum

587 5569 666 5642 (l)
697 5570 910 5626 Euseb.
950 5569 1056 5626 lib.
1097 5586 1138 5629 1.
1173 5571 1257 5626 De
1298 5571 1429 5628 Vita
1464 5571 1774 5629 Constant.

1878 283 2266 343 NICEPHOBI
2307 282 2630 343 CALLISTI

3721 291 3808 350 tm

2215 416 2256 468 Α
2293 413 2320 464 ὁ
2358 419 2451 464 τοῦ
2483 411 2810 484 Ἑρκουλλίου
2840 415 2977 476 υἱός,
3033 411 3098 468 ’Ἃ
3159 411 3280 474 δῆτ’
3333 411 3535 466 ἀκούων
3564 413 3592 466 ὁ
3623 419 3812 467 Κωπω-

2291 509 2450 568 τῖνος,
2502 511 2708 555 πυκνῶν
2764 503 2953 556 ἐκεῖθεν
3017 503 3284 577 πρέσϐεων
3329 507 3394 564 ὡς
3441 504 3600 555 αὐτὸν
3649 503 3817 576 ἄφατον-

2291 593 2472 662 μένων,
2531 597 2622 644 καὶ
2668 597 2739 664 μὴ
2792 597 2883 650 τὴν
2947 601 3046 646 τῶν
3100 591 3358 666 βασιλέων
3435 598 3636 666 μητέρα
3681 593 3822 665 Ῥώμη-ι

2288 676 2542 753 περιιδεῖν
2603 682 2705 733 ύπό
2771 689 2865 734 τοῦ
2932 684 3090 756 θηρὸς
3161 683 3297 735 οὕτω
3353 681 3716 754 λυμαινομένου
3762 686 3828 736 ἑκε-

2289 773 2557 834 τευόντων,
2595 767 2804 844 σφόδρα
2850 767 2912 829 ἧν
2953 770 3254 843 ἀσχάλλων,
3283 777 3374 824 καὶ
3419 770 3468 823 ἕν
3528 767 3674 841 δεινῷ
3704 777 3832 823 ποιον-

2289 877 2440 930 μενος
2495 855 2710 912 διετέλει
2773 865 2868 919 τὴν
2945 864 3165 933 φήμηνο
3225 867 3334 922 τοῖς
3398 863 3500 934 γὰρ
3575 863 3699 923 ζῶσι
3740 865 3836 913 κατὰ

2289 951 2420 1000 Θεὸν
2457 947 2623 1001 οἰκεία
2650 950 2681 1007 ἡ
2711 957 2814 1002 τῶν
2870 958 3044 1010 κακῶς
3091 954 3405 1022 πασχόντων
3463 946 3646 1002 ἀδικία
3687 949 3833 1020 λελογι-

2293 1053 2434 1090 σται.
2481 1041 2674 1107 Πρῶτα
2727 1040 2821 1108 μὲν
2859 1033 2947 1090 οὖν
2988 1038 3280 1110 γράμματα
3322 1037 3568 1102 στέλλων,
3615 1039 3839 1107 ἒπανάγειν

2289 1121 2548 1198 ἐπειρᾶτο,
2602 1129 2694 1177 καὶ
2744 1134 2843 1178 τῶν
2897 1126 3098 1198 φαύλων
3155 1129 3316 1198 ἔργων
3363 1122 3600 1178 ἐκποδὼν
3635 1127 3843 1178 ἵστασθαι

2288 1217 2573 1286 παρηγγύα
2603 1231 2618 1244 ·
2647 1217 2716 1274 ὡς
2747 1211 2797 1267 δ’
2847 1215 2999 1273 ἦττον
3047 1219 3219 1283 ἤνυεν,
3271 1215 3438 1269 ὃπλων
3491 1215 3737 1268 ἅπτεσθαι
3762 1211 3844 1268 δεῖν

2288 1300 2570 1372 ἐλογίζετο,
2606 1307 2696 1355 καὶ
2754 1310 2860 1364 τοῖς
2903 1305 3212 1375 πάσχουσιν
3266 1325 3336 1366 ως
3385 1303 3654 1377 ἐγχωροῦν
3690 1303 3848 1375 ἐπιμν-

2289 1409 2408 1445 νειν.
2459 1397 2556 1445 Καὶ
2595 1389 2664 1451 δὴ
2713 1398 2938 1466 στρατὸν
2985 1393 3236 1468 ἁθροίσας
3273 1401 3334 1466 τῇ
3380 1393 3580 1462 Ἰταλίᾳ
3626 1391 3846 1464 ἐφίστατο,

2287 1481 2346 1532 ού
2377 1485 2529 1534 τόσον
2577 1482 2771 1547 ὅπλοις,
2818 1485 2944 1536 ὅσον
2993 1491 3056 1556 τῇ
3116 1487 3173 1536 ἐκ
3206 1491 3339 1536 Θεοῦ
3370 1488 3668 1555 παντευχίᾳ
3707 1485 3850 1534 καθω-

2286 1569 2578 1642 πλισμένος.
2635 1579 2700 1625 ‘0
2741 1574 2922 1644 μαθὼν
2981 1574 3006 1625 ὁ
3066 1572 3372 1637 Μαξέντιος,
3423 1579 3538 1633 ταῖς
3599 1569 3850 1645 ἐπιρρέπῃ

2286 1665 2630 1730 μαγγανείαις
2677 1666 2766 1712 καὶ
2810 1665 3079 1733 γοητείαις
3117 1661 3268 1714 πλέον
3309 1662 3340 1720 ἣ
3489 1669 3594 1713 τῶν
3643 1662 3850 1718 ὑπηκόων

2205 1746 2250 1802 Β
2287 1752 2459 1821 εὐνοίᾳ
2525 1749 2745 1824 θαρρῶν,
2827 1747 2944 1802 οὐδ’
3020 1753 3141 1802 ὅσον
3216 1759 3306 1802 τοῦ
3373 1751 3562 1811 ἄστεος
3625 1748 3852 1822 προελθεῖν

2285 1836 2494 1910 έτόλμα.
2551 1839 2823 1902 Ὀπλίταις
2880 1835 2940 1892 δε
2989 1844 3221 1914 μυρίοις,
3251 1839 3433 1911 λόχοις
3475 1859 3532 1891 τε
3561 1842 3648 1891 καὶ
3678 1846 3852 1910 στρατῲ

2283 1934 2380 1980 τῶν
2441 1927 2734 2000 περικύκλῳ
2789 1930 2968 1990 πάσης
3040 1928 3212 2002 ἀρχῆς
3283 1933 3662 2001 πεφραγμένος,
3719 1933 3854 2000 προν-

2283 2021 2456 2074 πήντα
2501 2025 2576 2087 τῷ
2634 2022 3031 2090 Κωνσταντίνῳ.
3073 2017 3132 2070 Ὁ
3164 2014 3225 2070 δὲ
3246 2022 3340 2076 τὴν
3383 2023 3599 2092 πρώτην
3627 2020 3713 2069 καὶ
3751 2012 3854 2068 δευ-

2284 2110 2436 2178 τέραν
2486 2107 2779 2180 παράταξιν
2831 2109 3228 2182 τροπωσάμενος
3283 2114 3378 2159 τού
3440 2109 3712 2179 τυράννου,
3767 2103 3854 2156 ἑπι-

2285 2193 2524 2246 ττλεῐστον
2584 2197 2704 2248 ὅσον
2734 2203 2828 2258 τῆς
2876 2195 3102 2257 Ἰταλίας
3128 2194 3308 2259 έπέϐη,
3355 2201 3448 2247 καὶ
3499 2197 3740 2267 ἄγχιστα
3782 2201 3854 2253 τῆς

2281 2281 2484 2354 Ῥώμης
2545 2283 2771 2355 ἐγένετο.
2847 2282 2955 2340 Εἶθ’
3011 2288 3076 2346 ὡς
3127 2289 3198 2355 μὴ
3261 2292 3354 2336 τοῦ
3405 2287 3660 2359 τυράννου
3721 2285 3854 2356 χάριν

2281 2370 2551 2443 Ῥωμαίοις
2635 2372 2985 2446 ἀναγκάζοιτο
3061 2374 3318 2446 πολεμεῖν,
3396 2376 3524 2434 Θεὸς
3609 2371 3854 2446 ἀπορρήτῳ

2283 2465 2384 2514 τινὶ
2445 2458 2735 2534 δυναστείᾳ
2810 2461 2996 2515 ἐκεῖνον
3054 2461 3369 2537 πορρωτάτω
3431 2461 3612 2514 πυλῶν
3679 2461 3853 2524 ἐξεῖλκι.

2282 2555 2458 2602 Ναυσὶ
2517 2554 2618 2626 γὰρ
2699 2561 3009 2624 γεφυρώσας
3059 2555 3148 2603 τὸν
3203 2551 3568 2626 παραρρέοντὰ
3737 2550 3856 2601 πόλει

2284 2643 2537 2712 ποταμὸν,
2594 2639 2644 2692 έν
2781 2644 2870 2693 καὶ
2901 2643 2932 2698 ἡ
2983 2639 3214 2694 Φουλϐία
3241 2639 3484 2712 λεγομένη
3519 2639 3638 2692 ἐστὶ
3666 2644 3855 2712 γέγυρα,

2282 2727 2528 2798 ὑπεξάγει
2578 2733 2668 2800 μὲν
2716 2733 2803 2780 τὸν
2853 2733 3094 2802 στρατὸν,
3126 2733 3217 2781 καὶ
3256 2729 3394 2790 ὅλαις
3439 2731 3637 2802 ὁρμαῖς
3682 2737 3746 2798 τῷ
3774 2725 3856 2799 βα-

2285 2816 2419 2869 σιλεῖ
2467 2817 2760 2890 ἀπεφέρετο
2791 2836 2804 2850 ο
2859 2823 3242 2878 Κωνσταντίνος
3273 2813 3348 2870 δι’
3404 2816 3452 2868 έν
3496 2813 3740 2890 φροντίδι
3787 2836 3858 2866 κα-

2285 2909 2522 2971 θίστατο,
2551 2915 2660 2968 πῶς
2685 2910 2750 2959 τὰ
2778 2908 2876 2968 τῆς
2901 2911 3084 2980 μάχης
3137 2905 3389 2971 ἀποϐαίη,
3441 2913 3533 2960 καὶ
3577 2913 3663 2968 τίς
3692 2905 3860 2979 βοηθὸς

2281 2999 2422 3066 αύτῷ
2473 3001 2690 3068 γένοιτο.
2741 3002 2842 3050 Καὶ
2888 2993 3004 3055 δῆτ’
3071 2996 3432 3070 ἀνελάμϐανεν,
3493 3000 3569 3059 ὡς
3625 2993 3770 3049 ούδέν
3813 3013 3860 3066 γε

2207 3096 2249 3154 C
2281 3087 2329 3138 οἱ
2366 3089 2486 3157 περὶ
2541 3086 2906 3144 Διοκλητιανόν
2957 3089 3150 3139 ὤναντο
3207 3094 3316 3148 τοῖς
3357 3085 3612 3144 Ἑλλήνων
3643 3084 3862 3159 τεθαρρη-

2279 3178 2420 3236 κότες
2467 3176 2632 3236 θεοῖς⁶
2662 3177 2686 3226 ὁ
2719 3171 2779 3227 δε
2825 3174 2999 3248 πατὴρ
3056 3176 3219 3228 αὐτοῦ
3283 3181 3524 3236 Κώνστας
3582 3171 3860 3246 εὐδαιμονέ-

2281 3281 2460 3337 στερον
2511 3267 2599 3315 τὸν
2671 3262 2785 3337 βίον
2859 3260 3098 3335 διήνεγκε
3158 3266 3226 3317 τὰ
3293 3271 3394 3317 τῶν
3442 3263 3698 3322 Ἑλλήνων
3760 3265 3862 3336 θρῖα

2281 3354 2479 3404 σκεύειν
2543 3351 2695 3414 εὐθὺς
2770 3355 3169 3426 παρωσάμενος.
3256 3352 3432 3408 Ἐνθεν
3487 3373 3576 3405 τοι
3651 3357 3740 3405 καὶ
3791 3355 3859 3402 τὸν

2277 3449 2516 3514 πατρῷον
2580 3445 2708 3496 Θεὸν
2771 3444 2918 3505 ὅστις
2983 3447 3108 3496 ποτε
3175 3439 3258 3509 ἦν,
3325 3443 3560 3516 λιπαρῶς
3619 3443 3858 3496 ἐποτνιᾶτο

2277 3528 2562 3602 έποφθῆναί
2622 3534 2692 3597 οἱ,
2747 3537 2838 3584 καὶ
2893 3528 3070 3595 δεξιὰν
3133 3541 3250 3594 ταῖς
3312 3537 3683 3605 προκειμέναις
3747 3551 3860 3602 περι·

2279 3621 2498 3671 στάσεσι
2541 3627 2861 3692 παρασχεῖν.
2911 3620 2976 3673 ⁴Ο
3030 3617 3172 3680 δῆτα
3229 3627 3320 3674 καὶ
3356 3625 3484 3694 πρὸς
3529 3625 3684 3694 ἔργον
3735 3622 3861 3679 εὐθὺς

2277 3706 2522 3770 ἓξέϐαινε.
2585 3713 2710 3782 Περὶ
2751 3712 2853 3782 γὰρ
2903 3709 3236 3784 μεσημϐρίαν
3293 3707 3528 3763 ὁδεύοντι
3581 3715 3786 3782 σύναμα
3807 3715 3855 3780 τῇ

2277 3801 2394 3868 περὶ
2445 3798 2600 3850 αὐτὸν
2657 3805 2908 3874 στρατιᾷ,
2965 3808 3058 3853 τού
3083 3799 3234 3858 ἡλίου
3287 3803 3420 3875 πρὸς
3448 3797 3672 3871 δυσμὰς
3696 3799 3862 3852 κλίνονο

2275 3905 2380 3952 τος,
2442 3888 2616 3960 θαῦμά
2665 3907 2716 3940 τι
2763 3893 2854 3940 καὶ
2901 3896 3132 3964 κρεῖττον
3172 3890 3203 3949 ἣ
3259 3889 3424 3961 λέγειν
3472 3891 3708 3944 τεθέται.
3780 3894 3861 3940 Πυ-

2275 3979 2364 4048 ρός
2397 3979 2499 4049 γὰρ
2553 3977 2740 4040 στύλος
2788 3983 2878 4030 καὶ
2933 3981 3098 4052 φωτὸς
3152 3979 3305 4049 αἴγλη
3339 3975 3578 4050 διαέριος
3621 3979 3691 4039 εἰς
3721 3996 3862 4030 σταν-

2273 4072 2370 4139 ροῡ
2396 4068 2554 4118 τύπον
2603 4069 3050 4139 σχηματισθεῖσα
3105 4069 3390 4141 γράμμασι
3441 4062 3859 4139 Ῥωμαὶκοίς,δι’

2277 4151 2505 4226 ἀστέρων
2555 4157 2684 4206 ἴσων
2731 4157 3118 4222 ἑντυπωθεῖσιν,
3170 4159 3262 4209 Ἐν
3318 4159 3522 4228 τούτῳ
3589 4163 3758 4217 νίκα,
3799 4161 3858 4224 τῷ

2278 4247 2650 4314 Κωνσταντίνῳ
2726 4252 2904 4316 σαφῶς
2979 4241 3275 4320 διηγόρευε.
3350 4247 3618 4303 nomen
3695 4242 3744 4296 δ’
3787 4242 3858 4295 οὖν

2275 4336 2365 4384 καὶ
2417 4329 2786 4385 διαπιστοῦντι
2859 4340 2972 4396 τοῖς
3054 4335 3351 4408 ὁρωμένοις,
3406 4336 3455 4386 οἱ
3517 4338 3859 4406 συμπαρόντες

2197 4449 2244 4505 D
2276 4419 2696 4490 ἀνεπυνθάνοντο,
2755 4421 2800 4474 εἰ
2850 4427 2942 4475 καὶ
2995 4423 3142 4475 αὐτοὶ
3210 4431 3306 4485 τῆς
3365 4427 3487 4486 ’ίσης
3539 4425 3663 4486 θέας
3692 4424 3860 4476 ἐπαπο-

2273 4507 2543 4565 λαύουσιν.
2592 4509 2680 4572 Ὠς
2729 4507 2789 4562 δὲ
2839 4509 3068 4564 κάκεῖνοι
3127 4514 3416 4572 συνέθεντο,
3467 4517 3662 4574 νυκτὸς
3716 4514 3860 4580 ἐπιγε-

2273 4605 2508 4668 νομένης,
2571 4596 2825 4672 ἕπιφανεὶς
2899 4601 2924 4651 ὁ
2989 4605 3220 4672 Χριστός
3285 4604 3492 4672 σύναμα
3539 4608 3615 4671 τῷ
3686 4607 3859 4676 φρικτᾴ

2275 4691 2448 4760 ἑκείνῳ
2499 4694 2723 4759 σημείῳ,
2781 4694 3014 4742 τοιοῦτον
3067 4711 3120 4742 τι
3161 4687 3364 4766 δρᾶσαι
3407 4690 3749 4756 ἀνεκελεύετο,
3785 4694 3856 4741 καὶ

2274 4781 2440 4850 τούτῳ
2466 4780 2602 4830 κατά
2652 4783 2748 4837 τήν
2783 4781 2963 4850 μάχην
2993 4785 3364 4852 προηγουμένῳ
3410 4783 3684 4852 χρῆσθαι,
3715 4777 3788 4833 δι’
3811 4779 3859 4830 αῖ

2275 4867 2473 4921 έσεῖται
2518 4871 2715 4930 πάντας
2771 4872 3108 4941 χειροῦσθαι.
3160 4874 3308 4941 ’Ἅμα
3337 4865 3396 4922 δὲ
3439 4872 3614 4943 ἡμέρᾳ
3642 4872 3860 4941 πειθομε-

2273 4975 2353 5017 νος
2391 4954 2463 5028 τῷ
2485 4954 2744 5030 χρησμῷ,
2771 4963 3004 5010 τοιοῦτον
3035 4978 3085 5010 τι
3124 4957 3180 5010 έκ
3206 4966 3418 5032 χρυσοῦ
3451 4959 3825 5018 κατεσκεύαζεν
3846 4973 3856 4984 ‘

2274 5047 2417 5099 ὁκαὶ
2467 5051 2630 5121 μέχρι
2675 5055 2764 5098 νῦν
2811 5055 2920 5110 τοῖς
2967 5045 3255 5120 βασιλείοις
3304 5051 3391 5100 τὸν
3437 5055 3631 5122 χρόνον
3673 5051 3859 5120 ύπερτεο

2273 5145 2464 5210 ρῆσαν,
2518 5136 2988 5210 παραφυλάττεται.
3028 5143 3093 5188 ‘0
3147 5133 3556 5210 διαγράψασθαι
3610 5143 3702 5190 καὶ
3745 5137 3857 5206 λόγῳ

2277 5221 2482 5278 δίκαιον
2512 5227 2738 5296 ἡγημαι.
2767 5223 2988 5296 ’Υψηλὸν
3037 5221 3167 5298 δόρυ
3218 5223 3409 5300 χρυσῷ
3457 5230 3856 5297 κατεσκευασμ-

2275 5333 2357 5366 νον
2406 5318 2557 5388 κέρας
2597 5311 2737 5386 εἶχεν
2795 5313 3094 5389 ἐγκάρσιον,
3147 5314 3218 5377 εἰς
3251 5322 3482 5386 σταυροῦ
3534 5323 3733 5387 σχῆμα
3760 5310 3856 5367 δια·

2275 5405 2612 5476 τυπούμενον.
2666 5409 2804 5455 Ἂνω
2859 5399 2918 5456 δὲ
2962 5406 3089 5476 πρὸς
3140 5411 3213 5475 τῷ
3241 5411 3334 5456 τοῦ
3359 5407 3557 5467 παντὸς
3585 5405 3732 5480 ἄκρῳ
3763 5407 3854 5455 στέ-
