4020 6218
186 283 328 342 1273
1213 288 1773 348 ECCLESIASTICE

1960 291 2176 351 ΓΟΗΙᾸΞ
2214 293 2351 352 LIB.
2391 294 2512 352 VII.
3410 294 3547 353 12⁸74

185 430 335 484 φανός
376 415 535 484 μέσον
574 414 866 468 συστέλλων
908 416 967 468 τὸ
1017 415 1093 489 ῥῶ
1135 418 1470 488 χιαζόμενον,
1527 413 1622 471 διὰ
1679 425 1772 470 τῶν

1963 434 2017 474 es
2051 422 2139 475 est
2163 424 2392 488 exorta,
2423 421 2637 479 visioni
2668 420 2719 478 ei
2745 420 3113 495 obsequens,
3172 436 3240 479 ex
3271 437 3421 479 auro
3470 423 3550 478 si-

181 506 398 574 πρὼτων
439 508 719 575 στοιχείων
781 509 841 557 τὸ
884 513 975 558 τοῦ
1038 513 1277 578 Χριστοῦ
1330 509 1492 577 ὄνομα
1550 506 1768 579 ὑπηνίσ-

1954 524 2076 564 ium
2105 509 2217 565 tale
2233 509 2357 565 ﬁeri
2384 511 2635 575 curavit,
2669 511 2835 584 quod
2860 512 2940 566 ad
2960 512 3123 567 hunc
3155 528 3350 584 usque
3379 511 3541 569 diem

182 610 320 643 σετο.
363 596 468 643 Τοῦ
516 611 577 662 γε
630 598 734 665 μὴν
772 593 993 663 πλαγίου
1021 598 1235 670 κέρατος
1278 602 1369 647 τοῦ
1398 597 1535 647 κατὰ
1558 594 1616 647 τὸ
1647 592 1769 669 δόρυ

1977 597 2360 669 imperatorio
2389 606 2447 657 et
2476 600 2674 657 aulico
2705 601 3104 657 instrumento
3134 617 3170 657 a
3196 607 3282 658 tot
3309 602 3543 658 smculis

177 682 566 755 ἐμπεπαρμένον
644 681 798 740 ὀθόνη
863 685 1113 757 ἓκκρεμὴς
1149 687 1532 757 χρυσόπαστος
1601 682 1764 757 ἁπηὼι

1962 692 2245 743 servatur.
2300 687 2367 743 Id
2419 689 2628 758 paucis
2656 689 2992 745 describere
3055 706 3177 745 non
3223 689 3397 746 fuerit
3451 691 3549 745 in-

172 788 327 843 ρητο,
371 769 532 821 αὐτοῦ
597 790 651 823 τε
701 770 964 843 θεοφιλοῦς
1029 770 1282 846 βασιλέως
1339 773 1511 825 εἰκόνα
1560 780 1759 847 χρυσῆι

1956 776 2331 846 mpestivum.
2388 780 2572 834 Hasta
2630 777 2814 849 longa
2868 793 2943 833 ex
3009 794 3158 835 auro
3214 778 3543 848 elaborata,

171 862 339 932 μέχρι
395 864 616 933 στέρνων
654 866 743 913 καὶ
796 870 897 914 τῶν
936 862 1098 915 αὐτοῦ
1137 859 1342 915 παίδων
1400 862 1598 935 εὐφυῶς
1649 864 1758 915 ὑπο

1958 878 2072 919 rnu
2084 864 2398 939 obliquum
2411 865 2614 934 habet,
2628 866 2690 922 in
2704 867 2893 923 crucis
2905 866 3167 923 formam
3189 873 3510 940 compacta
3527 885 3541 934 ;

168 949 466 1022 γράφουσα.
531 955 774 1002 Τοιοῦτον
836 955 1005 1003 τοίνυν
1078 948 1403 1023 σχεδιασθεν
1470 960 1544 1022 τῷ
1608 960 1755 1026 καιρᾴ

1973 955 2147 1024 cujus
2179 955 2523 1013 summitate
2544 971 2769 1012 corona
2797 956 3057 1012 mediam
3104 959 3370 1013 Graecam
3401 957 3547 1013 litte-

168 1038 520 1110 προηγεῖσθαι
566 1045 656 1090 τοῦ
700 1038 924 1111 πολέμου
957 1039 1220 1100 ἐθέσπιζε.
1276 1040 1379 1094 Καὶ
1427 1042 1591 1111 τούτῳ
1628 1045 1755 1114 χρώς

1955 1057 2013 1096 m
2075 1044 2113 1098 P
2182 1042 2564 1100 decussatam
2622 1043 2934 1110 cohibens,
2991 1045 3290 1115 primariis
3336 1044 3542 1101 litteris

165 1144 339 1197 μενος,
394 1129 665 1201 πρόθυμος
703 1123 756 1179 εὖ
789 1128 931 1200 μάλα
968 1127 1160 1201 ἐχώρει
1215 1132 1343 1203 πρὸς
1389 1133 1483 1187 τὴν
1535 1131 1749 1202 παράτα

1956 1129 2090 1187 ἰΥίδίί
2125 1147 2348 1188 nomen
2396 1132 2652 1189 obscure
2689 1133 2885 1190 refert.
2915 1132 3096 1207 484
3150 1134 3235 1190 Ex
3296 1134 3543 1206 obliquo

167 1214 273 1277 ξεν.
335 1220 436 1268 Καὶ
484 1212 545 1269 δὲ
603 1215 961 1290 συρραγέντων
1010 1226 1110 1269 τῶν
1164 1220 1563 1291 στρατευμάτων
1611 1220 1748 1277 ἡττᾶ

1964 1225 2080 1275 tem
2109 1237 2317 1287 cornu,
2339 1222 2505 1294 quod
2526 1238 2634 1294 per
2653 1222 2895 1279 hastam
2925 1230 3013 1278 est
3036 1224 3391 1295 impactum,
3447 1240 3546 1278 ve-

164 1322 257 1355 ται
288 1307 613 1375 κατακράτος
665 1306 970 1369 Μαξέντιος.
1024 1312 1124 1360 Καὶ
1170 1316 1271 1359 τῶν
1321 1311 1410 1378 μὲν
1456 1309 1751 1359 ὑπεναντίωι

1959 1325 2003 1364 n
2024 1325 2274 1365 aureum
2289 1310 2552 1366 sublime
2569 1311 2889 1379 dependet,
2918 1310 2979 1367 in
3000 1328 3122 1383 quo
3137 1311 3340 1381 imago
3361 1327 3546 1367 aurea

166 1394 219 1445 οἱ
268 1392 502 1446 πλεῖστοι
554 1394 733 1466 ξίφους
770 1397 916 1467 ἔργον
972 1398 1199 1466 ἐγένοντο
1264 1404 1326 1469 τῇ
1392 1404 1481 1449 τοῦ
1537 1404 1753 1470 σταυροὶ

1953 1402 2114 1453 ctore
2169 1405 2339 1454 tenus
2379 1399 2459 1470 pii
2504 1400 2884 1472 imperatoris
2914 1399 3368 1472 liberorumque
3409 1401 3540 1472 ejus

165 1482 461 1555 πανοπλίαο
507 1483 788 1547 Μαξέντιος
842 1481 901 1537 δὲ
946 1488 1047 1537 ὑπὸ
1092 1493 1183 1537 τοῦ
1216 1485 1471 1559 βασιλέως
1518 1482 1752 1539 ἕκδιωκό

1954 1484 2113 1542 lchre
2152 1492 2243 1543 est
2293 1504 2600 1560 expressa.
2663 1490 3018 1559 Hujusmodi
3054 1488 3348 1560 quiddam
3405 1506 3536 1560 pro.

162 1591 335 1644 μενος,
393 1579 508 1634 ταῖς
561 1573 778 1635 οἰκείαις
806 1576 1002 1645 πάγαις
1042 1573 1311 1627 ἁλίσκεται
1334 1592 1347 1605 ⁸
1384 1583 1475 1636 τῆς
1527 1578 1628 1648 γὰρ
1667 1595 1749 1646 γε·

1954 1591 2142 1646 npore
2181 1581 2309 1632 tum
2340 1584 2584 1649 repente
2630 1576 2858 1633 factum
2894 1579 3093 1634 sanxit
3145 1584 3207 1634 ut
3253 1577 3316 1633 in
3383 1578 3541 1634 bello

161 1663 332 1733 φύρας
391 1663 504 1734 θείᾳ
534 1658 752 1734 δυνάμει
813 1660 1207 1738 διαρῥαγείσης.
1258 1669 1348 1717 καὶ
1402 1672 1494 1717 τοῦ
1526 1672 1748 1736 ποταμοί

1953 1662 2263 1721 referretur.
2299 1667 2430 1732 Quo
2474 1667 2654 1722 etiam
2682 1666 2886 1733 fretus,
2913 1666 3187 1722 alacriter
3221 1666 3299 1722 ad
3329 1665 3540 1722 conﬂi-

159 1753 452 1822 ζεύγματος
526 1747 877 1816 διαλυθέντος,
931 1753 1169 1824 ὑφιζάνει
1226 1756 1314 1824 μεν
1370 1755 1400 1811 ἠ
1451 1750 1746 1816 διάϐασιςί

1953 1769 2030 1807 im
2048 1753 2661 1824 processit.Caaterum
2695 1755 2897 1827 praelia
2919 1756 3272 1821 commisso,
3306 1758 3540 1812 Maxen-

155 1846 331 1914 χωρεῖ
359 1836 410 1892 δ’
442 1839 627 1901 εὐθέως
657 1837 929 1915 αὔτανδρα
975 1843 1108 1894 κατὰ
1136 1850 1227 1894 τοῦ
1258 1839 1424 1915 βυθοῦ
1466 1845 1530 1894 τὰ
1562 1845 1734 1915 σκάφη

1948 1858 1988 1895 lS
2043 1858 2263 1912 magna
2297 1843 2351 1898 vi
2390 1852 2481 1899 est
2526 1844 2818 1910 devictus,
2862 1848 2920 1899 et
2946 1861 3017 1900 ex
3046 1844 3323 1900 hostibus
3349 1862 3535 1917 quam

155 1927 328 1989 Αὐτὸς
379 1924 439 1980 δὲ
497 1937 696 2002 πρῶτος
753 1931 780 1981 ό
828 1926 1055 1991 δείλαιος
1114 1934 1207 1983 σὺν
1265 1939 1374 1993 τοῖς
1422 1930 1548 2003 ἀμφ’
1605 1932 1742 1984 αὐτότ

1954 1930 2114 1986 irimi
2145 1946 2251 2003 per
2279 1932 2475 1988 crucis
2500 1941 2873 1990 armaturam
2912 1933 3069 1989 ferro
3105 1935 3263 1989 caesi.
3305 1935 3541 1989 Maxen-

155 2017 526 2080 ὑπασπισταῖς
586 2026 694 2080 τοῖς
736 2022 1025 2091 ποταμίοις
1077 2020 1246 2094 ῥιφεὶς
1297 2018 1465 2072 ῦδασι
1511 2025 1742 2073 καταπνί

1947 2036 1986 2073 ιε
2011 2035 2170 2085 vero,
2194 2037 2379 2093 quem
2406 2022 2833 2079 Constantinus
2858 2023 3189 2094 imperator
3208 2022 3534 2094 fugientem

154 2124 331 2177 γεται,
385 2108 559 2179 ὥσπερ
605 2108 630 2158 ό
686 2108 850 2160 πάλαι
914 2113 1100 2183 Φαραὼ
1158 2114 1452 2184 πανστρατί
1485 2125 1498 2139 ⁸
1549 2113 1617 2172 ὡς
1674 2114 1741 2162 τότ

1952 2109 2361 2180 rsequebatur,
2382 2112 2896 2185 suoipsius(quod
2917 2112 3134 2168 dicitur
3156 2112 3174 2184 )
3195 2111 3419 2185 laqueo
3446 2118 3539 2168 est

153 2198 392 2267 ποταμὸν
445 2198 633 2248 ἐκεῖνον
685 2202 775 2248 καὶ
830 2201 924 2255 τὴν
978 2197 1302 2269 καλουμένην
1376 2198 1618 2251 Φουλείαν
1683 2203 1740 2269 γέ

1951 2202 2106 2269 ptus.
2136 2199 2313 2254 Ponte
2341 2200 2500 2255 enim
2529 2199 2733 2257 divina
2772 2201 2988 2256 virtute
3019 2206 3217 2272 rupto,
3259 2199 3538 2259 navibus-

155 2304 324 2356 φυραν
368 2285 537 2336 ἳππων
610 2287 705 2337 σὺν
763 2284 1050 2347 ἀναϐάταις
1100 2286 1326 2358 ἔμπλεων
1394 2285 1742 2339 δείκνυσθαι¹

1957 2286 2222 2358 equibus
2238 2286 2466 2343 ﬂumen
2486 2294 2857 2346 constratum
2876 2289 3069 2345 fuerat
3097 2289 3332 2353 solutis,
3348 2295 3538 2344 trans-

152 2378 248 2424 καὶ
292 2369 353 2431 ἦν
414 2370 544 2425 ἰδεῖν
573 2375 639 2426 τὰ
679 2373 843 2427 πάλαι
899 2372 1132 2448 ᾀδόμενα
1187 2375 1257 2438 εἰς
1307 2375 1426 2447 ὄψιν
1479 2373 1599 2435 δῆτ’
1630 2375 1734 2448 ἐνερ

1946 2392 1983 2429 ;8
2011 2374 2139 2447 ipse
2170 2393 2414 2448 pessum
2431 2378 2514 2444 iit,
2538 2382 2598 2434 et
2628 2378 2868 2451 scaphis
2899 2378 3097 2433 subito
3150 2395 3290 2435 cum
3340 2378 3533 2434 homi-

154 2464 389 2535 γούμενα
419 2481 435 2495 ο
460 2460 750 2537 Ἀρματα
788 2470 1009 2539 Φαραὼ
1038 2469 1146 2517 καὶ
1188 2469 1299 2522 τὴν
1346 2461 1627 2537 δύναμιν
1657 2466 1741 2517 ui}-

1951 2481 2050 2519 3us
2078 2466 2363 2521 omnibus
2390 2467 2449 2521 in
2485 2466 2663 2522 undis
2691 2468 3039 2533 subsedere,
3071 2468 3323 2539 ipseque
3356 2468 3538 2523 miser

159 2557 276 2603 τοῦ
324 2549 585 2625 ἔρριψεν
640 2552 728 2614 εἰς
773 2553 1111 2606 θάλασσαν
1147 2552 1573 2616 ’ἐπιλέκτους
1622 2552 1746 2606 ἁνα-

1945 2554 2102 2608 imus
2114 2569 2247 2609 cum
2262 2556 2810 2627 propugnatoribus
2825 2556 3017 2611 suisin
3034 2556 3284 2613 ﬂumine
3301 2572 3532 2613 mersus

156 2639 365 2700 ϐάτας
403 2658 508 2714 τρι
532 2641 776 2703 στάτας
817 2640 875 2693 ἐν
933 2641 1201 2716 Ἐρυθρᾷ
1243 2642 1542 2715 θαλάσση
1589 2663 1740 2696 κατε

1959 2642 2289 2698 suffocatus
2305 2650 2412 2708 est,
2446 2644 2617 2700 sicuti
2635 2644 2781 2700 olim
2805 2661 2942 2700 cum
2964 2645 3248 2700 universo
3275 2645 3532 2700 exercitu

152 2733 456 2781 πόντισε·
494 2734 604 2780 καὶ
639 2726 883 2782 ἔδυσαν
923 2735 1074 2783 ὡσεὶ
1113 2727 1434 2802 μόλιϐδος
1474 2730 1532 2782 ἐν
1571 2729 1733 2784 ῦδατ

1947 2747 2142 2787 iarao:
2186 2732 2268 2787 ita
2306 2739 2369 2788 ut
2416 2731 2635 2789 ﬂuvius
2668 2733 2785 2801 ille,
2829 2734 2908 2789 ad
2962 2750 3104 2789 eum
3162 2735 3265 2806 qui
3312 2732 3534 2791 Milvius

155 2813 329 2889 σφοδ
339 2837 368 2891 ρ
384 2825 446 2887 ᾧ.
473 2816 634 2869 Ὠστε
648 2814 866 2872 ’δίκαιον
890 2821 951 2871 ἄν
982 2823 1060 2877 ε’ίη
1093 2823 1228 2871 κατὰ
1255 2824 1371 2882 τοὺς
1407 2819 1538 2892 ἀμφὶ
1567 2824 1653 2872 τὸν
1680 2826 1742 2893 μέ

1945 2822 2088 2877 citur
2108 2828 2373 2893 pontem,
2393 2822 2563 2894 equis
2575 2828 2630 2878 et
2647 2823 3064 2879 ascensoribus
3084 2823 3332 2879 refertus
3366 2824 3532 2878 visus

148 2927 252 2978 γαν
280 2908 567 2981 θεράποντα
596 2913 844 2973 Μωῦσέα,
868 2912 990 2969 τοὺς
1027 2912 1122 2966 τὴν
1151 2913 1298 2966 νίκην
1332 2907 1387 2959 ἐκ
1414 2916 1547 2961 Θεοῦ
1577 2907 1735 2983 ἀραμε

1943 2926 1969 2964 ι.
1999 2911 2148 2966 Tum
2189 2927 2332 2966 vero
2383 2926 2454 2967 ea
2477 2927 2614 2983 quae
2663 2911 2805 2967 olim
2857 2916 3097 2969 cantata
3144 2911 3400 2978 fuerant,
3454 2911 3530 2968 ad

148 3016 294 3062 νους,
348 2998 413 3047 τὰ
467 2998 564 3048 ἶσα
614 2997 789 3069 ἐκείνῳ
844 3001 980 3051 κατὰ
1019 3006 1110 3050 τοῦ
1159 2993 1450 3059 δυσσεϐοῦς
1492 2998 1735 3071 ἐπιγαννυ

1956 2998 2118 3054 ulum
2165 3005 2593 3070 repraesentata
2629 3000 2830 3056 videre
2866 2999 3068 3056 licuit:
3113 3000 3340 3056 Curru:
3374 2999 3537 3055 Plia-

148 3087 360 3157 μένους,
412 3082 694 3146 ὲκϐοᾶντας
751 3087 924 3158 ὑμνεῖν
958 3106 974 3120 θ
1027 3087 1319 3158 Ἀσωμεν
1377 3094 1459 3157 τῷ
1511 3092 1723 3161 Κυρίῳ

1952 3088 2080 3144 onis
2111 3094 2167 3144 et
2195 3089 2518 3145 exercitum
2546 3092 2675 3158 eius
2690 3089 2936 3161 projecit
2973 3089 3036 3144 in
3065 3104 3234 3145 mare
3263 3105 3280 3142 :
3325 3090 3536 3144 electos

151 3169 430 3235 ἐνδόξως
499 3175 619 3247 γὰρ
683 3170 1111 3239 δεδόξασται.
1177 3175 1397 3229 Ἵππον
1469 3180 1576 3227 καὶ
1642 3175 1738 3229 uua

1951 3193 2215 3234 censores
2227 3178 2937 3250 satellitesquesubmersit
2950 3181 3011 3234 in
3024 3180 3175 3234 mari
3185 3177 3402 3235 Rubro.
3426 3177 3534 3234 De-

150 3261 351 3319 ϐάτην
390 3259 646 3335 ἔρριψεν
677 3262 770 3326 εἰς
818 3264 1179 3317 θάλασσαν’
1211 3262 1452 3337 βοηθὸς
1489 3270 1593 3317 καὶ
1638 3285 1737 3317 σκε

1945 3268 2235 3323 enderunt
2255 3268 2312 3322 in
2330 3268 2706 3339 profundum
2727 3269 2894 3340 quasi
2909 3268 3251 3338 plumbum,
3269 3268 3333 3321 in
3361 3266 3532 3338 aquis

149 3355 406 3412 παστής
446 3352 692 3421 ἐγένετό
733 3372 839 3425 μοι
878 3355 967 3416 εἰς
1005 3359 1357 3425 σωτηρίαν.
1398 3353 1598 3415 Οὗτός
1653 3374 1727 3427 μο

1943 3356 2334 3413 Phementibus.
2374 3355 2635 3430 [Equum
2665 3373 2811 3413 sane
2840 3356 3032 3425 fuerit,
3059 3356 3137 3410 ad
3184 3355 3530 3426 exemplum

150 3443 324 3505 Θεὸς,
388 3444 495 3491 καὶ
559 3435 812 3503 δοξάσω
861 3447 1076 3496 αὐτόν.
1135 3447 1295 3505 Θεὸς
1344 3451 1459 3495 τοῦ
1534 3448 1734 3518 πατρό

1947 3445 2084 3515 agni
2116 3443 2270 3499 illius
2309 3445 2594 3510 servi;Dei
2647 3447 2843 3509 Mosae,
2895 3445 2998 3516 qui
3059 3442 3369 3498 victoriam
3413 3444 3532 3496 Deo

148 3549 292 3603 μου,
332 3533 440 3580 καὶ
478 3527 712 3599 ὑψώσω
744 3531 957 3584 αὐτόν.
990 3537 1128 3596 Καὶ,
1161 3537 1269 3594 Τίς
1309 3534 1530 3604 ὅμοιός
1580 3553 1682 3585 σοι
1713 3532 1734 3584 ἑ

1943 3540 2188 3604 :ceptam
2235 3533 2383 3602 tulit,
2423 3534 2629 3588 itidem
2687 3540 2750 3588 ut
2787 3533 2880 3588 ille
2936 3532 3089 3600 fecit,
3131 3548 3242 3585 nos
3288 3547 3530 3602 quoque

149 3625 362 3683 Θεοῖς,
387 3619 606 3691 Κύριε;
640 3624 736 3681 τίς
775 3622 995 3693 ὅμοιός
1029 3638 1161 3688 σοι;
1194 3618 1736 3693 Δεδοξασμένοςε

1941 3628 2048 3676 ειοε
2089 3626 2298 3676 contra
2327 3621 2581 3693 impium
2612 3623 2790 3677 istum
2853 3627 3177 3692 tyrannum
3229 3619 3528 3690 hymnum

149 3706 407 3780 ἁγίοις·
452 3707 831 3779 θαυμαστὸς
871 3709 928 3761 ἕν
971 3707 1219 3773 δόξαις,
1260 3718 1459 3762 ποιῶν
1500 3715 1736 3783 τέρατα

1944 3710 2196 3764 »ηοίηθτθ
2213 3726 2225 3764 ;
2243 3710 2556 3766 Cantemus
2572 3710 2840 3774 Domino,
2859 3710 3114 3779 gloriose
3130 3707 3283 3763 enim
3300 3708 3531 3777 magni-

145 3800 366 3866 ﬁcatus
403 3801 506 3852 est.
529 3799 766 3870 Equum
787 3806 843 3856 et
873 3814 1239 3856 ascensorem
1269 3801 1519 3869 coniecit
1542 3802 1602 3853 in
1630 3816 1794 3856 mare
1818 3818 1840 3855 :
1869 3799 2202 3855 auxiliator
2230 3806 2283 3855 et
2298 3804 2595 3868 protector
2613 3800 2818 3868 factus
2845 3804 2926 3854 est
2959 3796 3106 3852 mihi
3145 3797 3209 3850 in
3238 3797 3518 3852 salutem.

146 3888 269 3944 Iste
291 3890 449 3946 Deus
471 3906 655 3958 meus,
687 3893 743 3946 et
774 3887 1123 3959 gloriﬁcabo
1149 3902 1280 3943 eum
1300 3903 1323 3943 .'
1344 3890 1496 3943 Deus
1517 3888 1709 3956 patris
1739 3890 1872 3956 mei,
1902 3891 1957 3943 et
1979 3886 2253 3943 excitabo
2283 3903 2434 3943 eum.
2457 3889 2594 3955 Quis
2616 3888 2826 3943 similis
2847 3886 2947 3943 tibi
2973 3887 3037 3941 in
3075 3884 3209 3950 diis,
3234 3885 3474 3943 Domine
3499 3884 3529 3939 Τ

150 3977 284 4049 quis
312 3980 522 4036 similis
547 3979 652 4035 tibi
680 3979 709 4036 ἳ
739 3978 1119 4047 Gloriﬁcatus
1152 3980 1213 4032 in
1234 3976 1479 4041 sanctis,
1504 3977 1899 4034 admirandus
1922 3979 1985 4034 in
2013 3978 2233 4050 gloria,
2263 3979 2494 4048 faciens
2519 3977 2845 4033 mirabilia.

769 4125 1013 4174 ΚΕΦΑΛ.
1066 4120 1151 4176 Λ’.

2365 4119 2542 4193 485
2575 4118 2799 4177 CAPUT
2841 4120 3010 4175 xxx.

149 4228 272 4280 Οἷα
330 4233 444 4287 τήν
516 4227 758 4299 Ῥώμην
794 4230 1176 4299 Δκατασχὼν
1245 4232 1735 4287 Κωνσταντῖνος

1964 4228 2415 4294 Constantinus,
2444 4230 2627 4284 Roma
2638 4234 2899 4296 recepta,
2922 4230 3033 4285 Deo
3052 4232 3231 4299 grata
3244 4225 3526 4297 facinora

478 4294 739 4372 θεοφιλῆ
782 4294 1219 4371 διεπράττετο
1268 4299 1437 4368 ἔργα.

1268 4299 1437 4368 ἔργα.
2579 4294 2815 4370 fecerit.

218 4412 397 4459 Ταῦτα
447 4405 516 4465 δὴ
574 4411 665 4458 καὶ
710 4408 776 4458 τὰ
833 4412 1057 4475 συγγενῆ
1116 4408 1320 4467 τούτοις
1372 4391 1805 4458 ΚωνσταντῖνοςῙ

1938 4410 2069 4462 Haec
2094 4422 2296 4479 porro,
2337 4411 2516 4479 atque
2544 4406 2638 4462 his
2668 4406 2905 4475 similia,
2938 4405 3361 4463 Constantinus
3397 4410 3523 4461 tam

146 4504 222 4566 τῷ
270 4500 364 4552 τὴν
400 4500 548 4554 νίκην
595 4497 740 4567 παρὰ
794 4490 952 4556 δόξαν
1003 4498 1305 4564 πεπραχότι
1358 4502 1471 4564 Θεῷ
1530 4493 1729 4565 εὐφημή

1933 4496 2177 4553 irificam
2200 4500 2557 4552 consecutus
2584 4496 2915 4560 victoriam,
2949 4499 3132 4551 Deum
3160 4494 3520 4551 celebrando

147 4605 266 4653 σας,
327 4589 421 4642 τὴν
465 4583 665 4656 Ῥώμην
723 4582 1014 4650 εἰσήλαυνε,
1071 4584 1129 4633 τό
1181 4581 1429 4634 ἇπινίκιον
1484 4581 1734 4643 ἀλαλάςωτ

1940 4601 2114 4652 nens,
2177 4590 2234 4640 et
2277 4600 2425 4641 voce
2462 4585 2710 4641 clariore
2764 4584 3193 4656 triumphando
3231 4584 3524 4650 jubilans,

143 4678 448 4749 τρανότερον
502 4676 728 4739 πάντων,
781 4673 868 4725 οἶα
909 4679 1124 4744 σωτῆρα
1165 4676 1256 4722 καὶ
1308 4670 1572 4744 λυτρωτὴν
1623 4692 1730 4743 μετέ

1929 4673 2072 4729 ’ὺθω
2113 4678 2447 4730 Romanum
2478 4681 2562 4729 est
2592 4676 2896 4744 ingressus
2927 4691 2942 4739 ;
2968 4674 3201 4729 civibus
3232 4672 3516 4727 omnibus

143 4760 500 4836 φαιδρότητος
545 4764 625 4816 ὅτι
668 4762 939 4827 πλείστης,
984 4768 1075 4821 τῆς
1118 4756 1335 4833 καρδίας
1384 4763 1571 4812 ὡσανεὶ
1617 4780 1730 4834 προ·

1931 4763 2151 4820 laritate
2188 4770 2246 4818 et
2289 4763 2490 4820 laetitia
2528 4779 2771 4819 summa
2818 4763 3035 4818 animis
3082 4777 3291 4817 eorum
3322 4760 3518 4816 exsul-

142 4848 430 4920 πηδώσης,
486 4856 579 4904 σὺν
631 4856 838 4926 κρότοις
884 4854 975 4902 καὶ
1019 4850 1291 4921 εὐφημίαις
1346 4853 1729 4920 προπεμπόντω

1930 4852 2146 4916 ntibus,
2193 4853 2563 4924 cnmplausu
2598 4852 2875 4923 felicique
2922 4852 3122 4906 omine
3149 4850 3517 4906 etacclama-

142 4961 200 4995 τε
249 4945 339 4993 καὶ
403 4938 806 5013 εἰσδεχομένων,
872 4942 931 4992 τὸ
997 4946 1091 5000 τῆς
1143 4944 1288 4999 νίκης
1364 4933 1729 5009 διακατέχοντι

1927 4956 2019 4996 me
2043 4956 2181 4995 eum
2230 4947 2520 5013 tanquam
2576 4948 2944 4997 servatorem
3010 4945 3067 4996 et
3132 4939 3514 4995 liberatorem

142 5033 415 5103 τρόπαιον,
469 5032 736 5101 στεφάνοις
775 5032 1022 5102 πρότερον
1061 5031 1155 5085 τὴν
1198 5027 1344 5080 πόλιν
1392 5032 1566 5079 πᾶσαν
1623 5024 1726 5079 διει

1926 5046 2059 5094 .um,
2089 5030 2351 5085 victoria:
2379 5037 2671 5100 tropzeum
2727 5030 3035 5094 ferentem,
3081 5045 3218 5083 cum
3268 5028 3513 5099 quidem

141 5118 435 5190 λημμένων.
488 5118 546 5171 Ὀ
600 5116 660 5172 δε
696 5122 754 5171 τὸ
800 5122 929 5187 πρὸς
979 5120 1106 5169 Θεὸν
1152 5116 1378 5168 εὐσεϐεῖν
1426 5112 1531 5167 οἷον
1592 5118 1723 5188 ἔμφυ

1928 5120 2022 5173 ius
2053 5118 2264 5174 urbem
2285 5124 2469 5175 totam
2499 5119 2734 5174 coronis
2764 5118 3158 5182 obsedissent,
3182 5117 3515 5189 producen-

144 5208 233 5260 τόν
263 5209 419 5280 ἔχων,
466 5212 556 5261 καὶ
604 5205 733 5281 μηδ’
783 5207 909 5268 ὅλως
956 5213 1061 5264 τοῖς
1091 5212 1296 5278 κρότοις
1345 5205 1394 5257 ἐν
1441 5203 1628 5277 μηδενὶ
1657 5225 1731 5257 σαι

1929 5224 2017 5262 ius
2050 5215 2229 5280 atque
2254 5208 2705 5279 excipientibus.
2734 5208 3157 5263 Constantinus
3185 5212 3387 5261 autem
3416 5222 3516 5259 ve-

140 5297 408 5369 λευόμινος
454 5302 549 5356 τὴν
591 5298 647 5349 ἐκ
694 5302 821 5351 Θεοῦ
880 5298 1131 5365 σύναρσιν
1185 5300 1436 5366 ᾶγνωκὼς,
1487 5295 1635 5355 εὐθὺς
1688 5314 1727 5347 τι

1931 5313 1989 5352 m
2017 5312 2159 5367 erga
2214 5300 2399 5352 Deum
2428 5297 2707 5367 pietatem
2745 5311 2781 5350 a
2821 5302 3036 5350 natura
3065 5294 3176 5348 sibi
3217 5292 3513 5365 quodam-

146 5394 241 5440 τοῦ
288 5394 517 5462 σταυροῦ
559 5395 773 5460 σημεῖον
820 5384 893 5457 ἐφ’
922 5382 1085 5455 ὕψους
1125 5381 1550 5442 ἁναστηλοῦσθαι
1586 5404 1733 5455 προσ-

1922 5386 2039 5441 odo
2063 5385 2304 5441 insitam
2334 5386 2585 5454 habens,
2617 5399 3010 5456 nequaquam
3050 5383 3351 5454 applausu
3410 5382 3509 5437 tali

144 5478 320 5529 τάττει
351 5491 368 5507 ο
418 5482 508 5530 καὶ
558 5476 669 5549 ἅμα
722 5483 792 5546 τῷ
838 5474 972 5546 λόγῳ
1028 5467 1250 5546 ἀνδριὰς
1302 5473 1373 5534 εἰς
1420 5473 1540 5544 ὄψιν
1586 5474 1731 5526 αὐτοὶ

1921 5480 2217 5540 immotus,
2241 5480 2305 5531 ut
2332 5474 2438 5545 qui
2468 5489 2504 5530 a
2534 5472 2655 5528 Deo
2681 5472 3014 5529 secundum
3038 5488 3238 5527 rerum
3263 5487 3508 5527 suarum

146 5564 457 5640 ἐχαλκεύετο
489 5582 503 5597 ⁸
569 5565 631 5619 οὗ
694 5566 830 5618 κατὰ
875 5568 969 5622 τὴν
1027 5557 1201 5625 δεξιὰν
1256 5568 1418 5637 χεῖρα
1480 5569 1576 5624 τῆς
1627 5565 1733 5623 ἴσης

1926 5579 2205 5620 .ccessum
2233 5562 2579 5639 provenisse
2606 5562 2801 5631 sciret,
2832 5562 3031 5618 statim
3051 5561 3242 5618 crucis
3273 5560 3513 5634 signum
