4020 6218
133 311 278 368 1277

1151 308 1730 370 ECCLESIASTICE
1769 311 2129 372 HISTORIE
2168 314 2309 372 LIB.
2350 315 2470 374 VIl.

3350 318 3491 376 12⁸18

129 439 331 499 πάντας
381 434 699 510 ἀνθρώπους,
754 439 878 501 τοὺς
932 437 1033 491 ἀπὸ
1083 443 1179 502 τῆς
1229 446 1329 491 τῶν
1380 440 1502 492 θεῶν
1557 439 1713 493 αὐτῶν

1833 441 2190 498 coercitione
2226 444 2284 497 et
2311 440 2575 500 vindicta
2600 440 2843 516 publica
2869 443 2951 501 ad
2973 444 3325 502 eorumdem
3354 447 3493 503 deo-

127 534 236 579 τῶν
280 525 545 580 ἀθανάτων
613 528 896 602 θρησκείας
940 526 1415 601 ἀναχωρήσαντας,
1474 525 1723 601 προδήλῳ

126 616 340 669 κολάσει
395 621 486 669 καὶ
541 620 768 691 τιμωρίᾳ
826 617 892 678 εἰς
948 621 1044 675 τὴν
1100 620 1380 690 θρησκείαν
1445 624 1549 669 τῶν
1601 619 1723 670 θεῶν

128 704 502 763 ἀνακληθῆναι.
559 704 696 760 Ἀλλ’
734 708 813 758 ὅτε
867 707 967 777 ἑγὼ
1017 709 1077 757 τό
1120 712 1323 777 πρῶτον
1373 705 1605 778 εὐτυχῶς
1657 704 1724 767 είς

127 798 223 852 τὴν
276 794 555 853 ’Δνατολήν
603 814 952 867 παρεγενμην,
994 800 1085 847 καὶ
1135 798 1291 866 ἔγνων
1338 795 1410 856 εἰς
1451 799 1596 856 τίνας
1639 796 1722 847 τό·

123 903 258 945 πους
299 883 571 945 πλείστους
618 892 718 937 τῶν
771 883 1071 959 ἀνθρώπων,
1122 887 1190 937 τὰ
1228 881 1467 957 δημόσια
1518 885 1721 958 ὠφελεῖν

123 970 466 1046 δυναμένους,
515 976 615 1027 ὑπὸ
671 982 768 1027 τῶν
815 971 1085 1026 δικαστῶν
1130 971 1224 1028 διὰ
1273 979 1360 1032 τὴν
1415 975 1723 1049 προειρημέ-

120 1083 213 1121 νην
257 1063 428 1116 αἰτίαν
478 1062 823 1138 ἐξορίζεσθαι,
865 1064 1068 1135 ἑκάστῳ
1120 1072 1218 1117 τῶν
1258 1059 1525 1117 δικαστῶν
1579 1062 1722 1116 ἐντο-

119 1152 213 1214 λάς
243 1146 476 1219 δέδωκα,
513 1154 648 1207 ὥστε
696 1151 901 1227 μηδένα
939 1157 1135 1207 τούτων
1183 1159 1274 1207 τοῦ
1317 1152 1500 1206 λοιποῦ
1550 1171 1721 1226 προσ-

121 1242 367 1314 φέρεσθαι
415 1249 528 1314 ,τοῖς
583 1242 946 1316 ἕπαρχιὼταις
1000 1242 1206 1303 ἀπηνῶς
1253 1257 1267 1271 ·
1339 1241 1469 1294 ἀλλά
1529 1241 1721 1313 μᾶλλον

118 1328 364 1403 κολακείᾳ
435 1336 525 1385 καὶ
598 1339 863 1406 προτροπῇ
919 1337 1013 1391 τὴν
1072 1338 1173 1384 τῶν
1237 1334 1360 1385 θεῶν
1435 1331 1718 1405 θρησκείαν

118 1417 310 1481 αὐτοὺς
364 1418 653 1476 ἀνακαλεῖν.
703 1426 1000 1479 Τηνικαῦτα
1036 1419 1124 1473 οὖν
1176 1423 1259 1474 ὅτε
1304 1420 1600 1483 ἀκολούθως
1649 1426 1712 1493 τῇ

117 1507 348 1561 κελεύσει
400 1516 464 1582 τῇ
522 1509 618 1583 ἐμῇ
677 1512 777 1563 ὑπὸ
830 1516 931 1563 τῶν
992 1508 1258 1563 δικαστῶν
1311 1510 1611 1583 ἓφυλάττετο
1651 1512 1719 1562 τὰ

115 1599 564 1671 προστεταγμένα,
621 1598 885 1653 συνέϐαινε
922 1597 1127 1674 μηδένα
1171 1597 1225 1651 ἐκ
1269 1609 1368 1651 τῶν
1420 1606 1512 1661 τῆς
1565 1597 1717 1653 Ἀνα-

114 1685 268 1747 τολῆς
332 1696 500 1761 μερῶν
556 1693 690 1761 μήτε
739 1688 1026 1763 ἐξόριστον,
1081 1694 1213 1762 μήτε
1269 1688 1573 1763 ἐξύϐριστον
1626 1706 1717 1761 γε·-

111 1777 300 1828 νέσθαε
340 1796 353 1809 ·

114 1868 360 1935 γενέσθαι
393 1886 466 1932 τι,
523 1864 594 1929 εἰς
640 1871 734 1926 τὴν
787 1876 888 1920 τῶν
929 1870 1053 1921 θεῶν
1106 1870 1387 1941 θρησκείαν
1438 1867 1717 1927 ἀνακεκλῆ-

114 1955 262 2006 σθαι.
332 1958 477 2008 Μετὰ
542 1950 601 2009 δε
649 1963 817 2009 ταῦτα
869 1956 952 2009 ὅτε
1005 1963 1076 2028 τῷ
1140 1956 1443 2032 παρελθόντι
1499 1955 1716 2029 ἐνιαυτῷ

113 2043 351 2116 εὐτυχῶς
418 2044 602 2104 ἇπέϐην
656 2046 728 2107 εἰς
781 2050 873 2105 τὴν
922 2043 1302 2120 Νικομήδειαν,
1354 2044 1503 2099 κάκεῖ
1552 2043 1716 2100 διετέ-

109 2133 251 2199 λουν,
320 2136 657 2208 παρεγένοντο
713 2135 922 2189 πολῖται
986 2144 1078 2197 τῆς
1131 2133 1293 2199 αὐτῆς
1350 2136 1545 2197 πόλεως
1585 2140 1718 2211 πρός

1230 2270 1245 2295 ,
1302 2225 1548 2296 μειζόνως
1600 2221 1717 2278 διό.

109 2333 276 2384 μενοι,
337 2314 419 2365 ἵνα
458 2317 613 2366 παντὶ
655 2319 831 2388 τρόπῳ
869 2316 927 2367 τὸ
976 2320 1210 2367 τοιοῦτον
1264 2314 1405 2375 ἔθνος
1456 2310 1716 2387 μηδαμῶς

109 2402 437 2475 ἐπιτρέποιτο
484 2399 533 2454 ἓν
570 2408 633 2475 τῇ
686 2403 855 2456 αὐτῶν
917 2400 1140 2476 πατρίδι
1196 2401 1376 2458 οἰκεῖν.
1438 2403 1572 2457 ’Δλλ’
1631 2404 1715 2457 ὅτε

109 2494 267 2562 ἔγνων
315 2490 595 2554 πλείστους
633 2501 730 2553 τῆς
778 2493 943 2555 αὐτῆς
982 2496 1262 2567 θρησκείας
1310 2489 1509 2562 ἄνδρας
1548 2491 1596 2544 έν
1626 2492 1715 2545 αὖ·

110 2244 171 2297 με
216 2225 333 2295 ἅμα
368 2224 498 2294 μετὰ
544 2231 644 2277 τῶν
702 2225 891 2288 ξοάνων
942 2233 1043 2277 τῶν
1102 2227 1226 2277 θεῶν

107 2585 212 2642 τοῖς
254 2586 365 2642 τοῖς
422 2583 631 2653 μέρεσιν
678 2582 856 2647 οἰκεῖν,
916 2582 1077 2642 οὕτως
1128 2582 1300 2642 αὐτοῖς
1349 2583 1444 2643 τὰς
1499 2580 1714 2654 ἀποκρί-

112 2689 215 2732 σεις
273 2668 560 2741 ἀπένειμον,
607 2670 687 2723 ὄτι
738 2678 802 2744 τῇ
863 2673 952 2743 μὲν
1006 2670 1210 2729 αἰτήσει
1262 2670 1429 2722 αὐτῶν
1480 2669 1715 2741 ἀσμένως

108 2759 275 2833 χάριν
318 2760 548 2830 ἔσχηκα,
602 2759 708 2811 ἀλλ’
754 2761 813 2812 οὐ
865 2763 1009 2832 παρά
1052 2762 1255 2812 πάντων
1305 2766 1458 2812 τοῦτο
1506 2759 1712 2818 αἰτηθὲν

107 2855 368 2900 κατεῑκον.
403 2848 461 2901 Εἰ
498 2853 588 2920 μεν
618 2844 706 2900 οὖν
740 2868 867 2910 τινες
921 2848 1015 2900 εἷεν
1045 2856 1106 2921 τῇ
1165 2846 1329 2900 αὐτῶν
1380 2845 1712 2920 δεισιδαιμο-

106 2940 191 3009 νίᾳ
251 2934 597 3009 διαμένοντες,
676 2938 836 2998 οὕτως
904 2938 990 2990 ἕνα
1063 2937 1280 2990 ἕκαστον
1343 2934 1391 2989 ἓν
1452 2945 1515 3011 τῇ
1597 2936 1712 3011 ἰδία

108 3029 412 3101 προαιρέσει
455 3030 549 3085 τὴν
593 3024 846 3099 βούλησιν
875 3028 1016 3098 ἔχειν
1044 3044 1059 3058 ⁸
1092 3030 1180 3079 καὶ
1210 3024 1254 3078 εἰ
1298 3022 1584 3098 βούλοιντο,
1616 3031 1709 3086 τὴν

1831 545 1969 586 rum
2025 530 2413 587 caeremonias
2450 531 2643 587 redire
2680 537 3053 603 cogerentur.
3091 536 3490 607 Posteaquam

1830 634 1974 674 vero
1998 635 2109 689 ego
2136 619 2392 691 primum
2419 620 2663 676 feliciter
2688 625 2744 677 et
2766 623 3076 694 auspicato
3101 624 3162 679 in
3190 624 3490 681 Orientem

1830 708 2098 778 perveni,
2124 712 2305 780 atque
2327 710 2604 781 cognovi,
2632 710 2691 765 in
2717 725 2855 782 quas
2883 710 3014 767 loca
3036 727 3222 783 quam
3248 713 3490 785 plurimi

1828 796 2128 862 homines,
2188 798 2293 869 qui
2331 797 2674 868 reipublicae
2712 799 3018 855 commodi
3057 806 3114 855 et
3150 801 3322 856 utiles
3361 819 3490 858 esse

1828 886 2183 957 potuissent,
2215 901 2252 942 a
2272 885 2578 957 judicibus
2607 892 2665 942 et
2688 887 3002 959 prmfectis,
3032 889 3112 944 ob
3140 904 3277 945 eam
3302 906 3489 962 quam

1829 974 1955 1030 dixi
1980 990 2251 1040 causam,
2289 974 2353 1030 in
2384 974 2661 1031 exsilium
2700 977 2815 1032 acti
2843 975 3095 1033 fuissent
3136 995 3147 1032 :
3187 976 3490 1048 judicibus

1828 1062 1913 1118 eis
1932 1063 2215 1119 omnibus
2237 1063 2544 1131 mandavi,
2563 1079 2640 1120 ne
2659 1065 2983 1137 quisquam
3004 1081 3213 1122 eorum
3237 1068 3489 1139 posthac

1828 1150 2131 1207 crudelius
2169 1151 2507 1224 quidquam
2537 1150 2614 1209 de
2661 1153 3131 1224 provincialibus
3183 1161 3488 1221 statueret,

1829 1240 1933 1296 sed
1962 1241 2166 1312 potius
2202 1240 2518 1297 blandiore
2546 1241 2955 1299 cohortatione
2985 1258 3090 1299 eos
3126 1244 3204 1300 ad
3236 1245 3489 1301 deorum

1828 1344 2003 1386 sacra
2050 1334 2376 1386 revocaret.
2423 1332 2799 1403 Quapropter
2845 1347 2982 1388 cum
3026 1333 3108 1389 ita
3146 1333 3382 1405 judices
3426 1341 3491 1390 ut

1824 1432 1936 1491 par
1986 1423 2131 1485 erat,
2182 1419 2372 1491 jussis
2425 1420 2578 1475 meis
2622 1418 3121 1492 obsequerentur,
3164 1424 3379 1489 evenit,
3427 1428 3491 1480 ut

1824 1523 2005 1564 nemo
2035 1523 2282 1580 prorsus
2324 1509 2386 1565 in
2426 1507 2826 1565 Orientalibus
2862 1510 3136 1581 partibus
3177 1510 3350 1583 487
3396 1512 3490 1569 vel

1822 1604 1886 1661 in
1934 1596 2209 1654 exsilium
2250 1598 2597 1663 mitteretur,
2656 1597 2749 1654 vel
2786 1598 3009 1669 injuria
3050 1603 3232 1672 atque
3279 1604 3490 1656 contu-

1823 1686 2000 1743 melia
2041 1686 2396 1743 afﬁceretur.
2436 1689 2501 1743 Et
2529 1687 2818 1759 plerique,
2848 1688 3018 1760 quod
3055 1689 3204 1745 nihil
3243 1690 3489 1758 gravius

396 1775 523 1830 ἀλλά
560 1776 750 1849 μᾶλλον
797 1778 851 1830 ἐκ
889 1784 982 1832 τοῦ
1024 1782 1095 1851 μὴ
1143 1777 1339 1853 βαρέως
1383 1779 1499 1830 κατ’
1548 1777 1713 1830 αὐτῶν

1824 1776 2158 1849 duriusque
2198 1776 2258 1831 in
2297 1790 2401 1832 eos
2430 1776 2910 1847 constitueretur,
2944 1777 3023 1835 ad
3062 1778 3315 1835 deorum
3353 1779 3491 1835 reli-

1825 1864 2062 1935 gionem
2110 1864 2362 1921 rediere.
2397 1867 2607 1921 Postea
2646 1879 2787 1921 vero
2826 1881 2968 1922 cum
3007 1881 3169 1922 anno
3211 1868 3489 1939 proximo

1823 1953 2235 2010 Nicomediam
2272 1950 2516 2010 feliciter
2542 1954 2849 2024 ingressus
2877 1970 3092 2021 essem,
3131 1955 3334 2028 ibique
3366 1972 3489 2012 ma-

1823 2056 2052 2108 nerem,
2074 2032 2367 2098 venerunt
2395 2042 2475 2099 ad
2508 2056 2604 2098 me
2634 2043 2765 2115 ejus
2797 2043 2965 2099 urbis
2991 2044 3150 2101 cives
3181 2061 3318 2101 cum
3348 2045 3489 2103 deo-

1822 2143 1961 2187 rum
2010 2130 2369 2196 simulacris,
2420 2136 2478 2188 et
2525 2146 2620 2187 me
2669 2146 3037 2206 magnopere
3074 2140 3381 2204 rogarunt,
3425 2137 3490 2190 ut

1823 2219 2023 2276 modis
2071 2220 2355 2276 omnibus
2401 2235 2698 2286 curarem,
2744 2237 2820 2279 ne
2869 2225 3030 2293 genti
3078 2224 3129 2278 ei
3178 2223 3237 2278 in
3296 2223 3489 2295 patria

1824 2323 2035 2365 eorum
2072 2308 2443 2365 domicilium
2486 2309 2709 2366 habere
2751 2312 3207 2382 permitteretur.
3259 2312 3487 2378 Quibus

1822 2398 2132 2470 respondi,
2164 2414 2263 2455 me
2293 2398 2540 2471 quidem
2579 2413 2788 2455 eorum
2820 2399 3089 2472 petitioni
3124 2400 3489 2473 perlibenter

1824 2487 2145 2559 gratiﬁcari
2189 2487 2364 2555 velle,
2415 2488 2522 2543 sed
2566 2502 2691 2544 non
2735 2488 2814 2544 ab
2862 2490 3147 2544 omnibus
3197 2504 3267 2545 ex
3307 2505 3486 2561 asquo

1822 2592 2030 2649 preces
2068 2591 2171 2632 eas
2209 2577 2368 2648 apud
2402 2590 2499 2633 me
2536 2577 2685 2632 ﬁeri.
2720 2578 2893 2643 Quod
2924 2576 2975 2633 si
3022 2578 3124 2649 qui
3179 2578 3239 2633 in
3280 2593 3485 2650 super-

1823 2665 2059 2721 stitione
2114 2680 2323 2721 eorum
2348 2671 2817 2737 perseverarent,
2848 2666 3107 2722 liberum
3138 2666 3196 2721 id
3255 2668 3338 2722 eis
3374 2683 3485 2739 pro

1822 2754 2296 2827 uniuscujusque
2335 2753 2580 2810 arbitrio
2617 2760 2675 2811 et
2712 2755 3017 2811 voluntate
3057 2770 3191 2812 esse
3231 2773 3245 2811 :
3289 2771 3485 2828 neque

1822 2847 2025 2900 tamen
2047 2858 2170 2909 eos,
2198 2843 2249 2898 si
2274 2842 2352 2899 ad
2376 2843 2628 2899 deorum
2655 2843 3010 2913 religionem
3032 2845 3483 2915 agnoscendum

1819 2932 2014 2988 redire
2061 2931 2302 3002 vellent,
2348 2931 2675 3004 prohiberi.
2732 2931 2847 2989 Sed
2896 2932 3056 2988 enim
3111 2936 3167 2988 et
3217 2935 3485 2989 Nicome-

1820 3021 2132 3077 diensibus
2161 3026 2219 3076 et
2247 3020 2501 3077 aliarum
2529 3021 2772 3078 urbium
2802 3021 3057 3088 civibus,
3088 3037 3227 3094 quae
3253 3027 3309 3078 et
3336 3022 3485 3095 ipsae

106 3123 204 3167 τῶν
275 3118 396 3169 θεῶν
444 3118 726 3191 θρησκείαν
786 3118 1164 3188 ἐπιγινώσκειν.
1229 3114 1410 3188 Ὀμως
1462 3120 1551 3168 καὶ
1601 3125 1710 3180 τοῖς

1822 3111 2099 3168 eamdem
2129 3110 2497 3181 petitionem,
2525 3110 2797 3167 videlicet
2839 3115 2902 3167 ut
2931 3125 3007 3167 ne
3045 3112 3183 3183 quis
3213 3112 3486 3168 Christia-

107 3213 201 3266 τῆς
270 3205 430 3266 αὐτῆς
490 3205 683 3267 πόλεως
736 3204 1125 3278 Νικομηδεῦσι,
1184 3209 1273 3257 καὶ
1327 3211 1443 3267 ταῖς
1503 3203 1710 3269 λοιπαῖς

107 3294 339 3361 πόλεσιν,
396 3293 450 3346 αἰ
486 3298 577 3347 καὶ
608 3300 765 3349 αὑταὶ
795 3296 862 3356 εἰς
909 3304 1157 3348 τοσοῦτον
1201 3300 1294 3354 τὴν
1344 3295 1528 3367 ὁμοίαν
1557 3298 1708 3354 αἴτη-

111 3401 191 3434 σιν
246 3379 720 3455 περισπουδάστως
776 3387 904 3457 πρός
950 3404 1013 3456 με
1049 3387 1391 3447 πεποιήκασι,
1444 3380 1707 3451 δηλονότι,

110 3474 192 3524 ἵνα
240 3468 432 3544 μηδεὶς
497 3479 593 3525 τῶν
646 3481 975 3545 Χριστιανῶν
1031 3479 1148 3535 ταῖς
1198 3474 1407 3525 πόλεσιν
1460 3475 1703 3541 ἑνοικοίη,

1504 3562 1584 3613 ὅτι
1636 3560 1704 3621 δὴ

108 3654 235 3703 αὐτὸ
284 3656 437 3702 τοῦτο
465 3654 556 3702 καὶ
581 3652 630 3702 οἰ
677 3648 899 3722 ἀρχαῖοι
940 3649 1318 3723 ἀὐτοκράτορες
1370 3651 1551 3710 πάντες
1602 3647 1710 3703 διε·

108 3559 341 3633 ἀνάγκην
396 3561 555 3632 ἔσχον
620 3560 912 3634 προσφιλῶς
981 3558 1365 3635 ἀποκρίνασθαι
1425 3577 1439 3591 ο

111 3738 339 3811 φύλαξαν
370 3757 383 3769 ·
423 3742 511 3792 καὶ
564 3739 738 3800 αὐτοῖς
780 3747 891 3801 τοῖς
948 3740 1080 3799 θεοῖς
1127 3734 1199 3791 δι’
1250 3737 1339 3799 οὓς
1388 3740 1573 3801 πάντες
1622 3739 1710 3791 ἄν-

112 3828 311 3902 θρωποι
361 3832 449 3880 καὶ
500 3828 630 3886 αὕτη
681 3830 710 3887 ἠ
764 3836 861 3879 τῶν
919 3824 1192 3898 δημοσίων
1244 3825 1511 3888 διοίκησις
1567 3830 1710 3880 συνί-

114 3922 321 3981 σταταῑ,
353 3920 554 3991 ἧρεσεν,
596 3919 729 3969 ὥστε
766 3921 861 3975 τὴν
922 3919 1182 3973 τοσαύτην
1231 3917 1441 3973 αἴτησιν
1475 3915 1535 3974 ἣν
1581 3915 1707 3991 ὑπὲρ

114 4008 390 4079 θρησκείας
449 4010 541 4059 τοῦ
602 4007 740 4059 θείου
799 4004 966 4057 αὐτῶν
1026 4003 1338 4079 ἀναφέρουσι
1413 4002 1708 4077 βεϐαιῶσαί

110 4115 190 4167 με.
240 4100 529 4167 Τοιγαροῦν
574 4095 617 4147 εἰ
660 4096 842 4147 καὶτὰ
887 4092 1120 4165 μάλιστα
1177 4100 1237 4165 τῇ
1274 4101 1339 4166 σῇ
1392 4095 1709 4147 καθοσιώσει

110 4187 207 4259 πρὸ
254 4186 441 4236 τούτου
472 4190 563 4237 του
610 4188 807 4258 χρόνου
867 4178 961 4235 διὰ
1006 4185 1325 4257 γραμμάτων
1379 4181 1706 4248 ἐπέσταλται,

111 4277 197 4324 καὶ
266 4269 339 4325 δι’
392 4272 602 4325 ἐντολῶν
660 4273 847 4345 ὁμοίως
908 4272 1260 4337 κεκελευσται,
1312 4271 1394 4324 ἶνα
1444 4277 1515 4344 μὴ
1574 4274 1710 4325 κατά

106 4380 204 4412 των
257 4360 602 4435 ἐπαρχιωτῶν
672 4369 772 4413 τῶν
836 4361 895 4413 τὸ
952 4365 1181 4411 τοιοῦτον
1256 4361 1396 4422 ἔθνος
1468 4359 1705 4432 ἓπιμελη-

1818 3215 2038 3256 norum
2078 3200 2343 3256 civitates
2382 3198 2688 3266 incoleret,
2730 3214 2956 3270 magno
3006 3200 3205 3256 studio
3252 3204 3309 3257 et
3346 3215 3484 3256 con-

1819 3288 2082 3347 tentione
2092 3289 2258 3361 apud
2279 3301 2376 3344 me
2396 3288 2832 3359 interposuere,
2846 3289 3200 3345 necessitate
3214 3289 3483 3361 quadam

1817 3377 2080 3447 benigne
2108 3376 2412 3449 respondi,
2446 3392 2543 3432 me
2572 3392 2838 3449 quoque,
2871 3378 3163 3450 quoniam
3192 3377 3255 3433 id
3283 3378 3485 3449 ipsum

1819 3468 2001 3523 etiam
2050 3467 2281 3539 antiqui
2324 3466 2715 3537 imperatores
2765 3482 2979 3522 omnes
3038 3472 3400 3533 servassent,
3430 3470 3487 3522 et

1818 3555 1931 3612 diis
1957 3556 2122 3628 ipsis,
2164 3570 2270 3627 per
2298 3569 2451 3626 quos
2486 3570 2699 3610 omnes
2740 3554 3018 3610 homines
3058 3570 3193 3610 cum
3224 3555 3357 3626 ipsa
3394 3570 3485 3610 re-

1817 3643 2335 3714 rumpublicarum
2367 3642 2803 3711 gubernatione
2836 3643 3178 3707 constituat,
3221 3642 3483 3713 placuis—

1818 3738 1924 3798 set,
1954 3731 2301 3803 petitionem
2342 3730 2663 3801 ejusmodi,
2696 3745 2834 3802 quaa
2874 3730 2950 3786 de
2993 3731 3339 3786 divinorum
3375 3746 3485 3786 nu-

1816 3822 2051 3877 minum
2094 3820 2257 3875 cultu
2286 3834 2532 3876 causam
2565 3819 2638 3875 ad
2671 3834 2769 3874 me
2796 3818 3061 3881 referret.
3094 3820 3478 3875 conﬁrmare.

1815 3910 2071 3967 Proinde
2097 3909 2330 3965 etiamsi
2352 3908 2609 3965 antehac
2630 3907 2931 3964 devotioni
2959 3913 3073 3965 tuae
3101 3909 3483 3981 potissimum

1815 4014 1923 4073 per
1957 3999 2179 4056 litteras
2223 3997 2649 4068 signiﬁcatum,
2681 4002 2738 4052 et
2787 4012 2894 4069 per
2917 3999 3225 4068 jussiones
3275 3997 3480 4053 itidem

1815 4089 2175 4144 mandatum
2226 4092 2339 4151 est,
2396 4093 2460 4144 ut
2505 4101 2581 4144 ne
2628 4085 2778 4159 quid
2825 4102 2965 4143 cum
3007 4084 3478 4159 provincialibus

1816 4177 2094 4251 praefecti,
2124 4176 2347 4250 quibus
2379 4179 2465 4232 tot
2495 4180 2919 4248 tantorumque
2944 4175 3308 4247 populorum
3334 4191 3481 4231 cura

1817 4272 1906 4323 est
1931 4268 2221 4338 injuncta,
2261 4264 2449 4321 dirius
2480 4265 2819 4321 severiusve
2845 4270 3049 4336 agant,
3075 4265 3183 4320 sed
3213 4264 3478 4321 clemen-

1818 4360 1921 4425 ter,
1952 4360 2259 4411 moderate
2288 4359 2345 4410 et
2370 4354 2661 4426 patienter
2684 4369 2786 4410 eos
2813 4353 3006 4410 ferant
3038 4370 3051 4409 :
3082 4369 3244 4409 nunc
3278 4360 3477 4410 tamen

110 4450 292 4502 θέντων
320 4446 634 4522 διαφυλάξαι
685 4446 853 4521 μηδεν
902 4451 1163 4522 τραχέως,
1215 4445 1343 4500 ἀλλὰ
1402 4447 1710 4512 ἀνεξικάκως

1822 4445 2018 4501 visum
2045 4458 2290 4517 quoque
2323 4449 2412 4499 est
2456 4444 2679 4515 scripto
2720 4443 2833 4499 isto
2862 4443 3273 4499 fortitudinem
3313 4450 3481 4498 tuam

108 4544 195 4591 καὶ
262 4543 570 4613 συμμέτρως
630 4542 1091 4611 συμπεριφέροιντο
1146 4537 1324 4599 αὐτοῖς
1366 4555 1380 4571 ·
1437 4539 1577 4609 ὅμως
1629 4541 1711 4591 ἱνα

109 4633 241 4699 μήτε
296 4627 397 4679 ὑπὸ
454 4635 552 4678 τῶν
609 4624 1011 4699 βενεφικιαλίων,
1072 4631 1203 4698 μήτε
1253 4626 1339 4678 ὑπ’
1396 4625 1560 4678 ἄλλων
1610 4635 1711 4685 τῶν

109 4721 378 4788 τυχόντων
407 4714 577 4789 ὕϐρεις
625 4721 755 4787 μήτε
797 4719 1047 4787 σεισμοὺς
1100 4716 1402 4786 ὑπομένοιεν
1438 4734 1452 4748 ·
1498 4714 1713 4768 ἀκόλου-

112 4807 195 4857 θον
226 4809 446 4877 ἐνόμισα
491 4810 580 4857 καὶ
628 4807 829 4866 τούτοις
879 4812 989 4866 τοῖς
1025 4807 1305 4879 γράμμασι
1334 4809 1426 4863 τὴν
1455 4810 1551 4863 σὴν
1602 4825 1712 4857 στι-

110 4892 377 4966 ϐαρύτητα
438 4894 740 4966 ὑπομνῆσαι
798 4911 811 4923 ·
873 4895 1012 4956 ὅπως
1090 4899 1180 4946 καὶ
1248 4900 1363 4955 ταῖς
1419 4893 1711 4956 κολακείαις

107 4988 196 5034 καὶ
244 4990 361 5044 ταῖς
417 4990 740 5056 προτροπαίς
805 4980 994 5054 μᾶλλον
1051 4985 1145 5040 την
1197 4989 1297 5033 τῶν
1354 4983 1477 5034 θεῶν
1538 4987 1713 5054 ἐπιμέ-

106 5069 245 5124 λειαν
303 5074 426 5132 τοὺς
482 5073 760 5146 ἡμετέρους
820 5069 1152 5143 ἐπαρχιὼτας
1224 5075 1493 5132 ποιήσειας
1546 5070 1713 5143 ἐπιγι-

107 5167 345 5216 νώσκειν.
377 5158 529 5213 Ὀθεν
576 5163 620 5213 εῖ
662 5179 737 5220 τις
786 5168 848 5231 τῇ
902 5163 1067 5210 αὐτοῦ
1113 5165 1413 5234 προαιρέσει
1459 5163 1552 5219 τὴν
1588 5163 1713 5233 θρη-

111 5255 290 5301 σκείαν
362 5256 464 5301 τῶν
540 5251 661 5301 θεῶν
731 5246 1082 5318 ἒπιγνωστέαν
1147 5248 1459 5323 προσλάϐοι,
1530 5256 1711 5302 τοῦτον

109 5335 465 5402 ὑποδέξασθαι
509 5342 782 5411 προσήκει.
818 5335 876 5389 Εἰ
922 5332 980 5389 δέ
1009 5355 1141 5397 τινες
1184 5345 1245 5409 τῇ
1304 5336 1418 5409 ἰδίᾳ
1457 5341 1712 5412 θρησκείᾳ

110 5424 406 5480 ἀκολουθεῖν
455 5425 748 5501 βούλοιντο,
796 5429 845 5477 ἓν
884 5434 945 5498 τῇ
1000 5423 1163 5476 αὐτῶν
1215 5425 1427 5500 ἐξουσίᾳ
1474 5428 1710 5481 καταλεί-

103 5535 239 5569 πειν.
273 5519 456 5591 Διόπερ
501 5517 530 5575 ἡ
569 5521 635 5575 σὴ
678 5515 995 5575 καθοσίωσις
1024 5517 1082 5566 τὸ
1136 5514 1412 5587 ἐπιτραπέν
1462 5535 1546 5569 σοι
1592 5514 1709 5570 δια-

107 5604 374 5677 φυλάττειν
423 5603 629 5679 ὀφείλει,
691 5605 786 5657 κᾶν
838 5598 1027 5677 μηδενὶ
1085 5601 1295 5667 ὶξουσία
1346 5602 1476 5677 δοθῇ
1519 5621 1533 5635 ⁸
1573 5607 1707 5659 ὥστε

1821 4533 2170 4603 admonere,
2196 4538 2258 4589 ut
2282 4532 2364 4588 illi
2391 4547 2587 4604 neque
2612 4548 2649 4588 a
2671 4531 3155 4601 beneﬁcialibus,
3172 4547 3369 4603 neque
3400 4531 3479 4587 ab

1820 4622 1952 4679 aliis
1998 4622 2460 4695 quibuscunque
2493 4621 2723 4692 injuriis
2771 4620 3130 4685 afﬁciantur,
3168 4627 3478 4684 vexentur,

1821 4712 2214 4777 excutiantur,
2247 4710 2352 4766 sed
2396 4710 2599 4782 potius
2650 4715 2716 4766 ut
2759 4710 3045 4765 humanis
3082 4709 3479 4779 benignisque

1821 4799 2335 4857 exhortationibus
2347 4800 2598 4856 deorum
2612 4815 2821 4854 curam
2838 4804 2895 4854 et
2906 4799 3132 4853 cultum
3149 4813 3479 4867 aguoScere

1820 4889 2319 4963 persuadeantur.
2343 4892 2547 4961 Itaque
2569 4888 2617 4943 si
2638 4888 2775 4960 quis
2794 4887 3027 4959 judicio
3048 4887 3179 4958 ipse
3207 4901 3319 4941 suo
3340 4886 3479 4941 deo-

1820 4996 1955 5035 rum
1989 4977 2339 5048 religionem
2369 4977 2817 5049 suscipiendam
2852 4976 3109 5045 duxerit,
3142 4991 3280 5031 eum
3312 4990 3473 5030 com-

1822 5068 1997 5141 plecti
2038 5067 2211 5123 decet
2244 5081 2257 5123 :
2290 5068 2339 5122 si
2368 5069 2471 5139 qui
2500 5082 2642 5122 vero
2673 5067 3059 5121 caeremonias
3099 5081 3243 5120 suas
3272 5064 3476 5134 sejun-

1822 5160 1963 5214 ctim
2033 5156 2203 5229 sequi
2270 5155 2522 5217 malunt.
2596 5154 2841 5211 arbitrio
2896 5154 3300 5226 potestatique
3353 5167 3477 5207 sure

1821 5246 2196 5319 relinquendi
2237 5248 2394 5299 sunt.
2450 5242 2630 5315 488
2678 5242 2849 5299 Dabit
2897 5258 3040 5311 ergo
3091 5241 3331 5296 devotio
3374 5245 3477 5294 tua

1820 5351 2091 5408 operam,
2123 5339 2188 5391 ut
2227 5332 2395 5406 quod
2440 5334 2798 5388 mandatum
2844 5332 2897 5387 ei
2941 5337 3048 5396 est,
3087 5336 3373 5391 servetur,
3422 5334 3479 5384 et

1821 5431 1885 5481 ut
1922 5424 2145 5481 nemini
2172 5423 2417 5495 posthac
2446 5421 2905 5494 provincialium
2933 5425 3278 5475 nostrorum
3319 5434 3355 5473 a
3386 5433 3476 5472 re-

1817 5513 2038 5585 ligione
2086 5529 2197 5569 sua
2248 5511 2724 5569 revocandorum
2772 5510 3022 5566 facultas
3071 5507 3467 5579 permittatur.

1819 5606 1998 5661 Porro
2021 5607 2083 5660 ut
2101 5601 2274 5674 jussa
2297 5601 2426 5658 hasc
2456 5606 2663 5658 nostra
2687 5599 2766 5657 ad
2791 5597 3067 5656 notitiam
3089 5596 3469 5653 subditorum
