  <div class='ocr_page' id='page_1' title='image "/cluster/home/n/w/nwhite01/storage/ocr_20150623/145/hvd.32044054086921/645.png"; bbox 0 0 4020 6218; ppageno 0'>
   <div class='ocr_carea' id='block_1_1' title="bbox 596 260 742 321">
    <p class='ocr_par' dir='ltr' id='par_1_1' title="bbox 596 260 742 321">
     <span class='ocr_line' id='line_1_1' title="bbox 596 260 742 321; baseline -0.014 0"><span class='ocrx_word' id='word_1_1' title='bbox 596 260 742 321; x_wconf 69' lang='lat'>4279</span> 
     </span>
    </p>
   </div>
   <div class='ocr_carea' id='block_1_2' title="bbox 1879 257 2633 319">
    <p class='ocr_par' dir='ltr' id='par_1_2' title="bbox 1879 257 2633 319">
     <span class='ocr_line' id='line_1_2' title="bbox 1879 257 2633 319; baseline -0.001 -1"><span class='ocrx_word' id='word_1_2' title='bbox 1879 257 2265 319; x_wconf 82' lang='lat' dir='ltr'><strong>NICEPHORI</strong></span> <span class='ocrx_word' id='word_1_3' title='bbox 2304 259 2633 318; x_wconf 87' lang='lat' dir='ltr'><strong>CALLISTI</strong></span> 
     </span>
    </p>
   </div>
   <div class='ocr_carea' id='block_1_3' title="bbox 3768 262 3860 323">
    <p class='ocr_par' dir='ltr' id='par_1_3' title="bbox 3768 262 3860 323">
     <span class='ocr_line' id='line_1_3' title="bbox 3768 262 3860 323; baseline 0.065 -6"><span class='ocrx_word' id='word_1_4' title='bbox 3768 262 3860 323; x_wconf 59' lang='lat'><strong>4”)</strong></span> 
     </span>
    </p>
   </div>
   <div class='ocr_carea' id='block_1_4' title="bbox 584 382 2208 462">
    <p class='ocr_par' dir='ltr' id='par_1_4' title="bbox 584 386 2208 462">
     <span class='ocr_line' id='line_1_4' title="bbox 584 386 2208 462; baseline -0.002 -15"><span class='ocrx_word' id='word_1_5' title='bbox 584 395 930 447; x_wconf 86' lang='lat' dir='ltr'><strong>nostrorum</strong></span> <span class='ocrx_word' id='word_1_6' title='bbox 968 386 1340 462; x_wconf 87' lang='lat' dir='ltr'><strong>perveniant,</strong></span> <span class='ocrx_word' id='word_1_7' title='bbox 1383 386 1808 447; x_wconf 82' lang='lat' dir='ltr'><strong>constitutione</strong></span> <span class='ocrx_word' id='word_1_8' title='bbox 1837 403 1875 446; x_wconf 86' lang='lat' dir='ltr'><strong>a</strong></span> <span class='ocrx_word' id='word_1_9' title='bbox 1904 392 1959 446; x_wconf 87' lang='lat' dir='ltr'><strong>te</strong></span> <span class='ocrx_word' id='word_1_10' title='bbox 1989 386 2208 461; x_wconf 86' lang='lat' dir='ltr'><strong>publici</strong></span> 
     </span>
    </p>
   </div>
   <div class='ocr_carea' id='block_1_5' title="bbox 2319 382 3847 462">
    <p class='ocr_par' dir='ltr' id='par_1_5' title="bbox 2346 382 3847 460">
     <span class='ocr_line' id='line_1_5' title="bbox 2346 382 3847 460; baseline 0.001 -21"><span class='ocrx_word' id='word_1_11' title='bbox 2346 390 2461 448; x_wconf 80' lang='grc' dir='ltr'>τοὺς</span> <span class='ocrx_word' id='word_1_12' title='bbox 2538 390 2817 460; x_wconf 63' lang='grc' dir='ltr'>ἡμετέρους</span> <span class='ocrx_word' id='word_1_13' title='bbox 2907 385 3243 460; x_wconf 72' lang='grc' dir='ltr'>ἔπαρχιώτας</span> <span class='ocrx_word' id='word_1_14' title='bbox 3313 390 3574 459; x_wconf 81' lang='grc' dir='ltr'>προσήκει</span> <span class='ocrx_word' id='word_1_15' title='bbox 3646 382 3847 444; x_wconf 64' lang='grc' dir='ltr'>ἀνακαλεῖν,</span> 
     </span>
    </p>
   </div>
   <div class='ocr_carea' id='block_1_6' title="bbox 586 477 1551 554">
    <p class='ocr_par' dir='ltr' id='par_1_6' title="bbox 586 477 1551 554">
     <span class='ocr_line' id='line_1_6' title="bbox 586 477 1551 554; baseline -0.004 -16"><span class='ocrx_word' id='word_1_16' title='bbox 586 485 681 538; x_wconf 90' lang='lat' dir='ltr'><strong>tus</strong></span> <span class='ocrx_word' id='word_1_17' title='bbox 710 479 1022 554; x_wconf 86' lang='lat' dir='ltr'><strong>proposita</strong></span> <span class='ocrx_word' id='word_1_18' title='bbox 1044 493 1255 536; x_wconf 89' lang='lat' dir='ltr'><strong>curare</strong></span> <span class='ocrx_word' id='word_1_19' title='bbox 1279 477 1551 535; x_wconf 84' lang='lat' dir='ltr'><strong>debebis.</strong></span> 
     </span>
    </p>
   </div>
   <div class='ocr_carea' id='block_1_7' title="bbox 1171 767 1638 824">
    <p class='ocr_par' dir='ltr' id='par_1_7' title="bbox 1171 767 1638 824">
     <span class='ocr_line' id='line_1_7' title="bbox 1171 767 1638 824; baseline -0.009 -1"><span class='ocrx_word' id='word_1_20' title='bbox 1171 767 1395 824; x_wconf 88' lang='lat' dir='ltr'><strong>CAPUT</strong></span> <span class='ocrx_word' id='word_1_21' title='bbox 1436 767 1638 822; x_wconf 85' lang='lat' dir='ltr'><strong>XXXII.</strong></span> 
     </span>
    </p>
   </div>
   <div class='ocr_carea' id='block_1_8' title="bbox 580 862 2235 937">
    <p class='ocr_par' dir='ltr' id='par_1_8' title="bbox 580 862 2235 937">
     <span class='ocr_line' id='line_1_8' title="bbox 580 862 2235 937; baseline -0.003 -15"><span class='ocrx_word' id='word_1_22' title='bbox 580 867 657 924; x_wconf 92' lang='lat' dir='ltr'><strong>De</strong></span> <span class='ocrx_word' id='word_1_23' title='bbox 681 865 980 937; x_wconf 58' lang='lat' dir='ltr'><strong>praecipiti</strong></span> <span class='ocrx_word' id='word_1_24' title='bbox 994 868 1385 935; x_wconf 79' lang='lat' dir='ltr'><strong>perversitate</strong></span> <span class='ocrx_word' id='word_1_25' title='bbox 1407 869 1463 921; x_wconf 85' lang='lat' dir='ltr'><strong>et</strong></span> <span class='ocrx_word' id='word_1_26' title='bbox 1489 871 1650 920; x_wconf 82' lang='lat' dir='ltr'><strong>motu</strong></span> <span class='ocrx_word' id='word_1_27' title='bbox 1674 862 1999 920; x_wconf 74' lang='lat' dir='ltr'><strong>Maximini</strong></span> <span class='ocrx_word' id='word_1_28' title='bbox 2020 867 2235 919; x_wconf 80' lang='lat' dir='ltr'><strong>contra</strong></span> 
     </span>
    </p>
   </div>
   <div class='ocr_carea' id='block_1_9' title="bbox 1016 936 1803 1006">
    <p class='ocr_par' dir='ltr' id='par_1_9' title="bbox 1016 936 1803 1006">
     <span class='ocr_line' id='line_1_9' title="bbox 1016 936 1803 1006; baseline -0.004 -13"><span class='ocrx_word' id='word_1_29' title='bbox 1016 937 1462 994; x_wconf 76' lang='lat' dir='ltr'><strong>Constantinum</strong></span> <span class='ocrx_word' id='word_1_30' title='bbox 1490 936 1803 1006; x_wconf 79' lang='lat' dir='ltr'><strong>Magnum.</strong></span> 
     </span>
    </p>
   </div>
   <div class='ocr_carea' id='block_1_10' title="bbox 651 1093 2231 1164">
    <p class='ocr_par' dir='ltr' id='par_1_10' title="bbox 651 1093 2231 1164">
     <span class='ocr_line' id='line_1_10' title="bbox 651 1093 2231 1164; baseline -0.003 -12"><span class='ocrx_word' id='word_1_31' title='bbox 651 1099 787 1152; x_wconf 70' lang='lat' dir='ltr'><strong>Haec</strong></span> <span class='ocrx_word' id='word_1_32' title='bbox 843 1112 981 1152; x_wconf 92' lang='lat' dir='ltr'><strong>cum</strong></span> <span class='ocrx_word' id='word_1_33' title='bbox 1037 1097 1120 1152; x_wconf 88' lang='lat' dir='ltr'><strong>ita</strong></span> <span class='ocrx_word' id='word_1_34' title='bbox 1175 1111 1298 1152; x_wconf 92' lang='lat' dir='ltr'><strong>non</strong></span> <span class='ocrx_word' id='word_1_35' title='bbox 1354 1111 1425 1151; x_wconf 83' lang='lat' dir='ltr'><strong>ex</strong></span> <span class='ocrx_word' id='word_1_36' title='bbox 1479 1094 1793 1162; x_wconf 82' lang='lat' dir='ltr'><strong>sententia,</strong></span> <span class='ocrx_word' id='word_1_37' title='bbox 1848 1093 1951 1150; x_wconf 90' lang='lat' dir='ltr'><strong>sed</strong></span> <span class='ocrx_word' id='word_1_38' title='bbox 2006 1108 2231 1164; x_wconf 89' lang='lat' dir='ltr'><strong>magna</strong></span> 
     </span>
    </p>
   </div>
   <div class='ocr_carea' id='block_1_11' title="bbox 577 1183 2231 1250">
    <p class='ocr_par' dir='ltr' id='par_1_11' title="bbox 577 1183 2231 1250">
     <span class='ocr_line' id='line_1_11' title="bbox 577 1183 2231 1250; baseline -0.002 -9"><span class='ocrx_word' id='word_1_39' title='bbox 577 1186 924 1243; x_wconf 81' lang='lat' dir='ltr'><strong>necessitate</strong></span> <span class='ocrx_word' id='word_1_40' title='bbox 953 1185 1252 1242; x_wconf 87' lang='lat' dir='ltr'><strong>adductus</strong></span> <span class='ocrx_word' id='word_1_41' title='bbox 1282 1184 1646 1250; x_wconf 84' lang='lat' dir='ltr'><strong>mandasset,</strong></span> <span class='ocrx_word' id='word_1_42' title='bbox 1676 1183 1920 1239; x_wconf 89' lang='lat' dir='ltr'><strong>minime</strong></span> <span class='ocrx_word' id='word_1_43' title='bbox 1950 1183 2115 1239; x_wconf 90' lang='lat' dir='ltr'><strong>visus</strong></span> <span class='ocrx_word' id='word_1_44' title='bbox 2141 1187 2231 1237; x_wconf 91' lang='lat' dir='ltr'><strong>est</strong></span> 
     </span>
    </p>
   </div>
   <div class='ocr_carea' id='block_1_12' title="bbox 574 1273 2224 1347">
    <p class='ocr_par' dir='ltr' id='par_1_12' title="bbox 574 1273 2224 1347">
     <span class='ocr_line' id='line_1_12' title="bbox 574 1273 2224 1347; baseline -0.003 -17"><span class='ocrx_word' id='word_1_45' title='bbox 574 1290 717 1331; x_wconf 84' lang='lat' dir='ltr'><strong>vera</strong></span> <span class='ocrx_word' id='word_1_46' title='bbox 743 1275 961 1341; x_wconf 83' lang='lat' dir='ltr'><strong>dicere,</strong></span> <span class='ocrx_word' id='word_1_47' title='bbox 992 1275 1077 1329; x_wconf 91' lang='lat' dir='ltr'><strong>eis</strong></span> <span class='ocrx_word' id='word_1_48' title='bbox 1109 1275 1214 1347; x_wconf 88' lang='lat' dir='ltr'><strong>qui</strong></span> <span class='ocrx_word' id='word_1_49' title='bbox 1242 1274 1307 1329; x_wconf 91' lang='lat' dir='ltr'><strong>in</strong></span> <span class='ocrx_word' id='word_1_50' title='bbox 1338 1274 1555 1329; x_wconf 88' lang='lat' dir='ltr'><strong>animis</strong></span> <span class='ocrx_word' id='word_1_51' title='bbox 1588 1273 1710 1328; x_wconf 87' lang='lat' dir='ltr'><strong>suis</strong></span> <span class='ocrx_word' id='word_1_52' title='bbox 1742 1273 2224 1338; x_wconf 81' lang='lat' dir='ltr'><strong>considerabant,</strong></span> 
     </span>
    </p>
   </div>
   <div class='ocr_carea' id='block_1_13' title="bbox 575 1360 2227 1436">
    <p class='ocr_par' dir='ltr' id='par_1_13' title="bbox 575 1360 2227 1436">
     <span class='ocr_line' id='line_1_13' title="bbox 575 1360 2227 1436; baseline -0.002 -17"><span class='ocrx_word' id='word_1_53' title='bbox 575 1364 760 1436; x_wconf 88' lang='lat' dir='ltr'><strong>paulo</strong></span> <span class='ocrx_word' id='word_1_54' title='bbox 781 1380 919 1419; x_wconf 90' lang='lat' dir='ltr'><strong>eum</strong></span> <span class='ocrx_word' id='word_1_55' title='bbox 946 1368 1082 1418; x_wconf 84' lang='lat' dir='ltr'><strong>ante</strong></span> <span class='ocrx_word' id='word_1_56' title='bbox 1103 1378 1211 1435; x_wconf 90' lang='lat' dir='ltr'><strong>per</strong></span> <span class='ocrx_word' id='word_1_57' title='bbox 1224 1363 1435 1432; x_wconf 89' lang='lat' dir='ltr'><strong>judicii</strong></span> <span class='ocrx_word' id='word_1_58' title='bbox 1461 1362 1553 1416; x_wconf 86' lang='lat' dir='ltr'><strong>sui</strong></span> <span class='ocrx_word' id='word_1_59' title='bbox 1571 1360 2227 1429; x_wconf 87' lang='lat' dir='ltr'><strong>inconstantiamlonge</strong></span> 
     </span>
    </p>
   </div>
   <div class='ocr_carea' id='block_1_14' title="bbox 573 1438 2225 1522">
    <p class='ocr_par' dir='ltr' id='par_1_14' title="bbox 573 1438 2225 1522">
     <span class='ocr_line' id='line_1_14' title="bbox 573 1438 2225 1522; baseline -0.002 -14"><span class='ocrx_word' id='word_1_60' title='bbox 573 1452 692 1508; x_wconf 93' lang='lat' dir='ltr'><strong>alia</strong></span> <span class='ocrx_word' id='word_1_61' title='bbox 722 1469 795 1508; x_wconf 87' lang='lat' dir='ltr'><strong>ac</strong></span> <span class='ocrx_word' id='word_1_62' title='bbox 822 1454 1059 1509; x_wconf 89' lang='lat' dir='ltr'><strong>diversa</strong></span> <span class='ocrx_word' id='word_1_63' title='bbox 1089 1453 1483 1508; x_wconf 88' lang='lat' dir='ltr'><strong>constituisse.</strong></span> <span class='ocrx_word' id='word_1_64' title='bbox 1516 1453 1889 1522; x_wconf 81' lang='lat' dir='ltr'><strong>Quapropter</strong></span> <span class='ocrx_word' id='word_1_65' title='bbox 1913 1438 2093 1505; x_wconf 89' lang='lat' dir='ltr'><strong>nemo</strong></span> <span class='ocrx_word' id='word_1_66' title='bbox 2122 1466 2225 1521; x_wconf 88' lang='lat' dir='ltr'><strong>pu-</strong></span> 
     </span>
    </p>
   </div>
   <div class='ocr_carea' id='block_1_15' title="bbox 569 1538 2227 1611">
    <p class='ocr_par' dir='ltr' id='par_1_15' title="bbox 569 1538 2227 1611">
     <span class='ocr_line' id='line_1_15' title="bbox 569 1538 2227 1611; baseline -0.002 -15"><span class='ocrx_word' id='word_1_67' title='bbox 569 1542 723 1597; x_wconf 90' lang='lat' dir='ltr'><strong>blice</strong></span> <span class='ocrx_word' id='word_1_68' title='bbox 763 1547 1088 1597; x_wconf 88' lang='lat' dir='ltr'><strong>conventus</strong></span> <span class='ocrx_word' id='word_1_69' title='bbox 1119 1556 1350 1611; x_wconf 81' lang='lat' dir='ltr'><strong>cogere,</strong></span> <span class='ocrx_word' id='word_1_70' title='bbox 1383 1556 1563 1596; x_wconf 91' lang='lat' dir='ltr'><strong>nemo</strong></span> <span class='ocrx_word' id='word_1_71' title='bbox 1592 1539 1777 1595; x_wconf 89' lang='lat' dir='ltr'><strong>libere</strong></span> <span class='ocrx_word' id='word_1_72' title='bbox 1802 1554 1939 1610; x_wconf 75' lang='lat' dir='ltr'><strong>quae</strong></span> <span class='ocrx_word' id='word_1_73' title='bbox 1976 1538 2227 1607; x_wconf 85' lang='lat' dir='ltr'><strong>legitim-</strong></span> 
     </span>
    </p>
   </div>
   <div class='ocr_carea' id='block_1_16' title="bbox 567 1627 2226 1700">
    <p class='ocr_par' dir='ltr' id='par_1_16' title="bbox 567 1627 2226 1700">
     <span class='ocr_line' id='line_1_16' title="bbox 567 1627 2226 1700; baseline -0.002 -14"><span class='ocrx_word' id='word_1_74' title='bbox 567 1630 760 1686; x_wconf 88' lang='lat' dir='ltr'><strong>cultus</strong></span> <span class='ocrx_word' id='word_1_75' title='bbox 785 1631 970 1686; x_wconf 81' lang='lat' dir='ltr'><strong>nostri</strong></span> <span class='ocrx_word' id='word_1_76' title='bbox 1006 1635 1143 1686; x_wconf 92' lang='lat' dir='ltr'><strong>sunt</strong></span> <span class='ocrx_word' id='word_1_77' title='bbox 1182 1645 1465 1700; x_wconf 86' lang='lat' dir='ltr'><strong>peragere</strong></span> <span class='ocrx_word' id='word_1_78' title='bbox 1500 1627 1783 1684; x_wconf 86' lang='lat' dir='ltr'><strong>audebat.</strong></span> <span class='ocrx_word' id='word_1_79' title='bbox 1813 1631 2015 1699; x_wconf 79' lang='lat' dir='ltr'><strong>Neque</strong></span> <span class='ocrx_word' id='word_1_80' title='bbox 2047 1627 2105 1682; x_wconf 93' lang='lat' dir='ltr'><strong>id</strong></span> <span class='ocrx_word' id='word_1_81' title='bbox 2138 1644 2226 1683; x_wconf 87' lang='lat' dir='ltr'><strong>re-</strong></span> 
     </span>
    </p>
   </div>
   <div class='ocr_carea' id='block_1_17' title="bbox 566 1717 2220 1792">
    <p class='ocr_par' dir='ltr' id='par_1_17' title="bbox 566 1717 2220 1792">
     <span class='ocr_line' id='line_1_17' title="bbox 566 1717 2220 1792; baseline -0.002 -18"><span class='ocrx_word' id='word_1_82' title='bbox 566 1721 849 1792; x_wconf 87' lang='lat' dir='ltr'><strong>scriptum</strong></span> <span class='ocrx_word' id='word_1_83' title='bbox 878 1721 1078 1791; x_wconf 90' lang='lat' dir='ltr'><strong>ipsum</strong></span> <span class='ocrx_word' id='word_1_84' title='bbox 1102 1718 1359 1787; x_wconf 88' lang='lat' dir='ltr'><strong>volebat,</strong></span> <span class='ocrx_word' id='word_1_85' title='bbox 1389 1717 1557 1790; x_wconf 91' lang='lat' dir='ltr'><strong>quod</strong></span> <span class='ocrx_word' id='word_1_86' title='bbox 1582 1717 1963 1772; x_wconf 84' lang='lat' dir='ltr'><strong>securitatem</strong></span> <span class='ocrx_word' id='word_1_87' title='bbox 1993 1721 2220 1772; x_wconf 86' lang='lat' dir='ltr'><strong>tantum</strong></span> 
     </span>
    </p>
   </div>
   <div class='ocr_carea' id='block_1_18' title="bbox 556 1805 2222 1878">
    <p class='ocr_par' dir='ltr' id='par_1_18' title="bbox 556 1805 2222 1878">
     <span class='ocr_line' id='line_1_18' title="bbox 556 1805 2222 1878; baseline -0.002 -14"><span class='ocrx_word' id='word_1_88' title='bbox 556 1808 733 1864; x_wconf 85' lang='lat' dir='ltr'><strong>nobis</strong></span> <span class='ocrx_word' id='word_1_89' title='bbox 765 1809 843 1864; x_wconf 90' lang='lat' dir='ltr'><strong>ab</strong></span> <span class='ocrx_word' id='word_1_90' title='bbox 880 1808 1112 1878; x_wconf 80' lang='lat' dir='ltr'><strong>injuriis</strong></span> <span class='ocrx_word' id='word_1_91' title='bbox 1146 1814 1204 1862; x_wconf 90' lang='lat' dir='ltr'><strong>et</strong></span> <span class='ocrx_word' id='word_1_92' title='bbox 1237 1805 1615 1863; x_wconf 86' lang='lat' dir='ltr'><strong>contumeliis</strong></span> <span class='ocrx_word' id='word_1_93' title='bbox 1642 1805 2016 1863; x_wconf 85' lang='lat' dir='ltr'><strong>concedebat</strong></span> <span class='ocrx_word' id='word_1_94' title='bbox 2047 1822 2060 1860; x_wconf 92' lang='lat'><strong>:</strong></span> <span class='ocrx_word' id='word_1_95' title='bbox 2106 1805 2222 1860; x_wconf 86' lang='lat' dir='ltr'><strong>mi-</strong></span> 
     </span>
    </p>
   </div>
   <div class='ocr_carea' id='block_1_19' title="bbox 559 1892 2222 1965">
    <p class='ocr_par' dir='ltr' id='par_1_19' title="bbox 559 1892 2222 1965">
     <span class='ocr_line' id='line_1_19' title="bbox 559 1892 2222 1965; baseline -0.001 -13"><span class='ocrx_word' id='word_1_96' title='bbox 559 1898 722 1952; x_wconf 88' lang='lat' dir='ltr'><strong>nime</strong></span> <span class='ocrx_word' id='word_1_97' title='bbox 759 1902 960 1953; x_wconf 90' lang='lat' dir='ltr'><strong>autem</strong></span> <span class='ocrx_word' id='word_1_98' title='bbox 1005 1901 1334 1952; x_wconf 88' lang='lat' dir='ltr'><strong>conventus</strong></span> <span class='ocrx_word' id='word_1_99' title='bbox 1368 1910 1566 1965; x_wconf 89' lang='lat' dir='ltr'><strong>agere,</strong></span> <span class='ocrx_word' id='word_1_100' title='bbox 1599 1894 1838 1950; x_wconf 87' lang='lat' dir='ltr'><strong>divinas</strong></span> <span class='ocrx_word' id='word_1_101' title='bbox 1872 1892 2089 1949; x_wconf 91' lang='lat' dir='ltr'><strong>domos</strong></span> <span class='ocrx_word' id='word_1_102' title='bbox 2122 1910 2222 1950; x_wconf 83' lang='lat' dir='ltr'><strong>ex—</strong></span> 
     </span>
    </p>
   </div>
   <div class='ocr_carea' id='block_1_20' title="bbox 559 1982 2219 2058">
    <p class='ocr_par' dir='ltr' id='par_1_20' title="bbox 559 1982 2219 2058">
     <span class='ocr_line' id='line_1_20' title="bbox 559 1982 2219 2058; baseline -0.002 -18"><span class='ocrx_word' id='word_1_103' title='bbox 559 1991 805 2052; x_wconf 83' lang='lat' dir='ltr'><strong>struere,</strong></span> <span class='ocrx_word' id='word_1_104' title='bbox 827 1992 883 2042; x_wconf 89' lang='lat' dir='ltr'><strong>et</strong></span> <span class='ocrx_word' id='word_1_105' title='bbox 911 1986 1030 2041; x_wconf 91' lang='lat' dir='ltr'><strong>alia</strong></span> <span class='ocrx_word' id='word_1_106' title='bbox 1059 2002 1193 2058; x_wconf 67' lang='lat' dir='ltr'><strong>quin</strong></span> <span class='ocrx_word' id='word_1_107' title='bbox 1225 1985 1403 2040; x_wconf 88' lang='lat' dir='ltr'><strong>solita</strong></span> <span class='ocrx_word' id='word_1_108' title='bbox 1432 1991 1840 2054; x_wconf 83' lang='lat' dir='ltr'><strong>consuetaque</strong></span> <span class='ocrx_word' id='word_1_109' title='bbox 1868 1982 2046 2038; x_wconf 90' lang='lat' dir='ltr'><strong>nobis</strong></span> <span class='ocrx_word' id='word_1_110' title='bbox 2079 1988 2219 2038; x_wconf 90' lang='lat' dir='ltr'><strong>sunt</strong></span> 
     </span>
    </p>
   </div>
   <div class='ocr_carea' id='block_1_21' title="bbox 562 2072 2217 2147">
    <p class='ocr_par' dir='ltr' id='par_1_21' title="bbox 562 2072 2217 2147">
     <span class='ocr_line' id='line_1_21' title="bbox 562 2072 2217 2147; baseline -0.002 -16"><span class='ocrx_word' id='word_1_111' title='bbox 562 2074 757 2131; x_wconf 88' lang='lat' dir='ltr'><strong>facere</strong></span> <span class='ocrx_word' id='word_1_112' title='bbox 797 2074 1176 2147; x_wconf 85' lang='lat' dir='ltr'><strong>permittebat</strong></span> <span class='ocrx_word' id='word_1_113' title='bbox 1222 2090 1401 2129; x_wconf 89' lang='lat' dir='ltr'><strong>:cum</strong></span> <span class='ocrx_word' id='word_1_114' title='bbox 1444 2072 1692 2144; x_wconf 87' lang='lat' dir='ltr'><strong>quidem</strong></span> <span class='ocrx_word' id='word_1_115' title='bbox 1718 2088 1790 2127; x_wconf 88' lang='lat' dir='ltr'><strong>ea</strong></span> <span class='ocrx_word' id='word_1_116' title='bbox 1827 2072 2031 2128; x_wconf 87' lang='lat' dir='ltr'><strong>omnia</strong></span> <span class='ocrx_word' id='word_1_117' title='bbox 2063 2088 2217 2128; x_wconf 71' lang='lat' dir='ltr'><strong>veras</strong></span> 
     </span>
    </p>
   </div>
   <div class='ocr_carea' id='block_1_22' title="bbox 566 2161 2218 2236">
    <p class='ocr_par' dir='ltr' id='par_1_22' title="bbox 566 2161 2218 2236">
     <span class='ocr_line' id='line_1_22' title="bbox 566 2161 2218 2236; baseline -0.001 -18"><span class='ocrx_word' id='word_1_118' title='bbox 566 2165 802 2234; x_wconf 87' lang='lat' dir='ltr'><strong>pietatis</strong></span> <span class='ocrx_word' id='word_1_119' title='bbox 835 2165 1121 2236; x_wconf 88' lang='lat' dir='ltr'><strong>pacisque</strong></span> <span class='ocrx_word' id='word_1_120' title='bbox 1163 2169 1378 2218; x_wconf 83' lang='lat' dir='ltr'><strong>nostrae</strong></span> <span class='ocrx_word' id='word_1_121' title='bbox 1404 2162 1527 2217; x_wconf 82' lang='lat' dir='ltr'><strong>dux</strong></span> <span class='ocrx_word' id='word_1_122' title='bbox 1557 2167 1612 2216; x_wconf 91' lang='lat' dir='ltr'><strong>et</strong></span> <span class='ocrx_word' id='word_1_123' title='bbox 1649 2167 1857 2216; x_wconf 87' lang='lat' dir='ltr'><strong>auctor</strong></span> <span class='ocrx_word' id='word_1_124' title='bbox 1892 2161 2218 2232; x_wconf 88' lang='lat' dir='ltr'><strong>imperator</strong></span> 
     </span>
    </p>
   </div>
   <div class='ocr_carea' id='block_1_23' title="bbox 564 2249 2217 2320">
    <p class='ocr_par' dir='ltr' id='par_1_23' title="bbox 564 2249 2217 2320">
     <span class='ocr_line' id='line_1_23' title="bbox 564 2249 2217 2320; baseline -0.002 -12"><span class='ocrx_word' id='word_1_125' title='bbox 564 2250 1010 2318; x_wconf 86' lang='lat' dir='ltr'><strong>Constantinus,</strong></span> <span class='ocrx_word' id='word_1_126' title='bbox 1073 2268 1195 2307; x_wconf 91' lang='lat' dir='ltr'><strong>una</strong></span> <span class='ocrx_word' id='word_1_127' title='bbox 1243 2268 1382 2306; x_wconf 88' lang='lat' dir='ltr'><strong>cum</strong></span> <span class='ocrx_word' id='word_1_128' title='bbox 1436 2250 1679 2320; x_wconf 88' lang='lat' dir='ltr'><strong>Licinio,</strong></span> <span class='ocrx_word' id='word_1_129' title='bbox 1712 2249 1919 2306; x_wconf 88' lang='lat' dir='ltr'><strong>litteris</strong></span> <span class='ocrx_word' id='word_1_130' title='bbox 1968 2250 2092 2304; x_wconf 87' lang='lat' dir='ltr'><strong>suis</strong></span> <span class='ocrx_word' id='word_1_131' title='bbox 2136 2249 2217 2306; x_wconf 91' lang='lat' dir='ltr'><strong>ad</strong></span> 
     </span>
    </p>
   </div>
   <div class='ocr_carea' id='block_1_24' title="bbox 559 2338 2216 2412">
    <p class='ocr_par' dir='ltr' id='par_1_24' title="bbox 559 2338 2216 2412">
     <span class='ocr_line' id='line_1_24' title="bbox 559 2338 2216 2412; baseline -0.002 -16"><span class='ocrx_word' id='word_1_132' title='bbox 559 2355 697 2397; x_wconf 90' lang='lat' dir='ltr'><strong>eum</strong></span> <span class='ocrx_word' id='word_1_133' title='bbox 726 2355 1061 2412; x_wconf 87' lang='lat' dir='ltr'><strong>omnesque</strong></span> <span class='ocrx_word' id='word_1_134' title='bbox 1083 2339 1293 2395; x_wconf 91' lang='lat' dir='ltr'><strong>ditioni</strong></span> <span class='ocrx_word' id='word_1_135' title='bbox 1320 2344 1377 2395; x_wconf 90' lang='lat' dir='ltr'><strong>et</strong></span> <span class='ocrx_word' id='word_1_136' title='bbox 1398 2339 1651 2409; x_wconf 85' lang='lat' dir='ltr'><strong>imperio</strong></span> <span class='ocrx_word' id='word_1_137' title='bbox 1677 2354 1886 2394; x_wconf 90' lang='lat' dir='ltr'><strong>eorum</strong></span> <span class='ocrx_word' id='word_1_138' title='bbox 1913 2338 2216 2409; x_wconf 86' lang='lat' dir='ltr'><strong>subjectos</strong></span> 
     </span>
    </p>
   </div>
   <div class='ocr_carea' id='block_1_25' title="bbox 566 2426 2216 2501">
    <p class='ocr_par' dir='ltr' id='par_1_25' title="bbox 566 2426 2216 2501">
     <span class='ocr_line' id='line_1_25' title="bbox 566 2426 2216 2501; baseline -0.001 -17"><span class='ocrx_word' id='word_1_139' title='bbox 566 2429 826 2501; x_wconf 90' lang='lat' dir='ltr'><strong>p0pulos</strong></span> <span class='ocrx_word' id='word_1_140' title='bbox 855 2429 1030 2494; x_wconf 88' lang='lat' dir='ltr'><strong>datis,</strong></span> <span class='ocrx_word' id='word_1_141' title='bbox 1057 2430 1440 2500; x_wconf 87' lang='lat' dir='ltr'><strong>permisisset.</strong></span> <span class='ocrx_word' id='word_1_142' title='bbox 1458 2430 1749 2485; x_wconf 64' lang='lat' dir='ltr'><strong>Caeterum</strong></span> <span class='ocrx_word' id='word_1_143' title='bbox 1769 2427 1957 2499; x_wconf 91' lang='lat' dir='ltr'><strong>impio</strong></span> <span class='ocrx_word' id='word_1_144' title='bbox 1986 2426 2066 2483; x_wconf 88' lang='lat' dir='ltr'><strong>illi</strong></span> <span class='ocrx_word' id='word_1_145' title='bbox 2086 2427 2216 2483; x_wconf 69' lang='lat' dir='ltr'><strong>haec</strong></span> 
     </span>
    </p>
   </div>
   <div class='ocr_carea' id='block_1_26' title="bbox 559 2515 2214 2591">
    <p class='ocr_par' dir='ltr' id='par_1_26' title="bbox 559 2515 2214 2591">
     <span class='ocr_line' id='line_1_26' title="bbox 559 2515 2214 2591; baseline -0.001 -16"><span class='ocrx_word' id='word_1_146' title='bbox 559 2518 938 2591; x_wconf 90' lang='lat' dir='ltr'><strong>displicuere,</strong></span> <span class='ocrx_word' id='word_1_147' title='bbox 970 2520 1250 2591; x_wconf 88' lang='lat' dir='ltr'><strong>quamvis</strong></span> <span class='ocrx_word' id='word_1_148' title='bbox 1290 2524 1501 2589; x_wconf 89' lang='lat' dir='ltr'><strong>postea</strong></span> <span class='ocrx_word' id='word_1_149' title='bbox 1531 2516 1740 2573; x_wconf 91' lang='lat' dir='ltr'><strong>divina</strong></span> <span class='ocrx_word' id='word_1_150' title='bbox 1764 2515 2027 2572; x_wconf 84' lang='lat' dir='ltr'><strong>vindicta</strong></span> <span class='ocrx_word' id='word_1_151' title='bbox 2075 2533 2214 2573; x_wconf 89' lang='lat' dir='ltr'><strong>coa-</strong></span> 
     </span>
    </p>
   </div>
   <div class='ocr_carea' id='block_1_27' title="bbox 564 2605 2210 2679">
    <p class='ocr_par' dir='ltr' id='par_1_27' title="bbox 564 2605 2210 2679">
     <span class='ocr_line' id='line_1_27' title="bbox 564 2605 2210 2679; baseline -0.001 -16"><span class='ocrx_word' id='word_1_152' title='bbox 564 2615 716 2675; x_wconf 91' lang='lat' dir='ltr'><strong>ctus,</strong></span> <span class='ocrx_word' id='word_1_153' title='bbox 771 2607 860 2663; x_wconf 90' lang='lat' dir='ltr'><strong>vel</strong></span> <span class='ocrx_word' id='word_1_154' title='bbox 908 2609 1129 2663; x_wconf 88' lang='lat' dir='ltr'><strong>invitus</strong></span> <span class='ocrx_word' id='word_1_155' title='bbox 1183 2607 1397 2663; x_wconf 89' lang='lat' dir='ltr'><strong>eadem</strong></span> <span class='ocrx_word' id='word_1_156' title='bbox 1448 2623 1582 2679; x_wconf 80' lang='lat' dir='ltr'><strong>quae</strong></span> <span class='ocrx_word' id='word_1_157' title='bbox 1621 2605 1702 2662; x_wconf 89' lang='lat' dir='ltr'><strong>illi</strong></span> <span class='ocrx_word' id='word_1_158' title='bbox 1760 2606 2210 2671; x_wconf 88' lang='lat' dir='ltr'><strong>constituerant,</strong></span> 
     </span>
    </p>
   </div>
   <div class='ocr_carea' id='block_1_28' title="bbox 563 2696 2214 2765">
    <p class='ocr_par' dir='ltr' id='par_1_28' title="bbox 563 2696 2214 2765">
     <span class='ocr_line' id='line_1_28' title="bbox 563 2696 2214 2765; baseline -0.001 -14"><span class='ocrx_word' id='word_1_159' title='bbox 563 2697 792 2752; x_wconf 89' lang='lat' dir='ltr'><strong>sancire</strong></span> <span class='ocrx_word' id='word_1_160' title='bbox 842 2713 1087 2752; x_wconf 89' lang='lat' dir='ltr'><strong>necesse</strong></span> <span class='ocrx_word' id='word_1_161' title='bbox 1133 2697 1429 2753; x_wconf 85' lang='lat' dir='ltr'><strong>habuerit.</strong></span> <span class='ocrx_word' id='word_1_162' title='bbox 1471 2696 1776 2761; x_wconf 66' lang='lat' dir='ltr'><strong>Praecipua</strong></span> <span class='ocrx_word' id='word_1_163' title='bbox 1821 2700 2022 2751; x_wconf 88' lang='lat' dir='ltr'><strong>autem</strong></span> <span class='ocrx_word' id='word_1_164' title='bbox 2086 2696 2214 2765; x_wconf 90' lang='lat' dir='ltr'><strong>ejus</strong></span> 
     </span>
    </p>
   </div>
   <div class='ocr_carea' id='block_1_29' title="bbox 558 2783 2213 2858">
    <p class='ocr_par' dir='ltr' id='par_1_29' title="bbox 558 2783 2213 2858">
     <span class='ocr_line' id='line_1_29' title="bbox 558 2783 2213 2858; baseline -0.001 -18"><span class='ocrx_word' id='word_1_165' title='bbox 558 2787 845 2841; x_wconf 74' lang='lat' dir='ltr'><strong>vecordite</strong></span> <span class='ocrx_word' id='word_1_166' title='bbox 872 2802 1057 2843; x_wconf 89' lang='lat' dir='ltr'><strong>causa</strong></span> <span class='ocrx_word' id='word_1_167' title='bbox 1092 2790 1242 2851; x_wconf 88' lang='lat' dir='ltr'><strong>erat,</strong></span> <span class='ocrx_word' id='word_1_168' title='bbox 1275 2785 1442 2858; x_wconf 88' lang='lat' dir='ltr'><strong>quod</strong></span> <span class='ocrx_word' id='word_1_169' title='bbox 1475 2783 1948 2854; x_wconf 84' lang='lat' dir='ltr'><strong>magnitudinem</strong></span> <span class='ocrx_word' id='word_1_170' title='bbox 1977 2783 2213 2855; x_wconf 89' lang='lat' dir='ltr'><strong>imperii</strong></span> 
     </span>
    </p>
   </div>
   <div class='ocr_carea' id='block_1_30' title="bbox 554 2874 2213 2947">
    <p class='ocr_par' dir='ltr' id='par_1_30' title="bbox 554 2874 2213 2947">
     <span class='ocr_line' id='line_1_30' title="bbox 554 2874 2213 2947; baseline -0.003 -15"><span class='ocrx_word' id='word_1_171' title='bbox 554 2875 720 2947; x_wconf 88' lang='lat' dir='ltr'><strong>quod</strong></span> <span class='ocrx_word' id='word_1_172' title='bbox 749 2877 802 2930; x_wconf 87' lang='lat' dir='ltr'><strong>ei</strong></span> <span class='ocrx_word' id='word_1_173' title='bbox 828 2876 1143 2943; x_wconf 84' lang='lat' dir='ltr'><strong>obtigerat,</strong></span> <span class='ocrx_word' id='word_1_174' title='bbox 1187 2875 1338 2931; x_wconf 85' lang='lat' dir='ltr'><strong>ferre</strong></span> <span class='ocrx_word' id='word_1_175' title='bbox 1378 2880 1554 2947; x_wconf 91' lang='lat' dir='ltr'><strong>atque</strong></span> <span class='ocrx_word' id='word_1_176' title='bbox 1586 2874 1878 2930; x_wconf 84' lang='lat' dir='ltr'><strong>sustinere</strong></span> <span class='ocrx_word' id='word_1_177' title='bbox 1920 2888 2045 2929; x_wconf 83' lang='lat' dir='ltr'><strong>non</strong></span> <span class='ocrx_word' id='word_1_178' title='bbox 2077 2888 2213 2944; x_wconf 90' lang='lat' dir='ltr'><strong>pos-</strong></span> 
     </span>
    </p>
   </div>
   <div class='ocr_carea' id='block_1_31' title="bbox 2344 474 3851 551">
    <p class='ocr_par' dir='ltr' id='par_1_31' title="bbox 2344 474 3851 551">
     <span class='ocr_line' id='line_1_31' title="bbox 2344 474 3851 551; baseline -0.003 -20"><span class='ocrx_word' id='word_1_179' title='bbox 2344 476 2457 532; x_wconf 84' lang='grc' dir='ltr'>Ἵνα</span> <span class='ocrx_word' id='word_1_180' title='bbox 2500 474 2559 529; x_wconf 67' lang='grc' dir='ltr'><strong>δὲ</strong></span> <span class='ocrx_word' id='word_1_181' title='bbox 2590 478 2723 535; x_wconf 79' lang='grc' dir='ltr'>αὕτη</span> <span class='ocrx_word' id='word_1_182' title='bbox 2772 479 2919 549; x_wconf 75' lang='grc' dir='ltr'>ἡμῶν</span> <span class='ocrx_word' id='word_1_183' title='bbox 2965 479 2996 536; x_wconf 79' lang='grc' dir='ltr'>ἡ</span> <span class='ocrx_word' id='word_1_184' title='bbox 3031 477 3263 539; x_wconf 67' lang='grc' dir='ltr'>κέλευσις</span> <span class='ocrx_word' id='word_1_185' title='bbox 3307 478 3375 538; x_wconf 81' lang='grc' dir='ltr'>εἰς</span> <span class='ocrx_word' id='word_1_186' title='bbox 3419 484 3610 547; x_wconf 82' lang='grc' dir='ltr'>γνῶσιν</span> <span class='ocrx_word' id='word_1_187' title='bbox 3635 483 3718 526; x_wconf 73' lang='grc' dir='ltr'><strong>τῶν</strong></span> 
     </span>
    </p>
   </div>
   <div class='ocr_carea' id='block_1_32' title="bbox 2345 563 3850 640">
    <p class='ocr_par' dir='ltr' id='par_1_32' title="bbox 2345 563 3850 640">
     <span class='ocr_line' id='line_1_32' title="bbox 2345 563 3850 640; baseline -0.001 -22"><span class='ocrx_word' id='word_1_188' title='bbox 2345 574 2554 639; x_wconf 84' lang='grc' dir='ltr'>χιωτῶν</span> <span class='ocrx_word' id='word_1_189' title='bbox 2603 569 2862 640; x_wconf 74' lang='grc' dir='ltr'><strong>ἡμετέρων</strong></span> <span class='ocrx_word' id='word_1_190' title='bbox 2893 568 3035 639; x_wconf 75' lang='grc' dir='ltr'>ἔλθῃ,</span> <span class='ocrx_word' id='word_1_191' title='bbox 3084 563 3410 638; x_wconf 73' lang='grc' dir='ltr'><strong>διατάγματι</strong></span> <span class='ocrx_word' id='word_1_192' title='bbox 3460 566 3562 616; x_wconf 79' lang='grc' dir='ltr'><strong>ὑπό</strong></span> <span class='ocrx_word' id='word_1_193' title='bbox 3612 572 3694 616; x_wconf 73' lang='grc' dir='ltr'>σοῦ</span> <span class='ocrx_word' id='word_1_194' title='bbox 3734 585 3850 636; x_wconf 71' lang='grc' dir='ltr'>προτε-</span> 
     </span>
    </p>
   </div>
   <div class='ocr_carea' id='block_1_33' title="bbox 2346 653 3556 729">
    <p class='ocr_par' dir='ltr' id='par_1_33' title="bbox 2346 653 3556 729">
     <span class='ocr_line' id='line_1_33' title="bbox 2346 653 3556 729; baseline -0.001 -21"><span class='ocrx_word' id='word_1_195' title='bbox 2346 657 2481 709; x_wconf 86' lang='grc' dir='ltr'>θέντι</span> <span class='ocrx_word' id='word_1_196' title='bbox 2512 659 2569 708; x_wconf 87' lang='grc' dir='ltr'><strong>τό</strong></span> <span class='ocrx_word' id='word_1_197' title='bbox 2598 655 2990 729; x_wconf 79' lang='grc' dir='ltr'><strong>κεκελευσμένον</strong></span> <span class='ocrx_word' id='word_1_198' title='bbox 3020 656 3208 729; x_wconf 59' lang='grc' dir='ltr'>όφεῦα</span> <span class='ocrx_word' id='word_1_199' title='bbox 3234 653 3494 713; x_wconf 77' lang='grc' dir='ltr'>δηλῶσαι.</span> <span class='ocrx_word' id='word_1_200' title='bbox 3528 676 3556 707; x_wconf 72' lang='lat' dir='ltr'><strong>n</strong></span> 
     </span>
    </p>
   </div>
   <div class='ocr_carea' id='block_1_34' title="bbox 2940 771 3348 827">
    <p class='ocr_par' dir='ltr' id='par_1_34' title="bbox 2940 771 3348 827">
     <span class='ocr_line' id='line_1_34' title="bbox 2940 771 3348 827; baseline -0.002 0"><span class='ocrx_word' id='word_1_201' title='bbox 2940 778 3105 827; x_wconf 74' lang='grc' dir='ltr'><strong>ΚΕΦΑ</strong></span> <span class='ocrx_word' id='word_1_202' title='bbox 3119 778 3181 826; x_wconf 87' lang='grc' dir='ltr'><strong>Λ.</strong></span> <span class='ocrx_word' id='word_1_203' title='bbox 3225 771 3348 826; x_wconf 82' lang='lat' dir='ltr'><strong>AB&#39;.</strong></span> 
     </span>
    </p>
   </div>
   <div class='ocr_carea' id='block_1_35' title="bbox 2341 866 3869 941">
    <p class='ocr_par' dir='ltr' id='par_1_35' title="bbox 2341 866 3869 941">
     <span class='ocr_line' id='line_1_35' title="bbox 2341 866 3869 941; baseline -0.004 -18"><span class='ocrx_word' id='word_1_204' title='bbox 2341 874 2499 941; x_wconf 82' lang='grc' dir='ltr'>Περὶ</span> <span class='ocrx_word' id='word_1_205' title='bbox 2536 879 2650 931; x_wconf 79' lang='grc' dir='ltr'>τῆς</span> <span class='ocrx_word' id='word_1_206' title='bbox 2688 871 2779 932; x_wconf 86' lang='grc' dir='ltr'><strong>εἰς</strong></span> <span class='ocrx_word' id='word_1_207' title='bbox 2808 870 3137 941; x_wconf 71' lang='grc' dir='ltr'>προῦπτον</span> <span class='ocrx_word' id='word_1_208' title='bbox 3189 866 3599 940; x_wconf 64' lang='grc' dir='ltr'>διαστροφῆς</span> <span class='ocrx_word' id='word_1_209' title='bbox 3638 872 3741 918; x_wconf 78' lang='grc' dir='ltr'>καὶ</span> <span class='ocrx_word' id='word_1_210' title='bbox 3778 867 3869 918; x_wconf 76' lang='grc' dir='ltr'>έπε-</span> 
     </span>
    </p>
   </div>
   <div class='ocr_carea' id='block_1_36' title="bbox 2410 942 3869 1015">
    <p class='ocr_par' dir='ltr' id='par_1_36' title="bbox 2410 942 3869 1015">
     <span class='ocr_line' id='line_1_36' title="bbox 2410 942 3869 1015; baseline -0.002 -22"><span class='ocrx_word' id='word_1_211' title='bbox 2410 943 2781 1015; x_wconf 13' lang='grc' dir='ltr'>ναστάσεωγς</span> <span class='ocrx_word' id='word_1_212' title='bbox 2828 942 3201 1015; x_wconf 84' lang='grc' dir='ltr'>Μαξιμίνου</span> <span class='ocrx_word' id='word_1_213' title='bbox 3240 945 3404 993; x_wconf 84' lang='grc' dir='ltr'>κατὰ</span> <span class='ocrx_word' id='word_1_214' title='bbox 3451 946 3869 993; x_wconf 75' lang='grc' dir='ltr'>Κωνσταντίνον</span> 
     </span>
    </p>
   </div>
   <div class='ocr_carea' id='block_1_37' title="bbox 2410 1014 2875 1084">
    <p class='ocr_par' dir='ltr' id='par_1_37' title="bbox 2410 1014 2875 1084">
     <span class='ocr_line' id='line_1_37' title="bbox 2410 1014 2875 1084; baseline 0.006 -19"><span class='ocrx_word' id='word_1_215' title='bbox 2410 1020 2521 1065; x_wconf 82' lang='grc' dir='ltr'>τοῦ</span> <span class='ocrx_word' id='word_1_216' title='bbox 2555 1014 2875 1084; x_wconf 86' lang='grc' dir='ltr'>Μεγάλου.</span> 
     </span>
    </p>
   </div>
   <div class='ocr_carea' id='block_1_38' title="bbox 2408 1096 3875 1174">
    <p class='ocr_par' dir='ltr' id='par_1_38' title="bbox 2408 1096 3875 1174">
     <span class='ocr_line' id='line_1_38' title="bbox 2408 1096 3875 1174; baseline -0.004 -20"><span class='ocrx_word' id='word_1_217' title='bbox 2408 1103 2564 1154; x_wconf 79' lang='grc' dir='ltr'>Ταῦτ’</span> <span class='ocrx_word' id='word_1_218' title='bbox 2607 1102 2666 1153; x_wconf 71' lang='grc' dir='ltr'><strong>οὗ</strong></span> <span class='ocrx_word' id='word_1_219' title='bbox 2706 1105 2842 1155; x_wconf 83' lang='grc' dir='ltr'>κατὰ</span> <span class='ocrx_word' id='word_1_220' title='bbox 2885 1122 3119 1174; x_wconf 80' lang='grc' dir='ltr'>γνωμην,</span> <span class='ocrx_word' id='word_1_221' title='bbox 3168 1100 3296 1153; x_wconf 76' lang='grc' dir='ltr'>ἀλλὰ</span> <span class='ocrx_word' id='word_1_222' title='bbox 3343 1105 3433 1152; x_wconf 87' lang='grc' dir='ltr'>καὶ</span> <span class='ocrx_word' id='word_1_223' title='bbox 3464 1096 3667 1171; x_wconf 63' lang='grc' dir='ltr'>σφόδρα</span> <span class='ocrx_word' id='word_1_224' title='bbox 3706 1100 3875 1168; x_wconf 64' lang='grc' dir='ltr'>ἠναγκα-</span> 
     </span>
    </p>
   </div>
   <div class='ocr_carea' id='block_1_39' title="bbox 2338 1187 3874 1264">
    <p class='ocr_par' dir='ltr' id='par_1_39' title="bbox 2338 1187 3874 1264">
     <span class='ocr_line' id='line_1_39' title="bbox 2338 1187 3874 1264; baseline -0.003 -22"><span class='ocrx_word' id='word_1_225' title='bbox 2338 1195 2533 1262; x_wconf 83' lang='grc' dir='ltr'>σμένως</span> <span class='ocrx_word' id='word_1_226' title='bbox 2626 1189 3067 1264; x_wconf 82' lang='grc' dir='ltr'>διακελευόμενος,</span> <span class='ocrx_word' id='word_1_227' title='bbox 3166 1187 3417 1262; x_wconf 64' lang='grc' dir='ltr'>οὐδαμῶς</span> <span class='ocrx_word' id='word_1_228' title='bbox 3487 1187 3696 1247; x_wconf 78' lang='grc' dir='ltr'>τάληθές</span> <span class='ocrx_word' id='word_1_229' title='bbox 3757 1187 3874 1256; x_wconf 68' lang='grc' dir='ltr'>λέγειν</span> 
     </span>
    </p>
   </div>
   <div class='ocr_carea' id='block_1_40' title="bbox 2336 1277 3877 1354">
    <p class='ocr_par' dir='ltr' id='par_1_40' title="bbox 2336 1277 3877 1354">
     <span class='ocr_line' id='line_1_40' title="bbox 2336 1277 3877 1354; baseline -0.002 -24"><span class='ocrx_word' id='word_1_230' title='bbox 2336 1278 2501 1349; x_wconf 72' lang='grc' dir='ltr'>ἐῴκει,</span> <span class='ocrx_word' id='word_1_231' title='bbox 2559 1283 2618 1333; x_wconf 88' lang='grc' dir='ltr'><strong>τό</strong></span> <span class='ocrx_word' id='word_1_232' title='bbox 2675 1284 2775 1354; x_wconf 86' lang='grc' dir='ltr'>πρὸ</span> <span class='ocrx_word' id='word_1_233' title='bbox 2835 1279 3071 1353; x_wconf 76' lang='grc' dir='ltr'><strong>βραχέος</strong></span> <span class='ocrx_word' id='word_1_234' title='bbox 3128 1279 3290 1331; x_wconf 72' lang='grc' dir='ltr'>αὐτοῦ</span> <span class='ocrx_word' id='word_1_235' title='bbox 3346 1277 3688 1349; x_wconf 67' lang='grc' dir='ltr'>ἐννοουμένοις</span> <span class='ocrx_word' id='word_1_236' title='bbox 3737 1277 3877 1347; x_wconf 62' lang='grc' dir='ltr'>παλίμ-</span> 
     </span>
    </p>
   </div>
   <div class='ocr_carea' id='block_1_41' title="bbox 2335 1363 3878 1440">
    <p class='ocr_par' dir='ltr' id='par_1_41' title="bbox 2335 1363 3878 1440">
     <span class='ocr_line' id='line_1_41' title="bbox 2335 1363 3878 1440; baseline -0.003 -21"><span class='ocrx_word' id='word_1_237' title='bbox 2335 1366 2481 1419; x_wconf 82' lang='grc' dir='ltr'>ϐολον</span> <span class='ocrx_word' id='word_1_238' title='bbox 2537 1376 2633 1431; x_wconf 80' lang='grc' dir='ltr'>τῆς</span> <span class='ocrx_word' id='word_1_239' title='bbox 2685 1374 2898 1440; x_wconf 79' lang='grc' dir='ltr'>γνώμης</span> <span class='ocrx_word' id='word_1_240' title='bbox 2941 1374 3029 1421; x_wconf 84' lang='grc' dir='ltr'>καὶ</span> <span class='ocrx_word' id='word_1_241' title='bbox 3084 1369 3332 1421; x_wconf 76' lang='grc' dir='ltr'><strong>ἄστατον.</strong></span> <span class='ocrx_word' id='word_1_242' title='bbox 3386 1370 3571 1420; x_wconf 81' lang='grc' dir='ltr'>Τοίνυν</span> <span class='ocrx_word' id='word_1_243' title='bbox 3629 1365 3715 1416; x_wconf 74' lang='grc' dir='ltr'>οὐκ</span> <span class='ocrx_word' id='word_1_244' title='bbox 3761 1363 3801 1414; x_wconf 83' lang='grc' dir='ltr'>ἐν</span> <span class='ocrx_word' id='word_1_245' title='bbox 3830 1373 3878 1432; x_wconf 61' lang='grc' dir='ltr'>τῷ</span> 
     </span>
    </p>
   </div>
   <div class='ocr_carea' id='block_1_42' title="bbox 2334 1452 3880 1532">
    <p class='ocr_par' dir='ltr' id='par_1_42' title="bbox 2334 1452 3880 1532">
     <span class='ocr_line' id='line_1_42' title="bbox 2334 1452 3880 1532; baseline -0.005 -25"><span class='ocrx_word' id='word_1_246' title='bbox 2334 1465 2531 1529; x_wconf 75' lang='grc' dir='ltr'>φανερῷ</span> <span class='ocrx_word' id='word_1_247' title='bbox 2579 1476 2654 1516; x_wconf 89' lang='grc' dir='ltr'><strong>τις</strong></span> <span class='ocrx_word' id='word_1_248' title='bbox 2703 1456 2905 1532; x_wconf 74' lang='grc' dir='ltr'>ἐθάρρει</span> <span class='ocrx_word' id='word_1_249' title='bbox 2954 1459 3217 1526; x_wconf 82' lang='grc' dir='ltr'>συνάγειν,</span> <span class='ocrx_word' id='word_1_250' title='bbox 3251 1459 3340 1508; x_wconf 87' lang='grc' dir='ltr'><strong>καί</strong></span> <span class='ocrx_word' id='word_1_251' title='bbox 3391 1474 3443 1507; x_wconf 92' lang='grc' dir='ltr'><strong>τι</strong></span> <span class='ocrx_word' id='word_1_252' title='bbox 3492 1462 3595 1506; x_wconf 82' lang='grc' dir='ltr'>τῶν</span> <span class='ocrx_word' id='word_1_253' title='bbox 3645 1452 3880 1509; x_wconf 55' lang='grc' dir='ltr'>ἁνηκοιιτων</span> 
     </span>
    </p>
   </div>
   <div class='ocr_carea' id='block_1_43' title="bbox 2333 1539 3881 1618">
    <p class='ocr_par' dir='ltr' id='par_1_43' title="bbox 2333 1539 3881 1618">
     <span class='ocr_line' id='line_1_43' title="bbox 2333 1539 3881 1618; baseline -0.003 -22"><span class='ocrx_word' id='word_1_254' title='bbox 2333 1552 2395 1617; x_wconf 77' lang='grc' dir='ltr'>τῇ</span> <span class='ocrx_word' id='word_1_255' title='bbox 2439 1546 2693 1618; x_wconf 76' lang='grc' dir='ltr'><strong>θρησκείᾳ</strong></span> <span class='ocrx_word' id='word_1_256' title='bbox 2743 1546 3035 1616; x_wconf 76' lang='grc' dir='ltr'><strong>ἐλευθερίως</strong></span> <span class='ocrx_word' id='word_1_257' title='bbox 3073 1553 3236 1597; x_wconf 81' lang='grc' dir='ltr'><strong>ποιεῖν</strong></span> <span class='ocrx_word' id='word_1_258' title='bbox 3278 1560 3290 1573; x_wconf 82' lang='grc'><strong><em>⁸</em></strong></span> <span class='ocrx_word' id='word_1_259' title='bbox 3348 1542 3456 1595; x_wconf 80' lang='grc' dir='ltr'>ἐπεί</span> <span class='ocrx_word' id='word_1_260' title='bbox 3499 1548 3665 1613; x_wconf 81' lang='grc' dir='ltr'>τοίγε</span> <span class='ocrx_word' id='word_1_261' title='bbox 3698 1539 3803 1594; x_wconf 63' lang='grc' dir='ltr'><strong>οὐδὲ</strong></span> <span class='ocrx_word' id='word_1_262' title='bbox 3841 1547 3881 1592; x_wconf 73' lang='grc' dir='ltr'><strong>τό</strong></span> 
     </span>
    </p>
   </div>
   <div class='ocr_carea' id='block_1_44' title="bbox 2330 1628 3884 1705">
    <p class='ocr_par' dir='ltr' id='par_1_44' title="bbox 2330 1628 3884 1705">
     <span class='ocr_line' id='line_1_44' title="bbox 2330 1628 3884 1705; baseline -0.003 -22"><span class='ocrx_word' id='word_1_263' title='bbox 2330 1635 2554 1705; x_wconf 87' lang='grc' dir='ltr'>γράμμα</span> <span class='ocrx_word' id='word_1_264' title='bbox 2600 1632 2744 1684; x_wconf 78' lang='grc' dir='ltr'>ταῦτ’</span> <span class='ocrx_word' id='word_1_265' title='bbox 2778 1632 2944 1690; x_wconf 79' lang='grc' dir='ltr'>ἤθελε.</span> <span class='ocrx_word' id='word_1_266' title='bbox 2985 1637 3054 1685; x_wconf 93' lang='lat' dir='ltr'><em>T6</em></span> <span class='ocrx_word' id='word_1_267' title='bbox 3101 1628 3159 1684; x_wconf 73' lang='grc' dir='ltr'>δε</span> <span class='ocrx_word' id='word_1_268' title='bbox 3210 1632 3593 1703; x_wconf 76' lang='grc' dir='ltr'><strong>ἀνεπηρέαστον</strong></span> <span class='ocrx_word' id='word_1_269' title='bbox 3634 1631 3763 1700; x_wconf 73' lang='grc' dir='ltr'>ἡμῶν</span> <span class='ocrx_word' id='word_1_270' title='bbox 3804 1628 3884 1679; x_wconf 72' lang='grc' dir='ltr'>ἐπι·</span> 
     </span>
    </p>
   </div>
   <div class='ocr_carea' id='block_1_45' title="bbox 2331 1714 3884 1793">
    <p class='ocr_par' dir='ltr' id='par_1_45' title="bbox 2331 1714 3884 1793">
     <span class='ocr_line' id='line_1_45' title="bbox 2331 1714 3884 1793; baseline -0.003 -21"><span class='ocrx_word' id='word_1_271' title='bbox 2331 1725 2513 1792; x_wconf 78' lang='grc' dir='ltr'>τρέπου</span> <span class='ocrx_word' id='word_1_272' title='bbox 2561 1717 2719 1780; x_wconf 83' lang='grc' dir='ltr'>δῆθεν</span> <span class='ocrx_word' id='word_1_273' title='bbox 2775 1721 3135 1793; x_wconf 80' lang='grc' dir='ltr'>παρεκελεύετο</span> <span class='ocrx_word' id='word_1_274' title='bbox 3191 1738 3204 1750; x_wconf 82' lang='lat'><strong><em>°</em></strong></span> <span class='ocrx_word' id='word_1_275' title='bbox 3265 1720 3325 1771; x_wconf 74' lang='grc' dir='ltr'><strong>οὗ</strong></span> <span class='ocrx_word' id='word_1_276' title='bbox 3378 1724 3477 1792; x_wconf 78' lang='grc' dir='ltr'>μὴν</span> <span class='ocrx_word' id='word_1_277' title='bbox 3537 1724 3625 1770; x_wconf 78' lang='grc' dir='ltr'><strong>καί</strong></span> <span class='ocrx_word' id='word_1_278' title='bbox 3676 1714 3884 1777; x_wconf 73' lang='grc' dir='ltr'>συνόδους</span> 
     </span>
    </p>
   </div>
   <div class='ocr_carea' id='block_1_46' title="bbox 2333 1812 3490 1884">
    <p class='ocr_par' dir='ltr' id='par_1_46' title="bbox 2333 1812 3490 1884">
     <span class='ocr_line' id='line_1_46' title="bbox 2333 1812 3490 1884; baseline -0.003 -22"><span class='ocrx_word' id='word_1_279' title='bbox 2333 1818 2660 1882; x_wconf 73' lang='grc' dir='ltr'>συγκροτεῖν,</span> <span class='ocrx_word' id='word_1_280' title='bbox 2720 1812 2885 1872; x_wconf 88' lang='grc' dir='ltr'>θείους</span> <span class='ocrx_word' id='word_1_281' title='bbox 2940 1830 2994 1862; x_wconf 82' lang='grc' dir='ltr'><strong>τε</strong></span> <span class='ocrx_word' id='word_1_282' title='bbox 3049 1814 3223 1871; x_wconf 78' lang='grc' dir='ltr'>οἴκους</span> <span class='ocrx_word' id='word_1_283' title='bbox 3279 1812 3490 1884; x_wconf 67' lang='grc' dir='ltr'>ἐγείρειν</span> 
     </span>
    </p>
   </div>
   <div class='ocr_carea' id='block_1_47' title="bbox 2330 1895 3885 1971">
    <p class='ocr_par' dir='ltr' id='par_1_47' title="bbox 2330 1895 3885 1971">
     <span class='ocr_line' id='line_1_47' title="bbox 2330 1895 3885 1971; baseline -0.004 -20"><span class='ocrx_word' id='word_1_284' title='bbox 2330 1900 2433 1951; x_wconf 87' lang='grc' dir='ltr'>ὅσα</span> <span class='ocrx_word' id='word_1_285' title='bbox 2461 1902 2585 1971; x_wconf 76' lang='grc' dir='ltr'>ἡμῖν</span> <span class='ocrx_word' id='word_1_286' title='bbox 2616 1899 2833 1951; x_wconf 71' lang='grc' dir='ltr'>εἰωθότα</span> <span class='ocrx_word' id='word_1_287' title='bbox 2879 1896 3015 1956; x_wconf 77' lang='grc' dir='ltr'>ἦσαν</span> <span class='ocrx_word' id='word_1_288' title='bbox 3049 1917 3061 1930; x_wconf 83' lang='grc'><em>’</em></span> <span class='ocrx_word' id='word_1_289' title='bbox 3093 1905 3182 1951; x_wconf 81' lang='grc' dir='ltr'>καὶ</span> <span class='ocrx_word' id='word_1_290' title='bbox 3226 1907 3396 1950; x_wconf 75' lang='grc' dir='ltr'>ταῦτα</span> <span class='ocrx_word' id='word_1_291' title='bbox 3433 1904 3528 1949; x_wconf 73' lang='grc' dir='ltr'><strong>τοῦ</strong></span> <span class='ocrx_word' id='word_1_292' title='bbox 3560 1904 3649 1956; x_wconf 72' lang='grc' dir='ltr'>τῆς</span> <span class='ocrx_word' id='word_1_293' title='bbox 3676 1895 3885 1954; x_wconf 65' lang='grc' dir='ltr'>εὐσεϐείας</span> 
     </span>
    </p>
   </div>
   <div class='ocr_carea' id='block_1_48' title="bbox 3554 1806 3886 1857">
    <p class='ocr_par' dir='ltr' id='par_1_48' title="bbox 3554 1806 3886 1857">
     <span class='ocr_line' id='line_1_48' title="bbox 3554 1806 3886 1857; baseline -0.003 0"><span class='ocrx_word' id='word_1_294' title='bbox 3554 1825 3567 1836; x_wconf 93' lang='grc'><strong>·</strong></span> <span class='ocrx_word' id='word_1_295' title='bbox 3634 1812 3715 1857; x_wconf 81' lang='grc' dir='ltr'>καὶ</span> <span class='ocrx_word' id='word_1_296' title='bbox 3762 1806 3886 1857; x_wconf 63' lang='grc' dir='ltr'>τίλλε</span> 
     </span>
    </p>
   </div>
   <div class='ocr_carea' id='block_1_49' title="bbox 2329 1985 3886 2061">
    <p class='ocr_par' dir='ltr' id='par_1_49' title="bbox 2329 1985 3886 2061">
     <span class='ocr_line' id='line_1_49' title="bbox 2329 1985 3886 2061; baseline -0.004 -22"><span class='ocrx_word' id='word_1_297' title='bbox 2329 1993 2419 2039; x_wconf 83' lang='grc' dir='ltr'>καὶ</span> <span class='ocrx_word' id='word_1_298' title='bbox 2450 1987 2655 2061; x_wconf 80' lang='grc' dir='ltr'>εἰρήνης</span> <span class='ocrx_word' id='word_1_299' title='bbox 2693 1990 2819 2058; x_wconf 76' lang='grc' dir='ltr'>ἡμῖν</span> <span class='ocrx_word' id='word_1_300' title='bbox 2872 1990 3119 2058; x_wconf 78' lang='grc' dir='ltr'>άρχηγοῡ</span> <span class='ocrx_word' id='word_1_301' title='bbox 3172 1985 3431 2060; x_wconf 78' lang='grc' dir='ltr'>βασιλέως</span> <span class='ocrx_word' id='word_1_302' title='bbox 3482 1987 3690 2056; x_wconf 71' lang='grc' dir='ltr'>σύναμα</span> <span class='ocrx_word' id='word_1_303' title='bbox 3715 1993 3779 2054; x_wconf 60' lang='grc' dir='ltr'>τις,</span> <span class='ocrx_word' id='word_1_304' title='bbox 3822 1992 3886 2035; x_wconf 71' lang='lat' dir='ltr'><strong>Ai-</strong></span> 
     </span>
    </p>
   </div>
   <div class='ocr_carea' id='block_1_50' title="bbox 2326 2074 3888 2149">
    <p class='ocr_par' dir='ltr' id='par_1_50' title="bbox 2326 2074 3888 2149">
     <span class='ocr_line' id='line_1_50' title="bbox 2326 2074 3888 2149; baseline -0.004 -21"><span class='ocrx_word' id='word_1_305' title='bbox 2326 2081 2474 2144; x_wconf 81' lang='grc' dir='ltr'>κινίῳ</span> <span class='ocrx_word' id='word_1_306' title='bbox 2530 2079 2597 2128; x_wconf 81' lang='grc' dir='ltr'>τὰ</span> <span class='ocrx_word' id='word_1_307' title='bbox 2650 2077 2848 2129; x_wconf 75' lang='grc' dir='ltr'>τοιαῦτ’</span> <span class='ocrx_word' id='word_1_308' title='bbox 2924 2074 3286 2149; x_wconf 75' lang='grc' dir='ltr'>ἐπιτρέποντος</span> <span class='ocrx_word' id='word_1_309' title='bbox 3344 2083 3454 2136; x_wconf 86' lang='grc' dir='ltr'>τοῖς</span> <span class='ocrx_word' id='word_1_310' title='bbox 3518 2074 3888 2143; x_wconf 58' lang='grc' dir='ltr'>καταπεμφθείς(</span> 
     </span>
    </p>
   </div>
   <div class='ocr_carea' id='block_1_51' title="bbox 2326 2163 3888 2239">
    <p class='ocr_par' dir='ltr' id='par_1_51' title="bbox 2326 2163 3888 2239">
     <span class='ocr_line' id='line_1_51' title="bbox 2326 2163 3888 2239; baseline -0.004 -24"><span class='ocrx_word' id='word_1_311' title='bbox 2326 2164 2556 2235; x_wconf 85' lang='grc' dir='ltr'>μάλιστα</span> <span class='ocrx_word' id='word_1_312' title='bbox 2603 2168 2913 2239; x_wconf 77' lang='grc' dir='ltr'>γράμμασιν</span> <span class='ocrx_word' id='word_1_313' title='bbox 2948 2165 3089 2233; x_wconf 70' lang='grc' dir='ltr'>αὐτῷ</span> <span class='ocrx_word' id='word_1_314' title='bbox 3132 2183 3182 2216; x_wconf 89' lang='grc' dir='ltr'><strong>τε</strong></span> <span class='ocrx_word' id='word_1_315' title='bbox 3212 2167 3301 2215; x_wconf 76' lang='grc' dir='ltr'>καὶ</span> <span class='ocrx_word' id='word_1_316' title='bbox 3350 2168 3515 2214; x_wconf 81' lang='grc' dir='ltr'>πᾶσιν</span> <span class='ocrx_word' id='word_1_317' title='bbox 3561 2163 3635 2221; x_wconf 86' lang='grc' dir='ltr'>οἷς</span> <span class='ocrx_word' id='word_1_318' title='bbox 3680 2163 3769 2211; x_wconf 75' lang='grc' dir='ltr'>ὑπὸ</span> <span class='ocrx_word' id='word_1_319' title='bbox 3802 2167 3888 2230; x_wconf 76' lang='grc' dir='ltr'>χεῖ-</span> 
     </span>
    </p>
   </div>
   <div class='ocr_carea' id='block_1_52' title="bbox 2323 2248 3887 2326">
    <p class='ocr_par' dir='ltr' id='par_1_52' title="bbox 2323 2248 3887 2326">
     <span class='ocr_line' id='line_1_52' title="bbox 2323 2248 3887 2326; baseline -0.003 -23"><span class='ocrx_word' id='word_1_320' title='bbox 2323 2272 2393 2326; x_wconf 87' lang='grc' dir='ltr'><strong>ρα</strong></span> <span class='ocrx_word' id='word_1_321' title='bbox 2434 2257 2639 2325; x_wconf 78' lang='grc' dir='ltr'>γέγονεν</span> <span class='ocrx_word' id='word_1_322' title='bbox 2686 2249 2834 2306; x_wconf 83' lang='grc' dir='ltr'>εἶναι.</span> <span class='ocrx_word' id='word_1_323' title='bbox 2870 2252 2945 2305; x_wconf 76' lang='grc' dir='ltr'><strong>Οὐ</strong></span> <span class='ocrx_word' id='word_1_324' title='bbox 2980 2259 3083 2325; x_wconf 76' lang='grc' dir='ltr'><strong>μην</strong></span> <span class='ocrx_word' id='word_1_325' title='bbox 3113 2272 3169 2324; x_wconf 80' lang='grc' dir='ltr'><strong>γε</strong></span> <span class='ocrx_word' id='word_1_326' title='bbox 3198 2261 3269 2323; x_wconf 80' lang='grc' dir='ltr'>τῷ</span> <span class='ocrx_word' id='word_1_327' title='bbox 3320 2248 3577 2304; x_wconf 70' lang='grc' dir='ltr'>δυσσεϐεῖ</span> <span class='ocrx_word' id='word_1_328' title='bbox 3626 2248 3762 2302; x_wconf 70' lang='grc' dir='ltr'>ταῦτ’</span> <span class='ocrx_word' id='word_1_329' title='bbox 3799 2253 3887 2317; x_wconf 72' lang='grc' dir='ltr'>ἦρε-</span> 
     </span>
    </p>
   </div>
   <div class='ocr_carea' id='block_1_53' title="bbox 2327 2334 3882 2416">
    <p class='ocr_par' dir='ltr' id='par_1_53' title="bbox 2327 2334 3882 2416">
     <span class='ocr_line' id='line_1_53' title="bbox 2327 2334 3882 2416; baseline -0.004 -23"><span class='ocrx_word' id='word_1_330' title='bbox 2327 2360 2419 2393; x_wconf 89' lang='grc' dir='ltr'><strong>σκε</strong></span> <span class='ocrx_word' id='word_1_331' title='bbox 2448 2359 2461 2372; x_wconf 78' lang='grc'><strong><em>⁸</em></strong></span> <span class='ocrx_word' id='word_1_332' title='bbox 2517 2340 2613 2394; x_wconf 79' lang='grc' dir='ltr'>κᾶν</span> <span class='ocrx_word' id='word_1_333' title='bbox 2658 2341 2709 2404; x_wconf 81' lang='grc' dir='ltr'>ἐς</span> <span class='ocrx_word' id='word_1_334' title='bbox 2751 2342 2963 2416; x_wconf 72' lang='grc' dir='ltr'>ὕστερον</span> <span class='ocrx_word' id='word_1_335' title='bbox 3013 2349 3073 2414; x_wconf 75' lang='grc' dir='ltr'>τῇ</span> <span class='ocrx_word' id='word_1_336' title='bbox 3137 2344 3253 2413; x_wconf 80' lang='grc' dir='ltr'>θείᾳ</span> <span class='ocrx_word' id='word_1_337' title='bbox 3300 2339 3723 2411; x_wconf 74' lang='grc' dir='ltr'>συνελαυνόμενος</span> <span class='ocrx_word' id='word_1_338' title='bbox 3766 2334 3882 2407; x_wconf 53' lang='lat' dir='ltr'><strong>ditt,</strong></span> 
     </span>
    </p>
   </div>
   <div class='ocr_carea' id='block_1_54' title="bbox 2324 2427 3889 2502">
    <p class='ocr_par' dir='ltr' id='par_1_54' title="bbox 2324 2427 3889 2502">
     <span class='ocr_line' id='line_1_54' title="bbox 2324 2427 3889 2502; baseline -0.004 -20"><span class='ocrx_word' id='word_1_339' title='bbox 2324 2435 2413 2482; x_wconf 81' lang='grc' dir='ltr'>καὶ</span> <span class='ocrx_word' id='word_1_340' title='bbox 2460 2431 2598 2482; x_wconf 79' lang='grc' dir='ltr'>οἴκων</span> <span class='ocrx_word' id='word_1_341' title='bbox 2646 2433 2714 2482; x_wconf 82' lang='grc' dir='ltr'>τὰ</span> <span class='ocrx_word' id='word_1_342' title='bbox 2742 2432 2897 2502; x_wconf 85' lang='grc' dir='ltr'>ὅμοια</span> <span class='ocrx_word' id='word_1_343' title='bbox 2939 2435 3029 2481; x_wconf 84' lang='grc' dir='ltr'>καὶ</span> <span class='ocrx_word' id='word_1_344' title='bbox 3080 2432 3231 2491; x_wconf 77' lang='grc' dir='ltr'>αὐτὸς</span> <span class='ocrx_word' id='word_1_345' title='bbox 3270 2437 3379 2489; x_wconf 87' lang='grc' dir='ltr'>τοῖς</span> <span class='ocrx_word' id='word_1_346' title='bbox 3426 2435 3689 2500; x_wconf 75' lang='grc' dir='ltr'>κρατοῦσι</span> <span class='ocrx_word' id='word_1_347' title='bbox 3727 2427 3889 2497; x_wconf 75' lang='grc' dir='ltr'>νομοθε-</span> 
     </span>
    </p>
   </div>
   <div class='ocr_carea' id='block_1_55' title="bbox 2324 2515 3890 2591">
    <p class='ocr_par' dir='ltr' id='par_1_55' title="bbox 2324 2515 3890 2591">
     <span class='ocr_line' id='line_1_55' title="bbox 2324 2515 3890 2591; baseline -0.004 -20"><span class='ocrx_word' id='word_1_348' title='bbox 2324 2528 2428 2571; x_wconf 85' lang='grc' dir='ltr'>τεῖν</span> <span class='ocrx_word' id='word_1_349' title='bbox 2503 2520 2849 2590; x_wconf 75' lang='grc' dir='ltr'>ἠναγκάζετο.</span> <span class='ocrx_word' id='word_1_350' title='bbox 2931 2518 3265 2591; x_wconf 79' lang='grc' dir='ltr'>Ἐκπεριῆλθε</span> <span class='ocrx_word' id='word_1_351' title='bbox 3325 2515 3382 2570; x_wconf 70' lang='grc' dir='ltr'><strong>δὲ</strong></span> <span class='ocrx_word' id='word_1_352' title='bbox 3435 2517 3580 2586; x_wconf 71' lang='grc' dir='ltr'>αὐτῷ</span> <span class='ocrx_word' id='word_1_353' title='bbox 3656 2517 3788 2567; x_wconf 82' lang='grc' dir='ltr'>αἰτία</span> <span class='ocrx_word' id='word_1_354' title='bbox 3825 2520 3890 2585; x_wconf 61' lang='grc' dir='ltr'><strong>με)</strong></span> 
     </span>
    </p>
   </div>
   <div class='ocr_carea' id='block_1_56' title="bbox 2324 2603 3967 2681">
    <p class='ocr_par' dir='ltr' id='par_1_56' title="bbox 2324 2603 3967 2681">
     <span class='ocr_line' id='line_1_56' title="bbox 2324 2603 3967 2681; baseline -0.001 -20"><span class='ocrx_word' id='word_1_355' title='bbox 2324 2614 2523 2679; x_wconf 81' lang='grc' dir='ltr'>πρώτη,</span> <span class='ocrx_word' id='word_1_356' title='bbox 2575 2610 2751 2681; x_wconf 79' lang='grc' dir='ltr'>ὅτιπερ</span> <span class='ocrx_word' id='word_1_357' title='bbox 2804 2609 2911 2678; x_wconf 65' lang='grc' dir='ltr'>οὐχ</span> <span class='ocrx_word' id='word_1_358' title='bbox 2941 2609 3047 2666; x_wconf 73' lang='grc' dir='ltr'>οἶός</span> <span class='ocrx_word' id='word_1_359' title='bbox 3093 2627 3146 2659; x_wconf 81' lang='grc' dir='ltr'><strong>τε</strong></span> <span class='ocrx_word' id='word_1_360' title='bbox 3191 2604 3251 2666; x_wconf 77' lang='grc' dir='ltr'>ἦν</span> <span class='ocrx_word' id='word_1_361' title='bbox 3297 2612 3461 2678; x_wconf 69' lang='grc' dir='ltr'>φέρειν</span> <span class='ocrx_word' id='word_1_362' title='bbox 3508 2605 3572 2657; x_wconf 85' lang='grc' dir='ltr'><strong>τό</strong></span> <span class='ocrx_word' id='word_1_363' title='bbox 3622 2607 3814 2676; x_wconf 79' lang='grc' dir='ltr'>μέγεθος</span> <span class='ocrx_word' id='word_1_364' title='bbox 3845 2603 3892 2662; x_wconf 77' lang='grc' dir='ltr'>ξς</span> <span class='ocrx_word' id='word_1_365' title='bbox 3966 2603 3967 2663; x_wconf 60' lang='grc' dir='ltr'><em>ξ</em></span> 
     </span>
    </p>
   </div>
   <div class='ocr_carea' id='block_1_57' title="bbox 2322 2691 3889 2771">
    <p class='ocr_par' dir='ltr' id='par_1_57' title="bbox 2322 2691 3889 2771">
     <span class='ocr_line' id='line_1_57' title="bbox 2322 2691 3889 2771; baseline -0.005 -22"><span class='ocrx_word' id='word_1_366' title='bbox 2322 2695 2583 2771; x_wconf 77' lang='grc' dir='ltr'>ἐπετράπη</span> <span class='ocrx_word' id='word_1_367' title='bbox 2639 2700 2817 2771; x_wconf 72' lang='grc' dir='ltr'>ἀρχῆς</span> <span class='ocrx_word' id='word_1_368' title='bbox 2848 2716 2859 2728; x_wconf 93' lang='grc'><strong>·</strong></span> <span class='ocrx_word' id='word_1_369' title='bbox 2912 2699 3110 2755; x_wconf 71' lang='grc' dir='ltr'>ἣκιστα</span> <span class='ocrx_word' id='word_1_370' title='bbox 3159 2692 3218 2748; x_wconf 75' lang='grc' dir='ltr'><strong>δὲ</strong></span> <span class='ocrx_word' id='word_1_371' title='bbox 3275 2702 3497 2767; x_wconf 65' lang='grc' dir='ltr'>σωγρονι</span> <span class='ocrx_word' id='word_1_372' title='bbox 3552 2696 3787 2764; x_wconf 71' lang='grc' dir='ltr'>ἀγόμενος</span> <span class='ocrx_word' id='word_1_373' title='bbox 3827 2691 3889 2742; x_wconf 67' lang='grc' dir='ltr'>λο-</span> 
     </span>
    </p>
   </div>
   <div class='ocr_carea' id='block_1_58' title="bbox 2320 2784 3967 2857">
    <p class='ocr_par' dir='ltr' id='par_1_58' title="bbox 2320 2784 3967 2857">
     <span class='ocr_line' id='line_1_58' title="bbox 2320 2784 3967 2857; baseline -0.004 -21"><span class='ocrx_word' id='word_1_374' title='bbox 2320 2794 2519 2857; x_wconf 79' lang='grc' dir='ltr'>γισμῷ,</span> <span class='ocrx_word' id='word_1_375' title='bbox 2584 2784 2933 2857; x_wconf 74' lang='grc' dir='ltr'>ἀπειροκάλως</span> <span class='ocrx_word' id='word_1_376' title='bbox 3004 2788 3250 2856; x_wconf 74' lang='grc' dir='ltr'>ἐνεχείρει</span> <span class='ocrx_word' id='word_1_377' title='bbox 3311 2792 3420 2844; x_wconf 84' lang='grc' dir='ltr'>τοῖς</span> <span class='ocrx_word' id='word_1_378' title='bbox 3469 2786 3770 2854; x_wconf 80' lang='grc' dir='ltr'>πράγμασι.</span> <span class='ocrx_word' id='word_1_379' title='bbox 3819 2787 3889 2832; x_wconf 75' lang='grc' dir='ltr'><strong>Φν·</strong></span> <span class='ocrx_word' id='word_1_380' title='bbox 3966 2816 3967 2821; x_wconf 60' lang='grc' dir='ltr'><strong>η</strong></span> 
     </span>
    </p>
   </div>
   <div class='ocr_carea' id='block_1_59' title="bbox 2323 2869 3891 2946">
    <p class='ocr_par' dir='ltr' id='par_1_59' title="bbox 2323 2869 3891 2946">
     <span class='ocr_line' id='line_1_59' title="bbox 2323 2869 3891 2946; baseline -0.004 -22"><span class='ocrx_word' id='word_1_381' title='bbox 2323 2879 2523 2946; x_wconf 76' lang='grc' dir='ltr'>σήματι</span> <span class='ocrx_word' id='word_1_382' title='bbox 2553 2872 2611 2926; x_wconf 74' lang='grc' dir='ltr'>δε</span> <span class='ocrx_word' id='word_1_383' title='bbox 2658 2870 2878 2944; x_wconf 77' lang='grc' dir='ltr'>διακένῳ</span> <span class='ocrx_word' id='word_1_384' title='bbox 2909 2879 2999 2932; x_wconf 76' lang='grc' dir='ltr'>τὴν</span> <span class='ocrx_word' id='word_1_385' title='bbox 3035 2874 3222 2945; x_wconf 64' lang='grc' dir='ltr'>ψυχὴν</span> <span class='ocrx_word' id='word_1_386' title='bbox 3274 2871 3464 2942; x_wconf 75' lang='grc' dir='ltr'>ἀρθεὶς,</span> <span class='ocrx_word' id='word_1_387' title='bbox 3503 2869 3619 2930; x_wconf 59' lang='grc' dir='ltr'>ἤδη</span> <span class='ocrx_word' id='word_1_388' title='bbox 3666 2876 3751 2922; x_wconf 83' lang='grc' dir='ltr'>καὶ</span> <span class='ocrx_word' id='word_1_389' title='bbox 3788 2889 3891 2919; x_wconf 70' lang='grc' dir='ltr'>κετιι</span> 
     </span>
    </p>
   </div>
   <div class='ocr_carea' id='block_1_60' title="bbox 557 2961 2208 3041">
    <p class='ocr_par' dir='ltr' id='par_1_60' title="bbox 557 2961 2208 3036">
     <span class='ocr_line' id='line_1_60' title="bbox 557 2961 2208 3036; baseline -0.001 -18"><span class='ocrx_word' id='word_1_390' title='bbox 557 2971 645 3019; x_wconf 89' lang='lat' dir='ltr'><strong>set</strong></span> <span class='ocrx_word' id='word_1_391' title='bbox 675 2981 690 3019; x_wconf 88' lang='lat'><strong>:</strong></span> <span class='ocrx_word' id='word_1_392' title='bbox 719 2965 1121 3036; x_wconf 85' lang='lat' dir='ltr'><strong>quamobrem</strong></span> <span class='ocrx_word' id='word_1_393' title='bbox 1147 2964 1615 3034; x_wconf 85' lang='lat' dir='ltr'><strong>cogitationibus</strong></span> <span class='ocrx_word' id='word_1_394' title='bbox 1639 2967 1697 3019; x_wconf 89' lang='lat' dir='ltr'><strong>et</strong></span> <span class='ocrx_word' id='word_1_395' title='bbox 1722 2961 1990 3018; x_wconf 89' lang='lat' dir='ltr'><strong>consiliis</strong></span> <span class='ocrx_word' id='word_1_396' title='bbox 2014 2962 2208 3017; x_wconf 86' lang='lat' dir='ltr'><strong>stultis</strong></span> 
     </span>
    </p>
   </div>
   <div class='ocr_carea' id='block_1_61' title="bbox 2319 2961 3893 3041">
    <p class='ocr_par' dir='ltr' id='par_1_61' title="bbox 2320 2961 3893 3038">
     <span class='ocr_line' id='line_1_61' title="bbox 2320 2961 3893 3038; baseline -0.004 -24"><span class='ocrx_word' id='word_1_397' title='bbox 2320 2970 2422 3014; x_wconf 83' lang='grc' dir='ltr'>τῶν</span> <span class='ocrx_word' id='word_1_398' title='bbox 2478 2966 2805 3038; x_wconf 82' lang='grc' dir='ltr'>κρατούντων</span> <span class='ocrx_word' id='word_1_399' title='bbox 2855 2968 2944 3015; x_wconf 80' lang='grc' dir='ltr'>καὶ</span> <span class='ocrx_word' id='word_1_400' title='bbox 3003 2962 3343 3037; x_wconf 77' lang='grc' dir='ltr'>ἁσυγκρίτοις</span> <span class='ocrx_word' id='word_1_401' title='bbox 3389 2967 3608 3036; x_wconf 78' lang='grc' dir='ltr'>μέτροις</span> <span class='ocrx_word' id='word_1_402' title='bbox 3657 2961 3893 3033; x_wconf 73' lang='grc' dir='ltr'>υπερεχὸνο</span> 
     </span>
    </p>
   </div>
   <div class='ocr_carea' id='block_1_62' title="bbox 555 3051 2212 3126">
    <p class='ocr_par' dir='ltr' id='par_1_62' title="bbox 555 3051 2212 3126">
     <span class='ocr_line' id='line_1_62' title="bbox 555 3051 2212 3126; baseline -0.001 -18"><span class='ocrx_word' id='word_1_403' title='bbox 555 3058 743 3118; x_wconf 91' lang='lat' dir='ltr'><strong>actus,</strong></span> <span class='ocrx_word' id='word_1_404' title='bbox 801 3053 999 3124; x_wconf 89' lang='lat' dir='ltr'><strong>inepte</strong></span> <span class='ocrx_word' id='word_1_405' title='bbox 1046 3059 1101 3109; x_wconf 91' lang='lat' dir='ltr'><strong>et</strong></span> <span class='ocrx_word' id='word_1_406' title='bbox 1152 3069 1470 3126; x_wconf 87' lang='lat' dir='ltr'><strong>perperam</strong></span> <span class='ocrx_word' id='word_1_407' title='bbox 1517 3068 1612 3108; x_wconf 89' lang='lat' dir='ltr'><strong>res</strong></span> <span class='ocrx_word' id='word_1_408' title='bbox 1666 3051 1934 3121; x_wconf 89' lang='lat' dir='ltr'><strong>gerebat.</strong></span> <span class='ocrx_word' id='word_1_409' title='bbox 1974 3053 2107 3106; x_wconf 83' lang='lat' dir='ltr'><strong>Jam</strong></span> <span class='ocrx_word' id='word_1_410' title='bbox 2154 3056 2212 3106; x_wconf 93' lang='lat' dir='ltr'><strong>et</strong></span> 
     </span>
    </p>
   </div>
   <div class='ocr_carea' id='block_1_63' title="bbox 554 3140 2206 3212">
    <p class='ocr_par' dir='ltr' id='par_1_63' title="bbox 554 3140 2206 3212">
     <span class='ocr_line' id='line_1_63' title="bbox 554 3140 2206 3212; baseline -0.001 -15"><span class='ocrx_word' id='word_1_411' title='bbox 554 3142 721 3197; x_wconf 90' lang='lat' dir='ltr'><strong>inani</strong></span> <span class='ocrx_word' id='word_1_412' title='bbox 753 3142 811 3196; x_wconf 91' lang='lat' dir='ltr'><strong>in</strong></span> <span class='ocrx_word' id='word_1_413' title='bbox 843 3142 1049 3197; x_wconf 89' lang='lat' dir='ltr'><strong>animo</strong></span> <span class='ocrx_word' id='word_1_414' title='bbox 1081 3158 1192 3197; x_wconf 90' lang='lat' dir='ltr'><strong>suo</strong></span> <span class='ocrx_word' id='word_1_415' title='bbox 1219 3141 1480 3198; x_wconf 80' lang='lat' dir='ltr'><strong>inﬂlatus</strong></span> <span class='ocrx_word' id='word_1_416' title='bbox 1510 3140 1872 3210; x_wconf 87' lang='lat' dir='ltr'><strong>arrogantia,</strong></span> <span class='ocrx_word' id='word_1_417' title='bbox 1899 3155 2002 3212; x_wconf 90' lang='lat' dir='ltr'><strong>per</strong></span> <span class='ocrx_word' id='word_1_418' title='bbox 2031 3145 2206 3206; x_wconf 88' lang='lat' dir='ltr'><strong>teme,</strong></span> 
     </span>
    </p>
   </div>
   <div class='ocr_carea' id='block_1_64' title="bbox 554 3230 2209 3302">
    <p class='ocr_par' dir='ltr' id='par_1_64' title="bbox 554 3230 2209 3302">
     <span class='ocr_line' id='line_1_64' title="bbox 554 3230 2209 3302; baseline 0 -17"><span class='ocrx_word' id='word_1_419' title='bbox 554 3231 788 3286; x_wconf 89' lang='lat' dir='ltr'><strong>ritatem</strong></span> <span class='ocrx_word' id='word_1_420' title='bbox 839 3236 897 3286; x_wconf 90' lang='lat' dir='ltr'><strong>et</strong></span> <span class='ocrx_word' id='word_1_421' title='bbox 942 3230 1368 3287; x_wconf 78' lang='lat' dir='ltr'><strong>confidentiam</strong></span> <span class='ocrx_word' id='word_1_422' title='bbox 1422 3246 1723 3302; x_wconf 89' lang='lat' dir='ltr'><strong>opponere</strong></span> <span class='ocrx_word' id='word_1_423' title='bbox 1776 3246 1838 3285; x_wconf 90' lang='lat' dir='ltr'><strong>se</strong></span> <span class='ocrx_word' id='word_1_424' title='bbox 1891 3245 2075 3285; x_wconf 91' lang='lat' dir='ltr'><strong>ausus</strong></span> <span class='ocrx_word' id='word_1_425' title='bbox 2121 3233 2209 3285; x_wconf 88' lang='lat' dir='ltr'><strong>est</strong></span> 
     </span>
    </p>
   </div>
   <div class='ocr_carea' id='block_1_65' title="bbox 550 3319 2208 3392">
    <p class='ocr_par' dir='ltr' id='par_1_65' title="bbox 550 3319 2208 3392">
     <span class='ocr_line' id='line_1_65' title="bbox 550 3319 2208 3392; baseline -0.001 -17"><span class='ocrx_word' id='word_1_426' title='bbox 550 3320 1041 3390; x_wconf 87' lang='lat' dir='ltr'><strong>imperatoribus,</strong></span> <span class='ocrx_word' id='word_1_427' title='bbox 1069 3319 1174 3391; x_wconf 89' lang='lat' dir='ltr'><strong>qui</strong></span> <span class='ocrx_word' id='word_1_428' title='bbox 1201 3334 1339 3375; x_wconf 90' lang='lat' dir='ltr'><strong>eum</strong></span> <span class='ocrx_word' id='word_1_429' title='bbox 1374 3319 1576 3375; x_wconf 91' lang='lat' dir='ltr'><strong>multis</strong></span> <span class='ocrx_word' id='word_1_430' title='bbox 1608 3323 1788 3392; x_wconf 89' lang='lat' dir='ltr'><strong>atque</strong></span> <span class='ocrx_word' id='word_1_431' title='bbox 1828 3319 2208 3390; x_wconf 87' lang='lat' dir='ltr'><strong>incompara-</strong></span> 
     </span>
    </p>
   </div>
   <div class='ocr_carea' id='block_1_66' title="bbox 554 3407 2206 3478">
    <p class='ocr_par' dir='ltr' id='par_1_66' title="bbox 554 3407 2206 3478">
     <span class='ocr_line' id='line_1_66' title="bbox 554 3407 2206 3478; baseline 0.001 -16"><span class='ocrx_word' id='word_1_432' title='bbox 554 3408 780 3464; x_wconf 90' lang='lat' dir='ltr'><strong>bilibus</strong></span> <span class='ocrx_word' id='word_1_433' title='bbox 814 3408 1010 3464; x_wconf 91' lang='lat' dir='ltr'><strong>modis</strong></span> <span class='ocrx_word' id='word_1_434' title='bbox 1040 3409 1216 3478; x_wconf 89' lang='lat' dir='ltr'><strong>longe</strong></span> <span class='ocrx_word' id='word_1_435' title='bbox 1255 3407 1689 3464; x_wconf 86' lang='lat' dir='ltr'><strong>antecellebant</strong></span> <span class='ocrx_word' id='word_1_436' title='bbox 1718 3422 1956 3478; x_wconf 87' lang='lat' dir='ltr'><strong>genere,</strong></span> <span class='ocrx_word' id='word_1_437' title='bbox 1987 3407 2206 3463; x_wconf 91' lang='lat' dir='ltr'><strong>educa-</strong></span> 
     </span>
    </p>
   </div>
   <div class='ocr_carea' id='block_1_67' title="bbox 552 3496 2206 3570">
    <p class='ocr_par' dir='ltr' id='par_1_67' title="bbox 552 3496 2206 3570">
     <span class='ocr_line' id='line_1_67' title="bbox 552 3496 2206 3570; baseline 0 -17"><span class='ocrx_word' id='word_1_438' title='bbox 552 3498 735 3563; x_wconf 85' lang='lat' dir='ltr'><strong>tione,</strong></span> <span class='ocrx_word' id='word_1_439' title='bbox 772 3498 1163 3563; x_wconf 86' lang='lat' dir='ltr'><strong>institutione,</strong></span> <span class='ocrx_word' id='word_1_440' title='bbox 1192 3497 1528 3570; x_wconf 87' lang='lat' dir='ltr'><strong>prudentia,</strong></span> <span class='ocrx_word' id='word_1_441' title='bbox 1556 3496 1864 3568; x_wconf 87' lang='lat' dir='ltr'><strong>dignitate,</strong></span> <span class='ocrx_word' id='word_1_442' title='bbox 1892 3512 2033 3552; x_wconf 89' lang='lat' dir='ltr'><strong>vera</strong></span> <span class='ocrx_word' id='word_1_443' title='bbox 2061 3511 2206 3566; x_wconf 88' lang='lat' dir='ltr'><strong>erga</strong></span> 
     </span>
    </p>
   </div>
   <div class='ocr_carea' id='block_1_68' title="bbox 555 3584 2198 3660">
    <p class='ocr_par' dir='ltr' id='par_1_68' title="bbox 555 3584 2198 3660">
     <span class='ocr_line' id='line_1_68' title="bbox 555 3584 2198 3660; baseline -0.001 -18"><span class='ocrx_word' id='word_1_444' title='bbox 555 3589 741 3643; x_wconf 90' lang='lat' dir='ltr'><strong>Deum</strong></span> <span class='ocrx_word' id='word_1_445' title='bbox 789 3589 1030 3659; x_wconf 87' lang='lat' dir='ltr'><strong>pietate,</strong></span> <span class='ocrx_word' id='word_1_446' title='bbox 1065 3593 1245 3660; x_wconf 89' lang='lat' dir='ltr'><strong>atque</strong></span> <span class='ocrx_word' id='word_1_447' title='bbox 1289 3588 1351 3643; x_wconf 89' lang='lat' dir='ltr'><strong>in</strong></span> <span class='ocrx_word' id='word_1_448' title='bbox 1378 3587 1559 3642; x_wconf 88' lang='lat' dir='ltr'><strong>rebus</strong></span> <span class='ocrx_word' id='word_1_449' title='bbox 1586 3586 1870 3642; x_wconf 90' lang='lat' dir='ltr'><strong>omnibus</strong></span> <span class='ocrx_word' id='word_1_450' title='bbox 1910 3584 2198 3651; x_wconf 78' lang='lat' dir='ltr'><strong>ofﬁciosa,</strong></span> 
     </span>
    </p>
   </div>
   <div class='ocr_carea' id='block_1_69' title="bbox 552 3675 2201 3747">
    <p class='ocr_par' dir='ltr' id='par_1_69' title="bbox 552 3675 2201 3747">
     <span class='ocr_line' id='line_1_69' title="bbox 552 3675 2201 3747; baseline -0.001 -16"><span class='ocrx_word' id='word_1_451' title='bbox 552 3675 784 3732; x_wconf 89' lang='lat' dir='ltr'><strong>decenti</strong></span> <span class='ocrx_word' id='word_1_452' title='bbox 844 3684 898 3732; x_wconf 91' lang='lat' dir='ltr'><strong>et</strong></span> <span class='ocrx_word' id='word_1_453' title='bbox 951 3678 1260 3733; x_wconf 91' lang='lat' dir='ltr'><strong>moderata</strong></span> <span class='ocrx_word' id='word_1_454' title='bbox 1312 3676 1499 3732; x_wconf 90' lang='lat' dir='ltr'><strong>animi</strong></span> <span class='ocrx_word' id='word_1_455' title='bbox 1555 3675 2023 3731; x_wconf 87' lang='lat' dir='ltr'><strong>constitutione:</strong></span> <span class='ocrx_word' id='word_1_456' title='bbox 2065 3689 2201 3747; x_wconf 63' lang='lat' dir='ltr'><strong>quae</strong></span> 
     </span>
    </p>
   </div>
   <div class='ocr_carea' id='block_1_70' title="bbox 549 3763 2200 3836">
    <p class='ocr_par' dir='ltr' id='par_1_70' title="bbox 549 3763 2200 3836">
     <span class='ocr_line' id='line_1_70' title="bbox 549 3763 2200 3836; baseline 0 -17"><span class='ocrx_word' id='word_1_457' title='bbox 549 3766 796 3821; x_wconf 83' lang='lat' dir='ltr'><strong>virtutes</strong></span> <span class='ocrx_word' id='word_1_458' title='bbox 845 3768 905 3821; x_wconf 87' lang='lat' dir='ltr'><strong>in</strong></span> <span class='ocrx_word' id='word_1_459' title='bbox 948 3767 1032 3822; x_wconf 90' lang='lat' dir='ltr'><strong>eis</strong></span> <span class='ocrx_word' id='word_1_460' title='bbox 1080 3772 1144 3821; x_wconf 90' lang='lat' dir='ltr'><strong>ut</strong></span> <span class='ocrx_word' id='word_1_461' title='bbox 1191 3766 1511 3836; x_wconf 61' lang='lat' dir='ltr'><strong>praecipuas</strong></span> <span class='ocrx_word' id='word_1_462' title='bbox 1546 3770 1602 3821; x_wconf 89' lang='lat' dir='ltr'><strong>et</strong></span> <span class='ocrx_word' id='word_1_463' title='bbox 1643 3764 1902 3821; x_wconf 85' lang='lat' dir='ltr'><strong>maxime</strong></span> <span class='ocrx_word' id='word_1_464' title='bbox 1945 3763 2200 3819; x_wconf 86' lang='lat' dir='ltr'><strong>illustres</strong></span> 
     </span>
    </p>
   </div>
   <div class='ocr_carea' id='block_1_71' title="bbox 548 3852 2201 3926">
    <p class='ocr_par' dir='ltr' id='par_1_71' title="bbox 548 3852 2201 3926">
     <span class='ocr_line' id='line_1_71' title="bbox 548 3852 2201 3926; baseline -0.001 -17"><span class='ocrx_word' id='word_1_465' title='bbox 548 3870 674 3926; x_wconf 71' lang='lat' dir='ltr'><strong>prae</strong></span> <span class='ocrx_word' id='word_1_466' title='bbox 710 3854 839 3910; x_wconf 90' lang='lat' dir='ltr'><strong>aliis</strong></span> <span class='ocrx_word' id='word_1_467' title='bbox 880 3855 1124 3910; x_wconf 87' lang='lat' dir='ltr'><strong>miriﬁce</strong></span> <span class='ocrx_word' id='word_1_468' title='bbox 1170 3855 1501 3911; x_wconf 88' lang='lat' dir='ltr'><strong>elucebant.</strong></span> <span class='ocrx_word' id='word_1_469' title='bbox 1542 3856 1624 3909; x_wconf 86' lang='lat' dir='ltr'><strong>Ac</strong></span> <span class='ocrx_word' id='word_1_470' title='bbox 1658 3854 1922 3925; x_wconf 88' lang='lat' dir='ltr'><strong>primum</strong></span> <span class='ocrx_word' id='word_1_471' title='bbox 1953 3852 2201 3925; x_wconf 88' lang='lat' dir='ltr'><strong>quidem</strong></span> 
     </span>
    </p>
   </div>
   <div class='ocr_carea' id='block_1_72' title="bbox 547 3941 2201 4017">
    <p class='ocr_par' dir='ltr' id='par_1_72' title="bbox 547 3941 2201 4017">
     <span class='ocr_line' id='line_1_72' title="bbox 547 3941 2201 4017; baseline 0 -19"><span class='ocrx_word' id='word_1_472' title='bbox 547 3944 609 4000; x_wconf 88' lang='lat' dir='ltr'><strong>in</strong></span> <span class='ocrx_word' id='word_1_473' title='bbox 647 3944 834 3999; x_wconf 89' lang='lat' dir='ltr'><strong>solitis</strong></span> <span class='ocrx_word' id='word_1_474' title='bbox 876 3960 1013 4017; x_wconf 73' lang='lat' dir='ltr'><strong>quea</strong></span> <span class='ocrx_word' id='word_1_475' title='bbox 1057 3944 1296 4015; x_wconf 89' lang='lat' dir='ltr'><strong>publice</strong></span> <span class='ocrx_word' id='word_1_476' title='bbox 1325 3944 1551 4000; x_wconf 87' lang='lat' dir='ltr'><strong>ﬁebant</strong></span> <span class='ocrx_word' id='word_1_477' title='bbox 1577 3941 2114 4000; x_wconf 87' lang='lat' dir='ltr'><strong>acclamationibus</strong></span> <span class='ocrx_word' id='word_1_478' title='bbox 2145 3947 2201 3998; x_wconf 88' lang='lat' dir='ltr'><strong>et</strong></span> 
     </span>
    </p>
   </div>
   <div class='ocr_carea' id='block_1_73' title="bbox 547 4030 2198 4105">
    <p class='ocr_par' dir='ltr' id='par_1_73' title="bbox 547 4030 2198 4105">
     <span class='ocr_line' id='line_1_73' title="bbox 547 4030 2198 4105; baseline 0 -18"><span class='ocrx_word' id='word_1_479' title='bbox 547 4033 724 4101; x_wconf 90' lang='lat' dir='ltr'><strong>votis,</strong></span> <span class='ocrx_word' id='word_1_480' title='bbox 768 4034 962 4105; x_wconf 86' lang='lat' dir='ltr'><strong>primo</strong></span> <span class='ocrx_word' id='word_1_481' title='bbox 1003 4033 1136 4090; x_wconf 90' lang='lat' dir='ltr'><strong>loco</strong></span> <span class='ocrx_word' id='word_1_482' title='bbox 1176 4050 1238 4089; x_wconf 89' lang='lat' dir='ltr'><strong>se</strong></span> <span class='ocrx_word' id='word_1_483' title='bbox 1286 4033 1613 4089; x_wconf 88' lang='lat' dir='ltr'><strong>renuntiari</strong></span> <span class='ocrx_word' id='word_1_484' title='bbox 1653 4032 1883 4088; x_wconf 89' lang='lat' dir='ltr'><strong>curavit</strong></span> <span class='ocrx_word' id='word_1_485' title='bbox 1921 4050 1937 4092; x_wconf 89' lang='lat'><strong>:</strong></span> <span class='ocrx_word' id='word_1_486' title='bbox 1981 4030 2198 4087; x_wconf 89' lang='lat' dir='ltr'><strong>deinde</strong></span> 
     </span>
    </p>
   </div>
   <div class='ocr_carea' id='block_1_74' title="bbox 543 4120 2196 4185">
    <p class='ocr_par' dir='ltr' id='par_1_74' title="bbox 543 4120 2196 4185">
     <span class='ocr_line' id='line_1_74' title="bbox 543 4120 2196 4185; baseline -0.002 -7"><span class='ocrx_word' id='word_1_487' title='bbox 543 4128 745 4178; x_wconf 89' lang='lat' dir='ltr'><strong>autem</strong></span> <span class='ocrx_word' id='word_1_488' title='bbox 771 4122 1102 4178; x_wconf 84' lang='lat' dir='ltr'><strong>amentiam</strong></span> <span class='ocrx_word' id='word_1_489' title='bbox 1133 4123 1190 4178; x_wconf 91' lang='lat' dir='ltr'><strong>in</strong></span> <span class='ocrx_word' id='word_1_490' title='bbox 1217 4122 1517 4178; x_wconf 90' lang='lat' dir='ltr'><strong>insaniam</strong></span> <span class='ocrx_word' id='word_1_491' title='bbox 1539 4120 2033 4185; x_wconf 71' lang='lat' dir='ltr'><strong>vertens.fmdera</strong></span> <span class='ocrx_word' id='word_1_492' title='bbox 2058 4136 2196 4175; x_wconf 89' lang='lat' dir='ltr'><strong>cum</strong></span> 
     </span>
    </p>
   </div>
   <div class='ocr_carea' id='block_1_75' title="bbox 477 4210 2196 4284">
    <p class='ocr_par' dir='ltr' id='par_1_75' title="bbox 477 4210 2196 4284">
     <span class='ocr_line' id='line_1_75' title="bbox 477 4210 2196 4284; baseline -0.003 -17"><span class='ocrx_word' id='word_1_493' title='bbox 477 4210 486 4221; x_wconf 84' lang='grc'><em>”</em></span> <span class='ocrx_word' id='word_1_494' title='bbox 550 4211 768 4267; x_wconf 87' lang='lat' dir='ltr'><strong>Licinio</strong></span> <span class='ocrx_word' id='word_1_495' title='bbox 793 4218 970 4267; x_wconf 88' lang='lat' dir='ltr'><strong>antea</strong></span> <span class='ocrx_word' id='word_1_496' title='bbox 999 4216 1178 4284; x_wconf 90' lang='lat' dir='ltr'><strong>pacta</strong></span> <span class='ocrx_word' id='word_1_497' title='bbox 1204 4212 1374 4284; x_wconf 89' lang='lat' dir='ltr'><strong>rupit.</strong></span> <span class='ocrx_word' id='word_1_498' title='bbox 1406 4214 1473 4267; x_wconf 90' lang='lat' dir='ltr'><strong>Et</strong></span> <span class='ocrx_word' id='word_1_499' title='bbox 1501 4227 1641 4267; x_wconf 91' lang='lat' dir='ltr'><strong>cum</strong></span> <span class='ocrx_word' id='word_1_500' title='bbox 1671 4212 1732 4266; x_wconf 87' lang='lat' dir='ltr'><strong>in</strong></span> <span class='ocrx_word' id='word_1_501' title='bbox 1764 4210 1967 4265; x_wconf 89' lang='lat' dir='ltr'><strong>animo</strong></span> <span class='ocrx_word' id='word_1_502' title='bbox 1992 4225 2196 4265; x_wconf 86' lang='lat' dir='ltr'><strong>secum</strong></span> 
     </span>
    </p>
   </div>
   <div class='ocr_carea' id='block_1_76' title="bbox 2319 3048 3892 3125">
    <p class='ocr_par' dir='ltr' id='par_1_76' title="bbox 2319 3048 3892 3125">
     <span class='ocr_line' id='line_1_76' title="bbox 2319 3048 3892 3125; baseline -0.004 -21"><span class='ocrx_word' id='word_1_503' title='bbox 2319 3072 2440 3117; x_wconf 86' lang='grc' dir='ltr'>των,</span> <span class='ocrx_word' id='word_1_504' title='bbox 2517 3056 2674 3122; x_wconf 78' lang='grc' dir='ltr'>γένει,</span> <span class='ocrx_word' id='word_1_505' title='bbox 2728 3051 3014 3125; x_wconf 63' lang='grc' dir='ltr'>ἀνατροφῇ,</span> <span class='ocrx_word' id='word_1_506' title='bbox 3069 3049 3309 3121; x_wconf 74' lang='grc' dir='ltr'>παιδείᾳ,</span> <span class='ocrx_word' id='word_1_507' title='bbox 3369 3055 3581 3102; x_wconf 84' lang='grc' dir='ltr'>συνέσει</span> <span class='ocrx_word' id='word_1_508' title='bbox 3631 3056 3719 3101; x_wconf 82' lang='grc' dir='ltr'>καὶ</span> <span class='ocrx_word' id='word_1_509' title='bbox 3772 3048 3892 3109; x_wconf 70' lang='grc' dir='ltr'>ἀξιω-</span> 
     </span>
    </p>
   </div>
   <div class='ocr_carea' id='block_1_77' title="bbox 2317 3139 3891 3214">
    <p class='ocr_par' dir='ltr' id='par_1_77' title="bbox 2317 3139 3891 3214">
     <span class='ocr_line' id='line_1_77' title="bbox 2317 3139 3891 3214; baseline -0.006 -20"><span class='ocrx_word' id='word_1_510' title='bbox 2317 3161 2465 3213; x_wconf 87' lang='grc' dir='ltr'>ματι,</span> <span class='ocrx_word' id='word_1_511' title='bbox 2498 3147 2587 3193; x_wconf 85' lang='grc' dir='ltr'>καὶ</span> <span class='ocrx_word' id='word_1_512' title='bbox 2629 3149 2691 3213; x_wconf 76' lang='grc' dir='ltr'>τῇ</span> <span class='ocrx_word' id='word_1_513' title='bbox 2725 3144 2857 3214; x_wconf 83' lang='grc' dir='ltr'>πρὸς</span> <span class='ocrx_word' id='word_1_514' title='bbox 2904 3145 3025 3194; x_wconf 84' lang='grc' dir='ltr'>Θεὸν</span> <span class='ocrx_word' id='word_1_515' title='bbox 3066 3140 3316 3212; x_wconf 70' lang='grc' dir='ltr'>εὐσεϐείᾳ,</span> <span class='ocrx_word' id='word_1_516' title='bbox 3376 3145 3466 3192; x_wconf 80' lang='grc' dir='ltr'>καὶ</span> <span class='ocrx_word' id='word_1_517' title='bbox 3512 3148 3589 3209; x_wconf 81' lang='grc' dir='ltr'>τῷ</span> <span class='ocrx_word' id='word_1_518' title='bbox 3641 3139 3713 3210; x_wconf 72' lang='grc' dir='ltr'><strong>ἐφ’</strong></span> <span class='ocrx_word' id='word_1_519' title='bbox 3756 3139 3891 3189; x_wconf 73' lang='grc' dir='ltr'>ἅπασι</span> 
     </span>
    </p>
   </div>
   <div class='ocr_carea' id='block_1_78' title="bbox 2320 3228 3888 3303">
    <p class='ocr_par' dir='ltr' id='par_1_78' title="bbox 2320 3228 3888 3303">
     <span class='ocr_line' id='line_1_78' title="bbox 2320 3228 3888 3303; baseline -0.001 -20"><span class='ocrx_word' id='word_1_520' title='bbox 2320 3237 2543 3303; x_wconf 70' lang='grc' dir='ltr'>σώφρονι</span> <span class='ocrx_word' id='word_1_521' title='bbox 2615 3236 2706 3283; x_wconf 82' lang='grc' dir='ltr'>καὶ</span> <span class='ocrx_word' id='word_1_522' title='bbox 2781 3230 3171 3300; x_wconf 83' lang='grc' dir='ltr'>κατεσταλμένῳ</span> <span class='ocrx_word' id='word_1_523' title='bbox 3227 3238 3325 3291; x_wconf 80' lang='grc' dir='ltr'>τῆς</span> <span class='ocrx_word' id='word_1_524' title='bbox 3396 3228 3590 3300; x_wconf 68' lang='grc' dir='ltr'>ψυχῆς</span> <span class='ocrx_word' id='word_1_525' title='bbox 3649 3233 3888 3299; x_wconf 60' lang='grc' dir='ltr'>παραστήο</span> 
     </span>
    </p>
   </div>
   <div class='ocr_carea' id='block_1_79' title="bbox 2314 3315 3892 3393">
    <p class='ocr_par' dir='ltr' id='par_1_79' title="bbox 2314 3315 3892 3393">
     <span class='ocr_line' id='line_1_79' title="bbox 2314 3315 3892 3393; baseline -0.005 -22"><span class='ocrx_word' id='word_1_526' title='bbox 2314 3340 2462 3393; x_wconf 84' lang='grc' dir='ltr'>ματι.</span> <span class='ocrx_word' id='word_1_527' title='bbox 2511 3321 2575 3373; x_wconf 65' lang='grc' dir='ltr'><strong>*Α</strong></span> <span class='ocrx_word' id='word_1_528' title='bbox 2608 3316 2674 3378; x_wconf 79' lang='grc' dir='ltr'>δη</span> <span class='ocrx_word' id='word_1_529' title='bbox 2728 3340 2843 3371; x_wconf 88' lang='grc' dir='ltr'>τινα</span> <span class='ocrx_word' id='word_1_530' title='bbox 2877 3324 2967 3371; x_wconf 88' lang='grc' dir='ltr'>καὶ</span> <span class='ocrx_word' id='word_1_531' title='bbox 3020 3321 3087 3379; x_wconf 82' lang='grc' dir='ltr'>ὡς</span> <span class='ocrx_word' id='word_1_532' title='bbox 3116 3327 3379 3393; x_wconf 64' lang='grc' dir='ltr'>κορυφαῖα</span> <span class='ocrx_word' id='word_1_533' title='bbox 3428 3322 3641 3378; x_wconf 80' lang='grc' dir='ltr'>τούτοις</span> <span class='ocrx_word' id='word_1_534' title='bbox 3686 3321 3771 3369; x_wconf 86' lang='grc' dir='ltr'>καὶ</span> <span class='ocrx_word' id='word_1_535' title='bbox 3812 3315 3892 3366; x_wconf 73' lang='grc' dir='ltr'><strong>ἐπὶ·</strong></span> 
     </span>
    </p>
   </div>
   <div class='ocr_carea' id='block_1_80' title="bbox 2318 3405 3893 3481">
    <p class='ocr_par' dir='ltr' id='par_1_80' title="bbox 2318 3405 3893 3481">
     <span class='ocr_line' id='line_1_80' title="bbox 2318 3405 3893 3481; baseline -0.001 -18"><span class='ocrx_word' id='word_1_536' title='bbox 2318 3430 2486 3480; x_wconf 81' lang='grc' dir='ltr'>σημα,</span> <span class='ocrx_word' id='word_1_537' title='bbox 2529 3418 2629 3461; x_wconf 83' lang='grc' dir='ltr'>τῶν</span> <span class='ocrx_word' id='word_1_538' title='bbox 2682 3409 2848 3462; x_wconf 80' lang='grc' dir='ltr'>ἄλλων</span> <span class='ocrx_word' id='word_1_539' title='bbox 2898 3406 3031 3468; x_wconf 76' lang='grc' dir='ltr'>ἦσαν</span> <span class='ocrx_word' id='word_1_540' title='bbox 3099 3410 3365 3481; x_wconf 74' lang='grc' dir='ltr'>ὑπερφυῶς</span> <span class='ocrx_word' id='word_1_541' title='bbox 3418 3405 3805 3478; x_wconf 76' lang='grc' dir='ltr'>διαλάμποντα,</span> <span class='ocrx_word' id='word_1_542' title='bbox 3846 3405 3893 3460; x_wconf 73' lang='grc' dir='ltr'><strong>εἰς</strong></span> 
     </span>
    </p>
   </div>
   <div class='ocr_carea' id='block_1_81' title="bbox 2314 3498 3967 3571">
    <p class='ocr_par' dir='ltr' id='par_1_81' title="bbox 2314 3498 3967 3571">
     <span class='ocr_line' id='line_1_81' title="bbox 2314 3498 3967 3571; baseline -0.01 -12"><span class='ocrx_word' id='word_1_543' title='bbox 2314 3500 2507 3571; x_wconf 77' lang='grc' dir='ltr'>τόλμην</span> <span class='ocrx_word' id='word_1_544' title='bbox 2563 3505 2653 3551; x_wconf 77' lang='grc' dir='ltr'>καὶ</span> <span class='ocrx_word' id='word_1_545' title='bbox 2729 3500 2926 3571; x_wconf 87' lang='grc' dir='ltr'>θράσος</span> <span class='ocrx_word' id='word_1_546' title='bbox 2989 3500 3339 3569; x_wconf 78' lang='grc' dir='ltr'>ανηρεθίζετο.</span> <span class='ocrx_word' id='word_1_547' title='bbox 3404 3504 3503 3550; x_wconf 75' lang='grc' dir='ltr'><strong>Καὶ</strong></span> <span class='ocrx_word' id='word_1_548' title='bbox 3561 3506 3765 3570; x_wconf 79' lang='grc' dir='ltr'>πρῶτον</span> <span class='ocrx_word' id='word_1_549' title='bbox 3966 3556 3967 3559; x_wconf 16' lang='grc' dir='ltr'><strong>η</strong></span> 
     </span>
    </p>
   </div>
   <div class='ocr_carea' id='block_1_82' title="bbox 2312 3584 3891 3657">
    <p class='ocr_par' dir='ltr' id='par_1_82' title="bbox 2312 3584 3891 3657">
     <span class='ocr_line' id='line_1_82' title="bbox 2312 3584 3891 3657; baseline -0.006 -16"><span class='ocrx_word' id='word_1_550' title='bbox 2312 3587 2570 3641; x_wconf 73' lang='grc' dir='ltr'>ἐπιϐάλλει</span> <span class='ocrx_word' id='word_1_551' title='bbox 2637 3596 2751 3649; x_wconf 87' lang='grc' dir='ltr'>ταῖς</span> <span class='ocrx_word' id='word_1_552' title='bbox 2809 3586 2861 3649; x_wconf 84' lang='grc' dir='ltr'><em>ἐξ</em></span> <span class='ocrx_word' id='word_1_553' title='bbox 2927 3590 3071 3648; x_wconf 82' lang='grc' dir='ltr'>ἔθους</span> <span class='ocrx_word' id='word_1_554' title='bbox 3121 3584 3410 3657; x_wconf 74' lang='grc' dir='ltr'>δημοσίαις</span> <span class='ocrx_word' id='word_1_555' title='bbox 3480 3591 3690 3657; x_wconf 67' lang='grc' dir='ltr'>φήμαις</span> <span class='ocrx_word' id='word_1_556' title='bbox 3741 3603 3891 3656; x_wconf 65' lang='grc' dir='ltr'>προεπι-</span> 
     </span>
    </p>
   </div>
   <div class='ocr_carea' id='block_1_83' title="bbox 2314 3675 2980 3748">
    <p class='ocr_par' dir='ltr' id='par_1_83' title="bbox 2314 3675 2980 3748">
     <span class='ocr_line' id='line_1_83' title="bbox 2314 3675 2980 3748; baseline -0.003 -19"><span class='ocrx_word' id='word_1_557' title='bbox 2314 3695 2436 3737; x_wconf 87' lang='grc' dir='ltr'>στος</span> <span class='ocrx_word' id='word_1_558' title='bbox 2506 3675 2914 3748; x_wconf 71' lang='grc' dir='ltr'>ἀναγορεύεσθαι</span> <span class='ocrx_word' id='word_1_559' title='bbox 2966 3694 2980 3706; x_wconf 73' lang='grc' dir='ltr'><strong>σ</strong></span> 
     </span>
    </p>
   </div>
   <div class='ocr_carea' id='block_1_84' title="bbox 2310 3760 3967 3839">
    <p class='ocr_par' dir='ltr' id='par_1_84' title="bbox 2310 3760 3967 3839">
     <span class='ocr_line' id='line_1_84' title="bbox 2310 3760 3967 3839; baseline -0.005 -22"><span class='ocrx_word' id='word_1_560' title='bbox 2310 3764 2588 3836; x_wconf 73' lang='grc' dir='ltr'>ἐπιτείνας,</span> <span class='ocrx_word' id='word_1_561' title='bbox 2654 3769 2749 3824; x_wconf 77' lang='grc' dir='ltr'><strong>τας</strong></span> <span class='ocrx_word' id='word_1_562' title='bbox 2804 3767 3066 3825; x_wconf 80' lang='grc' dir='ltr'>συνθήκας</span> <span class='ocrx_word' id='word_1_563' title='bbox 3124 3760 3342 3829; x_wconf 78' lang='grc' dir='ltr'>διέλυεν,</span> <span class='ocrx_word' id='word_1_564' title='bbox 3394 3763 3456 3827; x_wconf 82' lang='grc' dir='ltr'><strong>ἀς</strong></span> <span class='ocrx_word' id='word_1_565' title='bbox 3505 3768 3645 3836; x_wconf 86' lang='grc' dir='ltr'><strong>μετά</strong></span> <span class='ocrx_word' id='word_1_566' title='bbox 3686 3766 3889 3817; x_wconf 68' lang='grc' dir='ltr'>Λικινίου</span> 
     </span>
    </p>
   </div>
   <div class='ocr_carea' id='block_1_85' title="bbox 2310 3850 3967 3927">
    <p class='ocr_par' dir='ltr' id='par_1_85' title="bbox 2310 3850 3967 3927">
     <span class='ocr_line' id='line_1_85' title="bbox 2310 3850 3967 3927; baseline -0.005 -21"><span class='ocrx_word' id='word_1_567' title='bbox 2310 3860 2591 3912; x_wconf 86' lang='grc' dir='ltr'>πεποίηται</span> <span class='ocrx_word' id='word_1_568' title='bbox 2652 3860 2921 3927; x_wconf 88' lang='grc' dir='ltr'>πρότερον.</span> <span class='ocrx_word' id='word_1_569' title='bbox 2970 3855 3054 3906; x_wconf 83' lang='grc' dir='ltr'>Ἐν</span> <span class='ocrx_word' id='word_1_570' title='bbox 3083 3862 3151 3924; x_wconf 78' lang='grc' dir='ltr'>νῷ</span> <span class='ocrx_word' id='word_1_571' title='bbox 3195 3850 3254 3906; x_wconf 68' lang='grc' dir='ltr'>δι</span> <span class='ocrx_word' id='word_1_572' title='bbox 3290 3852 3493 3925; x_wconf 83' lang='grc' dir='ltr'>βάλλων</span> <span class='ocrx_word' id='word_1_573' title='bbox 3546 3860 3643 3905; x_wconf 83' lang='grc' dir='ltr'>καὶ</span> <span class='ocrx_word' id='word_1_574' title='bbox 3686 3858 3745 3904; x_wconf 82' lang='grc' dir='ltr'>τὸ</span> <span class='ocrx_word' id='word_1_575' title='bbox 3786 3856 3891 3901; x_wconf 62' lang='grc' dir='ltr'>κατι</span> 
     </span>
    </p>
   </div>
   <div class='ocr_carea' id='block_1_86' title="bbox 2310 3940 3887 4016">
    <p class='ocr_par' dir='ltr' id='par_1_86' title="bbox 2310 3940 3887 4016">
     <span class='ocr_line' id='line_1_86' title="bbox 2310 3940 3887 4016; baseline -0.005 -19"><span class='ocrx_word' id='word_1_576' title='bbox 2310 3943 2589 4006; x_wconf 81' lang='grc' dir='ltr'>Μαξέντιον</span> <span class='ocrx_word' id='word_1_577' title='bbox 2634 3945 2901 4014; x_wconf 80' lang='grc' dir='ltr'>γενόμενον</span> <span class='ocrx_word' id='word_1_578' title='bbox 2950 3940 3044 3995; x_wconf 76' lang='grc' dir='ltr'>δια</span> <span class='ocrx_word' id='word_1_579' title='bbox 3089 3952 3180 4003; x_wconf 83' lang='grc' dir='ltr'>τῆς</span> <span class='ocrx_word' id='word_1_580' title='bbox 3219 3950 3311 3995; x_wconf 79' lang='grc' dir='ltr'><strong>τοῦ</strong></span> <span class='ocrx_word' id='word_1_581' title='bbox 3355 3950 3595 4015; x_wconf 81' lang='grc' dir='ltr'>σταυροῦ</span> <span class='ocrx_word' id='word_1_582' title='bbox 3649 3946 3887 4016; x_wconf 72' lang='grc' dir='ltr'>ἐνεργείας,</span> 
     </span>
    </p>
   </div>
   <div class='ocr_carea' id='block_1_87' title="bbox 2308 4027 3889 4105">
    <p class='ocr_par' dir='ltr' id='par_1_87' title="bbox 2308 4027 3889 4105">
     <span class='ocr_line' id='line_1_87' title="bbox 2308 4027 3889 4105; baseline -0.003 -21"><span class='ocrx_word' id='word_1_583' title='bbox 2308 4032 2366 4084; x_wconf 77' lang='grc' dir='ltr'><strong>οὐ</strong></span> <span class='ocrx_word' id='word_1_584' title='bbox 2414 4039 2568 4103; x_wconf 79' lang='grc' dir='ltr'>μόνον</span> <span class='ocrx_word' id='word_1_585' title='bbox 2612 4035 2745 4103; x_wconf 78' lang='grc' dir='ltr'>μετὰ</span> <span class='ocrx_word' id='word_1_586' title='bbox 2783 4040 2882 4084; x_wconf 85' lang='grc' dir='ltr'>τῶν</span> <span class='ocrx_word' id='word_1_587' title='bbox 2930 4029 3207 4105; x_wconf 76' lang='grc' dir='ltr'>βασιλέων,</span> <span class='ocrx_word' id='word_1_588' title='bbox 3258 4030 3385 4082; x_wconf 79' lang='grc' dir='ltr'>ἀλλά</span> <span class='ocrx_word' id='word_1_589' title='bbox 3421 4049 3478 4102; x_wconf 81' lang='grc' dir='ltr'><strong>γε</strong></span> <span class='ocrx_word' id='word_1_590' title='bbox 3540 4027 3612 4089; x_wconf 73' lang='grc' dir='ltr'><strong>δὴ</strong></span> <span class='ocrx_word' id='word_1_591' title='bbox 3679 4037 3764 4082; x_wconf 78' lang='grc' dir='ltr'>καὶ</span> <span class='ocrx_word' id='word_1_592' title='bbox 3800 4028 3889 4079; x_wconf 77' lang='grc' dir='ltr'>κατ’</span> 
     </span>
    </p>
   </div>
   <div class='ocr_carea' id='block_1_88' title="bbox 2306 4117 3891 4192">
    <p class='ocr_par' dir='ltr' id='par_1_88' title="bbox 2306 4117 3891 4192">
     <span class='ocr_line' id='line_1_88' title="bbox 2306 4117 3891 4192; baseline -0.004 -20"><span class='ocrx_word' id='word_1_593' title='bbox 2306 4121 2467 4173; x_wconf 72' lang='grc' dir='ltr'>αὐτοῦ</span> <span class='ocrx_word' id='word_1_594' title='bbox 2510 4121 2763 4181; x_wconf 78' lang='grc' dir='ltr'>ὡπλίζετο</span> <span class='ocrx_word' id='word_1_595' title='bbox 2807 4129 2897 4173; x_wconf 74' lang='grc' dir='ltr'><strong>του</strong></span> <span class='ocrx_word' id='word_1_596' title='bbox 2954 4122 3336 4192; x_wconf 81' lang='grc' dir='ltr'>σταυρωθέντος</span> <span class='ocrx_word' id='word_1_597' title='bbox 3382 4127 3653 4192; x_wconf 74' lang='grc' dir='ltr'>Χριστοῦ.</span> <span class='ocrx_word' id='word_1_598' title='bbox 3710 4123 3799 4172; x_wconf 77' lang='grc' dir='ltr'><strong>Καὶ</strong></span> <span class='ocrx_word' id='word_1_599' title='bbox 3839 4117 3891 4175; x_wconf 78' lang='grc' dir='ltr'><strong>εις</strong></span> 
     </span>
    </p>
   </div>
   <div class='ocr_carea' id='block_1_89' title="bbox 2307 4205 3893 4283">
    <p class='ocr_par' dir='ltr' id='par_1_89' title="bbox 2307 4205 3893 4283">
     <span class='ocr_line' id='line_1_89' title="bbox 2307 4205 3893 4283; baseline -0.004 -21"><span class='ocrx_word' id='word_1_600' title='bbox 2307 4209 2460 4283; x_wconf 79' lang='grc' dir='ltr'>φόϐον</span> <span class='ocrx_word' id='word_1_601' title='bbox 2520 4210 2828 4275; x_wconf 83' lang='grc' dir='ltr'>συνελαθεὶς,</span> <span class='ocrx_word' id='word_1_602' title='bbox 2889 4213 2975 4261; x_wconf 84' lang='grc' dir='ltr'><strong>τόν</strong></span> <span class='ocrx_word' id='word_1_603' title='bbox 3032 4211 3167 4262; x_wconf 83' lang='grc' dir='ltr'>κατὰ</span> <span class='ocrx_word' id='word_1_604' title='bbox 3221 4215 3551 4280; x_wconf 80' lang='grc' dir='ltr'>Χριστιανῶν</span> <span class='ocrx_word' id='word_1_605' title='bbox 3610 4214 3704 4262; x_wconf 77' lang='grc' dir='ltr'>καὶ</span> <span class='ocrx_word' id='word_1_606' title='bbox 3768 4205 3893 4283; x_wconf 69' lang='grc' dir='ltr'>ρῦθις</span> 
     </span>
    </p>
   </div>
   <div class='ocr_carea' id='block_1_90' title="bbox 546 4282 2208 4372">
    <p class='ocr_par' dir='ltr' id='par_1_90' title="bbox 546 4282 2193 4372">
     <span class='ocr_line' id='line_1_90' title="bbox 546 4282 2193 4372; baseline -0.001 -19"><span class='ocrx_word' id='word_1_607' title='bbox 546 4299 673 4370; x_wconf 88' lang='lat' dir='ltr'><strong>ipse</strong></span> <span class='ocrx_word' id='word_1_608' title='bbox 702 4282 1025 4371; x_wconf 70' lang='lat' dir='ltr'><strong>reputaret,</strong></span> <span class='ocrx_word' id='word_1_609' title='bbox 1066 4317 1203 4372; x_wconf 67' lang='lat' dir='ltr'><strong>quas</strong></span> <span class='ocrx_word' id='word_1_610' title='bbox 1244 4282 1348 4372; x_wconf 85' lang='lat' dir='ltr'><strong>per</strong></span> <span class='ocrx_word' id='word_1_611' title='bbox 1377 4301 1498 4356; x_wconf 87' lang='lat' dir='ltr'><strong>vim</strong></span> <span class='ocrx_word' id='word_1_612' title='bbox 1537 4306 1593 4355; x_wconf 89' lang='lat' dir='ltr'><strong>et</strong></span> <span class='ocrx_word' id='word_1_613' title='bbox 1630 4298 1956 4356; x_wconf 77' lang='lat' dir='ltr'><strong>efﬁcaciam</strong></span> <span class='ocrx_word' id='word_1_614' title='bbox 1999 4299 2193 4354; x_wconf 88' lang='lat' dir='ltr'><strong>crucis</strong></span> 
     </span>
    </p>
   </div>
   <div class='ocr_carea' id='block_1_91' title="bbox 2319 4282 3888 4372">
    <p class='ocr_par' dir='ltr' id='par_1_91' title="bbox 2319 4296 3888 4372">
     <span class='ocr_line' id='line_1_91' title="bbox 2319 4296 3888 4372; baseline -0.004 -21"><span class='ocrx_word' id='word_1_615' title='bbox 2319 4302 2476 4372; x_wconf 61' lang='grc' dir='ltr'>ἡρέμα</span> <span class='ocrx_word' id='word_1_616' title='bbox 2522 4298 2702 4357; x_wconf 79' lang='grc' dir='ltr'>ἀνίησι</span> <span class='ocrx_word' id='word_1_617' title='bbox 2778 4296 3035 4371; x_wconf 74' lang='grc' dir='ltr'>διωγμόν.</span> <span class='ocrx_word' id='word_1_618' title='bbox 3106 4298 3367 4355; x_wconf 84' lang='grc' dir='ltr'>Ὀπηνίκα</span> <span class='ocrx_word' id='word_1_619' title='bbox 3439 4297 3628 4350; x_wconf 80' lang='grc' dir='ltr'>πολλοὶ</span> <span class='ocrx_word' id='word_1_620' title='bbox 3687 4301 3774 4369; x_wconf 75' lang='grc' dir='ltr'>μὲν</span> <span class='ocrx_word' id='word_1_621' title='bbox 3817 4302 3888 4345; x_wconf 74' lang='grc' dir='ltr'>κεί</span> 
     </span>
    </p>
   </div>
   <div class='ocr_carea' id='block_1_92' title="bbox 545 4388 2192 4462">
    <p class='ocr_par' dir='ltr' id='par_1_92' title="bbox 545 4388 2192 4462">
     <span class='ocr_line' id='line_1_92' title="bbox 545 4388 2192 4462; baseline 0 -19"><span class='ocrx_word' id='word_1_622' title='bbox 545 4390 839 4444; x_wconf 83' lang='lat' dir='ltr'><strong>Maxentio</strong></span> <span class='ocrx_word' id='word_1_623' title='bbox 861 4390 1236 4455; x_wconf 87' lang='lat' dir='ltr'><strong>accederant,</strong></span> <span class='ocrx_word' id='word_1_624' title='bbox 1270 4388 1449 4462; x_wconf 69' lang='grc'><strong>489</strong></span> <span class='ocrx_word' id='word_1_625' title='bbox 1478 4405 1598 4445; x_wconf 91' lang='lat' dir='ltr'><strong>non</strong></span> <span class='ocrx_word' id='word_1_626' title='bbox 1629 4389 1825 4444; x_wconf 90' lang='lat' dir='ltr'><strong>solum</strong></span> <span class='ocrx_word' id='word_1_627' title='bbox 1855 4393 2061 4444; x_wconf 88' lang='lat' dir='ltr'><strong>contra</strong></span> <span class='ocrx_word' id='word_1_628' title='bbox 2086 4389 2192 4443; x_wconf 89' lang='lat' dir='ltr'><strong>im-</strong></span> 
     </span>
    </p>
   </div>
   <div class='ocr_carea' id='block_1_93' title="bbox 541 4476 2195 4550">
    <p class='ocr_par' dir='ltr' id='par_1_93' title="bbox 541 4476 2195 4550">
     <span class='ocr_line' id='line_1_93' title="bbox 541 4476 2195 4550; baseline -0.001 -18"><span class='ocrx_word' id='word_1_629' title='bbox 541 4486 869 4550; x_wconf 87' lang='lat' dir='ltr'><strong>peratores,</strong></span> <span class='ocrx_word' id='word_1_630' title='bbox 890 4494 1100 4534; x_wconf 91' lang='lat' dir='ltr'><strong>verum</strong></span> <span class='ocrx_word' id='word_1_631' title='bbox 1126 4480 1303 4534; x_wconf 89' lang='lat' dir='ltr'><strong>etiam</strong></span> <span class='ocrx_word' id='word_1_632' title='bbox 1333 4480 1624 4534; x_wconf 88' lang='lat' dir='ltr'><strong>adversus</strong></span> <span class='ocrx_word' id='word_1_633' title='bbox 1654 4476 2008 4533; x_wconf 80' lang='lat' dir='ltr'><strong>cruciﬁxum</strong></span> <span class='ocrx_word' id='word_1_634' title='bbox 2036 4477 2195 4532; x_wconf 91' lang='lat' dir='ltr'><strong>Chri-</strong></span> 
     </span>
    </p>
   </div>
   <div class='ocr_carea' id='block_1_94' title="bbox 2307 4381 3890 4459">
    <p class='ocr_par' dir='ltr' id='par_1_94' title="bbox 2307 4381 3890 4459">
     <span class='ocr_line' id='line_1_94' title="bbox 2307 4381 3890 4459; baseline 0.002 -21"><span class='ocrx_word' id='word_1_635' title='bbox 2307 4388 2449 4439; x_wconf 80' lang='grc' dir='ltr'>ἄλλοι</span> <span class='ocrx_word' id='word_1_636' title='bbox 2485 4387 2806 4459; x_wconf 83' lang='grc' dir='ltr'>περιϐόητοι,</span> <span class='ocrx_word' id='word_1_637' title='bbox 2850 4390 3146 4459; x_wconf 82' lang='grc' dir='ltr'>θαυμαστοί</span> <span class='ocrx_word' id='word_1_638' title='bbox 3199 4405 3251 4438; x_wconf 88' lang='grc' dir='ltr'><strong>τε</strong></span> <span class='ocrx_word' id='word_1_639' title='bbox 3303 4390 3392 4438; x_wconf 86' lang='grc' dir='ltr'>καὶ</span> <span class='ocrx_word' id='word_1_640' title='bbox 3444 4395 3686 4455; x_wconf 80' lang='grc' dir='ltr'>γενναῖοι</span> <span class='ocrx_word' id='word_1_641' title='bbox 3736 4381 3890 4456; x_wconf 68' lang='grc' dir='ltr'>ἄνδρες</span> 
     </span>
    </p>
   </div>
   <div class='ocr_carea' id='block_1_95' title="bbox 2306 4472 3371 4552">
    <p class='ocr_par' dir='ltr' id='par_1_95' title="bbox 2306 4472 3371 4552">
     <span class='ocr_line' id='line_1_95' title="bbox 2306 4472 3371 4552; baseline -0.002 -24"><span class='ocrx_word' id='word_1_642' title='bbox 2306 4480 2366 4528; x_wconf 90' lang='grc' dir='ltr'>τὸ</span> <span class='ocrx_word' id='word_1_643' title='bbox 2392 4484 2484 4528; x_wconf 80' lang='grc' dir='ltr'>τοῦ</span> <span class='ocrx_word' id='word_1_644' title='bbox 2513 4483 2805 4552; x_wconf 78' lang='grc' dir='ltr'>μαρτυρίου</span> <span class='ocrx_word' id='word_1_645' title='bbox 2839 4473 3097 4534; x_wconf 80' lang='grc' dir='ltr'>διήνυσαν</span> <span class='ocrx_word' id='word_1_646' title='bbox 3128 4472 3371 4530; x_wconf 78' lang='grc' dir='ltr'>στάδιον.</span> 
     </span>
    </p>
   </div>
   <div class='ocr_carea' id='block_1_96' title="bbox 543 4564 3885 4639">
    <p class='ocr_par' dir='ltr' id='par_1_96' title="bbox 543 4564 3885 4639">
     <span class='ocr_line' id='line_1_96' title="bbox 543 4564 3885 4639; baseline -0.002 -19"><span class='ocrx_word' id='word_1_647' title='bbox 543 4571 705 4622; x_wconf 90' lang='lat' dir='ltr'><strong>stum</strong></span> <span class='ocrx_word' id='word_1_648' title='bbox 750 4583 921 4622; x_wconf 86' lang='lat' dir='ltr'><strong>arma</strong></span> <span class='ocrx_word' id='word_1_649' title='bbox 962 4568 1239 4639; x_wconf 87' lang='lat' dir='ltr'><strong>sumpsit.</strong></span> <span class='ocrx_word' id='word_1_650' title='bbox 1284 4569 1347 4623; x_wconf 85' lang='lat' dir='ltr'><strong>Et</strong></span> <span class='ocrx_word' id='word_1_651' title='bbox 1387 4572 1608 4623; x_wconf 88' lang='lat' dir='ltr'><strong>terrore</strong></span> <span class='ocrx_word' id='word_1_652' title='bbox 1648 4570 1978 4637; x_wconf 89' lang='lat' dir='ltr'><strong>correptus,</strong></span> <span class='ocrx_word' id='word_1_653' title='bbox 2008 4565 2300 4636; x_wconf 89' lang='lat' dir='ltr'><strong>paulatim</strong></span> <span class='ocrx_word' id='word_1_654' title='bbox 2341 4582 2549 4620; x_wconf 86' lang='lat' dir='ltr'><strong>rursus</strong></span> <span class='ocrx_word' id='word_1_655' title='bbox 2594 4574 3067 4636; x_wconf 82' lang='lat' dir='ltr'><strong>persecutionem</strong></span> <span class='ocrx_word' id='word_1_656' title='bbox 3109 4564 3169 4619; x_wconf 91' lang='lat' dir='ltr'><strong>in</strong></span> <span class='ocrx_word' id='word_1_657' title='bbox 3211 4564 3584 4621; x_wconf 86' lang='lat' dir='ltr'><strong>Christianos</strong></span> <span class='ocrx_word' id='word_1_658' title='bbox 3617 4564 3885 4637; x_wconf 81' lang='lat' dir='ltr'><strong>permisit.</strong></span> 
     </span>
    </p>
   </div>
   <div class='ocr_carea' id='block_1_97' title="bbox 547 4655 3674 4729">
    <p class='ocr_par' dir='ltr' id='par_1_97' title="bbox 547 4655 3674 4729">
     <span class='ocr_line' id='line_1_97' title="bbox 547 4655 3674 4729; baseline -0.002 -17"><span class='ocrx_word' id='word_1_659' title='bbox 547 4657 677 4720; x_wconf 84' lang='lat' dir='ltr'><strong>Quo</strong></span> <span class='ocrx_word' id='word_1_660' title='bbox 707 4662 977 4729; x_wconf 88' lang='lat' dir='ltr'><strong>tempore</strong></span> <span class='ocrx_word' id='word_1_661' title='bbox 1007 4655 1174 4711; x_wconf 91' lang='lat' dir='ltr'><strong>multi</strong></span> <span class='ocrx_word' id='word_1_662' title='bbox 1209 4672 1357 4711; x_wconf 87' lang='lat' dir='ltr'><strong>sane</strong></span> <span class='ocrx_word' id='word_1_663' title='bbox 1388 4655 1731 4711; x_wconf 89' lang='lat' dir='ltr'><strong>admirandi</strong></span> <span class='ocrx_word' id='word_1_664' title='bbox 1762 4663 1819 4711; x_wconf 90' lang='lat' dir='ltr'><strong>et</strong></span> <span class='ocrx_word' id='word_1_665' title='bbox 1846 4655 2026 4710; x_wconf 85' lang='lat' dir='ltr'><strong>fortes</strong></span> <span class='ocrx_word' id='word_1_666' title='bbox 2055 4656 2158 4710; x_wconf 88' lang='lat' dir='ltr'><strong>viri</strong></span> <span class='ocrx_word' id='word_1_667' title='bbox 2191 4656 2251 4710; x_wconf 91' lang='lat' dir='ltr'><strong>in</strong></span> <span class='ocrx_word' id='word_1_668' title='bbox 2286 4655 2545 4726; x_wconf 84' lang='lat' dir='ltr'><strong>martyrii</strong></span> <span class='ocrx_word' id='word_1_669' title='bbox 2577 4656 2774 4710; x_wconf 86' lang='lat' dir='ltr'><strong>stadio</strong></span> <span class='ocrx_word' id='word_1_670' title='bbox 2808 4662 3045 4709; x_wconf 86' lang='lat' dir='ltr'><strong>strenue</strong></span> <span class='ocrx_word' id='word_1_671' title='bbox 3077 4670 3324 4709; x_wconf 83' lang='lat' dir='ltr'><strong>cursum</strong></span> <span class='ocrx_word' id='word_1_672' title='bbox 3364 4669 3674 4725; x_wconf 86' lang='lat' dir='ltr'><strong>peregere.</strong></span> 
     </span>
    </p>
   </div>
   <div class='ocr_carea' id='block_1_98' title="bbox 1133 4745 1623 4802">
    <p class='ocr_par' dir='ltr' id='par_1_98' title="bbox 1133 4745 1623 4802">
     <span class='ocr_line' id='line_1_98' title="bbox 1133 4745 1623 4802; baseline -0.008 0"><span class='ocrx_word' id='word_1_673' title='bbox 1133 4745 1360 4802; x_wconf 79' lang='lat' dir='ltr'><strong>CAPUT</strong></span> <span class='ocrx_word' id='word_1_674' title='bbox 1396 4746 1623 4801; x_wconf 83' lang='lat' dir='ltr'><strong>XXXIII.</strong></span> 
     </span>
    </p>
   </div>
   <div class='ocr_carea' id='block_1_99' title="bbox 539 4834 2194 4904">
    <p class='ocr_par' dir='ltr' id='par_1_99' title="bbox 539 4834 2194 4904">
     <span class='ocr_line' id='line_1_99' title="bbox 539 4834 2194 4904; baseline -0.002 -14"><span class='ocrx_word' id='word_1_675' title='bbox 539 4835 829 4904; x_wconf 72' lang='lat' dir='ltr'><strong>Magnum</strong></span> <span class='ocrx_word' id='word_1_676' title='bbox 859 4835 1314 4890; x_wconf 80' lang='lat' dir='ltr'><strong>Constantinum</strong></span> <span class='ocrx_word' id='word_1_677' title='bbox 1347 4836 1544 4890; x_wconf 64' lang='lat' dir='ltr'><strong>Roma</strong></span> <span class='ocrx_word' id='word_1_678' title='bbox 1581 4849 1618 4889; x_wconf 89' lang='lat' dir='ltr'><strong>a</strong></span> <span class='ocrx_word' id='word_1_679' title='bbox 1656 4834 1966 4902; x_wconf 77' lang='lat' dir='ltr'><strong>Sylveslro</strong></span> <span class='ocrx_word' id='word_1_680' title='bbox 1995 4847 2194 4890; x_wconf 84' lang='lat' dir='ltr'><strong>sacro-</strong></span> 
     </span>
    </p>
   </div>
   <div class='ocr_carea' id='block_1_100' title="bbox 840 4905 1901 4977">
    <p class='ocr_par' dir='ltr' id='par_1_100' title="bbox 840 4905 1901 4977">
     <span class='ocr_line' id='line_1_100' title="bbox 840 4905 1901 4977; baseline 0 -16"><span class='ocrx_word' id='word_1_681' title='bbox 840 4911 1044 4962; x_wconf 84' lang='lat' dir='ltr'><strong>sancto</strong></span> <span class='ocrx_word' id='word_1_682' title='bbox 1086 4907 1376 4977; x_wconf 77' lang='lat' dir='ltr'><strong>baptismo</strong></span> <span class='ocrx_word' id='word_1_683' title='bbox 1414 4905 1718 4961; x_wconf 77' lang='lat' dir='ltr'><strong>initiatum</strong></span> <span class='ocrx_word' id='word_1_684' title='bbox 1760 4920 1901 4961; x_wconf 84' lang='lat' dir='ltr'><strong>esse.</strong></span> 
     </span>
    </p>
   </div>
   <div class='ocr_carea' id='block_1_101' title="bbox 619 5012 2191 5085">
    <p class='ocr_par' dir='ltr' id='par_1_101' title="bbox 619 5012 2191 5085">
     <span class='ocr_line' id='line_1_101' title="bbox 619 5012 2191 5085; baseline -0.002 -16"><span class='ocrx_word' id='word_1_685' title='bbox 619 5016 747 5083; x_wconf 56' lang='lat' dir='ltr'><strong>Hinc</strong></span> <span class='ocrx_word' id='word_1_686' title='bbox 796 5030 930 5070; x_wconf 90' lang='lat' dir='ltr'><strong>cum</strong></span> <span class='ocrx_word' id='word_1_687' title='bbox 982 5014 1158 5069; x_wconf 90' lang='lat' dir='ltr'><strong>divus</strong></span> <span class='ocrx_word' id='word_1_688' title='bbox 1203 5015 1525 5085; x_wconf 87' lang='lat' dir='ltr'><strong>imperator</strong></span> <span class='ocrx_word' id='word_1_689' title='bbox 1565 5014 1983 5071; x_wconf 84' lang='lat' dir='ltr'><strong>Constantinus</strong></span> <span class='ocrx_word' id='word_1_690' title='bbox 2023 5012 2191 5068; x_wconf 89' lang='lat' dir='ltr'><strong>audi-</strong></span> 
     </span>
    </p>
   </div>
   <div class='ocr_carea' id='block_1_102' title="bbox 542 5099 2188 5175">
    <p class='ocr_par' dir='ltr' id='par_1_102' title="bbox 542 5099 2188 5175">
     <span class='ocr_line' id='line_1_102' title="bbox 542 5099 2188 5175; baseline -0.001 -17"><span class='ocrx_word' id='word_1_691' title='bbox 542 5104 742 5167; x_wconf 90' lang='lat' dir='ltr'><strong>visset,</strong></span> <span class='ocrx_word' id='word_1_692' title='bbox 766 5103 1021 5175; x_wconf 90' lang='lat' dir='ltr'><strong>atquein</strong></span> <span class='ocrx_word' id='word_1_693' title='bbox 1048 5102 1253 5174; x_wconf 87' lang='lat' dir='ltr'><strong>primis</strong></span> <span class='ocrx_word' id='word_1_694' title='bbox 1275 5101 1680 5171; x_wconf 87' lang='lat' dir='ltr'><strong>cognovisset,</strong></span> <span class='ocrx_word' id='word_1_695' title='bbox 1708 5109 1770 5156; x_wconf 92' lang='lat' dir='ltr'><strong>ut</strong></span> <span class='ocrx_word' id='word_1_696' title='bbox 1794 5099 1887 5156; x_wconf 90' lang='lat' dir='ltr'><strong>ille</strong></span> <span class='ocrx_word' id='word_1_697' title='bbox 1919 5106 2188 5171; x_wconf 88' lang='lat' dir='ltr'><strong>apertam</strong></span> 
     </span>
    </p>
   </div>
   <div class='ocr_carea' id='block_1_103' title="bbox 539 5189 2188 5263">
    <p class='ocr_par' dir='ltr' id='par_1_103' title="bbox 539 5189 2188 5263">
     <span class='ocr_line' id='line_1_103' title="bbox 539 5189 2188 5263; baseline -0.003 -15"><span class='ocrx_word' id='word_1_698' title='bbox 539 5193 829 5249; x_wconf 81' lang='lat' dir='ltr'><strong>adversus</strong></span> <span class='ocrx_word' id='word_1_699' title='bbox 886 5192 1250 5248; x_wconf 86' lang='lat' dir='ltr'><strong>Christianos</strong></span> <span class='ocrx_word' id='word_1_700' title='bbox 1320 5192 1794 5263; x_wconf 89' lang='lat' dir='ltr'><strong>persecutionem</strong></span> <span class='ocrx_word' id='word_1_701' title='bbox 1863 5189 2188 5256; x_wconf 88' lang='lat' dir='ltr'><strong>renovarit,</strong></span> 
     </span>
    </p>
   </div>
   <div class='ocr_carea' id='block_1_104' title="bbox 534 5278 2187 5354">
    <p class='ocr_par' dir='ltr' id='par_1_104' title="bbox 534 5278 2187 5354">
     <span class='ocr_line' id='line_1_104' title="bbox 534 5278 2187 5354; baseline -0.003 -16"><span class='ocrx_word' id='word_1_702' title='bbox 534 5281 702 5354; x_wconf 92' lang='lat' dir='ltr'><strong>quod</strong></span> <span class='ocrx_word' id='word_1_703' title='bbox 732 5298 768 5338; x_wconf 92' lang='lat' dir='ltr'><strong>a</strong></span> <span class='ocrx_word' id='word_1_704' title='bbox 805 5296 992 5354; x_wconf 90' lang='lat' dir='ltr'><strong>puero</strong></span> <span class='ocrx_word' id='word_1_705' title='bbox 1028 5281 1317 5337; x_wconf 86' lang='lat' dir='ltr'><strong>malitiam</strong></span> <span class='ocrx_word' id='word_1_706' title='bbox 1348 5288 1403 5335; x_wconf 93' lang='lat' dir='ltr'><strong>et</strong></span> <span class='ocrx_word' id='word_1_707' title='bbox 1430 5280 1657 5349; x_wconf 89' lang='lat' dir='ltr'><strong>ﬂagitia</strong></span> <span class='ocrx_word' id='word_1_708' title='bbox 1700 5278 1909 5335; x_wconf 85' lang='lat' dir='ltr'><strong>omnia</strong></span> <span class='ocrx_word' id='word_1_709' title='bbox 1947 5278 2187 5348; x_wconf 89' lang='lat' dir='ltr'><strong>odisset,</strong></span> 
     </span>
    </p>
   </div>
   <div class='ocr_carea' id='block_1_105' title="bbox 535 5367 2185 5443">
    <p class='ocr_par' dir='ltr' id='par_1_105' title="bbox 535 5367 2185 5443">
     <span class='ocr_line' id='line_1_105' title="bbox 535 5367 2185 5443; baseline -0.002 -17"><span class='ocrx_word' id='word_1_710' title='bbox 535 5373 806 5427; x_wconf 89' lang='lat' dir='ltr'><strong>animum</strong></span> <span class='ocrx_word' id='word_1_711' title='bbox 833 5371 1177 5443; x_wconf 76' lang='lat' dir='ltr'><strong>deSpondit,</strong></span> <span class='ocrx_word' id='word_1_712' title='bbox 1210 5384 1393 5442; x_wconf 89' lang='lat' dir='ltr'><strong>seque</strong></span> <span class='ocrx_word' id='word_1_713' title='bbox 1422 5370 1624 5440; x_wconf 90' lang='lat' dir='ltr'><strong>ipsum</strong></span> <span class='ocrx_word' id='word_1_714' title='bbox 1654 5368 1811 5424; x_wconf 90' lang='lat' dir='ltr'><strong>curis</strong></span> <span class='ocrx_word' id='word_1_715' title='bbox 1846 5367 2185 5433; x_wconf 88' lang='lat' dir='ltr'><strong>maceravit,</strong></span> 
     </span>
    </p>
   </div>
   <div class='ocr_carea' id='block_1_106' title="bbox 534 5456 2187 5533">
    <p class='ocr_par' dir='ltr' id='par_1_106' title="bbox 534 5456 2187 5533">
     <span class='ocr_line' id='line_1_106' title="bbox 534 5456 2187 5533; baseline -0.001 -18"><span class='ocrx_word' id='word_1_716' title='bbox 534 5461 744 5517; x_wconf 91' lang='lat' dir='ltr'><strong>sedulo</strong></span> <span class='ocrx_word' id='word_1_717' title='bbox 784 5461 1055 5531; x_wconf 88' lang='lat' dir='ltr'><strong>cogitans</strong></span> <span class='ocrx_word' id='word_1_718' title='bbox 1085 5458 1396 5533; x_wconf 91' lang='lat' dir='ltr'><strong>quomodo</strong></span> <span class='ocrx_word' id='word_1_719' title='bbox 1436 5458 1598 5514; x_wconf 91' lang='lat' dir='ltr'><strong>hunc</strong></span> <span class='ocrx_word' id='word_1_720' title='bbox 1642 5471 1887 5529; x_wconf 90' lang='lat' dir='ltr'><strong>quoque</strong></span> <span class='ocrx_word' id='word_1_721' title='bbox 1917 5472 1949 5512; x_wconf 91' lang='lat' dir='ltr'><strong>e</strong></span> <span class='ocrx_word' id='word_1_722' title='bbox 1989 5456 2187 5513; x_wconf 90' lang='lat' dir='ltr'><strong>medio</strong></span> 
     </span>
    </p>
   </div>
   <div class='ocr_carea' id='block_1_107' title="bbox 536 5545 2187 5621">
    <p class='ocr_par' dir='ltr' id='par_1_107' title="bbox 536 5545 2187 5621">
     <span class='ocr_line' id='line_1_107' title="bbox 536 5545 2187 5621; baseline -0.001 -18"><span class='ocrx_word' id='word_1_723' title='bbox 536 5547 738 5604; x_wconf 89' lang='lat' dir='ltr'><strong>tollere</strong></span> <span class='ocrx_word' id='word_1_724' title='bbox 767 5552 989 5621; x_wconf 88' lang='lat' dir='ltr'><strong>posset.</strong></span> <span class='ocrx_word' id='word_1_725' title='bbox 1022 5552 1209 5621; x_wconf 81' lang='lat' dir='ltr'><strong>Atque</strong></span> <span class='ocrx_word' id='word_1_726' title='bbox 1239 5562 1379 5603; x_wconf 90' lang='lat' dir='ltr'><strong>eum</strong></span> <span class='ocrx_word' id='word_1_727' title='bbox 1422 5545 1568 5602; x_wconf 88' lang='lat' dir='ltr'><strong>talia</strong></span> <span class='ocrx_word' id='word_1_728' title='bbox 1602 5545 2014 5611; x_wconf 90' lang='lat' dir='ltr'><strong>meditantem,</strong></span> <span class='ocrx_word' id='word_1_729' title='bbox 2046 5561 2187 5602; x_wconf 91' lang='lat' dir='ltr'><strong>cum</strong></span> 
     </span>
    </p>
   </div>
   <div class='ocr_carea' id='block_1_108' title="bbox 2902 4742 3301 4798">
    <p class='ocr_par' dir='ltr' id='par_1_108' title="bbox 2902 4742 3301 4798">
     <span class='ocr_line' id='line_1_108' title="bbox 2902 4742 3301 4798; baseline -0.008 -1"><span class='ocrx_word' id='word_1_730' title='bbox 2902 4749 3145 4798; x_wconf 78' lang='grc' dir='ltr'>ΚΕΦΑΛ.</span> <span class='ocrx_word' id='word_1_731' title='bbox 3178 4742 3301 4796; x_wconf 78' lang='lat' dir='ltr'><strong>Al&quot;.</strong></span> 
     </span>
    </p>
   </div>
   <div class='ocr_carea' id='block_1_109' title="bbox 2300 4830 3886 4907">
    <p class='ocr_par' dir='ltr' id='par_1_109' title="bbox 2300 4830 3886 4907">
     <span class='ocr_line' id='line_1_109' title="bbox 2300 4830 3886 4907; baseline -0.003 -23"><span class='ocrx_word' id='word_1_732' title='bbox 2300 4830 2435 4884; x_wconf 73' lang='grc' dir='ltr'>Ὀτι</span> <span class='ocrx_word' id='word_1_733' title='bbox 2466 4835 2524 4884; x_wconf 78' lang='grc' dir='ltr'>ὲν</span> <span class='ocrx_word' id='word_1_734' title='bbox 2561 4831 2748 4907; x_wconf 60' lang='grc' dir='ltr'>Ἰξὼμῃ</span> <span class='ocrx_word' id='word_1_735' title='bbox 2782 4834 2807 4883; x_wconf 85' lang='grc' dir='ltr'>ὁ</span> <span class='ocrx_word' id='word_1_736' title='bbox 2846 4836 3043 4907; x_wconf 78' lang='grc' dir='ltr'>μέγας</span> <span class='ocrx_word' id='word_1_737' title='bbox 3086 4839 3578 4893; x_wconf 84' lang='grc' dir='ltr'>Κωνσταντίνος</span> <span class='ocrx_word' id='word_1_738' title='bbox 3619 4834 3886 4907; x_wconf 64' lang='grc' dir='ltr'>παρατεοὶ</span> 
     </span>
    </p>
   </div>
   <div class='ocr_carea' id='block_1_110' title="bbox 2584 4901 3655 4975">
    <p class='ocr_par' dir='ltr' id='par_1_110' title="bbox 2584 4901 3655 4975">
     <span class='ocr_line' id='line_1_110' title="bbox 2584 4901 3655 4975; baseline -0.001 -20"><span class='ocrx_word' id='word_1_739' title='bbox 2584 4901 2774 4974; x_wconf 80' lang='grc' dir='ltr'>ἁγίου</span> <span class='ocrx_word' id='word_1_740' title='bbox 2815 4901 3187 4961; x_wconf 80' lang='grc' dir='ltr'>ἐϐαπτίσθη</span> <span class='ocrx_word' id='word_1_741' title='bbox 3244 4902 3655 4975; x_wconf 82' lang='grc' dir='ltr'>Σιλϐέστρου.</span> 
     </span>
    </p>
   </div>
   <div class='ocr_carea' id='block_1_111' title="bbox 2371 5009 3885 5083">
    <p class='ocr_par' dir='ltr' id='par_1_111' title="bbox 2371 5009 3885 5083">
     <span class='ocr_line' id='line_1_111' title="bbox 2371 5009 3885 5083; baseline -0.004 -20"><span class='ocrx_word' id='word_1_742' title='bbox 2371 5011 2530 5063; x_wconf 80' lang='grc' dir='ltr'>Ταῦθ’</span> <span class='ocrx_word' id='word_1_743' title='bbox 2591 5013 2615 5062; x_wconf 90' lang='grc' dir='ltr'><strong>ό</strong></span> <span class='ocrx_word' id='word_1_744' title='bbox 2672 5013 2930 5071; x_wconf 85' lang='grc' dir='ltr'>θειότατος</span> <span class='ocrx_word' id='word_1_745' title='bbox 2980 5009 3226 5083; x_wconf 82' lang='grc' dir='ltr'>βασιλεὺς</span> <span class='ocrx_word' id='word_1_746' title='bbox 3283 5011 3680 5073; x_wconf 83' lang='grc' dir='ltr'>Κωνστσντῖνος</span> <span class='ocrx_word' id='word_1_747' title='bbox 3743 5010 3885 5062; x_wconf 70' lang='grc' dir='ltr'>ἑνωτι-</span> 
     </span>
    </p>
   </div>
   <div class='ocr_carea' id='block_1_112' title="bbox 2303 5095 3882 5173">
    <p class='ocr_par' dir='ltr' id='par_1_112' title="bbox 2303 5095 3882 5173">
     <span class='ocr_line' id='line_1_112' title="bbox 2303 5095 3882 5173; baseline -0.003 -21"><span class='ocrx_word' id='word_1_748' title='bbox 2303 5100 2533 5171; x_wconf 82' lang='grc' dir='ltr'>ζόμενος,</span> <span class='ocrx_word' id='word_1_749' title='bbox 2588 5106 2677 5152; x_wconf 85' lang='grc' dir='ltr'>καὶ</span> <span class='ocrx_word' id='word_1_750' title='bbox 2724 5100 2958 5172; x_wconf 88' lang='grc' dir='ltr'>μάλιστα</span> <span class='ocrx_word' id='word_1_751' title='bbox 3014 5102 3078 5160; x_wconf 82' lang='grc' dir='ltr'>ὡς</span> <span class='ocrx_word' id='word_1_752' title='bbox 3108 5100 3175 5160; x_wconf 86' lang='grc' dir='ltr'>εἰς</span> <span class='ocrx_word' id='word_1_753' title='bbox 3228 5095 3489 5173; x_wconf 73' lang='grc' dir='ltr'>προῦπτον</span> <span class='ocrx_word' id='word_1_754' title='bbox 3546 5098 3777 5152; x_wconf 78' lang='grc' dir='ltr'>ἀνεκίνει</span> <span class='ocrx_word' id='word_1_755' title='bbox 3821 5102 3882 5147; x_wconf 69' lang='grc' dir='ltr'>τὲν</span> 
     </span>
    </p>
   </div>
   <div class='ocr_carea' id='block_1_113' title="bbox 2299 5185 3881 5264">
    <p class='ocr_par' dir='ltr' id='par_1_113' title="bbox 2299 5185 3881 5264">
     <span class='ocr_line' id='line_1_113' title="bbox 2299 5185 3881 5264; baseline 0 -21"><span class='ocrx_word' id='word_1_756' title='bbox 2299 5186 2558 5261; x_wconf 82' lang='grc' dir='ltr'>διωγμὸν,</span> <span class='ocrx_word' id='word_1_757' title='bbox 2593 5195 2947 5264; x_wconf 81' lang='grc' dir='ltr'>μισοπόνηρος</span> <span class='ocrx_word' id='word_1_758' title='bbox 2995 5189 3063 5241; x_wconf 86' lang='grc' dir='ltr'>ὡν</span> <span class='ocrx_word' id='word_1_759' title='bbox 3115 5192 3171 5241; x_wconf 78' lang='grc' dir='ltr'>ἐκ</span> <span class='ocrx_word' id='word_1_760' title='bbox 3216 5185 3424 5254; x_wconf 81' lang='grc' dir='ltr'>παιδὸς,</span> <span class='ocrx_word' id='word_1_761' title='bbox 3483 5186 3767 5260; x_wconf 77' lang='grc' dir='ltr'>ἁπελέγετο</span> <span class='ocrx_word' id='word_1_762' title='bbox 3814 5194 3881 5243; x_wconf 62' lang='grc' dir='ltr'>τὺ</span> 
     </span>
    </p>
   </div>
   <div class='ocr_carea' id='block_1_114' title="bbox 2296 5274 3879 5351">
    <p class='ocr_par' dir='ltr' id='par_1_114' title="bbox 2296 5274 3879 5351">
     <span class='ocr_line' id='line_1_114' title="bbox 2296 5274 3879 5351; baseline -0.003 -20"><span class='ocrx_word' id='word_1_763' title='bbox 2296 5278 2505 5349; x_wconf 72' lang='grc' dir='ltr'>ψυχὴν,</span> <span class='ocrx_word' id='word_1_764' title='bbox 2547 5285 2637 5330; x_wconf 86' lang='grc' dir='ltr'><strong>καὶ</strong></span> <span class='ocrx_word' id='word_1_765' title='bbox 2689 5279 2868 5331; x_wconf 83' lang='grc' dir='ltr'>ἑαυτὸν</span> <span class='ocrx_word' id='word_1_766' title='bbox 2922 5274 3259 5330; x_wconf 81' lang='grc' dir='ltr'>κατεδαπάνα</span> <span class='ocrx_word' id='word_1_767' title='bbox 3294 5282 3587 5351; x_wconf 66' lang='grc' dir='ltr'>φροντίσιν,</span> <span class='ocrx_word' id='word_1_768' title='bbox 3631 5280 3775 5339; x_wconf 78' lang='grc' dir='ltr'>ὅπως</span> <span class='ocrx_word' id='word_1_769' title='bbox 3813 5295 3879 5326; x_wconf 73' lang='grc' dir='ltr'><strong>κει</strong></span> 
     </span>
    </p>
   </div>
   <div class='ocr_carea' id='block_1_115' title="bbox 2296 5364 3877 5440">
    <p class='ocr_par' dir='ltr' id='par_1_115' title="bbox 2296 5364 3877 5440">
     <span class='ocr_line' id='line_1_115' title="bbox 2296 5364 3877 5440; baseline -0.002 -22"><span class='ocrx_word' id='word_1_770' title='bbox 2296 5375 2477 5420; x_wconf 81' lang='grc' dir='ltr'>τουτον</span> <span class='ocrx_word' id='word_1_771' title='bbox 2525 5366 2580 5419; x_wconf 80' lang='grc' dir='ltr'>ἐκ</span> <span class='ocrx_word' id='word_1_772' title='bbox 2604 5372 2767 5440; x_wconf 80' lang='grc' dir='ltr'>μέσου</span> <span class='ocrx_word' id='word_1_773' title='bbox 2798 5372 3085 5425; x_wconf 74' lang='grc' dir='ltr'>ποιήσειεν.</span> <span class='ocrx_word' id='word_1_774' title='bbox 3141 5368 3291 5419; x_wconf 72' lang='grc' dir='ltr'>Οὕτω</span> <span class='ocrx_word' id='word_1_775' title='bbox 3323 5364 3373 5418; x_wconf 79' lang='grc' dir='ltr'><strong>δ’</strong></span> <span class='ocrx_word' id='word_1_776' title='bbox 3412 5369 3595 5439; x_wconf 80' lang='grc' dir='ltr'>ἔχοντι</span> <span class='ocrx_word' id='word_1_777' title='bbox 3642 5373 3739 5419; x_wconf 78' lang='grc' dir='ltr'>καὶ</span> <span class='ocrx_word' id='word_1_778' title='bbox 3766 5371 3877 5418; x_wconf 58' lang='lat' dir='ltr'><strong>oin</strong></span> 
     </span>
    </p>
   </div>
   <div class='ocr_carea' id='block_1_116' title="bbox 2294 5454 3879 5529">
    <p class='ocr_par' dir='ltr' id='par_1_116' title="bbox 2294 5454 3879 5529">
     <span class='ocr_line' id='line_1_116' title="bbox 2294 5454 3879 5529; baseline 0 -22"><span class='ocrx_word' id='word_1_779' title='bbox 2294 5462 2388 5507; x_wconf 82' lang='grc' dir='ltr'><strong>τοῦ</strong></span> <span class='ocrx_word' id='word_1_780' title='bbox 2448 5458 2584 5509; x_wconf 84' lang='grc' dir='ltr'>θείου</span> <span class='ocrx_word' id='word_1_781' title='bbox 2644 5455 2911 5529; x_wconf 73' lang='grc' dir='ltr'>ὴξιωμένῳ</span> <span class='ocrx_word' id='word_1_782' title='bbox 2971 5454 3356 5528; x_wconf 79' lang='grc' dir='ltr'>βαπτίσματος,</span> <span class='ocrx_word' id='word_1_783' title='bbox 3403 5460 3553 5517; x_wconf 84' lang='grc' dir='ltr'>νόσος</span> <span class='ocrx_word' id='word_1_784' title='bbox 3605 5476 3684 5517; x_wconf 84' lang='grc' dir='ltr'><strong>τις</strong></span> <span class='ocrx_word' id='word_1_785' title='bbox 3733 5458 3879 5526; x_wconf 61' lang='grc' dir='ltr'>αῖφτς</span> 
     </span>
    </p>
   </div>
   <div class='ocr_carea' id='block_1_117' title="bbox 2298 5543 3876 5620">
    <p class='ocr_par' dir='ltr' id='par_1_117' title="bbox 2298 5543 3876 5620">
     <span class='ocr_line' id='line_1_117' title="bbox 2298 5543 3876 5620; baseline -0.002 -23"><span class='ocrx_word' id='word_1_786' title='bbox 2298 5544 2440 5617; x_wconf 77' lang='grc' dir='ltr'>αὐτῷ</span> <span class='ocrx_word' id='word_1_787' title='bbox 2495 5543 2729 5618; x_wconf 78' lang='grc' dir='ltr'>ἀκρατῶς</span> <span class='ocrx_word' id='word_1_788' title='bbox 2785 5547 3209 5620; x_wconf 68' lang='grc' dir='ltr'>ἑπεισφρήσασα,</span> <span class='ocrx_word' id='word_1_789' title='bbox 3267 5544 3474 5617; x_wconf 81' lang='grc' dir='ltr'>πληγὴν</span> <span class='ocrx_word' id='word_1_790' title='bbox 3528 5545 3593 5598; x_wconf 76' lang='grc' dir='ltr'><strong>οὗ</strong></span> <span class='ocrx_word' id='word_1_791' title='bbox 3654 5546 3876 5619; x_wconf 70' lang='grc' dir='ltr'>σμικρὰν,</span> 
     </span>
    </p>
   </div>
   <div class='ocr_carea' id='block_1_118' title="bbox 3035 3672 3967 3745">
    <p class='ocr_par' dir='ltr' id='par_1_118' title="bbox 3035 3672 3967 3745">
     <span class='ocr_line' id='line_1_118' title="bbox 3035 3672 3967 3745; baseline -0.01 -18"><span class='ocrx_word' id='word_1_792' title='bbox 3035 3680 3129 3733; x_wconf 78' lang='grc' dir='ltr'>τὴν</span> <span class='ocrx_word' id='word_1_793' title='bbox 3180 3672 3231 3728; x_wconf 80' lang='grc' dir='ltr'><strong>δ’</strong></span> <span class='ocrx_word' id='word_1_794' title='bbox 3286 3674 3535 3727; x_wconf 77' lang='grc' dir='ltr'>ἀπόνοιαν</span> <span class='ocrx_word' id='word_1_795' title='bbox 3603 3675 3681 3736; x_wconf 86' lang='grc' dir='ltr'><strong>εἰς</strong></span> <span class='ocrx_word' id='word_1_796' title='bbox 3735 3677 3887 3745; x_wconf 78' lang='grc' dir='ltr'>μανίαν</span> <span class='ocrx_word' id='word_1_797' title='bbox 3966 3704 3967 3745; x_wconf 32' lang='grc' dir='ltr'>ξ</span> 
     </span>
    </p>
   </div>
  </div>
