4016 6224
141 286 280 365 1281

1208 299 1785 361 ECCLESIASTICE
1821 299 2177 357 HISTORLE
2214 300 2347 357 LIB.
2389 298 2509 358 VII.

3381 299 3525 353 1282

137 434 325 496 δεινῶς
390 433 508 487 καθ’
558 431 676 486 ὅλου
728 439 821 486 τοῦ
906 438 1146 504 σώματος
1206 432 1598 503 ύφερπύσασαν,
1654 446 1724 479 κα

1852 444 2129 501 nondum
2156 460 2332 501 sacro
2370 443 2587 501 tinctus
2629 441 2839 498 fuisset
2879 441 3145 508 lavacro,
3183 455 3255 498 ex
3297 441 3520 513 impro-

135 526 255 577 όλον
310 525 552 597 ἄντικρυς
608 529 817 597 τραῦμα
866 518 1092 591 ἐδείκνυ,
1148 524 1239 572 καὶ
1281 524 1431 593 τέρας
1478 519 1583 570 οἷον
1611 518 1747 589 ὀρώ-

132 630 328 685 μενονο
382 617 575 664 πυκνόν
612 631 665 663 τε
718 610 916 664 ἀνέσπα
963 615 1019 663 τό
1091 618 1291 682 πνεῦμα
1345 614 1435 660 καὶ
1504 610 1741 678 συνεχὲς,

134 704 234 755 ούκ
289 704 408 755 ἄνευ
455 722 622 754 πονων
688 706 1182 774 κατασπερχομενον
1216 717 1227 729 ·
1280 704 1371 750 καὶ
1411 698 1522 770 μετ’
1572 695 1743 766 ὀλίγον

132 789 303 865 λέπρα
363 787 550 862 βαθεῖα
614 792 750 841 κατά
808 792 999 851 παντὸς
1077 787 1273 850 ἐξήνθει
1329 794 1421 839 τοῦ
1480 788 1740 857 σώματος.

138 879 259 933 Ἐπὶ
311 876 380 936 δὴ
439 887 501 951 τῇ
561 881 760 939 ταύτης
810 880 1057 950 θεραπεία
1096 876 1270 929 πολλοὶ
1318 879 1408 948 μεν
1446 877 1608 947 μάγοι
1654 877 1744 925 καὶ

136 964 403 1034 ἐπαοιδοῂ
446 971 537 1018 καὶ
588 964 643 1018 ἐκ
699 963 955 1039 Περσίδος
1004 962 1063 1018 δε
1114 965 1207 1017 οὐκ
1247 964 1522 1036 ἐλάχιστοι
1557 964 1744 1035 γόητες

134 1060 495 1128 παρεγένοντο,
548 1060 637 1108 καὶ
687 1063 936 1107 τοσοῦτον
995 1059 1221 1119 ὤνησαν,
1262 1056 1368 1125 ὅσῳ
1418 1058 1508 1105 καὶ
1550 1051 1743 1124 μᾶλλον

136 1150 235 1204 τήν
280 1150 432 1198 νόσον
479 1145 735 1207 ηὔξησαν.
791 1143 907 1197 Ἐπὶ
965 1140 1032 1202 δὴ
1084 1146 1285 1205 τούτοις
1322 1140 1554 1202 Έλληνες
1591 1142 1739 1207 ἧκον,

135 1236 189 1287 οῖ
226 1242 291 1306 τῇ
336 1241 429 1286 τοῦ
480 1241 789 1307 κρατοῦντος
840 1234 1112 1305 μεταθέσει
1160 1231 1463 1304 ἀχθόμενοι,
1514 1236 1608 1289 την
1652 1235 1741 1283 νό-

138 1341 232 1374 σον
308 1323 579 1395 εὑρηκότες
654 1326 947 1394 ἐπίκουρον,
1017 1325 1142 1396 πρός
1210 1321 1423 1383 ἑαυτούς
1499 1322 1742 1392 μετάγειν

134 1410 381 1485 ἕπειρώτο
431 1420 540 1471 τοῖς
600 1414 1044 1483 μαγγανεύμασι·
1112 1415 1203 1463 καὶ
1258 1409 1306 1461 ἐν
1363 1418 1435 1480 τῷ
1504 1416 1742 1462 Καπετω-

136 1500 232 1571 λίῳ
291 1500 659 1574 κολυμϐήθραν
702 1508 899 1574 χρῆναι
950 1503 1191 1571 γενέσθαι
1247 1499 1618 1575 ἑτερατεύοντο,
1680 1496 1742 1555 ἣν

140 1586 211 1648 δή
259 1589 494 1663 ἀφθόρων
534 1587 739 1642 παίδων
791 1591 975 1662 αἵματι
1018 1589 1400 1662 πληρωθεῖσαν,
1445 1591 1532 1640 τόν
1577 1586 1741 1659 βασι-

135 1677 228 1731 λέα
264 1679 578 1751 λουσάμενον
628 1682 677 1731 ἓν
721 1687 886 1754 νεαρῷ
929 1684 1019 1730 καί
1070 1681 1145 1730 ἔτι
1200 1678 1492 1749 ἀτμίζοντι,
1549 1676 1604 1728 ἐκ
1649 1683 1739 1728 τοῦ

1850 532 1981 590 viso
2012 534 2364 603 gravissime
2401 531 2690 602 aegritudo
2718 531 3002 605 quaedam
3032 534 3307 602 occupat,
3338 530 3516 601 plaga

1853 627 2010 678 certe
2030 623 2244 693 ingens
2270 628 2329 679 et
2360 620 2727 695 prodigiosa,
2760 637 2897 693 quas
2924 636 3030 692 per
3070 636 3290 690 corpus
3324 625 3515 675 totum

1852 726 2120 783 serpens,
2137 717 2318 784 atque
2331 712 2599 783 idipsum
2634 710 3005 774 exulcerans,
3020 725 3091 764 ac
3128 708 3308 763 veluti
3325 723 3513 763 unum

1850 800 2072 855 vulnus
2120 800 2406 865 efﬁciens,
2464 798 2796 856 anhelitum
2826 800 2956 870 ejus
2995 814 3180 870 quem
3225 796 3435 853 acerbe
3460 801 3517 852 et

1851 889 2110 959 graviter
2136 889 2410 955 ducebat,
2456 888 2799 961 frequenter
2827 893 3009 959 atque
3050 887 3201 943 adeo
3236 886 3515 941 continue

1849 978 2187 1050 rumpebat,
2238 983 2295 1034 et
2335 977 2519 1051 paulo
2550 982 2690 1049 post
2717 977 2778 1032 in
2813 975 3044 1049 lepram
3074 975 3379 1032 radicibus
3400 973 3515 1029 alte

1852 1066 1999 1122 actis
2047 1082 2297 1139 corpore
2361 1071 2482 1123 toto
2528 1065 2749 1122 evadit.
2818 1065 2907 1121 Ad
2949 1080 3138 1137 quam
3178 1064 3513 1120 curandam

1849 1154 2021 1211 multi
2051 1157 2214 1225 magi
2237 1156 2725 1220 etincantatores,
2776 1153 2949 1209 multi
2976 1153 3157 1209 etiam
3174 1169 3247 1208 ex
3274 1152 3512 1208 Perside

1850 1244 2102 1301 aderant
2131 1246 2506 1318 impostores.
2544 1245 2607 1300 Hi
2629 1247 2862 1299 tantum
2888 1242 3059 1298 abest
3084 1246 3151 1297 ut
3174 1241 3508 1313 quidquam

1849 1334 1902 1389 ei
1931 1335 2279 1407 profuerint,
2303 1342 2367 1390 ut
2398 1334 2675 1390 morbum
2698 1334 2877 1389 etiam
2902 1332 3105 1404 ipsum
3124 1331 3508 1387 adauxerint.

1852 1423 1948 1478 His
1983 1424 2165 1479 etiam
2198 1423 2628 1496 superveniunt
2659 1422 2862 1490 Graeci,
2892 1422 2992 1494 qui
3050 1419 3423 1493 imperatoris
3449 1419 3511 1474 in

1848 1511 2131 1583 religione
2162 1514 2550 1569 mutationem
2583 1526 2739 1582 aegre
2760 1510 3036 1573 ferentes,
3067 1525 3174 1581 per
3224 1508 3507 1564 morbum

1848 1615 2012 1667 eum,
2068 1608 2360 1673 tanquam
2410 1608 2819 1672 opportunum
2866 1598 3178 1670 quoddam
3220 1597 3512 1654 auxilium

1848 1690 2141 1757 oblatum,
2188 1689 2357 1746 illum
2384 1688 2730 1761 imposturis
2785 1689 2909 1743 suis
2969 1687 3049 1744 ad
3104 1694 3302 1758 partes
3360 1702 3504 1742 suas

132 1768 335 1841 ῥᾴστου
382 1773 753 1842 προχωρήσειν
805 1773 898 1827 τήν
950 1770 1241 1841 κάθαρσινο
1304 1766 1467 1829 ἄλλως
1526 1762 1606 1834 δε,
1664 1769 1726 1837 μή

1848 1777 2191 1849 pertrahere
2229 1787 2527 1834 conantur
2565 1792 2578 1834 :
2612 1781 2671 1833 et
2703 1780 3034 1831 monstroso
3060 1776 3402 1840 ostendunt,
3448 1775 3509 1830 in

134 1858 242 1909 οἶόν
290 1877 344 1909 τε
399 1853 529 1909 εἶναι
568 1856 797 1919 ἀποξέειν
837 1861 931 1915 τήν
984 1856 1195 1930 λέπραν.
1248 1856 1401 1909 Ούτω
1451 1863 1522 1926 τῷ
1578 1864 1738 1926 καινῴ

132 1953 226 1997 τοῦ
278 1947 590 2019 πράγματος
642 1945 1023 2015 ἀπατήσαντες,
1077 1948 1142 1998 τά
1194 1948 1283 2017 μεν
1321 1943 1487 2018 βρέφη
1547 1946 1603 1996 ἑκ
1644 1951 1738 1996 τοῦ

134 2031 335 2106 σχεδόν
384 2035 567 2097 εύθίως
629 2036 980 2108 συνήθροιστο
1034 2036 1223 2108 ἄπειρα
1255 2052 1267 2064 ·
1300 2036 1366 2093 ὡς
1410 2029 1461 2085 δ’
1490 2034 1516 2084 6
1559 2036 1737 2104 καιρός

132 2126 334 2187 ἐνέστη,
389 2129 479 2177 καὶ
531 2124 580 2176 οἱ
629 2121 816 2196 δήμιοι
866 2127 1000 2177 κατά
1042 2131 1142 2175 τῶν
1184 2121 1384 2197 βρεφῶν
1422 2121 1732 2189 ὡπλίσοντο,

130 2221 303 2284 παρῆν
344 2208 402 2265 δὲ
431 2217 521 2265 καὶ
559 2214 585 2264 ὁ
626 2211 895 2285 βασιλεύς,
937 2217 991 2265 αἱ
1029 2222 1126 2265 τῶν
1164 2208 1370 2265 παίδων
1401 2215 1612 2284 μητέρες
1649 2211 1736 2263 λύ-

132 2319 299 2353 σασαι
350 2305 439 2362 τὰς
489 2307 652 2374 κόμας
700 2307 787 2354 καὶ
844 2302 1045 2372 μαζούς
1098 2301 1366 2373 εὐκόσμως
1396 2305 1734 2373 παρυποφαί-

124 2410 314 2442 νουσαι
367 2395 882 2463 στενοχωρουμένους
940 2399 1013 2461 τῷ
1063 2392 1304 2461 γάλακτι,
1365 2389 1632 2461 ὀλολυγαῖς
1679 2409 1735 2443 τε

122 2484 220 2532 καὶ
269 2476 524 2551 ὀδυρμοῖς
579 2483 666 2532 τόν
727 2479 852 2551 ἀέρα
917 2479 1212 2533 ἑνεπίπλων.
1273 2484 1379 2537 Τὴν
1437 2478 1607 2530 αἰτίαν
1674 2474 1734 2531 δε

120 2579 228 2622 τῶν
277 2572 474 2641 θρήνων
529 2566 823 2642 διεγνωκὼς
873 2571 899 2622 6
948 2578 1168 2642 κρατῶν,
1215 2570 1286 2639 τῷ
1337 2571 1604 2641 συμπαθεῖ
1636 2577 1732 2631 τῆς

118 2664 334 2732 γνώμης
409 2658 575 2717 ἣττων
650 2663 917 2732 γενόμενος
989 2660 1015 2711 ό
1100 2658 1566 2733 φιλανρωπότατος,
1647 2677 1730 2710 νο-

125 2756 238 2801 σεῖν
286 2747 477 2820 μᾶλλον
529 2750 726 2821 ᾑρεῖτο,
777 2752 808 2806 ἤ
869 2749 1111 2819 ὑγιαίνων
1160 2755 1407 2800 τοσοῦτον
1446 2766 1610 2820 μυσος
1652 2745 1732 2820 ἆρ-

116 2839 417 2909 γοὲσασθαι.
511 2842 609 2891 Καὶ
669 2834 911 2911 δακρύων
1004 2836 1232 2909 ἔμπλεως
1315 2841 1556 2908 γεγονὼς,
1624 2836 1732 2899 Τῆς

116 2929 405 2999 Ῥωμαίων,
457 2932 607 2997 φησι,
669 2925 942 2999 βασιλείας
978 2929 1008 2985 ἡ
1067 2926 1187 2990 ἀξία
1224 2931 1400 2997 πηγὴν
1442 2932 1532 2979 καὶ
1576 2926 1730 3000 ῥίζαν

118 3021 220 3076 τὴν
248 3015 507 3068 εὐσέϐειαν
553 3020 822 3075 κέκτηται.
874 3014 965 3070 Ἰν³
993 3013 1081 3068 οὖν
1120 3016 1171 3079 ἐξ
1219 3016 1349 3075 αύτῆ
1362 3038 1383 3079 ς
1412 3036 1474 3088 με
1510 3017 1728 3088 τεχθέν-

115 3125 188 3158 τα
237 3111 400 3158 πᾶσιν
456 3103 737 3171 ἀποδείξω,
793 3111 881 3163 τήν
942 3107 1117 3177 ὑγείαν
1162 3104 1211 3157 ἓν
1268 3102 1494 3179 δευτέρω
1551 3112 1728 3158 ποιοῦ-

112 3215 216 3267 μαι
266 3202 363 3255 τῆς
412 3203 511 3247 τῶν
570 3194 777 3246 ἀκάκων
831 3191 1036 3248 παίδων
1082 3195 1242 3257 ζωῆς.
1277 3193 1492 3247 »Ταῦτ’
1548 3194 1721 3259 εἰπὼν,

116 3284 194 3345 εἰς
229 3288 323 3342 τήν
363 3283 535 3335 οἰκίαν
583 3284 737 3344 αὖθις
793 3282 1087 3357 ἀνέτρεχεν,
1141 3279 1285 3357 ἀδρᾲ
1341 3279 1491 3336 δόσει
1532 3288 1591 3335 1'6
1641 3304 1726 3336 πι-

114 3375 243 3445 κρόν
282 3380 381 3423 τῶν
435 3376 671 3445 μητέρων
722 3376 1088 3445 περιαιρήσας.
1137 3378 1238 3426 Καὶ
1278 3369 1345 3431 δὴ
1392 3376 1575 3435 νυκτός
1615 3373 1725 3426 ἔπι-

113 3464 413 3532 γενομένης,
471 3465 555 3513 τόν
608 3460 783 3534 ἔρανον
850 3469 944 3523 τῆς
1007 3468 1378 3535 χρηστότητος
1455 3459 1720 3532 δρέπεται.

116 3553 313 3622 Πέτρος
366 3553 466 3622 γάρ
514 3556 605 3602 καὶ
655 3549 856 3612 Παῦλος
902 3553 952 3602 οἱ
985 3559 1259 3623 κορυφαῖοι
1286 3560 1383 3603 τῶν
1422 3550 1722 3603 ἀποστόλων

116 3636 262 3709 αύτῷ
290 3638 641 3711 ἐπιφαίνονται
671 3641 865 3692 οὑτωσὶ
892 3640 1174 3707 φάσκοντες
1197 3659 1210 3671 ·
1258 3645 1299 3691 Κ
1310 3661 1349 3689 ω
1362 3659 1387 3689 ν
1402 3659 1434 3691 σ
1447 3659 1474 3691 τ
1487 3660 1556 3691 αν
1568 3659 1597 3692 τ
1610 3647 1664 3691 ἰν
1677 3660 1720 3707 ε,

114 3729 300 3798 ἡμεῖς
339 3730 526 3798 ἐσμεν
567 3732 797 3801 Πέτρος
835 3733 943 3780 καὶ
993 3727 1238 3787 Παῦλος
1303 3728 1363 3779 οἱ
1417 3730 1723 3799 πεμφθέν-

112 3835 220 3879 τες
258 3818 426 3890 παρά
462 3824 569 3869 τοῦ
611 3813 935 3869 δεσπότου
977 3824 1160 3882 Θεοῦ,
1203 3811 1438 3869 δοῦναί
1469 3834 1573 3867 σοι
1614 3834 1724 3867 σω-

112 3909 348 3978 τηρίας
384 3909 448 3957 τό
491 3905 833 3977 σύμϐολον.
867 3903 992 3958 Εἶτα
1030 3914 1433 3980 παρηγγυῶντο,
1466 3908 1554 3957 τόν
1586 3906 1722 3979 ἱερέα

111 4003 209 4054 τῆς
253 3994 444 4057 πόλεως
496 3993 797 4068 Σίλϐεστρον
848 3993 1158 4066 ἀνιχνεύειν,
1208 3994 1332 4067 παρ’
1460 3993 1719 4066 κολυμϐή-

113 4087 243 4155 θραν
290 4082 490 4149 ἐνεῖναι,
639 4084 973 4157 λουσάμενον,
1035 4086 1216 4137 θᾶττον
1278 4084 1561 4158 ἀποτρίψοι
1624 4090 1718 4143 τὴν

109 4174 304 4225 νόσον·
357 4172 676 4247 οἵςάφθόροις
724 4179 881 4226 παισὶ
934 4178 992 4226 τό
1044 4178 1137 4245 ζῇν
1191 4172 1502 4246 ἐχαρίσατο.
1528 4172 1615 4234 Ὠς
1666 4170 1717 4225 δ’

108 4261 296 4320 ἀνῆκεν
374 4263 399 4314 ὁ
480 4262 635 4323 ὕπνος
689 4264 861 4331 αὑτὸν,
923 4261 1243 4337 ἕπιπαρόντα
1292 4262 1377 4314 τόν
1424 4261 1600 4336 ἰατρόν
1653 4266 1718 4323 ὡς

106 4350 429 4426 πορρωτάτω
476 4351 737 4418 ἐξήλαυνε,
788 4359 859 4425 μή
911 4359 1001 4412 τήν
1056 4352 1380 4425 ἀνθρωπίνην
1438 4351 1716 4404 τουλοιποῦ

105 4444 305 4510 τέχνην
350 4444 380 4499 ἦ
432 4440 731 4516 ἐπικουρίαν
783 4439 947 4494 ἐνδεῖν
1017 4440 1158 4513 αύτῷ
1210 4440 1391 4509 λέγων,
1447 4446 1595 4513 χειρὶ
1663 4439 1715 4495 δ’

104 4527 364 4599 Ὑψίστου
408 4532 465 4581 τό
522 4540 814 4604 συναρῆγον
853 4530 1154 4602 ἐφέψεσθαι,
1223 4534 1322 4583 Καὶ
1379 4531 1405 4581 6
1453 4533 1543 4599 μεν
1595 4528 1714 4591 ἐζή-

103 4636 230 4688 γετο
261 4636 274 4648 ·
326 4616 435 4670 ἐπεὶ
476 4614 533 4670 δε
579 4625 667 4671 xui.
721 4618 1025 4692 Σίλϐεστρος
1072 4618 1446 4692 μετεστελλιτο,
1497 4624 1585 4671 καὶ
1646 4628 1709 4693 τῇ

102 4708 455 4779 προσηκούσῃ
541 4709 777 4766 καθῆστο
835 4716 981 4781 τιμῇ,
1059 4709 1102 4760 εἰ
1160 4708 1304 4769 θεούς
1356 4706 1468 4778 εἶχε
1520 4712 1710 4781 Πέτρον

100 4800 199 4847 xui.
254 4796 453 4848 Παῦλον
497 4797 585 4856 τάς
627 4796 837 4858 κλήσεις
885 4796 1249 4869 ἀκριϐέστερον
1294 4793 1550 4870 διηρώτα.
1603 4798 1711 4849 Σίλ-

99 4882 319 4958 ϐεστρος
359 4881 438 4949 δὲ,
490 4883 661 4956 Ἡμῖν,
725 4891 875 4957 φησὶ,
928 4884 1169 4958 βασιλεῦ,
1219 4885 1279 4937 ού
1346 4885 1522 4938 πολλοὶ
1579 4888 1708 4954 θεοὶ,

100 4972 215 5024 ἀλλ’
271 4972 361 5037 εἷς,
404 4973 464 5025 οὗ
513 4976 660 5047 ἔργον
701 4976 766 5026 τά
806 4977 1100 5047 σύμπαντα.
1160 4979 1347 5048 Πέτρος
1391 4971 1450 5027 δε
1507 4977 1561 5028 ὄν
1613 4982 1714 5050 φής

98 5066 196 5113 καὶ
248 5060 451 5123 Παῦλος
510 5063 613 5114 θεοὶ
662 5065 752 5134 μεν
800 5066 1005 5132 οὔκουν,
1056 5061 1235 5116 δοῦλοι
1289 5061 1347 5117 δι
1419 5072 1555 5117 Θεοῦ
1620 5069 1712 5116 καὶ

484 5149 531 5203 οἳ
572 5147 640 5211 δὴ
684 5151 949 5225 εύάρέστοι
999 5150 1341 5227 διαφερόντως
1398 5159 1488 5206 καὶ
1534 5157 1711 5205 πίστει

1749 4491 1794 4545 Ι)

97 5149 391 5203 ἀπόστολοι
423 5168 436 5180 '

94 5244 188 5292 xui
243 5241 387 5312 πόθῳ
434 5244 716 5312 γενόμενοι,
764 5246 858 5300 τήν
920 5249 1013 5304 τῆς
1068 5244 1367 5313 ἁγιωσύνης
1426 5242 1706 5317 ἀκρόπολιν

94 5328 487 5401 κατειλήφασι·
549 5335 637 5383 καὶ
700 5339 898 5405 πρῶτοι
948 5340 1048 5383 τῶν
1106 5332 1263 5405 ἁγίων
1313 5332 1479 5385 εῑσίν’
1532 5335 1583 5386 οἱ
1636 5329 1704 5393 δή

93 5428 300 5494 πρῶτοι
355 5423 447 5471 καὶ
501 5425 634 5472 πᾶσι
692 5424 784 5479 τὴν
835 5427 924 5473 τοῦ
958 5425 1153 5495 Κυρίου
1184 5424 1329 5495 ἡμῶν
1368 5421 1546 5481 Ἰησοῦ
1576 5431 1709 5498 Χρι-

174 5526 255 5601 (l)
280 5546 315 5601 «_
327 5527 520 5601 _Actus
543 5525 1353 5601 beatiSylvestriapostolicaa
1379 5530 1538 5585 sedis
1561 5545 1709 5601 prte-

101 5595 273 5665 sulis,
299 5595 435 5654 licet
461 5597 591 5669 ejus
623 5599 727 5671 qui
755 5595 992 5672 scripsit
1019 5595 1245 5657 nomen
1275 5595 1641 5670 ignoremus,
1671 5616 1708 5657 a

1848 1866 2139 1938 Capitolio
2172 1866 2373 1922 lacum
2401 1866 2522 1922 sive
2578 1866 2877 1938 piscinam
2930 1864 3060 1920 ﬁeri
3090 1871 3381 1936 oportere,
3447 1866 3509 1920 in

1845 1971 1970 2029 qua
2003 1955 2416 2011 innocentium
2446 1970 2774 2026 puerorum
2817 1954 3129 2024 sanguine,
3185 1969 3377 2026 eoque
3421 1969 3511 2008 re-

1846 2047 2004 2101 centi
2056 2045 2257 2101 adhuc
2310 2050 2369 2101 et
2406 2049 2737 2116 vaporaute
2788 2042 3032 2115 repleta,
3086 2043 3135 2098 si
3182 2041 3509 2114 imperator

1845 2139 2066 2200 avaret,
2096 2133 2268 2191 facile
2304 2150 2445 2191 eum
2486 2138 2785 2197 curatum,
2825 2147 3167 2204 corpusque
3197 2132 3331 2201 ejus
3364 2147 3510 2203 pur-

1844 2228 2052 2292 gatum
2082 2224 2173 2279 iri.
2199 2223 2380 2279 Aliter
2428 2238 2592 2290 vero,
2626 2226 2755 2278 uta
2796 2220 2897 2277 tali
2943 2220 3110 2292 lepra
3161 2220 3505 2286 mundetur,

1844 2311 1971 2367 ﬁeri
2000 2327 2122 2367 non
2162 2327 2361 2385 posse.
2408 2314 2487 2368 Ea
2515 2327 2579 2367 re
2607 2315 2732 2367 tam
2763 2325 2925 2366 nova
2952 2325 3092 2365 cum
3118 2307 3199 2364 illi
3224 2308 3506 2365 homines

1842 2398 2242 2472 decepissent,
2282 2400 2604 2472 derepente
2662 2399 2922 2455 infantes
2968 2397 3210 2470 plurimi
3260 2412 3507 2466 congre-

1843 2495 2079 2559 gantur.
2122 2488 2191 2544 Et
2212 2489 2341 2560 jam
2369 2495 2610 2561 tempus
2629 2488 2821 2552 adest,
2852 2486 3283 2558 carniﬁcesque
3328 2502 3390 2542 se
3424 2485 3504 2542 ad

1841 2576 2080 2634 illorum
2109 2578 2337 2634 caedem
2368 2578 2719 2650 expediunt.
2739 2576 2919 2633 Adest
2943 2576 3073 2647 jam
3095 2581 3153 2631 et
3176 2578 3505 2646 imperator

1841 2665 1994 2737 ipse.
2029 2669 2176 2723 Ecce
2232 2671 2437 2723 autem
2490 2670 2714 2723 matres
2754 2681 3083 2737 puerorum
3151 2663 3499 2730 adveniunt,

1841 2754 2072 2826 capillis
2102 2756 2314 2828 passis,
2348 2755 2713 2811 mammillas
2742 2754 3021 2810 decenter
3036 2752 3498 2825 quodammodo

1840 2844 2358 2909 subostendentes,
2380 2844 2549 2901 lactis
2575 2843 2751 2916 copia
2776 2843 3118 2914 angustiam
3145 2847 3202 2898 et
3229 2840 3500 2898 dolorem

1839 2933 1955 2988 illis
1980 2933 2299 3005 parientes.
2334 2936 2431 2989 Has
2462 2933 2695 2989 ululatu
2723 2937 2781 2989 et
2809 2932 3055 3005 planctu
3083 2930 3299 2987 caelum
3334 2946 3497 2986 com-

1838 3024 2027 3094 plent.
2064 3024 2245 3078 Porro
2276 3023 2604 3093 imperator
2635 3037 2817 3078 causa
2845 3021 2990 3078 tanti
3018 3020 3212 3076 luctus
3235 3020 3496 3090 cognita,

1838 3111 2247 3168 misericordia
2282 3118 2645 3177 commotus,
2699 3110 3062 3167 mulierculis
3102 3108 3407 3177 condolet,
3441 3113 3500 3165 et

1838 3214 1947 3272 pro
1992 3200 2369 3257 humanitate
2411 3216 2525 3257 sua
2571 3216 2815 3257 summa
2843 3196 3202 3254 sententiam
3251 3203 3495 3254 mutat:

1834 3290 2156 3362 potiusque
2198 3305 2358 3359 asger
2386 3305 2515 3345 esse
2554 3289 2695 3355 vult,
2727 3304 2912 3362 quam
2948 3302 3055 3358 per
3102 3292 3226 3342 tam
3262 3286 3499 3342 abomi-

1832 3382 2108 3435 nandum
2130 3379 2323 3435 scelus
2347 3378 2787 3435 convalescere.
2825 3376 3002 3449 490
3033 3377 3237 3448 Itaque
3268 3375 3497 3447 prolixe

1831 3467 2219 3540 illacrymans
2252 3484 2265 3522 :
2292 3488 2318 3519 ε
2348 3467 2619 3532 Romani,
2643 3467 2853 3539 inquit,
2890 3464 3126 3537 imperii
3152 3464 3416 3535 dignitas
3440 3469 3498 3518 et

1831 3556 2169 3628 amplitudo
2224 3556 2451 3612 fontem
2500 3563 2680 3627 atque
2734 3555 3001 3610 radicem
3056 3568 3259 3608 veram
3311 3552 3499 3607 habet

1830 3646 2135 3716 pietatem.
2169 3646 2241 3700 Ut
2271 3643 2451 3715 igitur
2470 3660 2543 3699 ex
2580 3660 2653 3699 ea
2688 3659 2787 3699 me
2811 3641 3159 3714 provenisse
3206 3640 3493 3696 omnibus

1829 3732 2059 3805 liquido
2084 3732 2422 3798 ostendam,
2456 3732 2860 3788 valetudinem
2874 3747 3069 3786 meam
3085 3729 3492 3786 innocentium

1830 3837 2157 3894 puerorum
2194 3822 2327 3878 vitas
2383 3820 2745 3894 posthabeo.
2810 3842 2831 3870 ι
2884 3819 2981 3876 His
3038 3820 3237 3875 verbis
3295 3819 3490 3886 dictis,

1830 3910 2022 3967 solida
2049 3898 2295 3982 prorsus
2308 3909 2708 3967 beneﬁcentia
2731 3908 3191 3966 acerbissimum
3229 3910 3491 3965 matrum

1829 3999 2100 4056 dolorem
2125 3999 2350 4055 solatur
2369 4004 2425 4056 et
2449 3999 2664 4063 aufert,
2685 3997 2984 4070 simulque
3010 3997 3265 4053 domum
3297 4013 3491 4053 rever-

1830 4088 1989 4145 titur.
2052 4089 2365 4145 Enimvero
2433 4094 2609 4145 nocte
2692 4088 2972 4160 proxima
3026 4086 3313 4141 bonitatis
3362 4086 3491 4157 ejus

1828 4175 2089 4234 fructum
2142 4177 2390 4249 percipit
2450 4176 2919 4248 amplissimum.
2978 4175 3185 4230 Petrus
3230 4174 3391 4230 enim
3436 4179 3494 4230 et

1827 4266 2046 4321 Paulus
2093 4266 2508 4338 apostolorum
2547 4266 2848 4338 principes
2891 4265 2944 4320 ei
2974 4269 3270 4336 apparent
3307 4269 3363 4319 et
3405 4264 3494 4318 di-

1826 4359 1968 4410 cunt
2010 4370 2024 4409 :
2058 4354 2462 4422 Constantine,
2502 4372 2603 4412 nos
2632 4370 2837 4411 sumus
2874 4354 3082 4411 Petrus
3111 4358 3167 4409 et
3189 4354 3414 4408 Paulus
3451 4368 3490 4410 α

1825 4442 2076 4499 Domino
2098 4444 2217 4499 Deo
2239 4444 2319 4499 ad
2347 4451 2403 4499 te
2449 4444 2629 4509 missi,
2652 4448 2720 4499 ut
2738 4445 2974 4515 signum
3016 4442 3121 4498 tibi
3132 4449 3184 4499 et
3204 4442 3484 4497 indicium

1822 4533 2033 4589 salutis
2062 4532 2463 4590 exhibeamus.
2503 4533 2724 4589 Deinde
2751 4550 2891 4589 eum
2923 4532 3260 4597 hortantur,
3294 4537 3357 4585 ut
3384 4546 3490 4585 an-

1822 4620 2063 4678 tistitem
2092 4638 2405 4679 sacrorum
2429 4623 2559 4694 ejus
2591 4622 2755 4678 urbis
2798 4621 3159 4693 Sylvestrem
3198 4618 3483 4692 iuquirat,

1819 4711 1984 4782 apud
2009 4726 2193 4784 quem
2239 4712 2479 4783 piscina
2498 4714 2588 4776 sit,
2620 4712 2682 4768 in
2707 4728 2832 4780 qua
2862 4712 2909 4766 si
2929 4709 3178 4773 lavaret,
3220 4708 3484 4764 celeriter

1822 4800 2103 4859 morbum
2127 4816 2373 4857 omnem
2396 4817 2709 4857 cessurum
2736 4817 2749 4856 :
2776 4800 2955 4873 idque
2971 4814 3045 4855 ea
3077 4798 3287 4868 gratia,
3315 4798 3480 4869 quod

1819 4888 2241 4945 innocentibus
2258 4890 2687 4961 etincorruptis
2705 4888 3036 4944 infantibus
3059 4888 3243 4943 vitam
3259 4886 3476 4942 donas-

1820 4983 1931 5033 set.
1983 4977 2159 5033 Porro
2227 4983 2291 5034 ut
2361 4995 2501 5034 eum
2558 4993 2811 5033 somnus
2855 4976 3117 5048 reliquit.
3176 4974 3479 5031 medicum

1819 5072 2115 5123 astantem
2138 5066 2493 5136 longissime
2531 5081 2655 5122 ase
2710 5063 2962 5135 repellit,
3009 5079 3132 5119 non
3170 5062 3300 5133 jam
3357 5069 3482 5119 arte

1820 5161 1923 5211 aut
1938 5170 2052 5227 ope
2068 5156 2335 5213 humana
2350 5170 2412 5211 se
2430 5154 2697 5224 indigere
2718 5152 2946 5217 dicens,
2974 5152 3262 5208 auxilium
3302 5151 3477 5207 dein-

1819 5259 1961 5317 ceps
1988 5248 2047 5301 et
2075 5243 2328 5301 salutem
2376 5244 2455 5301 ab
2497 5242 2783 5299 Altissimi
2840 5258 3025 5298 manu
3051 5243 3473 5298 adventuram.

1819 5331 2028 5405 Itaque
2078 5333 2346 5389 medicus
2409 5332 2488 5389 ab
2526 5347 2597 5388 eo
2651 5330 2924 5387 discedit.
2983 5332 3049 5387 Ut
3095 5336 3297 5386 autem
3347 5329 3478 5401 Syl-

1818 5429 2008 5479 vester
2047 5422 2127 5494 (1)
2167 5422 2392 5480 accitus
2440 5420 2654 5485 adfuit,
2684 5426 2742 5477 et
2766 5436 2840 5477 ea
2863 5436 2990 5492 qua
3029 5420 3229 5475 decuit
3264 5418 3477 5474 obser-

1816 5527 2021 5585 multis
2052 5532 2254 5584 tamen
2275 5528 2337 5584 in
2368 5526 2508 5583 urbe
2537 5530 2708 5584 Rom.
2752 5526 3066 5584 Catholicis
3106 5524 3223 5593 legi
3255 5539 3476 5591 cogno-

1816 5601 2037 5669 vimus,
2078 5605 2134 5657 et
2164 5615 2275 5673 pro
2321 5601 2572 5673 antiquo
2626 5615 2738 5655 usu
2782 5598 2987 5655 multa:
3017 5597 3133 5655 hoc
3161 5595 3477 5652 imitantur
