4020 6218
555 281 692 348 1283

1867 283 1913 342 Ν
1919 283 2257 342 ICEPHORI
2297 281 2622 342 CALLISTI
3737 289 3824 346 i285

549 416 752 474 vantia
775 419 834 470 et
859 413 1242 472 veneratione
1281 410 1590 470 considere
1617 410 1822 482 jusus
1869 415 1976 476 est,
2015 411 2202 468 habe-

2320 417 2441 463 στοῦ
2493 411 2710 468 ϐιότητα
2759 404 3070 480 dumpuan
3123 409 3312 472 ἔθνεσι,
3349 411 3440 460 καὶ
3477 405 3534 474 ἐξ
3575 407 3828 466 αὐτῶν-εἰει

552 511 718 562 retne
757 505 902 560 deos
935 504 1082 560 Petri
1123 507 1180 560 et
1219 501 1380 560 Pauli
1425 500 1846 574 appellatione,
1889 501 2204 570 diligenter

553 611 691 650 eum
731 593 1154 651 Constantinus
1181 596 1268 648 est
1291 591 1732 666 percunciatus.
1767 591 1854 648 lbi
1883 589 2203 662 Sylvester,

552 685 754 748 Nobis,
782 683 994 754 inquit,
1015 699 1050 738 ο
1071 682 1414 753 imperator,
1441 681 1524 738 dii
1551 681 1720 738 multi
1745 695 1866 738 non
1897 687 2062 740 sunt.
2098 679 2206 738 sed

553 790 728 838 unus,
761 773 932 843 cujus
957 787 1111 842 opus
1143 775 1230 828 est
1274 771 1620 828 universum
1649 771 1784 828 hoc.
1819 773 2021 828 Petrus
2063 785 2206 828 vero

550 869 606 918 et
627 861 864 926 Paulus,
893 878 1042 932 quos
1058 861 1274 924 dixisti,
1303 860 1384 916 dii
1411 875 1654 932 prorsus
1667 875 1788 916 non
1805 863 1964 924 sunt,
1994 875 2206 916 verum

553 952 706 1006 servi
737 957 793 1006 et
840 951 1098 1022 apostoli
1143 951 1240 1008 Dei
1269 969 1282 1006 :
1323 949 1426 1021 qui
1451 949 1616 1020 quod
1647 949 1945 1020 prtecipue
1965 953 2210 1022 propter

551 1041 854 1110 egregiam
885 1040 1090 1104 tidem,
1125 1039 1546 1110 cbaritatisque
1580 1038 1854 1094 ardorem
1891 1043 1946 1096 et
1979 1037 2208 1094 deside-

549 1131 706 1186 rium
741 1133 856 1185 Deo
887 1129 1048 1184 chari
1083 1129 1356 1200 gratique
1401 1127 1584 1192 fuere,
1627 1127 1958 1184 sanctitatis
2003 1143 2206 1184 arcem

555 1224 947 1290 occuparunt,
999 1219 1261 1289 primum
1315 1217 1466 1274 inter
1525 1219 1766 1274 sanctos
1813 1215 2016 1272 locum
2057 1217 2209 1272 obti-

549 1313 782 1363 nentes.
815 1307 990 1362 Primi
1022 1307 1246 1377 quippe
1285 1305 1398 1375 ipsi
1431 1305 1708 1374 gentibus
1747 1305 2031 1362 omnibus
2061 1305 2210 1360 divi-

553 1397 800 1451 nitatem
843 1395 1078 1452 Domini
1107 1393 1298 1450 nostri
1323 1395 1462 1448 Jesu
1494 1393 1706 1450 Christi
1751 1393 2206 1462 annuntiarunt,

556 1490 736 1556 atque
775 1485 852 1540 ab
880 1484 1021 1556 ipsis
1043 1482 1304 1538 ecclesias
1345 1497 1557 1538 omnes
1587 1482 1756 1540 initia
1786 1499 1894 1540 sua
1933 1497 2210 1554 sumpse-

553 1579 712 1630 runt.
751 1577 941 1643 Atque
985 1573 1086 1640 illi,
1127 1588 1305 1644 opere
1327 1577 1384 1628 et
1411 1589 1588 1628 cursu
1619 1587 1730 1626 suo
1758 1571 2078 1643 completo,
2103 1585 2210 1642 per

555 1663 912 1733 martyrium
971 1678 1042 1716 ex
1075 1662 1184 1718 hac
1215 1663 1332 1717 vita
1361 1661 1714 1730 migrarunt,
1748 1663 1804 1718 et
1833 1677 1994 1718 nunc
2033 1659 2210 1718 amici

2313 499 2601 556 Ἐκκλησία
2641 503 2728 558 τὴν
2781 496 2954 570 ἀρχὴν
3003 499 3156 569 ἔσχε.
3213 501 3314 550 Καὶ
3362 501 3418 552 τὸ
3487 499 3636 571 ἔργον
3681 499 3834 554 2:13:22-

2312 607 2414 654 τες,
2447 593 2718 662 μαρτυρίῳ
2767 587 3046 649 ὑπεξῆλθον
3093 590 3181 638 τὸν
3223 584 3358 658 βίον,
3387 592 3482 640 καὶ
3537 595 3624 638 νῦν
3653 588 3840 656 sict-fin;

2313 685 2403 730 τοῦ
2451 677 2884 750 παντοκράτορος.
2949 673 3034 740 Ὠς
3095 671 3152 728 δὲ
3201 681 3294 728 καὶ
3345 679 3412 728 τα
3463 677 3580 730 θεῖα
3622 679 3846 730 τούτων

2313 769 2566 839 χάσματα
2607 765 2865 830 ἀνεζήτει,
2895 769 2986 816 καὶ
3041 765 3066 815 ὁ
3130 767 3338 839 ίεράρης
3401 765 3602 836 ἐξάγων
3669 763 3854 830 idem-.5,

2313 863 2602 914 τηνικαῦτα
2659 853 2906 930 διαγνοὺς
2957 852 3342 928 ἀκριϐέστερον,
3389 854 3582 916 αὐτοὺς
3629 851 3740 908 εἶναι
3779 869 3862 918 tri;

2317 953 2560 1026 ὀφθέντας
2617 950 2930 1008 ὃιεϐεϐαίου.
2990 953 3076 1006 Ἐν
3129 952 3260 1006 ἑπτὰ
3309 948 3398 1006 οὖν
3457 954 3677 1024 ἡμέραις
3721 957 3864 1006 σάω-ει

2315 1043 2636 1118 περιθέμενος
2667 1041 2780 1094 ἀντὶ
2827 1050 2916 1100 τῆς
2975 1037 3304 1112 ἁλουργίδος,
3358 1047 3578 1112 νηστείᾳ
3614 1060 3666 1092 τε
3713 1041 3870 1112 σχολά-

2319 1151 2418 1193 σας
2470 1136 2562 1186 καὶ
2613 1137 2914 1204 προσευχῇ,
2969 1129 3176 1189 κλείσας
3219 1149 3274 1184 τι
3313 1133 3430 1190 τοὺς
3473 1127 3698 1184 εἰδώλων
3733 1134 3868 1192 ναοὺς,

2316 1225 2406 1272 καὶ
2471 1223 2538 1272 τὰ
2595 1216 2936 1293 δεσμωτήρια
2985 1215 3274 1283 διανοίξας,
3332 1219 3492 1272 πολὺν
3547 1238 3602 1270 τε
3649 1221 3730 1270 τὸν
3773 1217 3872 1270 ἔλεον

2315 1314 2406 1361 καὶ
2453 1305 2652 1378 δαψιλῆ
2699 1313 2794 1366 τὴν
2841 1313 3102 1380 χορηγίαν
3154 1307 3322 1362 ἅπασι
3361 1311 3681 1382 παρασχὼν,
3725 1307 3796 1360 ἐπί
3835 1327 3876 1360 το

2317 1395 2460 1472 ὕδωρ
2506 1395 2717 1472 ἐχώρει,
2770 1397 2938 1469 εὐχῆς
2987 1396 3218 1458 ἐκτενοῦς
3261 1398 3361 1452 ὑπὸ
3419 1401 3604 1458 πάσης
3653 1405 3878 1466 γινομένης

2317 1495 2408 1548 τῆς
2463 1487 2764 1554 ἐκκλησίας,
2813 1495 2906 1540 τοῦ
2972 1486 3282 1560 Σιλϐἐστρου
3343 1487 3750 1560 προσταξαντος.
3801 1493 3880 1540 Καὶ

2319 1580 2448 1649 πρὸς
2495 1581 2554 1628 τὸ
2591 1573 2736 1648 ὕδωρ
2781 1577 2808 1626 ὀ
2851 1577 3010 1647 ἱερεὺς
3055 1573 3280 1641 ἀπιδὼν,
3329 1583 3518 1638 Τοῦτο,
3567 1575 3716 1646 ἔλεγε,
3757 1575 3884 1648 βατι-

2317 1665 2422 1730 λεῦ,
2469 1675 2531 1738 τῇ
2578 1664 2846 1722 ἐπικλήσει
2901 1673 2996 1726 τῆς
3033 1665 3342 1736 ζωαρχικῆς
3387 1661 3620 1736 Τριάδος
3659 1665 3786 1726 θείας
3817 1685 3884 1734 με·

555 1751 1164 1822 suntOmnipoteutis.
1193 1751 1298 1806 Ubi
1325 1766 1460 1806 vero
1486 1765 1686 1806 sacras
1705 1765 1948 1822 quoque
1969 1749 2209 1806 illorum

2320 1757 2580 1826 τεσχηκός
2637 1751 2919 1826 δυνάμεως,
2979 1755 3150 1825 ὥσπερ
3215 1753 3282 1806 τὰ
3331 1756 3472 1816 ἕκτος
3532 1761 3624 1806 τοῦ
3684 1761 3884 1824 σώματος

557 1841 782 1910 efﬁgies
823 1839 1149 1912 requisivit,
1189 1845 1246 1894 et
1293 1839 1606 1896 hierarcha
1643 1855 1747 1894 eas
1779 1839 1864 1896 illi
1901 1839 2206 1896 exhibuit:

555 1935 680 1985 tum
733 1945 792 1984 re
819 1929 1034 1984 certius
1068 1929 1324 1997 cognita,
1350 1945 1452 1984 eos
1481 1929 1646 1998 ipsos
1675 1943 1812 1984 esse
1843 1943 1996 2000 quos
2026 1927 2212 1984 vidis-

560 2024 668 2084 set,
697 2018 1092 2074 contirmavit.
1111 2018 1316 2088 Itaque
1343 2033 1452 2089 pro
1475 2033 1744 2089 purpura
1765 2033 2008 2074 saccum
2028 2017 2212 2074 sumit

562 2108 776 2164 diebus
797 2113 1048 2179 septem,
1073 2123 1143 2162 ac
1154 2107 1384 2176 jejunio
1415 2111 1470 2162 et
1501 2107 1756 2164 orationi
1787 2113 1984 2171 vacet,
2025 2107 2213 2164 idolo-

557 2213 692 2252 rum
738 2195 964 2266 templa
997 2195 1238 2261 claudit,
1271 2210 1538 2251 carceres
1587 2194 1802 2266 aperit,
1843 2212 1950 2267 per
1985 2196 2213 2252 miseri-

558 2285 826 2341 cordiam
867 2285 1118 2340 multam
1157 2283 1474 2340 liberaliter
1511 2299 1723 2340 omnes
1763 2291 2132 2350 muneratur,
2155 2289 2212 2344 et

557 2376 802 2430 tandem
833 2374 906 2428 ad
925 2389 1130 2430 sacras
1153 2373 1347 2428 undas
1361 2373 1646 2444 procedit.
1676 2373 1850 2445 49],
1881 2373 2212 2432 Vehemens

557 2469 758 2520 autem
780 2463 1082 2518 etinteusa
1112 2463 1191 2517 ab
1221 2461 1476 2518 ecclesia
1493 2463 1680 2528 omni,
1709 2465 1792 2520 ita
1821 2467 1884 2520 ut
1915 2463 2213 2534 Sylvester

551 2553 834 2623 jusserat,
887 2551 1076 2607 oratio
1115 2551 1314 2608 fiebat.
1363 2553 1619 2608 Antistes
1657 2567 1835 2623 porro
1877 2553 1956 2608 ad
1987 2569 2212 2625 aquam

555 2641 841 2713 baptismi
871 2641 1214 2712 respiciens,
1249 2643 1402 2708 Haec,
1433 2641 1644 2712 inquit,
1675 2641 2021 2712 imperator,
2051 2657 2214 2716 aqua

557 2730 758 2785 divina
783 2731 996 2784 virtute
1026 2745 1132 2800 per
1153 2729 1594 2786 invocationem
1619 2729 1866 2786 vivificas
1912 2731 2212 2788 Trinitatis

558 2825 870 2891 concepta,
917 2819 1088 2874 sicuti
1141 2823 1307 2874 extra
1358 2833 1578 2889 corpus
1609 2819 1874 2876 hominis
1897 2819 2103 2884 abluit,
2131 2821 2214 2878 ita

558 2910 734 2966 etiam
751 2909 1022 2965 animam
1049 2908 1200 2963 intra
1233 2923 1270 2964 a
1300 2907 1476 2964 sorde
1505 2913 1560 2964 et
1591 2907 2003 2979 inquinatione
2047 2909 2214 2966 omni

554 2998 978 3062 mundiﬁcans,
995 2996 1462 3069 splendidiorem
1481 2997 1664 3052 radiis
1693 2997 1991 3054 solaribus
2013 2997 2210 3058 efﬁcit.

2318 1846 2586 1915 καθαίρειν
2628 1841 2787 1912 οἶδεν,
2821 1844 2956 1896 οὕτω
3001 1847 3088 1896 καὶ
3119 1843 3304 1914 ψυχὴν
3334 1840 3560 1904 ualido;
3585 1845 3750 1904 πάσης
3783 1841 3886 1894 ἀπο-

2319 1935 2588 2006 καθαίρον,
2641 1931 3000 2006 λαμπροτέραν
3055 1939 3152 1984 τῶν
3227 1932 3454 1989 ἡλιακῶν
3525 1931 3738 1986 ἀκτίνων
3801 1928 3888 1984 διί-

2319 2041 2494 2076 κνυσι.
2553 2027 2652 2074 Καὶ
2699 2026 2870 2074 τοίνυν
2927 2021 2998 2090 τῷ
3047 2020 3196 2092 ἐλαίῳ
3247 2023 3520 2094 χρισθεὶς,
3591 2025 3770 2076 εἷσεισι
3819 2025 3886 2074 τὸν

2319 2111 2566 2184 λουτῆρα.
2633 2111 2772 2163 Ἐπεὶ
2827 2107 2886 2162 δὲ
2930 2117 3020 2162 καὶ
3071 2113 3101 2168 ἡ
3155 2118 3244 2172 τῆς
3275 2111 3434 2180 ἁγίας
3459 2107 3692 2184 Τριοίδος
3717 2112 3780 2174 ὡς
3799 2111 3886 2170 ἔθος

2915 2199 3100 2272 ἀθρόον
3183 2199 3338 2268 αἴγλη
3399 2203 3572 2271 φωτὸς
3629 2198 3886 2272 ἀπορρήτου

2320 2291 2473 2340 ποθεν
2517 2283 2890 2352 ἐκπηδήσασα,
2959 2291 3045 2342 τὸν
3123 2297 3299 2362 χῶρον
3359 2293 3752 2362 κατήστραπτε.
3813 2293 3890 2340 Καὶ

2321 2375 2458 2450 ἦχος
2513 2375 2572 2430 δέ
2619 2397 2694 2437 τις
2740 2377 2968 2440 ἐξαίσιος
3023 2377 3360 2447 ὑπιψοὶλλετο,
3425 2381 3496 2438 ὡς
3547 2377 3606 2432 ἐκ
3663 2397 3888 2450 παναρμο-

2321 2201 2594 2261 ἐπίκλησις
2642 2203 2834 2272 εἶρητο,

2320 2473 2425 2518 νίου
2493 2467 2646 2538 λύρας
2703 2465 3152 2539 ἀνακροτούμενος.
3223 2471 3323 2522 Καὶ
3369 2465 3579 2528 ἐξῆλθεν
3651 2469 3676 2518 ὅ
3713 2469 3890 2536 “WE?”

2325 2575 2444 2616 στος
2495 2553 2760 2628 βασιλεὺς,
2811 2555 2924 2616 ὅλος
2985 2561 3076 2606 τοῦ
3127 2557 3308 2626 ὑγιοῦς
3349 2559 3614 2626 μετέχων,
3673 2555 3752 2608 οἷά
3805 2573 3894 2606 τινα

2320 2651 2502 2703 καινὴν
2535 2647 2706 2718 σάρκα
2752 2647 3112 2716 ἠμφιεσμένος,
3160 2647 3348 2698 ὡσανεί
3403 2665 3555 2706 τινας
3603 2645 3792 2716 ἰχθύων
3827 2643 3890 2696 ia-

2319 2731 2484 2796 πίδας
2525 2731 2596 2804 τῷ
2638 2731 2798 2786 ὕδατι
2851 2733 3079 2806 ἐπαφείς.
3129 2733 3305 2804 Ἔλεγε
3345 2729 3404 2786 δε
3459 2738 3554 2786 καὶ
3593 2741 3744 2788 τοῦτο
3793 2737 3892 2802 πρὸς

2321 2829 2408 2878 τὸν
2465 2825 2720 2897 μακάριον
2773 2822 3075 2896 Σίλϐεστρον
3113 2839 3126 2851 ·
3181 2824 3250 2884 ὡς
3294 2821 3470 2895 ὅτιπερ
3511 2822 3591 2876 ἔτι
3647 2819 3892 2894 διατρίεων

2321 2921 2427 2973 τοῖς
2455 2909 2642 2978 ὕδασι,
2697 2916 2878 2984 χειρὸς
2929 2931 3070 2972 τινος
3098 2911 3294 2983 ἐπαφὴν
3350 2914 3416 2972 ὡς
3455 2913 3520 2962 οἶν
3563 2910 3622 2964 ἐκ
3655 2919 3742 2964 τοῦ
3769 2913 3894 2980 οὖρα·

2321 3009 2410 3056 νοῦ
2461 3003 2778 3073 πεμφθείσης
2826 3001 3126 3056 αἰσθέσθαι.
3185 3002 3294 3054 ’Σὺν
3347 3001 3488 3070 αὐτῷ
3549 2997 3611 3054 δι
3659 3004 3744 3054 καὶ
3795 3003 3894 3071 Κρί-

555 3089 622 3142 Et
646 3089 770 3156 jam
805 3087 936 3142 oleo
951 3091 1164 3140 unctus
1195 3085 1504 3142 lavacrum
1527 3085 1622 3140 ille
1652 3085 2004 3154 ingreditur,
2031 3092 2209 3160 atque

2325 3111 2455 3150 σπος
2507 3091 2532 3141 ὁ
2573 3089 2732 3144 αὐτοῦ
2781 3093 2892 3151 υίὸς
2933 3097 3024 3142 τοῦ
3073 3093 3210 3144 θείου
3257 3087 3642 3162 μεταλαμϐάνει
3673 3090 3892 3160 λουτροῦ·

554 3191 722 3232 more
773 3179 1010 3246 recepto
1043 3174 1436 3230 sanctissimae
1463 3174 1762 3230 Trinitatis
1789 3175 1855 3230 ﬁt
1883 3175 2206 3234 invocatio.

2320 3185 2410 3232 καὶ
2439 3181 2592 3251 ἄμφω
2623 3175 2684 3232 δὴ
2711 3179 2894 3238 στολήν
2931 3175 3475 3248 λευκὴνξένεδύσαντο.

555 3267 623 3320 Et
643 3279 776 3320 ecce
797 3264 946 3318 lucis
1003 3262 1420 3318 inenarrabilis
1467 3263 1751 3333 splendor
1779 3263 2054 3320 alicunde
2093 3267 2378 3334 emicans,
2413 3269 2616 3324 locum
2658 3283 2796 3326 eum
2827 3267 3100 3334 illustrat,
3131 3273 3190 3324 et
3219 3284 3400 3324 sonus
3451 3267 3710 3338 quidam
3739 3265 3898 3322 admi-

553 3354 782 3410 randus
809 3353 982 3408 veluti
1007 3350 1273 3424 psalterii
1320 3355 1377 3406 et
1405 3350 1550 3421 lyrae
1579 3351 1857 3408 absoluta
1894 3353 2214 3412 harmonia
2239 3361 2296 3412 et
2321 3361 2614 3412 concentu
2651 3357 2920 3412 redditus
2969 3357 3309 3414 exauditur.
3357 3355 3677 3425 Egreditur
3713 3351 3896 3412 deinde

553 3447 860 3515 mperator
887 3441 1149 3512 optimus
1179 3456 1210 3494 e
1253 3442 1514 3505 lavacro,
1557 3445 1714 3498 totus
1755 3441 1955 3498 salvus
1999 3447 2055 3500 et
2103 3443 2443 3509 incolumis,
2493 3445 2740 3517 perinde
2788 3452 2968 3517 atque
3001 3461 3180 3502 carne
3242 3445 3758 3508 recentiindutus,
3793 3443 3894 3514 qui-

555 3533 816 3588 busdam
860 3530 1032 3602 quasi
1061 3529 1318 3601 piscium
1349 3534 1682 3601 squammis
1722 3531 1784 3588 in
1823 3532 1988 3588 unda
2015 3532 2256 3592 relictis.
2315 3540 2506 3607 Atque
2537 3537 2616 3590 ibi
2649 3535 2822 3592 beato
2853 3551 3096 3608 quoque
3147 3535 3447 3606 Sylvestro
3483 3535 3660 3596 dixit,
3703 3551 3762 3589 se
3789 3547 3894 3588 cum

552 3623 750 3678 adhuc
781 3621 842 3676 in
908 3621 1090 3674 sacris
1129 3623 1284 3676 esset
1323 3618 1522 3682 undis.
1583 3635 1801 3676 manus
1849 3621 2166 3691 cujusdam
2199 3623 2378 3682 veluti
2433 3641 2464 3680 e
2495 3625 2646 3680 caelo
2699 3626 2900 3680 missae
2945 3629 3234 3682 attactum
3287 3625 3572 3682 ensisse.
3621 3627 3745 3682 Una
3787 3637 3892 3678 cum

551 3713 686 3782 ipso
717 3715 918 3766 autem
947 3708 1192 3780 Crispus
1232 3707 1412 3766 etiam
1451 3707 1608 3764 ﬁlius
1645 3709 1776 3779 ejus
1811 3709 2084 3768 divinum
2115 3713 2496 3786 participavit
2531 3713 2862 3780 lavacrum,
2897 3719 2956 3770 et
2985 3713 3164 3770 ambo
3201 3713 3528 3772 candidam
3571 3723 3792 3772 vestem
3829 3711 3893 3768 in-

553 3800 834 3856 duerunt.

1145 3924 1366 3980 CAPUT
1395 3921 1627 3978 XXXIV.

556 4031 698 4102 Quae
734 4033 869 4102 post
901 4029 1260 4100 baptismum
1313 4029 1738 4156 (infastagtztinus
1769 4029 2030 4104 Magnus
2057 4039 2214 4092 recte

1197 4117 1335 4156 cons
1366 4119 1382 4154 τ
1417 4117 1544 4156 uer:
1578 4143 1592 4156 .

1197 4117 1382 4158 σοηδη
1393 4117 1592 4157 ιιιενιτ.

625 4213 755 4268 Mox
787 4209 1070 4282 deinceps
1091 4209 1284 4281 legem
1307 4209 1572 4280 primum
1598 4209 1728 4278 fert,
1747 4213 1810 4268 ut
1837 4212 1940 4284 qui
1961 4213 2213 4285 posthac

553 4315 659 4372 per
691 4298 1136 4370 blasphemiam
1165 4296 1396 4354 Christo
1439 4297 1813 4366 maledicere,
1869 4310 1972 4358 aut
1999 4318 2213 4374 quem-

2931 3929 3196 3982 KEQAA'.
3231 3929 3354 3980 ΛΔ’.

2325 4039 2484 4110 Περὶ
2525 4035 2647 4106 φῶν
2687 4037 2846 4110 μετὰ
2881 4037 2947 4086 τὸ
2989 4033 3330 4108 βάπτισμα
3369 4036 3393 4086 ὁ
3441 4039 3652 4106 μέγας
3711 4031 3884 4086 duri-

2771 4107 2921 4168 ξατο
2963 4107 3468 4168 Κωνσταντῖνος.

3973 4189 3975 4204 .

2397 4217 2498 4265 Καὶ
2549 4210 2665 4272 δῆτ’
2699 4211 2750 4280 ἐξ
2805 4213 2966 4274 αὑτῆς
3011 4219 3162 4286 νόμον
3207 4221 3410 4286 πρῶτον
3454 4213 3746 4276 ἐκτίθησιν,
3787 4213 3888 4264 ὥστε

2321 4305 2404 4354 τὸν
2457 4309 2550 4354 τοῦ
2605 4301 2788 4354 λοιποῦ
2845 4302 3110 4374 τολμῶντα
3163 4301 3556 4374 βλασφημῆσαι
3601 4302 3886 4378 Χριστὸν,ἑ

553 4405 738 4466 quam
781 4389 884 4462 qui
914 4387 1044 4460 ejus
1077 4393 1392 4442 censentur
1421 4390 1686 4456 nomine,
1717 4387 1936 4460 injuria
1975 4373 2209 4446 atﬁcere

2321 4411 2436 4444 τινα
2483 4401 2580 4444 τῶν
2645 4391 2834 4444 ἐκείνου
2902 4395 3197 4464 τιμωμένων
3263 4391 3473 4466 ὀνόματι
3527 4389 3803 4456 ἀδικῆσαι,
3849 4395 3886 4438 τὸ

556 4478 824 4542 auderet,
852 4475 1164 4532 dimidiam
1184 4476 1482 4532 bonorum
1507 4493 1752 4534 suorum
1781 4485 2014 4552 partem
2041 4481 2210 4536 amit-

554 4571 722 4624 teret.
781 4567 844 4620 Et
889 4565 1172 4620 manibus
1217 4565 1344 4636 ipse
1407 4566 1529 4620 suis
1577 4567 1782 4635 ligone
1844 4575 2110 4642 accepto,
2146 4569 2207 4624 in

553 4655 780 4728 palatio
807 4669 916 4710 suo
950 4653 1116 4728 quod
1145 4653 1541 4710 Lateranense
1571 4655 1804 4722 dicitur,
1837 4657 2068 4728 primus
2098 4663 2210 4714 ter-

551 4761 682 4802 ram
715 4743 938 4808 fodere,
971 4747 1028 4800 et
1058 4743 1322 4798 ecclesiae
1353 4741 1610 4800 formam
1629 4743 1689 4800 in
1717 4760 1940 4802 nomen
1973 4747 2208 4804 Domini

553 4833 742 4892 nostri
763 4835 898 4888 Jesu
931 4831 1138 4888 Christi
1209 4831 1544 4888 describere
1574 4833 1774 4906 erepit.
1806 4834 2027 4892 Deinde
2067 4853 2207 4910 pro-

553 4921 864 4994 mulgavit,
911 4923 1254 4993 quicunque
1303 4926 1560 4992 egerent,
1615 4927 1672 4978 ct
1739 4923 2206 4982 Christianorum

553 5027 724 5072 sacra
737 5010 990 5068 colenda
1012 5011 1398 5084 susciperent,
1425 5011 1507 5068 eis
1536 5017 1812 5084 sumptus
1847 5018 1904 5070 et
1929 5015 2204 5070 vestitum

553 5117 624 5158 ex
655 5099 948 5171 imperiali
977 5099 1184 5156 aerario
1217 5099 1535 5174 praebitum
1566 5101 1654 5158 iri.
1679 5104 1741 5158 Et
1765 5103 1951 5168 multi,
1985 5103 2206 5176 quibus

550 5191 664 5246 hoc
695 5191 776 5262 pii
825 5195 882 5246 et
925 5189 1184 5258 religiosi
1217 5189 1320 5244 viri
1355 5193 1733 5260 testarentur,
1785 5193 2038 5262 gratiam
2069 5209 2206 5250 eam

551 5287 608 5338 ct
637 5295 862 5340 munus
894 5279 1438 5350 consequebantur.
1461 5285 1634 5340 Anno
1667 5297 1736 5338 eo
1767 5298 1952 5354 supra
1982 5281 2209 5340 duode-

555 5423 848 5478 Ecclesize.
881 5422 995 5478 Sed
1025 5437 1162 5476 cum
1195 5421 1542 5492 huiusmodi
1575 5425 1795 5495 scripta
1847 5424 1924 5479 ad
1957 5424 2208 5482 Catholi-

557 5511 764 5552 corum
812 5511 1026 5552 manus
1085 5495 1478 5567 pervenerint,
1529 5495 1688 5552 beati
1737 5495 1902 5552 Pauli
1952 5497 2208 5567 apostoli

556 5567 848 5626 sententia
877 5567 1212 5638 princedat:
1249 5567 1462 5624 Omnia
1482 5567 1754 5638 probate,
1782 5567 1950 5640 quod
1972 5567 2206 5630 bonum

2321 4487 2416 4540 τῆς
2469 4485 2776 4554 περιουσίας
2833 4480 2999 4552 ἣμισυ
3057 4481 3454 4555 προσαπολλειν.
3511 4489 3685 4558 Χερσὶ
3743 4477 3790 4532 δ’
3837 4479 3887 4530 οῖ-

2321 4574 2486 4632 κείαις
2535 4569 2651 4634 ἑξῆς
2701 4569 2966 4622 ἀναλαϐὼν
3025 4567 3282 4636 δίκελλαν,
3339 4569 3387 4621 ἐν
3435 4581 3504 4642 τῷ
3547 4571 3778 4640 παλατίῳ
3823 4567 3886 4618 αὖ·
3971 4567 3973 4620 l

2319 4667 2408 4710 τοῦ
2462 4660 2488 4710 ὅ
2543 4657 2895 4734 Λᾶτερνὴσιον
2925 4659 3146 4730 λέγεται,
3195 4668 3400 4734 πρῶτος
3451 4669 3546 4722 τῆς
3603 4662 3787 4734 ὀρυγῆς
3821 4663 3886 4730 ἐρ·

2319 4767 2448 4822 χετο
2471 4769 2484 4780 ⁸

2318 4845 2410 4888 τοῦ
2467 4843 2660 4912 Κυρίου
2709 4839 2852 4908 ἡμῶν
2907 4837 3082 4894 Ἰησοῦ
3139 4843 3395 4910 Χριστοῦ.
3455 4837 3680 4894 Ἔπειτα
3731 4838 3882 4910 6,512?!-

2568 4753 2656 4800 καὶ
2740 4748 3022 4809 ἐκκλησίας
3087 4752 3246 4800 τύπον
3301 4745 3578 4822 διέγραφεν
3631 4751 3704 4812 είς
3765 4751 3884 4816 ὄνομα

2321 4927 2456 4994 ζετο,
2519 4930 2684 4980 πάντα
2711 4931 2828 4978 τινὰ
2855 4931 2924 5000 μὴ
2969 4927 3199 5001 εὐπόρως
3257 4929 3446 5000 ἔχοντα
3483 4931 3550 4980 τὰ
3591 4933 3882 5006 Χριστιανῶν

2319 5015 2549 5088 ἑλόμενον
2581 5057 2592 5082 ,
2626 5019 2692 5068 τὰ
2742 5035 2796 5068 τε
2853 5015 3164 5087 ἀναλώματα
3213 5021 3302 5068 καὶ
3347 5019 3440 5079 τὰς
3471 5017 3702 5078 ἐσθῆτας
3737 5019 3788 5072 ἐκ
3813 5021 3878 5064 τῶν

2321 5103 2606 5177 βασιλικῶν
2655 5109 2899 5176 ταμιείων
2965 5105 3295 5178 πορίζεσθαι.
3359 5109 3458 5160 Καὶ
3507 5107 3879 5184 μαρτυρούμινει
3953 5129 3971 5184 ιι

2318 5195 2418 5246 ὑπὸ
2477 5193 2700 5246 εὐλαϐῶν
2731 5190 2952 5270 ἀνδρῶν,
3003 5203 3092 5254 τῆς
3143 5197 3368 5268 χάριτος
3393 5195 3635 5258 ἠξιούντυ
3669 5215 3684 5228 .
3719 5199 3800 5248 ui
3841 5207 3878 5260 ἵε

2315 5293 2386 5356 τῷ
2439 5285 2653 5354 ἐνιαυτῷ
2693 5285 2818 5360 ὑπὲρ
2872 5281 3126 5354 χιλιαδας
3177 5280 3405 5350 δώδεκα,
3465 5283 3598 5342 πλὴν
3664 5301 3874 5358 γυναικνι

2315 5431 2407 5554 Est
2433 5433 2642 5556 tlenete.
2671 5448 2700 5476 ››
2729 5425 2994 5482 Gelasius
3025 5441 3186 5498 papa
3215 5427 3354 5482 dist.
3379 5431 3462 5493 15,
3497 5429 3728 5486 Sancta
3751 5428 3874 5484 Rom-

2369 5513 2434 5556 σε
2461 5514 2601 5556 esza.

2369 5513 2601 5562 εειεεια.
