4020 6218
141 224 284 287 1285
718 176 727 187 ⁸
970 254 975 263 ι
1182 216 1728 287 ECCLESIASTICA

1905 229 2149 289 ,ΤΟΗΙᾸΞ
2197 229 2335 287 LIB.
2376 220 2473 287 VII
2486 273 2501 288 .
3352 224 3492 292 1286

138 359 231 409 καὶ
279 349 530 425 παιδίων,
573 357 672 407 τῶν
713 349 1102 426 βαπτισθέντων
1140 352 1166 405 ὁ
1206 352 1428 427 ἀριθμὸς
1457 353 1725 427 ἐλογίζετο.

1959 381 1964 413 ι
2015 355 2222 426 millia,
2277 357 2381 430 qui
2440 356 2722 429 baptizati
2779 360 2936 428 sunt,
2995 357 3281 424 virorum,
3330 364 3546 443 extra‘

138 444 198 501 Ἦ
250 446 339 517 μὲν
394 437 482 495 οὖν
531 448 625 496 τοῦ
676 448 913 514 Χριστοῦ
965 446 1158 516 ποίμνη
1197 444 1495 517 καθημέραν
1551 446 1615 507 ὡς
1672 442 1725 500 εἰη

1915 444 2126 523 ulieres
2149 451 2204 505 et
2224 461 2463 517 pueros,
2481 447 2541 505 in
2562 447 2854 507 rationem
2872 447 3338 517 regenerationis
3361 451 3501 506 sunt

138 539 254 587 πεῖν
283 526 532 587 ἐπεδίδου
565 549 580 564 ·
631 534 697 586 τὰ
737 528 795 587 δε
848 540 947 585 τῶν
996 528 1221 589 εἰδώλων
1249 532 1456 607 ὑπέρρει
1490 535 1603 587 κατ’
1637 532 1725 587 ὁλί·

1913 533 2053 593 lata.
2088 537 2152 593 Et
2190 549 2333 607 grex
2360 535 2606 606 quidem
2636 534 2852 599 Christi
2889 536 3153 608 quotidie
3183 552 3500 609 propemo-

136 642 232 694 γον
282 626 369 677 καὶ
410 621 699 698 ἠφανίζετο.
741 626 842 677 Καὶ
898 617 964 681 δὴ
997 625 1092 680 τὴν
1133 621 1424 692 σύγκλητον
1454 621 1723 695 προσκαλι‹

1914 640 1997 681 im
2025 623 2390 683 incrementa
2413 639 2519 683 sua
2551 624 2828 696 capiebat
2856 643 2869 683 :
2902 624 3360 685 simulacrorum
3392 641 3501 684 au-

141 714 364 787 σάμενος
427 713 562 767 κατά
625 714 719 770 τὴν
796 708 1077 785 βασιλικὴν
1133 710 1406 784 λεγομένην
1484 710 1728 777 Ούλπίαν,

1914 728 1972 769 m
2006 711 2201 773 cultus
2241 710 2417 785 492
2459 711 2748 784 paulatim
2786 711 3041 772 diﬁluxit
3077 730 3148 772 ac
3185 713 3499 785 disparuit.

137 801 405 867 ἐθέσπιζον
463 800 726 877 εἰλικρινεῖ
779 797 1009 872 διανοίᾳ,
1054 802 1195 867 θεοὺς
1234 807 1327 854 τοῦ
1368 800 1551 857 λοιποῦ
1611 806 1724 873 μήτη

1915 816 2034 860 >rro
2065 805 2275 861 senatu
2306 801 2369 858 in
2395 799 2708 861 basilicam
2738 817 2874 874 quae
2907 802 3074 875 Ulpia
3102 802 3317 861 dicitur
3362 819 3502 861 con-

134 890 400 967 λέγεσθαι,
476 893 609 962 μήτε
680 892 1066 945 πιστεύεσθαι·
1127 887 1267 963 μηδι
1327 891 1428 964 γὰρ
1470 888 1599 947 εἶναι
1661 889 1720 942 ἂν

1915 895 2084 961 νόοιο,
2135 890 2368 952 sincera
2417 896 2615 949 mente
2659 893 2878 959 sanxit,
2923 906 2997 951 ne
3046 892 3122 951 de
3164 898 3378 952 caetero
3420 891 3502 949 dii

140 982 358 1052 θρώπων
418 980 561 1040 θεούς
593 998 606 1011 ’
665 976 966 1053 ἀνθρώπους
1007 974 1064 1035 δὲ
1108 977 1296 1051 μᾶλλον
1350 980 1494 1045 θεοὺς
1545 977 1727 1033 ἐκείνου

1920 996 1982 1037 se
2034 978 2123 1034 vel
2162 978 2519 1050 dicerentur,
2578 979 2671 1039 vel
2721 979 3102 1040 crederentur
3141 998 3155 1037 :
3198 997 3320 1039 non
3358 981 3504 1040 deos

136 1068 269 1123 εἶναι
297 1086 310 1098 ⁸
352 1066 586 1123 κάκεῖνον
625 1063 674 1121 δ’
717 1066 925 1141 ἐναργὲς
963 1064 1261 1140 ὑπόδειγμα
1298 1070 1535 1139 ἔχοντας,
1584 1086 1723 1137 προσ

1917 1069 2170 1129 iminum
2209 1084 2359 1140 esse,
2399 1068 2505 1128 sed
2539 1069 2740 1140 potius
2782 1069 3057 1129 homines
3086 1069 3231 1130 deos
3266 1070 3504 1129 illorum

134 1165 308 1213 κυνεῖν
374 1161 464 1212 καὶ
524 1155 689 1211 σέϐειν
741 1159 829 1211 τὸν
887 1158 1076 1231 Κύριον
1134 1157 1341 1213 Ἰησοῦν
1394 1148 1626 1229 Χριστόν
1678 1158 1717 1207 ὡ

1917 1173 1988 1217 se
2017 1158 2296 1221 dictitans
2328 1173 2340 1215 :
2376 1164 2433 1219 et
2464 1174 2601 1217 cum
2630 1174 2691 1217 se
2721 1158 2925 1231 ipsum
2951 1174 3022 1219 ea
3049 1158 3110 1218 in
3140 1174 3203 1217 re
3230 1164 3504 1231 apertum

138 1246 386 1309 ἀληθινὸν
444 1248 598 1312 Θεὸν,
668 1250 760 1302 καὶ
803 1248 852 1302 ἐν
911 1245 1152 1320 οὐρανοῖς
1209 1244 1584 1319 βασιλεύοντα,
1646 1251 1723 1301 Kac

1921 1247 2360 1319 anitestumque
2388 1245 2678 1307 haberent
2697 1247 3061 1318 exemplum,
3092 1252 3157 1307 ut
3186 1248 3506 1308 Dominum

134 1342 414 1415 τεκμήριον
466 1344 559 1393 τοῦ
606 1341 738 1412 μήτι
791 1344 884 1399 τῆς
938 1334 1167 1401 παλαιᾶς
1211 1337 1556 1410 ἰπισύρεσθαι
1618 1335 1721 1391 πλά

1923 1341 2127 1396 istrum
2155 1337 2359 1395 Jesum
2391 1334 2691 1396 Christum
2722 1341 2785 1392 ut
2810 1338 2997 1397 Deum
3020 1352 3230 1397 verum
3256 1342 3510 1395 certum-

134 1446 232 1489 νης
282 1428 369 1479 τὸν
408 1422 457 1481 έν
514 1432 585 1501 τῷ
622 1423 857 1496 παλατίῳ
915 1421 1116 1481 ἐδείκνυ
1153 1430 1296 1479 νεών.
1353 1422 1410 1478 Ὁ
1463 1420 1523 1478 δὲ
1580 1420 1721 1496 δῆμο

1922 1440 1972 1481 ie
1999 1425 2061 1484 in
2088 1424 2252 1485 scalis
2287 1429 2639 1495 regnantem
2670 1423 2990 1485 adorarent
3027 1431 3085 1487 et
3122 1425 3403 1486 colerent.
3441 1427 3509 1483 Et

135 1517 403 1588 ἐπεκρότει
452 1520 557 1577 τοῖς
616 1513 908 1589 εἰρημένοις
972 1521 1045 1583 τῷ
1093 1509 1341 1585 βασιλεῖ·
1384 1518 1474 1568 καὶ
1512 1516 1721 1585 τετράκι

1921 1532 1929 1570 ι
1976 1514 2110 1587 quis
2156 1513 2384 1586 aliquid
2429 1514 2647 1574 veteris
2696 1512 2912 1573 erroris
2957 1514 3123 1586 apud
3167 1530 3232 1573 se
3282 1514 3508 1575 haerere

135 1601 290 1670 δέκα,
343 1602 402 1657 ⁸0
452 1611 553 1658 τῶν
598 1609 927 1676 Χριστιανῶν
973 1605 1100 1663 Θεὸς
1150 1600 1392 1667 ἀληθινὸς
1422 1606 1550 1666 Θεὸς
1582 1601 1722 1657 ἐστιν

1921 1602 2147 1676 ιερὶοατὶ
2195 1606 2417 1675 posset,
2465 1602 2822 1661 sinceritatis
2862 1618 2986 1660 sum
3032 1603 3322 1663 indicium
3354 1608 3508 1662 tem~

131 1692 384 1749 ἐπεϐόων.
440 1693 559 1749 Ἐπὶ
629 1693 837 1753 τούτοις
915 1694 1101 1766 ἐκύρου
1184 1691 1418 1747 ἑκούσιον
1482 1691 1611 1748 εἶναι
1656 1712 1718 1748 κα

1922 1708 2015 1751 um
2070 1692 2132 1751 in
2181 1690 2409 1749 Palatio
2462 1707 2643 1751 suum
2692 1690 2967 1752 ostendit.
3017 1690 3277 1763 Populus
3328 1707 3509 1764 porro

130 1786 212 1854 μὴ
267 1784 764 1855 κατηναγκασμένον
822 1783 881 1833 τὸ
928 1777 1209 1854 βάπτισμα
1237 1797 1250 1809 ·
1292 1784 1382 1836 και
1437 1785 1509 1852 μὴ
1554 1779 1717 1853 ἀνθρω

1928 1780 2209 1851 tjusmodi
2236 1779 2614 1853 imperatoris
2635 1779 2809 1840 dictis
2834 1779 3234 1852 applaudens,
3257 1781 3515 1857 quadra-

130 1874 271 1943 πίνῳ
311 1868 449 1944 φόϐῳ
500 1877 560 1943 τῇ
623 1868 838 1945 λατρείᾳ
874 1872 1151 1941 προσιέναι
1183 1887 1196 1900 ·
1240 1867 1367 1925 ἀλλὰ
1399 1874 1624 1945 σώφρονι
1665 1869 1717 1921 λο

1931 1868 2047 1929 sies
2078 1868 2551 1931 Christianorum
2592 1872 2779 1929 Deum
2807 1885 3019 1931 verum
3047 1871 3235 1929 Deum
3262 1887 3394 1930 esse
3418 1886 3513 1929 ex-

130 1967 319 2033 γισμῷ
371 1966 444 2033 τῷ
486 1960 602 2030 θείῳ
642 1957 918 2032 καταλόγῳ
996 1958 1383 2029 συζεύγνυσθαι
1438 1960 1525 2010 τὸν
1574 1960 1717 2032 αἰρού

1929 1958 2156 2019 imavit.
2194 1957 2506 2017 Constituit
2537 1963 2844 2030 presteres,
2870 1959 3275 2019 voluntarium
3306 1966 3364 2017 et
3392 1975 3516 2019 non

131 2067 308 2120 μενον.
364 2049 519 2123 Χαρὰ
569 2042 658 2100 οὖν
710 2046 935 2123 οἷῤῥητος
977 2045 1194 2122 εἰσέῥρει
1232 2049 1300 2101 τὰ
1334 2044 1535 2114 πλήθη,
1575 2049 1716 2104 τοιού

1930 2053 2130 2105 actum
2167 2046 2541 2118 baptismum
2589 2064 2719 2109 esse
2756 2065 2770 2102 :
2812 2064 3009 2120 neque
3051 2053 3213 2108 metu
3244 2050 3514 2109 humano

131 2156 232 2193 του
285 2142 444 2209 νόμου
505 2132 966 2209 διαφοιτῆσαντος,
1022 2133 1229 2211 μηδένα
1279 2137 1474 2189 ἄκοντα
1511 2135 1587 2208 ἐφ’
1650 2135 1718 2191 iri

1925 2137 1930 2195 |
1988 2135 2457 2195 Christianorum
2511 2135 2739 2197 cultum
2788 2153 3162 2209 quamquam
3207 2138 3512 2206 accedere,

130 2246 235 2300 ραν
288 2230 430 2287 ἣκειν
492 2228 795 2301 θρησκείαν.
836 2226 1186 2299 Ἐκοσμοῦντο
1225 2227 1314 2296 μὲν
1359 2221 1445 2279 οὖν
1488 2227 1581 2279 σὺν
1630 2231 1717 2279 ταί

1933 2242 2067 2285 rum
2097 2225 2418 2293 volentem,
2452 2230 2620 2285 casto
2652 2230 3010 2299 maturoque
3051 2228 3320 2293 consilio,
3346 2244 3516 2286 sacro

131 2315 447 2380 ἓκκλησίαις
501 2318 566 2370 τὰ
618 2323 718 2371 τῶν
770 2314 929 2385 ἁγίων
976 2322 1204 2388 μνημεῖα
1238 2334 1252 2348 ο
1308 2316 1501 2371 καὶτὰ
1539 2316 1718 2387 θυμηρ

1932 2331 2097 2375 orum
2140 2331 2393 2373 numero
2421 2317 2735 2385 aggregari
2760 2314 2998 2375 debere.
3032 2317 3233 2389 Itaque
3262 2317 3519 2376 incredi-

131 2404 478 2481 ἐϐράϐεύοντο
517 2412 632 2469 τοῖς
669 2406 718 2459 ἓν
758 2401 934 2476 ἐξορίᾳ
964 2420 977 2432 °
1012 2408 1101 2457 καὶ
1129 2409 1231 2466 πᾶς
1254 2422 1334 2466 τις
1379 2407 1609 2461 Χπιστόν
1635 2405 1718 2475 όμι

1931 2404 1998 2464 lis
2026 2404 2085 2459 in
2106 2404 2332 2475 populo
2358 2404 2467 2464 fuit
2487 2403 2709 2473 laetitia,
2731 2403 2861 2474 lege
2886 2420 2958 2463 ea
2993 2405 3325 2477 publicata;
3351 2407 3518 2479 quod

128 2494 303 2571 λαγῶν
330 2494 472 2570 φίλος
489 2502 560 2567 τῷ
585 2500 864 2569 κρατοῦντι
893 2491 1290 2567 ἀνεκηρύττετο.

1937 2509 2037 2553 mo
2064 2498 2275 2553 contra
2309 2493 2495 2553 animi
2530 2492 2619 2551 sui
2653 2494 3009 2553 sententiam
3049 2495 3126 2554 ad
3167 2495 3349 2555 aliam
3387 2496 3520 2553 reli.

130 2585 385 2655 gionem
432 2582 893 2659 pertraheretur.
930 2583 1088 2641 Cum
1137 2582 1399 2641 ecclesiis
1440 2581 1589 2654 ipsis
1629 2588 2027 2643 monumenta
2067 2586 2413 2641 sanctorum
2465 2582 2941 2650 exornabantur,
2991 2590 3284 2657 grataque
3327 2590 3383 2643 et
3430 2601 3526 2642 ac-

133 2678 317 2745 cepta
353 2672 415 2733 in
459 2671 732 2731 exsilium
760 2671 907 2729 actis
941 2671 1196 2746 praemia
1220 2670 1737 2732 constituebantur
1783 2688 1796 2726 :
1843 2677 1899 2733 et
1922 2671 2272 2744 quicunque
2309 2670 2610 2733 Christum
2640 2671 3038 2744 proﬁteretur,
3069 2672 3119 2731 is
3148 2673 3381 2732 amicus
3407 2674 3522 2733 im-

129 2762 436 2837 peratoris
473 2776 605 2818 esse
636 2759 1155 2834 promulgabatur.

741 2913 985 2966 ΚΕΦΑΛ.
1029 2908 1153 2965 ΛΕ’.

2470 2912 2696 2973 CAPUT
2718 2915 2911 2973 XXXV.

132 3002 581 3078 ’Avriﬁﬁna};
635 3003 814 3078 πρὸς
866 3003 1014 3078 τούς
1048 2999 1353 3078 λέγοντας
1392 2997 1719 3078 ύστερονὲ

1932 3000 2171 3078 είιιιαῑίο
2189 3015 2389 3078 eorum
2405 3002 2509 3078 qui
2528 3002 2839 3078 dixerunt,
2852 3007 3054 3078 postea
3068 3004 3519 3078 Constantinum

216 3070 1145 3147 Nriepnd‘rig'ﬁsﬁanriaeai
1191 3075 1296 3147 τόν
1344 3070 1569 3147 μεγανζ
1600 3078 1759 3125 Κων-

1938 3070 2302 3147 Νίιδοηιειίίειτι⁸
2316 3073 2399 3147 cli
2414 3070 2683 3147 'Arianis
2708 3070 2836 3147 esse
2852 3070 3250 3147 baptizatum,
3283 3079 3337 3131 et
3364 3076 3524 3147 quod

219 3139 582 3201 σταν’τίνον
630 3139 764 3197 ’ὑπὸ
814 3144 1152 3216 ⁹Αριιοινῶν
1182 3160 1195 3177 ·
1244 3139 1501 3195 mea“
1539 3139 1607 3199 δὲ
1652 3147 1759 3195 καὶ

1939 3148 2185 3213 propter
2209 3144 2324 3211 ﬁlii
2366 3144 2562 3214 Crispi
2589 3145 2805 3201 caedem
2847 3139 3392 3204 Christianismum
3427 3163 3526 3204 as-

217 3222 289 3277 τὰ
354 3223 790 3290 Χριστιανῶν
854 3213 966 3268 διὰ
1030 3219 1135 3269 τὸν
1217 3219 1399 3286 φόνον
1459 3223 1568 3268 τοῦ
1615 3217 1760 3271 υἱοῦ

683 3223 790 3271 νῶν
854 3213 966 3268 διὰ
1030 3219 1135 3269 τὸν
1217 3219 1399 3286 φόνον
1459 3223 1568 3268 τοῦ
1615 3217 1760 3271 υἱοῦ
1938 3216 2270 3285 sumpserit.

214 3294 535 3347 Κρίσπον.

218 3387 313 3434 Οτι
369 3398 429 3451 γε
486 3381 590 3453 μὴν
623 3379 719 3429 ἐπὶ
779 3374 984 3451 Ῥώμης
1040 3377 1139 3426 ὑπὸ
1192 3373 1477 3451 Σιλϐέστρῳ
1531 3382 1603 3445 τῷ
1646 3376 1763 3447 θείῳ

1944 3377 2116 3442 Quod
2146 3384 2347 3437 autem
2374 3379 2576 3435 Romae
2597 3394 2632 3438 a
2650 3377 2951 3450 Sylvestro
2978 3386 3247 3437 sacratus
3271 3383 3328 3438 et
3351 3380 3527 3439 divus

136 3473 166 3524 ὁ
215 3473 350 3543 ἱερὸς
403 3471 795 3531 Κωνσταντῖνος
873 3462 1190 3537 βαπτίζεται
1241 3466 1372 3537 μετὰ
1441 3468 1532 3522 τὴν
1569 3464 1723 3525 Μαξεπ

1941 3466 2302 3525 ωειιωιὶιιυε
2332 3466 2668 3537 baptizatus
2703 3468 2798 3533 sit,
2823 3473 2959 3538 post
2985 3468 3255 3527 Maxentii
3284 3483 3528 3539 oppres-

134 3566 258 3613 τίου
308 3556 591 3615 κατάλυσιν
639 3562 712 3629 τῷ
768 3560 1047 3631 σταυρικῷ
1105 3556 1304 3625 σημείῳ
1356 3551 1644 3630 ἀνακράτος
1691 3573 1716 3601 ν

1941 3570 2125 3621 )nem,
2166 3554 2272 3625 qui
2308 3554 2627 3612 fortissime
2667 3555 2781 3613 sub
2810 3556 2982 3624 signo
3022 3557 3213 3615 crucis
3252 3561 3341 3616 est
3366 3556 3528 3616 devi-

132 3651 443 3721 νικημένου,
501 3642 736 3701 δείκνυσι
801 3646 897 3694 καὶ
940 3642 965 3697 ὁ
1012 3641 1317 3714 βαπτιστὴρ
1366 3639 1449 3695 ἐπὶ
1488 3640 1719 3714 Ῥώμην(

1940 3659 2022 3706 us,
2038 3642 2181 3703 satis
2195 3642 2910 3715 ostenditbaptisterium,
2926 3644 3092 3715 quod
3105 3644 3183 3702 ad
3200 3644 3316 3705 hoc
3331 3660 3527 3721 usque

140 3735 306 3811 δεῦρο
359 3737 666 3815 παραμένων
711 3739 801 3785 τοῦ
877 3734 1096 3807 χρόνου,
1150 3730 1220 3791 εἰς
1271 3722 1563 3804 μαρτυρίαν
1615 3728 1727 3801 ἁκρι

1939 3746 2113 3807 mpus
2138 3729 2267 3805 ejus
2295 3728 2381 3789 rei
2402 3731 2593 3801 gratia
2613 3731 2670 3789 in
2690 3731 3100 3791 testimonium
3125 3732 3526 3793 certissimum

142 3827 442 3880 ϐέστατον·
504 3825 574 3886 ὡς
634 3817 838 3898 ἀνδρῶν
921 3817 1294 3895 πρεσϐυτέρων
1359 3820 1498 3869 ἔστιν
1561 3815 1729 3869 ἀκούει

1942 3835 2079 3879 imae
2117 3824 2459 3879 asservatur
2494 3835 2509 3873 :
2541 3818 2713 3879 sicuti
2744 3818 2861 3879 hoc
2896 3821 2971 3879 de
3009 3821 3149 3880 viris
3179 3826 3324 3883 natu
3350 3837 3529 3892 gran-

140 3919 269 3991 περὶ
321 3912 508 3966 πολλοῦ
592 3914 916 3983 ποιουμένων
991 3906 1255 3966 ἀλήθειαν.
1309 3902 1511 3964 Μηδενὶ
1568 3903 1627 3961 δε
1675 3903 1727 3958 δι

1942 3907 2174 3971 oribus.
2203 3906 2310 3983 qui
2338 3908 2665 3967 vertitatem
2703 3909 2955 3969 maximi
2988 3908 3234 3977 faciunt,
3263 3910 3524 3971 auditur.

146 4007 418 4078 θαύματος
470 4004 628 4072 ἔστω,
691 4000 735 4052 εἰ
791 4002 893 4073 πρό
942 4004 1034 4049 τοῦ
1097 3994 1467 4074 βαπτίσματος
1523 3997 1733 4055 τοιαύτη

1939 3996 2105 4055 amini
2146 4012 2284 4057 vero
2323 3996 2540 4055 mirum
2585 3996 2773 4057 videri
2811 3997 3006 4064 debet,
3039 3999 3205 4072 quod
3244 4004 3381 4061 ante
3418 3998 3526 4059 ba-

144 4095 473 4169 ηύμοίρησεν
544 4091 569 4145 ὁ
624 4091 961 4163 πανεύφημος
1034 4088 1286 4161 χάριτος,
1344 4087 1412 4149 ὡς
1461 4092 1625 4159 φωνῆς
1678 4088 1731 4157 μὶ

1947 4086 2167 4146 ismum
2181 4084 2633 4146 laudatissimus
2647 4086 2925 4158 princeps
2937 4090 3102 4146 tanta
3113 4088 3303 4158 gratia
3313 4088 3533 4161 dignus

149 4186 290 4247 θείας
329 4181 377 4235 ἰν
419 4178 619 4255 μεθέξει
661 4179 923 4252 γενέσθαι,
962 4180 1053 4228 καὶ
1099 4178 1186 4226 τὸν
1233 4178 1406 4247 τίμιον
1458 4181 1551 4226 τοῦ
1609 4193 1736 4232 σταυ

1944 4174 2174 4233 dicatus
2200 4175 2289 4244 sit,
2322 4178 2385 4231 ut
2407 4173 2675 4234 divinam
2704 4190 2916 4235 vocem
2942 4176 3021 4235 ad
3050 4192 3111 4235 se
3133 4177 3393 4237 delatam
3426 4193 3529 4239 au-

147 4279 247 4346 ροῦ
310 4273 470 4323 τύπον
528 4268 576 4320 ἐν
623 4267 825 4341 οὐρανῷ
877 4260 1132 4329 κατιδεῖν,
1207 4271 1307 4317 τῶν
1361 4281 1415 4315 τε
1483 4265 1628 4315 θείων
1680 4282 1734 4314 κο

1945 4269 2049 4329 ret,
2079 4270 2143 4319 ut
2165 4263 2573 4321 venerandam
2601 4263 2794 4321 crucis
2817 4263 3075 4323 formam
3101 4265 3161 4326 in
3194 4265 3343 4324 cmlo
3370 4265 3532 4325 vide-

151 4365 304 4439 ἱερῶν
358 4358 659 4412 ἀποστόλων
714 4361 911 4430 Πέτρου
967 4358 1057 4405 καὶ
1115 4352 1321 4405 Παύλου
1376 4356 1496 4415 τοὺς
1550 4355 1738 4405 σεπτού

1944 4358 1984 4419 t,
2016 4359 2200 4427 utque
2228 4352 2615 4412 honorandas
2644 4352 2920 4413 divorum
2950 4361 3006 4410 et
3048 4370 3356 4415 sacrorum
3388 4370 3530 4431 apo-

145 4457 505 4524 χοιρακτῆρας
556 4447 848 4499 θεάσασθαι
880 4461 894 4474 ·
949 4446 1040 4495 καὶ
1095 4444 1196 4519 γὰρ
1229 4443 1420 4494 ἄνωθεν
1460 4445 1545 4493 τὸν
1584 4446 1732 4517 τρόπι

1944 4441 2170 4501 olorum
2198 4442 2351 4500 Petri
2380 4446 2436 4497 et
2466 4439 2626 4499 Pauli
2648 4441 2942 4511 imagines
2964 4448 3275 4515 spectaret.
3291 4443 3531 4501 Dudum

146 4541 471 4611 Χριστιανὸς
528 4534 611 4603 ἧν,
658 4539 749 4587 καὶ
800 4533 849 4585 ἐν
907 4540 1019 4599 τοῖς
1057 4532 1303 4605 οὐρανοῖς
1356 4535 1414 4583 τὸ
1467 4535 1629 4609 ὄνομα
1674 4530 1733 4582 ἔνι

1947 4531 2040 4589 tim
2071 4534 2250 4591 antea
2288 4529 2547 4587 moribus
2588 4529 2953 4591 Christianus
2983 4530 3194 4597 fuerat,
3224 4538 3281 4591 et
3309 4546 3534 4592 nomen

146 4630 354 4704 γράφη.
407 4630 508 4680 Καὶ
554 4626 619 4677 τὰ
658 4629 855 4697 σημεῖα
897 4622 956 4675 ού
1008 4628 1118 4687 τοῖς
1149 4619 1396 4686 ἀπίστοις
1441 4624 1614 4692 μόνον,
1647 4617 1733 4671 ἀλλ

1946 4635 2011 4675 us
2056 4619 2119 4679 in
2161 4618 2324 4679 cmlis
2372 4618 2659 4691 scriptum
2713 4624 2861 4677 erat.
2912 4622 2976 4676 Et
3015 4636 3137 4679 non
3187 4620 3533 4679 inﬁdelibus

148 4722 398 4778 καὶτοῖς
438 4716 756 4769 πιστεύουσι
816 4707 1204 4764 διαδείκνυται.
1257 4711 1325 4761 Oi
1369 4728 1430 4780 γε
1484 4713 1587 4780 μὴν
1638 4728 1735 4760 κατ

1950 4714 2134 4773 ntum,
2165 4708 2265 4765 sed
2301 4711 2358 4767 et
2387 4707 2769 4767 credentibus
2809 4708 2982 4778 signa
3015 4708 3390 4771 exhibentur.
3424 4707 3537 4773 Qui

146 4810 252 4865 τὴν
276 4803 380 4858 Ἕω
411 4805 479 4855 τὰ
508 4802 712 4876 Ἀρείου
755 4799 919 4853 πάλαι
956 4804 1306 4872 φρονήσαντες
1350 4796 1399 4849 ἐν
1442 4792 1733 4871 Νικομηδεί

1952 4796 2060 4871 93
2103 4797 2164 4857 in
2209 4797 2441 4855 Oriente
2478 4796 2623 4857 olim
2666 4797 2899 4857 Arianae
2946 4803 3119 4857 sectae
3164 4798 3349 4863 fuere,
3389 4799 3539 4855 Con-

146 4903 344 4950 τοῦτον
422 4896 708 4969 ἱστόρησαν
779 4893 879 4946 ὑπὸ
944 4887 1201 4943 Εὗσεϐίον
1265 4894 1357 4938 τοῦ
1413 4882 1733 4957 Νικομηδείο

1951 4887 2213 4945 anticum
2256 4885 2615 4945 Nicomediae
2656 4886 2734 4945 ab
2776 4885 3030 4945 Eusebio
3058 4886 3190 4958 ejus
3224 4887 3388 4947 urbis
3417 4884 3538 4957 epi-

148 4988 293 5061 πρός
342 4968 559 5036 θάνατον
600 4983 851 5054 γεγονότα
878 4981 937 5030 τὸ
980 4976 1266 5050 βάπτισμα
1309 4968 1583 5042 δέξασθαι.
1638 4974 1735 5026 Ἀνι

1954 4989 2073 5049 opo
2091 4974 2216 5045 jam
2241 4974 2596 5033 moriturum
2622 4974 2995 5045 baptismum
3024 4974 3384 5047 suscepisse,
3398 4991 3541 5047 pro-

152 5059 377 5129 ϐάλλετο
404 5074 529 5146 γὰρ,
579 5075 732 5143 φησὶ,
790 5071 848 5120 τὸ
904 5065 1189 5140 βάπτισμα
1236 5067 1284 5117 ἐν
1316 5074 1382 5139 τῷ
1414 5059 1655 5138 Ἰορδάνῃ
1684 5081 1739 5115 πε

1951 5062 2165 5123 derunt
2215 5064 2292 5135 (l)
2334 5079 2348 5116 :
2396 5070 2710 5136 propterea
2762 5079 2900 5121 eum
2953 5079 3193 5123 sacrum
3232 5064 3538 5125 lavacrum

151 5170 313 5237 ταμῷ
371 5158 791 5237 διαπράξασθαι.
874 5162 1039 5209 Τοῦτο
1119 5151 1178 5209 δὲ
1240 5154 1450 5207 αὐτόθεν
1522 5155 1635 5225 ἔχει
1689 5155 1738 5207 τὸ

1958 5150 2189 5211 stulisse
2214 5152 2500 5221 dicentes,
2533 5151 2697 5226 quod
2724 5151 2785 5210 id
2816 5152 2876 5211 in
2910 5152 3170 5211 Iordane
3203 5152 3387 5213 ﬂuvio
3414 5169 3545 5224 per-

155 5253 378 5323 ἔλεγχον
411 5267 424 5282 ·
485 5252 545 5302 τὸ
591 5251 692 5320 γὰρ
750 5244 961 5321 ἀκριϐες
1010 5246 1057 5294 ἓν
1097 5247 1267 5315 Ῥώμῃ
1318 5243 1416 5294 ὑπὸ
1468 5240 1739 5313 Σιλϐέστρο

1962 5256 2058 5296 ere
2084 5241 2358 5297 voluerit.
2390 5241 2448 5296 ld
2481 5256 2621 5296 vero
2651 5256 2720 5296 ex
2756 5256 2825 5296 eo
2853 5240 3024 5297 facile
3052 5241 3353 5309 refellitur,
3378 5241 3544 5315 quod

160 5341 324 5395 αὐτὸν
383 5336 742 5413 βαπτισθῆναι
770 5337 801 5394 ἡ
853 5332 1147 5391 Ἐκκλησία
1193 5333 1459 5407 κηρύττει.
1513 5333 1612 5387 Καὶ
1640 5335 1747 5382 πᾶσ

1955 5329 2142 5390 :clesia
2178 5346 2215 5386 a
2261 5329 2555 5401 Sylvestro
2585 5345 2724 5385 eum
2764 5331 2966 5387 Romae
3008 5330 3379 5405 baptizatum
3413 5347 3542 5387 esse

240 5466 320 5541 (1)
361 5486 390 5518 ‹‹
431 5467 510 5547 pc
540 5456 1774 5547 eju‘s‘baptismateAutiAvgrientauctores,
1885 5453 2318 5547 gumieruntur,
2338 5453 2419 5511 uti
2441 5453 2643 5514 minus
2664 5452 2884 5513 similia
2898 5454 3042 5521 veri,
3064 5470 3186 5513 non
3208 5455 3483 5529 probant.
3509 5475 3540 5510 ιο

163 5528 260 5599 sic
290 5528 591 5595 constanti
612 5534 753 5600 ﬁde,
781 5528 918 5607 quae
947 5531 1022 5587 de
1055 5528 1290 5600 imperii
1324 5528 1649 5584 donatione
1671 5528 1774 5583 cir-
1886 5528 2097 5596 Egnat.
