4016 6224
525 263 669 326 ¹1287

1833 258 2218 324 NICEPHOBI
2257 255 2575 320 CALLISTI
3729 269 3810 328 ω

520 401 682 452 certo
709 395 1014 468 praedicat.
1039 399 1412 469 Quapropter
1435 399 1717 452 testatum
1739 396 2020 452 omnibus
2041 409 2172 450 esse

2289 389 2714 463 διαμαρτύρομαι
2759 389 2898 443 τοῦτ’
2956 387 3183 463 ἀσφαλὲς
3235 395 3323 443 καὶ
3395 391 3602 444 οἴεσθαι
3649 399 3727 445 καὶ

517 485 678 552 volo,
727 491 789 541 ut
829 486 944 542 hoc
993 487 1075 540 sic
1121 487 1298 542 etiam
1347 485 1459 556 ipsi
1507 491 1630 540 tuto
1671 491 1726 540 et
1772 486 2092 556 opinentur
2117 489 2173 540 et

520 577 789 631 credant.
843 575 1039 630 Ariani
1091 576 1252 630 enim
1295 575 1452 630 male
1496 574 1833 638 sentientes,
1879 574 2082 629 animo
2116 579 2173 628 et

519 666 766 720 consilio
823 664 1126 720 diabolico
1185 665 1300 719 hoc
1364 664 1756 728 cotinxerunt,
1808 679 1928 718 non
1969 667 2170 719 Romae

519 754 892 825 baptizatum
957 770 1094 808 eum
1161 769 1290 808 esse
1352 759 1702 819 asserentes,
1767 758 1870 808 aut
1921 753 2172 808 fortasse

521 843 734 898 eadem
763 859 902 898 cum
927 842 1038 898 illis
1069 843 1324 898 sensisse
1353 849 1704 908 astruentes,
1725 842 1973 914 perinde
1995 848 2170 912 atque

520 931 599 986 ab
637 931 776 1002 ipsis
815 938 1131 1004 propterea
1166 931 1450 1003 baptismi
1489 933 1743 1001 gratiam
1791 931 2112 1003 susceperit
2154 945 2168 984 :

518 1020 684 1092 quod
729 1020 1118 1076 absurditatis
1157 1027 1214 1076 et
1245 1020 1544 1076 mendacii
1573 1021 1819 1092 plenum
1849 1027 1952 1076 est.
2002 1019 2172 1085 Quod

522 1110 572 1164 si
602 1111 759 1164 enim
793 1111 1065 1164 nondum
1107 1109 1260 1164 sacri
1299 1109 1520 1165 lavacri
1549 1109 1847 1181 particeps
1875 1109 2001 1176 fuit,
2034 1125 2172 1166 con-

521 1199 789 1269 sequitur
818 1214 954 1254 eum
1003 1213 1199 1269 neque
1237 1199 1298 1252 in
1343 1198 1584 1255 Nicaena
1613 1200 1851 1270 synodo
1891 1215 2028 1253 cum
2069 1199 2173 1254 Pa-

521 1287 714 1342 tribus
744 1303 1130 1356 congressum
1155 1303 1305 1356 esse,
1327 1293 1384 1342 et
1404 1303 1543 1343 cum
1565 1287 1647 1342 eis
1666 1288 1872 1343 divina
1892 1289 2174 1359 mysteria

519 1391 641 1430 non
691 1376 1098 1447 participasse.
1143 1375 1458 1441 Quomodo
1507 1393 1648 1432 vero
1693 1377 1860 1432 aliter
1895 1377 2173 1432 benedic-

525 1467 681 1520 tione
711 1480 918 1519 eorum
954 1463 1176 1534 dignus
1209 1469 1519 1535 reputatus
1551 1471 1722 1532 esset,
1755 1471 1811 1520 et
1839 1466 2174 1520 communis

523 1569 744 1608 mensae
791 1553 1088 1624 particeps
1137 1552 1336 1607 fuisset
1379 1553 1406 1607 ?
1457 1554 1624 1609 sicuti
1674 1553 1923 1609 historia
1975 1555 2171 1609 tradit.

525 1644 741 1697 Verum
791 1642 987 1696 Ariani
1042 1641 1287 1712 quidem
1329 1642 1459 1696 hinc
1498 1643 1581 1697 sic
1618 1641 1848 1708 ludant,
1881 1659 1992 1698 nos
2035 1659 2174 1698 vero

2283 484 2499 534 στεύειν.
2535 481 2598 532 Οἱ
2637 482 2738 554 γὰρ
2779 479 2831 542 ἐξ
2870 479 3072 552 Ἀρείου
3123 489 3299 542 κακῶς
3338 477 3674 552 διακείμενοι,
3699 495 3816 536 του-ἓ-

2278 589 2344 622 τα
2389 573 2443 622 ἐκ
2490 566 2876 640 κακοδαίμονος
2920 567 3158 632 διανοίας
3201 568 3513 638 ἀνέπλασαν,
3564 569 3820 625 ἀϐάπτιστςι

2281 659 2435 710 αὐτόν
2485 659 2872 730 ἀποφαίνοντες,
2927 663 2956 717 ἣ
3005 663 3134 720 ἴσως
3183 663 3248 710 τά
3298 662 3391 711 ἶσα
3431 667 3628 732 φρονεῖν
3671 659 3826 723 ἐκείνοις

2281 752 2432 800 αὐτόν
2494 752 2920 820 μνηστευόμενοι,
2980 750 3047 809 ὡς
3106 747 3161 811 ἐξ
3209 747 3409 801 ἐκείνων
3465 753 3558 808 τὴν
3597 751 3742 824 χάριν
3769 763 3828 803 τον

2281 835 2648 910 βαπτίσματος
2695 837 2960 909 εἰληφότα.
3016 836 3179 910 Ὀπερ
3241 837 3460 898 ἀτοπίας
3511 843 3600 890 καὶ
3649 837 3832 908 ψεύδους

2281 928 2591 998 ἀνάμεστον.
2644 926 2702 980 Εἰ
2741 930 2844 1002 γὰρ
2877 930 3020 980 οὔπω
3051 934 3143 979 τοῦ
3190 929 3330 980 θείου
3375 933 3598 999 μετέσχε
3637 927 3832 1002 λούτρον,

2283 1021 2565 1086 συνάγεται
2619 1011 2751 1087 μηδ’
2805 1019 2853 1067 ἐν
2893 1023 2954 1088 τῇ
3014 1019 3149 1068 κατά
3187 1021 3412 1070 Νίκαιαν
3445 1013 3648 1088 συνόδῳ
3695 1025 3838 1092 cru-25'9-

2281 1107 2481 1177 χεσθαι
2537 1113 2647 1166 τοῖς
2726 1108 2988 1179 Πατράσι,
3045 1111 3134 1158 καὶ
3213 1114 3315 1157 τῶν
3373 1109 3519 1158 θείων
3579 1113 3838 1180 μυστηρίων

2283 1194 2462 1256 αὐτοῖς
2526 1202 2804 1248 κοινωνεῖν.
2867 1201 2980 1254 Πῶς
3031 1192 3091 1246 δὲ
3165 1195 3402 1266 εὐλογίας
3459 1194 3664 1257 ἐκείνοις
3713 1216 3840 1252 xam-

2283 1283 2457 1345 ξιοῡτο
2510 1289 2600 1335 καὶ
2649 1291 2830 1344 κοινῆς
2881 1289 3092 1355 μετεῖχε
3147 1285 3431 1358 τραπέζης,
3486 1286 3558 1347 ὡς
3597 1287 3624 1343 ἠ
3673 1287 3842 1358 ἱστορία

2281 1369 2596 1444 παρέδωκε;
2659 1373 2793 1426 Ἀλλ’
2847 1375 3103 1443 Ἀρειανοὶ
3157 1377 3248 1444 μὲν
3301 1382 3465 1426 ταυτα
3505 1379 3840 1434 παιςέτωσαν·

2283 1464 2434 1532 ἡμεῖς
2484 1458 2542 1513 δὲ
2579 1471 2674 1523 τῆς
2717 1464 2954 1534 ἱστορίας
3009 1462 3274 1534 ἐχώμεθα.
3327 1463 3437 1515 Οὐκ
3489 1462 3653 1533 ἀγνοῶ
3678 1483 3730 1534 γε
3761 1469 3842 1535 μὴν

2283 1550 2435 1601 καὶᾶ
2467 1561 2851 1622 συκοφαντοῦσι
2893 1555 2978 1602 τόν
3035 1557 3423 1603 Κωνσταντῑνον
3471 1551 3719 1613 Ἕλληνες.
3763 1559 3844 1606 Καὶ

2282 1641 2384 1711 γὰρ
2443 1644 2534 1690 καὶ
2591 1639 2735 1691 οὗτοί
2794 1659 2974 1711 φασιν,
3028 1642 3096 1700 ὡς
3153 1644 3240 1692 τόν
3291 1647 3686 1707 Κωνσταντὶνον,
3729 1645 3844 1702 τινὰς

524 1731 603 1786 ad
627 1731 936 1786 historiam
961 1736 1350 1786 revertamur.
1380 1733 1582 1803 Neque
1613 1748 1756 1788 sane
1777 1733 2008 1802 ignoro,
2041 1749 2176 1804 quae

2289 1737 2355 1798 τῷ
2406 1733 2540 1799 γένει
2581 1734 2944 1802 προσήκοντας
2991 1729 3252 1794 ἀνελόντα,
3309 1735 3531 1802 Κρίσπῳ
3575 1749 3626 1782 τε
3661 1739 3725 1800 τῷ
3767 1733 3842 1800 υἱῷ

524 1821 704 1876 etiam
759 1819 1004 1890 gentiles
1055 1835 1160 1890 per
1203 1820 1661 1891 sycophantiam
1711 1827 1767 1876 et
1811 1821 2174 1876 calumniam

525 1909 777 1964 crimina
821 1907 1206 1963 Constantino
1245 1909 1605 1979 impingant.
1634 1909 1843 1965 Dicunt
1867 1911 2026 1964 enim
2069 1910 2174 1974 illi,

526 1997 999 2065 Constantinum,
1040 1998 1199 2068 quod
1241 1997 1542 2068 quosdam
1582 1997 1693 2052 sibi
1732 1998 2177 2070 propinquitate

523 2090 581 2142 et
657 2087 948 2155 sanguine
1014 2085 1252 2156 junctos
1315 2086 1729 2153 interemisset,
1792 2093 1849 2142 et
1905 2089 2178 2159 Crispum

523 2174 714 2230 ﬁlium
759 2191 935 2230 suum
980 2191 1168 2230 manu
1211 2191 1322 2230 sua
1367 2176 1705 2240 occidisset,
1747 2191 1924 2247 quem
1962 2179 2180 2232 Fausta

527 2280 806 2326 noverca,
855 2265 1028 2334 quasi
1052 2263 1214 2318 illam
1273 2263 1348 2320 de
1399 2264 1626 2319 incesto
1685 2271 1889 2336 stupro
1923 2266 2179 2336 compel-

525 2353 722 2418 lasset,
757 2353 921 2424 apud
951 2359 1184 2425 patrem
1205 2353 1500 2419 detulerit,
1533 2354 1878 2425 paenitentia
1907 2355 2177 2418 ductum,

522 2459 662 2498 cum
694 2443 945 2513 Sopatro
985 2441 1364 2512 philosopho,
1404 2441 1510 2512 qui
1549 2449 1676 2497 tum
1718 2442 1926 2497 Plotini
1957 2443 2179 2499 schola

526 2537 799 2603 praeerat,
831 2531 905 2586 de
935 2530 1284 2586 lustralibus
1325 2531 1783 2602 purgationibus
1821 2533 2176 2600 contulisse;

523 2621 814 2693 illumque
841 2619 1241 2691 respondisse,
1271 2621 1571 2674 neminem
1603 2635 1847 2691 prorsus
1877 2627 2181 2677 tantarum

524 2710 1008 2780 inquinationum
1036 2709 1345 2780 reliquisse
1374 2709 1795 2780 expiationem.
1821 2712 2088 2782 Cumque
2110 2726 2182 2766 ea

526 2799 600 2854 de
641 2814 827 2854 causa
855 2799 916 2852 in
957 2800 1222 2854 maxima
1260 2805 1417 2853 esset
1457 2797 1857 2854 sollicitudine
1896 2806 1952 2854 et
1981 2800 2181 2855 anxie-

527 2894 664 2954 tate,
711 2889 770 2942 in
819 2888 1286 2942 Christianorum
1339 2887 1658 2960 episcopos
1703 2904 1842 2943 eum
1881 2889 2178 2958 incidisse,

530 2977 634 3048 qui
679 2977 762 3032 illi
806 2976 1048 3048 polliciti
1095 2978 1230 3046 sint,
1281 2993 1386 3048 per
1428 2978 1802 3049 baptismum
1843 2994 1907 3033 se
1951 2995 2074 3034 non
2111 2995 2184 3034 ea

530 3071 784 3135 tantum,
827 3065 926 3120 sed
971 3065 1158 3120 multo
1211 3066 1392 3121 etiam
1423 3067 1745 3134 grandiora
1779 3067 2018 3138 piacula
2045 3084 2182 3138 pur-

531 3171 671 3226 gare
707 3171 902 3226 posse.
955 3155 1159 3226 Itaque
1197 3155 1362 3226 quod
1401 3156 1518 3210 voti
1564 3155 1655 3210 sui
1699 3171 1949 3228 compos
1988 3156 2180 3212 factus

530 3250 704 3309 esset,
729 3243 1108 3298 vehementer
1128 3259 1264 3298 eum
1289 3242 1575 3308 laetatum,
1591 3243 2181 3317 Christianorumque

530 3349 704 3389 sacra
743 3331 1106 3388 admiratum
1145 3347 1277 3386 esse
1309 3348 1322 3386 :
1356 3333 1618 3403 datoque
1658 3333 1886 3388 Christo
1917 3335 2178 3402 nomine,

535 3421 792 3476 subditis
857 3419 982 3474 suis
1047 3436 1182 3475 eam
1248 3420 1635 3476 ncessitatem
1696 3421 2078 3492 imposuisse,
2123 3429 2184 3479 ut

532 3511 839 3581 gentilium
877 3509 1224 3580 religionem
1257 3509 1622 3580 abjurarent.
1656 3512 1868 3566 Verum
1900 3512 2028 3567 haec
2059 3529 2182 3568 ma.

529 3599 746 3655 nifesta
772 3605 911 3654 sunt
933 3598 1242 3666 figmenta,
1263 3597 1482 3670 quibus
1508 3599 1978 3655 Christianorum
1999 3601 2183 3656 fidem

531 3695 586 3744 et
627 3689 906 3760 pietatem
952 3686 1132 3742 veluti
1181 3703 1285 3759 per
1315 3687 1675 3743 comoediam
1712 3689 2020 3746 traducere
2061 3696 2185 3745 stu-

530 3777 808 3832 duerunt.
845 3775 1025 3848 494
1057 3777 1296 3846 Crispus
1327 3776 1408 3846 (t)
1439 3777 1599 3831 enim
1630 3776 1911 3833 vicesimo
1952 3779 2184 3849 imperii

532 3868 660 3936 ejus
699 3881 859 3921 anno
907 3865 1180 3930 decessit,
1227 3872 1468 3936 propter
1506 3881 1686 3936 quem
1727 3865 1808 3920 illi
1847 3867 2184 3937 expiatione

531 3971 671 4010 eum
702 3971 855 4026 opus
888 3953 1170 4008 habuisse
1200 3954 1426 4008 dicunt.
1469 3954 1523 4007 Is
1552 3970 1795 4025 quoque
1827 3955 2044 4011 multas
2076 3972 2184 4027 pro

533 4042 884 4099 Christianis
907 4048 1209 4113 superstes
1231 4042 1428 4097 adhuc
1467 4059 1606 4097 cum
1637 4051 1803 4114 patre
1837 4043 1994 4113 leges
2035 4045 2183 4110 tulit,

535 4139 600 4187 ut
645 4134 749 4203 qui
783 4133 1114 4186 secundum
1157 4131 1216 4185 in
1262 4131 1512 4202 imperio
1561 4131 1763 4186 locum
1811 4132 2076 4197 haberet,
2131 4141 2186 4190 et

537 4223 729 4276 Caesar
778 4227 982 4274 esset:
1015 4219 1186 4274 sicuti
1235 4219 1350 4274 hoc
1397 4219 1574 4274 hodie
1621 4236 1862 4292 quoque
1913 4227 2188 4292 tempora

535 4309 767 4379 legibus
819 4309 960 4379 ipsis
1013 4308 1279 4378 subjecta
1340 4309 1482 4362 satis
1547 4309 1831 4372 indicant.
1895 4311 2002 4366 Ubi
2049 4327 2185 4366 vero

540 4401 787 4469 Sopater
825 4399 884 4452 in
921 4396 1288 4452 Constantini
1331 4397 1696 4468 colloquium
1737 4399 1914 4464 venit,
1947 4399 2049 4470 qui
2079 4400 2185 4455 soli

536 4489 584 4543 ei
618 4503 736 4542 orze
767 4503 902 4558 quae
933 4486 1011 4542 ad
1041 4487 1343 4542 Oceanum
1373 4491 1430 4540 et
1457 4487 1534 4542 ad
1563 4487 1833 4542 Rhenum
1865 4495 1973 4554 est,
2003 4489 2188 4559 impe-
2219 4471 2263 4525 D

534 4577 710 4632 rabat
737 4577 766 4628 ‘2
801 4576 950 4630 Cum
993 4581 1192 4630 autem
1234 4575 1527 4630 adversus
1567 4577 1924 4632 Maxentium
1963 4578 2187 4633 bellum

537 4672 784 4734 gereret,
812 4669 870 4720 et
898 4666 956 4720 in
985 4663 1151 4719 ltalia
1174 4669 1394 4733 ageret,
1421 4665 1601 4719 rebus
1631 4667 2032 4722 Romanorum
2058 4672 2186 4723 tum

536 4754 986 4820 dissidentibus,
1011 4769 1132 4809 non
1159 4753 1328 4808 facile
1355 4759 1478 4808 erat
1511 4769 1573 4808 se
1601 4753 1782 4809 Gallis
1811 4762 1869 4810 et
1896 4757 2187 4812 Britannis

535 4845 892 4912 immiscere,
919 4843 1082 4914 apud
1114 4858 1266 4914 quos
1293 4849 1523 4897 constat
1549 4845 2002 4900 Constantinum
2029 4847 2188 4902 Chri-

537 4933 868 4988 stiauorum
884 4932 1230 5001 religionem
1243 4933 1606 5001 suscepisse,
1623 4933 1784 5003 prius
1801 4934 1980 4988 etiam
1998 4950 2185 5005 quam

537 5025 747 5078 contra
769 5021 1131 5076 Maxentium
1160 5021 1529 5092 pugnaverit,
1559 5027 1616 5076 et
1645 5023 1895 5078 Romam
1924 5023 2186 5094 atquein

537 5111 733 5184 ipsam
765 5109 986 5166 italiam
1015 5110 1240 5165 venerit
1271 5125 1284 5164 :
1317 5111 1379 5164 id
1408 5109 1574 5182 quod
1618 5111 1797 5166 etiam
1831 5117 1888 5166 et
1913 5115 2187 5183 tempora

539 5207 596 5257 et
625 5200 788 5272 leges
822 5215 976 5272 quas
1001 5215 1108 5270 pro
1139 5199 1314 5254 nobis
1358 5199 1568 5265 sanxit,
1597 5205 1756 5256 certo
1779 5199 2183 5257 testiﬁcantur.

608 5345 685 5416 (t)
726 5363 770 5416 ῖς(
821 5343 1069 5416 Crispus
1095 5341 1463 5416 Constantini
1514 5341 1692 5416 ﬁlius,
1723 5347 1779 5396 et
1809 5342 2064 5398 Licinius
2093 5343 2188 5413 ju-

537 5414 671 5470 nior
705 5414 1073 5470 Constantini
1114 5431 1184 5469 ex
1225 5415 1568 5468 Constantia
1612 5429 1812 5468 sorore
1855 5430 2065 5485 nepos,
2103 5416 2186 5470 Li-

539 5485 678 5544 cinii
715 5487 963 5541 senioris
985 5485 1166 5548 filius,
1191 5485 1550 5556 plurimique
1577 5485 1808 5538 nobiles
1833 5491 1890 5540 et
1917 5485 2183 5556 praeclari

539 5558 671 5626 viri,
690 5563 758 5612 20
787 5557 1156 5613 Constantini
1185 5557 1416 5627 imperii
1439 5571 1620 5621 anno,
1647 5558 1872 5612 Faustae
1899 5559 2186 5614 Constan-

2285 1817 2572 1890 αὐτόχειρα
2621 1821 2708 1869 τόν
2779 1823 2926 1889 φόνον
2985 1815 3461 1891 διαπεπραγμένον,
3512 1821 3734 1880 Φαυστης
3773 1827 3844 1878 τῆς

2285 1913 2544 1979 μητρυιᾶς
2597 1903 3022 1970 διαϐεϐληκυίας,
3057 1910 3127 1967 ὡς
3173 1911 3250 1965 εἰη
3305 1907 3467 1964 αὐτὴν
3501 1912 3624 1980 πρός
3659 1907 3844 1968 ἀτόπους

2285 1995 2489 2068 ὁμιλίας
2575 1997 2914 2069 ὑπερεθίζων,
2965 1995 3246 2069 μετάμελον
3313 1995 3488 2048 εἶναι·
3561 2003 3645 2048 καὶ
3697 1999 3846 2048 Σωπέ-

2287 2105 2392 2156 τρῳ
2461 2085 2720 2156 φιλοσόφῳ
2776 2093 3064 2143 τηνικαῦτα
3142 2094 3234 2146 τῆς
3289 2085 3555 2138 Πλωτίνου
3605 2083 3844 2160 διατριϐῆς

2285 2182 2578 2246 προεστῶτι
2604 2179 2722 2248 περὶ
2771 2176 3071 2248 καθαρσίων
3111 2177 3494 2230 κοινώσασθαι.
3543 2179 3638 2227 Τόν
3669 2171 3715 2227 δ’
3743 2175 3844 2226 ἀνει-

2285 2270 2418 2328 πεῖν,
2468 2259 2672 2334 μηδένα
2709 2271 2809 2314 τῶν
2859 2267 3120 2315 τοσούτων
3179 2264 3532 2336 μολυσμάτων
3581 2263 3846 2315 καταλείπε-

2291 2355 2414 2404 σθαι
2465 2353 2755 2425 καθαρμόν.
2813 2353 2892 2404 Ἐν
2942 2351 3210 2424 ἀὸημονίᾳ
3283 2351 3342 2404 δὲ
3397 2353 3562 2425 πολλῇ
3617 2355 3842 2424 γεγονότα,

2287 2449 2616 2513 Χριστιανῶν
2648 2439 2953 2502 ἐπισκόποις
2991 2449 3317 2514 περιτυχεῖν,
3350 2445 3398 2494 οῖ
3427 2449 3520 2494 καὶ
3570 2444 3846 2513 ὑπισχνοῦν-

2287 2549 2346 2582 το
2376 2528 2715 2601 βαπίτσματι
2744 2529 2803 2580 οὐ
2843 2537 3011 2582 ταῦτα
3048 2536 3222 2602 μόνον,
3263 2529 3391 2582 ἀλλά
3432 2536 3526 2582 καὶ
3567 2531 3722 2602 πολλῷ
3754 2535 3846 2601 χεί-

2289 2637 2412 2690 ρονα
2470 2615 2726 2679 δυνατοὺς
2791 2619 2919 2670 εἶναι
2971 2615 3331 2692 διακαθαίρειν
3365 2637 3378 2648 ·
3455 2625 3552 2671 καὶ
3605 2628 3705 2681 τοῖς
3741 2623 3846 2670 κατὰ

2293 2711 2484 2759 σκοπὸν
2545 2707 2851 2778 ἐντυχόντα,
2907 2711 3041 2780 μέγα
3097 2728 3150 2760 τε
3195 2709 3445 2773 ἡσθῆναι,
3505 2711 3760 2781 θαυμάσαι
3805 2727 3845 2759 τε

2288 2799 2354 2849 τά
2393 2799 2612 2860 ἐκείνων,
2665 2801 2755 2848 καὶ
2809 2799 3124 2870 Χριστιανὸν
3173 2799 3415 2867 γενέσθαι
3442 2813 3456 2826 ⁸
3507 2795 3627 2870 βίαν
3671 2817 3720 2849 τε
3761 2805 3848 2857 τοῖς

2291 2884 2603 2958 ἀρχομένοις
2651 2886 2928 2956 ἐπάγοντα,
2988 2889 3075 2938 τὸν
3130 2885 3466 2958 Ἐλληνισμόν
3514 2888 3844 2958 ἐξομόσασθαι.

2292 2981 2392 3028 Καὶ
2438 2981 2606 3026 ταῦτα
2663 2969 2722 3026 δὲ
2767 2983 3000 3046 προφανῆ
3048 2975 3350 3048 πλάσματα,
3387 2977 3464 3038 οἷς
3511 2981 3610 3034 τὴν
3641 2984 3848 3049 Χριστια-

2289 3071 2384 3113 νῶι
2455 3061 2714 3114 πολιτείαν
2777 3059 3142 3136 διακωμῳδεῑν
3199 3067 3315 3116 ἔστι
3361 3062 3604 3122 σπουδή.
3657 3069 3850 3136 Κρίσπος

2289 3156 2378 3218 μὲν
2429 3153 2530 3223 γὰρ
2588 3160 2658 3222 τῷ
2710 3151 2758 3202 κ’
2804 3157 2906 3204 ἐτει
2955 3160 3048 3215 τῆς
3099 3153 3260 3205 αὐτοῦ
3313 3156 3590 3225 ἡγεμονίας
3637 3157 3717 3205 τόν
3765 3151 3850 3226 βίον

2291 3240 2502 3293 ἀπελιπε
2535 3257 2546 3270 ·
2601 3236 2675 3292 δι’
2731 3242 2806 3306 ὃν,
2861 3243 2931 3303 ὦς
2983 3261 3131 3313 φασι,
3164 3243 3260 3304 τῆς
3287 3244 3600 3316 καθάρσεως
3627 3239 3726 3294 ἔδει
3751 3245 3850 3292 εκεέ-

2291 3345 2397 3401 νῳ·
2459 3331 2514 3391 ὃς
2575 3325 2642 3386 δὴ
2704 3331 2935 3402 Κρίσπος
2993 3330 3204 3392 πολλοὺς
3259 3333 3385 3403 ὑπὲρ
3431 3339 3750 3405 Χριστιανῶν
3792 3335 3852 3382 νο-

2290 3439 2441 3490 μους,
2497 3423 2568 3472 ἔτι
2615 3425 2824 3490 περιὼν,
2886 3423 2978 3471 σὺν
3035 3429 3107 3472 τῶ
3151 3426 3310 3495 πατρὶ
3363 3424 3528 3485 ἔθετο,
3577 3421 3662 3473 ἅτε
3705 3417 3766 3478 δή
3807 3421 3854 3468 τά

2293 3505 2510 3581 δεύτερα
2557 3519 2646 3571 τῆς
2689 3509 2860 3583 ἀρχῆς
2905 3511 3060 3580 ἔχων,
3118 3515 3323 3583 Καῖσαρ
3371 3511 3438 3560 ὡν
3481 3527 3492 3538 ·
3532 3512 3599 3571 ὡς
3625 3509 3770 3562 εἰσέτι
3791 3515 3852 3558 νῦν

2291 3599 2340 3649 οἱ
2375 3606 2483 3660 τοίς
2531 3605 2708 3671 νόμοις
2752 3599 3157 3669 ὑποτεταγμένοι
3203 3603 3388 3670 χρόνοι
3445 3602 3727 3670 μηνύουσι.
3773 3605 3852 3648 Ποῦ

2293 3683 2351 3739 δὲ
2394 3692 2483 3740 καὶ
2531 3695 2803 3761 Σώπατρος
2848 3686 2920 3746 εἰς
2957 3686 3162 3758 ὁμιλίαν
3223 3689 3316 3745 ἧκε
3363 3695 3438 3756 τῷ
3499 3691 3850 3756 Κωνσταντίνῳ,

2291 3781 2450 3846 μόνης
2499 3785 2588 3836 τῆς
2637 3779 2764 3848 πρὸς
2797 3775 3022 3844 Ὠκεανῷ
3078 3780 3169 3826 καὶ
3210 3783 3282 3844 τῷ
3329 3775 3484 3848 Ῥήνῳ
3523 3782 3708 3852 μοίρας
3735 3779 3856 3846 £2792-

2295 3878 2464 3944 μένῳ;
2495 3877 2568 3944 Τῇ
2601 3877 2702 3947 γὰρ
2734 3877 2860 3946 πρὸς
2888 3871 3172 3934 Μαξέντιον
3225 3869 3458 3946 διαφορᾴ
3505 3873 3594 3926 ἐπὶ
3644 3881 3732 3936 τῆς
3757 3873 3856 3924 Ἰτα-

2291 3961 2406 4023 λίας
2463 3959 2682 4034 διάγων,
2750 3971 2849 4012 τῶν
2925 3961 3219 4033 Ῥωμαϊκῶν
3293 3965 3622 4034 πραγμάτων
3680 3981 3858 4014 στασια-

2298 4054 2506 4114 ζόντων,
2575 4051 2634 4102 οὐ
2691 4054 2974 4122 πρόχειρον
3049 4047 3110 4108 ἦν
3170 4050 3423 4111 Γαλάταις
3499 4051 3859 4124 συμμίγνυσθαι

2293 4144 2382 4191 καὶ
2427 4140 2742 4214 Βρεταννοίς,
2803 4140 2926 4210 παρ’
2984 4139 3060 4200 οἷς
3117 4139 3451 4211 ὡμολόγηται
3509 4146 3857 4193 Κωνσταντὶνον

2293 4237 2384 4289 τῆς
2433 4236 2761 4301 Χριστιανῶν
2817 4232 3099 4300 θρησκείας
3179 4235 3506 4300 μετασχεῖνς
3587 4235 3678 4281 καὶ
3713 4233 3858 4300 πρὶνη

2297 4325 2638 4390 στρατεῦσαι,
2691 4316 2776 4369 ἐπὶ
2817 4317 3101 4378 Μαξέντιον
3132 4322 3222 4368 καὶ
3273 4316 3359 4368 ἐπὶ
3384 4315 3590 4389 Ῥώμην
3639 4323 3724 4369 καὶ
3757 4317 3862 4368 Ἰτα-

2293 4407 2407 4457 λίαν
2469 4405 2628 4458 ἐλθεῖν
2659 4423 2670 4435 ·
2727 4411 2817 4458 καὶ
2859 4409 3044 4458 τούτου
3095 4405 3246 4458 πάλιν
3295 4408 3344 4457 οἰ
3391 4415 3582 4478 χρόνοι
3620 4413 3706 4458 καὶ
3735 4405 3860 4457 οἰνό-

2296 4515 2386 4567 μοι
2439 4494 2696 4566 τάσφαλὲς
2754 4501 3130 4567 μαρτυροῦσιν,
3203 4496 3292 4556 οὖς
3346 4496 3472 4569 ὑπὲρ
3533 4499 3680 4567 ἡμῶν
3733 4497 3860 4546 ἔθετο.

2297 4584 2356 4637 Εἰ
2399 4580 2457 4636 δε
2509 4589 2598 4634 καὶ
2635 4585 2825 4658 ῥᾷστον
2871 4583 3104 4654 ἐντυχεῖν
3157 4591 3228 4653 τῷ
3277 4586 3540 4658 Σωπάτρῳ
3597 4582 3856 4656 δοίημεν,ἑ

2299 4669 2371 4725 δι’
2421 4671 2699 4734 ἐπιστολῆς
2743 4675 3018 4734 πυθέσθαι,
3098 4677 3242 4726 οὔπω
3303 4673 3453 4725 παλιν
3494 4677 3710 4727 πιθανόν
3763 4669 3862 4724 εἶναι

2298 4765 2528 4833 φαίνεται
2605 4766 2692 4813 τόν
2770 4769 3018 4813 τοσοῦτον
3101 4761 3376 4834 φιλόσοφον
3457 4761 3674 4834 ἀγνοεῖν,
3747 4761 3861 4820 ὠςά

2295 4849 2352 4902 Ἠ
2357 4870 2384 4922 ρ
2393 4849 2520 4908 ακλῆ
2533 4871 2553 4911 ς

2297 4949 2386 4999 τῆς
2440 4945 2712 5012 Δήμητρος
2766 4938 2813 4990 ἐν
2862 4939 3104 5000 Ἀθήναις
3155 4939 3418 5014 ἐκαθάρθη
3453 4959 3467 4971 ·
3529 4948 3620 4994 καὶ
3649 4943 3770 5014 μετά
3799 4943 3860 4990 τόν

2297 5047 2445 5097 φονον

2641 4853 2770 4921 μετά
2855 4855 2948 4908 τὴν
3011 4857 3363 4904 τεκνοκτονίαν
3420 4859 3528 4914 τοῖς
3587 4868 3862 4924 μυστηριοις

2521 5029 2737 5100 Ἰφίτου,
2807 5030 2860 5080 ὅν
2919 5028 3119 5103 ἑταῖρον
3173 5035 3296 5082 όντα
3359 5036 3448 5082 καὶ
3501 5031 3639 5093 ξένον
3689 5029 3860 5082 ἀνεῖλεν.

2297 5116 2542 5192 Ἀπόχρη
2578 5119 2666 5188 μὲν
2719 5112 2805 5168 οὖν
2835 5121 2924 5168 καὶ
2949 5125 3114 5170 ταῦτα
3154 5134 3168 5147 ’
3225 5120 3295 5178 ὡς
3337 5123 3424 5170 καὶ
3455 5122 3753 5194 καθαρμοὺς
3779 5117 3862 5170 "E1-

2295 5205 2436 5266 ληνες
2489 5214 2590 5257 τῶν
2651 5203 2854 5256 ἀτόπων
2899 5205 3351 5278 πλημμελημάτων
3381 5211 3856 5280 καθυπισχνοῡντο·

2295 5347 2402 5424 tin_i
2435 5348 2710 5424 conjugis
2739 5348 2880 5424 dolo
2913 5349 3199 5424 interfecti
3239 5356 3395 5407 sunt.
3425 5371 3454 5404 »
3484 5351 3690 5424 Pomp.
3723 5353 3858 5424 Oros.

2300 5441 2321 5468 ι
2359 5421 2785 5492 Constantinus
2816 5421 3047 5492 imperii
3080 5425 3170 5477 sui
3211 5426 3280 5477 22
3309 5439 3472 5479 anno
3501 5421 3772 5480 Faustam
3799 5423 3860 5474 in-

2297 5491 2521 5547 terfecit
2575 5495 2638 5546 in
2677 5491 2926 5548 balneas
2955 5494 3230 5549 ardentes
3275 5495 3632 5566 conjectam.
3663 5517 3694 5548 n
3731 5496 3856 5548 Eutr.
