4020 6218
157 289 295 349 1289
1168 288 1735 348 ECCLESIASTIC/E

1853 282 2130 349 STORIAE
2172 291 2308 350 LIB.
2350 296 2472 353 VII.
3373 290 3510 350 1290

153 424 245 471 καὶ
271 420 557 491 κατήγοροι
603 400 880 488 Σωπάτρου
932 414 1123 487 μᾶλλον
1166 418 1533 482 καθίστανται,
1573 423 1738 468 τοιαῦ-

1860 417 1920 470 Et
1938 420 1999 470 ut
2024 419 2449 487 concedamus,
2484 422 2804 493 Sopatrum
2835 421 3009 478 facile
3037 420 3300 478 cumillo
3331 420 3511 476 collo-

157 527 223 559 τα
267 503 701 578 διαπραττόμενοι
730 524 743 537 ·
787 505 844 556 οὐ
892 508 994 577 γάρ
1034 525 1114 556 πω
1146 507 1472 577 προαχθείην
1523 507 1609 556 τὸν
1663 507 1738 556 ἐπὶ

1856 506 1982 576 qui,
2014 513 2117 562 aut
2141 524 2247 578 per
2278 508 2596 580 epistolam
2628 525 2804 578 agere
2836 511 3127 582 potuisse,
3162 525 3282 565 non
3304 514 3508 564 tamen

157 600 311 668 σοφίᾳ
382 593 717 668 περίϐλεπτον
805 600 1079 668 Σώπατρον
1157 601 1321 648 ταῦτα
1415 594 1738 665 ἠγνοηκέναι.

1856 594 2134 651 credibile
2158 597 2448 664 videatur,
2467 598 2898 671 philosophum
2918 604 3152 655 tantum
3174 601 3508 668 ignorasse,

150 692 327 737 Ταῦτα
354 687 445 756 μὲν
466 684 651 745 οὕτως.

1856 682 2021 753 quod
2050 685 2329 741 Hercules
2367 693 2503 757 post
2541 687 2869 742 liberorum
2909 704 3155 743 suorum
3198 703 3429 753 necem,
3454 691 3511 741 et

152 773 320 844 Iphiti
358 772 534 828 amici
574 778 629 827 et
664 772 919 843 hospitis
954 772 1202 837 caedem,
1250 772 1493 827 Athenis
1531 770 1826 843 mysteriis
1865 770 2090 828 Cereris
2132 776 2404 846 expiatus
2447 781 2626 847 atque
2665 781 2955 847 purgatus
2996 777 3089 833 sit.
3133 777 3286 833 Satis
3332 791 3508 851 porro

151 860 324 916 fuerit
366 860 717 927 ostendisse,
760 860 1010 929 gentiles
1037 862 1216 916 etiam
1248 861 1412 932 ipsos
1455 858 1755 915 foedorum
1786 859 2148 930 ﬂagitiorum
2178 862 2453 919 lustrales
2498 865 2869 937 expiationes
2899 866 3235 936 promittere
3265 853 3500 935 solitos;

148 965 371 1022 eosque
408 949 514 1022 qui
561 950 674 1006 ista
718 950 1078 1015 conﬁnxere,
1145 949 1380 1021 Sopatri
1412 948 1606 1018 magis
1637 953 2020 1006 accusatores
2066 966 2221 1007 esse.
2267 954 2398 1008 Non
2435 953 2595 1010 enim
2645 954 3017 1025 persuarderi
3069 969 3343 1025 possum,
3384 958 3507 1009 tam

148 1041 380 1097 clarum
409 1041 470 1096 in
506 1040 797 1113 sapientia
827 1040 1018 1096 virum
1060 1039 1205 1096 talia
1250 1039 1578 1110 ignorasse.
1613 1038 1694 1095 De
1723 1038 1819 1094 his
1859 1038 2031 1096 satis.

732 1166 978 1221 κεφΑΑ.
1013 1163 1159 1248 Ag”.

148 1276 300 1345 Περὶ
339 1279 451 1334 τῆς
513 1270 982 1345 ἀγίαςΑἘλένης
1039 1275 1121 1333 ὡς
1184 1272 1271 1345 εἰᾼς
1308 1270 1547 1345 Ῥώμην
1586 1271 1742 1345 ἦκεξ

216 1340 324 1397 καὶ
363 1348 509 1415 περὶ
550 1340 658 1396 τοῦ
698 1340 1015 1415 διαλόγου
1055 1351 1179 1395 τῶν
1239 1342 1548 1415 Ἐϐραίων
1587 1343 1748 1415 μετὰ

216 1423 325 1468 τοῦ
364 1414 550 1487 ἁγίου
592 1414 1011 1488 Σιλϐέστρον.

213 1529 318 1584 Τῆς
377 1518 436 1575 δὲ
494 1529 584 1574 τοῦ
647 1519 899 1596 βασιλέως
951 1524 1151 1594 μητρὸς
1200 1520 1397 1580 Ἑλένης
1456 1522 1594 1572 κατὰ
1648 1524 1742 1578 τὴν

2450 1168 2672 1225 CAPUT
2695 1169 2914 1225 XXXVI.

1856 1273 1939 1328 De
1952 1278 2163 1330 sancta
2179 1274 2427 1344 Helena,
2452 1281 2518 1329 ut
2543 1289 2611 1332 ea
2642 1277 2887 1332 Romam
2909 1276 3155 1341 venerit,
3171 1276 3309 1332 etde
3328 1276 3509 1332 collo-

2032 1346 2166 1415 quio
2213 1345 2550 1402 Judaeorum
2607 1362 2741 1403 cum
2765 1354 2961 1403 sancto
2996 1348 3324 1417 Sylvestro.

1926 1522 2307 1592 Imperatoris
2357 1528 2547 1579 mater
2574 1523 2790 1580 Helena
2832 1524 2893 1579 in
2932 1523 3238 1596 provincia
3266 1530 3390 1579 tum
3420 1524 3511 1579 Bi-

140 1614 367 1665 Βιθυνών
450 1609 709 1682 ἐπαρχίαν
767 1607 1166 1683 διατριϐούσης,
1227 1608 1457 1683 Ἐϐραῖοί
1532 1612 1591 1660 τὸ
1653 1617 1738 1669 τῆς

1855 1608 2061 1679 thynia
2089 1610 2326 1679 agebat.
2361 1611 2445 1667 Ibi
2483 1612 2673 1667 Judaei
2707 1594 3086 1684 imperatoris
3116 1613 3506 1669 mutationem

138 1701 426 1774 μεταϐολῆς
504 1700 691 1775 ἁθρόον
755 1707 848 1752 τοῦ
930 1698 1189 1772 βασιλέως
1279 1698 1737 1770 ὕπολογισάμενοι,

138 1792 479 1842 ἀναπείθουσι
563 1794 658 1847 τὴν
720 1792 922 1860 μητέρα
986 1790 1200 1861 γράφειν
1274 1792 1365 1839 καὶ
1440 1792 1740 1859 παρεγγυᾴν

138 1888 213 1950 τῷ
266 1880 384 1948 υἱῷ,
417 1878 573 1929 καλὸν
622 1882 710 1949 μὲν
754 1877 949 1950 πρᾶξαι
993 1886 1084 1938 τῆς
1135 1875 1410 1937 εἰδωλικῆς
1451 1874 1740 1929 ἀποστάντι

138 1970 424 2041 θρησκείας
462 1985 475 1997 ο
537 1966 596 2018 οὐ
654 1966 809 2017 καλὸν
876 1970 1051 2038 μέντοι
1101 1973 1324 2023 ποιῆσαι
1371 1971 1432 2036 τῇ
1500 1969 1742 2033 νεοπαγεί

134 2064 228 2107 τοῦ
285 2057 600 2129 Ναζωραίου
683 2057 937 2128 θρησκείᾳ
1016 2054 1310 2125 περιελθεῖν.
1383 2057 1483 2106 Καὶ
1553 2054 1582 2111 ἡ
1649 2055 1739 2124 μεν

134 2149 293 2197 ἐποίει
330 2148 395 2196 τὰ
448 2144 794 2215 εἰσηγούμενα
821 2160 833 2172 ·
887 2149 1268 2201 Κωνσταντίνος
1323 2137 1382 2193 δε
1411 2143 1476 2193 τὰ
1523 2149 1609 2201 τῆς
1639 2161 1739 2212 μηο

134 2238 258 2307 τρὸς
311 2230 597 2304 δεχόμενος
651 2234 960 2305 γράμματα,
1009 2234 1067 2282 τὸ
1116 2230 1251 2291 εἰκὸς
1305 2231 1535 2281 ὑπετίθει
1577 2246 1590 2259 ⁶
1650 2234 1738 2281 καὶ

136 2332 240 2375 τῶν
294 2319 565 2375 Ἰουδαίων
628 2325 771 2383 τινας
818 2319 1193 2392 μετεστέλλετο,
1249 2321 1382 2371 ὥστε
1446 2326 1555 2378 τοῖς
1613 2325 1737 2387 Χρι⁸

137 2421 363 2465 στιανῶν
415 2410 780 2485 πρεσϐυτέροις
829 2411 899 2471 εἰς
944 2409 1126 2479 λόγους
1172 2407 1331 2459 ἐλθεῖν
1363 2427 1376 2440 ·
1410 2412 1499 2459 καὶ
1636 2414 1737 2458 τῶν

134 2509 306 2574 μερῶν
354 2504 418 2553 τὰ
465 2505 679 2574 κρείττω
726 2499 1074 2570 ἐκλογισθείη,
1128 2500 1297 2569 τούτῳ
1350 2497 1403 2559 ἐξ
1448 2497 1735 2567 ἀναγκαίου

134 2590 435 2661 ἐφέπεσθαι.
495 2594 595 2641 Καὶ
678 2584 746 2646 δὴ
814 2592 871 2639 τὸ
937 2591 1179 2659 τέταρτον
1245 2588 1533 2657 ἡγουμένου
1591 2591 1735 2636 Κων-

138 2681 436 2743 σταντίνου,
481 2676 701 2738 σύνοδος
750 2677 800 2728 ἐν
849 2685 909 2748 τῇ
957 2678 1093 2727 κατὰ
1126 2675 1325 2747 Ῥώμην
1371 2672 1517 2726 πόλει
1561 2673 1737 2746 ἠθροί-

137 2767 276 2831 ζετο,
334 2768 383 2816 ἐν
526 2765 789 2838 Ῥωμαίων
854 2768 945 2836 μὲν
1002 2768 1282 2819 επίσκοποι
1354 2759 1406 2814 δ’
1462 2764 1551 2832 μεν
1606 2764 1736 2834 πρὸς

134 2861 251 2915 τοῖς
288 2857 480 2906 εἴκοσιν
536 2851 689 2919 ἦσαν,
743 2851 1013 2908 Ἰουδαίων
1055 2850 1115 2904 δὲ
1156 2854 1309 2924 ἱερεῖς
1344 2854 1468 2925 πρὸς
1516 2856 1626 2911 τοῖς
1664 2852 1737 2901 εῖ-

1852 1713 2056 1752 secum
2095 1696 2206 1769 ipsi
2246 1705 2610 1771 reputantes,
2643 1700 2818 1756 matri
2846 1700 2975 1771 ejus
3015 1700 3290 1767 suadent,
3326 1705 3386 1755 ut
3427 1700 3507 1756 ad

1851 1785 2040 1841 tilium
2065 1786 2287 1843 scribat
2331 1804 2590 1861 eumque
2634 1790 3003 1845 admoneat:
3056 1795 3211 1844 recte
3259 1789 3507 1860 quidem

1849 1874 2081 1942 fecisse,
2132 1875 2297 1947 quod
2354 1876 2433 1932 ab
2472 1876 2770 1933 idolorum
2800 1876 2964 1933 cultu
2994 1878 3349 1943 discesserit,
3384 1894 3507 1933 non

1847 1969 2002 2019 recte
2023 1970 2246 2030 autem,
2274 1965 2440 2036 quod
2471 1967 2723 2022 Nazareei
2755 1982 2946 2037 nuper
2975 1972 3241 2022 exortam
3274 1965 3509 2036 religio-

1849 2068 1985 2107 nem
2018 2052 2088 2107 sit
2111 2053 2483 2125 complexus.
2521 2055 2692 2121 Quod
2723 2054 2823 2111 illa
2852 2056 2931 2109 ita
2954 2053 3111 2110 fecit.
3144 2054 3322 2127 495
3355 2057 3508 2110 Con-

1848 2143 2142 2196 stantinus
2174 2159 2315 2197 vero
2345 2144 2606 2214 acceptis
2626 2160 2661 2199 a
2693 2151 2880 2198 matre
2911 2144 3135 2210 litteris,
3161 2146 3209 2198 ei
3248 2146 3309 2199 id
3339 2143 3506 2215 quod

1846 2229 2097 2286 decebat
2133 2232 2428 2303 rescripsit
2460 2248 2474 2286 :
2518 2236 2576 2287 et
2602 2248 2669 2287 ex
2696 2231 2909 2287 Iudaeis
2934 2233 3231 2305 quosdam
3252 2234 3506 2288 Romam

1847 2320 2138 2384 evocavit,
2188 2325 2251 2376 ut
2314 2336 2451 2376 cum
2484 2321 2847 2393 presbyteris
2875 2320 3345 2377 Christianorum
3378 2337 3501 2377 ser-

1848 2423 2057 2463 mones
2086 2424 2188 2478 per
2215 2409 2584 2482 colloquium
2602 2408 2955 2475 conferrent,
2985 2416 3191 2483 etquae
3206 2426 3344 2481 pars
3378 2425 3503 2464 me-

1845 2495 1996 2552 liora
2048 2496 2258 2552 aﬂ‘erre
2310 2503 2701 2569 reputaretur,
2735 2505 2798 2554 ut
2848 2515 2919 2555 ea
2961 2499 3296 2554 necessario
3360 2515 3503 2569 pars

1846 2584 2094 2640 alteram
2133 2593 2499 2659 sequeretur.
2544 2590 2606 2643 Et
2629 2588 2754 2657 jam
2802 2596 3109 2660 quartum,
3158 2591 3404 2644 curante
3431 2602 3503 2642 ac

1844 2682 2151 2744 praeeunte
2169 2677 2577 2743 Constantino,
2609 2684 2936 2733 conventus
2957 2676 3016 2732 in
3048 2678 3322 2732 Romana
3356 2677 3502 2733 urbe

1846 2764 2193 2833 cogebatur,
2209 2767 2265 2819 in
2279 2781 2401 2837 quo
2414 2768 2822 2821 Romanorum
2837 2766 3071 2838 quidem
3085 2765 3500 2837 episcoporum

1845 2854 2053 2922 viginti
2080 2860 2340 2925 quatuor
2376 2861 2548 2910 erant
2573 2875 2585 2913 :
2611 2854 2953 2910 Iudaeorum
2996 2871 3135 2910 vero
3155 2854 3499 2910 sacerdotes

133 2962 289 2996 κοσιν
332 2941 509 2995 ἑκατόν
542 2960 554 2972 ·
583 2944 650 2994 ὧν
681 2944 898 3014 ἔξαρχοι
940 2938 1151 2993 δώδεκα
1208 2937 1370 2999 ἦσαν.
1431 2937 1735 3011 Σίλϐεστρος

1853 2950 2083 3000 centum
2133 2949 2189 2998 et
2220 2942 2446 3013 viginti,
2480 2945 2538 2998 in
2593 2942 2816 3016 quibus
2868 2943 3188 2999 duodecim
3249 2943 3497 3016 reliquis

137 3029 202 3085 δὲ
254 3039 348 3093 τῆς
393 3029 616 3085 συνόδου
665 3037 755 3084 καὶ
803 3040 894 3084 τοῦ
936 3028 1187 3102 διαλόγου
1234 3031 1428 3100 ἠγεῖτο.
1467 3034 1644 3099 Παρῆν
1677 3022 1737 3079 δε

134 3126 229 3173 καὶ
296 3123 321 3172 ὁ
384 3119 626 3195 βασιλεὺς
680 3126 770 3173 καὶ
847 3122 878 3179 ἡ
948 3117 1159 3192 βασιλὶς
1214 3117 1408 3183 Ἑλένη,
1487 3116 1734 3190 ἑκατέρων

134 3213 269 3283 μετὰ
320 3215 570 3272 συνέσεως
648 3212 985 3285 ἀκροώμενοι.
1042 3210 1191 3264 Ἐπεὶ
1269 3203 1319 3260 δ’
1374 3207 1399 3258 ὁ
1468 3207 1736 3279 ἱερώτατος

137 3300 441 3374 Σίλϐεστρος
509 3296 728 3370 δυνάμει
803 3298 968 3370 λόγων
1015 3297 1186 3368 πολλῷ
1262 3297 1334 3367 τῷ
1386 3300 1556 3370 μέτρῳ
1607 3312 1736 3367 παρ-

138 3391 368 3461 ἠνεγκεν,
426 3391 493 3451 ὡς
566 3387 781 3459 ἀχανεῖς
833 3390 953 3448 τοὺς
1024 3386 1290 3459 έγκρίτους
1362 3384 1562 3437 ἐκείνων
1633 3379 1738 3435 δεί-

135 3479 383 3546 κνυσθαι,
417 3476 746 3549 ἀγχομένους
776 3484 836 3548 τῇ
882 3477 1203 3547 πειθανάγκῃ
1237 3483 1336 3525 τῶν
1364 3472 1687 3545 ἀποκρίσεων
1719 3487 1732 3500 ⁸

135 3569 278 3628 τέλος
322 3570 431 3618 ἐπεὶ
484 3569 574 3618 καὶ
617 3569 703 3617 τὸν
751 3566 893 3635 παρὰ
950 3570 1042 3615 τοῦ
1098 3566 1371 3635 φαρμάκοτ
1427 3563 1739 3632 πεφονευμέ-

134 3677 221 3709 νον
251 3664 438 3727 ταύρον
477 3661 710 3728 Χριστοῦ
762 3662 824 3722 τῇ
869 3652 1054 3710 κλήσει
1108 3652 1317 3719 ἀνίστα,
1364 3651 1546 3709 πάντες
1576 3665 1738 3721 προσ-

139 3752 322 3811 ιὸντες,
375 3752 479 3805 τοῖς
530 3748 684 3796 ποσὶν
732 3742 922 3795 ἐκείνου
968 3745 1280 3793 κατέπιπτον
1316 3756 1328 3769 °
1384 3743 1474 3791 καὶ
1521 3740 1579 3789 τὸ
1621 3738 1739 3805 σφέ-

137 3854 285 3910 τερον
349 3831 682 3893 διαπτύοντες
758 3830 932 3905 σέϐας,
1012 3833 1079 3881 τὰ
1150 3832 1245 3881 ’ίσα
1304 3826 1587 3901 Σιλϐἐστρῳ
1645 3827 1737 3874 καὶ

139 3923 295 3975 αὐτοὶ
350 3930 544 3994 φρονεῖν
600 3921 957 3992 ἠναγκάζοντο
987 3940 1001 3953 θ
1057 3923 1145 3970 καὶ
1222 3917 1345 3970 ἑλεῖν
1397 3916 1737 3991 προηγμένοι,

139 4012 334 4086 μᾶλλον
381 4013 631 4065 ἑάλωσαν.
687 4018 852 4063 Τοῦτο
925 4012 1217 4081 γενόμενον,
1271 4011 1360 4059 καὶ
1416 4010 1507 4063 τὴν
1564 4020 1740 4076 μακα-

138 4108 258 4176 ρίαν
305 4101 504 4159 Ἑλένην
566 4102 752 4165 ἔπειθε,
826 4099 1096 4173 κρείττονά
1147 4116 1262 4148 τινα
1324 4100 1445 4168 περὶ
1502 4102 1576 4164 τῷ
1643 4094 1739 4167 υἱῲ

139 4192 367 4243 οἴεσθαι.
421 4188 574 4243 Ὀθεν
617 4194 709 4249 καὶ
759 4191 817 4240 τὸ
866 4189 1084 4259 πάτριον
1121 4191 1212 4238 καὶ
1259 4189 1389 4243 αὑτὴ
1434 4183 1590 4246 σέϐας
1618 4182 1741 4237 ἀπο-

143 4283 349 4351 θεμένη,

138 4371 378 4441 μυστικά
408 4383 425 4400 '
458 4373 548 4421 καί
600 4373 776 4439 μήτηρ
808 4362 934 4418 εἶναι
988 4371 1080 4416 τοῦ
1121 4367 1378 4417 τοσούτου
1431 4368 1523 4420 τὴν
1553 4363 1739 4436 ἀρετὴν

138 4460 341 4530 ἄριστα
398 4460 616 4530 ἔφαινεν,
672 4455 860 4517 ἐπίσης
923 4454 1094 4525 ἐκείνῳ
1151 4457 1242 4505 καὶ
1295 4456 1382 4505 τὸν
1443 4451 1595 4515 ζῆλον
1648 4457 1739 4504 καὶ

138 4553 239 4606 τήν
277 4551 407 4620 πρὸς
440 4548 661 4620 Χριστὸν
686 4549 862 4599 πίστιν
881 4540 1205 4616 διακειμένη.

742 4834 984 4883 ΚΕΦΑΛ.
1025 4827 1151 4882 AZ’.

138 4944 300 5013 Περὶ
364 4946 476 5000 τῆς
537 4940 761 5013 μάχης
828 4937 1489 5013 Κωνσταντίνουικαὶ
1549 4931 1740 5013 Μα-ξι-

213 5004 449 5084 ῥίνουι
525 5004 841 5080 διήγησις
905 5011 1053 5079 περὶ
1129 5013 1248 5057 τῶν
1310 5004 1381 5057 τό
1459 5011 1739 5077 σημεῖον

215 5081 694 5157 ἒπιφερομένων
733 5084 798 5131 τὸ
834 5097 1036 5149 σταυρ
1058 5081 1217 5132 ικόν.

211 5190 375 5243 Ταῦτ’
434 5189 526 5241 οὐκ
579 5184 662 5254 ἦν,
716 5189 784 5248 ὡς
838 5187 1059 5258 εῖρηται,
1112 5182 1333 5244 ἀνεκτῶς
1371 5186 1510 5255 ἔχειν
1541 5182 1744 5252 μανθα-

134 5299 300 5333 νοντα
352 5278 641 5350 Μαξιμῖνον
680 5278 765 5328 τὸν
822 5272 901 5327 ἐπ’
956 5272 1238 5334 Ἀνατολῆς
1273 5276 1539 5345 τύραννον.
1590 5269 1741 5323 Ὀθεν

133 5375 233 5423 καὶ
288 5370 507 5439 πόλεμον
557 5360 821 5418 ἄσπονδον
877 5362 1094 5414 ἀνεκίνει
1132 5380 1146 5393 -
1195 5365 1285 5413 καὶ
1335 5364 1383 5413 ἓν
1434 5359 1634 5434 βραχεῖ
1684 5363 1742 5411 τὸ

133 5465 245 5513 πᾶν
299 5460 595 5510 συνεκύκα·
654 5459 743 5507 καὶ
797 5447 1130 5526 στρατόπεδα
1175 5451 1409 5526 ἤθροιζε,
1449 5455 1538 5502 καὶ
1593 5453 1746 5523 μυρί-

1845 3032 2155 3105 praeibant.
2206 3032 2272 3087 In
2329 3037 2626 3088 conventu
2666 3036 2722 3088 et
2760 3031 3060 3103 colloquio
3100 3048 3167 3088 eo
3207 3032 3502 3105 Sylvester

1844 3120 2125 3193 princeps
2153 3124 2297 3175 erat.
2346 3120 2567 3175 Aderat
2606 3120 2667 3175 in
2706 3136 2778 3176 eo
2817 3128 2871 3176 et
2897 3121 3221 3192 imperator
3260 3122 3408 3193 ipse,
3441 3125 3501 3176 et

1843 3215 2036 3266 mater
2072 3210 2201 3279 ejus
2226 3208 2463 3275 Helena,
2510 3214 2729 3265 attente
2760 3213 2817 3265 et
2872 3209 3184 3281 diligenter
3215 3217 3499 3282 utrosque

1845 3298 2176 3354 audientes.
2206 3299 2349 3353 Cum
2365 3304 2566 3354 autem
2594 3297 3349 3371 sacratissimusSylvester
3374 3299 3500 3354 elo-

1845 3389 2103 3460 quentia;
2151 3388 2207 3442 vi
2262 3387 2460 3443 multis
2514 3387 2708 3443 modis
2753 3388 2884 3443 illos
2933 3389 3015 3444 ita
3058 3394 3384 3460 superaret,
3438 3393 3502 3443 ut

1848 3493 1982 3532 eum
2024 3492 2247 3546 magna
2285 3493 2423 3531 cum
2486 3476 2884 3531 admiratione
2936 3476 3143 3531 delecti
3196 3477 3275 3531 illi
3309 3476 3499 3530 Judaei

1845 3565 2033 3620 hianti
2063 3580 2163 3619 ore
2207 3568 2511 3636 stupentes
2562 3564 2858 3631 audirent,
2910 3564 3134 3619 efﬁcaci
3162 3565 3500 3635 responsio-

1848 3670 1994 3708 num
2042 3653 2173 3721 ejus
2204 3653 2592 3722 persuasione
2635 3654 2995 3707 consternati
3030 3668 3043 3707 :
3094 3668 3353 3724 cumque
3397 3669 3502 3723 po-

1848 3747 2069 3796 stremo
2117 3748 2355 3795 taurum
2407 3739 2499 3794 ille
2540 3756 2774 3795 veneno
2819 3745 3155 3807 caecatum,
3220 3744 3499 3797 invocato

1850 3829 2061 3887 Christi
2109 3829 2373 3892 nomine,
2406 3828 2756 3895 restitueret,
2790 3845 3002 3884 omnes
3038 3830 3113 3884 ad
3147 3829 3332 3899 pedes
3364 3830 3498 3902 ejus

1849 3924 1985 3974 sunt
2034 3917 2352 3990 provoluti,
2403 3916 2687 3988 cultuque
2748 3933 2858 3973 suo
2897 3918 3184 3989 projecto,
3231 3917 3392 3973 idem
3425 3919 3501 3975 de

1848 4006 2127 4075 religione
2180 4021 2318 4060 cum
2361 4005 2661 4077 Sylvestro
2688 4012 2997 4060 senserunt
3029 4022 3042 4060 :
3076 4005 3161 4061 ita
3192 4010 3257 4060 ut
3285 4007 3388 4079 qui
3428 4023 3499 4063 eo

1850 4096 2053 4151 animo
2086 4099 2371 4149 venerant
2415 4099 2478 4149 ut
2524 4093 2673 4149 alios
2740 4099 3042 4166 caperent,
3097 4095 3337 4166 ipsimet
3386 4097 3503 4152 sint

1850 4183 2027 4256 capti.
2062 4185 2179 4238 Hoc
2199 4183 2421 4238 factum
2466 4181 2646 4238 etiam
2673 4181 2863 4237 beata
2898 4182 3150 4249 Helenae,
3180 4190 3243 4239 ut
3265 4184 3339 4239 de
3378 4184 3500 4240 ﬁlio

432 4278 721 4353 Σιλϐέστρῳ
802 4279 1127 4349 προσέπιπτε
1157 4290 1170 4304 ⁵
1235 4279 1325 4326 καὶ
1386 4275 1597 4327 ἐτελεῖτο
1674 4275 1738 4325 τὰ

1853 4273 2063 4329 melius
2085 4272 2215 4343 jam
2238 4271 2499 4336 sentiret,
2532 4271 2854 4342 persuasit.
2884 4272 3038 4337 Quin
3054 4278 3109 4327 et
3129 4272 3266 4344 ipsa
3296 4275 3500 4344 patriae

1848 4362 2149 4432 religionis
2201 4361 2364 4418 cultu
2409 4359 2631 4428 relicto,
2686 4360 2763 4416 ad
2791 4360 3066 4432 Sylvestri
3120 4362 3375 4434 procidit
3406 4379 3504 4434 pe-

1850 4452 1957 4507 des
1983 4467 1996 4505 :
2029 4450 2108 4506 ab
2128 4465 2321 4521 eoque
2348 4464 2522 4503 sacra
2547 4448 2684 4504 fidei
2708 4455 2928 4505 nostra:
2962 4452 3244 4523 mysteria
3268 4451 3499 4518 edocta,

1848 4555 1993 4596 vera
2031 4538 2274 4595 tandem
2328 4543 2412 4593 tot
2456 4539 2757 4610 tantisque
2782 4539 3099 4594 virtutibus
3145 4540 3377 4611 praediti
3398 4540 3502 4595 ﬁlii
3579 4557 3584 4564 ί

1849 4634 2040 4684 mater
2057 4643 2189 4684 esse
2219 4626 2516 4699 apparuit,
2548 4626 2763 4683 eodem
2786 4643 2926 4684 cum
2946 4627 3045 4684 illo
3062 4628 3274 4684 ardore
3297 4634 3354 4685 et
3378 4628 3502 4685 ﬁde

1848 4718 1910 4773 in
1937 4716 2234 4773 Christum
2264 4722 2575 4787 concepto.

2417 4823 2640 4880 CAPUT
2659 4823 2928 4878 XXXVII.

1848 4933 1936 4988 De
1964 4930 2240 4996 conﬂictu
2268 4929 2648 5003 Constantini
2667 4936 2725 5003 et
2757 4929 3098 5003 Maximini.
3127 4930 3268 4987 etde
3292 4931 3373 4987 eis
3398 4931 3501 5003 qui

1919 5002 2150 5073 signum
2171 5003 2366 5057 crucis
2390 5002 2456 5056 in
2478 5000 2744 5057 exercitu
2765 5002 3033 5057 tulerunt
3064 5000 3444 5073 vexilli/eris.

1924 5183 2055 5237 Haec
2093 5196 2233 5235 cum
2280 5178 2662 5247 cognovisset
2700 5178 3073 5244 Maximinus,
3116 5178 3368 5235 Orientis
3415 5185 3502 5251 ty-

1850 5285 2100 5334 rannus,
2124 5284 2245 5324 non
2259 5268 2447 5340 potuit
2463 5266 2975 5338 nonimpatienter
2994 5266 3162 5322 ferre.
3198 5269 3501 5334 Quamob-

1852 5375 1980 5414 rem
2010 5356 2233 5414 bellum
2281 5354 2759 5412 irreconciliabili
2801 5356 2941 5411 odio
2976 5356 3312 5412 maximum
3374 5373 3500 5414 mo-

1854 5451 1933 5503 vit
1960 5446 2058 5519 (t),
2101 5446 2390 5519 brevique
2452 5459 2549 5499 res
2606 5459 2823 5500 omnes
2857 5443 3101 5500 miscuit
3124 5451 3181 5500 et
3214 5445 3498 5504 turbavit.

217 5580 302 5652 (1)
338 5578 526 5636 Paetis
556 5577 787 5634 violatis
824 5592 960 5648 quae
990 5590 1125 5629 cum
1156 5572 1384 5629 Licinio
1412 5573 1641 5628 inierat.
1675 5571 1892 5629 Euseb.

437 5677 678 5732 PATHOL.
713 5677 813 5732 Gn.
853 5672 1044 5730 CXLV
1057 5717 1070 5729 .

3147 5670 3209 5727 41
