4020 6218
549 271 679 343 1891

3592 95 3896 179 τ

1850 262 2234 335 NICEPHORI
2273 259 2591 334 GALLISTI
3060 250 3103 291 “·
3344 224 3353 227 ’
3754 264 3850 331 tm

543 397 866 469 exercitum
889 395 1140 467 collegit,
1163 396 1434 471 ingentes
1451 393 1778 464 innumera:
1793 391 2186 461 multitudinis

2305 389 2472 465 βνδρα
2529 394 2817 464 συνεκράτει
2875 395 3029 465 στίφη
3059 407 3076 420 '
3149 395 3242 459 καὶ
3311 391 3382 461 εἰς
3458 392 3652 463 μάχην
3722 394 3850 465 ινιτρ

542 488 750 559 cupias
779 488 1090 555 contraxit,
1124 491 1180 540 et
1209 484 1285 547 ad
1315 499 1580 557 pugnam
1609 499 1674 537 se
1710 498 1897 556 quam
1930 481 2190 551 maxime

542 575 733 648 potuit
762 575 1059 647 instruxit,
1092 590 1200 651 spe
1226 580 1281 628 et
1302 572 1523 641 ίίᾱμφλα
1547 571 2042 643 dmuionummec
2067 585 2189 635 non

542 671 910 735 armatorum
938 662 1199 738 plurima
1231 661 1406 731 turba
1430 661 1737 729 seductus.
1778 659 1987 733 Itaque
2009 660 2189 727 etiam

540 754 866 827 imperator
893 750 1334 822 celeberrimus.
1372 766 1491 819 una
1517 766 1657 815 cum
1698 748 1915 817 Licinio
1938 748 2185 813 Caesare,

544 845 730 913 Roma
780 846 938 911 terra
990 841 1261 913 marique
1307 840 1601 909 Orientem
1662 854 1872 907 versus
1925 845 2011 897 est
2056 852 2188 909 pro-

540 931 747 1002 iectus.
776 947 913 1001 cum
947 930 1208 999 exercitu
1242 929 1376 1001 farti.
1429 935 1487 997 et
1516 928 1762 999 robusto
1814 926 2040 1001 J96
2067 942 2188 998 quo

541 1025 742 1075 tamen
787 1020 884 1075 ille
936 1036 1057 1074 non
1116 1025 1370 1082 tantum,
1425 1026 1722 1089 quantum
1751 1017 1942 1088 ipsius
1994 1016 2187 1083 crucis

540 1116 870 1172 armatura,
894 1107 1255 1177 conﬁdebat.
1284 1109 1344 1176 Et
1360 1113 1755 1179 posteaquam
1776 1106 1833 1159 in
1853 1104 2188 1175 Bithyniam

540 1198 613 1252 ad
648 1198 867 1260 locum,
900 1199 1001 1268 qui
1035 1203 1282 1250 Astacus
1314 1195 1550 1257 dicitur,
1584 1202 1823 1249 ventum
1851 1200 1956 1259 est,
1982 1200 2188 1247 contra

542 1287 895 1343 sceleratum
937 1286 1169 1341 hostem
1202 1285 1377 1355 signa
1430 1283 2183 1354 infestajaminferentem,

538 1377 809 1433 maxima
855 1391 991 1430 cum
1031 1374 1252 1430 ﬁducia
1282 1374 1409 1429 acie
1453 1375 1739 1428 instructa
1782 1372 2186 1444 progreditur.

537 1465 1013 1533 Jusseratautem
1031 1462 1453 1533 Constantinus
1469 1465 1714 1530 Magnus
1728 1461 1920 1516 crucis
1946 1461 2074 1529 sign
2086 1476 2187 1527 um

536 1552 819 1623 praeferri,
847 1552 1009 1625 quod
1044 1568 1079 1607 a
1110 1550 1394 1607 Romanis
1422 1557 1597 1617 antea
1623 1550 1918 1605 Labarum
1951 1548 2190 1604 diceba-

537 1632 653 1706 tur,
694 1632 887 1712 signis
943 1639 1303 1695 militaribus
1360 1638 1493 1694 aliis
1548 1638 1724 1709 longe
1779 1637 2184 1709 prmstantius,

2301 500 2480 549 πιστο,
2531 478 2791 552 δαιμόνων
2839 479 3011 550 ἐλπίσι
3064 486 3154 547 καὶ
3203 480 3424 543 ὁπλιτῶν
3455 484 3714 552 μυριάσιν
3762 486 3859 537 ττι-

2301 573 2534 641 τημένος.
2569 571 2661 637 Am’
2713 589 2795 623 τοι
2848 578 3014 637 ταῦτα
3051 575 3140 637 καὶ
3195 572 3221 623 ὀ
3271 573 3606 643 πανεύφημος
3664 572 3867 629 Baetin;

2300 668 2391 719 τῆς
2431 658 2629 729 Ῥώμης
2682 658 2907 731 ἀπάρας,
2956 664 3222 711 συνείπετο
3271 656 3330 711 δέ
3382 661 3432 712 οἱ
3481 659 3628 729 αὐτῷ
3668 666 3761 712 καὶ
3812 668 3875 713 Ai-

2300 753 2462 812 κίνιος
2519 748 2725 821 Καῖσαρ
2770 752 2862 799 σύν
2914 755 3008 803 οὐκ
3055 746 3253 819 ἀγεννεῖ
3276 756 3350 818 τῷ
3401 757 3616 821 στρατῲ
3674 758 3766 800 καὶ
3814 745 3881 800 δυ

2299 844 2399 909 γῆς
2451 841 2539 893 καὶ
2581 837 2870 904 θαλάσσης,
2927 840 3062 899 κατὰ
3110 846 3206 899 τῆς
3248 839 3312 891 ἕω
3359 835 3584 911 ἐφέρετο,
3618 837 3681 889 ού
3720 838 3887 906 sane

2300 929 2505 995 τούτοις
2644 934 2736 985 τού
2790 934 3019 999 σταυροῦ
3072 925 3331 997 πανοπλία
3376 930 3433 978 τό
3484 926 3697 1005 θαρρεῖν
3750 929 3891 996 ἔχων.

2301 1016 2445 1079 Ἐπεί
2494 1010 2554 1069 δι
2619 1020 2707 1077 καὶ
2764 1014 2836 1091 εἰς
2898 1012 3134 1089 βιθυνίαν
3186 1017 3305 1081 ἧκε,
3362 1020 3481 1088 περί
3530 1035 3634 1067 που
3692 1020 3807 1087 τόν2
3852 1014 3894 1074 ἑ;

2297 1101 2560 1164 "Amano;
2623 1104 2855 1155 καλεῖται
2907 1113 3099 1178 χῶρος,
3177 1103 3460 1175 συμϐάλλει
3525 1107 3664 1175 πρὸς
3722 1106 3899 1175 μάχην

2299 1200 2370 1262 τῷ
2431 1192 2735 1264 παλαμναίῳ
2821 1195 3017 1264 ἐχθρῷ,
3087 1193 3141 1255 ἐξ
3207 1191 3431 1254 ἐναντίας
3514 1196 3724 1253 ἧκοντι,
3796 1195 3897 1263 μεθ’

2300 1282 2430 1341 ὅσης
2478 1280 2539 1331 οἶν
2576 1300 2657 1343 τις
2711 1285 2845 1333 εἴποι
2906 1284 3252 1355 θρασύτητος.
3305 1281 3363 1333 ’0
3429 1278 3489 1334 δε
3549 1286 3715 1353 μέγας
3771 1287 3904 1334 Κων-

2302 1376 2569 1431 σταντῖνος
2638 1374 2696 1422 τὸ
2775 1378 2868 1422 τοῦ
2945 1379 3174 1455 σταυροῦ
3255 1378 3471 1442 σημεῖον
3546 1372 3905 1453 προηγεῖσθαι

2298 1463 2638 1531 προσέταττεν
2671 1475 2684 1488 ·
2737 1458 2762 1510 ὃ
2824 1463 2960 1532 πορὰ
3008 1458 3277 1532 Ῥωμαίοις
3331 1464 3581 1539 πρότερον
3650 1458 3903 1530 Λάϐε-ερον

2299 1547 2615 1619 ὠνομάζετο.
2689 1553 2789 1601 Καὶ
2856 1557 2951 1599 τῶν
3023 1547 3187 1600 ἄλλων
3246 1552 3471 1621 σημείων
3551 1547 3905 1620 πολεμικώτε-

2297 1654 2385 1708 ρον
2462 1633 2523 1694 ἦν
2556 1657 2569 1670 ο

2623 1639 2797 1711 ὅτιωερ
2856 1637 3015 1690 έκεῖνο
3094 1640 3444 1709 καθηγεῖσθαι
3495 1642 3593 1689 καὶ
3661 1656 3905 1710 προσκυ-

536 1726 772 1803 quodid
787 1745 823 1785 a
844 1728 1130 1784 militibus
1149 1727 1414 1799 praeferri
1442 1731 1499 1783 et
1525 1726 1764 1782 adorari
1784 1726 1913 1796 lege
1944 1734 2186 1781 cautum

2297 1726 2501 1776 νεῖσθαι
2552 1732 2659 1785 τοῖς
2690 1732 3040 1798 στρατιώταις
3090 1730 3378 1798 νενόμιστο,
3442 1730 3541 1778 Καὶ
3597 1722 3695 1777 διὰ
3733 1732 3901 1791 τοῦτο,

534 1816 727 1873 fuerit.
757 1818 947 1883 Quam
972 1817 1052 1885 ob
1075 1832 1319 1885 causam
1352 1816 1530 1885 etiam
1562 1816 2016 1871 Constantinum
2044 1820 2188 1887 puto

536 1906 991 1977 celeberrimum
1021 1906 1270 1961 Romani
1303 1904 1539 1976 imperii
1569 1903 1848 1959 vexillum
1882 1904 1942 1958 in
1982 1902 2189 1957 Christi

537 1995 777 2067 signum
823 2000 1113 2064 mutasse,
1144 2000 1207 2049 ut
1237 1994 1528 2066 frequenti
1581 1994 1708 2063 ejus
1756 1990 2099 2064 spectaculo
2134 1998 2190 2047 et

535 2084 698 2140 cultu
728 2083 948 2139 subditi
976 2083 1034 2137 in
1083 2082 1545 2138 desuetudinem
1581 2080 1849 2153 pristinae
1908 2080 2189 2152 supersti-

534 2172 712 2229 tionis
741 2173 1029 2243 venirent,
1061 2186 1320 2244 eumque
1348 2171 1544 2226 solum
1580 2162 1759 2225 Deum
1785 2185 1913 2225 esse
1943 2170 2187 2224 arbitra-

535 2269 758 2328 rentur,
815 2277 995 2335 quem
1026 2260 1352 2333 imperator
1413 2265 1469 2315 et
1507 2259 1691 2314 duces
1739 2259 1869 2341 ejus
1900 2258 2184 2323 colentes,

535 2342 985 2424 propugnatore
1023 2349 1312 2405 adversus
1351 2349 1552 2403 hostes
1583 2353 1905 2403 uterentur.
1938 2346 2057 2401 Hoc
2081 2345 2188 2415 igi-

536 2446 630 2495 tur
655 2440 895 2510 signum
926 2437 1213 2510 prmierri,
1260 2444 1317 2493 et
1352 2436 1764 2493 laborantibus
1806 2435 2187 2508 periclitanti-

532 2529 769 2602 busque
794 2527 1141 2584 cohortibus
1175 2525 1406 2590 adesse,
1441 2531 1620 2599 atque
1651 2542 1687 2581 a
1707 2525 2058 2581 satellitibus
2078 2539 2186 2596 per

532 2619 693 2675 vices
720 2618 780 2673 in
822 2618 1088 2689 humeris
1119 2616 1357 2686 gestari,
1402 2615 1764 2689 ordinesque
1818 2630 1957 2669 cum
1982 2630 2053 2669 eo
2078 2615 2184 2668 cir-

535 2709 695 2765 cuire
719 2709 1000 2785 jusserat.
1058 2706 1366 2762 Salutifera
1395 2705 1527 2761 haec
1565 2711 1872 2761 armatura
1928 2720 2067 2759 cum
2099 2705 2184 2758 sic

536 2797 903 2853 Constantini
946 2796 1137 2853 aciem
1184 2795 1437 2869 praeiret,
1489 2795 1837 2849 Maximinus
1876 2794 1999 2848 suis
2037 2808 2185 2865 prae-

536 2886 710 2963 cepit,
756 2892 818 2941 ut
884 2886 1230 2961 quicunque
1265 2883 1567 2941 collimare
1618 2889 1892 2956 certoque
1927 2870 2183 2954 jaculari

580 2981 804 3041 ossent,
829 2975 887 3029 in
922 2976 1165 3045 signum
1196 2973 1256 3028 id
1288 2973 1402 3030 tela
1459 2973 1838 3044 conjicerent.
1896 2979 2073 3044 atque
2124 2971 2185 3026 in

535 2991 736 3119 rosum
754 3063 1065 3119 confertim
1078 3079 1217 3117 cum
1243 3061 1470 3119 impetu
1484 3062 1793 3117 ferrentur.
1814 3063 2185 3119 Ouanronter

560 3080 736 3141 psum
754 3063 1065 3120 confertim
1078 3079 1217 3117 cum
1243 3061 1470 3133 impetu
1484 3062 1793 3117 ferrentur.
1814 3063 2186 3134 Quapropter
2218 3096 2259 3153 Ο

534 3152 586 3207 is
606 3152 706 3235 qui
720 3152 781 3206 id
796 3151 1274 3220 ferebat(dicitur
1291 3157 1488 3206 autem
1510 3153 1722 3205 Graecre
1741 3148 2184 3223 superstitionis

536 3237 761 3312 fuisse),
802 3245 966 3296 metu
1000 3238 1331 3312 perculsus,
1391 3238 1489 3293 alii
1522 3239 1887 3310 portandum
1956 3238 2188 3294 tradere

534 3326 855 3385 festinavit.
888 3333 1077 3400 Atque
1103 3327 1185 3383 ibi
1247 3326 1391 3399 alter
1418 3320 1667 3399 quidam
1730 3332 1897 3403 patre
1929 3332 2189 3399 martyre

535 3422 888 3490 prognatus,
921 3412 1534 3487 alacriteradmodiIm
1563 3414 1852 3487 prosiluit,
1887 3416 2191 3472 thoracem

537 3511 594 3562 et
620 3506 854 3576 galeam
875 3505 1050 3575 longe
1082 3521 1118 3560 a
1147 3519 1208 3560 se
1230 3504 1467 3576 abjecit,
1502 3503 1746 3579 solaque
1774 3506 1975 3561 tunica
2000 3511 2188 3560 tectus

537 3595 777 3666 signum
809 3594 1001 3649 crucis
1038 3593 1310 3681 arripuit.
1347 3597 1524 3649 Porro
1570 3593 1667 3648 ille
1710 3593 1815 3667 qui
1849 3593 1959 3648 sibi
1988 3609 2024 3650 a
2049 3593 2190 3649 telo-

526 3682 670 3738 ~rum
698 3683 912 3739 ictibus
942 3688 1199 3747 caverat,
1258 3681 1460 3737 lethali
1498 3682 1743 3751 vulnere
1780 3689 2027 3755 accepto
2053 3698 2191 3738 con-

536 3771 695 3827 cidit.
739 3773 849 3838 Qui
890 3788 1028 3827 vero
1058 3776 1363 3826 sacratum
1402 3771 1598 3825 crucis
1644 3771 1885 3840 signum
1938 3771 2184 3836 ferebat,

539 3861 820 3945 quamvis
848 3860 1051 3915 densa:
1084 3860 1236 3915 nivis
1276 3859 1461 3914 instar
1509 3859 1624 3914 tela
1668 3859 1725 3913 in
1754 3875 1893 3914 eum
1933 3860 2189 3931 conjice-

535 3955 759 4016 rentur,
790 3965 825 4005 a
853 3949 1017 4005 nullo
1049 3955 1249 4004 tamen
1282 3951 1373 4003 est
1400 3946 1765 4015 vulneratus.
1799 3949 1946 4003 Nam
1975 3956 2190 4022 praeter

537 4039 884 4111 Opinionem
916 4053 1158 4094 omnem
1189 4036 1394 4092 divina
1423 4036 1690 4115 quadam
1724 4037 1934 4092 virtute
1960 4030 2074 4093 tela
2109 4039 2187 4093 ab

534 4128 811 4183 hostibus
843 4128 1084 4195 emissa,
1109 4127 1298 4197 hastae
1333 4125 1485 4198 signi
1518 4124 1668 4181 illisa
1692 4131 1871 4199 atque
1901 4125 2185 4198 impacta,

539 4217 617 4283 ab
657 4232 728 4272 eo
769 4217 872 4289 qui
914 4216 974 4270 id
1018 4215 1242 4271 ferebat
1281 4215 1340 4270 in
1387 4213 1585 4269 medio
1629 4230 1937 4271 armorum
1979 4215 2186 4271 discri-

538 4306 699 4361 mine
740 4311 1017 4361 versante
1045 4303 1383 4360 avolabant.
1416 4303 1636 4359 Dicitur
1663 4309 1970 4376 praeterea,
2005 4311 2185 4379 atque

538 4410 573 4450 a
613 4395 710 4450 Dei
747 4392 1090 4449 amantibus
1121 4393 1261 4447 viris
1304 4392 1583 4457 creditur,
1617 4408 1725 4447 nec
1760 4392 1876 4447 alio
1916 4410 2185 4465 unquam

536 4490 806 4559 tempore
824 4484 926 4561 qui
945 4485 1184 4555 signum
1203 4481 1262 4536 id
1286 4481 1504 4549 tulerit,
1521 4483 1578 4537 in
1597 4483 1899 4537 sinistrum
1924 4483 2185 4557 aliquem

538 4566 1094 4645 decidisse‘casum,
1139 4577 1241 4626 aut
1270 4570 1648 4626 vulneratum
1680 4576 2000 4645 captumve
2030 4589 2181 4628 esse.

541 4661 713 4735 497
762 4662 876 4719 Sed
905 4661 1063 4717 enim
1098 4659 1300 4732 praelio
1340 4660 1688 4724 commisso,
1727 4665 2038 4737 tyrannus,
2080 4662 2183 4734 qui

537 4752 902 4809 detestandis
928 4765 1248 4821 magorum
1275 4748 1625 4820 imposturis
1654 4748 1836 4804 fretus
1863 4749 2073 4816 fuerat,
2102 4752 2189 4807 in-

537 4841 748 4898 teriore
775 4855 1018 4913 quoque
1051 4838 1253 4895 tunica
1291 4838 1544 4909 abjecta,
1587 4837 1945 4911 militarique
1974 4840 2186 4896 habitu

537 4935 799 5003 sumpto,
816 4945 953 4985 cum
965 4927 1177 5000 paucis
1189 4926 1521 4983 admodum
1544 4926 1646 4998 qui
1667 4927 1719 4982 ei
1740 4926 1885 4982 bene
1902 4928 2187 4986 volebant

536 5020 822 5087 evadens,
848 5034 1036 5090 quam
1062 5016 1364 5072 celerrime
1390 5031 1510 5088 quo
1544 5031 1683 5071 eum
1708 5015 1890 5087 pedes
1917 5016 2187 5073 ferebant

536 5108 818 5181 profugit,
862 5112 918 5162 et
966 5108 1166 5161 vicum
1208 5105 1391 5161 alium
1432 5105 1547 5161 alio
1577 5108 1833 5171 mutans,
1877 5106 1971 5161 vix
2010 5122 2071 5161 se
2112 5121 2185 5162 ex

535 5198 800 5254 hostium
850 5195 1127 5252 manibus
1176 5194 1460 5250 subduxit
1504 5196 1749 5266 :reipsa
1794 5211 2001 5250 verum
2051 5211 2184 5251 esse

536 5286 863 5343 ostendens
910 5285 1180 5340 divinum
1230 5283 1374 5339 illud
1423 5283 1757 5347 oraculum,
1806 5284 1969 5355 quod
2000 5284 2180 5339 dicit:

534 5378 670 5433 Non
699 5376 975 5432 salvatur
1009 5389 1118 5431 rex
1140 5389 1251 5444 per
1277 5373 1495 5427 multas
1523 5374 1720 5441 copias
1749 5387 1906 5438 suas,
1940 5377 1995 5429 et
2022 5375 2185 5444 gigas

534 5482 655 5522 non
686 5463 1026 5521 salvabitur
1053 5464 1116 5518 in
1146 5462 1533 5527 multitudine
1570 5461 1809 5519 virtutis
1856 5478 1977 5518 suae
2009 5464 2027 5499 ί
2083 5480 2100 5516 :
2130 5466 2185 5519 et

610 5556 628 5596 ³
662 5554 816 5611 Psal.
847 5569 1031 5620 xxxn,
1067 5556 1153 5611 16.

2300 1814 2368 1873 ὦς
2423 1833 2482 1884 γε
2535 1816 2735 1886 οἴομαι,
2777 1818 2867 1866 καὶ
2917 1808 3302 1867 Κωνσταντῖνον
3337 1817 3395 1865 τό
3445 1818 3590 1887 παρὰ
3625 1814 3905 1885 Ῥωμαίοις

2301 1897 2684 1974 ἐπισημότατον
2763 1902 3020 1975 σύμϐολον
3099 1912 3195 1966 τῆς
3269 1903 3448 1977 ἀρχῆς
3522 1904 3592 1963 εἰς
3663 1911 3903 1977 Χριστοῦ

2304 1998 2517 2062 σημεῖον
2572 1991 2874 2064 μεταϐαλεῖν
2903 2010 2916 2022 ·
2967 1995 3032 2053 ὡς
3083 1991 3143 2044 ἃν
3199 2000 3261 2064 τῇ
3352 1995 3562 2050 συνήθει
3647 1994 3746 2062 θέα
3818 1998 3905 2042 καί

2303 2082 2547 2154 θεραπείᾳ
2598 2080 2771 2156 πόρρω
2825 2089 2914 2133 τοῦ
2970 2084 3223 2141 συνήθους
3272 2085 3395 2143 τοὺς
3449 2080 3786 2154 ἀρχομένους
3835 2082 3906 2133 ἔλα

2302 2171 2423 2223 θεῖν.
2453 2176 2646 2222 Τοῦτον
2701 2166 2760 2222 δε
2810 2175 2963 2243 μόνον
3021 2172 3267 2241 ἡγεῖσθαι
3321 2174 3471 2237 Θεὸν,
3527 2170 3581 2222 ὃν
3616 2168 3768 2229 δῆτα
3820 2177 3906 2222 καὶ

2300 2256 2549 2329 βασιλεύς
2605 2264 2693 2310 καὶ
2745 2250 2989 2330 ἡγεμόνες
3036 2267 3302 2330 τιμῶντες,
3361 2258 3668 2331 ἁμυντηρίῳ
3733 2269 3905 2332 χρῶν-

2296 2367 2384 2399 ται
2440 2350 2576 2413 κατά
2635 2357 2734 2400 τῶν
2790 2340 3097 2420 πολεμίων.Δ
3133 2355 3297 2401 Τοῦτο
3362 2358 3488 2419 γοῦν
3544 2352 3903 2423 προηγεῖσθαι

2298 2436 2554 2505 ἐπέταττε,
2615 2443 2705 2490 καὶ
2784 2446 2895 2498 ταῖς
2948 2440 3274 2510 καμνούσαις
3351 2438 3579 2510 φάλαγξι
3660 2445 3903 2512 παρεῖναι

2296 2524 2506 2577 ἑκέλευε’
2554 2530 2644 2577 καί
2722 2545 2781 2597 γε
2859 2522 3179 2598 δορυφόρους
3262 2524 3553 2599 ἀμοιϐαδὸν
3635 2527 3721 2579 ἐπὶ
3801 2537 3899 2579 τῶν

2295 2618 2446 2687 ὤμων
2498 2622 2663 2667 ταῦτα
2727 2618 2892 2687 φέρειν
2949 2608 3177 2678 ἐπέταξε,
3244 2622 3334 2667 καὶ
3410 2618 3504 2681 τὰς
3580 2617 3759 2678 τάξεις
3807 2636 3899 2668 πε-

2293 2708 2501 2776 ριιέναι,
2560 2711 2663 2767 Τοῦ
2715 2708 2884 2756 τοίνυν
2940 2710 3202 2778 σωτηρίου
3256 2705 3412 2756 ὅπλου
3477 2710 3893 2777 προηγουμένου,

2294 2794 2487 2859 πάντας
2543 2797 2659 2853 τούς
2720 2796 2971 2864 εὔστοχον
3017 2793 3274 2869 ἀφιέντας,
3340 2794 3451 2845 κατ’
3509 2793 3707 2847 ἐκείνου
3774 2800 3898 2866 πέμ-

2295 2901 2406 2934 πειν
2457 2884 2525 2934 τὰ
2573 2881 2699 2961 βέλη
2758 2881 3051 2953 Μαξιμῖνος
3122 2883 3333 2953 ἐκέλευει
3393 2889 3483 2935 καὶ
3539 2885 3658 2934 κατ’
3740 2884 3894 2935 αὐτοῦ

2296 2969 2490 3024 ἐπιέναι
2570 2969 2754 3044 ἀθορον
2789 2988 2801 3000 ·
2854 2971 2921 3031 εἰς
2998 2968 3114 3033 δέος
3169 2977 3338 3023 τοίνυν
3417 2974 3754 3046 περιελθόντα
3812 2977 3895 3025 τόν

2294 3068 2447 3112 τούτο
2500 3063 2733 3134 φέροντα,
2790 3057 2849 3119 ἦν
2896 3057 2948 3113 δ’
2995 3063 3062 3127 ὡς
3121 3061 3275 3133 λόγος
3330 3064 3395 3114 τὰ
3468 3060 3723 3125 Ἑλλήνων
3781 3082 3897 3135 peo-

2294 3158 2413 3214 νῶν,
2467 3151 2617 3222 ἑτέρῳ
2672 3146 3001 3223 παραδοῦναι
3057 3147 3403 3213 ἐσπούδαζεν.
3464 3150 3648 3211 Ἀλλος
3705 3148 3769 3203 δέ
3827 3171 3901 3211 τις

2295 3228 2551 3317 μάρτυρα
2589 3243 2736 3311 σχὼν
2794 3244 3007 3311 πατέρα,
3084 3242 3460 3312 προθυμότατα
3517 3237 3896 3313 προπηδήσας,

2296 3322 2382 3379 τόν
2440 3345 2494 3378 τε
2549 3328 2759 3400 θώρακα
2819 3332 2909 3379 καὶ
2956 3330 3012 3379 τὸ
3068 3330 3255 3402 κράνος
3312 3330 3379 3388 ὡς
3430 3326 3750 3403 πορρωτέρω
3811 3328 3899 3401 βα-

2295 3413 2415 3481 λὼν,
2474 3414 2546 3467 ἐνὶ
2584 3420 2673 3467 καὶ
2720 3420 2859 3488 μόνῳ
2902 3421 3135 3488 χιτωνίῳ
3194 3435 3527 3488 σκεπομενος,
3570 3422 3629 3469 τὸ
3681 3437 3899 3490 σταυρι-

2296 3507 2385 3555 κόν
2468 3512 2680 3576 σημεῖον
2753 3496 3115 3576 κοιθηρπαζε.¹
3165 3511 3265 3559 Καὶ
3331 3508 3355 3558 ό
3415 3509 3507 3578 μὲν
3554 3516 3657 3557 τῶν
3743 3506 3895 3579 βελῶν

3644 3597 3669 3647 ὁ
3740 3593 3801 3648 δι
3846 3598 3894 3646 τὸ

2300 3690 2513 3757 σημεῖον
2587 3686 2834 3756 ἰπιφέρων
2906 3688 2965 3734 τὸ
3028 3687 3331 3757 σταυρικόν,
3389 3689 3576 3756 καίπερ
3639 3690 3779 3736 κατὰ
3830 3706 3895 3736 νι-

2297 3591 2391 3655 ἔξω
2447 3598 2727 3666 γενόμενος,
2800 3600 3009 3667 καιρίαν
3082 3594 3298 3667 πληγεὶς
3364 3597 3528 3647 ἔκειτο
3574 3612 3587 3625 ⁵

2299 3768 2469 3845 φάδας
2531 3772 2670 3844 αύτῷ
2725 3781 2823 3823 τῶν
2885 3769 3042 3844 βελῶν
3101 3772 3467 3845 ἐπιχεομένων,
3522 3775 3769 3848 οἰτρωτος
3817 3771 3892 3830 ἓν.

2299 3864 2447 3934 Παρὰ
2502 3858 2659 3923 δόξαν
2707 3864 2807 3935 γάρ
2873 3881 2977 3921 πως
3025 3863 3123 3913 ύπὸ
3186 3854 3323 3922 θείας
3368 3859 3643 3936 δυνάμεως
3685 3865 3753 3914 τὰ
3806 3871 3894 3913 τῶν

2295 3949 2548 4021 πολεμίων
2622 3949 2929 4023 ἐπαφιέμενα
3005 3948 3125 4023 βέλη
3204 3960 3275 4022 τῷ
3334 3951 3466 4023 ξύλῳ
3521 3959 3616 4003 τοῦ
3677 3958 3896 4023 σημεῖον

2295 4040 2739 4112 προσπήγνυσθαι
2768 4056 2779 4068 ⁸
2847 4039 3173 4111 ἀφίπτασθαί
3221 4059 3279 4111 γε
3331 4034 3447 4112 μὴν
3484 4044 3767 4093 παντάπαν
3812 4048 3895 4092 τοῦ

2297 4131 2556 4202 φέροντος,
2616 4133 2705 4180 καὶ
2750 4136 2918 4180 ταῦτα
2973 4133 3116 4201 μέσῳ
3172 4129 3240 4199 τῷ
3316 4125 3546 4202 κινδύνῳ
3599 4129 3897 4201 ἐνειλημμέο

2294 4235 2404 4269 νου.
2461 4221 2680 4287 Λέγεται
2732 4220 2904 4288 μέντοι
2963 4223 3052 4269 καὶ
3119 4216 3302 4278 ἀκοαῖς
3366 4218 3615 4289 φιλοθέων
3662 4222 3896 4271 πιστεύε-

2293 4324 2400 4371 ται,
2434 4303 2571 4377 μηδε
2624 4306 2801 4358 ἄλλοτέ
2838 4326 2960 4358 ποτε
3010 4309 3095 4358 τόν
3148 4310 3204 4358 τό
3258 4315 3471 4379 σημεῖον
3519 4316 3673 4360 τοῦτο
3727 4307 3897 4380 Emen-

2292 4398 2502 4466 ρόμενον
2557 4401 2719 4465 σκαιᾴ
2772 4414 2874 4447 τινι
2943 4401 3235 4469 περιπεσεῖν
3293 4402 3560 4467 συμφορᾷ,
3622 4395 3735 4448 ἀλλ’
3778 4393 3895 4448 οὐδε

2292 4488 2618 4557 τραυματίαν
2675 4487 2705 4541 ἣ
2788 4483 3123 4556 αἰχμάλωτον
3201 4483 3510 4555 ἀπαχθῆναί
3579 4504 3727 4540 ποτε.
3799 4492 3893 4543 Ττξς

2291 4580 2415 4643 γοῦν
2476 4571 2740 4645 συμϐολῆς
2824 4566 3111 4645 γενομένης,
3172 4574 3197 4624 ὁ
3266 4575 3382 4635 ταῖς
3436 4582 3707 4648 μυσαραῖς
3775 4594 3895 4645 γοε-

2291 4666 2447 4723 τείαις
2517 4659 2897 4735 ἐπερειδόμενος
2961 4666 3224 4738 τύραννος,

2294 4753 2493 4810 ἐσθῆτα
2564 4750 2854 4817 ἀποϐαλὼν,
2924 4757 3014 4804 καὶ
3107 4756 3482 4824 στρατιωτικὸν
3569 4756 3894 4826 περιθέμενος

3312 4668 3401 4715 καὶ
3476 4669 3571 4722 τὴν
3655 4664 3892 4736 ἐσχάτην

2296 4849 2507 4912 σχῆμα,
2567 4840 2676 4913 μετ’
2731 4839 2910 4911 ὀλίγων
2963 4842 3097 4892 πάνυ
3158 4833 3215 4893 τό
3297 4844 3470 4893 εὔνουν
3534 4841 3891 4913 φυλαττόντων

2295 4928 2435 5001 αύτῴ
2462 4926 2691 5003 διαδρὰς
2728 4930 2780 4982 οἶ
2831 4925 3007 4981 ποδῶν
3062 4925 3201 5001 εἶχεν
3240 4931 3437 5002 ἔφευγε.
3495 4937 3692 5001 Κῲμην
3738 4928 3792 4984 δ’
3844 4933 3891 4987 ἐκ

2292 5024 2474 5091 κώμης
2535 5017 2777 5089 ἀμείϐων,
2854 5018 2999 5089 μόλις
3054 5020 3148 5078 τὰς
3235 5027 3333 5069 τῶν
3385 5018 3646 5091 πολεμίων
3709 5028 3890 5094 χεῖρας

2295 5106 2586 5170 διέξεισιν⁵
2664 5109 2797 5179 ἔργῳ
2877 5103 3053 5169 δείξας
3142 5106 3523 5164 ἐπαληθεύοντα
3600 5113 3692 5160 τόν
3769 5112 3887 5161 θεῖον

2292 5201 2569 5271 χρησμόν·
2598 5196 2681 5249 Ού
2715 5197 2993 5256 σώζεται
3023 5195 3330 5270 βασιλεὺς
3358 5193 3469 5249 διὰ
3506 5197 3758 5257 πολλὴν
3800 5196 3888 5251 δύο

2293 5305 2501 5355 ναμιν,
2544 5286 2845 5356 φάσκοντα·
2888 5289 2991 5336 καί
3024 5280 3251 5355 ⁸γίγας
3290 5284 3357 5337 ού
3423 5288 3803 5344 σωθᾷσεται
3839 5288 3885 5337 ἐν

2292 5374 2523 5432 πλήθει
2565 5373 2801 5445 ἰσχύος
2840 5373 3037 5426 αὐτοῦ
3066 5388 3078 5404 ⁸
3112 5378 3202 5425 καὶ
3250 5374 3351 5425 ὅσα
3380 5373 3493 5436 ἑξῆς
3521 5382 3616 5427 τοῦ
3658 5375 3881 5447 Ψαλμεν.

2296 5463 2547 5539 Αἰσχρῶς
2590 5456 2848 5525 δ”ούτως
2906 5464 2988 5515 ἰπὶ
3039 5465 3126 5514 τόν
3167 5462 3353 5515 οἰκεῖον
3377 5471 3557 5538 χῶρον
3603 5462 3784 5533 ἕλθὼν,
3814 5468 3881 5516 τὸν
