4016 6224
198 306 338 367 4993
1244 296 1805 369 ECCLESIASTICE
1845 307 2200 371 HISTORUE
2239 311 2376 367 LIB.
2420 312 2534 368 vn.
3411 320 3548 377 4294

199 438 359 507 θυμὸν
406 435 519 493 ὅλον
569 434 845 493 ἐνσκήπτει
908 437 1045 492 κατὰ
1091 443 1191 487 τῶν
1247 436 1403 491 αὐτοῦ
1481 439 1648 509 ἱερέων
1699 440 1785 491 καὶ

1967 450 2034 492 ne
2063 437 2124 492 in
2153 437 2388 493 Psalmo
2414 440 2766 508 sequuntur.
2789 440 3109 513 Postquam
3131 457 3275 499 vero
3294 458 3367 500 ex
3392 449 3553 520 turpi

198 532 509 597 προφητῶν·
588 524 655 579 ὧν
757 532 873 586 ταῖς
951 528 1291 596 μαγγανείαις
1373 523 1784 597 ἀναῤῥιπισθεὶς,

1965 540 2043 594 ga
2066 527 2128 583 in
2144 525 2433 585 ditionem
2464 542 2639 584 suam
2667 531 2958 599 pervenit,
2986 531 3138 587 iram
3165 531 3551 607 furoremque

198 618 283 669 τόν
333 621 582 671 τοσοῦτον
643 617 809 687 ἤρατο
862 610 1106 685 πόλεμον.
1199 617 1296 669 Καὶ
1363 617 1481 673 τοὺς
1558 612 1784 684 μάλιστα

1965 628 2144 673 nnem
2172 614 2235 673 in
2257 614 2594 671 sacerdotes
2616 621 2672 673 et
2699 621 2865 673 vates
2886 635 3029 677 suos
3057 620 3270 687 emisit,
3289 638 3551 693 quorum

200 699 632 775 διαϐεϐοημένους
688 701 738 757 ἐν
793 704 995 763 τούτοις
1050 700 1321 775 ἀθροίσας,
1355 703 1440 757 οἶα
1475 707 1671 773 γόητας
1700 704 1786 755 καὶ

1958 702 2150 771 .agicis
2195 702 2705 762 incantationibus
2755 710 2811 762 et
2846 706 3195 779 imposturis
3224 710 3544 777 adductus,

199 792 491 852 ἀπατεῶνας
564 796 904 863 κατέσφαττι.
981 798 1065 861 Τῷ
1149 787 1207 845 δὲ
1285 799 1384 843 τῶν
1462 798 1785 864 Χριστιανῶν

1963 796 2137 848 ntum
2160 797 2505 864 susceperat
2521 793 2784 851 bellum:
2818 795 3216 870 collectosque
3242 814 3315 854 ex
3334 799 3409 855 iis
3430 800 3549 857 cla-

195 880 359 955 ἕφόρῳ
390 889 503 951 Θεῲ
540 885 694 952 νόμον
745 882 872 954 ὑπερ
927 880 1109 944 αὐτοῦ,
1164 879 1269 952 οὐχ
1299 880 1405 932 οἷον
1462 887 1569 941 τοῖς
1611 885 1781 952 πρότε·

1965 880 2169 939 ιεὶωοε
2206 898 2502 954 quosque,
2542 883 2724 940 veluti
2772 885 3235 957 prmstigiatoros
3264 904 3336 944 ac
3371 891 3551 947 sedu-

191 989 302 1043 ρον,
335 969 444 1023 ἀλλ’
474 969 642 1027 ἐντελῆ
694 969 995 1041 ἐψηφίζετο.
1056 969 1266 1039 Ὀλίγον
1318 965 1377 1021 δὲ
1413 973 1610 1042 χρόνου
1642 965 1777 1042 διαβ-

1963 985 2092 1026 ores
2102 971 2422 1041 jugulavit.
2442 971 2913 1030 Christianorum
2932 980 3131 1035 autem
3158 978 3391 1034 tutelari
3409 981 3549 1047 Deo,

191 1059 389 1132 ῥυέτος,
445 1058 788 1132 ἄπροθέσμως
836 1060 1002 1123 ούτως
1048 1059 1320 1131 αἰσχίστῳ
1369 1065 1512 1134 μόρῳ
1559 1062 1644 1115 τόν
1675 1056 1777 1133 βίοι

1966 1074 2024 1117 in
2052 1059 2294 1131 Qualem
2310 1063 2508 1126 antea,
2530 1061 2635 1117 sed
2651 1061 2973 1133 perfectam
2986 1064 3112 1134 jam
3134 1064 3552 1139 integramque

192 1151 577 1221 κατέστερεφεν.
647 1149 781 1219 *Εγὼ
876 1144 936 1203 δε
993 1152 1084 1211 καῖ
1140 1151 1226 1201 τόν
1295 1152 1470 1221 νόμον,
1530 1151 1599 1210 ὡς
1650 1145 1778 1220 εἶχετ

1965 1164 2011 1203 ’0
2064 1148 2149 1204 eis
2178 1150 2663 1207 constitutionem
2701 1151 3062 1223 proposuit:
3094 1168 3205 1210 nec
3246 1153 3332 1211 ita
3367 1156 3551 1228 longo

193 1235 445 1310 ἕνγράφω
474 1244 538 1308 τῇ
575 1244 882 1309 συγγραφῇ-

1965 1242 2040 1293 >st
2082 1243 2367 1309 tempore,
2422 1244 2635 1310 printer
2689 1240 2877 1301 fatum
2929 1240 3091 1298 foeda
3140 1249 3332 1301 morte
3370 1245 3551 1302 vitam

1899 1324 2071 1383 ﬁniit.
2091 1327 2586 1395 Constitutionem
2599 1343 2735 1385 eam
2750 1329 2844 1385 his
2865 1330 3308 1389 adnectandam
3322 1334 3551 1391 censui.

801 1438 1044 1490 ΚΕΦΑΛ.
1088 1431 1217 1487 ΛΗ⁸.

2461 1434 2686 1492 CAPUT
2724 1437 2994 1492 XXXVIII.

195 1543 347 1617 Περὶ
408 1539 484 1589 ὧν
547 1534 858 1627 διαδρὰςκ
887 1542 1019 1627 fa».
1058 1535 1362 1592 κίνδυνον
1424 1539 1781 1612 Μαξιμίνος

1968 1542 2214 1599 εειίίοτίε
2263 1557 2395 1615 quas
2436 1543 2807 1603 Maximinus
2838 1545 3121 1627 periculo
3149 1547 3366 1604 evitato
3395 1553 3554 1605 recte

752 1610 953 1673 καλῶς
993 1613 1243 1683 ἔγραφε.
1614 1610 1621 1612 ἡ
2272 1610 2290 1615 ⁷

1614 1610 1621 1612 ⁷
2272 1610 2290 1615 ⁷
2559 1610 2893 1685 proposuit.

264 1717 614 1791 Αὐτοκράτωρ
693 1723 896 1793 Καῖσαρ
965 1719 1114 1778 Γάίος
1181 1717 1491 1792 Οὐαλλέριος
1551 1718 1788 1791 Μαξιμῖ-
1820 1785 1850 1797 Ἡ

1972 1740 2000 1768 ‹‹
2029 1721 2357 1791 Imperator
2379 1721 2572 1777 Caesar
2589 1721 2764 1792 Cajus
2780 1721 3044 1785 Valerius
3064 1723 3140 1797 (l)
3171 1724 3551 1791 Maximinus,

189 1825 294 1871 νος,
374 1785 701 1879 Γερμανίκός,
777 1785 1122 1879 Σαρματικός,
1207 1785 1459 1877 εὐτυχὴς,
1548 1785 1775 1872 εὖσεϐτης1

1963 1808 2304 1875 ermanicus,
2373 1809 2757 1876 Sarmaticus,
2819 1810 2995 1877 Felix,
3060 1812 3213 1876 Pius,
3270 1814 3549 1881 Invictus,

190 1886 455 1962 ἀνίκητος,
538 1894 811 1956 σεϐαστός.
903 1898 1048 1948 Κατὰ
1122 1897 1292 1947 πάντα
1385 1900 1569 1971 τρόπον
1648 1899 1776 1968 ἡμᾶς

1967 1902 2222 1966 igustus.
2252 1897 2544 1954 Omnibus
2564 1914 2676 1953 nos
2693 1898 2889 1955 modis
2906 1900 3203 1956 continuae
3223 1903 3553 1973 provincia-

192 1981 444 2044 διηνεκῶς
499 1993 599 2035 τῶν
646 1987 990 2058 ἐπαρχιωτῶν
1045 1992 1144 2034 τῶν
1200 1986 1460 2056 ἡμετέρων
1512 1991 1603 2036 τοῦ
1647 2004 1778 2056 χρη-

1966 2002 2040 2041 ιω
2068 1990 2415 2042 nostrorum
2441 1988 2857 2044 commoditati
2886 1988 3222 2059 providere,
3244 2006 3437 2063 eaque
3466 1993 3552 2048 eis

193 2079 352 2145 σίμου
415 2076 747 2146 προνοεῖσθαι
779 2092 792 2105 ο
843 2078 932 2125 καὶ
1011 2080 1177 2125 ταῦτα
1256 2072 1429 2132 αὐτοῖς
1501 2071 1779 2145 βούλεσθαι

1967 2079 2174 2131 aestare
2202 2074 2371 2142 velle,
2415 2092 2550 2148 quae
2598 2077 2872 2133 omnium
2928 2078 3193 2141 maxime
3248 2078 3553 2137 fructuosa

193 2167 464 2236 παρέχειν,
514 2163 592 2224 οἷς
651 2166 718 2213 τὰ
766 2161 1009 2220 λυσιτελῆ
1066 2164 1265 2213 πάντων
1323 2161 1555 2234 μάλιστα
1600 2182 1779 2238 κατορ-

1966 2168 2034 2230 it,
2068 2168 2123 2219 et
2151 2179 2287 2237 quae
2319 2164 2398 2220 ad
2428 2181 2607 2221 usum
2634 2165 3071 2239 utilitatemque
3095 2168 3369 2229 omnium
3390 2185 3552 2225 com-

195 2254 397 2317 θούται,
437 2256 526 2303 καὶ
579 2252 680 2303 ὅσα
732 2259 828 2311 τῆς
878 2250 1200 2311 λυσιτελείας
1246 2255 1335 2302 καὶ
1382 2242 1781 2324 χρησιμότητός

1965 2267 2143 2307 unem
2174 2240 2421 2322 faciant,
2442 2253 2648 2326 reique
2668 2255 2931 2327 publicas
2961 2257 3340 2323 conveniant,
3370 2264 3551 2330 atque

192 2343 306 2392 ἑστι
360 2349 457 2403 τῆς
506 2348 680 2402 κοινῆς
739 2340 907 2393 αὐτῶν
941 2358 953 2369 '
982 2345 1071 2397 καὶ
1119 2341 1273 2395 ὁποῖα
1323 2343 1455 2412 πρός
1497 2345 1591 2398 τὴν
1621 2337 1778 2411 δημο-

1965 2342 2118 2395 ιὶωἱε
2176 2341 2449 2398 omnium
2482 2342 2668 2399 chara
2696 2349 2985 2415 grataque
3032 2346 3326 2411 accidant,
3358 2347 3551 2402 nemi-

195 2434 313 2482 σίαν
374 2429 696 2491 λυσιτέλειαν
754 2429 994 2501 ἁρμόζει,
1056 2433 1146 2483 καὶ
1203 2436 1321 2490 ταῖς
1369 2429 1600 2485 ἑκάστων
1671 2426 1781 2483 δια-

1965 2444 2035 2485 ιω
2075 2429 2371 2500 ignorare,
2412 2430 2519 2485 sed
2557 2445 3057 2503 unumquemque
3092 2431 3433 2502 hominum,
3470 2434 3551 2491 ad

190 2524 357 2579 νοίαις
436 2517 697 2593 προσφιλῆ
785 2520 1060 2589 τυγχάνει,
1139 2514 1290 2569 οὐδὲν
1374 2516 1597 2588 ἀγνοεῖν,
1680 2517 1776 2570 ἀλλ

1964 2533 2021 2571 m
2049 2518 2244 2589 ipsam
2270 2524 2692 2586 recurrentem,
2722 2535 2905 2576 nosse
2933 2535 3418 2596 persuasumque
3441 2523 3550 2579 ba-

190 2608 408 2660 ἒκαστον
472 2606 772 2683 ἀνατρέχειν
838 2605 913 2658 ἐπ’
990 2606 1117 2658 αὑτό
1168 2610 1226 2658 τὸ
1297 2610 1584 2678 γινόμενον,
1630 2613 1776 2678 γινώ-

1963 2621 2035 2660 ιτθ
2064 2607 2385 2662 credimus.
2407 2608 2911 2691 Quandoquidem
2932 2613 3131 2675 autem
3160 2612 3549 2669 manifestum

192 2716 335 2748 σκειν
392 2716 445 2748 τε
501 2696 720 2760 ἕκαστον
796 2703 895 2759 τῶν
971 2693 1273 2769 ἀνθρώπων,
1354 2700 1445 2746 καὶ
1516 2696 1658 2766 ἔχειν
1737 2695 1778 2748 ἐν

1962 2701 2071 2749 itea
2100 2695 2270 2750 vobis
2296 2701 2403 2764 est,
2431 2686 2746 2771 propterea
2765 2697 2932 2769 quod
2962 2713 2999 2753 a
3016 2697 3173 2754 divis
3197 2700 3548 2770 parentibus

192 2785 381 2855 ἑαυτῷ,
443 2783 600 2845 δῆλον
660 2781 787 2836 εἶναι
836 2786 1173 2855 πιστεύομεν.
1235 2782 1422 2835 Ὁπότε
1466 2790 1635 2836 τοίνυν
1683 2789 1778 2860 πρό

1956 2784 2110 2839 )stris
2126 2783 2490 2841 Diocletiano
2507 2786 2935 2842 etMaximiano
2948 2793 3315 2860 praeceptum
3331 2789 3542 2855 fuerat,

186 2877 376 2927 τούτου
418 2870 579 2932 δῆλον
625 2877 801 2945 γέγονε
865 2880 925 2945 τῇ
958 2878 1148 2944 ’γνώσει
1186 2880 1248 2945 τῇ
1299 2874 1523 2945 ἡμετέρα
1564 2879 1617 2924 ἐκ
1661 2877 1772 2925 ταύ-

1961 2877 2220 2927 Inventus
2253 2871 2724 2930 Christianorum
2750 2874 3047 2931 tollendos
3101 2859 3255 2941 esse,
3283 2879 3547 2957 permul-

189 2983 281 3027 της
357 2972 451 3023 τῆς
504 2963 829 3036 προφάσεως³
892 2962 945 3024 ἐξ
990 2962 1054 3023 ἧς
1095 2962 1483 3032 κεκελευσμένον
1549 2958 1632 3029 ἦν,
1684 2963 1775 3014 ὑπὸ

1959 2978 1983 3015 s
2006 2961 2084 3015 ab
2113 2960 2467 3018 ofﬁcialibus
2492 2978 2778 3019 excussos
2795 2964 3203 3037 spoliatosque
3219 2981 3353 3021 esse
3369 2965 3545 3022 bonis

190 3061 289 3105 τῶν
365 3054 637 3115 θειοτάτων
711 3049 1079 3107 Διοκλητιανοῦ
1158 3054 1247 3102 καὶ
1300 3050 1626 3122 Μαξιμιανοῦ
1681 3059 1776 3103 τῶν

1966 3049 2035 3105 is:
2052 3049 2232 3121 498
2246 3052 2303 3105 id
2316 3051 2553 3123 quodin
2567 3052 2825 3108 futurum
2839 3068 3083 3126 quoque
3095 3054 3178 3108 sic
3189 3059 3395 3111 contra
3408 3055 3547 3111 sub-

182 3144 371 3212 ’γονέων
428 3149 527 3192 τῶν
575 3142 833 3214 ἡμετέρων
903 3142 995 3202 τὰς
1064 3135 1319 3199 συνόδους
1365 3147 1465 3191 τῶν
1519 3148 1768 3214 Χριστια-

1959 3143 2044 3193 tos
2057 3147 2588 3212 nostros,quorum
2601 3142 2905 3221 nos,quod
2917 3142 3002 3197 ita
3012 3142 3323 3198 facultates
3335 3158 3545 3199 eorum

180 3238 284 3280 νῶν
349 3228 658 3306 ἐξῃρῆσθαι,
742 3226 957 3289 πολλοὺς
1037 3231 1281 3299 σεισμούς
1327 3233 1419 3280 καὶ
1486 3227 1766 3300 ἀποστερὴ-

1963 3227 2373 3297 possessiones
2387 3227 2806 3300 diriperentur,
2821 3245 3028 3285 curam
3048 3230 3310 3285 maxime
3329 3245 3545 3300 genere

183 3338 298 3378 σεις
368 3320 469 3369 ὑπὸ
526 3326 624 3369 τῶν
696 3315 1082 3388 βενεφικιαλίων
1164 3319 1519 3389 γεγενῆσθαι·
1554 3322 1644 3368 καὶ
1707 3316 1769 3377 εἰς

1956 3316 2108 3380 :cuit,
2153 3317 2479 3388 procedere
2520 3317 2811 3375 debuerat
2843 3334 2860 3374 :
2887 3319 3044 3375 datis
3072 3318 3351 3392 proximo
3380 3336 3542 3376 anno

179 3407 397 3460 τούπιόν
428 3403 532 3459 ὧδε
589 3413 740 3459 τοῦτο
799 3412 1092 3478 προχωρεῖν
1121 3408 1257 3457 κατά
1287 3414 1385 3457 τῶν
1436 3408 1765 3480 ἐπαρχιωτῶι

1959 3406 1966 3460 l
1998 3407 2288 3477 cujusque
2317 3406 2641 3480 provinciae
2665 3408 2979 3480 praefectos
3007 3408 3216 3465 litteris
3241 3410 3545 3464 constitui-

176 3499 466 3570 ἡμετέρων,
531 3496 597 3547 ὧν
667 3494 901 3567 μάλιστα
968 3498 1212 3568 πρόνοιαν
1260 3499 1354 3553 τὴν
1405 3501 1762 3568 προσήκουσαι

1959 3511 2049 3558 us,
2100 3496 2147 3548 si
2177 3494 2313 3566 quis
2362 3495 2783 3550 consuetudini
2843 3495 2942 3561 tali
2988 3501 3091 3552 aut
3136 3496 3545 3552 observationi

180 3581 577 3659 σπουδάζομεν,
632 3592 731 3636 τῶν
762 3582 952 3635 ούσιῶν
979 3590 1077 3634 τῶν
1130 3579 1277 3634 ἰδίων
1322 3583 1489 3635 αὐτῶν
1533 3603 1766 3655 κατατρι·

1967 3582 2083 3636 ltus
2112 3582 2479 3650 eiuscemodi
2524 3583 2828 3639 adhaerere
2855 3584 3049 3650 vellet,
3083 3588 3147 3639 ut
3182 3585 3232 3639 is
3260 3585 3426 3640 nullo
3456 3585 3546 3641 in-

177 3675 428 3746 ϐομένων,
481 3670 733 3725 δοθέντων
780 3672 1103 3745 γραμμάτων
1160 3675 1290 3744 πρὸς
1342 3675 1463 3732 τούς
1518 3674 1763 3744 ἡγεμόνας

1952 3670 2170 3742 rposito
2215 3671 2649 3741 impedimento
2679 3672 3051 3743 propositum
3086 3689 3264 3729 suum
3294 3677 3538 3741 teneret,

177 3765 409 3824 ἑκάστης
473 3762 733 3837 ἐπαρχίας
806 3768 879 3831 τῷ
959 3759 1264 3830 παρελθόντι
1342 3760 1556 3830 ἐνιαυτῷ
1603 3759 1763 3832 ἐνομο-

1953 3775 2082 3830 aque
2112 3775 2149 3814 a
2172 3759 2484 3830 quopiam,
2516 3760 2843 3831 quominus
2868 3760 3038 3815 facile
3066 3761 3297 3833 absque
3328 3762 3539 3817 timore

179 3856 472 3923 θετήσαμεν
503 3869 515 3880 ·
547 3849 609 3902 ἶν’
673 3853 717 3902 εἰ
768 3868 847 3909 τις
900 3846 1143 3921 βούλοιτο
1196 3856 1267 3919 τῷ
1324 3851 1541 3919 τοιούτῳ
1592 3850 1765 3917 ἕθει,ἣ

1974 3847 2394 3918 superstitione
2421 3848 2607 3917 omni,
2625 3848 2792 3920 quod
2812 3848 3028 3921 cuique
3050 3849 3370 3921 placuisset
3388 3850 3542 3907 face-

175 3948 247 4013 τῇ
298 3943 508 4012 τοιαύτῃ
570 3939 770 4011 φυλακῇ
833 3945 930 3997 τῆς
981 3941 1141 3999 αὐτῆς
1195 3939 1479 4009 θρησκείας
1535 3937 1761 4004 ἔπεσθαι,

1953 3942 1990 4000 t,
2023 3936 2452 4009 prohiberetur.
2483 3938 2770 3992 Caeterum
2802 3952 2877 4001 ne
2898 3952 3060 3992 nunc
3085 3939 3332 4010 quidem
3358 3938 3539 3995 latere

174 4036 363 4081 τοῦτον
427 4025 822 4101 ἀνεμποδίστως
901 4027 1121 4099 ἔχεσθαι
1176 4034 1271 4089 τῆς
1323 4028 1616 4101 προθέσεως
1679 4035 1760 4088 τῆς

1953 4043 1995 4079 ιε
2022 4026 2229 4097 potuit,
2246 4020 2483 4097 ju‘dices
2507 4026 2807 4098 quosdam
2832 4026 3134 4098 jussiones
3157 4033 3397 4084 nostras
3419 4044 3539 4083 non

172 4118 384 4182 ἑαυτοῦ,
440 4122 526 4169 καὶ
581 4118 681 4169 ὑπὸ
729 4111 955 4188 μηδενός
995 4110 1379 4189 ἐμποδίζεσθαι
1408 4112 1546 4187 μηδὲ
1588 4114 1758 4167 κωλύει

1952 4119 2039 4170 cte
2069 4114 2372 4186 accepisse
2408 4131 2419 4169 :
2454 4120 2821 4187 quapropter
2853 4114 3097 4181 factum,
3130 4122 3194 4172 ut
3222 4116 3297 4173 de
3319 4118 3402 4173 eis
3432 4116 3538 4172 ho-

174 4210 327 4271 σθαι,
360 4212 449 4259 καὶ
489 4203 617 4258 εἶναι
656 4206 836 4266 αὐτοῖς
866 4204 1156 4278 εύχερειαν,
1188 4206 1307 4256 οἶνευ
1336 4214 1469 4265 τινος
1494 4203 1652 4277 φόϐου
1683 4209 1760 4256 καῖ

1953 4204 2076 4258 ines
2122 4202 2308 4258 nostri
2359 4202 2671 4259 dissentire
2701 4203 3011 4277 coeperint,
3066 4204 3403 4277 lentiusque
3459 4204 3539 4261 ad

170 4296 413 4367 ὑποψίας
481 4294 623 4347 τοῦθ’
683 4297 805 4370 ὅπερ
876 4293 1080 4364 ἑκάστῳ
1128 4292 1336 4367 ἀρέσκει
1380 4302 1571 4350 ποιεῖν.
1632 4294 1756 4352 Πλὴη

1942 4291 2198 4362 ιῙίϐίΟΠΘΒ
2229 4307 2330 4347 eas
2380 4307 2533 4365 quas
2562 4292 2675 4365 ipsi
2713 4292 3099 4365 probassent,
3145 4295 3528 4350 accesserint.

167 4382 303 4438 οὐδὲ
342 4393 431 4437 νῦν
482 4383 742 4447 λανθάνειν
792 4385 926 4456 ἡμᾶς
956 4379 1220 4451 ἠδυνήθη,
1253 4384 1333 4435 ὃτι
1380 4386 1512 4444 τινες
1548 4391 1646 4435 τῶν
1687 4379 1753 4435 δι-

1954 4382 1998 4436 ιά
2030 4379 2187 4436 enim
2207 4384 2271 4435 ut
2291 4380 2570 4453 deinceps
2587 4382 2787 4436 omnis
2813 4386 3031 4450 metus,
3063 4382 3331 4454 suspicio
3351 4388 3408 4439 et
3432 4384 3540 4438 du-

167 4483 384 4526 καστῶν
449 4474 892 4547 παρενεθυμούντο
965 4474 1061 4533 τὰς
1143 4473 1395 4544 ἡμετέρας
1465 4472 1724 4533 κελεύσεις

1955 4471 2090 4525 tatio
2121 4469 2500 4540 praecidatur,
2525 4472 3009 4527 constitutionem
3031 4478 3385 4543 praesentem
3404 4487 3541 4542 pro-

166 4567 266 4616 καὶ
325 4559 598 4622 διστάζειν
652 4566 769 4622 τοὺς
824 4564 1105 4636 ἡμετέρους
1169 4559 1471 4634 ἀνθρώπους
1535 4567 1653 4636 περὶ
1708 4564 1752 4613 τί

1951 4560 2024 4614 ini
2038 4558 2724 4628 voluimus,utomnibus
2739 4560 2809 4616 sit
2822 4566 3031 4616 notum
3049 4577 3117 4616 ac
3132 4560 3537 4627 manifestum,

165 4653 560 4737 προστάγματα
611 4653 678 4703 τὰ
734 4652 960 4724 ἡμέτερα
1014 4652 1448 4729 παρεσκεύασαν’
1481 4656 1571 4703 καὶ
1618 4670 1741 4708 οκνη

1953 4648 2226 4719 licunque
2258 4652 2481 4703 sectam
2513 4647 2984 4721 religionemque
3015 4650 3191 4705 istam
3224 4648 3539 4720 complecti

160 4736 401 4818 ρότερον
470 4744 740 4814 προσιέναι
821 4742 1034 4800 ταύταις
1120 4747 1231 4799 ταῖς
1313 4742 1637 4812 θρησκείαις,
1688 4740 1746 4791 αἴ

1952 4737 2113 4805 μὴμὴ,
2146 4736 2319 4791 licere
2362 4736 2422 4790 id
2453 4737 2556 4802 eis,
2592 4743 2655 4792 ut
2687 4738 2766 4793 ad
2804 4737 3069 4792 numinis
3121 4738 3346 4793 cultum
3376 4738 3538 4793 hunc

161 4828 239 4891 ἧν
311 4829 526 4903 ἀρεστόν
606 4833 781 4890 αὐτοῖς
841 4826 1112 4886 ἐποίησαν.
1190 4826 1301 4881 Ἵνα
1358 4834 1529 4881 τοίνυν
1600 4829 1665 4889 εἰς
1712 4849 1747 4881 τ‹

1952 4842 2059 4880 lem
2113 4826 2224 4881 sibi
2278 4825 2550 4881 moribus
2603 4825 2980 4896 sequendum
3029 4832 3434 4897 sumpserunt,
3476 4842 3538 4881 se

158 4920 295 4983 ἑξῆς
340 4926 487 4972 πᾶσα
538 4918 742 4989 ὑποψία
778 4926 870 4969 τοῦ
918 4918 1075 4990 φόϐου
1129 4923 1219 4971 καὶ
1259 4917 1544 4991 ἀμφιϐολία
1571 4939 1744 4993 περιαι

1952 4913 2211 4978 Πῖθΐᾶῐιῖ,
2243 4930 2314 4969 ex
2346 4913 2695 4971 liberalitate
2724 4919 2781 4970 et
2816 4916 3006 4985 gratia
3052 4915 3202 4984 legis
3245 4914 3427 4986 hujus
3453 4914 3538 4971 fa-

154 5010 320 5081 ρεθῇ,
372 5016 526 5061 τοῦτο
572 5010 628 5060 τὸ
695 5003 967 5079 διάταγμα
1027 5009 1341 5080 προτεθῆναι
1391 5010 1740 5078 ἐνομοθετήσα

1953 5018 2032 5057 re.
2062 5003 2216 5069 Quin
2269 5008 2326 5058 et
2362 5003 2669 5059 dominica
2698 5009 2879 5075 atque
2910 5003 3134 5075 templa
3184 5020 3294 5059 sua
3323 5005 3408 5059 eis
3441 5020 3538 5060 ex-

154 5090 311 5171 μενλ
368 5097 451 5147 ’ἱνα
503 5101 638 5148 πᾶσι
705 5085 877 5154 δῆλον¹
915 5100 1148 5166 γένηται,
1200 5095 1384 5158 ἐξεῖναι
1439 5098 1659 5159 τούτοις,
1692 5095 1740 5146 οἳ

1952 5108 2108 5148 ruere
2138 5093 2509 5148 conceditur.
2544 5094 2612 5147 Ut
2642 5096 2845 5147 autem
2877 5092 3073 5163 major
3110 5094 3186 5147 sit
3212 5092 3538 5150 liberalitas

152 5204 307 5246 τινες
369 5188 565 5246 ταύτην
614 5189 708 5243 τὴν
767 5185 967 5259 αἰρεσιν
1015 5190 1104 5236 καὶ
1146 5189 1237 5242 τὴν
1293 5187 1574 5257 θρησκείαν
1605 5194 1738 5257 μιτιί

1955 5198 2010 5238 ac
2040 5189 2262 5246 nostra,
2296 5180 2443 5236 illud
2489 5197 2733 5254 quoque
2760 5182 3154 5237 sanciendum
3185 5197 3321 5235 esse
3369 5180 3541 5235 duxi-

152 5286 257 5329 ναι
316 5273 615 5353 βούλονται,
680 5273 735 5325 ἐκ
782 5276 978 5334 ταύτης
1021 5281 1117 5335 τῆς
1143 5271 1337 5349 δωρεᾶς
1379 5282 1471 5336 τῆς
1498 5276 1738 5346 ἡμετέρας

1955 5289 2019 5328 us
2054 5290 2065 5327 :
2100 5273 2155 5327 Si
2188 5288 2323 5344 quae
2364 5276 2501 5326 sunt
2547 5271 2766 5327 domus
2813 5276 2870 5326 et
2895 5271 3141 5343 praedia,
3174 5287 3311 5343 quae
3365 5276 3541 5325 antea

153 5365 346 5426 καθὼς
394 5366 610 5426 ἕκαστος
663 5362 929 5435 βούλεται,
987 5364 1017 5422 ἣ
1074 5359 1180 5420 ἡδὺ
1224 5364 1363 5435 αὐτῷ
1426 5367 1588 5429 ἐστιν,
1637 5364 1739 5415 οὔτε

1952 5363 2025 5417 ris
2060 5362 2529 5417 Christianorum
2561 5359 2797 5426 fuerint,
2837 5365 2893 5415 et
2943 5365 3257 5431 parentum
3311 5366 3538 5414 nostro-

155 5457 442 5529 προσιέναι
506 5461 568 5525 τῇ
626 5455 883 5528 θρησκείᾳ
947 5455 1136 5525 ταύτῃ,
1206 5452 1266 5511 ἢν
1333 5452 1386 5515 ἐξ
1445 5455 1593 5515 ἔθους
1648 5455 1741 5527 θρη

1956 5468 2017 5506 m
2043 5450 2414 5522 jussionibus
2445 5450 2507 5505 in
2526 5448 2625 5522 jus
2649 5449 2779 5506 ﬁsci
2803 5450 3109 5514 cesserint,
3141 5454 3243 5504 aut
3272 5463 3309 5504 a
3338 5446 3540 5507 civita-

244 5580 321 5655 (1)
353 5579 603 5648 Ruﬁnus
633 5578 835 5649 habet,
866 5577 1158 5649 Gotarius,
1192 5576 1357 5647 Idem
1377 5576 1782 5651 supralovius
1811 5575 2183 5633 nominatus.
