4020 6218
523 281 679 336 ’1295

1833 279 2218 340 NICEPHORI
2259 279 2574 339 CALLlSTl
3703 293 3796 348 1m

531 411 584 457 te
645 402 848 474 aliqua
903 406 1234 466 tencantur,
1291 401 1412 457 sive
1461 403 1725 460 venditio
1778 421 1882 460 seu
1931 405 2161 462 donatic

2291 411 2488 458 σκεύειν
2535 407 2710 460 εἵλετο.
2773 415 2870 462 Καὶ
2927 411 2990 462 τὰ
3041 411 3274 484 κυριακὰ
3317 408 3376 464 δε
3421 412 3488 462 τὰ
3545 411 3690 464 οἰκεῖα
3713 417 3804 478 51:9;

529 491 734 562 aliqua
785 490 1196 556 intercesserit,
1247 497 1312 545 ut
1365 507 1437 546 ea
1485 491 1691 548 omnia
1743 493 1804 548 in
1863 496 2177 567 antiquum

530 579 1116 650 Christianorumjus
1165 585 1558 645 revertantur,
1599 585 1660 636 ut
1711 583 1772 636 in
1810 598 1881 638 eo
1936 599 2178 654 quoque

527 669 806 738 pietatem
831 673 886 722 et
907 667 1346 739 providentiam
1373 675 1640 724 n0stram
1659 685 1870 726 omnes
1902 671 2179 726 animad-

531 763 775 812 vertant.
821 777 849 809 »
891 759 1023 812 Haec
1063 757 1158 812 ille
1189 762 1398 828 postea
1433 759 1686 829 scripsit,
1719 759 1967 816 fortasse
1997 762 2176 815 etiam

529 852 590 900 ut
616 847 1070 902 Constantinum
1109 846 1406 902 mitiorem
1438 847 1548 902 sibi
1579 847 1873 904 redderet.
1909 849 2175 904 Edictum

527 935 884 1008 porroistud
911 935 1285 1007 propositum
1317 942 1404 991 est
1424 935 1698 992 nondum
1723 937 1949 1008 integro
1969 945 2176 994 exacto

525 1039 708 1092 anno,
738 1040 808 1079 ex
829 1040 950 1096 quo
968 1023 1268 1094 jussiones
1285 1025 1412 1094 ejus
1430 1025 1720 1080 adversus
1751 1041 1862 1082 nos
1882 1026 2176 1082 columnis

525 1113 728 1168 incisae
759 1113 1014 1168 fuerant.
1059 1113 1124 1166 Et
1167 1113 1386 1184 quibus
1416 1115 1668 1169 antehac
1697 1115 1861 1186 apud
1891 1131 2026 1170 cum
2053 1131 2174 1170 non

524 1201 662 1256 dico
691 1201 996 1272 regionem
1037 1201 1323 1273 aliquam,
1357 1202 1462 1256 sed
1515 1217 1590 1258 ne
1621 1203 1998 1259 solitudinem
2040 1206 2174 1276 qui-

523 1290 662 1346 dem
706 1290 980 1345 incedere
1011 1290 1371 1362 permissum
1405 1291 1618 1356 fuerat,
1647 1291 1826 1363 499
1867 1309 2072 1348 verum
2115 1299 2176 1348 ut

523 1379 690 1450 impii
727 1381 962 1450 Deoque
1001 1395 1246 1450 prorsus
1286 1385 1577 1446 carentes,
1613 1395 1679 1436 ex
1717 1381 1862 1436 locis
1891 1382 2175 1436 omnibus

523 1468 713 1538 ejecti,
768 1469 1172 1540 omnibusque
1219 1468 1393 1523 malis
1448 1469 1721 1540 expositi,
1765 1475 1944 1542 atque
1997 1469 2170 1541 ferro,

521 1556 665 1629 igni,
699 1557 902 1612 bestiis
931 1561 984 1612 et
1011 1557 1342 1612 innumeris
1378 1557 1808 1630 suppliciorum
1849 1561 2174 1631 mortisque

521 1645 840 1715 generibus
892 1645 1128 1716 objecti,
1191 1651 1486 1702 tormenta
1525 1653 1580 1702 et
1626 1647 1923 1704 cruciatus
1963 1664 2172 1703 omnes

2289 497 2748 560 κατασκευαζοιεν,
2835 507 3262 574 συγκεχώρηται.
3347 499 3461 552 Ἵνα
3549 507 3703 570 μέντοι
3755 525 3810 556 κει

2287 585 2474 656 μείζων
2552 591 2766 656 γένηται
2821 590 2848 644 ἡ
2913 589 3132 661 ἡμετέρα
3188 585 3378 661 δωρεὰ,
3431 596 3526 640 καὶ
3583 599 3716 641 τοῦτο
3769 613 3818 644 νι-

2287 675 2574 743 μοθετῆσαι
2639 675 3036 748 κατηξιώσαμεν
3070 697 3082 708 ο
3159 677 3220 728 ἶν’
3289 681 3332 728 εἰ
3389 697 3523 738 τινες
3577 679 3724 729 οἰκίαι
3767 701 3824 731 ιιι

2285 767 2464 832 χωρία
2494 769 2584 814 τοῦ
2627 759 2836 815 δικαίου
2871 773 2968 816 τῶν
3021 773 3352 838 Χριστιανῶν
3377 769 3481 838 πρὸ
3523 771 3702 818 τούτου
3727 767 3832 836 iri-7-

2285 869 2448 920 χανον
2503 855 2623 902 ὄντα
2657 867 2670 880 ⁸
2699 851 2753 902 ἐκ
2811 849 2870 904 δὲ
2930 861 3026 913 τῆς
3070 855 3348 916 κελεύσεως
3391 863 3494 906 τῶν
3559 859 3733 925 γονέων
3765 867 3836 906 τρὲιτ

2285 941 2540 1012 ἡμετέρων
2609 941 2680 1001 εἰς
2729 945 2786 993 τό
2853 939 3058 994 δίκαιον
3116 949 3362 1014 μετέπεσε
3427 952 3522 995 τοῦ
3579 949 3834 1014 1ςτνίιι·πιον,ι

2287 1030 2384 1080 ὑπό
2433 1049 2565 1090 τινος
2631 1030 2926 1102 κατελήφθη
2995 1033 3182 1093 πόλεως
3211 1051 3223 1062 ·
3283 1037 3382 1086 εἶτε
3445 1030 3725 1104 διάπρασις
3755 1037 3844 1084 τοὺ-

2287 1137 2386 1168 των
2423 1123 2714 1189 γεγένηται,
2759 1122 2857 1171 εἴτε
2913 1119 2982 1180 εἰς
3013 1124 3262 1194 χάρισμα
3291 1117 3512 1173 δέδοταί
3557 1141 3678 1184 τινι,
3715 1129 3848 1172 ταῦτα

2285 1208 2455 1258 πάντα
2513 1207 2586 1266 εἰς
2639 1212 2696 1259 τό
2755 1207 2980 1280 ἀρχαῖον
3022 1205 3227 1261 δίκαιον
3271 1219 3366 1261 τὼν
3399 1219 3724 1280 Χριστιανῶν
3755 1209 3850 1260 ἀνα.

2285 1294 2538 1352 κληθῆναι
2595 1295 2970 1368 ἐκελεύσαμενσ
3027 1299 3108 1348 ἵνα
3167 1303 3256 1349 καὶ
3309 1301 3356 1349 ἐν
3397 1301 3568 1368 τούτῳ
3621 1307 3704 1357 τῆς
3751 1301 3852 1368 ἡμε-

2284 1387 2428 1456 τέρας
2495 1383 2754 1446 εὐσεϐείας
2815 1391 2904 1438 καὶ
2963 1393 3058 1448 τῆς
3105 1393 3342 1458 προνοίας
3395 1389 3652 1443 αἰσθησιν
3695 1389 3852 1446 πάντες

2285 1471 2586 1528 λάϐωσιν.»
2637 1480 2866 1526 Τοιαῦτα
2921 1477 3132 1548 ἔγραφεν
3173 1475 3406 1546 ὕστερον,
3479 1479 3608 1536 ῖσως
3665 1481 3742 1526 καὶ
3785 1477 3852 1526 τὸν

2285 1568 2668 1614 Κωνσταντῐνον
2751 1563 3222 1636 ἐκμειλισσόμενος.
3293 1572 3534 1638 Ὕστερον
3619 1561 3676 1616 δὲ
3741 1561 3852 1622 ἦσαν

2281 1658 2379 1700 τῶν
2429 1649 2476 1702 ἐν
2527 1651 2744 1713 στήλαις
2823 1651 2940 1703 καθ’
3012 1654 3158 1724 ἡμῶν
3224 1659 3520 1724 γραφέντων
3567 1661 3746 1720 ταῦτα,
3807 1653 3854 1704 οὗ

520 1735 928 1790 sustinuerant
959 1751 971 1786 :
1007 1735 1044 1789 ii
1073 1735 1312 1790 tandem
1361 1735 1708 1806 religionem
1742 1753 1914 1792 suam
1956 1737 2161 1793 habere

2280 1741 2413 1790 πάνυ
2491 1741 2677 1792 τελείου
2753 1739 2989 1792 ἐνιαυτοῦ
3055 1741 3343 1803 ἐξήκοντος.
3409 1747 3506 1794 Καὶ
3555 1744 3606 1794 οἱ
3659 1744 3856 1814 πρόσθε,

524 1831 578 1878 et
625 1824 784 1880 aedes
835 1839 1037 1878 sacras
1078 1829 1422 1879 construere
1477 1825 1783 1894 jubentur,
1813 1825 2170 1898 juribusque

522 1911 646 1966 suis
677 1911 790 1966 illis
819 1912 930 1966 frui
955 1913 1334 1982 permittitur.

519 2004 677 2072 χόθεν
735 2001 1132 2072 ἐξελαυνόμενοι,
1193 2005 1327 2052 πᾶσί
1378 2020 1432 2052 τε
1459 2007 1784 2074 προκείμενοι
1849 2011 1957 2062 τοῖς
2017 2000 2225 2067 δεινοῖς,
2301 2011 2388 2057 καὶ
2449 2003 2658 2076 σιδήρῳ
2737 2013 2827 2060 καὶ
2910 2013 3035 2080 πυρὶ
3109 2019 3196 2059 και
3271 2010 3432 2080 θηρσὶ
3493 2015 3584 2060 καὶ

522 2092 758 2150 θανάτοις
829 2089 1251 2162 προϐεϐλημένοι,
1309 2095 1400 2140 καὶ
1465 2097 1566 2142 πᾶν
1626 2087 1766 2151 εἶδος
1821 2091 2082 2150 κολάσεως
2137 2093 2478 2166 ὑφιστάμενοι
2511 2115 2522 2127 ·

2282 1827 2400 1900 παρ’
2430 1829 2569 1898 αὖτῴ
2605 1833 2760 1900 μήτοι
2813 1849 2872 1899 γε
2909 1835 3114 1904 χώραν,
3165 1829 3272 1880 αλλ’
3313 1827 3426 1882 οὐδ’
3491 1833 3684 1902 ἔρημον
3727 1833 3858 1902 ἕωμε-

2277 1936 2354 1968 νοι
2405 1925 2684 1982 κατοικεῖν,
2737 1919 2842 1970 αλλ’
2907 1922 2976 1978 ὡς
3035 1916 3310 1979 δυσσεϐεῖς
3363 1925 3456 1971 καὶ
3501 1921 3650 1971 ἄθεοι
3683 1939 3854 1970 παντα-

3673 2013 3861 2080 μυρίοις

2595 2096 2739 2148 οὗτοι
2807 2093 2865 2148 δι
2927 2101 3018 2148 καὶ
3091 2099 3374 2170 θρησκείαν
3427 2101 3589 2168 ἔχειν,
3659 2103 3746 2148 καί
3799 2101 3860 2148 οἱ·

519 2198 640 2240 κους
672 2177 758 2230 εὑκ
791 2181 968 2252 ηρίους
997 2177 1208 2252 ἐγείρειν
1237 2177 1548 2245 κελεύονται,
1589 2185 1678 2232 καὶ
1709 2188 1807 2232 τῶν
1837 2183 2138 2254 προσόντων
2173 2186 2324 2254 σφίσι
2356 2181 2574 2236 δικαίων
2603 2183 2941 2237 ἐπαπολαὺειν
2969 2187 3190 2257 ὑφίεντο.

1107 2305 1326 2359 CAPUT
1367 2306 1589 2360 XXXIX.

519 2391 601 2448 De
625 2388 871 2448 interitu
897 2393 1236 2458 Maximini,
1271 2393 1371 2464 qui
1397 2394 1660 2450 vindicta
1689 2394 1898 2450 divina
1921 2397 2166 2451 accidit:

552 2468 606 2520 et
627 2464 699 2520 de
733 2468 999 2522 extrema
1019 2465 1422 2522 internecione
1439 2466 1704 2522 veritatis
1725 2467 2124 2522 inimicorum.

585 2630 776 2698 Atque
792 2625 920 2680 haec
937 2633 1070 2696 post
1091 2623 1296 2695 fugam
1318 2625 1418 2694 (l),
1442 2626 1620 2696 quasi
1637 2625 1855 2696 insigni
1873 2626 2166 2698 quopiam

509 2715 802 2772 beneﬂcio
841 2715 898 2768 in
932 2729 1006 2770 ea
1045 2713 1316 2778 affectus,
1350 2719 1406 2768 et
1453 2713 1680 2786 aliquid
1705 2721 1912 2771 nostra
1961 2732 2162 2780 causa,

510 2805 789 2877 quamvis
817 2818 938 2858 non
971 2802 1054 2858 ita
1079 2808 1140 2858 ut
1165 2809 1622 2870 commeruerat,
1657 2819 1893 2875 passus,
1921 2805 2165 2876 perinde

511 2897 690 2964 atque
703 2892 760 2948 id
777 2891 1089 2963 propalam
1105 2891 1504 2961 conﬁteretur,
1524 2893 1777 2964 scripsit.
1794 2891 1940 2948 Cum
1961 2901 2164 2949 autem

511 2981 775 3036 secundo
807 2981 1128 3038 nobiscum
1159 2979 1440 3036 conﬂictu
1469 2983 1954 3051 congrederetur,
1977 2983 2162 3038 vitam

511 3069 741 3126 amisit:
775 3069 880 3124 sed
903 3084 1028 3125 non
1057 3069 1137 3124 ita
1165 3075 1229 3124 ut
1261 3069 1543 3126 decuerat
1586 3071 1920 3136 decertans,
1969 3087 2163 3144 neque

2873 2316 3115 2366 ΚΕΦΑΛ.
3146 2311 3278 2366 ΛΘ’.

2281 2405 2430 2472 Περὶ
2487 2408 2594 2472 τῆς
2657 2397 2916 2472 ἐνδίκου
2977 2403 3218 2471 φθορᾶς
3275 2401 3723 2472 Μαξιμιανοῡ,
3772 2403 3862 2450 καὶ

2349 2470 2460 2542 τῆς
2513 2471 2806 2542 ἐσχάτης
2883 2470 3206 2534 ἀπωλείας
3245 2481 3362 2523 τῶν
3401 2479 3516 2533 τῆς
3555 2470 3864 2530 ἀληθείας

2348 2541 2618 2614 ἐχθρῶν.

2347 2637 2524 2682 Ταῦτα
2573 2627 2622 2682 δ’
2677 2634 2746 2690 ὡς
2793 2627 3042 2704 διαδρὰς,
3101 2636 3192 2682 καί
3225 2651 3359 2692 τινος
3394 2627 3552 2688 δῆθεν
3582 2631 3864 2704 εὐεργεσίας

2275 2725 2474 2792 τυχὼν,
2533 2724 2622 2770 καὶ
2681 2723 2859 2772 παθὼν
2911 2724 3000 2791 μὲν
3059 2719 3164 2792 οὐχ
3223 2720 3347 2794 άπερ
3407 2717 3576 2791 ἐχρῆν
3617 2717 3864 2790 δι’ήμέις,

2275 2813 2447 2880 ὥσπερ
2543 2807 3088 2880 ἀνθομολογησάμενος
3180 2811 3364 2880 ἔγραφε
3416 2826 3428 2838 ’
3517 2805 3744 2880 δευτέρᾳ
3819 2804 3866 2859 δι

2273 2897 2556 2970 παρατάξει
2613 2895 2917 2968 προσϐαλὼν
2975 2900 3122 2969 ἡμῖν,
3171 2905 3228 2948 τό
3287 2893 3435 2968 βιοῦν
3477 2902 3860 2970 καταστρέρει·

2272 2985 2404 3042 πλὴν
2461 2987 2566 3057 οὐχ
2619 2988 2682 3046 ὡς
2739 2990 2908 3058 χρεὼν
2964 2981 3423 3058 διαγωνιζόμενος,
3465 2991 3556 3036 καὶ
3613 2988 3746 3056 μετὰ
3787 2981 3862 3036 δο-

2543 2807 3088 2882 ἀνθομολογησάμενος

2274 3073 2368 3136 ξης
2425 3071 2687 3146 ἀνδρικῶς
2741 3079 2939 3126 πίπτων
2971 3089 2982 3101 ·
3033 3073 3139 3126 ἀλλ’
3195 3079 3224 3133 η
3275 3078 3364 3145 μεν
3413 3074 3706 3148 παράταξις
3749 3079 3864 3125 κατὰ

511 3173 649 3214 cum
679 3157 856 3214 laude
885 3163 941 3212 et
962 3157 1152 3227 gloria
1177 3157 1402 3213 fortiter
1431 3158 1672 3214 cadens.
1703 3161 1975 3231 Namque
2007 3161 2161 3216 acies

2276 3167 2363 3214 τόῦ
2419 3160 2600 3216 πεδίου
2657 3168 2935 3216 συνίστατο
2969 3181 2980 3192 '
3011 3163 3165 3226 αὑτός
3217 3159 3276 3215 δὲ
3327 3167 3458 3215 οἴκοι
3497 3167 3670 3234 μένων
3701 3169 3786 3214 καὶ
3811 3165 3866 3214 τὰ

509 3247 752 3320 quidem
797 3247 925 3317 ejus
972 3245 1036 3301 in
1067 3246 1199 3302 loco
1229 3247 1410 3316 plano
1442 3251 1668 3302 structa
1709 3249 1990 3303 constitit.
2031 3250 2162 3320 Ipse

510 3343 708 3392 autem
737 3335 902 3389 domi
935 3349 998 3390 se
1037 3335 1370 3399 continens,
1409 3339 1468 3390 et
1499 3335 1614 3390 tela
1641 3335 1952 3406 effugiens,
1981 3337 2162 3394 veluti

511 3425 616 3496 qui
649 3439 867 3480 manus
916 3423 1199 3479 adversus
1249 3425 1436 3479 Deum
1467 3423 1817 3490 sustolleret,
1865 3427 2062 3482 divino
2099 3427 2160 3482 in

511 3519 632 3569 toto
650 3529 900 3584 corpore
917 3529 1030 3568 suo
1051 3509 1334 3582 afﬂigitur
1355 3511 1613 3582 ﬂagello.
1639 3515 1959 3571 Confestim
1985 3515 2162 3588 siqui-

509 3603 646 3658 dem
677 3602 881 3658 dolore
898 3619 968 3658 ex
987 3602 1284 3658 anxietate
1311 3619 1552 3658 summa
1581 3609 1904 3676 correptus,
1927 3605 1987 3660 in
2010 3605 2161 3661 lecto

510 3691 875 3758 volvebatur,
909 3697 964 3748 et
1003 3691 1204 3747 inedia
1247 3691 1608 3748 tabescebat.
1651 3693 1920 3750 incensio
1960 3701 2162 3750 autem

509 3782 666 3836 intra
691 3783 916 3836 viscera
946 3785 1173 3846 exorta,
1213 3779 1488 3836 habitum
1539 3785 1596 3837 et
1623 3781 1884 3838 formam
1915 3799 2159 3838 omnem

507 3871 976 3941 corrumpebat:
1028 3871 1393 3926 extrinsecus
1445 3870 1624 3926 etiam
1669 3873 1970 3942 specimen
2028 3873 2158 3944 ejus

508 3959 906 4022 deformabat,
937 3958 1014 4014 ita
1073 3964 1134 4013 ut
1163 3958 1330 4015 brevi
1375 3959 1520 4014 nihil
1553 3960 1612 4014 in
1643 3975 1714 4016 eo
1743 3967 1898 4016 esset
1925 3961 2156 4034 reliqui,

505 4064 692 4122 quam
724 4064 792 4103 os
824 4047 1082 4112 aridum,
1113 4047 1434 4104 simulacro
1465 4047 1786 4120 persimile,
1818 4049 1984 4122 quod
2021 4051 2155 4106 hor-

506 4153 704 4194 rorem
777 4139 1170 4210 timoremque
1247 4137 1653 4210 spectantibus
1727 4140 2032 4210 incuteret,
2099 4145 2158 4196 et

509 4231 572 4281 ut
599 4241 818 4298 corpus
841 4228 964 4298 ejus
991 4233 1278 4298 tanquam
1303 4227 1522 4282 animae
1542 4227 1904 4299 sepulcrum,
1937 4235 2040 4284 aut
2060 4245 2158 4284 cu-

505 4314 634 4371 leus
663 4315 912 4387 quidam
943 4314 1122 4371 altius
1152 4331 1284 4370 eam
1317 4315 1376 4370 in
1405 4331 1470 4372 se
1499 4315 1804 4372 defossam
1825 4318 2153 4384 continens,

505 4419 634 4459 esse
678 4403 994 4460 videretur.
1055 4406 1120 4459 Et
1168 4419 1306 4459 cum
1359 4403 1636 4462 medullae
1666 4421 1878 4462 omnes
1934 4413 2155 4463 exusta:

2273 3250 2395 3324 βέλη
2451 3249 2874 3326 διαδιδράσκων,
2925 3255 3008 3305 οἷά
3065 3273 3144 3314 τις
3191 3260 3305 3322 Θεῷ
3351 3260 3538 3325 χεῖρας
3593 3251 3862 3328 ἀνταίρων,

2275 3341 2504 3414 θεηλάτῳ
2581 3343 2698 3394 καθ’
2767 3341 2883 3394 ὅλου
2975 3351 3068 3394 τοῦ
3139 3348 3377 3414 σώματος
3441 3341 3734 3398 πλήττεται
3782 3347 3864 3410 μάο

2276 3449 2438 3502 στιγι.
2503 3427 2784 3501 ’Δλγηδόνι
2811 3435 2903 3502 μὲν
2931 3433 3032 3504 γὰρ
3067 3431 3219 3492 εὐθὺς
3273 3427 3598 3504 περιωδυνίᾳ
3639 3433 3862 3501 σχεθείς,

3821 3527 3834 3534 ο

2272 3517 2518 3590 ἐκυλίετο,
2590 3519 2724 3592 λιμῷ
2797 3523 3212 3592 συντηκόμενον
3289 3527 3394 3592 πῦρ
3449 3516 3510 3571 δε
3573 3523 3720 3572 κατὰ
3781 3527 3864 3570 τοῖιν

2271 3607 2499 3680 ἐγκάτων
2567 3605 2769 3660 ἔνδοθεν
2840 3609 3207 3680 ἀναπτόμενον,
3281 3604 3451 3659 διέλυε
3517 3613 3616 3664 τὴν
3689 3609 3864 3660 πλάσιν

2269 3703 2464 3762 πᾶσαν,
2534 3703 2622 3749 καὶ
2675 3701 2732 3748 τό
2777 3701 2974 3772 προσόν
3039 3693 3178 3759 εἶδος
3228 3705 3323 3756 τῆς
3385 3704 3590 3770 μορφῆς
3637 3696 3860 3768 ἐξηφανί-

2273 3788 2355 3846 ξεν
2390 3807 2402 3819 ·
2461 3789 2529 3846 ὡς
2582 3788 2712 3858 μετά
2749 3783 2929 3858 βραχὺ
2975 3786 3150 3838 ὀστέον
3203 3805 3254 3838 τι
3299 3785 3456 3858 ξηρόν
3486 3783 3697 3856 εἰδώλῳ
3747 3805 3862 3858 παρ·

2269 3879 2432 3934 εοικὸς
2519 3873 2986 3946 ἐναποληφθῆναι·
3070 3880 3160 3926 καὶ
3234 3870 3354 3934 δέος
3435 3877 3676 3944 ἐμποιεῖν
3769 3881 3862 3932 τοῖς

2268 3964 2452 4038 ὁρῶσι,
2505 3969 2596 4016 καὶ
2641 3973 2798 4033 τάφον
2839 3966 3010 4038 ὥσπερ
3057 3971 3150 4025 τῆς
3180 3961 3362 4034 ψυχῆς
3408 3963 3436 4019 ἦ
3489 3961 3720 4016 θύλακον
3749 3959 3866 4016 εἶναί

2268 4055 2316 4104 οἱ
2347 4055 2404 4104 τὸ
2438 4059 2610 4123 σῶμα,
2667 4055 2736 4114 ὡς
2775 4051 2822 4103 ἐν
2877 4050 3026 4124 βάθει
3075 4049 3142 4110 δή
3203 4071 3306 4104 τινι
3352 4055 3446 4108 τὴν
3477 4049 3675 4122 ψυχὴν
3715 4071 3864 4104 κατο-

2264 4145 2601 4216 ρωρυγμένην
2671 4143 2815 4213 ἕχον.
2879 4138 3086 4216 Σφόδρα
3135 4139 3193 4194 δι
3239 4143 3326 4193 τόν
3375 4140 3561 4212 μυελόν
3617 4141 3862 4214 καταφλε-

2265 4235 2501 4302 γόμενον,
2581 4235 2703 4292 τοὺς
2749 4233 2838 4301 μεν
2903 4251 3002 4283 των
3058 4231 3302 4302 ὀμμάτων
3379 4227 3598 4302 βολϐοὺς
3649 4239 3744 4290 τῆς
3795 4231 3864 4282 οἰ-

2265 4325 2408 4382 κείας
2453 4315 2612 4392 ἔδρας
2685 4319 3013 4384 ἐξίστασθαι,
3068 4325 3158 4371 καὶ
3211 4317 3614 4370 ἀποπλανᾶσθαι
3663 4329 3756 4379 τῆς
3783 4319 3862 4376 λι-

2267 4407 2404 4472 ξεως,
2463 4413 2630 4482 πηρὸν
2687 4409 3110 4474 καταλείποντας,
3164 4411 3250 4459 τόν
3303 4403 3354 4459 δ’
3394 4407 3477 4458 ἐπὶ
3539 4411 3750 4468 τούτοις
3799 4417 3860 4476 τῷ

504 4501 720 4562 essent,
752 4493 1064 4548 oculorum
1109 4492 1284 4548 orbes
1328 4492 1461 4550 loco
1491 4509 1600 4550 suo
1639 4495 1786 4550 moti
1811 4495 2156 4552 exciderunt

2276 4493 2479 4571 γφοδρῷ
2552 4505 2650 4548 τῶν
2726 4503 2894 4549 πόνων
2943 4496 3324 4568 ἐκϐιαζόμενον,
3396 4495 3862 4567 ἀνθομολογεῖσθαι

501 4598 762 4654 eumque
775 4587 1168 4638 excaecat-unt.
1185 4584 1314 4652 Ipse
1337 4597 1514 4653 porro
1541 4582 1850 4638 doloribus
1875 4585 2155 4640 maximis

503 4673 896 4738 excruciatus,
929 4672 1170 4744 Deoque
1200 4671 1532 4738 confessus,
1567 4677 1822 4728 mortem
1849 4673 1960 4728 sibi
1991 4689 2154 4729 acce-

503 4761 672 4818 lerari
699 4761 926 4817 oravit:
959 4766 1385 4832 postremoque
1415 4759 1688 4816 omnium
1727 4761 2059 4831 condignas
2091 4777 2152 4816 se

501 4867 713 4922 paenas
745 4866 851 4922 pro
881 4849 1121 4920 ﬂagitiis
1153 4865 1223 4905 ac
1249 4849 1648 4918 contumeliis,
1673 4849 1894 4920 quibus
1925 4855 2153 4922 proter-

501 4957 576 4996 ve
618 4947 673 4995 et
719 4939 1050 5010 petulanter
1089 4938 1386 4993 Christum
1416 4945 1572 4994 esset
1608 4945 1978 5010 persecutus,
2009 4939 2152 4994 dare

501 5035 769 5092 testatus,
827 5027 1260 5084 exsecrandam
1312 5027 1560 5083 tandem
1623 5027 1788 5082 illam
1845 5028 1963 5097 egit
2024 5030 2154 5084 ani-

499 5135 664 5176 mam
713 5118 809 5190 (2).
850 5116 1066 5172 Verum
1100 5116 1407 5172 enimvero
1437 5117 1554 5172 hoc
1599 5132 1842 5189 quoque
1873 5119 1952 5172 ad
1989 5118 2150 5174 hunc

499 5206 904 5280 modum,qui
956 5211 1346 5278 tyrannorum
1403 5205 1674 5262 omnium
1723 5205 2148 5262 acerbissimas

497 5297 708 5362 fuerat,
741 5313 772 5352 e
809 5295 1009 5352 medio
1059 5295 1317 5361 sublato,
1346 5294 1610 5351 ecclesiae
1663 5295 1862 5350 statim
1893 5311 1965 5351 ex
2003 5297 2148 5366 ipsis

497 5385 906 5442 fundamentis
991 5385 1344 5451 excitantur,
1409 5385 1548 5440 ﬁdei
1606 5383 1857 5439 verbum
1905 5385 2147 5440 liberius

569 5495 648 5564 (i)
689 5493 898 5548 Euseb.
931 5491 1036 5547 lib.
1069 5509 1146 5556 ix,
1179 5507 1312 5564 cap.
1351 5495 1432 5564 10.

569 5567 656 5638 (2)
687 5565 788 5619 Hic
817 5569 1011 5620 Ctesar
1057 5563 1482 5635 quadriennio,
1539 5563 1838 5632 Augustus
1893 5563 2145 5620 triennio

2266 4595 2378 4656 Θεῳ
2418 4591 2502 4638 καὶ
2558 4590 2642 4638 τόν
2712 4588 2927 4638 θάνατον
2985 4586 3324 4657 ἐπισπέρχειν
3359 4602 3370 4614 ·
3425 4589 3482 4635 τό
3539 4581 3599 4636 δὲ
3663 4587 3860 4637 πάντων

2264 4679 2510 4746 ἔσχατον⁹
2575 4675 2723 4737 άξίαν
2779 4681 2873 4733 τὴν
2921 4671 3076 4732 δίκην
3109 4671 3320 4726 διδόναι
3359 4675 3430 4734 οἷς
3455 4676 3592 4725 κατὰ
3627 4683 3860 4746 Χριστον

2261 4769 2644 4836 παροινησειεν,
2737 4765 2979 4830 ἐπειπὼν,
3055 4765 3189 4816 οὕτω
3249 4759 3390 4822 δῆτα
3457 4767 3548 4820 τὴν
3617 4783 3864 4836 μυσαραν

2263 4851 2456 4912 ἐκείνην
2509 4852 2672 4924 ἀφῆκε
2729 4853 2936 4924 ψυχήν.
3007 4857 3198 4904 Τοῦτον
3267 4849 3324 4904 δε
3378 4853 3466 4903 τόν
3523 4857 3724 4923 τρόπον
3779 4857 3859 4902 καί

2261 4947 2445 4995 τουτου
2493 4939 2725 4995 ἐκποδὼν
2777 4941 3152 5006 καταστάντος,
3194 4941 3250 5002 ὃς
3297 4949 3394 4992 τῶν
3451 4941 3624 4992 ἄλλων
3679 4941 3862 5012 τυράν-

2259 5051 2355 5082 νων
2421 5036 2724 5105 πικρότερος
2771 5029 2855 5098 ἦν,
2905 5035 2970 5082 τὰ
3015 5035 3106 5102 μὲν
3151 5039 3248 5082 τῶν
3295 5029 3582 5087 ἐκκλησιῶν
3631 5031 3788 5091 εὐθυς
3815 5029 3860 5088 ἐξ

2261 5119 2426 5171 αὐτῶν
2479 5117 2752 5194 κρηπίδων
2803 5123 3090 5192 ηγείροντο,
3147 5119 3408 5180 καὶότῆς
3462 5123 3692 5178 πίστεως
3718 5119 3856 5188 λόγος

2258 5209 2435 5279 μεῖζον
2494 5209 2522 5266 ἡ
2579 5211 2824 5280 πρότερον
2877 5206 3292 5282 ἐπαρρησιάζετο
3327 5224 3339 5236 ·
3373 5209 3436 5258 τὰ
3489 5203 3548 5258 δε
3585 5204 3857 5266 nicavit»-

2257 5296 2504 5368 λομανίας
2583 5297 2655 5357 εἰς
2733 5296 2968 5348 τούπίσω
3028 5295 3218 5370 ἐχώρει
3289 5301 3377 5348 καὶ
3445 5295 3658 5366 ἀτιμίας
3709 5299 3854 5366 irrit»

2256 5385 2456 5438 πλατο·
2503 5390 2592 5438 καὶ
2649 5382 2788 5442 δῆτα
2847 5393 3050 5459 πρῶτος
3103 5387 3254 5445 αὐτὸς
3295 5385 3588 5455 Μαξιμίνος
3643 5387 3714 5446 ως
3747 5387 3855 5436 Θεο-

2259 5505 2363 5562 per
2407 5492 2702 5546 Orientem
2755 5491 2882 5546 fuit.
2939 5489 3096 5546 Diae.
3139 5493 3416 5560 Tyrauno
3447 5490 3564 5545 hoc
3595 5491 3848 5554 sublato,

2259 5561 2744 5620 Christianismus
2784 5564 2842 5618 in
2875 5563 3106 5619 Oriente
3131 5561 3477 5618 reﬂorescit.
