4020 6218
184 280 328 337 1297

1181 238 1748 337 Ερριεειλετιωε
1787 279 2144 338 HISTORUE
2181 279 2319 338 LIB.
2360 280 2480 337 vn.

3397 279 3534 337 1298

185 411 352 479 μισὴς
409 409 499 459 καὶ
554 406 824 480 τύραννος,
876 404 1185 478 ’γράμμασιν
1228 404 1539 477 ἁπανταχοῦ
1596 404 1785 476 ἀνηγό-

1894 423 2070 479 quam
2099 414 2276 464 antea
2303 406 2683 480 praedicatur,
2715 408 2890 480 500
2911 404 3209 464 idolorum
3236 405 3401 462 furor
3426 423 3531 478 po-

1626 495 1788 547 αὐτοῦ

1255 495 1441 553 Στῆλαι
1499 494 1559 547 δι

1251 584 1324 646 εἰς
1390 588 1547 655 τιμὴν
1612 586 1787 653 ἐκείνῳ

182 515 354 570 ρεντο,
432 492 672 566 δημοσίᾳ
730 495 1175 567 στηλιτενόμενος.

182 591 275 637 καὶ
345 589 538 656 γραφαὶ
613 586 735 635 ὅσαι
809 587 946 636 κατά
1005 584 1178 645 πόλεις

180 674 400 736 ἀνεῖντο,
468 676 523 725 αἱ
593 677 681 743 μεν
744 672 825 745 ἀφ’
893 673 1060 744 ὕψους
1112 674 1438 748 ῥιπτόμεναι,
1506 673 1573 733 εἰς
1629 673 1788 726 λεπτὰ

184 761 543 837 συνετρίϐοντο
580 779 589 791 ·
642 764 696 813 αἱ
739 759 799 814 δι
850 760 1046 835 ἀσϐολῃ
1107 765 1173 814 τὰ
1222 766 1482 833 πρόσωπα
1526 768 1617 814 καὶ
1667 780 1787 814 σκο-

181 860 331 921 τεινῷ
375 857 626 925 χρώματι
671 850 1012 921 ἑμελαίνοντο,
1067 856 1304 922 παίγνιον
1354 870 1409 902 τε
1451 856 1541 903 καὶ
1593 847 1787 903 παιδιά

180 950 292 1003 τοῖς
356 944 561 1003 παίζειν
617 939 850 991 ἐθέλουσι
904 943 1226 1010 προῦκειντο.
1286 944 1449 1010 Τιμαὶ
1516 937 1575 992 δι
1634 940 1787 992 ἄλλαι

182 1040 284 1081 τῶν
337 1037 428 1089 τῆς
478 1028 719 1089 ἀληθείας
774 1029 1060 1080 ἀντιπάλων
1117 1030 1448 1102 ἠχρειοῦντο.
1518 1028 1675 1081 Ὀσοι
1725 1048 1786 1099 γε

183 1125 289 1191 μὴν
345 1115 480 1177 ἦσαν
537 1120 601 1169 τὰ
655 1120 846 1170 ἐκείνου
901 1125 1222 1189 φρονοῦντες,
1281 1123 1370 1170 καὶ
1434 1116 1784 1192 σοϐαρώτερον

184 1211 615 1282 ίμπαροινοῡντες
663 1214 772 1268 τοῖς
834 1208 1123 1279 ἡμετέροις,
1176 1211 1269 1264 τὴν
1321 1206 1470 1269 ἀξίαν
1527 1213 1783 1278 παρεῖχον

186 1292 366 1354 δίκην.
442 1296 653 1356 Ὀποίος
745 1297 925 1355 ἑκείνος
1001 1299 1319 1359 Πευκίντιός,
1418 1291 1621 1356 αἰδοῖος
1694 1298 1783 1367 μεν

186 1384 361 1456 ἐκείνῳ
404 1390 494 1436 καὶ
546 1392 646 1435 τῶν
705 1383 859 1455 φίλων
910 1386 1112 1435 πάντων
1161 1385 1186 1434 ὁ
1235 1388 1616 1453 γνησιώτατος.
1662 1380 1786 1437 δισ-

187 1476 385 1533 ύπατος
433 1493 522 1525 και
577 1475 913 1545 τρισύπατος,
988 1478 1076 1524 καὶ
1128 1472 1290 1524 ἄλλων
1370 1471 1550 1545 ἀρχῶν
1608 1470 1784 1532 ἐπιϐὰς

182 1565 433 1634 μειζόνων
494 1579 507 1590 ⁸
563 1566 853 1622 Λουκιανός
927 1579 981 1613 τε
1030 1559 1218 1623 ὶπίσης
1275 1560 1453 1633 ἁπάσῃ
1513 1569 1636 1633 τιμῇ
1694 1566 1784 1614 καὶ

184 1650 400 1723 εξουσίᾳ
474 1647 817 1724 διαφιρόντως
890 1656 1193 1721 τιμώμενος,
1246 1654 1335 1702 καὶ
1409 1657 1519 1712 τοῖς
1591 1651 1785 1721 αἵμασι

1890 495 2005 550 tius
2039 511 2227 568 quam
2265 496 2460 552 cultus
2495 495 2898 567 ignominiosa
2935 493 3262 552 intercedit.
3306 498 3369 549 Et
3404 495 3531 567 ipse

1888 584 2242 640 Maximinus
2277 585 2539 656 primum
2584 590 2647 641 ut
2685 585 2804 641 Deo
2848 584 3075 641 invisus
3123 589 3180 640 et
3219 590 3530 654 tyrannus,

1886 671 2090 727 litteris
2135 672 2357 745 ubique
2404 672 2747 744 propositis,
2796 672 3175 745 publicisque
3225 672 3531 727 invectivis

1886 761 2242 825 declaratur.
2267 763 2487 819 Statuas
2508 761 2639 833 ejus
2660 766 2718 818 et
2733 762 3051 834 imagines,
3076 776 3448 834 quaecunque
3471 762 3532 814 in

1888 850 2138 905 urbibus
2157 851 2218 907 in
2247 850 2403 907 illius
2425 850 2719 907 honorem
2744 856 2954 907 erectae
2984 850 3237 916 fuerant,
3263 850 3377 906 illa:
3404 850 3532 922 qui-

1885 940 2026 995 dem
2055 956 2127 995 ex
2153 940 2299 995 locis
2328 939 2678 995 editioribus
2705 940 2952 1012 dejectie
2981 940 3479 995 comminuuntur
3510 956 3526 994 :

1885 1030 1980 1085 hae
2008 1034 2209 1085 autem
2231 1029 2293 1084 in
2321 1028 2472 1085 facie
2496 1027 2740 1101 fuligine
2760 1029 3080 1101 coloreque
3100 1033 3228 1084 atro
3254 1028 3531 1084 oblinun-

1887 1124 1999 1183 tur,
2039 1118 2339 1191 ludusque
2378 1123 2436 1173 et
2471 1117 2770 1174 ludicrum
2808 1117 3055 1174 illudere
3093 1118 3146 1173 ei
3191 1116 3529 1173 volentibus

1883 1213 2321 1279 proponuntur.
2350 1210 2415 1262 Et
2441 1207 2701 1264 honores
2729 1206 2829 1264 alii
2858 1207 3115 1263 veritatis
3146 1207 3528 1263 inimicorum

1885 1296 2220 1361 abolentur,
2247 1296 2464 1353 Deinde
2485 1296 2666 1352 etiam
2692 1296 2796 1369 qui
2816 1296 3030 1353 eadem
3051 1312 3190 1352 cum
3213 1294 3311 1352 illo
3335 1311 3532 1351 sense-

1883 1391 2036 1450 rant,
2077 1391 2394 1458 partesque
2432 1385 2563 1456 ejus
2600 1386 2785 1442 secuti
2829 1385 3083 1450 fuerant,
3118 1390 3175 1441 et
3214 1384 3532 1456 superbius

1887 1476 2074 1530 sacris
2112 1474 2325 1530 nostris
2355 1474 2678 1543 illuserant,
2711 1474 2892 1531 amici
2931 1479 2987 1530 et
3019 1474 3344 1531 familiares
3375 1474 3527 1545 ejus,

1881 1564 2075 1635 justas
2111 1563 2307 1620 ferunt
2340 1580 2568 1635 poenas.
2603 1564 2805 1631 Qualis
2841 1564 3143 1620 Peucetius
3174 1563 3270 1619 ille
3299 1562 3432 1628 fuit,
3473 1562 3533 1617 in

1889 1667 2112 1722 magna
2135 1653 2299 1726 apud
2330 1652 2496 1710 illum
2528 1653 2905 1710 veneratione
2932 1652 3197 1719 habitus,
3230 1657 3287 1708 et
3312 1651 3535 1708 amico-

182 1748 286 1792 τῶν
330 1741 444 1791 κατ’
500 1742 767 1814 Αἰγυπτον
836 1745 1161 1810 Χριστιανῶν
1213 1739 1495 1811 ὠνούμενος
1550 1742 1641 1799 τὰς
1694 1738 1783 1810 ἀρ-

1894 1757 2022 1798 rum
2067 1742 2340 1797 omnium
2375 1742 2638 1807 intimus,
2684 1744 2898 1798 iterum
2942 1758 3014 1797 ac
3050 1742 3285 1798 tertium
3325 1737 3535 1797 consul

182 1831 296 1899 χάς
322 1845 334 1856 ⁸
381 1827 615 1879 πλεῖστοι
652 1823 710 1878 δε
765 1834 854 1878 καὶ
893 1826 1058 1889 ἄλλοι,
1107 1823 1181 1878 δι’
1222 1827 1289 1877 ὧν
1335 1831 1392 1878 τό
1436 1828 1625 1898 κράτος
1668 1826 1782 1880 ἕπο-

183 1916 361 1987 ρίζετό
412 1915 722 1985 Μαξιμίνος,
779 1919 866 1965 καὶ
913 1913 1122 1985 φοϐερὸς
1190 1911 1361 1967 ἐδόκει
1406 1922 1514 1975 τοῖς
1562 1915 1778 1968 ἅπασιν.

182 2003 407 2076 Ἐφθανε
458 2000 518 2056 δι
571 2010 660 2055 καί
710 2012 985 2056 Θιοτεκνον
1015 2006 1045 2061 ἠ
1101 2000 1227 2061 δίκη
1259 2001 1426 2074 μηδὲν
1478 2004 1785 2075 μελλήσασα

184 2090 258 2165 ἐφ’
311 2094 383 2153 οἷς
409 2095 545 2144 κατά
617 2100 943 2166 Χριστιανῶν
1019 2091 1313 2165 ἐσκαιώρει.
1391 2093 1507 2145 Ἐπὶ
1565 2095 1664 2166 γαρ
1713 2102 1783 2163 τῷ

184 2189 427 2252 νεοπαγεί
502 2182 666 2252 ξοάνῳ
730 2185 819 2233 καὶ
895 2188 1004 2243 τοῖς
1075 2188 1193 2255 περὶ
1266 2181 1394 2233 αὑτό
1447 2182 1563 2233 καθ’
1638 2184 1783 2254 ἡμῶν

185 2270 466 2341 πλάσμασι
538 2272 691 2342 τιμὰς
762 2270 1123 2343 ποριζόμενος,
1182 2269 1336 2327 ἓπέϐη
1394 2275 1484 2322 καὶ
1558 2270 1785 2342 ἀξιώμα-

185 2378 295 2421 τος.
348 2359 487 2412 Ἐπεὲ
524 2356 583 2411 δε
635 2363 870 2421 Λικίνιος
911 2363 1004 2415 τὴν
1049 2358 1327 2430 Ἀντιόχου
1377 2359 1540 2432 εἰσῄει
1591 2366 1679 2412 καὶ
1726 2362 1784 2412 τὸ

183 2455 386 2519 γοήτων
439 2447 635 2508 πλῆθος
688 2448 759 2508 εἰς
813 2445 1100 2519 διαφθορὰν
1162 2452 1362 2518 ἤπειγε,
1428 2456 1670 2521 παρῆσαν
1724 2445 1787 2502 δί

184 2542 277 2589 καὶ
333 2539 385 2588 οἱ
435 2543 527 2588 τοῦ
582 2544 861 2605 νεοπαγοῡς
924 2537 1073 2607 ἱερεῖς
1126 2536 1332 2601 ξοάνου,
1400 2538 1643 2610 ᾐκίζοντο
1690 2543 1783 2597 τὴν

186 2626 360 2677 αἰτίαν
417 2633 510 2686 τῆς
564 2624 768 2687 ἀπάτης
824 2625 988 2694 λέγειν
1044 2624 1427 2697 ἐκϐιαζόμενοι,
1481 2629 1530 2679 οἱ
1583 2623 1641 2680 δι
1690 2632 1784 2685 τὴν

187 2722 279 2766 τοῦ
346 2719 622 2766 Θεότέκνου
688 2718 879 2784 τέχνην
934 2712 1312 2787 προύϐάλλοντο
1371 2730 1385 2743 ⁸
1444 2724 1646 2788 πρῶτον
1693 2718 1783 2786 μεν

189 2808 464 2856 Θεότεκνον
538 2806 744 2867 ἔκτεινε,
823 2810 928 2863 τοῖς
1004 2799 1063 2856 δι
1135 2809 1324 2873 γόησιν
1408 2802 1615 2867 ὶκείνοις
1689 2810 1783 2864 τὴν

187 2892 336 2954 ἀξίαν
363 2888 649 2965 ἐσχεδίαζε
680 2888 857 2949 δίκην.
890 2892 1006 2944 Ἐπὶ
1035 2895 1239 2953 τούτοις
1264 2894 1314 2944 οἱ
1341 2890 1525 2954 παῖδες
1555 2892 1784 2965 Μαξιμί-

186 3000 276 3032 νου
302 2986 392 3032 καὶ
421 2983 469 3032 οὶ
517 2983 650 3032 κατὰ
699 2985 842 3051 γένος
871 2984 961 3033 καὶ
1022 2980 1191 3052 φιλίαν
1225 2983 1397 3052 ἐκείνῳ
1435 2986 1783 3056 προσήκοντες

1890 1836 2126 1886 creatus
2173 1831 2422 1902 aliisque
2469 1830 2654 1887 etiam
2702 1832 3034 1888 honoribus
3085 1831 3265 1900 gestis
3312 1829 3532 1885 clarus.

1890 1920 2190 1975 Lucianus
2213 1920 2292 1992 (t)
2310 1935 2574 1993 quoque,
2597 1921 2764 1976 omni
2785 1919 2991 1976 itidem
3017 1918 3307 1988 dignitate
3332 1934 3403 1975 ac
3433 1933 3538 1988 po-

1895 2014 2098 2064 testate
2131 2010 2432 2081 praecipue
2481 2010 2559 2065 ab
2595 2025 2666 2065 eo
2703 2015 3049 2074 exornatus,
3092 2009 3199 2081 qui
3242 2006 3537 2076 sanguine

1890 2097 2294 2168 Egyptiorum
2318 2096 2790 2154 Christianorum
2829 2098 3087 2152 honores
3120 2096 3231 2151 sibi
3264 2101 3320 2151 et
3352 2094 3539 2163 magi-

1894 2192 2115 2241 stratus
2146 2192 2477 2257 paraverat.
2510 2186 2747 2242 Plurimi
2778 2191 3067 2257 prmterea
3096 2185 3218 2251 alii,
3249 2200 3355 2257 per
3384 2199 3539 2256 quos

1893 2280 2244 2346 potestatem
2265 2274 2626 2331 Maximinus
2642 2291 2967 2341 summam,
2991 2279 3056 2329 ut
3076 2273 3362 2330 omnibus
3378 2273 3542 2327 terri-

1894 2363 2022 2418 bilis
2052 2363 2366 2429 videretur,
2405 2367 2767 2419 consecutus
2814 2362 3027 2419 fuerat.
3081 2360 3543 2433 Comprehendit

1891 2468 2134 2524 quoque
2184 2452 2583 2508 Theotecnum
2638 2452 2904 2507 vindicta
2956 2466 3079 2507 non
3127 2450 3229 2506 diu
3282 2454 3538 2515 morata,

1893 2548 2136 2615 propter
2159 2541 2382 2598 scelera
2405 2557 2478 2598 ea
2505 2557 2636 2614 quas
2667 2540 2957 2597 adversus
2990 2540 3353 2596 christianos
3379 2555 3543 2594 com-

1896 2635 2130 2686 mentus
2178 2630 2385 2687 fuerat.
2432 2631 2601 2696 Quod
2643 2630 2806 2686 enim
2844 2634 3081 2702 propter
3126 2644 3354 2684 novum
3399 2628 3540 2683 illud

1894 2719 2284 2775 simulacrum
2310 2723 2367 2775 et
2387 2719 2672 2789 ﬁgmenta
2691 2724 2899 2775 contra
2921 2734 3036 2774 nos
3064 2718 3321 2773 excitata
3352 2716 3545 2771 hono-

1892 2825 1955 2866 re
1984 2815 2192 2865 auctus
2231 2808 2441 2873 fuerat,
2483 2811 2561 2865 ad
2599 2807 2920 2878 dignitates
2952 2823 3194 2880 quoque
3225 2806 3543 2877 primarias

1891 2904 1979 2953 est
2003 2903 2263 2954 evectus.
2294 2900 2357 2954 Et
2382 2903 2709 2970 postquam
2730 2896 2984 2953 Licinius
3010 2895 3388 2952 Antiochiam
3415 2910 3547 2966 per-

1892 2987 2074 3053 venit,
2106 2994 2163 3042 et
2195 3001 2512 3055 magorum
2539 2992 2720 3060 atque
2745 2986 3151 3059 impostorum
3183 2984 3424 3040 turbam
3468 2982 3546 3037 ad

186 3072 571 3145 προσετίθεντο,
602 3074 687 3122 καὶ
721 3078 817 3131 τῆς
848 3070 970 3130 ἴσης
999 3068 1213 3141 ἀτιμίας
1241 3075 1607 3145 καιᾼτιμωρίας
1635 3075 1785 3144 μετέ-

1894 3076 2195 3131 interitum
2220 3075 2419 3146 adegit
2443 3074 2681 3132 adfuere
2707 3075 2787 3131 ibi
2823 3075 3073 3131 recentis
3117 3072 3274 3129 illius
3304 3071 3546 3127 simula-

184 3178 373 3232 χοντες
418 3154 767 3232 διεφθείροντο
800 3176 812 3188 ·
864 3157 1090 3230 Ὀτιγε
1143 3164 1226 3232 μὴ
1286 3156 1588 3223 ἇδίξαντο
1647 3182 1784 3214 παι-

189 3245 396 3314 δείαν,
491 3245 655 3319 μηδὲ
739 3257 1023 3308 συνῆκαν
1095 3254 1174 3321 μὴ
1252 3252 1628 3303 πεποιθέναι
1697 3250 1782 3303 ἔπ’

187 3339 540 3410 ἄρχοντας,
589 3336 690 3388 ἐπὶ
738 3338 921 3398 υἱοὺς
961 3336 1330 3409 ἀνθρώπων,
1381 3342 1614 3402 οῐςούκ
1646 3343 1785 3393 ἔστι

191 3432 501 3497 σωτηρία.
565 3425 655 3478 Ἐν
712 3425 919 3498 ἐκείνῃ
990 3434 1059 3498 τῇ
1116 3428 1323 3499 ἡμέρᾳ
1385 3426 1785 3483 ἀπολοῦνται

185 3517 414 3575 πάντες
465 3516 524 3566 οἱ
581 3512 1011 3585 διαλογισμοὶ
1064 3515 1296 3572 αὐτῶν,

1893 3165 1978 3222 cri
2002 3165 2361 3232 sacerdotes,
2388 3164 2821 3238 tormentisque
2845 3163 3039 3220 affecti
3064 3177 3312 3220 causam
3348 3162 3546 3232 impo-

1894 3259 2071 3311 sturaa
2105 3271 2230 3310 sum
2259 3256 2436 3311 edere
2465 3260 2604 3311 sunt
2633 3254 2843 3311 coacti.
2875 3254 3067 3326 Atque
3106 3252 3187 3307 illi
3222 3250 3325 3308 ubi
3358 3250 3549 3306 Theo-

1895 3344 2047 3399 tecni
2090 3343 2360 3401 fraudem
2400 3343 2736 3415 prodidere,
2786 3342 3052 3415 primum
3086 3341 3338 3398 Licinius
3367 3341 3548 3396 Theo-

1893 3436 2136 3488 tecnum
2168 3432 2404 3497 occidit,
2436 3432 2655 3488 deinde
2684 3430 3118 3503 impostoribus
3147 3430 3259 3484 illis
3297 3430 3543 3497 dignam

1893 3520 2105 3577 inﬂixit
2130 3537 2393 3593 poenam.
2418 3520 2505 3576 Ad
2526 3521 2639 3576 hoc
2664 3519 2970 3575 Maximini
2995 3518 3183 3583 liberi,
3216 3523 3274 3572 et
3308 3519 3410 3589 qui
3455 3516 3544 3570 vel

183 3619 401 3673 genere
455 3605 538 3657 vel
581 3603 843 3658 amicitia
884 3603 933 3656 ei
986 3604 1283 3673 conjuncti
1334 3612 1521 3671 erant,
1572 3608 1804 3679 adjecti,
1857 3611 2103 3680 parique
2151 3608 2517 3665 contumelia
2553 3612 2612 3663 et
2661 3623 2845 3679 pcena
2885 3606 3101 3671 affecti,
3160 3608 3295 3661 caesi
3340 3611 3479 3660 sunt
3523 3623 3537 3656 :

186 3693 478 3758 Quoniam
507 3708 626 3747 non
656 3698 1041 3756 susceperunt
1062 3692 1466 3760 disciplinam,
1494 3710 1683 3767 neque
1706 3698 2136 3753 intellexerunt
2168 3701 2233 3751 ut
2261 3713 2381 3753 non
2410 3697 2776 3767 conﬁderent
2797 3698 2863 3751 in
2886 3694 3281 3767 principibus,
3308 3694 3372 3749 in
3400 3694 3544 3762 ﬁliis

185 3782 491 3839 hominum
524 3783 583 3836 in
615 3780 826 3852 quibus
856 3796 976 3836 non
1004 3787 1088 3836 est
1113 3782 1297 3836 satus.
1321 3780 1389 3836 In
1419 3783 1516 3837 die
1537 3798 1678 3852 ergo
1704 3786 1819 3842 illa
1845 3786 2158 3855 perierunt
2176 3801 2375 3842 omnes
2400 3785 2778 3856 cogitationes
2798 3785 3068 3842 illorum.

798 3907 1041 3960 ΚΕΦΑΛ.
1090 3905 1180 3960 Μ’.

191 4018 340 4087 Περὶ
398 4022 509 4073 τῆς
558 4014 1117 4084 πρυτανευθείσης
1164 4013 1315 4081 ἡμῖν
1367 4015 1430 4064 ἑκ
1485 4019 1646 4065 Θεοῦ
1705 4013 1785 4065 εἰ·

331 4089 537 4156 ρήνης
563 4089 818 4135 καὶτῶν
856 4086 1021 4134 κατά
1060 4088 1251 4135 τόπον
1284 4084 1641 4153 ἑγκαινίων.

252 4184 369 4244 Τῶν
428 4188 487 4243 δι
537 4193 788 4261 θεομισῶν
838 4194 1095 4261 τυράννων
1146 4191 1308 4251 οὕτως
1366 4190 1418 4243 ἐκ
1476 4200 1568 4244 τοῦ
1623 4198 1786 4265 μέσον

182 4284 553 4352 γεγενημένων,
603 4283 669 4331 τά
705 4288 793 4340 τῆς
851 4277 1114 4352 βασιλείας
1162 4279 1351 4355 στερρά
1383 4301 1436 4333 τε
1491 4288 1578 4333 καὶ
1634 4280 1784 4335 ἀδιάυ

2431 3910 2601 3983 501
2654 3910 2875 3965 CAPUT
2903 3910 3010 3966 XL.

1900 4018 1981 4073 De
1994 4032 2155 4085 pace,
2177 4017 2451 4084 beneﬁcio
2464 4017 2561 4074 Dei
2574 4016 2924 4073 Christianis
2938 4023 3120 4085 parta
3136 4021 3187 4071 et
3201 4015 3516 4071 conciliata
3527 4056 3540 4081 ,

2253 4094 2307 4144 et
2329 4088 2635 4144 celebratis
2660 4090 2874 4159 passim
2899 4087 3188 4145 encaeniis.

1967 4194 2259 4265 Tyrannis
2309 4195 2430 4250 Deo
2473 4193 2682 4249 invisis
2728 4193 2810 4249 ita
2854 4193 3124 4260 sublatis,
3174 4208 3268 4248 res
3308 4190 3543 4265 imperii

1900 4284 2073 4340 totius
2100 4285 2287 4339 ﬁrmae
2319 4288 2497 4355 atque
2522 4284 2895 4338 inconcussas
2924 4282 3000 4338 ad
3031 4282 3189 4338 solos
3221 4283 3546 4338 Constanti-

185 4388 370 4421 σειστα
409 4374 586 4440 μόνοις
627 4368 951 4420 κατελείπετο
1004 4374 1370 4439 Κωνσταντίνῳ
1397 4374 1488 4422 καὶ
1520 4375 1740 4443 Λικινίῳ
1771 4391 1784 4404 ο

1898 4389 2046 4428 num
2090 4379 2145 4428 et
2194 4372 2483 4428 Licinium
2529 4386 2848 4442 pervenere
2900 4387 2913 4426 :
2960 4372 3065 4444 qui
3114 4370 3392 4444 pessimis
3435 4369 3547 4425 illis

186 4457 237 4509 οἱ
267 4465 366 4509 τῶν
409 4463 666 4508 κακίστων
697 4460 750 4508 ἐκ
790 4464 881 4509 τοῦ
931 4454 1049 4530 βίον
1098 4452 1470 4531 διαρρυέντων,
1504 4459 1652 4512 αὐτοὶ
1700 4461 1790 4512 οἱτε

186 4554 278 4606 τῆς
331 4551 504 4607 θεῖκῆς
564 4544 802 4617 ἀρωγκῆς
850 4546 922 4607 εἰς
971 4544 1160 4619 ἀκριϐῆ
1214 4551 1393 4619 πεῖραν
1446 4548 1674 4612 ἣκοντας,
1731 4553 1788 4602 τό

186 4644 284 4697 τῆς
338 4635 507 4687 αὐτῶν
555 4639 775 4695 πίστεως
833 4636 1027 4706 εὐγενὲς
1077 4640 1168 4687 καὶ
1222 4639 1352 4708 πρός
1404 4636 1614 4689 ἅπασαν
1672 4637 1790 4711 ἀρε-

189 4730 284 4783 τὴν
326 4721 518 4788 δεξιὸν,
569 4720 663 4774 δια
705 4731 796 4775 τοῦ
850 4725 975 4796 ὑπὲρ
1032 4732 1362 4799 Χριστιανῶν
1415 4727 1585 4778 πάντα
1633 4735 1789 4779 κινεῖν

184 4819 279 4866 καὶ
338 4812 676 4888 ἐργάζεσθαι,
755 4817 844 4864 καὶ
895 4818 1084 4884 νόμους
1134 4816 1259 4885 ὑπερ
1319 4814 1488 4866 αὐτῶν
1548 4814 1790 4889 ἀσφαλεῖς

187 4904 410 4973 ὶξάγειν,
471 4902 766 4974 ἀρκούντως
819 4899 1115 4964 ὑπέδειξαν.
1175 4908 1273 4956 Καὶ
1330 4900 1397 4962 δὴ
1451 4901 1650 4979 φαιδρά
1698 4909 1789 4978 μὲν

190 4995 361 5065 ἡμέρα
411 4996 501 5043 καὶ
562 4987 786 5060 διαυγὴς
852 4986 1064 5051 οὐδενὸς
1129 4990 1567 5065 ἐπιπροσθοῦντός
1617 4998 1792 5066 νέφους

191 5081 449 5152 ξπέλαμπε
502 5088 777 5150 πανταχοῦ
808 5099 821 5111 ·
873 5084 961 5130 καὶ
1017 5080 1128 5131 θεία
1180 5100 1260 5141 τις
1316 5081 1471 5152 αἴγλη
1525 5083 1792 5154 ὑπερφυὴς

190 5176 309 5230 ταῖς
353 5167 450 5219 ἀνὰ
502 5172 596 5226 τὴν
644 5168 949 5236 οἰκουμένην
1017 5165 1319 5228 ἐκκλησίαις
1370 5174 1788 5243 κατήστραπτεν.

186 5256 268 5310 Ἐν
300 5257 500 5329 ἀφθόνῳ
550 5253 608 5308 δὲ
638 5259 942 5327 προῦκειντο
996 5257 1062 5306 τὰ
1089 5257 1316 5329 ἡμέτερα
1346 5277 1360 5289 ·
1418 5263 1508 5310 καὶ
1564 5265 1661 5319 πᾶς
1716 5279 1793 5321 τις

193 5346 249 5399 ix
288 5350 596 5419 περιουσίας
637 5353 845 5417 μετεῖχε
897 5352 989 5405 τῆς
1044 5343 1100 5395 ἐκ
1161 5351 1295 5397 Θεοῦ
1352 5350 1793 5421 πρντανευθείσης

268 5454 287 5489 ¹
324 5451 477 5507 Psal.
513 5468 684 5518 chv,
718 5456 771 5507 4.

1899 4460 2232 4535 oppressis,
2280 4461 2422 4516 satis
2460 4468 2620 4517 certo
2665 4461 2786 4516 vim
2826 4460 3014 4517 divini
3053 4460 3259 4516 auxilii
3298 4459 3543 4526 experti,

1900 4550 2039 4607 ﬁdei
2079 4567 2204 4606 sum
2246 4550 2728 4621 generositatem,
2772 4555 2829 4606 et
2868 4550 2946 4605 ad
2986 4550 3259 4606 virtutem
3303 4564 3547 4604 omnem

1901 4640 2389 4712 propensionem,
2409 4654 2517 4712 pro
2539 4638 2890 4696 Christianis
2912 4639 3119 4695 omnia
3141 4636 3440 4695 movendo
3467 4644 3549 4693 at-

1897 4745 2015 4802 que
2054 4729 2311 4797 agendo,
2348 4732 2405 4784 et
2441 4728 2601 4800 leges
2642 4744 2750 4801 pro
2780 4744 2988 4784 eorum
3019 4727 3209 4784 salute
3247 4732 3305 4783 et
3333 4728 3550 4782 securi-

1899 4824 2014 4874 tate
2027 4818 2495 4897 promulgando,
2510 4818 2751 4875 abunde
2769 4817 3177 4874 ostenderunt.
3194 4817 3400 4888 Itaque
3416 4815 3551 4871 laeta

1900 4907 2235 4963 admodum
2275 4913 2330 4962 et
2371 4922 2583 4963 serena
2621 4921 2886 4977 prorsus,
2929 4905 3087 4962 nulla
3131 4906 3552 4961 interveniente

1900 4996 2080 5061 nube,
2117 4995 2340 5069 ubique
2366 4994 2726 5059 illuxitdies,
2763 5000 2820 5052 et
2842 4994 3084 5051 divinus
3108 4995 3357 5068 quidam
3397 4994 3557 5049 miri-

1899 5083 2170 5156 ﬁcusque
2194 5085 2475 5141 ecclesias
2497 5100 2604 5157 per
2639 5084 2848 5141 orbem
2873 5100 3083 5141 omnes
3113 5083 3397 5157 splendor
3419 5083 3550 5140 illu-

1902 5174 2171 5239 minavit,
2213 5179 2270 5229 et
2304 5189 2397 5229 res
2427 5178 2645 5229 nostrae
2672 5178 2811 5229 tutas
2842 5178 3023 5245 atque
3056 5178 3221 5227 extra
3261 5171 3551 5227 invidiam

1902 5278 2145 5318 omnem
2173 5264 2377 5335 positae
2402 5261 2660 5318 fuerunt.
2691 5262 2945 5318 Abunde
2977 5261 3224 5334 quilibet
3259 5260 3389 5332 ejus
3416 5276 3553 5333 quae

1902 5366 1939 5407 a
1984 5350 2104 5406 Deo
2155 5352 2424 5408 immissa
2465 5350 2742 5423 factaque
2789 5351 2999 5416 fuerat,
3046 5350 3211 5423 pacis
3259 5350 3555 5423 particeps

275 5561 349 5631 (t)
394 5557 681 5615 Eusebius
723 5557 1140 5623 Culchianum,
1185 5557 1433 5615 Ruﬁnus
1470 5560 1854 5628 Quintianum
1890 5564 2092 5623 habet.
