4020 6218
473 285 618 342 ’1299

1787 279 2182 340 NICEPHORI
2221 279 2542 338 CALLISTI

3671 281 3774 342 mo

459 411 653 468 factus
673 413 766 466 est
791 429 810 480 ;
838 413 895 466 et
913 409 1324 466 dominatione
1344 409 1571 480 injuste
1593 411 1867 483 depulsa,
1893 411 2106 466 libera-

2233 409 2426 483 εἰρήνης
2458 429 2470 439 ·
2519 415 2608 463 καὶ
2653 419 2744 472 τῆς
2797 407 3108 474 δυναστείας
3168 407 3586 486 διαῤῥσιγιίσης,
3635 409 3786 464 {ii-iit.

458 500 576 556 lem
619 501 1040 572 unusquisque
1074 498 1386 570 conspexit
1426 499 1634 564 solem,
1674 499 1870 555 solum
1902 513 2106 554 verum

459 591 640 645 Deum
685 589 922 660 piorum
965 593 1480 659 propugnatorem
1525 588 1806 644 laudibus
1859 589 2106 644 vehens.

463 679 876 749 Omnibusque
921 677 1134 746 ingens
1187 677 1433 732 incessit
1483 677 1700 740 laetitia.
1757 693 1850 732 res
1899 693 2110 732 omnes

461 767 634 838 quasi
655 766 1075 822 reviviscentes
1092 765 1498 830 cernentibus,
1521 781 1658 837 quas
1682 765 1914 821 dudum
1937 767 2113 838 pesti-

458 855 584 914 fera
614 855 783 910 clade
804 859 860 909 et
885 853 1223 910 calamitate
1251 853 1615 910 interierunt.
1649 855 1854 926 Itaque
1887 856 2114 922 magnis

460 944 576 1000 ﬁca
603 943 830 1014 templa
866 942 1261 1013 amplitudine
1293 947 1348 998 et
1378 943 1742 998 sublimitate
1783 944 2026 1014 ingenti,
2059 951 2116 999 et

459 1033 640 1102 longe
679 1047 866 1104 quam
897 1037 1074 1086 antea
1101 1033 1414 1085 venustate
1445 1039 1500 1086 et
1541 1031 1856 1102 splendore
1887 1033 2114 1102 majore

464 1125 804 1178 constructa
853 1138 867 1186 ;
897 1126 954 1176 et
983 1119 1148 1192 quod
1179 1121 1454 1175 omnium
1483 1121 1658 1176 nobis
1689 1127 1776 1176 est
1821 1123 2116 1192 optatissi-

463 1227 657 1274 mum,
687 1209 820 1264 festi
851 1209 979 1264 dies
1011 1209 1412 1264 encaeniorum
1445 1224 1860 1280 novarumque
1882 1209 2117 1266 dedica-

465 1301 692 1356 tionum
719 1297 1030 1370 splendide
1053 1297 1189 1361 acti,
1214 1313 1396 1352 sacrae
1415 1298 1574 1354 cedes
1599 1313 1804 1354 recens
1827 1299 2110 1364 fundatae,

465 1391 886 1462 episcoporum
939 1386 1202 1458 undique
1255 1387 1738 1442 convenientium
1786 1393 2115 1443 conventu

465 1477 746 1533 celebrati
765 1494 777 1543 ;
793 1481 848 1531 et
870 1475 1080 1530 Christi
1099 1475 1372 1530 membra
1389 1483 1662 1532 amanter
1689 1476 1852 1532 aliud
1873 1477 2114 1532 aliunde

465 1565 845 1630 continentia,
875 1581 1080 1619 rursus
1107 1563 1184 1618 ad
1213 1579 1392 1619 unam
1418 1564 1798 1621 harmoniam
1823 1567 2116 1637 corporis-

464 1671 582 1730 que
608 1654 1088 1710 constitutionem
1116 1651 1392 1706 decenter
1426 1659 1740 1724 compacta
1773 1671 1786 1718 ;
1821 1659 2019 1724 atque,
2055 1659 2116 1709 ut

2217 517 2306 573 ρον
2337 506 2439 562 πᾶς
2471 519 2544 560 τις
2589 501 2724 572 ἐώρα
2749 505 2833 552 τὸν
2877 501 3044 566 ἣλιον,
3081 517 3236 572 μονον
3283 501 3534 558 ἀληθινὸν
3567 505 3686 550 Θεὸν
3727 509 3792 553 τὸν

2219 597 2320 640 τῶν
2395 589 2616 640 εὐσεϐῶν
2671 592 2982 662 ὑπερμαχον
3061 589 3316 660 ἄνυμνών.
3377 595 3478 642 Καὶ
3539 589 3696 646 πολλή
3745 609 3800 648 τις

2221 677 2499 750 ἐπεσκίρτα
2527 685 2660 730 πᾶσι
2689 681 2838 750 χαρά
2877 693 2890 706 ⁸
2927 681 3100 752 ὥσπερ
3136 677 3532 730 ἀναϐιὼσκοντα
3585 676 3806 748 ﬁliasue:

2221 771 2526 841 πράγματα,
2595 771 2662 820 τὰ
2708 769 2871 820 πάλαι
2923 777 2984 840 τῇ
3039 769 3338 840 φθοροποιῷ
3393 769 3536 840 λύμη
3591 763 3812 837 διεφθαρ-

2223 861 2368 926 μένα.
2431 862 2531 909 Καὶ
2589 853 2658 914 δὴ
2715 857 3119 928 μεγαλοπτεπεῖς
3169 861 3286 916 νεὼς
3341 855 3705 928 ἂνηγείροντο,
3759 857 3814 916 εἰς

2223 944 2358 1014 ὕψος
2382 949 2514 1016 μέγα
2555 952 2644 997 καὶ
2675 945 2866 1006 πλάτος
2917 945 3198 1018 αἰρόμενοι,
3247 945 3415 1014 πολλῷ
3451 943 3512 998 δε
3567 950 3820 1016 κρείττονι

2223 1039 2313 1086 καὶ
2365 1039 2457 1092 τὴν
2515 1033 2734 1106 ἀγλαΐαν
2789 1037 2932 1104 παρὰ
2985 1039 3080 1092 τὴν
3139 1039 3392 1109 προτέραν
3441 1032 3824 1104 ἀπολαμϐάνον-

2223 1143 2326 1185 τες.
2357 1129 2456 1176 Καὶ
2499 1124 2553 1176 τό
2601 1127 2802 1176 πάντων
2851 1127 2976 1194 ἡμῖν
3031 1124 3418 1188 εὐκταιότατον,
3471 1123 3654 1194 ἑορταὶ
3699 1125 3824 1174 κατὰ

2224 1213 2392 1272 πόλεις
2447 1212 2716 1284 ἐγκαινίων
2767 1213 3120 1285 λαμπρότερον
3173 1211 3418 1284 ἐτιμῶντο
3467 1231 3479 1244 ·
3563 1219 3822 1282 νεοπαγῶν

2224 1321 2278 1354 τε
2331 1310 2452 1353 νεῶν
2515 1299 2878 1376 καθιδρύσεις,
2940 1300 3236 1353 ἐπισκόπων
3293 1321 3346 1353 τε
3419 1303 3676 1353 πάντοθεν
3727 1301 3826 1352 illo

2225 1391 2448 1462 ζομένων
2495 1397 2892 1463 συνεκροτοῦντο
2955 1387 3206 1463 συνέδρια
3259 1407 3271 1420 ·

2223 1480 2350 1552 μέλη
2427 1479 2738 1552 φιλοφρόνως
2813 1479 3022 1532 ἄλλοθεν

2225 1566 2372 1629 αὖθις
2417 1569 2666 1641 ἁρμονίαν
2727 1571 3013 1642 ἣρμόζοντο
3059 1587 3072 1598 ⁶

3325 1395 3414 1441 καὶ
3471 1393 3540 1441 τὰ
3597 1397 3824 1464 Χριστοῦ

3099 1480 3228 1531 ἄλλα
3293 1483 3506 1544 ἧκοντα,
3577 1481 3648 1538 εἰς
3711 1485 3826 1549 μίαν

3133 1575 3222 1621 καὶ
3261 1577 3568 1640 προφητικώ
3579 1589 3602 1629 ς
3655 1569 3827 1630 εἰπεῖν,

2225 1659 2444 1710 ὁστέον
2483 1662 2636 1731 πρὸς
2675 1659 2924 1724 ὀστέον,
2967 1663 3078 1710 καὶ
3120 1658 3396 1730 ἁρμονία
3437 1663 3602 1732 πρὸς
3645 1657 3830 1728 ἁρμο-

465 1761 606 1802 cum
627 1743 921 1814 pr0pheta
942 1741 1163 1809 dicam,
1185 1756 1248 1796 os
1277 1741 1358 1796 ad
1380 1757 1463 1806 os,
1491 1748 1544 1797 et
1567 1743 1854 1812 junctum
1881 1744 2116 1814 adjun—

2233 1753 2360 1798 μίαν
2401 1753 2716 1816 συνήγετο
2745 1765 2758 1776 ·
2811 1753 2901 1798 καὶ
2949 1749 3048 1798 ὅσα
3079 1747 3340 1807 θεσπίζων
3371 1749 3396 1798 ὁ
3429 1749 3566 1807 θεῖος
3593 1753 3832 1818 «possiet-

466 1841 696 1891 cturam
726 1838 1037 1888 contracta
1067 1851 1088 1900 ;
1113 1835 1169 1884 et
1195 1846 1326 1901 quae
1359 1835 1644 1901 prseterea
1673 1847 1779 1903 per
1803 1833 2113 1887 oraculum

465 1923 738 1977 divinum
781 1920 1054 1991 praedixit
1089 1917 1364 1984 verbum,
1405 1919 1650 1990 impleta
1693 1935 1764 1976 ea
1797 1927 1952 1976 sunt.
1988 1920 2118 1976 Una

466 2009 651 2068 divini
697 2010 944 2080 Spiritus
985 2009 1070 2062 vis
1109 2023 1216 2079 per
1253 2023 1465 2063 omnes
1513 2023 1832 2080 peragrare
1878 2011 2118 2080 cognita

467 2106 575 2166 et,
603 2099 875 2154 omnium
909 2113 1030 2152 una
1059 2097 1284 2160 anima,
1313 2102 1370 2151 et
1394 2097 1552 2153 idem
1581 2097 1848 2153 studium
1877 2113 1889 2152 :
1923 2097 2116 2154 omni-

464 2190 582 2246 bus
611 2188 673 2243 in
703 2203 804 2243 ore
835 2187 964 2250 fuit,
993 2191 1050 2241 et
1079 2185 1158 2241 ab
1181 2185 1456 2241 omnibus
1487 2187 1803 2242 exauditus
1827 2193 1915 2242 est
1945 2187 2116 2258 hym-

469 2293 584 2333 nus
609 2291 788 2344 unus,
814 2275 1184 2330 divinitatem
1209 2273 1372 2329 verbi
1403 2275 1501 2330 Dei
1526 2282 1820 2330 concentu
1845 2277 2116 2348 pulcher-

464 2367 622 2423 rimo
653 2366 984 2431 celebrans,
1022 2365 1336 2436 cultusque
1367 2363 1638 2420 Numinis
1671 2381 1879 2436 purus,
1918 2373 1974 2422 et
2003 2367 2118 2421 sin-

467 2472 672 2513 cerum
723 2455 1106 2518 sacriﬁcium,
1165 2453 1506 2509 sanctiones
1557 2459 1614 2509 et
1671 2457 2116 2512 constitutiones

467 2545 878 2608 ecclesiarum,
917 2543 1292 2614 psalmorum
1336 2547 1572 2610 cantus,
1605 2543 1984 2616 frequentati.
2033 2547 2120 2601 Ad

465 2635 614 2700 haec,
650 2633 834 2688 divini
861 2633 1022 2688 verbi
1055 2633 1426 2704 praedicatio,
1455 2636 1633 2705 atque
1665 2649 1888 2690 arcana
1917 2637 2122 2706 mysti-

468 2739 660 2796 caqne
691 2723 1019 2778 ministeria
1047 2723 1144 2794 pie
1175 2725 1500 2794 sancteque
1525 2729 1790 2794 peracta,
1833 2731 1888 2780 et
1921 2725 2123 2780 saluti-

467 2814 604 2868 feras
633 2812 926 2882 passionis
949 2811 1372 2866 inenarrabilia
1393 2811 1672 2882 symbola
1691 2821 1748 2867 et
1769 2813 1940 2882 signa
1963 2829 2120 2868 sum-

467 2907 594 2973 pta.
631 2901 803 2973 502
843 2903 999 2956 Etas
1032 2915 1276 2972 quoque
1309 2901 1532 2970 omnis,
1569 2905 1626 2956 et
1658 2903 1856 2957 omnis
1891 2903 2122 2972 generis

468 2991 766 3056 homines,
795 2990 1046 3046 orationi
1075 2993 1133 3044 et
1162 2991 1498 3060 graciarum
1526 2991 1746 3046 actioni
1773 2992 2123 3048 incumbens

2225 1835 2352 1896 ϐαζε
2389 1835 2539 1908 λόγος
2563 1853 2575 1864 ·
2607 1841 2704 1908 μία
2729 1855 2782 1888 τε
2817 1839 2954 1888 θείου
2991 1839 3286 1907 Πνεῦματος
3317 1833 3542 1906 δύναμις
3571 1831 3674 1886 διὰ
3703 1837 3830 1885 πέν-

2223 1944 2322 1976 των
2353 1931 2610 1997 χωροῦσα
2637 1922 3002 1994 διεγινώσκετο
3031 1941 3042 1954 ⁸
3067 1923 3310 1981 ἀπήντων
3341 1943 3394 1976 τε
3423 1929 3520 1994 μία
3551 1921 3714 1994 ψυχή
3746 1928 3826 1973 καί

2225 2010 2434 2070 σπουδὴ
2464 2016 2494 2070 ἡ
2523 2013 2650 2072 αὐτή
2685 2031 2696 2042 ·
2739 2013 2898 2084 ὕμνος
2923 2033 2975 2065 τε
3021 2019 3180 2064 πᾶσιν
3211 2013 3284 2082 εἷς
3324 2013 3600 2074 ἐξηκούετο
3635 2014 3668 2069 ἡ
3707 2031 3834 2062 παν-

2225 2107 2463 2174 αρμόνιος
2521 2101 2776 2174 θεολογία,
2827 2106 2957 2172 σίγνή
3001 2122 3054 2154 τε
3099 2105 3358 2174 θρησκεία
3415 2107 3502 2154 καὶ
3559 2105 3834 2173 ἱερουργία

2225 2191 2532 2263 ἀκραιφνὴς,
2611 2194 2791 2262 θεσμοὶ
2864 2211 2918 2243 τε
2991 2191 3278 2249 ἐκκλησιῶν
3351 2195 3442 2243 καὶ
3535 2188 3832 2252 διατάξεις.

2225 2277 2540 2352 Ψαλμῳδίαι
2593 2277 2642 2332 δ’
2701 2280 2782 2332 ἐπὶ
2838 2285 3032 2332 τούτων
3083 2285 3170 2332 καὶ
3225 2283 3372 2332 θείων
3425 2281 3590 2351 λόγων
3639 2279 3832 2352 ἀκρόαο

2231 2387 2333 2434 σις,
2383 2375 2636 2439 μυστικαί
2677 2387 2731 2420 τε
2779 2366 3040 2422 διακονίαι
3083 2372 3224 2442 ἰερῶς
3275 2370 3596 2440 τελούμεναι,
3651 2373 3741 2418 οιαὶ
3776 2371 3836 2418 τὰ

2227 2466 2320 2510 τοῦ
2379 2463 2638 2530 σωτηρίου
2699 2461 2895 2519 παθονς
2959 2457 3228 2532 ἀπόρρητα
3305 2457 3562 2530 σύμϐολα.
3627 2457 3836 2510 Ἡλικία

2231 2545 2291 2600 δὲ
2321 2553 2466 2598 πᾶσα
2507 2553 2596 2599 καὶ
2625 2551 2770 2618 γένος
2815 2548 2972 2612 ἅπαν,
3015 2548 3148 2618 εὐχῇ
3201 2553 3290 2599 καὶ
3331 2547 3662 2620 εὐχαριστίᾳ
3707 2565 3836 2616 σχο-

2229 2637 2404 2700 λάζον,
2447 2641 2530 2687 τὸν
2581 2645 2678 2687 τῶν
2733 2635 2937 2706 ἀγαθῶν
2977 2635 3192 2698 ἐξάπινα
3245 2638 3494 2708 πρύτανιν
3559 2641 3838 2706 γεραίρον-

2229 2745 2310 2786 τες
2363 2722 2496 2782 ἦσαν
2531 2741 2544 2754 ⁸
2595 2725 2738 2795 λόγοι
2789 2743 2839 2776 τε
2881 2729 3186 2798 προῦκειντο
3239 2729 3620 2798 πανηγυρικοὶ,
3693 2727 3758 2784 ὡς
3813 2726 3836 2773 ὸ

2231 2817 2406 2888 καιρὸς
2455 2811 2759 2884 σχεδιάζων
2791 2811 2994 2868 ἐδίδου.
3041 2819 3142 2866 Καὶ
3169 2833 3248 2875 τις
3297 2813 3343 2864 ἐν
3383 2817 3626 2884 τοσουτῳ
3659 2814 3834 2869 ἔκκλη-

2233 2907 2352 2964 σίας
2421 2908 2724 2974 συστήματι
2799 2902 3030 2963 ἐπιεικής
3095 2921 3172 2962 τις
3245 2905 3376 2972 οῖγαν
3442 2905 3533 2953 καὶ
3603 2905 3833 2973 μέτριος,

2231 2993 2481 3045 πλείστων
2514 2989 2582 3050 δὴ
2615 2996 2901 3067 παρόντων,
2956 2994 3004 3044 ἐν
3031 2995 3213 3064 κόσμῳ
3251 3011 3306 3043 τε
3336 2996 3426 3043 καὶ
3469 2993 3708 3062 ἡσύχως
3749 2995 3836 3048 τήν

469 3085 580 3146 tes,
641 3079 1082 3134 coneiliatorem
1141 3083 1198 3134 et
1252 3083 1556 3134 auctorem
1611 3085 1734 3135 tam
1787 3081 2119 3137 subitorum

2233 3081 2484 3154 ἀκρόασιν
2543 3085 2918 3154 πεποιημένων,
2970 3081 3150 3152 λόγους
3211 3083 3534 3152 συνθέμενος,
3603 3079 3693 3131 ἐπὶ
3753 3082 3842 3151 μί-

467 3167 770 3223 bonorum
817 3167 1159 3222 laudarunt.
1213 3167 1538 3223 Conciones
1581 3170 2002 3242 orationesque
2043 3171 2122 3226 ad

468 3255 785 3328 populum,
829 3269 940 3328 pro
975 3271 1046 3310 eo
1085 3257 1266 3326 atque
1311 3259 1548 3327 tempus
1591 3257 1909 3330 derepente
1949 3275 2120 3330 argn-

470 3349 744 3401 mentum
775 3343 1217 3415 suppeditabat,
1243 3343 1306 3398 in
1335 3345 1730 3400 conventibus
1754 3346 1998 3402 habitae.
2031 3353 2124 3402 At-

471 3449 590 3506 que
619 3433 829 3505 aliquis
855 3433 915 3488 in
945 3437 1068 3488 tam
1099 3433 1392 3503 frequenti
1423 3433 1686 3488 ecclesias
1709 3436 1996 3490 concione
2017 3436 2124 3492 hu-

471 3537 691 3580 manus
727 3527 908 3594 atque
947 3521 1256 3577 modestus
1297 3521 1558 3594 piusque
1595 3523 1702 3587 vir,
1743 3523 1800 3578 in
1839 3525 2124 3596 plurimo-

470 3629 604 3669 rum
630 3611 946 3668 hominum
974 3615 1026 3667 et
1058 3609 1396 3683 aliquorum
1421 3613 1843 3684 episcoporum
1871 3629 2124 3685 praesen-

471 3701 858 3766 tia,decenter
871 3706 924 3754 et
937 3699 1168 3770 placide
1182 3715 1356 3755 aures
1371 3699 2121 3771 praabentiumprationem

471 3791 638 3846 domi
666 3790 1062 3859 compositam
1093 3789 1152 3844 in
1178 3789 1448 3844 medium
1481 3789 1762 3860 produxit
1789 3793 1894 3862 (1).
1923 3791 2124 3856 Qualis

471 3879 572 3934 illa
601 3877 728 3940 fuit,
757 3893 944 3950 quam
969 3878 1214 3934 Paulino
1239 3878 1368 3948 Tyri
1393 3879 1680 3950 episcopo
1706 3881 1950 3950 quidam
1976 3881 2124 3950 opti-

469 3983 568 4024 me
605 3967 918 4022 dedicavit.
955 3965 1230 4022 Paulinus
1261 3983 1439 4037 porro
1483 3967 1590 4022 iste
1621 3969 1784 4038 apud
1821 3969 2123 4024 Phoenices

2234 3189 2328 3230 σης
2377 3179 2604 3244 προῆγεν
2637 3187 2652 3200 ⁸
2711 3173 2884 3244 ὥσπερ
2933 3171 2986 3222 ὃν
3053 3171 3288 3241 Παυλίνῳ
3345 3177 3440 3230 τῆς
3495 3173 3708 3241 Τυρίων
3761 3167 3840 3219 ἐπὶ

2233 3263 2412 3330 σκόπῳ
2463 3267 2779 3331 προσφωνῶν
2827 3279 2926 3323 τις,
2973 3260 3169 3330 ἄριστα
3219 3255 3484 3320 διεξῆλθεν
3539 3278 3552 3290 ’
3605 3259 3661 3318 ὃς
3713 3257 3842 3329 ἀμφὶ

2229 3353 2288 3400 τὸ
2349 3353 2594 3400 Φοινίκων
2669 3350 2806 3408 ἔθνος
2879 3345 3202 3422 διαπρέπων,
3279 3345 3502 3408 πολλοὺς
3563 3345 3618 3398 ἐν
3691 3351 3840 3419 Τύρῳ

2230 3441 2349 3496 νεὼς
2405 3437 2680 3508 φιλοτίμως
2749 3436 3153 3490 ἕπεσκευςίσατο.
3213 3441 3392 3489 Ταῦτα
3439 3439 3529 3508 μὲν
3583 3435 3678 3486 οὖν
3741 3435 3844 3505 5?:-

2231 3545 2345 3598 ρετ-ο
2376 3523 2524 3598 τῇδε.
2571 3527 2718 3596 Ἐμοὶ
2749 3522 2800 3577 δ’
2839 3527 2934 3577 οὐκ
2965 3527 3181 3599 ὀκνηρὸν
3235 3525 3430 3578 ἐσεῖταί
3479 3529 3550 3596 μὴ
3607 3531 3706 3575 καὶ
3758 3524 3844 3575 αο-

2232 3617 2324 3676 τὰς
2376 3613 2570 3675 ἐκείνας
2621 3615 2677 3674 ἁς
2721 3616 2846 3689 ὑπὲρ
2905 3615 3051 3685 ἡμῶν
3105 3617 3291 3687 ἔγραφε
3345 3611 3615 3675 διατάξεις
3657 3615 3686 3664 ὁ
3741 3615 3842 3664 θεο-

2233 3703 2379 3774 φιλὴς
2413 3703 2655 3776 βασιλεὺς
2701 3711 2999 3777 παρενείραι
3039 3711 3110 3772 τῷ
3141 3709 3362 3775 παρόντι
3395 3705 3788 3776 συγγράμματι
3827 3723 3838 3732 ·

2230 3797 2320 3844 καὶ
2373 3799 2552 3866 πρώτη
2609 3797 2667 3863 γέ
2711 3811 2800 3864 μοι
2857 3795 3022 3856 ἔσται,
3078 3793 3137 3850 ἣν
3201 3801 3384 3852 κοινῶς
3451 3793 3564 3862 οἶμα
3619 3795 3840 3858 Λικινίῳ

2231 3884 2374 3933 οὔπω
2435 3881 2763 3936 λελυττηκότι
2822 3882 2948 3954 ὑπὲρ
3007 3889 3106 3932 τῶν
3171 3887 3500 3955 Χριστιανῶν
3545 3879 3842 3936 ἀνηκόντων

2233 3969 2454 4042 ἐγράφη,
2489 3968 2590 4022 ὧδέ
2620 3991 2730 4032 πως
2772 3967 3157 4042 διαγορεύουσα
3178 3985 3192 3998 “

469 4057 686 4122 clarus,
723 4055 909 4110 multa
947 4053 1263 4124 magniﬁce
1301 4055 1438 4128 Tyri
1479 4055 1703 4128 templa
1743 4060 2090 4113 construxit.
2137 4063 2323 4130 Atque
2379 4060 2506 4114 haec
2545 4059 2784 4130 quidem
2825 4059 2908 4113 sic
2949 4065 3073 4114 tum
3127 4057 3476 4127 agebantur.
3521 4051 3658 4114 Mihi
3703 4071 3842 4112 vero

474 4145 676 4201 minus
699 4145 1016 4199 molestum
1047 4145 1172 4210 erit,
1198 4145 1648 4200 constitutiones
1669 4163 1770 4200 eas
1793 4161 1944 4218 quas
1971 4147 2090 4203 Deo
2113 4147 2329 4202 chartis
2361 4148 2685 4218 imperator
2721 4163 2826 4218 pro
2869 4147 3042 4202 nobis
3073 4147 3412 4219 publicavit,
3449 4147 3508 4201 in
3536 4163 3698 4218 opus
3733 4147 3840 4200 hoc

474 4233 713 4291 referre.
755 4231 946 4288 Primo
985 4237 1186 4288 autem
1232 4229 1364 4288 loco
1407 4249 1532 4288 eam
1565 4249 1809 4304 ponam,
1841 4251 2025 4306 quam
2055 4237 2105 4290 is
2154 4237 2552 4292 communiter
2581 4253 2718 4290 cum
2753 4235 2995 4302 Licinio,
3043 4237 3146 4310 qui
3199 4235 3470 4291 nondum
3507 4235 3566 4290 in
3610 4235 3842 4290 rabiem

477 4327 647 4379 actus
672 4319 881 4390 fuerat,
912 4337 1021 4393 pro
1047 4321 1226 4377 rebus
1261 4321 1728 4378 Christianorum
1758 4323 2112 4396 conscripsit
2133 4343 2150 4392 ;
2182 4341 2316 4396 quae
2347 4325 2430 4380 sic
2465 4325 2646 4382 habet
2677 4343 2687 4379 :

1117 4445 1344 4501 CAPUT
1371 4448 1500 4502 XLI.

483 4555 838 4612 Constitutio
853 4555 1080 4620 scripta
1107 4553 1486 4608 Constantini
1508 4555 1711 4625 Magni
1729 4555 2126 4624 imperatoris,

553 4634 616 4682 ut
649 4626 1006 4682 Christianis
1037 4625 1169 4680 loca
1193 4635 1247 4682 et
1267 4639 1360 4680 res
1390 4641 1511 4681 suae
1535 4629 1948 4682 restituantur.

554 4825 582 4854 ‹‹
619 4803 766 4860 Cum
795 4802 1163 4874 jampridem
1191 4817 1252 4858 re
1283 4801 1472 4874 probe
1504 4801 1853 4871 deliberata,
1897 4803 2131 4860 liberta-

479 4901 600 4952 tem
622 4893 925 4964 religionis
939 4907 1058 4948 non
1076 4892 1520 4962 denegandam,
1537 4892 1642 4948 sed
1661 4893 2130 4966 uniuscujusque

479 4983 726 5040 arbitrio
767 4988 824 5037 et
863 4981 1179 5048 voluntati,
1227 4987 1288 5038 ut
1333 4997 1442 5052 pro
1473 4997 1582 5038 suo
1624 4983 1878 5054 quisque
1901 4983 2130 5054 judicio

483 5089 654 5130 sacra
679 5071 916 5134 coleret,
955 5071 1416 5142 permittendam
1446 5087 1574 5126 esse
1607 5070 2124 5128 existimaremus:

481 5179 620 5219 eum
659 5161 811 5216 alios
844 5159 1134 5229 singulos,
1165 5165 1294 5216 tum
1326 5159 1694 5218 Christianos
1724 5177 1966 5232 quoque
1997 5177 2132 5232 pro-

479 5250 755 5308 fessionis
783 5265 906 5304 suae
939 5253 1184 5314 sectam,
1216 5249 1562 5321 cultumque
1591 5249 1866 5304 divinum
1893 5266 2130 5306 servare

475 5341 786 5412 jussimus.
813 5338 1316 5411 Quandoquidem
1338 5345 1541 5396 autem
1563 5339 1766 5396 multas
1792 5355 1862 5394 ac
1879 5339 2128 5395 diversae

481 5429 814 5499 opiniones,
843 5429 904 5483 in
934 5444 1004 5484 eo
1035 5427 1168 5500 ipso
1197 5430 1506 5501 rescripto,
1536 5429 1597 5484 in
1629 5445 1748 5502 quo
1776 5429 1859 5484 eis
1891 5429 2019 5484 talis
2043 5435 2127 5485 est

2833 4455 3074 4502 ΚΕΦΑΛ.
3115 4447 3245 4501 MA'.

2242 4555 2556 4616 Διάταξις
2617 4558 2930 4628 ἔγγραφος
2991 4557 3142 4628 ὑπὲρ
3217 4563 3334 4606 τῶν
3407 4559 3844 4628 Χριστιανῗοῖς

2313 4627 2768 4698 προσηκόντων
2836 4627 3323 4680 Κωνσταντίνου
3383 4627 3496 4678 τοῦ
3552 4627 3842 4698 μεγάλου

2317 4697 2670 4770 βασιλέως,

2315 4823 2344 4854 ι(
2387 4803 2529 4863 Ἤδη
2561 4809 2652 4877 μὲν
2701 4805 2862 4858 πάλαι
2915 4813 3228 4866 σκοποῦντες
3279 4809 3372 4863 τὴν
3411 4803 3702 4876 ἐλευθερίαν
3749 4813 3842 4862 τῆς

2245 4895 2523 4966 θρησκείας
2567 4895 2660 4947 οὐκ
2691 4893 2938 4968 ἀρνητέαν
2993 4893 3142 4960 εἶναι,
3175 4894 3282 4946 ἀλλ’
3337 4895 3441 4956 ἑνὸς
3491 4894 3718 4946 ἑκάστου
3779 4901 3836 4960 τῇ

2244 4981 2452 5054 διανοίᾳ
2499 4989 2587 5036 καὶ
2639 4992 2700 5056 τῇ
2760 4982 3007 5056 βουλήσει
3055 4983 3420 5046 ἐξουσιαστέαν
3459 4990 3550 5034 τοῦ
3605 4985 3674 5034 τὰ
3729 4985 3840 5034 θεὶα

2241 5075 2526 5146 πράγματα
2599 5073 2830 5144 τημελεῖν
2927 5075 3061 5125 κατὰ
3133 5079 3224 5130 τὴν
3301 5075 3458 5124 αὐτοῦ
3535 5076 3840 5146 προαίρεσιν

2241 5163 2459 5214 ἕκαστον
2511 5162 2896 5234 κεκελεύκαμεν,
2935 5163 3056 5223 τούς
3107 5181 3159 5214 τε
3211 5163 3560 5234 Χριστιανοὺς
3607 5169 3704 5221 τῆς
3765 5161 3838 5210 αἱ·

2240 5255 2424 5324 ρέσεως
2475 5255 2562 5303 καὶ
2627 5259 2721 5313 τῆς
2783 5253 3065 5326 θρησκείας
3115 5259 3210 5311 τῆς
3257 5251 3450 5302 ἑαυτῶν
3510 5254 3602 5308 τὴν
3667 5255 3839 5300 πίστιν

2243 5339 2510 5412 φυλάττειν
2542 5357 2554 5368 ·
2588 5339 2696 5392 ἀλλ’
2749 5337 2926 5398 ἐπειδὴ
2961 5339 3144 5392 πολλαὶ
3187 5345 3276 5391 καὶ
3330 5335 3574 5412 διάφοροι
3617 5341 3838 5412 αἱρέσεις

2241 5428 2290 5480 ἐν
2329 5429 2488 5502 ἐκείνῃ
2537 5439 2597 5502 τῇ
2657 5431 2969 5504 ἀντιγραφῇ,
3026 5429 3073 5482 ἐν
3211 5435 3318 5491 τοῖς
3361 5429 3540 5490 αὐτοῖς
3607 5447 3836 5498 συνεχω-

552 5561 634 5630 (1)
665 5563 864 5617 Exstat
890 5559 1015 5618 haec
1043 5561 1235 5618 oratio
1265 5561 1430 5633 apud
1455 5561 1779 5618 Eusebium
1810 5560 1915 5618 lib.
1949 5577 2007 5626 x,
2039 5575 2174 5634 cap.
2207 5565 2262 5618 4.
