4020 6218
504 271 645 329 1303

1820 268 2206 327 NICEPHORI
2244 268 2561 326 CALLISTI

3689 271 3795 328 1304

496 398 696 470 posita
719 412 910 464 mora,
935 397 1169 469 corpori
1198 397 1665 457 Christianorum
1697 396 1946 454 omnino
1975 395 2145 451 reddi

2275 395 2584 468 τροσέλθωσι
2631 402 2704 464 τῷ
2753 393 2836 447 ἐπὶ
2891 397 3060 447 τόπων
3108 391 3331 465 ἐπάρχῳ
3381 387 3669 459 δικάζοντι,
3701 395 3800 457 ἆτος

498 486 758 543 curabis.
793 490 859 542 Et
895 487 1183 559 quoniam
1211 487 1575 544 Christianos
1602 487 1765 559 ipsos
1794 501 1916 542 non
1948 484 2146 541 solum

456 568 457 581 ¹
500 593 571 632 ea
601 577 662 631 in
718 575 937 648 quibus
967 583 1298 632 conventus
1338 591 1514 646 agere
1545 575 1703 631 soliti
1746 580 1904 641 sunt,
1938 574 2046 629 sed
2091 580 2148 629 et

500 664 617 721 alia
641 664 773 721 loca
798 664 1082 720 habuisse
1110 670 1362 729 constat,
1392 680 1511 721 non
1530 664 1806 736 privatim
1833 664 1912 719 ad
1941 678 2147 736 quem-

497 769 685 826 quam
714 753 973 816 illorum,
1005 754 1109 809 sed
1132 754 1209 810 ad
1223 758 1323 824 jus
1354 753 1619 826 corporis
1649 769 1877 819 eorum,
1900 753 2016 808 hoc
2037 757 2144 817 est,

500 843 967 900 Christianorum
992 843 1364 914 pertinentia,
1397 858 1468 899 ea
1517 858 1761 915 quoque
1799 842 2003 898 omnia
2026 856 2149 913 qua

499 932 761 988 diximus
784 932 913 1001 lege
939 931 1086 987 citra
1110 932 1566 999 ambiguitatem
1596 947 1839 987 omnem
1869 929 2152 986 Christia-

499 1021 779 1092 nisipsis,
811 1020 926 1076 hoc
964 1025 1074 1085 est,
1116 1021 1350 1092 corpori
1394 1021 1684 1092 ipsorum,
1710 1026 1765 1075 et
1788 1019 2028 1076 cuilibet
2056 1034 2152 1074 eo-

497 1125 635 1166 rum
662 1110 978 1165 conventui
1009 1109 1372 1165 restituenda
1391 1108 1634 1178 jubebis
1657 1128 1670 1168 :
1695 1124 1766 1164 eo
1792 1124 1973 1180 quem
2003 1107 2151 1163 dixi-

497 1214 637 1253 mus
667 1203 902 1253 servato
927 1197 1127 1267 modo,
1146 1202 1209 1253 ut
1230 1196 1499 1253 videlicet
1519 1197 1623 1268 qui
1646 1212 1715 1252 ea
1742 1198 1971 1268 absque
1989 1196 2151 1252 resti-

497 1288 724 1344 tutione
779 1286 975 1357 pretii,
1028 1286 1196 1342 sicuti
1225 1285 1451 1341 dictum
1481 1293 1587 1350 est,
1620 1285 2018 1352 reddiderent,
2059 1285 2155 1340 in-

500 1375 814 1431 demnitati
838 1391 1047 1431 eorum
1073 1391 1109 1431 a
1138 1374 1501 1445 benignitate
1525 1380 1727 1429 nostra
1750 1374 2150 1444 provideatur.

501 1465 726 1530 Quibus
772 1464 831 1518 in
881 1463 1062 1519 rebus
1121 1464 1403 1518 omnibus
1453 1464 1946 1533 Christianorum,
1987 1462 2153 1535 quod

500 1553 782 1624 diximus,
804 1553 1039 1624 corpori
1063 1568 1311 1624 operam
1338 1553 1927 1623 studiumquetuum,
1951 1552 2155 1624 quoad

502 1644 746 1715 poteris,
781 1647 1062 1712 praestare
1115 1641 1385 1705 debebis,
1417 1646 1480 1696 ut
1522 1645 1697 1711 jussa
1720 1646 1923 1696 nostra
1960 1642 2155 1713 primo

502 1747 744 1804 quoque
785 1737 1050 1803 tempore
1082 1730 1484 1801 impleantur;
1517 1736 1573 1786 et
1604 1736 1667 1785 ut
1694 1746 1796 1801 per
1826 1730 2156 1786 bonitatem
2192 1748 2234 1803 B
2265 1736 2560 1803 ειρήκαμεν,

501 1820 1043 1893 liberalitatemque
1102 1826 1373 1876 nostram
1425 1822 1734 1876 communi
1791 1826 1848 1876 et
1902 1820 2157 1891 publicas

503 1910 687 1981 quieti
716 1909 1080 1965 consulatur.
1116 1913 1197 1964 lta
1244 1908 1405 1964 enim
1433 1908 1701 1964 futurum
1730 1916 1840 1973 est,
1867 1908 2159 1981 quemad-

505 1998 758 2053 modum
784 1998 1192 2069 praadiximus,
1240 2002 1303 2053 ut
1327 1997 1532 2053 divina
1569 2012 1711 2067 erga
1749 2013 1859 2053 nos
1886 1998 2075 2068 gratia
2103 2002 2161 2052 et

507 2086 872 2155 benignitas,
903 2102 1087 2159 quam
1131 2085 1336 2142 multis
1359 2086 1484 2158 jam
1530 2087 1590 2142 in
1620 2086 1799 2142 rebus
1825 2103 2036 2142 sumus
2064 2102 2164 2141 ex-

508 2175 682 2248 perti,
735 2181 1023 2247 perpetua
1056 2175 1230 2231 nobis
1258 2175 1555 2247 ﬁrmaque
1583 2181 1841 2231 maneat.
1873 2178 2162 2232 Caeterum

514 2270 580 2321 ut
608 2264 974 2334 ejuscemodi
1000 2263 1367 2321 liberalitatis
1398 2270 1455 2321 et
1483 2264 1915 2321 constitutionis
1943 2270 2163 2320 nostra:

518 2353 809 2409 sententia
836 2353 913 2409 ad
935 2353 1207 2409 notitiam
1230 2354 1503 2409 omnium
1529 2352 1773 2424 perferri
1803 2359 2004 2425 queat,
2029 2370 2169 2410 con-

517 2458 776 2515 sequens
813 2447 920 2507 est,
953 2441 1241 2498 utlitteris
1271 2442 1385 2498 tuis
1418 2441 1698 2513 praeﬁxis,
1724 2443 2029 2500 decretum
2052 2444 2166 2500 hoc

515 2536 793 2589 nostrum
825 2530 1053 2603 passim
1083 2531 1140 2585 iu
1174 2531 1321 2586 locis
1346 2530 1632 2587 omnibus
1662 2534 1989 2603 proponas,
2022 2536 2080 2587 et
2106 2533 2168 2588 in

514 2620 789 2676 notitiam
820 2620 1091 2675 omnium
1126 2620 1414 2686 deducas,
1456 2636 1528 2675 ne
1553 2623 1902 2692 quempiam
1935 2621 2170 2676 muniﬁ-

514 2708 723 2764 centiae
756 2713 977 2763 nostras
1008 2708 1098 2763 lex
1120 2708 1300 2764 latere
1324 2710 1529 2780 possit.
1554 2728 1582 2761 »

2254 490 2344 536 καὶ
2396 485 2564 536 αὐτῶν
2611 481 2705 536 διὰ
2753 491 2845 546 τῆς
2901 485 3156 557 ἡμετέρας
3212 488 3592 556 χρηστότητος
3650 502 3808 553 apem

2253 576 2487 645 γένηται.
2540 572 2725 625 “Amat
2777 575 2945 624 πάντα
2996 580 3068 643 τῷ
3121 577 3328 643 σώματι
3383 578 3487 623 τῶν
3540 578 3813 643 Χριστιαιῖπ

2255 664 2501 735 παραυτὰ
2548 659 2644 714 διὰ
2689 670 2785 723 τῆς
2838 668 2935 723 σῆς
2980 657 3222 721 σπουδῆς
3269 662 3387 712 ἄνευ
3430 664 3570 720 τινὸς
3609 659 3823 733 ﬂagelli;

2256 748 2660 822 παραδεδοσθαι
2714 747 2913 808 δεήσει.
2950 755 3050 803 Καὶ
3104 746 3286 807 ἐπειδὴ
3339 751 3388 800 οἱ
3432 748 3588 801 αύτοὶ
3620 756 3828 819 Χριστιε-

2256 845 2334 893 νοὶ
2376 840 2434 891 ού
2486 846 2640 912 μόνον
2671 842 2891 899 ἑκιίνους
2934 838 3006 900 εἰς
3053 839 3139 899 οὖς
3166 840 3521 910 συνέρχεσθαι
3554 839 3669 898 ἔθος
3696 835 3831 909 εἶχον,

2260 928 2385 982 ἀλλά
2462 934 2553 981 καὶ
2641 929 2843 1001 ἐτέρους
2908 933 3094 989 τόπους
3158 927 3447 1000 ἐσχηκέναι
3518 933 3837 998 γινώσκονται

2260 1016 2620 1093 διαφέροντας,
2669 1017 2728 1070 ού
2777 1021 2905 1089 πρὸς
2954 1019 3171 1070 ἕκαστον
3220 1017 3409 1081 αὐτῶν,
3464 1015 3598 1068 ἀλλὰ
3644 1021 3764 1089 πρὸς
3794 1022 3838 1069 τὸ

2261 1105 2466 1160 δίκαιον
2508 1114 2600 1159 τού
2644 1107 2813 1158 αὐτῶν
2859 1112 3118 1177 σώματος,
3170 1106 3403 1158 τολτέστι
3460 1114 3564 1157 τῶν
3609 1114 3844 1179 Χριστια-

2259 1204 2354 1247 νῶν
2389 1214 2401 1227 ’
2454 1204 2620 1248 ταῦτα
2666 1198 2837 1247 πάντα
2884 1194 2968 1247 ἐπὶ
3022 1203 3095 1265 τῷ
3147 1200 3286 1265 νόμῳ
3342 1196 3397 1247 ὃν
3464 1200 3844 1267 προειρήκαμεν,

2262 1282 2401 1357 δίχα
2454 1285 2727 1345 παντελοῦς
2797 1304 2932 1346 τινος
3018 1283 3457 1356 ἀμφισϐητήσεως
3520 1291 3630 1343 τοῖς
3697 1285 3848 1342 αὐτοῖς

2266 1382 2616 1439 Χριστιανοῖς,
2664 1379 2906 1426 τουτέστι
2956 1383 3025 1445 τῷ
3058 1379 3263 1444 σώματι
3292 1373 3464 1425 αὐτῶν
3491 1378 3583 1424 καὶ
3638 1380 3696 1444 τῇ
3742 1390 3849 1423 συν-

2263 1459 2371 1534 όδῳ
2423 1462 2644 1516 ἑκάστου
2713 1464 2880 1515 αὐτῶν
2945 1461 3375 1520 ἀποκαταστῆναι
3431 1462 3713 1525 κελεύσεις,
3769 1470 3850 1512 τοῦ

2262 1557 2635 1625 προειρημένου
2693 1551 2950 1623 λογισμοῦ
3002 1547 3212 1610 δηλαδὴ
3268 1550 3668 1622 φυλαχθέντος·
3733 1553 3853 1610 ὅπως

2264 1641 2414 1694 αὐτοὶ
2469 1644 2644 1702 οἵτινες
2690 1645 2806 1702 τοὺς
2862 1640 3046 1701 αύτούς
3101 1642 3219 1692 ἄνευ
3278 1648 3454 1711 τιμῆς,
3516 1641 3689 1699 καθὼς
3746 1659 3853 1711 προ-

2636 1728 3070 1793 ἆποκαταστῶσι,
3147 1733 3203 1781 τὸ
3264 1727 3491 1800 ἀζήμιον
3549 1732 3612 1780 τὸ
3684 1727 3856 1780 ἑαυτῶν

2265 1821 2407 1893 παρὰ
2457 1826 2547 1879 τῆς
2601 1820 2854 1894 ἡμετέρας
2900 1818 3284 1888 καλοκαγαθίας
3333 1816 3617 1878 ἑλπίζοιεν.
3673 1816 3750 1869 Ἐν
3792 1817 3859 1877 οἷς

2265 1913 2401 1960 πᾶσι
2455 1916 2527 1978 τῷ
2582 1912 2934 1981 προειρημένῳ
2985 1912 3190 1976 σώματι
3241 1914 3343 1958 τῶν
3395 1913 3732 1979 Χριστιανῶν
3780 1909 3858 1963 τὴν

2270 1992 2509 2055 σπουδὴν
2563 1992 2906 2049 δυνατώτατα
2971 2002 3270 2068 παρασχεῖν
3332 1994 3572 2066 ὀφείλεις,
3635 1996 3769 2053 ὅπως
3813 1998 3861 2045 τό

2268 2088 2510 2159 ἡμέτερον
2565 2085 2824 2158 κε’λιυσμα
2876 2089 2970 2142 τὴν
3035 2089 3302 2156 ταχίστην
3364 2084 3619 2157 πληρωθῇ
3659 2101 3673 2113 ·
3739 2085 3859 2143 ὅπως

2271 2173 2319 2226 ἐν
2359 2177 2525 2245 τούτῳ
2597 2171 2690 2226 διὰ
2754 2182 2849 2235 τῆς
2906 2175 3157 2245 ἡμετέρας
3209 2178 3588 2244 χρηστότητος
3668 2177 3864 2243 πρόνοια

2269 2267 2484 2334 γίνηται
2531 2271 2627 2324 τῆς
2678 2270 2856 2324 κοινῆς
2902 2268 2991 2315 καὶ
3047 2258 3314 2334 δημοσίας
3379 2265 3646 2333 ἡσυχία.
3704 2266 3863 2331 Τούτῳ

2270 2355 2372 2427 γὰρ
2450 2360 2519 2423 τῷ
2595 2352 2853 2423 λογισμῷ,
2906 2354 3079 2411 καθὼς
3142 2358 3231 2404 καὶ
3287 2356 3627 2424 προείρηται,
3684 2352 3713 2407 ἠ
3769 2352 3867 2401 θεία

2275 2438 2483 2499 σπουδὴ
2538 2447 2656 2515 περὶ
2706 2443 2867 2510 ἡμᾶς,
2923 2438 2997 2502 οἷς
3046 2444 3096 2493 ἓν
3144 2440 3348 2502 πολλοῖς
3404 2436 3513 2499 ἤδη
3570 2441 3863 2513 πράγμασιν

2275 2530 2638 2605 ἐπειράθημεν,
2695 2526 2789 2582 διὰ
2835 2535 3030 2591 παντὸς
3086 2537 3177 2582 τοῦ
3211 2534 3407 2603 χρόνον
3442 2527 3673 2602 βεϐαίως
3699 2525 3860 2599 διαμε-

2275 2627 2367 2673 νεῖ.
2419 2617 2530 2673 Ὶνα
2584 2616 2643 2672 δι
2705 2622 2902 2680 ταύτης
2953 2628 3045 2679 τῆς
3108 2620 3363 2691 ἡμετέρας
3428 2620 3748 2689 νομοθεσίας
3790 2620 3867 2667 καί

2281 2716 2372 2769 τῆς
2450 2708 2834 2778 καλοκαγαθίας
2890 2709 3009 2781 ὅρος
3077 2711 3201 2782 πρὸς
3247 2712 3341 2765 τὴν
3420 2715 3623 2778 γνῶσιν
3686 2709 3865 2757 πάντων

516 2796 794 2867 ἐνεχθῆναι
843 2794 1070 2869 δυνηθῇ,
1129 2800 1500 2871 προταχθέντα
1546 2805 1638 2850 τοῦ
1698 2805 1792 2851 σοῦ
1848 2799 2261 2871 προγράμματος
2312 2805 2480 2849 ταῦτα
2534 2800 2601 2849 τὰ
2674 2798 2758 2869 ὑφ’
2789 2800 2934 2859 ἡμῶν
2986 2804 3269 2872 γραφέντα,
3333 2803 3622 2867 πανταχοῦ
3675 2796 3868 2869 προθεῖ-

512 2905 620 2947 ναι,
668 2891 759 2937 καὶ
818 2886 890 2948 εἰς
934 2895 1128 2957 γνῶσιν
1178 2889 1382 2940 πάντων
1439 2887 1672 2960 ἀγαγεῖν,
1733 2886 2013 2941 ἀκόλουθον
2058 2889 2198 2941 ἐστιν
2229 2904 2243 2917 °
2303 2888 2442 2949 ὅπως
2484 2890 2680 2948 ταύτης
2729 2896 2820 2948 τῆς
2887 2890 3141 2961 ἡμετέρας
3186 2886 3578 2957 καλοκαγαθίας
3640 2887 3672 2943 ἡ
3732 2903 3864 2955 νομοο

520 2976 669 3028 θεσία
690 2971 893 3047 μηδένα
920 2975 1092 3029 λαθεῖν
1119 2972 1347 3050 δυνηθῇ.

1132 3082 1362 3140 CAPUT
1397 3084 1553 3140 XLII.

516 3170 674 3227 Aliae
715 3171 845 3227 dum
891 3171 1353 3233 constitutiones,
1380 3172 1683 3239 pecunias,
1709 3173 1865 3228 dona
1892 3171 2173 3229 etimmu-

866 3243 1111 3299 nitatem
1143 3244 1400 3299 ecclesiis
1430 3244 1831 3301 concedentes.

593 3330 930 3387 Secundam
944 3331 1399 3403 verohancquas
1413 3334 1678 3404 sequitur
1689 3333 2171 3388 constitutionem

518 3418 1002 3491 promulgarunt,
1023 3420 1082 3476 in
1100 3419 1294 3476 solam
1307 3420 1664 3477 catholicam
1689 3420 2009 3477 Ecclesiam
2030 3420 2172 3476 libe-

517 3507 815 3565 ralitatem
861 3509 1040 3564 talem
1092 3508 1370 3565 collatam
1428 3526 1558 3565 esse
1607 3509 2013 3579 signiﬁcantes
2043 3510 2168 3581 (1):

523 3617 551 3649 ί(
571 3597 762 3671 Salve,
784 3597 1056 3662 Anuline,
1074 3598 1402 3670 plurimum
1417 3598 1593 3654 nobis
1620 3599 1994 3655 honorande.
2011 3598 2174 3655 Libe-

516 3686 769 3742 ralitatis
796 3685 1303 3759 benignitatisque
1330 3692 1548 3744 nostrae
1583 3688 1799 3743 modus
1826 3687 1925 3743 hic
1970 3693 2078 3753 est,
2114 3695 2174 3746 ut

516 3775 620 3848 qui
670 3775 847 3831 alieni
894 3777 1047 3846 juris
1098 3782 1257 3842 sunt,
1313 3793 1432 3833 non
1482 3777 1676 3832 solum
1717 3792 1838 3832 non
1890 3775 2176 3832 violenter

517 3864 791 3930 iuvolari,
815 3866 989 3938 505
1017 3881 1227 3921 verum
1260 3866 1444 3922 etiam
1464 3865 1691 3921 restitui
1712 3865 1987 3930 velimus,
2019 3870 2175 3921 Anu-

516 3953 632 4009 line
642 3953 1152 4009 revereudissime.
1170 3955 1545 4027 Quapropter
1555 3955 1965 4027 praecipimus,
1985 3970 2173 4027 quam

518 4042 783 4115 primum
820 4042 1025 4097 litterae
1064 4045 1374 4099 hasnostrae
1412 4044 1491 4100 ad
1552 4049 1607 4099 te
1648 4043 1884 4115 perlatae
1936 4043 2168 4104 fuerint,

517 4138 583 4187 ut
610 4147 986 4204 quaecunque
1011 4131 1175 4188 bona
1198 4132 1277 4187 ad
1301 4133 1621 4189 Ecclesiam
1639 4131 1999 4188 catholicam
2017 4132 2174 4188 Chri-

518 4220 875 4288 stianorum,
904 4220 1065 4276 velin
1083 4220 1354 4286 urbibus,
1374 4221 1465 4276 vel
1480 4222 1540 4277 in
1565 4221 1710 4277 locis
1728 4221 1857 4276 aliis
1873 4221 2173 4292 pertinen-

518 4308 619 4373 tia,
653 4307 775 4363 sive
801 4324 839 4365 a
884 4309 1135 4376 civibus,
1190 4325 1295 4366 seu
1323 4326 1359 4365 a
1387 4314 1678 4382 quopiam
1708 4310 1826 4366 alio
1877 4316 2173 4381 occupata

519 4397 917 4463 detineantur,
948 4398 1261 4454 confestim
1289 4399 1558 4454 ecclesiis
1588 4398 1732 4471 ipsis
1752 4399 2161 4455 restituantur.
2205 4433 2251 4487 D

518 4489 765 4544 Prorsus
790 4487 947 4544 enim
971 4490 1360 4543 constitutum
1389 4489 1564 4544 nobis
1595 4494 1702 4555 est,
1733 4493 1967 4560 utquas
1996 4495 2173 4544 antea

518 4578 782 4633 ecclesiae
808 4574 1148 4631 habuerunt
1177 4578 1608 4647 possessiones,
1639 4577 1701 4633 in
1726 4579 1825 4647 jus
1854 4593 2063 4633 earum
2086 4594 2172 4632 re-

518 4667 721 4722 deant.
750 4666 1109 4738 Cumitaque
1131 4665 1371 4721 devotio
1387 4672 1487 4722 tua
1509 4666 1971 4736 mandatihujus
1984 4666 2172 4722 nostri

512 4755 845 4827 jussionem
859 4754 1171 4811 clariorem
1187 4755 1530 4827 perspiciat,
1545 4770 1790 4826 operam
1806 4755 1950 4811 dare
1962 4756 2171 4821 debes,

518 4846 643 4901 sive
682 4845 855 4916 horti,
897 4846 1023 4900 sive
1072 4844 1251 4909 mdes,
1294 4860 1400 4899 seu
1432 4843 1724 4917 quidlibet
1765 4844 1930 4900 aliud
1972 4846 2051 4901 ad
2074 4847 2173 4915 jus

517 4934 902 4991 ecclesiarum
926 4934 1225 5006 pertinuit,
1254 4942 1317 4989 ut
1344 4935 1473 4990 haec
1507 4934 1713 4990 omnia
1739 4935 1824 4990 eis
1855 4951 2037 5006 quam
2058 4935 2174 5007 pri-

519 5040 688 5081 mum
717 5024 1065 5093 reddantur,
1101 5029 1163 5079 ut
1210 5024 1479 5079 videlicet
1504 5028 1561 5079 te
1585 5023 1962 5094 jussionibus
2006 5024 2172 5080 hisce

516 5113 885 5170 nOStriscum
908 5129 1050 5169 cura
1065 5113 1248 5169 etﬁde
1262 5114 1534 5184 paruisse
1560 5112 1979 5181 intelligamus.
2006 5112 2170 5179 Vale,

517 5202 789 5267 Anuliue,
811 5202 985 5258 nobis
1010 5202 1343 5258 admodum
1369 5202 1743 5259 honorande.
1764 5224 1794 5255 »
1812 5203 2004 5257 Aliam
2027 5219 2170 5274 quo-

517 5308 633 5364 que
654 5292 1136 5348 constitutionem
1174 5293 1253 5347 ad
1278 5292 1560 5348 eumdem
1586 5292 1951 5363 scripserunt
1980 5292 2077 5364 (2),
2109 5291 2169 5346 in

589 5399 667 5471 (li)
722 5400 983 5456 Haeretici
1035 5415 1155 5456 non
1196 5398 1459 5469 gaudent
1507 5397 1935 5471 cathplicprum
1992 5398 2169 5468 privi-

514 5469 684 5603 lﬁg’iis
736 5472 1122 5530 Constantini.
1177 5473 1234 5527 L.
1269 5471 1597 5543 Privilegia
1628 5469 1688 5525 C.
1747 5469 1827 5527 De
1879 5470 2082 5528 haaret.
2115 5474 2174 5528 et

573 5558 673 5603 an.

573 5558 673 5603 an.

2877 3089 3119 3140 ΚΕΦΛΛ.
3153 3082 3291 3138 ΜΒ’.

2286 3168 2536 3243 Ἓτεραι
2574 3167 2690 3224 δύο
2732 3168 3068 3235 διατάξεις
3130 3177 3234 3225 καὶ
3284 3174 3506 3225 ἄνεσιν
3559 3168 3867 3243 δωρούμε-

2305 3262 2408 3294 ναι
2446 3250 2582 3303 ταῖς
2618 3250 2728 3295 τοῦ
2769 3251 2929 3297 Θεοῦ
2968 3243 3349 3306 ἐκκλησίαις
3381 3248 3489 3296 καὶ
3518 3248 3844 3315 χρήματα.

2351 3334 2594 3403 Διυτίραν
2647 3328 2706 3385 δι
2756 3335 2946 3391 ταύτην
2978 3330 3215 3396 διάταξιν
3250 3332 3482 3385 ἔστελλον
3520 3340 3584 3403 τῆ
3630 3331 3863 3398 καθολικῇ

2280 3404 2565 3493 Ἐκκλησία
2613 3425 2741 3494 μόνῃ
2790 3426 2882 3479 τὴν
2934 3418 3132 3493 δωρεὰν
3200 3419 3458 3475 δεδοσθαι
3509 3428 3871 3495 παρεγγυώμε-

2279 3529 2357 3562 νοι
2390 3527 2402 3540 ·
2452 3528 2480 3559 ι(
2527 3518 2710 3583 Χαῖρε,
2755 3510 3004 3577 Ἀνυλῖνε,
3064 3516 3347 3582 τιμιώτατι
3402 3514 3553 3583 ἡμῖν,
3616 3508 3803 3565 Ἐστιν
3844 3508 3864 3557 ὁ

2281 3602 2468 3669 τρόπος
2520 3598 2669 3661 οὗτος
2712 3607 2805 3662 τῆς
2851 3600 3239 3671 καλοκαγαθίας
3294 3608 3389 3661 τῆς
3443 3601 3717 3672 ἡμετέρας,
3755 3600 3867 3649 ὥστε

2283 3684 2450 3738 ἐκεῖνα
2492 3687 2619 3761 άπερ
2692 3685 2880 3760 δικαίῳ
2954 3688 3205 3761 ἀλλοτρίῳ
3266 3693 3546 3759 προσήκει,
3602 3689 3678 3759 μὴ
3736 3692 3866 3758 μόνον

2282 3780 2352 3846 μὴ
2413 3775 2765 3847 ἐνοχλεῖσθαι,
2819 3777 2947 3830 ἀλλὰ
3010 3783 3100 3830 καὶ
3177 3777 3537 3848 ἁποκοθιστᾷν
3603 3775 3867 3850 βούλεσθαι

2283 3866 2443 3935 ἡμᾶς,
2505 3865 2734 3919 Ἀνυλῖνι
2811 3874 3111 3939 τιμιώτατε.
3179 3868 3330 3920 Ὃθεν
3410 3864 3731 3941 βουλόμεθα,
3798 3868 3868 3915 ἶνα

2282 3954 2473 4005 ὁπόταν
2520 3963 2686 4006 ταῦτα
2741 3974 2804 4008 τα
2852 3959 3143 4030 γράμματα
3195 3958 3449 4028 κομισθῇ,
3523 3959 3567 4008 εἶ
3640 3975 3755 4007 τινα
3823 3956 3867 4003 ἐκ

2280 4047 2471 4095 τούτων
2524 4051 2623 4095 τῶν
2676 4051 2737 4116 τῇ
2797 4045 3079 4117 Ἐκκλησία
3115 4045 3363 4118 meum;
3406 4054 3506 4097 τῶν
3552 4051 3867 4115 Χριστιανῶν

2281 4133 2330 4183 ἓν
2387 4132 2626 4193 ἑκάσταις
2679 4132 2887 4185 πόλεσιν
2936 4136 2965 4193 ἦ
3021 4140 3110 4187 και
3161 4134 3333 4195 ἄλλοις
3378 4139 3552 4194 τόποις
3629 4130 3863 4206 διέφερον,

2280 4226 2369 4274 καὶ
2399 4225 2706 4292 κατίχοιντο
2743 4230 2830 4274 νυν
2874 4228 2903 4281 ἤ
2938 4223 3038 4275 ύπὸ
3087 4224 3326 4289 πολιτῶν,
3373 4228 3403 4281 ii
3446 4226 3553 4275 ύπο⁸
3595 4244 3751 4276 τινων
3792 4220 3867 4272 ἀλα

2279 4310 2397 4376 λων,
2452 4318 2618 4363 ταῦτα
2673 4311 3173 4371 ἀποκατασταθῆναι
3229 4320 3567 4385 παραχρῆμα
3628 4320 3744 4373 ταῖς
3793 4308 3867 4360 tn}-

2281 4407 2397 4460 ταῖς
2453 4400 2757 4463 ἐκκλησίαις
2814 4405 3088 4463 ποιήσειας
3121 4418 3133 4431 ·
3194 4398 3475 4475 ἐπειδήπερ
3541 4400 3866 4475 προῃρήμεθα

2279 4488 2408 4561 οἱπερ
2459 4490 2514 4540 αί
2560 4488 2834 4546 ἐκκλησίαι
2891 4488 3190 4560 ἐσχήκεσαν
3246 4495 3517 4564 πρότερον,
3559 4499 3634 4560 τῷ
3693 4487 3865 4555 δικαίῳ

2280 4577 2447 4629 αὐτῶν
2517 4576 3035 4637 ἀποκατασταθῆναι.
3102 4578 3286 4630 Ὀπότε
3362 4583 3532 4631 τοίνυν
3593 4583 3790 4650 συνορᾷ
3839 4577 3862 4630 is

2279 4668 2601 4728 καθοσίωσις
2652 4669 2681 4725 ἡ
2728 4686 2791 4726 ση
2842 4670 3036 4730 ταύτης
3075 4670 3220 4740 ἡμῶν
3256 4668 3531 4728 κιλεύσεως
3563 4672 3861 4739 σαφέστερον

2279 4756 2409 4808 εἶναι
2439 4760 2497 4808 τὸ
2527 4776 2864 4830 προσταγμα,
2898 4754 3223 4823 σπούδασον,
3270 4762 3369 4810 εἴτε
3427 4757 3613 4825 οἰκίαι,
3656 4761 3755 4809 εἴτε
3789 4761 3866 4811 κῆ·

2279 4850 2389 4907 ποι,
2420 4849 2520 4898 εἴτε
2545 4842 2918 4904 ὀτιουνδήποτε
2952 4856 3022 4917 τῷ
3050 4843 3240 4918 δικαίῳ
3270 4854 3367 4899 τῶν
3399 4846 3565 4897 αὐτῶν
3592 4844 3865 4903 ἐκκλησιῶν

2281 4930 2533 5006 διέφερον,
2615 4937 2893 5007 σύμπαντα
2972 4936 3154 4997 αύταῖς
3232 4934 3739 4992 ἀποκατασταθῆναι
3812 4934 3865 4991 ὣς

2280 5026 2518 5095 τάχιστα
2549 5041 2561 5053 ⁸
2621 5025 2759 5086 ὅπως
2805 5028 2970 5096 τούτῳ
3019 5028 3163 5096 ἡμῶν
3218 5032 3290 5094 τῷ
3352 5028 3727 5097 προστάγματί
3778 5021 3865 5075 ἐπι-

2278 5113 2593 5186 μιλεστάτην
2649 5132 2705 5165 σε
2772 5116 3127 5185 πειθάρχησιν
3196 5119 3593 5187 παρεσχηκέναι
3648 5112 3866 5182 καταμά·

2280 5204 2473 5274 θοιμεν.
2530 5201 2784 5277 Ἒῤῥωσο,
2852 5202 3082 5256 Ἀνυλίνε
3147 5209 3427 5275 τιμιώτατε
3484 5205 3628 5275 ἡμῖν.
3690 5224 3719 5251 ιδ
3781 5203 3861 5253 Καὶ

2278 5292 2434 5349 οὒιλην
2482 5287 2540 5344 δι
2584 5288 2828 5354 διάταξιν
2872 5296 3038 5363 νόμων
3092 5292 3232 5364 αύτῷ
3276 5300 3667 5364 προσφωνοῦσι,
3715 5288 3789 5343 δι’
3815 5290 3862 5347 ξς

2352 5403 2426 5468 (2)
2480 5397 2829 5454 Coustitutio
2880 5398 2956 5453 de
2986 5399 3360 5455 immunitate
3409 5399 3781 5456 clericorum.
3812 5400 3861 5453 L.

2280 5471 2468 5527 Juxta
2491 5470 2877 5527 sanctionem.
2911 5472 2969 5527 C.
3003 5473 3079 5527 De
3117 5472 3385 5546 episcop.
3417 5476 3475 5527 et
3499 5471 3637 5528 cler.
