  <div class='ocr_page' id='page_1' title='image "/cluster/home/n/w/nwhite01/storage/ocr_20150623/145/hvd.32044054086921/658.png"; bbox 0 0 4020 6218; ppageno 0'>
   <div class='ocr_carea' id='block_1_1' title="bbox 172 305 317 360">
    <p class='ocr_par' dir='ltr' id='par_1_1' title="bbox 172 305 317 360">
     <span class='ocr_line' id='line_1_1' title="bbox 172 305 317 360; baseline 0 0"><span class='ocrx_word' id='word_1_1' title='bbox 172 305 317 360; x_wconf 75' lang='grc'><strong>1305</strong></span> 
     </span>
    </p>
   </div>
   <div class='ocr_carea' id='block_1_2' title="bbox 1176 305 2499 366">
    <p class='ocr_par' dir='ltr' id='par_1_2' title="bbox 1176 305 2499 366">
     <span class='ocr_line' id='line_1_2' title="bbox 1176 305 2499 366; baseline 0 -3"><span class='ocrx_word' id='word_1_2' title='bbox 1176 305 1750 364; x_wconf 68' lang='lat' dir='ltr'>ECCLESIASTICIE</span> <span class='ocrx_word' id='word_1_3' title='bbox 1790 306 2152 364; x_wconf 65' lang='lat' dir='ltr'>HISTORIAZ</span> <span class='ocrx_word' id='word_1_4' title='bbox 2192 309 2330 366; x_wconf 86' lang='lat' dir='ltr'>LIB.</span> <span class='ocrx_word' id='word_1_5' title='bbox 2384 310 2499 366; x_wconf 87' lang='lat' dir='ltr'><strong>VII.</strong></span> 
     </span>
    </p>
   </div>
   <div class='ocr_carea' id='block_1_3' title="bbox 3393 303 3535 360">
    <p class='ocr_par' dir='ltr' id='par_1_3' title="bbox 3393 303 3535 360">
     <span class='ocr_line' id='line_1_3' title="bbox 3393 303 3535 360; baseline -0.007 0"><span class='ocrx_word' id='word_1_6' title='bbox 3393 303 3535 360; x_wconf 76' lang='lat' dir='ltr'>i306</span> 
     </span>
    </p>
   </div>
   <div class='ocr_carea' id='block_1_4' title="bbox 166 425 1782 506">
    <p class='ocr_par' dir='ltr' id='par_1_4' title="bbox 166 425 1770 504">
     <span class='ocr_line' id='line_1_4' title="bbox 166 425 1770 504; baseline 0.002 -23"><span class='ocrx_word' id='word_1_7' title='bbox 166 433 288 491; x_wconf 78' lang='grc' dir='ltr'><strong>τοὺς</strong></span> <span class='ocrx_word' id='word_1_8' title='bbox 360 436 460 480; x_wconf 88' lang='grc' dir='ltr'>τῶν</span> <span class='ocrx_word' id='word_1_9' title='bbox 509 425 796 488; x_wconf 80' lang='grc' dir='ltr'>ἐκκλησιῶν</span> <span class='ocrx_word' id='word_1_10' title='bbox 873 429 1128 504; x_wconf 79' lang='grc' dir='ltr'><strong>ὖπηρέτρς</strong></span> <span class='ocrx_word' id='word_1_11' title='bbox 1196 437 1286 483; x_wconf 87' lang='grc' dir='ltr'>καὶ</span> <span class='ocrx_word' id='word_1_12' title='bbox 1354 434 1609 504; x_wconf 75' lang='grc' dir='ltr'>ἡγεμόνας</span> <span class='ocrx_word' id='word_1_13' title='bbox 1675 441 1770 492; x_wconf 88' lang='grc' dir='ltr'>τῆς</span> 
     </span>
    </p>
   </div>
   <div class='ocr_carea' id='block_1_5' title="bbox 1893 425 3532 506">
    <p class='ocr_par' dir='ltr' id='par_1_5' title="bbox 1893 429 3532 506">
     <span class='ocr_line' id='line_1_5' title="bbox 1893 429 3532 506; baseline -0.004 -19"><span class='ocrx_word' id='word_1_14' title='bbox 1893 449 2004 504; x_wconf 64' lang='lat' dir='ltr'>qua</span> <span class='ocrx_word' id='word_1_15' title='bbox 2039 433 2424 492; x_wconf 80' lang='lat' dir='ltr'>ecclesiarum</span> <span class='ocrx_word' id='word_1_16' title='bbox 2461 437 2766 492; x_wconf 86' lang='lat' dir='ltr'>ministros</span> <span class='ocrx_word' id='word_1_17' title='bbox 2792 437 2847 490; x_wconf 90' lang='lat' dir='ltr'>et</span> <span class='ocrx_word' id='word_1_18' title='bbox 2877 430 3155 506; x_wconf 54' lang='lat' dir='ltr'>praesides</span> <span class='ocrx_word' id='word_1_19' title='bbox 3195 448 3231 487; x_wconf 88' lang='lat' dir='ltr'>a</span> <span class='ocrx_word' id='word_1_20' title='bbox 3261 429 3532 486; x_wconf 80' lang='lat' dir='ltr'>civilibus</span> 
     </span>
    </p>
   </div>
   <div class='ocr_carea' id='block_1_6' title="bbox 170 517 1772 592">
    <p class='ocr_par' dir='ltr' id='par_1_6' title="bbox 170 517 1772 592">
     <span class='ocr_line' id='line_1_6' title="bbox 170 517 1772 592; baseline 0.002 -21"><span class='ocrx_word' id='word_1_21' title='bbox 170 529 270 571; x_wconf 87' lang='grc' dir='ltr'>τῶν</span> <span class='ocrx_word' id='word_1_22' title='bbox 324 527 605 590; x_wconf 86' lang='grc' dir='ltr'><strong>ποριτικῶν</strong></span> <span class='ocrx_word' id='word_1_23' title='bbox 669 519 989 590; x_wconf 72' lang='grc' dir='ltr'>λειτουργίας</span> <span class='ocrx_word' id='word_1_24' title='bbox 1044 519 1333 592; x_wconf 83' lang='grc' dir='ltr'><strong>ἐλευθέρους</strong></span> <span class='ocrx_word' id='word_1_25' title='bbox 1408 519 1535 574; x_wconf 82' lang='grc' dir='ltr'><strong>εἶναι</strong></span> <span class='ocrx_word' id='word_1_26' title='bbox 1593 517 1772 574; x_wconf 79' lang='grc' dir='ltr'><strong>διακε-</strong></span> 
     </span>
    </p>
   </div>
   <div class='ocr_carea' id='block_1_7' title="bbox 170 609 1767 681">
    <p class='ocr_par' dir='ltr' id='par_1_7' title="bbox 170 609 1767 681">
     <span class='ocr_line' id='line_1_7' title="bbox 170 609 1767 681; baseline 0.003 -23"><span class='ocrx_word' id='word_1_27' title='bbox 170 609 420 672; x_wconf 80' lang='grc' dir='ltr'><strong>λεύονται,</strong></span> <span class='ocrx_word' id='word_1_28' title='bbox 487 609 762 679; x_wconf 74' lang='grc' dir='ltr'>γράφοντες</span> <span class='ocrx_word' id='word_1_29' title='bbox 821 609 980 669; x_wconf 79' lang='grc' dir='ltr'><strong>οὕτως</strong></span> <span class='ocrx_word' id='word_1_30' title='bbox 1012 626 1024 638; x_wconf 86' lang='lat'><strong><em>°</em></strong></span> <span class='ocrx_word' id='word_1_31' title='bbox 1084 631 1111 658; x_wconf 88' lang='grc'>‹‹</span> <span class='ocrx_word' id='word_1_32' title='bbox 1166 618 1351 681; x_wconf 82' lang='grc' dir='ltr'><strong>Χαῖρε,</strong></span> <span class='ocrx_word' id='word_1_33' title='bbox 1399 609 1625 662; x_wconf 83' lang='grc' dir='ltr'><strong>Ἀνυλίνε</strong></span> <span class='ocrx_word' id='word_1_34' title='bbox 1690 630 1767 662; x_wconf 80' lang='grc' dir='ltr'><strong>τι·</strong></span> 
     </span>
    </p>
   </div>
   <div class='ocr_carea' id='block_1_8' title="bbox 169 695 1770 772">
    <p class='ocr_par' dir='ltr' id='par_1_8' title="bbox 169 695 1770 772">
     <span class='ocr_line' id='line_1_8' title="bbox 169 695 1770 772; baseline 0.001 -25"><span class='ocrx_word' id='word_1_35' title='bbox 169 702 400 769; x_wconf 79' lang='grc' dir='ltr'><strong>μιῶτατε</strong></span> <span class='ocrx_word' id='word_1_36' title='bbox 475 699 618 768; x_wconf 78' lang='grc' dir='ltr'><strong>ἡμῖν.</strong></span> <span class='ocrx_word' id='word_1_37' title='bbox 698 695 912 756; x_wconf 71' lang='grc' dir='ltr'><strong>Ἐπειδὴ</strong></span> <span class='ocrx_word' id='word_1_38' title='bbox 991 698 1046 750; x_wconf 78' lang='grc' dir='ltr'><strong>ἐκ</strong></span> <span class='ocrx_word' id='word_1_39' title='bbox 1139 699 1378 751; x_wconf 90' lang='grc' dir='ltr'><strong>πλειόνων</strong></span> <span class='ocrx_word' id='word_1_40' title='bbox 1453 703 1770 772; x_wconf 73' lang='grc' dir='ltr'>πραγμάτων</span> 
     </span>
    </p>
   </div>
   <div class='ocr_carea' id='block_1_9' title="bbox 170 785 1767 863">
    <p class='ocr_par' dir='ltr' id='par_1_9' title="bbox 170 785 1767 863">
     <span class='ocr_line' id='line_1_9' title="bbox 170 785 1767 863; baseline 0.002 -26"><span class='ocrx_word' id='word_1_41' title='bbox 170 791 406 858; x_wconf 77' lang='grc' dir='ltr'><strong>φαίνεται</strong></span> <span class='ocrx_word' id='word_1_42' title='bbox 458 786 986 859; x_wconf 83' lang='grc' dir='ltr'><strong>παρεξουθενηθείσαν</strong></span> <span class='ocrx_word' id='word_1_43' title='bbox 1060 792 1152 847; x_wconf 77' lang='grc' dir='ltr'><strong>τὴν</strong></span> <span class='ocrx_word' id='word_1_44' title='bbox 1211 791 1493 863; x_wconf 77' lang='grc' dir='ltr'>θρησκείαν</span> <span class='ocrx_word' id='word_1_45' title='bbox 1542 788 1589 840; x_wconf 77' lang='grc' dir='ltr'><strong>ἐν</strong></span> <span class='ocrx_word' id='word_1_46' title='bbox 1738 791 1767 846; x_wconf 79' lang='grc' dir='ltr'>η</span> 
     </span>
    </p>
   </div>
   <div class='ocr_carea' id='block_1_10' title="bbox 167 874 1774 950">
    <p class='ocr_par' dir='ltr' id='par_1_10' title="bbox 167 874 1774 950">
     <span class='ocr_line' id='line_1_10' title="bbox 167 874 1774 950; baseline 0.001 -24"><span class='ocrx_word' id='word_1_47' title='bbox 167 881 433 948; x_wconf 77' lang='grc' dir='ltr'><strong>κορυφαία</strong></span> <span class='ocrx_word' id='word_1_48' title='bbox 501 884 595 936; x_wconf 88' lang='grc' dir='ltr'>τῆς</span> <span class='ocrx_word' id='word_1_49' title='bbox 651 875 945 947; x_wconf 75' lang='grc' dir='ltr'>ἁγιωτάτης</span> <span class='ocrx_word' id='word_1_50' title='bbox 1005 876 1311 949; x_wconf 79' lang='grc' dir='ltr'>ἐπουρανίου</span> <span class='ocrx_word' id='word_1_51' title='bbox 1371 874 1535 939; x_wconf 83' lang='grc' dir='ltr'><strong>αἰδὼς</strong></span> <span class='ocrx_word' id='word_1_52' title='bbox 1581 878 1774 950; x_wconf 76' lang='grc' dir='ltr'><strong>φυλάτ-</strong></span> 
     </span>
    </p>
   </div>
   <div class='ocr_carea' id='block_1_11' title="bbox 166 962 1772 1038">
    <p class='ocr_par' dir='ltr' id='par_1_11' title="bbox 166 962 1772 1038">
     <span class='ocr_line' id='line_1_11' title="bbox 166 962 1772 1038; baseline 0.001 -23"><span class='ocrx_word' id='word_1_53' title='bbox 166 983 336 1032; x_wconf 84' lang='grc' dir='ltr'><strong>τεται,</strong></span> <span class='ocrx_word' id='word_1_54' title='bbox 369 965 623 1034; x_wconf 74' lang='grc' dir='ltr'>μεγάλους</span> <span class='ocrx_word' id='word_1_55' title='bbox 680 962 955 1027; x_wconf 81' lang='grc' dir='ltr'><strong>κινδύνους</strong></span> <span class='ocrx_word' id='word_1_56' title='bbox 1007 965 1305 1038; x_wconf 71' lang='grc' dir='ltr'><strong>ἐνηνοχέναι</strong></span> <span class='ocrx_word' id='word_1_57' title='bbox 1335 975 1444 1029; x_wconf 87' lang='grc' dir='ltr'><strong>τοῖς</strong></span> <span class='ocrx_word' id='word_1_58' title='bbox 1491 964 1772 1036; x_wconf 78' lang='grc' dir='ltr'><strong>δημοσίοις</strong></span> 
     </span>
    </p>
   </div>
   <div class='ocr_carea' id='block_1_12' title="bbox 167 1053 1775 1128">
    <p class='ocr_par' dir='ltr' id='par_1_12' title="bbox 167 1053 1775 1128">
     <span class='ocr_line' id='line_1_12' title="bbox 167 1053 1775 1128; baseline -0.002 -19"><span class='ocrx_word' id='word_1_59' title='bbox 167 1057 479 1125; x_wconf 72' lang='grc' dir='ltr'>πράγμασιν</span> <span class='ocrx_word' id='word_1_60' title='bbox 514 1071 526 1082; x_wconf 77' lang='grc'><strong><em>⁸</em></strong></span> <span class='ocrx_word' id='word_1_61' title='bbox 582 1053 744 1110; x_wconf 74' lang='grc' dir='ltr'><strong>αὐτην</strong></span> <span class='ocrx_word' id='word_1_62' title='bbox 794 1073 847 1106; x_wconf 89' lang='grc' dir='ltr'>τε</span> <span class='ocrx_word' id='word_1_63' title='bbox 912 1058 1106 1113; x_wconf 77' lang='grc' dir='ltr'><strong>ταύτην</strong></span> <span class='ocrx_word' id='word_1_64' title='bbox 1161 1057 1416 1128; x_wconf 82' lang='grc' dir='ltr'><strong>ίνθέσμως</strong></span> <span class='ocrx_word' id='word_1_65' title='bbox 1469 1055 1775 1128; x_wconf 75' lang='grc' dir='ltr'><strong>ἀναληφθεί-</strong></span> 
     </span>
    </p>
   </div>
   <div class='ocr_carea' id='block_1_13' title="bbox 173 1140 1774 1215">
    <p class='ocr_par' dir='ltr' id='par_1_13' title="bbox 173 1140 1774 1215">
     <span class='ocr_line' id='line_1_13' title="bbox 173 1140 1774 1215; baseline 0.002 -23"><span class='ocrx_word' id='word_1_66' title='bbox 173 1160 271 1192; x_wconf 89' lang='grc' dir='ltr'>σαν</span> <span class='ocrx_word' id='word_1_67' title='bbox 345 1146 434 1192; x_wconf 84' lang='grc' dir='ltr'>καὶ</span> <span class='ocrx_word' id='word_1_68' title='bbox 501 1140 884 1212; x_wconf 78' lang='grc' dir='ltr'><strong>φυλαττομένην</strong></span> <span class='ocrx_word' id='word_1_69' title='bbox 932 1148 1187 1215; x_wconf 78' lang='grc' dir='ltr'><strong>μεγίστην</strong></span> <span class='ocrx_word' id='word_1_70' title='bbox 1240 1145 1492 1215; x_wconf 70' lang='grc' dir='ltr'><strong>εὐτυχίαν</strong></span> <span class='ocrx_word' id='word_1_71' title='bbox 1535 1154 1606 1215; x_wconf 84' lang='grc' dir='ltr'><strong>τῷ</strong></span> <span class='ocrx_word' id='word_1_72' title='bbox 1656 1145 1774 1196; x_wconf 82' lang='grc' dir='ltr'>Ῥω-</span> 
     </span>
    </p>
   </div>
   <div class='ocr_carea' id='block_1_14' title="bbox 168 1229 1773 1306">
    <p class='ocr_par' dir='ltr' id='par_1_14' title="bbox 168 1229 1773 1306">
     <span class='ocr_line' id='line_1_14' title="bbox 168 1229 1773 1306; baseline 0.002 -26"><span class='ocrx_word' id='word_1_73' title='bbox 168 1237 346 1301; x_wconf 84' lang='grc' dir='ltr'><strong>μαῑκῶ</strong></span> <span class='ocrx_word' id='word_1_74' title='bbox 415 1229 648 1301; x_wconf 82' lang='grc' dir='ltr'><strong>ὀνόματι,</strong></span> <span class='ocrx_word' id='word_1_75' title='bbox 708 1237 798 1283; x_wconf 81' lang='grc' dir='ltr'>καὶ</span> <span class='ocrx_word' id='word_1_76' title='bbox 861 1234 1106 1303; x_wconf 79' lang='grc' dir='ltr'><strong>σύμπασι</strong></span> <span class='ocrx_word' id='word_1_77' title='bbox 1173 1241 1283 1294; x_wconf 85' lang='grc' dir='ltr'><strong>τοῖς</strong></span> <span class='ocrx_word' id='word_1_78' title='bbox 1343 1243 1442 1284; x_wconf 88' lang='grc' dir='ltr'>τῶν</span> <span class='ocrx_word' id='word_1_79' title='bbox 1495 1233 1773 1306; x_wconf 80' lang='grc' dir='ltr'><strong>ἀνθρώπων</strong></span> 
     </span>
    </p>
   </div>
   <div class='ocr_carea' id='block_1_15' title="bbox 169 1317 1774 1395">
    <p class='ocr_par' dir='ltr' id='par_1_15' title="bbox 169 1317 1774 1395">
     <span class='ocr_line' id='line_1_15' title="bbox 169 1317 1774 1395; baseline 0.001 -27"><span class='ocrx_word' id='word_1_80' title='bbox 169 1320 480 1391; x_wconf 78' lang='grc' dir='ltr'><strong>πράγμασιν</strong></span> <span class='ocrx_word' id='word_1_81' title='bbox 540 1317 796 1393; x_wconf 81' lang='grc' dir='ltr'><strong>ἐξαίρετον</strong></span> <span class='ocrx_word' id='word_1_82' title='bbox 852 1320 1146 1394; x_wconf 69' lang='grc' dir='ltr'><strong>εὐεργεσίαν</strong></span> <span class='ocrx_word' id='word_1_83' title='bbox 1201 1327 1617 1395; x_wconf 77' lang='grc' dir='ltr'><strong>παρεσχηκέναι,</strong></span> <span class='ocrx_word' id='word_1_84' title='bbox 1675 1330 1774 1372; x_wconf 91' lang='grc' dir='ltr'>τῶν</span> 
     </span>
    </p>
   </div>
   <div class='ocr_carea' id='block_1_16' title="bbox 1428 1408 1774 1472">
    <p class='ocr_par' dir='ltr' id='par_1_16' title="bbox 1428 1408 1774 1472">
     <span class='ocr_line' id='line_1_16' title="bbox 1428 1408 1774 1472; baseline -0.006 -10"><span class='ocrx_word' id='word_1_85' title='bbox 1428 1408 1599 1472; x_wconf 84' lang='grc' dir='ltr'><strong>ἔδοξεν</strong></span> <span class='ocrx_word' id='word_1_86' title='bbox 1652 1413 1774 1462; x_wconf 79' lang='grc' dir='ltr'><strong>ἑκεί-</strong></span> 
     </span>
    </p>
   </div>
   <div class='ocr_carea' id='block_1_17' title="bbox 170 1495 1773 1571">
    <p class='ocr_par' dir='ltr' id='par_1_17' title="bbox 170 1495 1773 1571">
     <span class='ocr_line' id='line_1_17' title="bbox 170 1495 1773 1571; baseline 0.001 -26"><span class='ocrx_word' id='word_1_87' title='bbox 170 1514 288 1554; x_wconf 88' lang='grc' dir='ltr'><strong>νους</strong></span> <span class='ocrx_word' id='word_1_88' title='bbox 325 1499 449 1555; x_wconf 81' lang='grc' dir='ltr'><strong>τοὺς</strong></span> <span class='ocrx_word' id='word_1_89' title='bbox 497 1495 697 1569; x_wconf 75' lang='grc' dir='ltr'><strong>ἄνδρας</strong></span> <span class='ocrx_word' id='word_1_90' title='bbox 748 1501 870 1558; x_wconf 81' lang='grc' dir='ltr'><strong>τοὺς</strong></span> <span class='ocrx_word' id='word_1_91' title='bbox 917 1505 978 1569; x_wconf 78' lang='grc' dir='ltr'>τῆ</span> <span class='ocrx_word' id='word_1_92' title='bbox 1035 1497 1330 1571; x_wconf 78' lang='grc' dir='ltr'><strong>ὀφειλομένη</strong></span> <span class='ocrx_word' id='word_1_93' title='bbox 1383 1499 1644 1568; x_wconf 77' lang='grc' dir='ltr'><strong>ἁγιότητι,</strong></span> <span class='ocrx_word' id='word_1_94' title='bbox 1691 1501 1773 1549; x_wconf 78' lang='grc' dir='ltr'>καὶ</span> 
     </span>
    </p>
   </div>
   <div class='ocr_carea' id='block_1_18' title="bbox 169 1584 1776 1663">
    <p class='ocr_par' dir='ltr' id='par_1_18' title="bbox 169 1584 1776 1663">
     <span class='ocr_line' id='line_1_18' title="bbox 169 1584 1776 1663; baseline 0.002 -28"><span class='ocrx_word' id='word_1_95' title='bbox 169 1591 231 1656; x_wconf 72' lang='grc' dir='ltr'><strong>τῇ</strong></span> <span class='ocrx_word' id='word_1_96' title='bbox 288 1593 380 1637; x_wconf 83' lang='grc' dir='ltr'><strong>τοῦ</strong></span> <span class='ocrx_word' id='word_1_97' title='bbox 427 1590 586 1657; x_wconf 91' lang='grc' dir='ltr'><strong>νόμου</strong></span> <span class='ocrx_word' id='word_1_98' title='bbox 645 1591 830 1639; x_wconf 84' lang='grc' dir='ltr'><strong>τούτου</strong></span> <span class='ocrx_word' id='word_1_99' title='bbox 879 1584 1158 1660; x_wconf 76' lang='grc' dir='ltr'><strong>προεδρεία</strong></span> <span class='ocrx_word' id='word_1_100' title='bbox 1197 1591 1285 1648; x_wconf 83' lang='grc' dir='ltr'><strong>τὰς</strong></span> <span class='ocrx_word' id='word_1_101' title='bbox 1340 1589 1631 1663; x_wconf 77' lang='grc' dir='ltr'><strong>ὑπηρεσίας</strong></span> <span class='ocrx_word' id='word_1_102' title='bbox 1689 1585 1776 1639; x_wconf 79' lang='grc' dir='ltr'>ὑπ’</span> 
     </span>
    </p>
   </div>
   <div class='ocr_carea' id='block_1_19' title="bbox 174 1407 1359 1482">
    <p class='ocr_par' dir='ltr' id='par_1_19' title="bbox 174 1407 1359 1482">
     <span class='ocr_line' id='line_1_19' title="bbox 174 1407 1359 1482; baseline 0.003 -24"><span class='ocrx_word' id='word_1_103' title='bbox 174 1408 323 1458; x_wconf 82' lang='grc' dir='ltr'><strong>θείων</strong></span> <span class='ocrx_word' id='word_1_104' title='bbox 407 1407 712 1479; x_wconf 71' lang='grc' dir='ltr'><strong>εὐεργεσιῶν</strong></span> <span class='ocrx_word' id='word_1_105' title='bbox 771 1417 920 1460; x_wconf 75' lang='grc' dir='ltr'><strong>τοῦτο</strong></span> <span class='ocrx_word' id='word_1_106' title='bbox 970 1419 1316 1482; x_wconf 88' lang='grc' dir='ltr'><strong>παρεχουσῶν</strong></span> <span class='ocrx_word' id='word_1_107' title='bbox 1347 1428 1359 1439; x_wconf 91' lang='grc'><strong>·</strong></span> 
     </span>
    </p>
   </div>
   <div class='ocr_carea' id='block_1_20' title="bbox 172 1673 1778 1749">
    <p class='ocr_par' dir='ltr' id='par_1_20' title="bbox 172 1673 1778 1749">
     <span class='ocr_line' id='line_1_20' title="bbox 172 1673 1778 1749; baseline 0.002 -25"><span class='ocrx_word' id='word_1_108' title='bbox 172 1673 352 1725; x_wconf 73' lang='grc' dir='ltr'><strong>αὐτῶν</strong></span> <span class='ocrx_word' id='word_1_109' title='bbox 412 1683 474 1747; x_wconf 77' lang='grc' dir='ltr'><strong>τῇ</strong></span> <span class='ocrx_word' id='word_1_110' title='bbox 541 1683 631 1736; x_wconf 87' lang='grc' dir='ltr'>τῆς</span> <span class='ocrx_word' id='word_1_111' title='bbox 687 1678 825 1737; x_wconf 85' lang='grc' dir='ltr'><strong>Θείας</strong></span> <span class='ocrx_word' id='word_1_112' title='bbox 883 1679 1164 1748; x_wconf 80' lang='grc' dir='ltr'><strong>θρησκείας</strong></span> <span class='ocrx_word' id='word_1_113' title='bbox 1223 1679 1466 1749; x_wconf 80' lang='grc' dir='ltr'><strong>θεραπείᾳ</strong></span> <span class='ocrx_word' id='word_1_114' title='bbox 1522 1683 1778 1748; x_wconf 84' lang='grc' dir='ltr'><strong>παρέχον-</strong></span> 
     </span>
    </p>
   </div>
   <div class='ocr_carea' id='block_1_21' title="bbox 1883 520 3534 593">
    <p class='ocr_par' dir='ltr' id='par_1_21' title="bbox 1883 520 3534 593">
     <span class='ocr_line' id='line_1_21' title="bbox 1883 520 3534 593; baseline -0.003 -17"><span class='ocrx_word' id='word_1_115' title='bbox 1883 522 2230 578; x_wconf 84' lang='lat' dir='ltr'>muneribus</span> <span class='ocrx_word' id='word_1_116' title='bbox 2252 523 2469 578; x_wconf 88' lang='lat' dir='ltr'>liberos</span> <span class='ocrx_word' id='word_1_117' title='bbox 2493 531 2549 580; x_wconf 90' lang='lat' dir='ltr'>et</span> <span class='ocrx_word' id='word_1_118' title='bbox 2574 526 2872 581; x_wconf 88' lang='lat' dir='ltr'>immunes</span> <span class='ocrx_word' id='word_1_119' title='bbox 2897 540 3027 580; x_wconf 83' lang='lat' dir='ltr'>esse</span> <span class='ocrx_word' id='word_1_120' title='bbox 3047 523 3279 593; x_wconf 86' lang='lat' dir='ltr'>jubent,</span> <span class='ocrx_word' id='word_1_121' title='bbox 3296 522 3354 575; x_wconf 92' lang='lat' dir='ltr'>in</span> <span class='ocrx_word' id='word_1_122' title='bbox 3373 520 3534 574; x_wconf 87' lang='lat' dir='ltr'>hunc</span> 
     </span>
    </p>
   </div>
   <div class='ocr_carea' id='block_1_22' title="bbox 1880 610 3534 679">
    <p class='ocr_par' dir='ltr' id='par_1_22' title="bbox 1880 610 3534 679">
     <span class='ocr_line' id='line_1_22' title="bbox 1880 610 3534 679; baseline -0.003 -15"><span class='ocrx_word' id='word_1_123' title='bbox 1880 610 2128 666; x_wconf 87' lang='lat' dir='ltr'>modum</span> <span class='ocrx_word' id='word_1_124' title='bbox 2170 631 2182 667; x_wconf 90' lang='lat'>:</span> <span class='ocrx_word' id='word_1_125' title='bbox 2231 612 2419 679; x_wconf 88' lang='lat' dir='ltr'>Salve,</span> <span class='ocrx_word' id='word_1_126' title='bbox 2468 615 2717 669; x_wconf 81' lang='lat' dir='ltr'>Anuline</span> <span class='ocrx_word' id='word_1_127' title='bbox 2758 611 3271 669; x_wconf 88' lang='lat' dir='ltr'>reverendissime.</span> <span class='ocrx_word' id='word_1_128' title='bbox 3304 612 3534 664; x_wconf 86' lang='lat' dir='ltr'>Postea-</span> 
     </span>
    </p>
   </div>
   <div class='ocr_carea' id='block_1_23' title="bbox 1880 701 3536 772">
    <p class='ocr_par' dir='ltr' id='par_1_23' title="bbox 1880 701 3536 772">
     <span class='ocr_line' id='line_1_23' title="bbox 1880 701 3536 772; baseline -0.003 -20"><span class='ocrx_word' id='word_1_129' title='bbox 1880 715 2066 771; x_wconf 85' lang='lat' dir='ltr'>quam</span> <span class='ocrx_word' id='word_1_130' title='bbox 2115 701 2293 756; x_wconf 86' lang='lat' dir='ltr'><strong>rebus</strong></span> <span class='ocrx_word' id='word_1_131' title='bbox 2347 704 2544 758; x_wconf 90' lang='lat' dir='ltr'>multis</span> <span class='ocrx_word' id='word_1_132' title='bbox 2601 710 2855 767; x_wconf 83' lang='lat' dir='ltr'>constat,</span> <span class='ocrx_word' id='word_1_133' title='bbox 2903 701 3238 772; x_wconf 78' lang='lat' dir='ltr'>neglectam</span> <span class='ocrx_word' id='word_1_134' title='bbox 3270 703 3536 754; x_wconf 87' lang='lat' dir='ltr'>contem-</span> 
     </span>
    </p>
   </div>
   <div class='ocr_carea' id='block_1_24' title="bbox 1882 782 3528 864">
    <p class='ocr_par' dir='ltr' id='par_1_24' title="bbox 1882 782 3528 864">
     <span class='ocr_line' id='line_1_24' title="bbox 1882 782 3528 864; baseline -0.004 -20"><span class='ocrx_word' id='word_1_135' title='bbox 1882 795 2168 861; x_wconf 88' lang='lat' dir='ltr'>ptamque</span> <span class='ocrx_word' id='word_1_136' title='bbox 2185 791 2553 862; x_wconf 82' lang='lat' dir='ltr'>religionem,</span> <span class='ocrx_word' id='word_1_137' title='bbox 2574 808 2678 864; x_wconf 89' lang='lat' dir='ltr'>per</span> <span class='ocrx_word' id='word_1_138' title='bbox 2699 808 2883 864; x_wconf 89' lang='lat' dir='ltr'>quam</span> <span class='ocrx_word' id='word_1_139' title='bbox 2907 806 3148 845; x_wconf 89' lang='lat' dir='ltr'>summa</span> <span class='ocrx_word' id='word_1_140' title='bbox 3169 782 3528 843; x_wconf 81' lang='lat' dir='ltr'>sanctissimi</span> 
     </span>
    </p>
   </div>
   <div class='ocr_carea' id='block_1_25' title="bbox 1881 876 3534 936">
    <p class='ocr_par' dir='ltr' id='par_1_25' title="bbox 1881 876 3534 936">
     <span class='ocr_line' id='line_1_25' title="bbox 1881 876 3534 936; baseline -0.004 -4"><span class='ocrx_word' id='word_1_141' title='bbox 1881 876 2134 933; x_wconf 69' lang='lat' dir='ltr'>caelestis</span> <span class='ocrx_word' id='word_1_142' title='bbox 2165 881 2432 935; x_wconf 86' lang='lat' dir='ltr'>Numinis</span> <span class='ocrx_word' id='word_1_143' title='bbox 2457 881 2834 936; x_wconf 78' lang='lat' dir='ltr'>observantia</span> <span class='ocrx_word' id='word_1_144' title='bbox 2858 885 2916 935; x_wconf 89' lang='lat' dir='ltr'>et</span> <span class='ocrx_word' id='word_1_145' title='bbox 2936 878 3266 935; x_wconf 88' lang='lat' dir='ltr'>reverentia</span> <span class='ocrx_word' id='word_1_146' title='bbox 3296 889 3534 930; x_wconf 90' lang='lat' dir='ltr'>conser-</span> 
     </span>
    </p>
   </div>
   <div class='ocr_carea' id='block_1_26' title="bbox 1883 963 3528 1040">
    <p class='ocr_par' dir='ltr' id='par_1_26' title="bbox 1883 963 3528 1040">
     <span class='ocr_line' id='line_1_26' title="bbox 1883 963 3528 1040; baseline -0.002 -21"><span class='ocrx_word' id='word_1_147' title='bbox 1883 971 2074 1031; x_wconf 88' lang='lat' dir='ltr'>vatur,</span> <span class='ocrx_word' id='word_1_148' title='bbox 2107 967 2371 1036; x_wconf 89' lang='lat' dir='ltr'>ingentia</span> <span class='ocrx_word' id='word_1_149' title='bbox 2400 969 2580 1024; x_wconf 84' lang='lat' dir='ltr'>rebus</span> <span class='ocrx_word' id='word_1_150' title='bbox 2622 968 2878 1040; x_wconf 88' lang='lat' dir='ltr'>publicis</span> <span class='ocrx_word' id='word_1_151' title='bbox 2909 969 3175 1024; x_wconf 81' lang='lat' dir='ltr'>intulisse</span> <span class='ocrx_word' id='word_1_152' title='bbox 3208 963 3470 1036; x_wconf 90' lang='lat' dir='ltr'>pericula</span> <span class='ocrx_word' id='word_1_153' title='bbox 3514 978 3528 1015; x_wconf 90' lang='lat'><strong>:</strong></span> 
     </span>
    </p>
   </div>
   <div class='ocr_carea' id='block_1_27' title="bbox 1881 1054 3531 1129">
    <p class='ocr_par' dir='ltr' id='par_1_27' title="bbox 1881 1054 3531 1129">
     <span class='ocr_line' id='line_1_27' title="bbox 1881 1054 3531 1129; baseline -0.002 -20"><span class='ocrx_word' id='word_1_154' title='bbox 1881 1054 2280 1128; x_wconf 87' lang='lat' dir='ltr'>eamdemque</span> <span class='ocrx_word' id='word_1_155' title='bbox 2303 1059 2494 1128; x_wconf 87' lang='lat' dir='ltr'>ipsam</span> <span class='ocrx_word' id='word_1_156' title='bbox 2516 1057 2776 1129; x_wconf 78' lang='lat' dir='ltr'>legitime</span> <span class='ocrx_word' id='word_1_157' title='bbox 2800 1065 2980 1129; x_wconf 90' lang='lat' dir='ltr'>atque</span> <span class='ocrx_word' id='word_1_158' title='bbox 3006 1063 3207 1111; x_wconf 83' lang='lat' dir='ltr'>sancte</span> <span class='ocrx_word' id='word_1_159' title='bbox 3232 1058 3531 1123; x_wconf 84' lang='lat' dir='ltr'>receptam</span> 
     </span>
    </p>
   </div>
   <div class='ocr_carea' id='block_1_28' title="bbox 1882 1142 3530 1209">
    <p class='ocr_par' dir='ltr' id='par_1_28' title="bbox 1882 1142 3530 1209">
     <span class='ocr_line' id='line_1_28' title="bbox 1882 1142 3530 1209; baseline -0.001 -13"><span class='ocrx_word' id='word_1_160' title='bbox 1882 1148 1939 1197; x_wconf 89' lang='lat' dir='ltr'>et</span> <span class='ocrx_word' id='word_1_161' title='bbox 1967 1143 2212 1209; x_wconf 90' lang='lat' dir='ltr'>cultam,</span> <span class='ocrx_word' id='word_1_162' title='bbox 2248 1147 2573 1201; x_wconf 85' lang='lat' dir='ltr'>maximam</span> <span class='ocrx_word' id='word_1_163' title='bbox 2614 1149 2886 1201; x_wconf 80' lang='lat' dir='ltr'>Romano</span> <span class='ocrx_word' id='word_1_164' title='bbox 2915 1145 3139 1200; x_wconf 87' lang='lat' dir='ltr'>nomini</span> <span class='ocrx_word' id='word_1_165' title='bbox 3174 1142 3530 1204; x_wconf 83' lang='lat' dir='ltr'>felicitatem,</span> 
     </span>
    </p>
   </div>
   <div class='ocr_carea' id='block_1_29' title="bbox 1883 1229 3537 1304">
    <p class='ocr_par' dir='ltr' id='par_1_29' title="bbox 1883 1229 3537 1304">
     <span class='ocr_line' id='line_1_29' title="bbox 1883 1229 3537 1304; baseline -0.002 -19"><span class='ocrx_word' id='word_1_166' title='bbox 1883 1230 2261 1304; x_wconf 88' lang='lat' dir='ltr'>plurimaque</span> <span class='ocrx_word' id='word_1_167' title='bbox 2300 1235 2581 1288; x_wconf 88' lang='lat' dir='ltr'>omnibus</span> <span class='ocrx_word' id='word_1_168' title='bbox 2612 1235 2959 1290; x_wconf 91' lang='lat' dir='ltr'>hominibus</span> <span class='ocrx_word' id='word_1_169' title='bbox 2990 1233 3302 1294; x_wconf 84' lang='lat' dir='ltr'>beneﬁcia,</span> <span class='ocrx_word' id='word_1_170' title='bbox 3331 1229 3537 1284; x_wconf 86' lang='lat' dir='ltr'>divina</span> 
     </span>
    </p>
   </div>
   <div class='ocr_carea' id='block_1_30' title="bbox 1883 1320 3535 1394">
    <p class='ocr_par' dir='ltr' id='par_1_30' title="bbox 1883 1320 3535 1394">
     <span class='ocr_line' id='line_1_30' title="bbox 1883 1320 3535 1394; baseline -0.001 -21"><span class='ocrx_word' id='word_1_171' title='bbox 1883 1321 2246 1388; x_wconf 87' lang='lat' dir='ltr'>benignitate</span> <span class='ocrx_word' id='word_1_172' title='bbox 2296 1325 2734 1394; x_wconf 86' lang='lat' dir='ltr'>suppeditante,</span> <span class='ocrx_word' id='word_1_173' title='bbox 2779 1323 3132 1379; x_wconf 81' lang='lat' dir='ltr'>conciliasse</span> <span class='ocrx_word' id='word_1_174' title='bbox 3183 1337 3193 1374; x_wconf 94' lang='lat'>:</span> <span class='ocrx_word' id='word_1_175' title='bbox 3253 1320 3535 1392; x_wconf 89' lang='lat' dir='ltr'>placitum</span> 
     </span>
    </p>
   </div>
   <div class='ocr_carea' id='block_1_31' title="bbox 1885 1406 3540 1484">
    <p class='ocr_par' dir='ltr' id='par_1_31' title="bbox 1885 1406 3540 1484">
     <span class='ocr_line' id='line_1_31' title="bbox 1885 1406 3540 1484; baseline -0.001 -22"><span class='ocrx_word' id='word_1_176' title='bbox 1885 1407 2056 1462; x_wconf 91' lang='lat' dir='ltr'>nobis</span> <span class='ocrx_word' id='word_1_177' title='bbox 2085 1416 2192 1475; x_wconf 86' lang='lat' dir='ltr'>est,</span> <span class='ocrx_word' id='word_1_178' title='bbox 2224 1411 2382 1466; x_wconf 88' lang='lat' dir='ltr'>viros</span> <span class='ocrx_word' id='word_1_179' title='bbox 2415 1427 2518 1467; x_wconf 90' lang='lat' dir='ltr'>eos</span> <span class='ocrx_word' id='word_1_180' title='bbox 2543 1413 2648 1484; x_wconf 89' lang='lat' dir='ltr'>qui</span> <span class='ocrx_word' id='word_1_181' title='bbox 2675 1413 2879 1468; x_wconf 89' lang='lat' dir='ltr'>debita</span> <span class='ocrx_word' id='word_1_182' title='bbox 2908 1413 3216 1466; x_wconf 88' lang='lat' dir='ltr'>sanctitate</span> <span class='ocrx_word' id='word_1_183' title='bbox 3249 1416 3304 1464; x_wconf 90' lang='lat' dir='ltr'>et</span> <span class='ocrx_word' id='word_1_184' title='bbox 3330 1406 3540 1479; x_wconf 73' lang='lat' dir='ltr'>praeci-</span> 
     </span>
    </p>
   </div>
   <div class='ocr_carea' id='block_1_32' title="bbox 1885 1499 3540 1568">
    <p class='ocr_par' dir='ltr' id='par_1_32' title="bbox 1885 1499 3540 1568">
     <span class='ocr_line' id='line_1_32' title="bbox 1885 1499 3540 1568; baseline -0.001 -17"><span class='ocrx_word' id='word_1_185' title='bbox 1885 1513 2008 1566; x_wconf 92' lang='lat' dir='ltr'>pua</span> <span class='ocrx_word' id='word_1_186' title='bbox 2065 1499 2270 1555; x_wconf 91' lang='lat' dir='ltr'>talium</span> <span class='ocrx_word' id='word_1_187' title='bbox 2321 1518 2624 1558; x_wconf 90' lang='lat' dir='ltr'>sacrorum</span> <span class='ocrx_word' id='word_1_188' title='bbox 2674 1519 2818 1557; x_wconf 90' lang='lat' dir='ltr'>cura</span> <span class='ocrx_word' id='word_1_189' title='bbox 2877 1501 3218 1556; x_wconf 87' lang='lat' dir='ltr'>ministeriis</span> <span class='ocrx_word' id='word_1_190' title='bbox 3267 1499 3388 1554; x_wconf 81' lang='lat' dir='ltr'>suis</span> <span class='ocrx_word' id='word_1_191' title='bbox 3436 1511 3540 1568; x_wconf 90' lang='lat' dir='ltr'>per</span> 
     </span>
    </p>
   </div>
   <div class='ocr_carea' id='block_1_33' title="bbox 1885 1587 3541 1660">
    <p class='ocr_par' dir='ltr' id='par_1_33' title="bbox 1885 1587 3541 1660">
     <span class='ocr_line' id='line_1_33' title="bbox 1885 1587 3541 1660; baseline -0.002 -18"><span class='ocrx_word' id='word_1_192' title='bbox 1885 1587 2192 1655; x_wconf 87' lang='lat' dir='ltr'>egregium</span> <span class='ocrx_word' id='word_1_193' title='bbox 2215 1605 2402 1645; x_wconf 66' lang='lat' dir='ltr'>sacrm</span> <span class='ocrx_word' id='word_1_194' title='bbox 2427 1590 2726 1660; x_wconf 89' lang='lat' dir='ltr'>religionis</span> <span class='ocrx_word' id='word_1_195' title='bbox 2747 1591 2969 1646; x_wconf 91' lang='lat' dir='ltr'>cultum</span> <span class='ocrx_word' id='word_1_196' title='bbox 3002 1591 3352 1658; x_wconf 86' lang='lat' dir='ltr'>funguntur,</span> <span class='ocrx_word' id='word_1_197' title='bbox 3375 1587 3541 1641; x_wconf 86' lang='lat' dir='ltr'>labo-</span> 
     </span>
    </p>
   </div>
   <div class='ocr_carea' id='block_1_34' title="bbox 1886 1677 3541 1750">
    <p class='ocr_par' dir='ltr' id='par_1_34' title="bbox 1886 1677 3541 1750">
     <span class='ocr_line' id='line_1_34' title="bbox 1886 1677 3541 1750; baseline -0.001 -22"><span class='ocrx_word' id='word_1_198' title='bbox 1886 1690 2020 1730; x_wconf 89' lang='lat' dir='ltr'>rum</span> <span class='ocrx_word' id='word_1_199' title='bbox 2049 1693 2292 1733; x_wconf 90' lang='lat' dir='ltr'>suorum</span> <span class='ocrx_word' id='word_1_200' title='bbox 2321 1679 2507 1750; x_wconf 90' lang='lat' dir='ltr'>digna</span> <span class='ocrx_word' id='word_1_201' title='bbox 2530 1681 2742 1734; x_wconf 84' lang='lat' dir='ltr'>referre</span> <span class='ocrx_word' id='word_1_202' title='bbox 2772 1681 3042 1749; x_wconf 73' lang='lat' dir='ltr'>praemia.</span> <span class='ocrx_word' id='word_1_203' title='bbox 3073 1680 3262 1743; x_wconf 84' lang='lat' dir='ltr'>Quam</span> <span class='ocrx_word' id='word_1_204' title='bbox 3294 1677 3374 1730; x_wconf 91' lang='lat' dir='ltr'>ob</span> <span class='ocrx_word' id='word_1_205' title='bbox 3403 1690 3541 1728; x_wconf 89' lang='lat' dir='ltr'>cau-</span> 
     </span>
    </p>
   </div>
   <div class='ocr_carea' id='block_1_35' title="bbox 169 1762 1782 1838">
    <p class='ocr_par' dir='ltr' id='par_1_35' title="bbox 169 1762 1774 1838">
     <span class='ocr_line' id='line_1_35' title="bbox 169 1762 1774 1838; baseline 0.002 -24"><span class='ocrx_word' id='word_1_206' title='bbox 169 1783 292 1830; x_wconf 87' lang='grc' dir='ltr'><strong>τας,</strong></span> <span class='ocrx_word' id='word_1_207' title='bbox 338 1772 436 1814; x_wconf 90' lang='grc' dir='ltr'>τῶν</span> <span class='ocrx_word' id='word_1_208' title='bbox 490 1767 737 1836; x_wconf 87' lang='grc' dir='ltr'><strong>καμάτων</strong></span> <span class='ocrx_word' id='word_1_209' title='bbox 762 1774 860 1816; x_wconf 91' lang='grc' dir='ltr'>τῶν</span> <span class='ocrx_word' id='word_1_210' title='bbox 901 1762 1050 1817; x_wconf 72' lang='grc' dir='ltr'><strong>ἰδίων</strong></span> <span class='ocrx_word' id='word_1_211' title='bbox 1080 1769 1146 1817; x_wconf 79' lang='grc' dir='ltr'><strong>τὰ</strong></span> <span class='ocrx_word' id='word_1_212' title='bbox 1177 1766 1371 1818; x_wconf 78' lang='grc' dir='ltr'><strong>ἐπαθλα</strong></span> <span class='ocrx_word' id='word_1_213' title='bbox 1428 1769 1774 1838; x_wconf 83' lang='grc' dir='ltr'><strong>κομίσασθαι.</strong></span> 
     </span>
    </p>
   </div>
   <div class='ocr_carea' id='block_1_36' title="bbox 1893 1762 3540 1838">
    <p class='ocr_par' dir='ltr' id='par_1_36' title="bbox 1893 1763 3540 1838">
     <span class='ocr_line' id='line_1_36' title="bbox 1893 1763 3540 1838; baseline -0.001 -21"><span class='ocrx_word' id='word_1_214' title='bbox 1893 1780 2017 1818; x_wconf 88' lang='lat' dir='ltr'>sam</span> <span class='ocrx_word' id='word_1_215' title='bbox 2039 1765 2144 1836; x_wconf 89' lang='lat' dir='ltr'>qui</span> <span class='ocrx_word' id='word_1_216' title='bbox 2185 1767 2337 1822; x_wconf 91' lang='lat' dir='ltr'>intra</span> <span class='ocrx_word' id='word_1_217' title='bbox 2361 1769 2727 1838; x_wconf 86' lang='lat' dir='ltr'>provinciam</span> <span class='ocrx_word' id='word_1_218' title='bbox 2756 1769 2857 1823; x_wconf 87' lang='lat' dir='ltr'>tibi</span> <span class='ocrx_word' id='word_1_219' title='bbox 2878 1768 3164 1823; x_wconf 88' lang='lat' dir='ltr'>creditam</span> <span class='ocrx_word' id='word_1_220' title='bbox 3202 1766 3256 1820; x_wconf 91' lang='lat' dir='ltr'>in</span> <span class='ocrx_word' id='word_1_221' title='bbox 3281 1763 3540 1820; x_wconf 89' lang='lat' dir='ltr'>Ecclesia</span> 
     </span>
    </p>
   </div>
   <div class='ocr_carea' id='block_1_37' title="bbox 169 1853 1779 1928">
    <p class='ocr_par' dir='ltr' id='par_1_37' title="bbox 169 1853 1779 1928">
     <span class='ocr_line' id='line_1_37' title="bbox 169 1853 1779 1928; baseline 0 -23"><span class='ocrx_word' id='word_1_222' title='bbox 169 1857 362 1925; x_wconf 79' lang='grc' dir='ltr'><strong>Διόπερ</strong></span> <span class='ocrx_word' id='word_1_223' title='bbox 439 1853 660 1916; x_wconf 80' lang='grc' dir='ltr'><strong>ἐκείνους</strong></span> <span class='ocrx_word' id='word_1_224' title='bbox 716 1859 833 1914; x_wconf 81' lang='grc' dir='ltr'><strong>τοὺς</strong></span> <span class='ocrx_word' id='word_1_225' title='bbox 891 1858 1014 1906; x_wconf 81' lang='grc' dir='ltr'><strong>εἵσω</strong></span> <span class='ocrx_word' id='word_1_226' title='bbox 1067 1863 1160 1917; x_wconf 88' lang='grc' dir='ltr'>τῆς</span> <span class='ocrx_word' id='word_1_227' title='bbox 1234 1855 1496 1928; x_wconf 75' lang='grc' dir='ltr'><strong>ἐπαρχίας</strong></span> <span class='ocrx_word' id='word_1_228' title='bbox 1552 1864 1645 1915; x_wconf 84' lang='grc' dir='ltr'>τῆς</span> <span class='ocrx_word' id='word_1_229' title='bbox 1695 1874 1779 1906; x_wconf 90' lang='grc' dir='ltr'>σοι</span> 
     </span>
    </p>
   </div>
   <div class='ocr_carea' id='block_1_38' title="bbox 173 1941 1779 2016">
    <p class='ocr_par' dir='ltr' id='par_1_38' title="bbox 173 1941 1779 2016">
     <span class='ocr_line' id='line_1_38' title="bbox 173 1941 1779 2016; baseline 0.001 -24"><span class='ocrx_word' id='word_1_230' title='bbox 173 1947 594 2013; x_wconf 87' lang='grc' dir='ltr'><strong>πεπιστευμένης</strong></span> <span class='ocrx_word' id='word_1_231' title='bbox 647 1945 698 1993; x_wconf 83' lang='grc' dir='ltr'>ἐν</span> <span class='ocrx_word' id='word_1_232' title='bbox 750 1951 812 2016; x_wconf 79' lang='grc' dir='ltr'>τῆ</span> <span class='ocrx_word' id='word_1_233' title='bbox 881 1944 1129 2015; x_wconf 77' lang='grc' dir='ltr'><strong>καθολικῇ</strong></span> <span class='ocrx_word' id='word_1_234' title='bbox 1201 1944 1486 2016; x_wconf 78' lang='grc' dir='ltr'><strong>Ἐκκλησία</strong></span> <span class='ocrx_word' id='word_1_235' title='bbox 1635 1950 1779 1996; x_wconf 79' lang='grc' dir='ltr'><strong>Κεκι-</strong></span> 
     </span>
    </p>
   </div>
   <div class='ocr_carea' id='block_1_39' title="bbox 167 2029 1780 2107">
    <p class='ocr_par' dir='ltr' id='par_1_39' title="bbox 167 2029 1780 2107">
     <span class='ocr_line' id='line_1_39' title="bbox 167 2029 1780 2107; baseline 0 -25"><span class='ocrx_word' id='word_1_236' title='bbox 167 2029 353 2092; x_wconf 87' lang='grc' dir='ltr'><strong>λιανός</strong></span> <span class='ocrx_word' id='word_1_237' title='bbox 407 2031 673 2102; x_wconf 74' lang='grc' dir='ltr'><strong>ἐφέστηκε,</strong></span> <span class='ocrx_word' id='word_1_238' title='bbox 734 2038 825 2090; x_wconf 82' lang='grc' dir='ltr'><strong>τὴν</strong></span> <span class='ocrx_word' id='word_1_239' title='bbox 875 2033 926 2095; x_wconf 82' lang='grc' dir='ltr'>ἐξ</span> <span class='ocrx_word' id='word_1_240' title='bbox 975 2033 1142 2084; x_wconf 69' lang='grc' dir='ltr'><strong>αὐτῶν</strong></span> <span class='ocrx_word' id='word_1_241' title='bbox 1181 2035 1472 2107; x_wconf 79' lang='grc' dir='ltr'><strong>ὑπηρεσίαν</strong></span> <span class='ocrx_word' id='word_1_242' title='bbox 1512 2041 1573 2104; x_wconf 78' lang='grc' dir='ltr'>τῇ</span> <span class='ocrx_word' id='word_1_243' title='bbox 1621 2033 1780 2103; x_wconf 75' lang='grc' dir='ltr'><strong>ἁγιω-</strong></span> 
     </span>
    </p>
   </div>
   <div class='ocr_carea' id='block_1_40' title="bbox 170 2121 1779 2194">
    <p class='ocr_par' dir='ltr' id='par_1_40' title="bbox 170 2121 1779 2194">
     <span class='ocr_line' id='line_1_40' title="bbox 170 2121 1779 2194; baseline 0.001 -24"><span class='ocrx_word' id='word_1_244' title='bbox 170 2121 308 2191; x_wconf 78' lang='grc' dir='ltr'><strong>τάτη</strong></span> <span class='ocrx_word' id='word_1_245' title='bbox 367 2122 624 2193; x_wconf 81' lang='grc' dir='ltr'><strong>θρησκείᾳ</strong></span> <span class='ocrx_word' id='word_1_246' title='bbox 676 2126 1028 2194; x_wconf 82' lang='grc' dir='ltr'><strong>παρέχοντας,</strong></span> <span class='ocrx_word' id='word_1_247' title='bbox 1085 2122 1279 2193; x_wconf 77' lang='grc' dir='ltr'><strong>οὕσπερ</strong></span> <span class='ocrx_word' id='word_1_248' title='bbox 1336 2122 1610 2193; x_wconf 80' lang='grc' dir='ltr'><strong>κληρικοὺς</strong></span> <span class='ocrx_word' id='word_1_249' title='bbox 1663 2121 1779 2172; x_wconf 81' lang='grc' dir='ltr'><strong>ἐπο-</strong></span> 
     </span>
    </p>
   </div>
   <div class='ocr_carea' id='block_1_41' title="bbox 173 2209 1778 2280">
    <p class='ocr_par' dir='ltr' id='par_1_41' title="bbox 173 2209 1778 2280">
     <span class='ocr_line' id='line_1_41' title="bbox 173 2209 1778 2280; baseline 0.001 -21"><span class='ocrx_word' id='word_1_250' title='bbox 173 2210 426 2280; x_wconf 77' lang='grc' dir='ltr'><strong>νομάζειν</strong></span> <span class='ocrx_word' id='word_1_251' title='bbox 501 2209 768 2274; x_wconf 82' lang='grc' dir='ltr'><strong>εἰώθασιν,</strong></span> <span class='ocrx_word' id='word_1_252' title='bbox 847 2209 946 2262; x_wconf 82' lang='grc' dir='ltr'>ἀπὸ</span> <span class='ocrx_word' id='word_1_253' title='bbox 1039 2220 1220 2262; x_wconf 86' lang='grc' dir='ltr'><strong>πασῶν</strong></span> <span class='ocrx_word' id='word_1_254' title='bbox 1297 2211 1609 2274; x_wconf 80' lang='grc' dir='ltr'><strong>ἁπαξαπλῶς</strong></span> <span class='ocrx_word' id='word_1_255' title='bbox 1681 2218 1778 2261; x_wconf 86' lang='grc' dir='ltr'>τῶν</span> 
     </span>
    </p>
   </div>
   <div class='ocr_carea' id='block_1_42' title="bbox 171 2297 1777 2372">
    <p class='ocr_par' dir='ltr' id='par_1_42' title="bbox 171 2297 1777 2372">
     <span class='ocr_line' id='line_1_42' title="bbox 171 2297 1777 2372; baseline 0 -23"><span class='ocrx_word' id='word_1_256' title='bbox 171 2297 514 2368; x_wconf 87' lang='grc' dir='ltr'><strong>λειτουργιῶν</strong></span> <span class='ocrx_word' id='word_1_257' title='bbox 592 2297 865 2371; x_wconf 78' lang='grc' dir='ltr'><strong>βούλομαι,</strong></span> <span class='ocrx_word' id='word_1_258' title='bbox 923 2299 1349 2372; x_wconf 79' lang='grc' dir='ltr'><strong>ἀλειτουργήτους</strong></span> <span class='ocrx_word' id='word_1_259' title='bbox 1405 2297 1777 2371; x_wconf 64' lang='grc' dir='ltr'><strong>διαφυλαχθῆο</strong></span> 
     </span>
    </p>
   </div>
   <div class='ocr_carea' id='block_1_43' title="bbox 171 2388 1782 2458">
    <p class='ocr_par' dir='ltr' id='par_1_43' title="bbox 171 2388 1782 2458">
     <span class='ocr_line' id='line_1_43' title="bbox 171 2388 1782 2458; baseline 0 -21"><span class='ocrx_word' id='word_1_260' title='bbox 171 2407 284 2449; x_wconf 88' lang='grc' dir='ltr'><strong>ναι,</strong></span> <span class='ocrx_word' id='word_1_261' title='bbox 347 2388 480 2448; x_wconf 83' lang='grc' dir='ltr'><strong>ὅπως</strong></span> <span class='ocrx_word' id='word_1_262' title='bbox 539 2393 611 2458; x_wconf 80' lang='grc' dir='ltr'><strong>μὴ</strong></span> <span class='ocrx_word' id='word_1_263' title='bbox 680 2390 779 2440; x_wconf 76' lang='grc' dir='ltr'><strong>ὑπό</strong></span> <span class='ocrx_word' id='word_1_264' title='bbox 853 2409 990 2450; x_wconf 91' lang='grc' dir='ltr'><strong>τινος</strong></span> <span class='ocrx_word' id='word_1_265' title='bbox 1063 2389 1255 2448; x_wconf 88' lang='grc' dir='ltr'><strong>πλάνης</strong></span> <span class='ocrx_word' id='word_1_266' title='bbox 1319 2389 1346 2446; x_wconf 76' lang='grc' dir='ltr'><em>ἦ</em></span> <span class='ocrx_word' id='word_1_267' title='bbox 1408 2388 1782 2450; x_wconf 82' lang='grc' dir='ltr'><strong>ἐξολισθήσεως</strong></span> 
     </span>
    </p>
   </div>
   <div class='ocr_carea' id='block_1_44' title="bbox 174 2474 1777 2550">
    <p class='ocr_par' dir='ltr' id='par_1_44' title="bbox 174 2474 1777 2550">
     <span class='ocr_line' id='line_1_44' title="bbox 174 2474 1777 2550; baseline 0.001 -24"><span class='ocrx_word' id='word_1_268' title='bbox 174 2475 452 2548; x_wconf 77' lang='grc' dir='ltr'><strong>ἱεροσύλου</strong></span> <span class='ocrx_word' id='word_1_269' title='bbox 501 2475 600 2528; x_wconf 79' lang='grc' dir='ltr'>ἀπὸ</span> <span class='ocrx_word' id='word_1_270' title='bbox 657 2487 754 2538; x_wconf 87' lang='grc' dir='ltr'>τῆς</span> <span class='ocrx_word' id='word_1_271' title='bbox 805 2480 1078 2550; x_wconf 88' lang='grc' dir='ltr'><strong>θεραπείας</strong></span> <span class='ocrx_word' id='word_1_272' title='bbox 1131 2487 1225 2537; x_wconf 90' lang='grc' dir='ltr'>τῆς</span> <span class='ocrx_word' id='word_1_273' title='bbox 1269 2474 1330 2549; x_wconf 72' lang='grc' dir='ltr'><strong>τῇ</strong></span> <span class='ocrx_word' id='word_1_274' title='bbox 1381 2478 1613 2549; x_wconf 77' lang='grc' dir='ltr'><strong>θειοτάτη</strong></span> <span class='ocrx_word' id='word_1_275' title='bbox 1649 2476 1777 2547; x_wconf 81' lang='grc' dir='ltr'><strong>ὀφεί-</strong></span> 
     </span>
    </p>
   </div>
   <div class='ocr_carea' id='block_1_45' title="bbox 170 2563 1784 2637">
    <p class='ocr_par' dir='ltr' id='par_1_45' title="bbox 170 2563 1784 2637">
     <span class='ocr_line' id='line_1_45' title="bbox 170 2563 1784 2637; baseline 0.001 -21"><span class='ocrx_word' id='word_1_276' title='bbox 170 2563 398 2634; x_wconf 80' lang='grc' dir='ltr'><strong>λομένης</strong></span> <span class='ocrx_word' id='word_1_277' title='bbox 475 2563 806 2636; x_wconf 73' lang='grc' dir='ltr'><strong>ἀφέλκωνται.</strong></span> <span class='ocrx_word' id='word_1_278' title='bbox 885 2566 1044 2619; x_wconf 85' lang='grc' dir='ltr'><strong>Ἀλλὰ</strong></span> <span class='ocrx_word' id='word_1_279' title='bbox 1122 2566 1312 2637; x_wconf 83' lang='grc' dir='ltr'><strong>μᾶλλον</strong></span> <span class='ocrx_word' id='word_1_280' title='bbox 1377 2567 1496 2617; x_wconf 86' lang='grc' dir='ltr'><strong>οἶνευ</strong></span> <span class='ocrx_word' id='word_1_281' title='bbox 1563 2565 1653 2616; x_wconf 74' lang='grc' dir='ltr'><strong>τιν’</strong></span> <span class='ocrx_word' id='word_1_282' title='bbox 1711 2567 1784 2628; x_wconf 81' lang='grc' dir='ltr'>ὰς·</span> 
     </span>
    </p>
   </div>
   <div class='ocr_carea' id='block_1_46' title="bbox 173 2651 1779 2727">
    <p class='ocr_par' dir='ltr' id='par_1_46' title="bbox 173 2651 1779 2727">
     <span class='ocr_line' id='line_1_46' title="bbox 173 2651 1779 2727; baseline 0 -22"><span class='ocrx_word' id='word_1_283' title='bbox 173 2653 509 2724; x_wconf 75' lang='grc' dir='ltr'><strong>ἐνοχλήσεως</strong></span> <span class='ocrx_word' id='word_1_284' title='bbox 582 2663 653 2724; x_wconf 84' lang='grc' dir='ltr'><strong>τῷ</strong></span> <span class='ocrx_word' id='word_1_285' title='bbox 715 2651 834 2726; x_wconf 77' lang='grc' dir='ltr'><strong>ἰδίῳ</strong></span> <span class='ocrx_word' id='word_1_286' title='bbox 885 2659 1025 2726; x_wconf 85' lang='grc' dir='ltr'><strong>νόμῳ</strong></span> <span class='ocrx_word' id='word_1_287' title='bbox 1090 2654 1501 2727; x_wconf 75' lang='grc' dir='ltr'><strong>ἐξυπηρετῶνται</strong></span> <span class='ocrx_word' id='word_1_288' title='bbox 1551 2671 1563 2684; x_wconf 89' lang='grc'><strong>·</strong></span> <span class='ocrx_word' id='word_1_289' title='bbox 1616 2654 1779 2725; x_wconf 86' lang='grc' dir='ltr'><strong>ὧνπερ</strong></span> 
     </span>
    </p>
   </div>
   <div class='ocr_carea' id='block_1_47' title="bbox 171 2742 1783 2815">
    <p class='ocr_par' dir='ltr' id='par_1_47' title="bbox 171 2742 1783 2815">
     <span class='ocr_line' id='line_1_47' title="bbox 171 2742 1783 2815; baseline -0.001 -21"><span class='ocrx_word' id='word_1_290' title='bbox 171 2749 435 2815; x_wconf 85' lang='grc' dir='ltr'><strong>μεγίστην</strong></span> <span class='ocrx_word' id='word_1_291' title='bbox 488 2743 727 2815; x_wconf 88' lang='grc' dir='ltr'><strong>λατρείαν</strong></span> <span class='ocrx_word' id='word_1_292' title='bbox 772 2749 891 2814; x_wconf 85' lang='grc' dir='ltr'>περὶ</span> <span class='ocrx_word' id='word_1_293' title='bbox 949 2749 1006 2796; x_wconf 87' lang='grc' dir='ltr'><strong>τὸ</strong></span> <span class='ocrx_word' id='word_1_294' title='bbox 1067 2747 1198 2797; x_wconf 83' lang='grc' dir='ltr'><strong>θεῖον</strong></span> <span class='ocrx_word' id='word_1_295' title='bbox 1253 2747 1592 2815; x_wconf 82' lang='grc' dir='ltr'><strong>ποιουμένων,</strong></span> <span class='ocrx_word' id='word_1_296' title='bbox 1648 2742 1783 2793; x_wconf 87' lang='grc' dir='ltr'><strong>πλεῖ-</strong></span> 
     </span>
    </p>
   </div>
   <div class='ocr_carea' id='block_1_48' title="bbox 175 2829 1779 2904">
    <p class='ocr_par' dir='ltr' id='par_1_48' title="bbox 175 2829 1779 2904">
     <span class='ocr_line' id='line_1_48' title="bbox 175 2829 1779 2904; baseline -0.002 -19"><span class='ocrx_word' id='word_1_297' title='bbox 175 2851 305 2885; x_wconf 90' lang='grc' dir='ltr'><strong>στον</strong></span> <span class='ocrx_word' id='word_1_298' title='bbox 371 2834 491 2884; x_wconf 85' lang='grc' dir='ltr'><strong>ὅσον</strong></span> <span class='ocrx_word' id='word_1_299' title='bbox 547 2840 653 2892; x_wconf 85' lang='grc' dir='ltr'><strong>τοῖς</strong></span> <span class='ocrx_word' id='word_1_300' title='bbox 708 2841 895 2892; x_wconf 85' lang='grc' dir='ltr'><strong>κοινοῖς</strong></span> <span class='ocrx_word' id='word_1_301' title='bbox 960 2836 1238 2904; x_wconf 85' lang='grc' dir='ltr'><strong>πράγμασι</strong></span> <span class='ocrx_word' id='word_1_302' title='bbox 1299 2838 1557 2884; x_wconf 86' lang='grc' dir='ltr'><strong>συνοίσειν</strong></span> <span class='ocrx_word' id='word_1_303' title='bbox 1616 2829 1779 2883; x_wconf 77' lang='grc' dir='ltr'><strong>δοκεῖ.</strong></span> 
     </span>
    </p>
   </div>
   <div class='ocr_carea' id='block_1_49' title="bbox 172 2922 1782 2996">
    <p class='ocr_par' dir='ltr' id='par_1_49' title="bbox 172 2922 1782 2996">
     <span class='ocr_line' id='line_1_49' title="bbox 172 2922 1782 2996; baseline -0.001 -22"><span class='ocrx_word' id='word_1_304' title='bbox 172 2922 438 2996; x_wconf 72' lang='grc' dir='ltr'><strong>Ἐρρωσο,</strong></span> <span class='ocrx_word' id='word_1_305' title='bbox 488 2922 715 2975; x_wconf 84' lang='grc' dir='ltr'><strong>Ἀνυλῖνε</strong></span> <span class='ocrx_word' id='word_1_306' title='bbox 755 2923 1038 2994; x_wconf 65' lang='grc' dir='ltr'><strong>τιμιώτατε</strong></span> <span class='ocrx_word' id='word_1_307' title='bbox 1075 2929 1165 2974; x_wconf 78' lang='grc' dir='ltr'><strong>καὶ</strong></span> <span class='ocrx_word' id='word_1_308' title='bbox 1212 2924 1541 2974; x_wconf 88' lang='grc' dir='ltr'><strong>ποθεινότατε</strong></span> <span class='ocrx_word' id='word_1_309' title='bbox 1577 2924 1725 2992; x_wconf 75' lang='grc' dir='ltr'><strong>ἡμῖν,</strong></span> <span class='ocrx_word' id='word_1_310' title='bbox 1754 2942 1782 2972; x_wconf 86' lang='grc'><strong>››</strong></span> 
     </span>
    </p>
   </div>
   <div class='ocr_carea' id='block_1_50' title="bbox 169 3008 1786 3086">
    <p class='ocr_par' dir='ltr' id='par_1_50' title="bbox 169 3008 1786 3086">
     <span class='ocr_line' id='line_1_50' title="bbox 169 3008 1786 3086; baseline 0 -24"><span class='ocrx_word' id='word_1_311' title='bbox 169 3011 296 3063; x_wconf 77' lang='grc' dir='ltr'><strong>Ἐτι</strong></span> <span class='ocrx_word' id='word_1_312' title='bbox 347 3017 437 3063; x_wconf 85' lang='grc' dir='ltr'>καὶ</span> <span class='ocrx_word' id='word_1_313' title='bbox 475 3014 725 3085; x_wconf 82' lang='grc' dir='ltr'><strong>τετάρτην</strong></span> <span class='ocrx_word' id='word_1_314' title='bbox 786 3008 1027 3073; x_wconf 77' lang='grc' dir='ltr'><strong>διάταξιν</strong></span> <span class='ocrx_word' id='word_1_315' title='bbox 1073 3013 1282 3086; x_wconf 76' lang='grc' dir='ltr'><strong>γράφει,</strong></span> <span class='ocrx_word' id='word_1_316' title='bbox 1321 3009 1393 3063; x_wconf 83' lang='grc' dir='ltr'>δι’</span> <span class='ocrx_word' id='word_1_317' title='bbox 1431 3011 1494 3070; x_wconf 74' lang='grc' dir='ltr'><strong>ἧς</strong></span> <span class='ocrx_word' id='word_1_318' title='bbox 1532 3016 1786 3080; x_wconf 86' lang='grc' dir='ltr'><strong>χρήματα</strong></span> 
     </span>
    </p>
   </div>
   <div class='ocr_carea' id='block_1_51' title="bbox 173 3098 697 3160">
    <p class='ocr_par' dir='ltr' id='par_1_51' title="bbox 173 3098 697 3160">
     <span class='ocr_line' id='line_1_51' title="bbox 173 3098 697 3160; baseline -0.004 -8"><span class='ocrx_word' id='word_1_319' title='bbox 173 3106 292 3160; x_wconf 88' lang='grc' dir='ltr'><strong>ταῖς</strong></span> <span class='ocrx_word' id='word_1_320' title='bbox 391 3098 543 3157; x_wconf 80' lang='grc' dir='ltr'><strong>ἐκκλη</strong></span> <span class='ocrx_word' id='word_1_321' title='bbox 556 3105 697 3160; x_wconf 90' lang='grc' dir='ltr'><strong>σίαις</strong></span> 
     </span>
    </p>
   </div>
   <div class='ocr_carea' id='block_1_52' title="bbox 789 3095 1427 3172">
    <p class='ocr_par' dir='ltr' id='par_1_52' title="bbox 789 3095 1427 3172">
     <span class='ocr_line' id='line_1_52' title="bbox 789 3095 1427 3172; baseline -0.005 -20"><span class='ocrx_word' id='word_1_322' title='bbox 789 3095 1052 3172; x_wconf 83' lang='grc' dir='ltr'><strong>δωρεῖται,</strong></span> <span class='ocrx_word' id='word_1_323' title='bbox 1142 3099 1427 3169; x_wconf 78' lang='grc' dir='ltr'><strong>Κεκιλιανῷ</strong></span> 
     </span>
    </p>
   </div>
   <div class='ocr_carea' id='block_1_53' title="bbox 172 3189 1785 3261">
    <p class='ocr_par' dir='ltr' id='par_1_53' title="bbox 172 3189 1785 3261">
     <span class='ocr_line' id='line_1_53' title="bbox 172 3189 1785 3261; baseline -0.001 -21"><span class='ocrx_word' id='word_1_324' title='bbox 172 3189 523 3261; x_wconf 83' lang='grc' dir='ltr'><strong>Καρθαγένης</strong></span> <span class='ocrx_word' id='word_1_325' title='bbox 593 3191 786 3242; x_wconf 69' lang='grc' dir='ltr'><strong>οὑτωσὶ</strong></span> <span class='ocrx_word' id='word_1_326' title='bbox 857 3189 1164 3241; x_wconf 74' lang='grc' dir='ltr'><strong>ἐπιστέλλων</strong></span> <span class='ocrx_word' id='word_1_327' title='bbox 1193 3209 1205 3221; x_wconf 87' lang='grc'>·</span> <span class='ocrx_word' id='word_1_328' title='bbox 1285 3208 1314 3239; x_wconf 83' lang='grc' dir='ltr'>ιι</span> <span class='ocrx_word' id='word_1_329' title='bbox 1401 3195 1785 3249; x_wconf 82' lang='grc' dir='ltr'><strong>Κωνσταντίνος</strong></span> 
     </span>
    </p>
   </div>
   <div class='ocr_carea' id='block_1_54' title="bbox 176 3275 1782 3351">
    <p class='ocr_par' dir='ltr' id='par_1_54' title="bbox 176 3275 1782 3351">
     <span class='ocr_line' id='line_1_54' title="bbox 176 3275 1782 3351; baseline -0.001 -21"><span class='ocrx_word' id='word_1_330' title='bbox 176 3282 488 3350; x_wconf 75' lang='grc' dir='ltr'><strong>Αὔγουστος</strong></span> <span class='ocrx_word' id='word_1_331' title='bbox 519 3298 534 3311; x_wconf 91' lang='grc'><strong>·</strong></span> <span class='ocrx_word' id='word_1_332' title='bbox 586 3275 897 3351; x_wconf 80' lang='grc' dir='ltr'><strong>Ἐπειδήπερ</strong></span> <span class='ocrx_word' id='word_1_333' title='bbox 926 3283 1078 3350; x_wconf 79' lang='grc' dir='ltr'><strong>ἤρεσε</strong></span> <span class='ocrx_word' id='word_1_334' title='bbox 1121 3282 1255 3330; x_wconf 86' lang='grc' dir='ltr'>κατὰ</span> <span class='ocrx_word' id='word_1_335' title='bbox 1297 3280 1470 3340; x_wconf 87' lang='grc' dir='ltr'><strong>πάσας</strong></span> <span class='ocrx_word' id='word_1_336' title='bbox 1499 3280 1782 3351; x_wconf 85' lang='grc' dir='ltr'><strong>ἐπαρχίας,</strong></span> 
     </span>
    </p>
   </div>
   <div class='ocr_carea' id='block_1_55' title="bbox 174 3365 1787 3442">
    <p class='ocr_par' dir='ltr' id='par_1_55' title="bbox 174 3365 1787 3442">
     <span class='ocr_line' id='line_1_55' title="bbox 174 3365 1787 3442; baseline -0.001 -23"><span class='ocrx_word' id='word_1_337' title='bbox 174 3368 277 3428; x_wconf 86' lang='grc' dir='ltr'>τάς</span> <span class='ocrx_word' id='word_1_338' title='bbox 323 3386 378 3419; x_wconf 89' lang='grc' dir='ltr'>τε</span> <span class='ocrx_word' id='word_1_339' title='bbox 429 3369 681 3442; x_wconf 76' lang='grc' dir='ltr'><strong>Ἀφρικὰς</strong></span> <span class='ocrx_word' id='word_1_340' title='bbox 723 3373 814 3420; x_wconf 81' lang='grc' dir='ltr'>καὶ</span> <span class='ocrx_word' id='word_1_341' title='bbox 865 3369 959 3428; x_wconf 80' lang='grc' dir='ltr'><strong>τὰς</strong></span> <span class='ocrx_word' id='word_1_342' title='bbox 1006 3365 1299 3439; x_wconf 72' lang='grc' dir='ltr'><strong>Νουμιδίας</strong></span> <span class='ocrx_word' id='word_1_343' title='bbox 1347 3373 1433 3419; x_wconf 78' lang='grc' dir='ltr'>καί</span> <span class='ocrx_word' id='word_1_344' title='bbox 1486 3370 1578 3428; x_wconf 81' lang='grc' dir='ltr'>τὰς</span> <span class='ocrx_word' id='word_1_345' title='bbox 1641 3373 1787 3420; x_wconf 79' lang='grc' dir='ltr'><strong>Μαυ-</strong></span> 
     </span>
    </p>
   </div>
   <div class='ocr_carea' id='block_1_56' title="bbox 175 3457 1786 3531">
    <p class='ocr_par' dir='ltr' id='par_1_56' title="bbox 175 3457 1786 3531">
     <span class='ocr_line' id='line_1_56' title="bbox 175 3457 1786 3531; baseline -0.001 -24"><span class='ocrx_word' id='word_1_346' title='bbox 175 3460 437 3531; x_wconf 88' lang='grc' dir='ltr'><strong>ριτανίας,</strong></span> <span class='ocrx_word' id='word_1_347' title='bbox 479 3457 656 3531; x_wconf 82' lang='grc' dir='ltr'><strong>ῥητοῖς</strong></span> <span class='ocrx_word' id='word_1_348' title='bbox 716 3476 826 3508; x_wconf 90' lang='grc' dir='ltr'><strong>τισι</strong></span> <span class='ocrx_word' id='word_1_349' title='bbox 879 3465 978 3508; x_wconf 90' lang='grc' dir='ltr'>τῶν</span> <span class='ocrx_word' id='word_1_350' title='bbox 1045 3459 1310 3527; x_wconf 79' lang='grc' dir='ltr'><strong>ὑπηρενῶν</strong></span> <span class='ocrx_word' id='word_1_351' title='bbox 1382 3464 1476 3519; x_wconf 91' lang='grc' dir='ltr'>τῆς</span> <span class='ocrx_word' id='word_1_352' title='bbox 1537 3457 1786 3527; x_wconf 78' lang='grc' dir='ltr'><strong>ἐνθέσμου</strong></span> 
     </span>
    </p>
   </div>
   <div class='ocr_carea' id='block_1_57' title="bbox 176 3544 1788 3616">
    <p class='ocr_par' dir='ltr' id='par_1_57' title="bbox 176 3544 1788 3616">
     <span class='ocr_line' id='line_1_57' title="bbox 176 3544 1788 3616; baseline -0.001 -20"><span class='ocrx_word' id='word_1_353' title='bbox 176 3550 272 3596; x_wconf 82' lang='grc' dir='ltr'><strong>καὶ</strong></span> <span class='ocrx_word' id='word_1_354' title='bbox 329 3544 623 3616; x_wconf 76' lang='grc' dir='ltr'><strong>ἁγιωτάτης</strong></span> <span class='ocrx_word' id='word_1_355' title='bbox 664 3545 942 3604; x_wconf 87' lang='grc' dir='ltr'><strong>καθολικῆς</strong></span> <span class='ocrx_word' id='word_1_356' title='bbox 1009 3548 1291 3615; x_wconf 88' lang='grc' dir='ltr'><strong>θρησκείας</strong></span> <span class='ocrx_word' id='word_1_357' title='bbox 1345 3546 1417 3606; x_wconf 82' lang='grc' dir='ltr'>εἰς</span> <span class='ocrx_word' id='word_1_358' title='bbox 1475 3545 1788 3615; x_wconf 78' lang='grc' dir='ltr'><strong>ἀναλώματα</strong></span> 
     </span>
    </p>
   </div>
   <div class='ocr_carea' id='block_1_58' title="bbox 177 3630 1786 3706">
    <p class='ocr_par' dir='ltr' id='par_1_58' title="bbox 177 3630 1786 3706">
     <span class='ocr_line' id='line_1_58' title="bbox 177 3630 1786 3706; baseline -0.001 -21"><span class='ocrx_word' id='word_1_359' title='bbox 177 3632 644 3705; x_wconf 75' lang='grc' dir='ltr'><strong>ὶπιχορηγηθῆναί</strong></span> <span class='ocrx_word' id='word_1_360' title='bbox 699 3654 766 3695; x_wconf 86' lang='grc' dir='ltr'>τι,</span> <span class='ocrx_word' id='word_1_361' title='bbox 816 3631 990 3686; x_wconf 68' lang='grc' dir='ltr'><strong>ἔδωκα</strong></span> <span class='ocrx_word' id='word_1_362' title='bbox 1057 3636 1337 3706; x_wconf 83' lang='grc' dir='ltr'><strong>γράμματα</strong></span> <span class='ocrx_word' id='word_1_363' title='bbox 1386 3636 1518 3704; x_wconf 83' lang='grc' dir='ltr'><strong>πρὸς</strong></span> <span class='ocrx_word' id='word_1_364' title='bbox 1583 3630 1786 3702; x_wconf 76' lang='grc' dir='ltr'><strong>Οὖρσον</strong></span> 
     </span>
    </p>
   </div>
   <div class='ocr_carea' id='block_1_59' title="bbox 178 3719 1786 3794">
    <p class='ocr_par' dir='ltr' id='par_1_59' title="bbox 178 3719 1786 3794">
     <span class='ocr_line' id='line_1_59' title="bbox 178 3719 1786 3794; baseline -0.002 -20"><span class='ocrx_word' id='word_1_365' title='bbox 178 3721 458 3774; x_wconf 75' lang='grc' dir='ltr'><strong>καθολικόν</strong></span> <span class='ocrx_word' id='word_1_366' title='bbox 528 3730 620 3784; x_wconf 88' lang='grc' dir='ltr'>τῆς</span> <span class='ocrx_word' id='word_1_367' title='bbox 680 3723 932 3794; x_wconf 84' lang='grc' dir='ltr'><strong>Ἀρικῆς’</strong></span> <span class='ocrx_word' id='word_1_368' title='bbox 993 3729 1082 3774; x_wconf 78' lang='grc' dir='ltr'>καὶ</span> <span class='ocrx_word' id='word_1_369' title='bbox 1134 3719 1380 3780; x_wconf 76' lang='grc' dir='ltr'><strong>ἐδήλωσα</strong></span> <span class='ocrx_word' id='word_1_370' title='bbox 1443 3721 1583 3791; x_wconf 72' lang='grc' dir='ltr'>αὐτῴ</span> <span class='ocrx_word' id='word_1_371' title='bbox 1646 3722 1786 3782; x_wconf 83' lang='grc' dir='ltr'><strong>ὅπως</strong></span> 
     </span>
    </p>
   </div>
   <div class='ocr_carea' id='block_1_60' title="bbox 179 3811 1788 3884">
    <p class='ocr_par' dir='ltr' id='par_1_60' title="bbox 179 3811 1788 3884">
     <span class='ocr_line' id='line_1_60' title="bbox 179 3811 1788 3884; baseline -0.003 -20"><span class='ocrx_word' id='word_1_372' title='bbox 179 3811 521 3884; x_wconf 83' lang='grc' dir='ltr'><strong>τρισχιλίους</strong></span> <span class='ocrx_word' id='word_1_373' title='bbox 575 3811 770 3884; x_wconf 76' lang='grc' dir='ltr'><strong>φόλλεις</strong></span> <span class='ocrx_word' id='word_1_374' title='bbox 822 3819 881 3883; x_wconf 77' lang='grc' dir='ltr'>τῆ</span> <span class='ocrx_word' id='word_1_375' title='bbox 937 3819 1001 3882; x_wconf 77' lang='grc' dir='ltr'>σῇ</span> <span class='ocrx_word' id='word_1_376' title='bbox 1057 3811 1362 3884; x_wconf 78' lang='grc' dir='ltr'><strong>στερρότητι</strong></span> <span class='ocrx_word' id='word_1_377' title='bbox 1416 3811 1788 3880; x_wconf 69' lang='grc' dir='ltr'><strong>ἀπαριθμῆσαι</strong></span> 
     </span>
    </p>
   </div>
   <div class='ocr_carea' id='block_1_61' title="bbox 181 3895 1787 3973">
    <p class='ocr_par' dir='ltr' id='par_1_61' title="bbox 181 3895 1787 3973">
     <span class='ocr_line' id='line_1_61' title="bbox 181 3895 1787 3973; baseline -0.002 -22"><span class='ocrx_word' id='word_1_378' title='bbox 181 3906 454 3973; x_wconf 71' lang='grc' dir='ltr'><strong>φροντίσῃ.</strong></span> <span class='ocrx_word' id='word_1_379' title='bbox 517 3905 582 3952; x_wconf 80' lang='grc' dir='ltr'>Σὺ</span> <span class='ocrx_word' id='word_1_380' title='bbox 633 3906 804 3953; x_wconf 87' lang='grc' dir='ltr'><strong>τοίνυν</strong></span> <span class='ocrx_word' id='word_1_381' title='bbox 835 3903 990 3958; x_wconf 80' lang='grc' dir='ltr'><strong>ἡνίκα</strong></span> <span class='ocrx_word' id='word_1_382' title='bbox 1043 3903 1136 3957; x_wconf 84' lang='grc' dir='ltr'>τῆν</span> <span class='ocrx_word' id='word_1_383' title='bbox 1185 3895 1656 3973; x_wconf 71' lang='grc' dir='ltr'><strong>προδεδηλωμένην</strong></span> <span class='ocrx_word' id='word_1_384' title='bbox 1697 3917 1787 3948; x_wconf 83' lang='grc' dir='ltr'><strong>πο-</strong></span> 
     </span>
    </p>
   </div>
   <div class='ocr_carea' id='block_1_62' title="bbox 187 3985 1788 4063">
    <p class='ocr_par' dir='ltr' id='par_1_62' title="bbox 187 3985 1788 4063">
     <span class='ocr_line' id='line_1_62' title="bbox 187 3985 1788 4063; baseline -0.001 -23"><span class='ocrx_word' id='word_1_385' title='bbox 187 3994 385 4046; x_wconf 87' lang='grc' dir='ltr'><strong>σότητα</strong></span> <span class='ocrx_word' id='word_1_386' title='bbox 429 3998 529 4041; x_wconf 87' lang='grc' dir='ltr'>τῶν</span> <span class='ocrx_word' id='word_1_387' title='bbox 578 3991 869 4063; x_wconf 79' lang='grc' dir='ltr'><strong>χρημάτων</strong></span> <span class='ocrx_word' id='word_1_388' title='bbox 917 3985 1287 4059; x_wconf 68' lang='grc' dir='ltr'><strong>ὑποδεχθῆναι</strong></span> <span class='ocrx_word' id='word_1_389' title='bbox 1334 3993 1566 4052; x_wconf 81' lang='grc' dir='ltr'><strong>ποιησει,</strong></span> <span class='ocrx_word' id='word_1_390' title='bbox 1618 3989 1788 4038; x_wconf 89' lang='grc' dir='ltr'><strong>οἰπασι</strong></span> 
     </span>
    </p>
   </div>
   <div class='ocr_carea' id='block_1_63' title="bbox 183 4075 1788 4154">
    <p class='ocr_par' dir='ltr' id='par_1_63' title="bbox 183 4075 1788 4154">
     <span class='ocr_line' id='line_1_63' title="bbox 183 4075 1788 4154; baseline -0.002 -22"><span class='ocrx_word' id='word_1_391' title='bbox 183 4080 295 4140; x_wconf 82' lang='grc' dir='ltr'>τοὶς</span> <span class='ocrx_word' id='word_1_392' title='bbox 332 4084 722 4154; x_wconf 82' lang='grc' dir='ltr'><strong>προειρημένοις</strong></span> <span class='ocrx_word' id='word_1_393' title='bbox 783 4081 919 4130; x_wconf 80' lang='grc' dir='ltr'><strong>κατὰ</strong></span> <span class='ocrx_word' id='word_1_394' title='bbox 973 4082 1031 4130; x_wconf 91' lang='grc' dir='ltr'>τό</span> <span class='ocrx_word' id='word_1_395' title='bbox 1090 4075 1324 4151; x_wconf 75' lang='grc' dir='ltr'><strong>βρεούῑον</strong></span> <span class='ocrx_word' id='word_1_396' title='bbox 1374 4082 1502 4150; x_wconf 87' lang='grc' dir='ltr'><strong>πρὸς</strong></span> <span class='ocrx_word' id='word_1_397' title='bbox 1557 4082 1613 4129; x_wconf 77' lang='grc' dir='ltr'>σε</span> <span class='ocrx_word' id='word_1_398' title='bbox 1671 4081 1788 4150; x_wconf 81' lang='grc' dir='ltr'><strong>περὶ</strong></span> 
     </span>
    </p>
   </div>
   <div class='ocr_carea' id='block_1_64' title="bbox 181 4163 1789 4238">
    <p class='ocr_par' dir='ltr' id='par_1_64' title="bbox 181 4163 1789 4238">
     <span class='ocr_line' id='line_1_64' title="bbox 181 4163 1789 4238; baseline -0.002 -18"><span class='ocrx_word' id='word_1_399' title='bbox 181 4168 370 4220; x_wconf 85' lang='grc' dir='ltr'><strong>Ὀσίου</strong></span> <span class='ocrx_word' id='word_1_400' title='bbox 425 4168 728 4233; x_wconf 71' lang='grc' dir='ltr'><strong>ἀποσταλεν,</strong></span> <span class='ocrx_word' id='word_1_401' title='bbox 799 4176 964 4219; x_wconf 79' lang='grc' dir='ltr'><strong>ταῦτα</strong></span> <span class='ocrx_word' id='word_1_402' title='bbox 1009 4169 1075 4218; x_wconf 84' lang='grc' dir='ltr'><strong>τὰ</strong></span> <span class='ocrx_word' id='word_1_403' title='bbox 1155 4171 1414 4238; x_wconf 79' lang='grc' dir='ltr'><strong>χρήματα</strong></span> <span class='ocrx_word' id='word_1_404' title='bbox 1470 4163 1789 4224; x_wconf 73' lang='grc' dir='ltr'><strong>διαδοθῆναι</strong></span> 
     </span>
    </p>
   </div>
   <div class='ocr_carea' id='block_1_65' title="bbox 184 4254 1788 4328">
    <p class='ocr_par' dir='ltr' id='par_1_65' title="bbox 184 4254 1788 4328">
     <span class='ocr_line' id='line_1_65' title="bbox 184 4254 1788 4328; baseline -0.002 -19"><span class='ocrx_word' id='word_1_405' title='bbox 184 4257 447 4310; x_wconf 80' lang='grc' dir='ltr'><strong>κέλευσον.</strong></span> <span class='ocrx_word' id='word_1_406' title='bbox 509 4257 569 4311; x_wconf 83' lang='grc' dir='ltr'>Εἰ</span> <span class='ocrx_word' id='word_1_407' title='bbox 626 4254 676 4308; x_wconf 79' lang='grc' dir='ltr'>δ’</span> <span class='ocrx_word' id='word_1_408' title='bbox 728 4259 830 4328; x_wconf 80' lang='grc' dir='ltr'><strong>ἄρα</strong></span> <span class='ocrx_word' id='word_1_409' title='bbox 875 4259 1003 4328; x_wconf 84' lang='grc' dir='ltr'><strong>πρὸς</strong></span> <span class='ocrx_word' id='word_1_410' title='bbox 1064 4259 1120 4307; x_wconf 86' lang='grc' dir='ltr'><strong>τὸ</strong></span> <span class='ocrx_word' id='word_1_411' title='bbox 1187 4256 1636 4326; x_wconf 80' lang='grc' dir='ltr'><strong>συμπληρωθῆναί</strong></span> <span class='ocrx_word' id='word_1_412' title='bbox 1687 4275 1788 4327; x_wconf 89' lang='grc' dir='ltr'>μου</span> 
     </span>
    </p>
   </div>
   <div class='ocr_carea' id='block_1_66' title="bbox 184 4345 1787 4419">
    <p class='ocr_par' dir='ltr' id='par_1_66' title="bbox 184 4345 1787 4419">
     <span class='ocr_line' id='line_1_66' title="bbox 184 4345 1787 4419; baseline -0.003 -20"><span class='ocrx_word' id='word_1_413' title='bbox 184 4353 282 4406; x_wconf 76' lang='grc' dir='ltr'><strong>τὴν</strong></span> <span class='ocrx_word' id='word_1_414' title='bbox 332 4346 404 4408; x_wconf 85' lang='grc' dir='ltr'>εἰς</span> <span class='ocrx_word' id='word_1_415' title='bbox 472 4354 625 4398; x_wconf 79' lang='grc' dir='ltr'><strong>τοῦτο</strong></span> <span class='ocrx_word' id='word_1_416' title='bbox 674 4351 790 4418; x_wconf 84' lang='grc' dir='ltr'><strong>περὶ</strong></span> <span class='ocrx_word' id='word_1_417' title='bbox 840 4347 1075 4405; x_wconf 77' lang='grc' dir='ltr'><strong>ἅπαντας</strong></span> <span class='ocrx_word' id='word_1_418' title='bbox 1120 4345 1305 4405; x_wconf 67' lang='grc' dir='ltr'><strong>αὐτοὺς</strong></span> <span class='ocrx_word' id='word_1_419' title='bbox 1353 4350 1656 4419; x_wconf 86' lang='grc' dir='ltr'><strong>προαίρεσιν</strong></span> <span class='ocrx_word' id='word_1_420' title='bbox 1717 4345 1787 4396; x_wconf 80' lang='grc' dir='ltr'>ἐν·</span> 
     </span>
    </p>
   </div>
   <div class='ocr_carea' id='block_1_67' title="bbox 188 4431 1789 4507">
    <p class='ocr_par' dir='ltr' id='par_1_67' title="bbox 188 4431 1789 4507">
     <span class='ocr_line' id='line_1_67' title="bbox 188 4431 1789 4507; baseline -0.004 -17"><span class='ocrx_word' id='word_1_421' title='bbox 188 4434 300 4489; x_wconf 81' lang='grc' dir='ltr'><strong>δεῖν</strong></span> <span class='ocrx_word' id='word_1_422' title='bbox 347 4456 396 4487; x_wconf 92' lang='grc' dir='ltr'>τι</span> <span class='ocrx_word' id='word_1_423' title='bbox 433 4437 776 4507; x_wconf 84' lang='grc' dir='ltr'><strong>καταμάθοις,</strong></span> <span class='ocrx_word' id='word_1_424' title='bbox 828 4437 972 4507; x_wconf 78' lang='grc' dir='ltr'><strong>παρὰ</strong></span> <span class='ocrx_word' id='word_1_425' title='bbox 1029 4431 1374 4507; x_wconf 75' lang='grc' dir='ltr'><strong>Ἡρακλείδου</strong></span> <span class='ocrx_word' id='word_1_426' title='bbox 1442 4442 1532 4486; x_wconf 74' lang='grc' dir='ltr'><strong>τοῦ</strong></span> <span class='ocrx_word' id='word_1_427' title='bbox 1590 4433 1789 4506; x_wconf 76' lang='grc' dir='ltr'><strong>ἐπιτρόο</strong></span> 
     </span>
    </p>
   </div>
   <div class='ocr_carea' id='block_1_68' title="bbox 185 4522 1788 4598">
    <p class='ocr_par' dir='ltr' id='par_1_68' title="bbox 185 4522 1788 4598">
     <span class='ocr_line' id='line_1_68' title="bbox 185 4522 1788 4598; baseline -0.003 -19"><span class='ocrx_word' id='word_1_428' title='bbox 185 4547 288 4579; x_wconf 85' lang='grc' dir='ltr'>που</span> <span class='ocrx_word' id='word_1_429' title='bbox 366 4533 465 4576; x_wconf 88' lang='grc' dir='ltr'>τῶν</span> <span class='ocrx_word' id='word_1_430' title='bbox 533 4527 791 4598; x_wconf 76' lang='grc' dir='ltr'><strong>ἡμετέρων</strong></span> <span class='ocrx_word' id='word_1_431' title='bbox 856 4526 1146 4597; x_wconf 82' lang='grc' dir='ltr'><strong>χρημάτων</strong></span> <span class='ocrx_word' id='word_1_432' title='bbox 1219 4522 1602 4595; x_wconf 68' lang='grc' dir='ltr'><strong>ἀναμφιλέκτοις</strong></span> <span class='ocrx_word' id='word_1_433' title='bbox 1667 4525 1788 4597; x_wconf 77' lang='grc' dir='ltr'><strong>ὅπερ</strong></span> 
     </span>
    </p>
   </div>
   <div class='ocr_carea' id='block_1_69' title="bbox 187 4610 1791 4691">
    <p class='ocr_par' dir='ltr' id='par_1_69' title="bbox 187 4610 1791 4691">
     <span class='ocr_line' id='line_1_69' title="bbox 187 4610 1791 4691; baseline -0.001 -25"><span class='ocrx_word' id='word_1_434' title='bbox 187 4615 469 4685; x_wconf 79' lang='grc' dir='ltr'><strong>ἀναγκαῖον</strong></span> <span class='ocrx_word' id='word_1_435' title='bbox 524 4610 652 4665; x_wconf 79' lang='grc' dir='ltr'><strong>εἶναι</strong></span> <span class='ocrx_word' id='word_1_436' title='bbox 708 4616 1050 4684; x_wconf 83' lang='grc' dir='ltr'><strong>καταμάθοις,</strong></span> <span class='ocrx_word' id='word_1_437' title='bbox 1112 4613 1332 4670; x_wconf 83' lang='grc' dir='ltr'><strong>αἰτῆσαι</strong></span> <span class='ocrx_word' id='word_1_438' title='bbox 1393 4611 1628 4691; x_wconf 65' lang='grc' dir='ltr'><strong>ὀφείλεις.</strong></span> <span class='ocrx_word' id='word_1_439' title='bbox 1693 4618 1791 4664; x_wconf 80' lang='grc' dir='ltr'><strong>Καὶ</strong></span> 
     </span>
    </p>
   </div>
   <div class='ocr_carea' id='block_1_70' title="bbox 183 4702 1791 4776">
    <p class='ocr_par' dir='ltr' id='par_1_70' title="bbox 183 4702 1791 4776">
     <span class='ocr_line' id='line_1_70' title="bbox 183 4702 1791 4776; baseline -0.003 -20"><span class='ocrx_word' id='word_1_440' title='bbox 183 4707 290 4776; x_wconf 81' lang='grc' dir='ltr'><strong>γὰρ</strong></span> <span class='ocrx_word' id='word_1_441' title='bbox 349 4707 565 4774; x_wconf 86' lang='grc' dir='ltr'><strong>παρόντι</strong></span> <span class='ocrx_word' id='word_1_442' title='bbox 617 4703 758 4772; x_wconf 75' lang='grc' dir='ltr'><strong>αὐτῷ</strong></span> <span class='ocrx_word' id='word_1_443' title='bbox 811 4702 1128 4775; x_wconf 84' lang='grc' dir='ltr'><strong>προσέταξα,</strong></span> <span class='ocrx_word' id='word_1_444' title='bbox 1171 4705 1253 4753; x_wconf 86' lang='grc' dir='ltr'>ἶνα</span> <span class='ocrx_word' id='word_1_445' title='bbox 1300 4704 1343 4752; x_wconf 80' lang='grc' dir='ltr'><strong>εἰ</strong></span> <span class='ocrx_word' id='word_1_446' title='bbox 1385 4721 1436 4752; x_wconf 91' lang='grc' dir='ltr'>τι</span> <span class='ocrx_word' id='word_1_447' title='bbox 1469 4703 1528 4752; x_wconf 75' lang='grc' dir='ltr'><strong>ἄν</strong></span> <span class='ocrx_word' id='word_1_448' title='bbox 1579 4703 1791 4774; x_wconf 82' lang='grc' dir='ltr'><strong>χρημά-</strong></span> 
     </span>
    </p>
   </div>
   <div class='ocr_carea' id='block_1_71' title="bbox 187 4786 1792 4866">
    <p class='ocr_par' dir='ltr' id='par_1_71' title="bbox 187 4786 1792 4866">
     <span class='ocr_line' id='line_1_71' title="bbox 187 4786 1792 4866; baseline -0.002 -22"><span class='ocrx_word' id='word_1_449' title='bbox 187 4802 288 4844; x_wconf 88' lang='grc' dir='ltr'>τῶν</span> <span class='ocrx_word' id='word_1_450' title='bbox 334 4795 461 4866; x_wconf 80' lang='grc' dir='ltr'><strong>παρ’</strong></span> <span class='ocrx_word' id='word_1_451' title='bbox 513 4792 669 4843; x_wconf 77' lang='grc' dir='ltr'><strong>αὐτοῦ</strong></span> <span class='ocrx_word' id='word_1_452' title='bbox 720 4793 749 4849; x_wconf 80' lang='grc' dir='ltr'>ἡ</span> <span class='ocrx_word' id='word_1_453' title='bbox 815 4796 880 4850; x_wconf 81' lang='grc' dir='ltr'><strong>σὴ</strong></span> <span class='ocrx_word' id='word_1_454' title='bbox 935 4791 1208 4866; x_wconf 64' lang='grc' dir='ltr'><strong>στερρός-ης</strong></span> <span class='ocrx_word' id='word_1_455' title='bbox 1261 4791 1478 4862; x_wconf 77' lang='grc' dir='ltr'><strong>αἰτήσῃ,</strong></span> <span class='ocrx_word' id='word_1_456' title='bbox 1539 4790 1656 4842; x_wconf 82' lang='grc' dir='ltr'><strong>ἀνευ</strong></span> <span class='ocrx_word' id='word_1_457' title='bbox 1712 4786 1792 4841; x_wconf 81' lang='grc' dir='ltr'>δι-</span> 
     </span>
    </p>
   </div>
   <div class='ocr_carea' id='block_1_72' title="bbox 1447 4875 1788 4936">
    <p class='ocr_par' dir='ltr' id='par_1_72' title="bbox 1447 4875 1788 4936">
     <span class='ocr_line' id='line_1_72' title="bbox 1447 4875 1788 4936; baseline -0.003 -5"><span class='ocrx_word' id='word_1_458' title='bbox 1447 4885 1544 4932; x_wconf 82' lang='grc' dir='ltr'><strong>Καὶ</strong></span> <span class='ocrx_word' id='word_1_459' title='bbox 1606 4875 1788 4936; x_wconf 81' lang='grc' dir='ltr'><strong>ἐπειδὴ</strong></span> 
     </span>
    </p>
   </div>
   <div class='ocr_carea' id='block_1_73' title="bbox 191 4965 1793 5043">
    <p class='ocr_par' dir='ltr' id='par_1_73' title="bbox 191 4965 1793 5043">
     <span class='ocr_line' id='line_1_73' title="bbox 191 4965 1793 5043; baseline -0.004 -20"><span class='ocrx_word' id='word_1_460' title='bbox 191 4971 456 5043; x_wconf 83' lang='grc' dir='ltr'><strong>ἐπυθόμην</strong></span> <span class='ocrx_word' id='word_1_461' title='bbox 511 4973 654 5031; x_wconf 78' lang='grc' dir='ltr'><strong>τινας</strong></span> <span class='ocrx_word' id='word_1_462' title='bbox 691 4975 761 5041; x_wconf 79' lang='grc' dir='ltr'>μη</span> <span class='ocrx_word' id='word_1_463' title='bbox 820 4973 1158 5031; x_wconf 83' lang='grc' dir='ltr'><strong>καθεστώσης</strong></span> <span class='ocrx_word' id='word_1_464' title='bbox 1216 4965 1452 5030; x_wconf 81' lang='grc' dir='ltr'><strong>διανοίας</strong></span> <span class='ocrx_word' id='word_1_465' title='bbox 1500 4969 1793 5038; x_wconf 87' lang='grc' dir='ltr'><strong>τυγχάνον-</strong></span> 
     </span>
    </p>
   </div>
   <div class='ocr_carea' id='block_1_74' title="bbox 191 4883 1375 4954">
    <p class='ocr_par' dir='ltr' id='par_1_74' title="bbox 191 4883 1375 4954">
     <span class='ocr_line' id='line_1_74' title="bbox 191 4883 1375 4954; baseline 0 -21"><span class='ocrx_word' id='word_1_466' title='bbox 191 4888 433 4954; x_wconf 77' lang='grc' dir='ltr'><strong>στᾶγμοῡ</strong></span> <span class='ocrx_word' id='word_1_467' title='bbox 499 4901 631 4941; x_wconf 87' lang='grc' dir='ltr'><strong>τινος</strong></span> <span class='ocrx_word' id='word_1_468' title='bbox 676 4883 1044 4954; x_wconf 75' lang='grc' dir='ltr'><strong>ἀπαριθμῆσαι</strong></span> <span class='ocrx_word' id='word_1_469' title='bbox 1105 4885 1375 4952; x_wconf 72' lang='grc' dir='ltr'><strong>φροντίσῃ.</strong></span> 
     </span>
    </p>
   </div>
   <div class='ocr_carea' id='block_1_75' title="bbox 190 5057 1792 5132">
    <p class='ocr_par' dir='ltr' id='par_1_75' title="bbox 190 5057 1792 5132">
     <span class='ocr_line' id='line_1_75' title="bbox 190 5057 1792 5132; baseline -0.004 -18"><span class='ocrx_word' id='word_1_470' title='bbox 190 5081 284 5122; x_wconf 85' lang='grc' dir='ltr'>τας</span> <span class='ocrx_word' id='word_1_471' title='bbox 344 5063 658 5132; x_wconf 81' lang='grc' dir='ltr'><strong>ἀνθρώπους,</strong></span> <span class='ocrx_word' id='word_1_472' title='bbox 708 5063 795 5110; x_wconf 80' lang='grc' dir='ltr'><strong>τὸν</strong></span> <span class='ocrx_word' id='word_1_473' title='bbox 831 5058 950 5110; x_wconf 80' lang='grc' dir='ltr'><strong>λαὸν</strong></span> <span class='ocrx_word' id='word_1_474' title='bbox 1005 5067 1094 5119; x_wconf 85' lang='grc' dir='ltr'>τῆς</span> <span class='ocrx_word' id='word_1_475' title='bbox 1142 5057 1438 5128; x_wconf 80' lang='grc' dir='ltr'><strong>ἁγιωτάτης</strong></span> <span class='ocrx_word' id='word_1_476' title='bbox 1490 5063 1579 5108; x_wconf 80' lang='grc' dir='ltr'>καὶ</span> <span class='ocrx_word' id='word_1_477' title='bbox 1637 5059 1792 5108; x_wconf 83' lang='grc' dir='ltr'><strong>καθο·</strong></span> 
     </span>
    </p>
   </div>
   <div class='ocr_carea' id='block_1_76' title="bbox 189 5144 1793 5219">
    <p class='ocr_par' dir='ltr' id='par_1_76' title="bbox 189 5144 1793 5219">
     <span class='ocr_line' id='line_1_76' title="bbox 189 5144 1793 5219; baseline -0.004 -16"><span class='ocrx_word' id='word_1_478' title='bbox 189 5151 342 5210; x_wconf 86' lang='grc' dir='ltr'><strong>λικῆς</strong></span> <span class='ocrx_word' id='word_1_479' title='bbox 383 5149 696 5210; x_wconf 86' lang='grc' dir='ltr'><strong>Ἐκκλησίας</strong></span> <span class='ocrx_word' id='word_1_480' title='bbox 742 5149 905 5219; x_wconf 75' lang='grc' dir='ltr'><strong>φαύλη</strong></span> <span class='ocrx_word' id='word_1_481' title='bbox 957 5153 1057 5198; x_wconf 81' lang='grc' dir='ltr'><strong>τινὶ</strong></span> <span class='ocrx_word' id='word_1_482' title='bbox 1114 5148 1448 5198; x_wconf 70' lang='grc' dir='ltr'><strong>ὑπονοθεὺσει</strong></span> <span class='ocrx_word' id='word_1_483' title='bbox 1508 5144 1793 5216; x_wconf 70' lang='grc' dir='ltr'><strong>βούλεσθαι</strong></span> 
     </span>
    </p>
   </div>
   <div class='ocr_carea' id='block_1_77' title="bbox 191 5233 1793 5312">
    <p class='ocr_par' dir='ltr' id='par_1_77' title="bbox 191 5233 1793 5312">
     <span class='ocr_line' id='line_1_77' title="bbox 191 5233 1793 5312; baseline -0.004 -20"><span class='ocrx_word' id='word_1_484' title='bbox 191 5237 543 5312; x_wconf 74' lang='grc' dir='ltr'><strong>διαστρέφειν,</strong></span> <span class='ocrx_word' id='word_1_485' title='bbox 597 5241 818 5308; x_wconf 85' lang='grc' dir='ltr'><strong>γινωσκέ</strong></span> <span class='ocrx_word' id='word_1_486' title='bbox 865 5255 927 5307; x_wconf 88' lang='grc' dir='ltr'>με</span> <span class='ocrx_word' id='word_1_487' title='bbox 985 5235 1229 5306; x_wconf 82' lang='grc' dir='ltr'><strong>Ἀνυλίνῳ</strong></span> <span class='ocrx_word' id='word_1_488' title='bbox 1287 5233 1582 5305; x_wconf 81' lang='grc' dir='ltr'><strong>ἀνθυπάτῳ,</strong></span> <span class='ocrx_word' id='word_1_489' title='bbox 1662 5233 1793 5286; x_wconf 77' lang='grc' dir='ltr'><strong>ἀλλὰ</strong></span> 
     </span>
    </p>
   </div>
   <div class='ocr_carea' id='block_1_78' title="bbox 192 5325 1790 5402">
    <p class='ocr_par' dir='ltr' id='par_1_78' title="bbox 192 5325 1790 5402">
     <span class='ocr_line' id='line_1_78' title="bbox 192 5325 1790 5402; baseline -0.003 -23"><span class='ocrx_word' id='word_1_490' title='bbox 192 5334 297 5402; x_wconf 72' lang='grc' dir='ltr'><strong>μὴν</strong></span> <span class='ocrx_word' id='word_1_491' title='bbox 349 5333 436 5378; x_wconf 84' lang='grc' dir='ltr'>καὶ</span> <span class='ocrx_word' id='word_1_492' title='bbox 495 5330 754 5397; x_wconf 82' lang='grc' dir='ltr'><strong>Πατρικίῳ</strong></span> <span class='ocrx_word' id='word_1_493' title='bbox 789 5333 860 5396; x_wconf 80' lang='grc' dir='ltr'><strong>τῷ</strong></span> <span class='ocrx_word' id='word_1_494' title='bbox 900 5325 1167 5395; x_wconf 69' lang='grc' dir='ltr'><strong>Οὐίκαρίῳ</strong></span> <span class='ocrx_word' id='word_1_495' title='bbox 1217 5333 1314 5375; x_wconf 87' lang='grc' dir='ltr'>τῶν</span> <span class='ocrx_word' id='word_1_496' title='bbox 1363 5327 1608 5396; x_wconf 85' lang='grc' dir='ltr'><strong>ἐπάρχων</strong></span> <span class='ocrx_word' id='word_1_497' title='bbox 1659 5344 1790 5395; x_wconf 81' lang='grc' dir='ltr'><strong>παρ·</strong></span> 
     </span>
    </p>
   </div>
   <div class='ocr_carea' id='block_1_79' title="bbox 194 5410 1793 5482">
    <p class='ocr_par' dir='ltr' id='par_1_79' title="bbox 194 5410 1793 5482">
     <span class='ocr_line' id='line_1_79' title="bbox 194 5410 1793 5482; baseline -0.003 -11"><span class='ocrx_word' id='word_1_498' title='bbox 194 5427 334 5482; x_wconf 78' lang='grc' dir='ltr'><strong>οὖσι,</strong></span> <span class='ocrx_word' id='word_1_499' title='bbox 393 5419 634 5478; x_wconf 78' lang='grc' dir='ltr'><strong>τιοαύτας</strong></span> <span class='ocrx_word' id='word_1_500' title='bbox 676 5415 878 5477; x_wconf 77' lang='grc' dir='ltr'><strong>ἐντολὰς</strong></span> <span class='ocrx_word' id='word_1_501' title='bbox 928 5410 1212 5466; x_wconf 67' lang='grc' dir='ltr'><strong>δεδωκέναι</strong></span> <span class='ocrx_word' id='word_1_502' title='bbox 1242 5431 1254 5442; x_wconf 85' lang='grc'><strong>·</strong></span> <span class='ocrx_word' id='word_1_503' title='bbox 1310 5417 1392 5465; x_wconf 89' lang='grc' dir='ltr'>ἶνα</span> <span class='ocrx_word' id='word_1_504' title='bbox 1445 5417 1494 5466; x_wconf 79' lang='grc' dir='ltr'>ἐν</span> <span class='ocrx_word' id='word_1_505' title='bbox 1529 5421 1632 5475; x_wconf 86' lang='grc' dir='ltr'><strong>τοῖς</strong></span> <span class='ocrx_word' id='word_1_506' title='bbox 1689 5415 1793 5466; x_wconf 85' lang='grc' dir='ltr'><strong>λοι-</strong></span> 
     </span>
    </p>
   </div>
   <div class='ocr_carea' id='block_1_80' title="bbox 1889 1852 3540 1928">
    <p class='ocr_par' dir='ltr' id='par_1_80' title="bbox 1889 1852 3540 1928">
     <span class='ocr_line' id='line_1_80' title="bbox 1889 1852 3540 1928; baseline 0 -23"><span class='ocrx_word' id='word_1_507' title='bbox 1889 1852 2183 1909; x_wconf 89' lang='lat' dir='ltr'>catholica</span> <span class='ocrx_word' id='word_1_508' title='bbox 2223 1862 2382 1921; x_wconf 89' lang='lat' dir='ltr'>sunt,</span> <span class='ocrx_word' id='word_1_509' title='bbox 2415 1859 2508 1912; x_wconf 90' lang='lat' dir='ltr'>cui</span> <span class='ocrx_word' id='word_1_510' title='bbox 2541 1858 2869 1914; x_wconf 83' lang='lat' dir='ltr'>Cecilianus</span> <span class='ocrx_word' id='word_1_511' title='bbox 2893 1863 3130 1928; x_wconf 65' lang='lat' dir='ltr'>praeest,</span> <span class='ocrx_word' id='word_1_512' title='bbox 3151 1855 3540 1910; x_wconf 77' lang='lat' dir='ltr'>iunctionem-</span> 
     </span>
    </p>
   </div>
   <div class='ocr_carea' id='block_1_81' title="bbox 1889 1945 3538 2014">
    <p class='ocr_par' dir='ltr' id='par_1_81' title="bbox 1889 1945 3538 2014">
     <span class='ocr_line' id='line_1_81' title="bbox 1889 1945 3538 2014; baseline -0.001 -19"><span class='ocrx_word' id='word_1_513' title='bbox 1889 1956 2006 2012; x_wconf 91' lang='lat' dir='ltr'>que</span> <span class='ocrx_word' id='word_1_514' title='bbox 2020 1948 2332 2014; x_wconf 90' lang='lat' dir='ltr'>etoperam</span> <span class='ocrx_word' id='word_1_515' title='bbox 2349 1961 2526 2000; x_wconf 88' lang='lat' dir='ltr'>suam</span> <span class='ocrx_word' id='word_1_516' title='bbox 2541 1945 2935 2001; x_wconf 56' lang='lat' dir='ltr'>sanctissima;</span> <span class='ocrx_word' id='word_1_517' title='bbox 2950 1945 3218 2013; x_wconf 90' lang='lat' dir='ltr'>religioni</span> <span class='ocrx_word' id='word_1_518' title='bbox 3234 1947 3538 2014; x_wconf 74' lang='lat' dir='ltr'>praestant,</span> 
     </span>
    </p>
   </div>
   <div class='ocr_carea' id='block_1_82' title="bbox 1888 2031 3542 2102">
    <p class='ocr_par' dir='ltr' id='par_1_82' title="bbox 1888 2031 3542 2102">
     <span class='ocr_line' id='line_1_82' title="bbox 1888 2031 3542 2102; baseline 0.001 -20"><span class='ocrx_word' id='word_1_519' title='bbox 1888 2045 2043 2100; x_wconf 92' lang='lat' dir='ltr'>quos</span> <span class='ocrx_word' id='word_1_520' title='bbox 2091 2031 2333 2088; x_wconf 88' lang='lat' dir='ltr'>clericos</span> <span class='ocrx_word' id='word_1_521' title='bbox 2378 2035 2688 2089; x_wconf 87' lang='lat' dir='ltr'>nominare</span> <span class='ocrx_word' id='word_1_522' title='bbox 2735 2034 2946 2102; x_wconf 87' lang='lat' dir='ltr'>solent,</span> <span class='ocrx_word' id='word_1_523' title='bbox 2992 2049 3096 2088; x_wconf 90' lang='lat' dir='ltr'>eos</span> <span class='ocrx_word' id='word_1_524' title='bbox 3140 2032 3218 2088; x_wconf 89' lang='lat' dir='ltr'>ab</span> <span class='ocrx_word' id='word_1_525' title='bbox 3258 2031 3542 2087; x_wconf 89' lang='lat' dir='ltr'>omnibus</span> 
     </span>
    </p>
   </div>
   <div class='ocr_carea' id='block_1_83' title="bbox 1889 2120 3542 2190">
    <p class='ocr_par' dir='ltr' id='par_1_83' title="bbox 1889 2120 3542 2190">
     <span class='ocr_line' id='line_1_83' title="bbox 1889 2120 3542 2190; baseline 0.001 -18"><span class='ocrx_word' id='word_1_526' title='bbox 1889 2133 2133 2190; x_wconf 72' lang='lat' dir='ltr'>prorsus</span> <span class='ocrx_word' id='word_1_527' title='bbox 2159 2122 2510 2177; x_wconf 87' lang='lat' dir='ltr'>muneribus</span> <span class='ocrx_word' id='word_1_528' title='bbox 2541 2122 2839 2178; x_wconf 90' lang='lat' dir='ltr'>immunes</span> <span class='ocrx_word' id='word_1_529' title='bbox 2865 2123 3210 2177; x_wconf 89' lang='lat' dir='ltr'>conservari</span> <span class='ocrx_word' id='word_1_530' title='bbox 3243 2120 3542 2183; x_wconf 89' lang='lat' dir='ltr'>volumus,</span> 
     </span>
    </p>
   </div>
   <div class='ocr_carea' id='block_1_84' title="bbox 1892 2208 3544 2283">
    <p class='ocr_par' dir='ltr' id='par_1_84' title="bbox 1892 2208 3544 2283">
     <span class='ocr_line' id='line_1_84' title="bbox 1892 2208 3544 2283; baseline 0.001 -22"><span class='ocrx_word' id='word_1_531' title='bbox 1892 2215 1954 2262; x_wconf 90' lang='lat' dir='ltr'>ut</span> <span class='ocrx_word' id='word_1_532' title='bbox 2005 2224 2078 2264; x_wconf 88' lang='lat' dir='ltr'>ne</span> <span class='ocrx_word' id='word_1_533' title='bbox 2109 2225 2307 2265; x_wconf 86' lang='lat' dir='ltr'>errore</span> <span class='ocrx_word' id='word_1_534' title='bbox 2347 2211 2550 2283; x_wconf 89' lang='lat' dir='ltr'>aliquo</span> <span class='ocrx_word' id='word_1_535' title='bbox 2597 2218 2702 2267; x_wconf 92' lang='lat' dir='ltr'>aut</span> <span class='ocrx_word' id='word_1_536' title='bbox 2740 2213 2912 2283; x_wconf 85' lang='lat' dir='ltr'>lapsu</span> <span class='ocrx_word' id='word_1_537' title='bbox 2955 2211 3268 2280; x_wconf 86' lang='lat' dir='ltr'>sacrilego,</span> <span class='ocrx_word' id='word_1_538' title='bbox 3317 2225 3354 2264; x_wconf 89' lang='lat' dir='ltr'>a</span> <span class='ocrx_word' id='word_1_539' title='bbox 3383 2208 3544 2263; x_wconf 91' lang='lat' dir='ltr'>cultu</span> 
     </span>
    </p>
   </div>
   <div class='ocr_carea' id='block_1_85' title="bbox 1890 2297 3542 2369">
    <p class='ocr_par' dir='ltr' id='par_1_85' title="bbox 1890 2297 3542 2369">
     <span class='ocr_line' id='line_1_85' title="bbox 1890 2297 3542 2369; baseline 0.004 -19"><span class='ocrx_word' id='word_1_540' title='bbox 1890 2297 1992 2368; x_wconf 92' lang='lat' dir='ltr'>qui</span> <span class='ocrx_word' id='word_1_541' title='bbox 2025 2315 2263 2354; x_wconf 84' lang='lat' dir='ltr'>summo</span> <span class='ocrx_word' id='word_1_542' title='bbox 2289 2300 2524 2355; x_wconf 85' lang='lat' dir='ltr'>Numini</span> <span class='ocrx_word' id='word_1_543' title='bbox 2553 2300 2824 2363; x_wconf 82' lang='lat' dir='ltr'>debetur,</span> <span class='ocrx_word' id='word_1_544' title='bbox 2858 2301 3286 2356; x_wconf 89' lang='lat' dir='ltr'>abstrahantur</span> <span class='ocrx_word' id='word_1_545' title='bbox 3314 2317 3326 2354; x_wconf 87' lang='lat'><strong>:</strong></span> <span class='ocrx_word' id='word_1_546' title='bbox 3367 2297 3542 2369; x_wconf 82' lang='lat'>506</span> 
     </span>
    </p>
   </div>
   <div class='ocr_carea' id='block_1_86' title="bbox 1893 2385 3544 2462">
    <p class='ocr_par' dir='ltr' id='par_1_86' title="bbox 1893 2385 3544 2462">
     <span class='ocr_line' id='line_1_86' title="bbox 1893 2385 3544 2462; baseline 0 -23"><span class='ocrx_word' id='word_1_547' title='bbox 1893 2385 2000 2440; x_wconf 85' lang='lat' dir='ltr'>sed</span> <span class='ocrx_word' id='word_1_548' title='bbox 2039 2387 2240 2457; x_wconf 88' lang='lat' dir='ltr'>potius</span> <span class='ocrx_word' id='word_1_549' title='bbox 2277 2388 2420 2442; x_wconf 89' lang='lat' dir='ltr'>citra</span> <span class='ocrx_word' id='word_1_550' title='bbox 2454 2405 2696 2444; x_wconf 89' lang='lat' dir='ltr'>omnem</span> <span class='ocrx_word' id='word_1_551' title='bbox 2741 2389 3247 2462; x_wconf 89' lang='lat' dir='ltr'>perturbationem</span> <span class='ocrx_word' id='word_1_552' title='bbox 3274 2387 3544 2455; x_wconf 85' lang='lat' dir='ltr'>religioni</span> 
     </span>
    </p>
   </div>
   <div class='ocr_carea' id='block_1_87' title="bbox 1891 2477 3542 2547">
    <p class='ocr_par' dir='ltr' id='par_1_87' title="bbox 1891 2477 3542 2547">
     <span class='ocr_line' id='line_1_87' title="bbox 1891 2477 3542 2547; baseline 0 -19"><span class='ocrx_word' id='word_1_553' title='bbox 1891 2477 2198 2547; x_wconf 88' lang='lat' dir='ltr'>sacrisque</span> <span class='ocrx_word' id='word_1_554' title='bbox 2220 2477 2345 2531; x_wconf 87' lang='lat' dir='ltr'>suis</span> <span class='ocrx_word' id='word_1_555' title='bbox 2365 2478 2704 2533; x_wconf 88' lang='lat' dir='ltr'>inserviant.</span> <span class='ocrx_word' id='word_1_556' title='bbox 2727 2480 2834 2544; x_wconf 88' lang='lat' dir='ltr'>Qui</span> <span class='ocrx_word' id='word_1_557' title='bbox 2858 2495 3001 2534; x_wconf 89' lang='lat' dir='ltr'>sane</span> <span class='ocrx_word' id='word_1_558' title='bbox 3023 2480 3067 2532; x_wconf 88' lang='lat' dir='ltr'>si</span> <span class='ocrx_word' id='word_1_559' title='bbox 3093 2477 3316 2533; x_wconf 90' lang='lat' dir='ltr'>cultum</span> <span class='ocrx_word' id='word_1_560' title='bbox 3342 2491 3542 2542; x_wconf 89' lang='lat' dir='ltr'>suum,</span> 
     </span>
    </p>
   </div>
   <div class='ocr_carea' id='block_1_88' title="bbox 1890 2564 3545 2636">
    <p class='ocr_par' dir='ltr' id='par_1_88' title="bbox 1890 2564 3545 2636">
     <span class='ocr_line' id='line_1_88' title="bbox 1890 2564 3545 2636; baseline -0.001 -18"><span class='ocrx_word' id='word_1_561' title='bbox 1890 2565 1991 2635; x_wconf 90' lang='lat' dir='ltr'>qui</span> <span class='ocrx_word' id='word_1_562' title='bbox 2021 2566 2197 2633; x_wconf 88' lang='lat' dir='ltr'>longe</span> <span class='ocrx_word' id='word_1_563' title='bbox 2231 2567 2531 2622; x_wconf 79' lang='lat' dir='ltr'>maximus</span> <span class='ocrx_word' id='word_1_564' title='bbox 2561 2574 2669 2628; x_wconf 88' lang='lat' dir='ltr'>est.</span> <span class='ocrx_word' id='word_1_565' title='bbox 2706 2571 2821 2624; x_wconf 89' lang='lat' dir='ltr'>Deo</span> <span class='ocrx_word' id='word_1_566' title='bbox 2853 2569 2956 2623; x_wconf 90' lang='lat' dir='ltr'>rite</span> <span class='ocrx_word' id='word_1_567' title='bbox 2983 2567 3327 2630; x_wconf 81' lang='lat' dir='ltr'>exhibeant,</span> <span class='ocrx_word' id='word_1_568' title='bbox 3360 2564 3545 2636; x_wconf 91' lang='lat' dir='ltr'>pluri-</span> 
     </span>
    </p>
   </div>
   <div class='ocr_carea' id='block_1_89' title="bbox 1894 2653 3547 2725">
    <p class='ocr_par' dir='ltr' id='par_1_89' title="bbox 1894 2653 3547 2725">
     <span class='ocr_line' id='line_1_89' title="bbox 1894 2653 3547 2725; baseline -0.001 -18"><span class='ocrx_word' id='word_1_569' title='bbox 1894 2669 2058 2707; x_wconf 92' lang='lat' dir='ltr'>mum</span> <span class='ocrx_word' id='word_1_570' title='bbox 2091 2654 2272 2710; x_wconf 88' lang='lat' dir='ltr'>rebus</span> <span class='ocrx_word' id='word_1_571' title='bbox 2306 2655 2556 2725; x_wconf 90' lang='lat' dir='ltr'>publicis</span> <span class='ocrx_word' id='word_1_572' title='bbox 2587 2657 2860 2712; x_wconf 89' lang='lat' dir='ltr'>videntur</span> <span class='ocrx_word' id='word_1_573' title='bbox 2890 2655 3099 2712; x_wconf 74' lang='lat' dir='ltr'>afferre</span> <span class='ocrx_word' id='word_1_574' title='bbox 3134 2653 3436 2711; x_wconf 78' lang='lat' dir='ltr'>commodi</span> <span class='ocrx_word' id='word_1_575' title='bbox 3490 2658 3547 2706; x_wconf 92' lang='lat' dir='ltr'>et</span> 
     </span>
    </p>
   </div>
   <div class='ocr_carea' id='block_1_90' title="bbox 1893 2743 3549 2817">
    <p class='ocr_par' dir='ltr' id='par_1_90' title="bbox 1893 2743 3549 2817">
     <span class='ocr_line' id='line_1_90' title="bbox 1893 2743 3549 2817; baseline -0.002 -19"><span class='ocrx_word' id='word_1_576' title='bbox 1893 2743 2302 2800; x_wconf 90' lang='lat' dir='ltr'>emolumenti.</span> <span class='ocrx_word' id='word_1_577' title='bbox 2357 2745 2512 2809; x_wconf 87' lang='lat' dir='ltr'>Vale,</span> <span class='ocrx_word' id='word_1_578' title='bbox 2564 2746 2838 2810; x_wconf 80' lang='lat' dir='ltr'>Anuline,</span> <span class='ocrx_word' id='word_1_579' title='bbox 2889 2746 3212 2817; x_wconf 90' lang='lat' dir='ltr'>plurimum</span> <span class='ocrx_word' id='word_1_580' title='bbox 3265 2743 3440 2798; x_wconf 89' lang='lat' dir='ltr'>nobis</span> <span class='ocrx_word' id='word_1_581' title='bbox 3490 2746 3549 2796; x_wconf 89' lang='lat' dir='ltr'>et</span> 
     </span>
    </p>
   </div>
   <div class='ocr_carea' id='block_1_91' title="bbox 1894 2833 3548 2904">
    <p class='ocr_par' dir='ltr' id='par_1_91' title="bbox 1894 2833 3548 2904">
     <span class='ocr_line' id='line_1_91' title="bbox 1894 2833 3548 2904; baseline -0.002 -16"><span class='ocrx_word' id='word_1_582' title='bbox 1894 2835 2183 2888; x_wconf 88' lang='lat' dir='ltr'>honorate</span> <span class='ocrx_word' id='word_1_583' title='bbox 2209 2840 2265 2888; x_wconf 91' lang='lat' dir='ltr'>et</span> <span class='ocrx_word' id='word_1_584' title='bbox 2285 2833 2640 2890; x_wconf 89' lang='lat' dir='ltr'>desiderate.</span> <span class='ocrx_word' id='word_1_585' title='bbox 2673 2858 2700 2884; x_wconf 74' lang='grc' dir='ltr'>»ι</span> <span class='ocrx_word' id='word_1_586' title='bbox 2726 2836 2919 2890; x_wconf 88' lang='lat' dir='ltr'>Edidit</span> <span class='ocrx_word' id='word_1_587' title='bbox 2942 2841 3226 2904; x_wconf 66' lang='lat' dir='ltr'>prmterea</span> <span class='ocrx_word' id='word_1_588' title='bbox 3259 2834 3548 2888; x_wconf 89' lang='lat' dir='ltr'>Constan-</span> 
     </span>
    </p>
   </div>
   <div class='ocr_carea' id='block_1_92' title="bbox 1894 2921 3546 2994">
    <p class='ocr_par' dir='ltr' id='par_1_92' title="bbox 1894 2921 3546 2994">
     <span class='ocr_line' id='line_1_92' title="bbox 1894 2921 3546 2994; baseline -0.002 -17"><span class='ocrx_word' id='word_1_589' title='bbox 1894 2921 2054 2977; x_wconf 90' lang='lat' dir='ltr'>tinus</span> <span class='ocrx_word' id='word_1_590' title='bbox 2081 2928 2360 2994; x_wconf 87' lang='lat' dir='ltr'>quartam</span> <span class='ocrx_word' id='word_1_591' title='bbox 2387 2939 2630 2994; x_wconf 89' lang='lat' dir='ltr'>quoque</span> <span class='ocrx_word' id='word_1_592' title='bbox 2661 2925 3166 2990; x_wconf 87' lang='lat' dir='ltr'>constitutionem,</span> <span class='ocrx_word' id='word_1_593' title='bbox 3196 2922 3256 2977; x_wconf 90' lang='lat' dir='ltr'>in</span> <span class='ocrx_word' id='word_1_594' title='bbox 3287 2938 3410 2992; x_wconf 88' lang='lat' dir='ltr'>qua</span> <span class='ocrx_word' id='word_1_595' title='bbox 3455 2937 3546 2974; x_wconf 90' lang='lat' dir='ltr'>ec-</span> 
     </span>
    </p>
   </div>
   <div class='ocr_carea' id='block_1_93' title="bbox 1894 3011 3546 3082">
    <p class='ocr_par' dir='ltr' id='par_1_93' title="bbox 1894 3011 3546 3082">
     <span class='ocr_line' id='line_1_93' title="bbox 1894 3011 3546 3082; baseline -0.001 -17"><span class='ocrx_word' id='word_1_596' title='bbox 1894 3011 2090 3065; x_wconf 88' lang='lat' dir='ltr'>clesiis</span> <span class='ocrx_word' id='word_1_597' title='bbox 2127 3012 2412 3082; x_wconf 88' lang='lat' dir='ltr'>pecunias</span> <span class='ocrx_word' id='word_1_598' title='bbox 2445 3011 2652 3077; x_wconf 88' lang='lat' dir='ltr'>donat,</span> <span class='ocrx_word' id='word_1_599' title='bbox 2679 3013 2756 3068; x_wconf 92' lang='lat' dir='ltr'>ad</span> <span class='ocrx_word' id='word_1_600' title='bbox 2799 3013 3162 3068; x_wconf 86' lang='lat' dir='ltr'>Cecilianum</span> <span class='ocrx_word' id='word_1_601' title='bbox 3193 3012 3546 3082; x_wconf 84' lang='lat' dir='ltr'>episcopum</span> 
     </span>
    </p>
   </div>
   <div class='ocr_carea' id='block_1_94' title="bbox 1517 3097 3548 3169">
    <p class='ocr_par' dir='ltr' id='par_1_94' title="bbox 1517 3097 3548 3169">
     <span class='ocr_line' id='line_1_94' title="bbox 1517 3097 3548 3169; baseline 0 -19"><span class='ocrx_word' id='word_1_602' title='bbox 1517 3097 1784 3168; x_wconf 80' lang='grc' dir='ltr'><strong>ἐπισκόπῳ</strong></span> <span class='ocrx_word' id='word_1_603' title='bbox 1825 3107 1865 3162; x_wconf 86' lang='lat' dir='ltr'>c</span> <span class='ocrx_word' id='word_1_604' title='bbox 1896 3100 2422 3169; x_wconf 86' lang='lat' dir='ltr'>Carthaginensem</span> <span class='ocrx_word' id='word_1_605' title='bbox 2457 3102 2536 3156; x_wconf 90' lang='lat' dir='ltr'>ita</span> <span class='ocrx_word' id='word_1_606' title='bbox 2563 3101 2831 3156; x_wconf 88' lang='lat' dir='ltr'>scribens</span> <span class='ocrx_word' id='word_1_607' title='bbox 2865 3117 2875 3154; x_wconf 92' lang='lat'><strong>:</strong></span> <span class='ocrx_word' id='word_1_608' title='bbox 2914 3121 2942 3153; x_wconf 78' lang='grc' dir='ltr'>(ι</span> <span class='ocrx_word' id='word_1_609' title='bbox 2983 3101 3403 3157; x_wconf 88' lang='lat' dir='ltr'>Constantinus</span> <span class='ocrx_word' id='word_1_610' title='bbox 3436 3101 3548 3153; x_wconf 85' lang='lat' dir='ltr'>Au-</span> 
     </span>
    </p>
   </div>
   <div class='ocr_carea' id='block_1_95' title="bbox 1897 3187 3548 3261">
    <p class='ocr_par' dir='ltr' id='par_1_95' title="bbox 1897 3187 3548 3261">
     <span class='ocr_line' id='line_1_95' title="bbox 1897 3187 3548 3261; baseline -0.001 -18"><span class='ocrx_word' id='word_1_611' title='bbox 1897 3193 2106 3258; x_wconf 87' lang='lat' dir='ltr'>gustus</span> <span class='ocrx_word' id='word_1_612' title='bbox 2147 3189 2442 3245; x_wconf 88' lang='lat' dir='ltr'>Ceciliano</span> <span class='ocrx_word' id='word_1_613' title='bbox 2480 3191 2764 3261; x_wconf 89' lang='lat' dir='ltr'>episcopo</span> <span class='ocrx_word' id='word_1_614' title='bbox 2805 3189 3176 3259; x_wconf 86' lang='lat' dir='ltr'>Carthaginis</span> <span class='ocrx_word' id='word_1_615' title='bbox 3211 3206 3223 3244; x_wconf 88' lang='lat'><strong>:</strong></span> <span class='ocrx_word' id='word_1_616' title='bbox 3265 3187 3548 3253; x_wconf 88' lang='lat' dir='ltr'>Quando-</span> 
     </span>
    </p>
   </div>
   <div class='ocr_carea' id='block_1_96' title="bbox 1895 3277 3549 3350">
    <p class='ocr_par' dir='ltr' id='par_1_96' title="bbox 1895 3277 3549 3350">
     <span class='ocr_line' id='line_1_96' title="bbox 1895 3277 3549 3350; baseline -0.001 -19"><span class='ocrx_word' id='word_1_617' title='bbox 1895 3277 2142 3349; x_wconf 89' lang='lat' dir='ltr'>quidem</span> <span class='ocrx_word' id='word_1_618' title='bbox 2189 3278 2378 3333; x_wconf 89' lang='lat' dir='ltr'>visum</span> <span class='ocrx_word' id='word_1_619' title='bbox 2427 3279 2602 3334; x_wconf 89' lang='lat' dir='ltr'>nobis</span> <span class='ocrx_word' id='word_1_620' title='bbox 2643 3285 2750 3344; x_wconf 91' lang='lat' dir='ltr'>est,</span> <span class='ocrx_word' id='word_1_621' title='bbox 2800 3294 2906 3350; x_wconf 88' lang='lat' dir='ltr'>per</span> <span class='ocrx_word' id='word_1_622' title='bbox 2955 3278 3289 3350; x_wconf 88' lang='lat' dir='ltr'>provincias</span> <span class='ocrx_word' id='word_1_623' title='bbox 3337 3290 3549 3331; x_wconf 84' lang='lat' dir='ltr'>omnes</span> 
     </span>
    </p>
   </div>
   <div class='ocr_carea' id='block_1_97' title="bbox 1898 3365 3548 3438">
    <p class='ocr_par' dir='ltr' id='par_1_97' title="bbox 1898 3365 3548 3438">
     <span class='ocr_line' id='line_1_97' title="bbox 1898 3365 3548 3438; baseline -0.002 -17"><span class='ocrx_word' id='word_1_624' title='bbox 1898 3366 2126 3431; x_wconf 57' lang='lat' dir='ltr'>Africae,</span> <span class='ocrx_word' id='word_1_625' title='bbox 2159 3367 2446 3422; x_wconf 62' lang='lat' dir='ltr'>Numidia:</span> <span class='ocrx_word' id='word_1_626' title='bbox 2477 3375 2530 3422; x_wconf 90' lang='lat' dir='ltr'>et</span> <span class='ocrx_word' id='word_1_627' title='bbox 2571 3368 2930 3424; x_wconf 74' lang='lat' dir='ltr'>Mauritaniae</span> <span class='ocrx_word' id='word_1_628' title='bbox 2970 3369 3143 3423; x_wconf 85' lang='lat' dir='ltr'>certis</span> <span class='ocrx_word' id='word_1_629' title='bbox 3180 3365 3548 3438; x_wconf 90' lang='lat' dir='ltr'>quibusdam</span> 
     </span>
    </p>
   </div>
   <div class='ocr_carea' id='block_1_98' title="bbox 1899 3453 3548 3525">
    <p class='ocr_par' dir='ltr' id='par_1_98' title="bbox 1899 3453 3548 3525">
     <span class='ocr_line' id='line_1_98' title="bbox 1899 3453 3548 3525; baseline -0.003 -15"><span class='ocrx_word' id='word_1_630' title='bbox 1899 3455 2184 3510; x_wconf 87' lang='lat' dir='ltr'>ministris</span> <span class='ocrx_word' id='word_1_631' title='bbox 2227 3454 2502 3525; x_wconf 71' lang='lat' dir='ltr'>legitimae</span> <span class='ocrx_word' id='word_1_632' title='bbox 2535 3464 2591 3512; x_wconf 91' lang='lat' dir='ltr'>et</span> <span class='ocrx_word' id='word_1_633' title='bbox 2621 3464 3015 3512; x_wconf 65' lang='lat' dir='ltr'>sacrosancta;</span> <span class='ocrx_word' id='word_1_634' title='bbox 3056 3456 3360 3510; x_wconf 64' lang='lat' dir='ltr'>catholicae</span> <span class='ocrx_word' id='word_1_635' title='bbox 3413 3453 3548 3507; x_wconf 89' lang='lat' dir='ltr'>reli-</span> 
     </span>
    </p>
   </div>
   <div class='ocr_carea' id='block_1_99' title="bbox 1898 3541 3549 3616">
    <p class='ocr_par' dir='ltr' id='par_1_99' title="bbox 1898 3541 3549 3616">
     <span class='ocr_line' id='line_1_99' title="bbox 1898 3541 3549 3616; baseline -0.002 -18"><span class='ocrx_word' id='word_1_636' title='bbox 1898 3545 2093 3614; x_wconf 85' lang='lat' dir='ltr'>gionis</span> <span class='ocrx_word' id='word_1_637' title='bbox 2129 3546 2353 3616; x_wconf 90' lang='lat' dir='ltr'>aliquid</span> <span class='ocrx_word' id='word_1_638' title='bbox 2389 3547 2467 3600; x_wconf 92' lang='lat' dir='ltr'>ad</span> <span class='ocrx_word' id='word_1_639' title='bbox 2504 3553 2779 3616; x_wconf 86' lang='lat' dir='ltr'>sumptus</span> <span class='ocrx_word' id='word_1_640' title='bbox 2817 3547 3158 3601; x_wconf 88' lang='lat' dir='ltr'>tolerandos</span> <span class='ocrx_word' id='word_1_641' title='bbox 3201 3543 3421 3612; x_wconf 87' lang='lat' dir='ltr'>largiri,</span> <span class='ocrx_word' id='word_1_642' title='bbox 3461 3541 3549 3596; x_wconf 84' lang='lat' dir='ltr'>lil-</span> 
     </span>
    </p>
   </div>
   <div class='ocr_carea' id='block_1_100' title="bbox 1901 3632 3549 3702">
    <p class='ocr_par' dir='ltr' id='par_1_100' title="bbox 1901 3632 3549 3702">
     <span class='ocr_line' id='line_1_100' title="bbox 1901 3632 3549 3702; baseline -0.002 -14"><span class='ocrx_word' id='word_1_643' title='bbox 1901 3639 2054 3688; x_wconf 88' lang='lat' dir='ltr'>teras</span> <span class='ocrx_word' id='word_1_644' title='bbox 2093 3635 2168 3688; x_wconf 90' lang='lat' dir='ltr'>ad</span> <span class='ocrx_word' id='word_1_645' title='bbox 2204 3635 2414 3689; x_wconf 86' lang='lat' dir='ltr'>Ursum</span> <span class='ocrx_word' id='word_1_646' title='bbox 2445 3633 2800 3688; x_wconf 85' lang='lat' dir='ltr'>catholicum</span> <span class='ocrx_word' id='word_1_647' title='bbox 2837 3634 3040 3688; x_wconf 74' lang='lat' dir='ltr'>Africae</span> <span class='ocrx_word' id='word_1_648' title='bbox 3070 3633 3230 3694; x_wconf 88' lang='lat' dir='ltr'>dedi,</span> <span class='ocrx_word' id='word_1_649' title='bbox 3261 3634 3433 3702; x_wconf 92' lang='lat' dir='ltr'>eique</span> <span class='ocrx_word' id='word_1_650' title='bbox 3473 3632 3549 3684; x_wconf 88' lang='lat' dir='ltr'>si-</span> 
     </span>
    </p>
   </div>
   <div class='ocr_carea' id='block_1_101' title="bbox 1899 3719 3550 3793">
    <p class='ocr_par' dir='ltr' id='par_1_101' title="bbox 1899 3719 3550 3793">
     <span class='ocr_line' id='line_1_101' title="bbox 1899 3719 3550 3793; baseline -0.001 -19"><span class='ocrx_word' id='word_1_651' title='bbox 1899 3721 2198 3788; x_wconf 82' lang='lat' dir='ltr'>gniﬁcavi,</span> <span class='ocrx_word' id='word_1_652' title='bbox 2234 3730 2294 3775; x_wconf 90' lang='lat' dir='ltr'>ut</span> <span class='ocrx_word' id='word_1_653' title='bbox 2326 3729 2409 3775; x_wconf 91' lang='lat' dir='ltr'>ter</span> <span class='ocrx_word' id='word_1_654' title='bbox 2441 3723 2597 3776; x_wconf 91' lang='lat' dir='ltr'>mille</span> <span class='ocrx_word' id='word_1_655' title='bbox 2629 3722 2794 3776; x_wconf 77' lang='lat' dir='ltr'>folles</span> <span class='ocrx_word' id='word_1_656' title='bbox 2825 3723 2902 3793; x_wconf 90' lang='lat'>(3)</span> <span class='ocrx_word' id='word_1_657' title='bbox 2934 3721 3408 3776; x_wconf 86' lang='lat' dir='ltr'>dinumerandos</span> <span class='ocrx_word' id='word_1_658' title='bbox 3447 3719 3550 3773; x_wconf 83' lang='lat' dir='ltr'>tibi</span> 
     </span>
    </p>
   </div>
   <div class='ocr_carea' id='block_1_102' title="bbox 1898 3807 3551 3882">
    <p class='ocr_par' dir='ltr' id='par_1_102' title="bbox 1898 3807 3551 3882">
     <span class='ocr_line' id='line_1_102' title="bbox 1898 3807 3551 3882; baseline -0.001 -19"><span class='ocrx_word' id='word_1_659' title='bbox 1898 3815 2152 3864; x_wconf 86' lang='lat' dir='ltr'>curaret.</span> <span class='ocrx_word' id='word_1_660' title='bbox 2191 3812 2564 3880; x_wconf 87' lang='lat' dir='ltr'>Quapropter</span> <span class='ocrx_word' id='word_1_661' title='bbox 2613 3810 2709 3865; x_wconf 92' lang='lat' dir='ltr'>ubi</span> <span class='ocrx_word' id='word_1_662' title='bbox 2751 3827 2934 3882; x_wconf 91' lang='lat' dir='ltr'>quam</span> <span class='ocrx_word' id='word_1_663' title='bbox 2976 3811 3237 3864; x_wconf 84' lang='lat' dir='ltr'>diximus</span> <span class='ocrx_word' id='word_1_664' title='bbox 3282 3807 3551 3880; x_wconf 73' lang='lat' dir='ltr'>pecuniae</span> 
     </span>
    </p>
   </div>
   <div class='ocr_carea' id='block_1_103' title="bbox 1900 3897 3548 3969">
    <p class='ocr_par' dir='ltr' id='par_1_103' title="bbox 1900 3897 3548 3969">
     <span class='ocr_line' id='line_1_103' title="bbox 1900 3897 3548 3969; baseline -0.002 -17"><span class='ocrx_word' id='word_1_665' title='bbox 1900 3914 2204 3952; x_wconf 87' lang='lat' dir='ltr'>summam</span> <span class='ocrx_word' id='word_1_666' title='bbox 2247 3899 2653 3969; x_wconf 88' lang='lat' dir='ltr'>recipiendam</span> <span class='ocrx_word' id='word_1_667' title='bbox 2690 3899 3088 3963; x_wconf 87' lang='lat' dir='ltr'>mandaveris,</span> <span class='ocrx_word' id='word_1_668' title='bbox 3123 3899 3406 3953; x_wconf 86' lang='lat' dir='ltr'>omnibus</span> <span class='ocrx_word' id='word_1_669' title='bbox 3445 3897 3548 3965; x_wconf 87' lang='lat' dir='ltr'>eis,</span> 
     </span>
    </p>
   </div>
   <div class='ocr_carea' id='block_1_104' title="bbox 1897 3987 3550 4058">
    <p class='ocr_par' dir='ltr' id='par_1_104' title="bbox 1897 3987 3550 4058">
     <span class='ocr_line' id='line_1_104' title="bbox 1897 3987 3550 4058; baseline -0.001 -18"><span class='ocrx_word' id='word_1_670' title='bbox 1897 3988 2000 4058; x_wconf 87' lang='lat' dir='ltr'>qui</span> <span class='ocrx_word' id='word_1_671' title='bbox 2033 3988 2092 4041; x_wconf 91' lang='lat' dir='ltr'>in</span> <span class='ocrx_word' id='word_1_672' title='bbox 2125 3987 2284 4041; x_wconf 89' lang='lat' dir='ltr'>brevi</span> <span class='ocrx_word' id='word_1_673' title='bbox 2321 3987 2394 4042; x_wconf 91' lang='lat' dir='ltr'>ad</span> <span class='ocrx_word' id='word_1_674' title='bbox 2432 3995 2484 4043; x_wconf 91' lang='lat' dir='ltr'>te</span> <span class='ocrx_word' id='word_1_675' title='bbox 2517 3988 2594 4044; x_wconf 88' lang='lat' dir='ltr'>ab</span> <span class='ocrx_word' id='word_1_676' title='bbox 2638 3990 2813 4044; x_wconf 87' lang='lat' dir='ltr'>Hosio</span> <span class='ocrx_word' id='word_1_677' title='bbox 2847 3988 3033 4042; x_wconf 88' lang='lat' dir='ltr'>misso</span> <span class='ocrx_word' id='word_1_678' title='bbox 3062 3987 3358 4056; x_wconf 90' lang='lat' dir='ltr'>designati</span> <span class='ocrx_word' id='word_1_679' title='bbox 3393 3991 3550 4046; x_wconf 88' lang='lat' dir='ltr'>sunt,</span> 
     </span>
    </p>
   </div>
   <div class='ocr_carea' id='block_1_105' title="bbox 1898 4075 3552 4149">
    <p class='ocr_par' dir='ltr' id='par_1_105' title="bbox 1898 4075 3552 4149">
     <span class='ocr_line' id='line_1_105' title="bbox 1898 4075 3552 4149; baseline -0.001 -19"><span class='ocrx_word' id='word_1_680' title='bbox 1898 4075 2170 4130; x_wconf 87' lang='lat' dir='ltr'>distribui</span> <span class='ocrx_word' id='word_1_681' title='bbox 2185 4092 2317 4131; x_wconf 91' lang='lat' dir='ltr'>eam</span> <span class='ocrx_word' id='word_1_682' title='bbox 2332 4077 2563 4146; x_wconf 81' lang='lat' dir='ltr'>jubeto.</span> <span class='ocrx_word' id='word_1_683' title='bbox 2583 4081 2661 4131; x_wconf 82' lang='lat' dir='ltr'>Ac</span> <span class='ocrx_word' id='word_1_684' title='bbox 2681 4077 2976 4149; x_wconf 84' lang='lat' dir='ltr'>siquidem</span> <span class='ocrx_word' id='word_1_685' title='bbox 2996 4076 3198 4131; x_wconf 86' lang='lat' dir='ltr'>deesse</span> <span class='ocrx_word' id='word_1_686' title='bbox 3215 4075 3552 4146; x_wconf 91' lang='lat' dir='ltr'>quidquam</span> 
     </span>
    </p>
   </div>
   <div class='ocr_carea' id='block_1_106' title="bbox 1898 4163 3553 4237">
    <p class='ocr_par' dir='ltr' id='par_1_106' title="bbox 1898 4163 3553 4237">
     <span class='ocr_line' id='line_1_106' title="bbox 1898 4163 3553 4237; baseline 0 -19"><span class='ocrx_word' id='word_1_687' title='bbox 1898 4165 2263 4234; x_wconf 91' lang='lat' dir='ltr'>compereris</span> <span class='ocrx_word' id='word_1_688' title='bbox 2287 4165 2337 4219; x_wconf 91' lang='lat' dir='ltr'>ei</span> <span class='ocrx_word' id='word_1_689' title='bbox 2359 4183 2634 4229; x_wconf 72' lang='lat' dir='ltr'>summie,</span> <span class='ocrx_word' id='word_1_690' title='bbox 2653 4181 2774 4237; x_wconf 89' lang='lat' dir='ltr'>quo</span> <span class='ocrx_word' id='word_1_691' title='bbox 2800 4167 2996 4219; x_wconf 89' lang='lat' dir='ltr'>minus</span> <span class='ocrx_word' id='word_1_692' title='bbox 3021 4163 3340 4219; x_wconf 88' lang='lat' dir='ltr'>liberalitas</span> <span class='ocrx_word' id='word_1_693' title='bbox 3366 4179 3553 4234; x_wconf 87' lang='lat' dir='ltr'>quam</span> 
     </span>
    </p>
   </div>
   <div class='ocr_carea' id='block_1_107' title="bbox 1899 4253 3552 4324">
    <p class='ocr_par' dir='ltr' id='par_1_107' title="bbox 1899 4253 3552 4324">
     <span class='ocr_line' id='line_1_107' title="bbox 1899 4253 3552 4324; baseline 0 -17"><span class='ocrx_word' id='word_1_694' title='bbox 1899 4269 2042 4323; x_wconf 88' lang='lat' dir='ltr'>erga</span> <span class='ocrx_word' id='word_1_695' title='bbox 2062 4270 2273 4308; x_wconf 88' lang='lat' dir='ltr'>omnes</span> <span class='ocrx_word' id='word_1_696' title='bbox 2287 4270 2392 4309; x_wconf 87' lang='lat' dir='ltr'>eos</span> <span class='ocrx_word' id='word_1_697' title='bbox 2413 4256 2814 4324; x_wconf 74' lang='lat' dir='ltr'>praestandam</span> <span class='ocrx_word' id='word_1_698' title='bbox 2840 4255 3180 4318; x_wconf 82' lang='lat' dir='ltr'>statuimus,</span> <span class='ocrx_word' id='word_1_699' title='bbox 3197 4253 3552 4324; x_wconf 85' lang='lat' dir='ltr'>impleatur:</span> 
     </span>
    </p>
   </div>
   <div class='ocr_carea' id='block_1_108' title="bbox 1900 4343 3552 4414">
    <p class='ocr_par' dir='ltr' id='par_1_108' title="bbox 1900 4343 3552 4414">
     <span class='ocr_line' id='line_1_108' title="bbox 1900 4343 3552 4414; baseline -0.003 -17"><span class='ocrx_word' id='word_1_700' title='bbox 1900 4343 1977 4398; x_wconf 87' lang='lat' dir='ltr'>ab</span> <span class='ocrx_word' id='word_1_701' title='bbox 2033 4343 2334 4398; x_wconf 86' lang='lat' dir='ltr'>Heraclide</span> <span class='ocrx_word' id='word_1_702' title='bbox 2371 4345 2827 4414; x_wconf 86' lang='lat' dir='ltr'>possessionum</span> <span class='ocrx_word' id='word_1_703' title='bbox 2868 4350 3211 4398; x_wconf 90' lang='lat' dir='ltr'>nostrarum</span> <span class='ocrx_word' id='word_1_704' title='bbox 3254 4345 3552 4406; x_wconf 79' lang='lat' dir='ltr'>curatore,</span> 
     </span>
    </p>
   </div>
   <div class='ocr_carea' id='block_1_109' title="bbox 1901 4431 3554 4503">
    <p class='ocr_par' dir='ltr' id='par_1_109' title="bbox 1901 4431 3554 4503">
     <span class='ocr_line' id='line_1_109' title="bbox 1901 4431 3554 4503; baseline -0.001 -19"><span class='ocrx_word' id='word_1_705' title='bbox 1901 4431 2064 4486; x_wconf 87' lang='lat' dir='ltr'>nulla</span> <span class='ocrx_word' id='word_1_706' title='bbox 2109 4432 2533 4486; x_wconf 89' lang='lat' dir='ltr'>interveniente</span> <span class='ocrx_word' id='word_1_707' title='bbox 2573 4432 2966 4496; x_wconf 88' lang='lat' dir='ltr'>dubitatione,</span> <span class='ocrx_word' id='word_1_708' title='bbox 3014 4432 3177 4503; x_wconf 90' lang='lat' dir='ltr'>quod</span> <span class='ocrx_word' id='word_1_709' title='bbox 3220 4447 3375 4502; x_wconf 89' lang='lat' dir='ltr'>opus</span> <span class='ocrx_word' id='word_1_710' title='bbox 3425 4445 3554 4484; x_wconf 67' lang='lat' dir='ltr'>esse</span> 
     </span>
    </p>
   </div>
   <div class='ocr_carea' id='block_1_110' title="bbox 1902 4520 3551 4591">
    <p class='ocr_par' dir='ltr' id='par_1_110' title="bbox 1902 4520 3551 4591">
     <span class='ocr_line' id='line_1_110' title="bbox 1902 4520 3551 4591; baseline -0.002 -17"><span class='ocrx_word' id='word_1_711' title='bbox 1902 4520 2142 4584; x_wconf 91' lang='lat' dir='ltr'>videris,</span> <span class='ocrx_word' id='word_1_712' title='bbox 2165 4527 2357 4591; x_wconf 89' lang='lat' dir='ltr'>petere</span> <span class='ocrx_word' id='word_1_713' title='bbox 2379 4521 2648 4576; x_wconf 87' lang='lat' dir='ltr'>debebis.</span> <span class='ocrx_word' id='word_1_714' title='bbox 2675 4523 2735 4575; x_wconf 89' lang='lat' dir='ltr'>Ei</span> <span class='ocrx_word' id='word_1_715' title='bbox 2759 4523 2940 4585; x_wconf 91' lang='lat' dir='ltr'>enim,</span> <span class='ocrx_word' id='word_1_716' title='bbox 2966 4538 3103 4575; x_wconf 91' lang='lat' dir='ltr'>cum</span> <span class='ocrx_word' id='word_1_717' title='bbox 3127 4536 3360 4574; x_wconf 88' lang='lat' dir='ltr'>mecum</span> <span class='ocrx_word' id='word_1_718' title='bbox 3381 4524 3551 4582; x_wconf 74' lang='lat' dir='ltr'>esset,</span> 
     </span>
    </p>
   </div>
   <div class='ocr_carea' id='block_1_111' title="bbox 1901 4608 3555 4681">
    <p class='ocr_par' dir='ltr' id='par_1_111' title="bbox 1901 4608 3555 4681">
     <span class='ocr_line' id='line_1_111' title="bbox 1901 4608 3555 4681; baseline -0.002 -17"><span class='ocrx_word' id='word_1_719' title='bbox 1901 4611 2153 4678; x_wconf 88' lang='lat' dir='ltr'>injunxi,</span> <span class='ocrx_word' id='word_1_720' title='bbox 2180 4611 2226 4664; x_wconf 84' lang='lat' dir='ltr'>si</span> <span class='ocrx_word' id='word_1_721' title='bbox 2259 4609 2403 4681; x_wconf 87' lang='lat' dir='ltr'>quid</span> <span class='ocrx_word' id='word_1_722' title='bbox 2427 4611 2694 4681; x_wconf 70' lang='lat' dir='ltr'>pecunia:</span> <span class='ocrx_word' id='word_1_723' title='bbox 2717 4611 2794 4665; x_wconf 91' lang='lat' dir='ltr'>ab</span> <span class='ocrx_word' id='word_1_724' title='bbox 2825 4627 2894 4666; x_wconf 93' lang='lat' dir='ltr'>eo</span> <span class='ocrx_word' id='word_1_725' title='bbox 2924 4611 3208 4678; x_wconf 80' lang='lat' dir='ltr'>exigeres,</span> <span class='ocrx_word' id='word_1_726' title='bbox 3246 4616 3307 4662; x_wconf 88' lang='lat' dir='ltr'>ut</span> <span class='ocrx_word' id='word_1_727' title='bbox 3332 4609 3388 4663; x_wconf 88' lang='lat' dir='ltr'>id</span> <span class='ocrx_word' id='word_1_728' title='bbox 3421 4608 3555 4662; x_wconf 87' lang='lat' dir='ltr'>abs-</span> 
     </span>
    </p>
   </div>
   <div class='ocr_carea' id='block_1_112' title="bbox 1901 4698 3550 4769">
    <p class='ocr_par' dir='ltr' id='par_1_112' title="bbox 1901 4698 3550 4769">
     <span class='ocr_line' id='line_1_112' title="bbox 1901 4698 3550 4769; baseline -0.002 -17"><span class='ocrx_word' id='word_1_729' title='bbox 1901 4715 2016 4769; x_wconf 90' lang='lat' dir='ltr'>que</span> <span class='ocrx_word' id='word_1_730' title='bbox 2057 4698 2444 4769; x_wconf 87' lang='lat' dir='ltr'>ambiguitate</span> <span class='ocrx_word' id='word_1_731' title='bbox 2483 4700 2648 4754; x_wconf 92' lang='lat' dir='ltr'>omni</span> <span class='ocrx_word' id='word_1_732' title='bbox 2690 4699 2790 4754; x_wconf 92' lang='lat' dir='ltr'>tibi</span> <span class='ocrx_word' id='word_1_733' title='bbox 2830 4699 3273 4754; x_wconf 85' lang='lat' dir='ltr'>numerandum</span> <span class='ocrx_word' id='word_1_734' title='bbox 3298 4703 3550 4750; x_wconf 87' lang='lat' dir='ltr'>curaret.</span> 
     </span>
    </p>
   </div>
   <div class='ocr_carea' id='block_1_113' title="bbox 1905 4786 3551 4860">
    <p class='ocr_par' dir='ltr' id='par_1_113' title="bbox 1905 4786 3551 4860">
     <span class='ocr_line' id='line_1_113' title="bbox 1905 4786 3551 4860; baseline -0.001 -18"><span class='ocrx_word' id='word_1_735' title='bbox 1905 4790 1967 4842; x_wconf 89' lang='lat' dir='ltr'>Et</span> <span class='ocrx_word' id='word_1_736' title='bbox 1995 4788 2287 4858; x_wconf 86' lang='lat' dir='ltr'>quoniam</span> <span class='ocrx_word' id='word_1_737' title='bbox 2313 4789 2534 4852; x_wconf 86' lang='lat' dir='ltr'>audivi,</span> <span class='ocrx_word' id='word_1_738' title='bbox 2557 4789 2854 4860; x_wconf 59' lang='lat' dir='ltr'>quos-dam</span> <span class='ocrx_word' id='word_1_739' title='bbox 2879 4803 2998 4842; x_wconf 91' lang='lat' dir='ltr'>non</span> <span class='ocrx_word' id='word_1_740' title='bbox 3027 4788 3168 4841; x_wconf 83' lang='lat' dir='ltr'>satis</span> <span class='ocrx_word' id='word_1_741' title='bbox 3200 4786 3551 4856; x_wconf 64' lang='lat' dir='ltr'>compositae</span> 
     </span>
    </p>
   </div>
   <div class='ocr_carea' id='block_1_114' title="bbox 1903 4875 3558 4948">
    <p class='ocr_par' dir='ltr' id='par_1_114' title="bbox 1903 4875 3558 4948">
     <span class='ocr_line' id='line_1_114' title="bbox 1903 4875 3558 4948; baseline -0.003 -17"><span class='ocrx_word' id='word_1_742' title='bbox 1903 4882 2005 4931; x_wconf 88' lang='lat' dir='ltr'>aut</span> <span class='ocrx_word' id='word_1_743' title='bbox 2021 4893 2183 4931; x_wconf 80' lang='lat' dir='ltr'>same</span> <span class='ocrx_word' id='word_1_744' title='bbox 2209 4879 2418 4931; x_wconf 86' lang='lat' dir='ltr'>mentis</span> <span class='ocrx_word' id='word_1_745' title='bbox 2439 4878 2710 4932; x_wconf 87' lang='lat' dir='ltr'>homines</span> <span class='ocrx_word' id='word_1_746' title='bbox 2729 4877 3021 4948; x_wconf 91' lang='lat' dir='ltr'>p0pulum</span> <span class='ocrx_word' id='word_1_747' title='bbox 3041 4875 3434 4930; x_wconf 64' lang='lat' dir='ltr'>sanctissima:</span> <span class='ocrx_word' id='word_1_748' title='bbox 3458 4890 3558 4926; x_wconf 87' lang='lat' dir='ltr'>ca-</span> 
     </span>
    </p>
   </div>
   <div class='ocr_carea' id='block_1_115' title="bbox 1904 4963 3556 5037">
    <p class='ocr_par' dir='ltr' id='par_1_115' title="bbox 1904 4963 3556 5037">
     <span class='ocr_line' id='line_1_115' title="bbox 1904 4963 3556 5037; baseline -0.002 -17"><span class='ocrx_word' id='word_1_749' title='bbox 1904 4965 2134 5021; x_wconf 63' lang='lat' dir='ltr'>tholica;</span> <span class='ocrx_word' id='word_1_750' title='bbox 2168 4967 2463 5029; x_wconf 75' lang='lat' dir='ltr'>Ecclesiae,</span> <span class='ocrx_word' id='word_1_751' title='bbox 2498 4982 2684 5036; x_wconf 87' lang='lat' dir='ltr'>prava</span> <span class='ocrx_word' id='word_1_752' title='bbox 2716 4966 2982 5037; x_wconf 88' lang='lat' dir='ltr'>quadam</span> <span class='ocrx_word' id='word_1_753' title='bbox 3023 4972 3078 5019; x_wconf 91' lang='lat' dir='ltr'>et</span> <span class='ocrx_word' id='word_1_754' title='bbox 3101 4963 3556 5018; x_wconf 85' lang='lat' dir='ltr'>subadulterina</span> 
     </span>
    </p>
   </div>
   <div class='ocr_carea' id='block_1_116' title="bbox 1905 5053 3557 5126">
    <p class='ocr_par' dir='ltr' id='par_1_116' title="bbox 1905 5053 3557 5126">
     <span class='ocr_line' id='line_1_116' title="bbox 1905 5053 3557 5126; baseline -0.002 -18"><span class='ocrx_word' id='word_1_755' title='bbox 1905 5055 2112 5109; x_wconf 81' lang='lat' dir='ltr'>fraude</span> <span class='ocrx_word' id='word_1_756' title='bbox 2141 5061 2473 5126; x_wconf 88' lang='lat' dir='ltr'>pervertere</span> <span class='ocrx_word' id='word_1_757' title='bbox 2502 5055 2647 5108; x_wconf 89' lang='lat' dir='ltr'>velle</span> <span class='ocrx_word' id='word_1_758' title='bbox 2677 5071 2689 5107; x_wconf 91' lang='lat'><strong>:</strong></span> <span class='ocrx_word' id='word_1_759' title='bbox 2726 5055 2872 5108; x_wconf 88' lang='lat' dir='ltr'>scito</span> <span class='ocrx_word' id='word_1_760' title='bbox 2906 5070 2998 5108; x_wconf 91' lang='lat' dir='ltr'>me</span> <span class='ocrx_word' id='word_1_761' title='bbox 3027 5053 3282 5108; x_wconf 82' lang='lat' dir='ltr'>Anulino</span> <span class='ocrx_word' id='word_1_762' title='bbox 3306 5068 3557 5122; x_wconf 87' lang='lat' dir='ltr'>procon-</span> 
     </span>
    </p>
   </div>
   <div class='ocr_carea' id='block_1_117' title="bbox 1904 5141 3554 5214">
    <p class='ocr_par' dir='ltr' id='par_1_117' title="bbox 1904 5141 3554 5214">
     <span class='ocr_line' id='line_1_117' title="bbox 1904 5141 3554 5214; baseline -0.002 -18"><span class='ocrx_word' id='word_1_763' title='bbox 1904 5143 2035 5208; x_wconf 91' lang='lat' dir='ltr'>suli,</span> <span class='ocrx_word' id='word_1_764' title='bbox 2093 5151 2272 5214; x_wconf 86' lang='lat' dir='ltr'>atque</span> <span class='ocrx_word' id='word_1_765' title='bbox 2320 5144 2496 5198; x_wconf 90' lang='lat' dir='ltr'>etiam</span> <span class='ocrx_word' id='word_1_766' title='bbox 2548 5142 2797 5197; x_wconf 87' lang='lat' dir='ltr'>Patricio</span> <span class='ocrx_word' id='word_1_767' title='bbox 2848 5143 3064 5198; x_wconf 87' lang='lat' dir='ltr'>vicario</span> <span class='ocrx_word' id='word_1_768' title='bbox 3115 5141 3554 5211; x_wconf 70' lang='lat' dir='ltr'>praafectorum,</span> 
     </span>
    </p>
   </div>
   <div class='ocr_carea' id='block_1_118' title="bbox 1903 5229 3557 5304">
    <p class='ocr_par' dir='ltr' id='par_1_118' title="bbox 1903 5229 3557 5304">
     <span class='ocr_line' id='line_1_118' title="bbox 1903 5229 3557 5304; baseline -0.002 -17"><span class='ocrx_word' id='word_1_769' title='bbox 1903 5249 2041 5287; x_wconf 90' lang='lat' dir='ltr'>cum</span> <span class='ocrx_word' id='word_1_770' title='bbox 2063 5239 2307 5304; x_wconf 87' lang='lat' dir='ltr'>uterque</span> <span class='ocrx_word' id='word_1_771' title='bbox 2328 5247 2587 5302; x_wconf 73' lang='lat' dir='ltr'>praesens</span> <span class='ocrx_word' id='word_1_772' title='bbox 2605 5231 2863 5297; x_wconf 87' lang='lat' dir='ltr'>adesset,</span> <span class='ocrx_word' id='word_1_773' title='bbox 2881 5231 3245 5301; x_wconf 86' lang='lat' dir='ltr'>ejuscemodi</span> <span class='ocrx_word' id='word_1_774' title='bbox 3269 5229 3557 5284; x_wconf 85' lang='lat' dir='ltr'>mandata</span> 
     </span>
    </p>
   </div>
   <div class='ocr_carea' id='block_1_119' title="bbox 1903 5319 3556 5390">
    <p class='ocr_par' dir='ltr' id='par_1_119' title="bbox 1903 5319 3556 5390">
     <span class='ocr_line' id='line_1_119' title="bbox 1903 5319 3556 5390; baseline -0.003 -14"><span class='ocrx_word' id='word_1_775' title='bbox 1903 5323 2161 5388; x_wconf 83' lang='lat' dir='ltr'>dedisse,</span> <span class='ocrx_word' id='word_1_776' title='bbox 2188 5329 2249 5376; x_wconf 91' lang='lat' dir='ltr'>ut</span> <span class='ocrx_word' id='word_1_777' title='bbox 2275 5323 2424 5376; x_wconf 89' lang='lat' dir='ltr'>inter</span> <span class='ocrx_word' id='word_1_778' title='bbox 2445 5321 2560 5375; x_wconf 88' lang='lat' dir='ltr'>alia</span> <span class='ocrx_word' id='word_1_779' title='bbox 2586 5321 2811 5385; x_wconf 89' lang='lat' dir='ltr'>omnia,</span> <span class='ocrx_word' id='word_1_780' title='bbox 2841 5319 2914 5375; x_wconf 87' lang='lat' dir='ltr'>ad</span> <span class='ocrx_word' id='word_1_781' title='bbox 2939 5320 3098 5374; x_wconf 89' lang='lat' dir='ltr'>hanc</span> <span class='ocrx_word' id='word_1_782' title='bbox 3123 5334 3367 5390; x_wconf 85' lang='lat' dir='ltr'>quoque</span> <span class='ocrx_word' id='word_1_783' title='bbox 3403 5334 3556 5381; x_wconf 85' lang='lat' dir='ltr'>rem,</span> 
     </span>
    </p>
   </div>
   <div class='ocr_carea' id='block_1_120' title="bbox 1902 5407 3556 5484">
    <p class='ocr_par' dir='ltr' id='par_1_120' title="bbox 1902 5407 3556 5484">
     <span class='ocr_line' id='line_1_120' title="bbox 1902 5407 3556 5484; baseline -0.002 -18"><span class='ocrx_word' id='word_1_784' title='bbox 1902 5428 2088 5484; x_wconf 88' lang='lat' dir='ltr'>quam</span> <span class='ocrx_word' id='word_1_785' title='bbox 2116 5427 2225 5483; x_wconf 89' lang='lat' dir='ltr'>par</span> <span class='ocrx_word' id='word_1_786' title='bbox 2253 5417 2339 5467; x_wconf 91' lang='lat' dir='ltr'>est</span> <span class='ocrx_word' id='word_1_787' title='bbox 2367 5412 2648 5476; x_wconf 84' lang='lat' dir='ltr'>maxime,</span> <span class='ocrx_word' id='word_1_788' title='bbox 2676 5409 2986 5466; x_wconf 80' lang='lat' dir='ltr'>conferant</span> <span class='ocrx_word' id='word_1_789' title='bbox 3013 5424 3218 5465; x_wconf 86' lang='lat' dir='ltr'>curam</span> <span class='ocrx_word' id='word_1_790' title='bbox 3247 5425 3259 5462; x_wconf 94' lang='lat'>:</span> <span class='ocrx_word' id='word_1_791' title='bbox 3289 5423 3480 5480; x_wconf 89' lang='lat' dir='ltr'>neque</span> <span class='ocrx_word' id='word_1_792' title='bbox 3509 5407 3556 5462; x_wconf 89' lang='lat' dir='ltr'>si</span> 
     </span>
    </p>
   </div>
   <div class='ocr_carea' id='block_1_121' title="bbox 271 5574 2278 5652">
    <p class='ocr_par' dir='ltr' id='par_1_121' title="bbox 271 5574 2278 5652">
     <span class='ocr_line' id='line_1_121' title="bbox 271 5574 2278 5652; baseline -0.002 -18"><span class='ocrx_word' id='word_1_793' title='bbox 271 5579 348 5650; x_wconf 89' lang='lat'>(3)</span> <span class='ocrx_word' id='word_1_794' title='bbox 391 5581 468 5634; x_wconf 88' lang='lat' dir='ltr'>De</span> <span class='ocrx_word' id='word_1_795' title='bbox 507 5576 626 5634; x_wconf 83' lang='lat' dir='ltr'>folii</span> <span class='ocrx_word' id='word_1_796' title='bbox 652 5575 859 5635; x_wconf 79' lang='lat' dir='ltr'>Alciat.</span> <span class='ocrx_word' id='word_1_797' title='bbox 893 5577 969 5634; x_wconf 87' lang='lat' dir='ltr'>De</span> <span class='ocrx_word' id='word_1_798' title='bbox 1000 5575 1300 5645; x_wconf 67' lang='lat' dir='ltr'>prmtorib.</span> <span class='ocrx_word' id='word_1_799' title='bbox 1332 5581 1386 5632; x_wconf 82' lang='lat' dir='ltr'>et</span> <span class='ocrx_word' id='word_1_800' title='bbox 1427 5575 1637 5631; x_wconf 79' lang='lat' dir='ltr'>honor.</span> <span class='ocrx_word' id='word_1_801' title='bbox 1663 5574 1926 5652; x_wconf 65' lang='lat' dir='ltr'>przfur.</span> <span class='ocrx_word' id='word_1_802' title='bbox 1961 5574 2062 5634; x_wconf 84' lang='lat' dir='ltr'>lib.</span> <span class='ocrx_word' id='word_1_803' title='bbox 2097 5575 2157 5628; x_wconf 89' lang='lat' dir='ltr'>C.</span> <span class='ocrx_word' id='word_1_804' title='bbox 2197 5577 2278 5630; x_wconf 81' lang='lat' dir='ltr'>t2.</span> 
     </span>
    </p>
   </div>
  </div>
