4020 6218
156 295 298 355 I309

1185 303 1744 362 ECCLESIASTICIE
1784 295 2143 360 HISTORIAE
2177 303 2315 362 LIB.
2364 306 2480 366 Vil.

3372 307 3514 371 4310

151 425 328 489 ληθεὶς
379 428 470 488 τὰς
505 429 750 488 τοιαύτας
786 426 954 480 αὐτῶν
995 429 1320 500 φιλονεικίας,
1381 431 1516 483 οὕτω
1574 427 1746 483 διατεά

1857 437 1916 483 se
1945 428 2227 486 hostilem
2273 431 2334 488 in
2384 435 2636 492 modum
2666 435 3056 508 pervicaciter
3107 439 3163 495 et
3217 436 3513 495 obstinate

151 523 428 581 τυπωκειν,
491 517 622 568 ὥστε
681 516 1066 569 ἀποσταλέντων
1138 517 1238 570 ἀπό
1314 529 1406 581 τῆς
1492 520 1747 580 Γαλατίας

150 615 300 655 τινῶν
356 609 671 672 ἐπισκόπων,
727 605 852 657 ἀλλὰ
899 611 1000 677 μὴν
1040 613 1127 659 καὶ
1177 617 1276 660 τῶν
1317 609 1604 666 κληθέντων
1644 608 1746 661 ἀπὸ

147 703 238 753 τῆς
291 693 543 766 Ἀφρικῆς
599 703 699 746 τῶν
757 695 809 758 ἐξ
857 695 1083 756 ἐναντίας
1142 704 1323 771 μοίρας
1392 699 1745 762 καταλλήλως,

147 781 458 843 ἓνστατικῶς
537 788 626 835 καὶ
702 787 950 855 ἓπιμόνως
1031 783 1503 859 διαγωνιζομένων,
1561 793 1750 858 παρόν-

145 889 239 932 τος
291 891 346 922 τι
385 876 474 924 καὶ
511 880 600 924 τοῦ
655 881 746 932 τῆς
795 873 993 944 Ῥώμης
1051 875 1358 941 ἐπισκόπου,
1422 884 1575 928 τοῦτο
1627 876 1746 950 ὅπερ

143 957 320 1011 ἐδόκει
380 963 710 1025 κεκινῆσθαι,
769 959 969 1035 δυνηθῇ
1025 965 1125 1015 ὑπό
1174 974 1265 1024 τῆς
1315 971 1608 1039 παρουσίας
1661 970 1752 1016 aii-

143 1057 244 1100 τῶν
307 1053 437 1120 μετὰ
474 1053 654 1110 πάσης
692 1051 959 1121 ἂπιμελοῡς
1008 1048 1325 1126 διακρίσεως
1387 1056 1751 1127 κατορθώσεως

142 1144 373 1208 τυχεῖν·
436 1137 542 1189 ἀλλ’
606 1133 811 1204 ἓπειδη,
884 1144 953 1201 ὡς
1039 1142 1334 1212 συμϐαίνει,
1397 1142 1752 1214 ἐπιλαθόμενοί

138 1242 296 1291 τινες,
356 1232 446 1279 καὶ
484 1235 581 1288 τῆς
636 1234 897 1300 σωτηρίας
940 1238 1037 1292 τῆς
1081 1227 1224 1292 ἰδίας
1275 1236 1360 1283 καὶ
1412 1239 1503 1282 τοῦ
1565 1231 1753 1283 σεϐάσ-

141 1335 310 1385 ματος
373 1324 464 1368 τοῦ
530 1317 852 1388 ὁφειλομένου
937 1327 1000 1391 τῇ
1081 1319 1344 1393 ἁγιωτάτῃ
1407 1323 1623 1395 αἱρέσει.
1679 1323 1753 1372 ἔτι

140 1410 232 1457 καὶ
272 1413 360 1456 νῦν
407 1415 502 1468 τῆς
544 1404 681 1466 ἰδίας
738 1410 940 1481 ἔχθρας
996 1415 1315 1481 παρατείνειν
1363 1409 1420 1461 οὐ
1474 1412 1750 1474 παύονται,

137 1499 214 1566 μὴ
280 1493 583 1568 βουλόμενοι
638 1505 700 1567 τῇ
763 1493 870 1554 ἠδη
925 1496 1251 1570 ἐξενεχθείση
1297 1501 1469 1570 κρίσει
1524 1500 1754 1550 συντίθε-

138 1586 291 1648 σθαι,
342 1589 430 1635 καὶ
471 1582 824 1657 διοριζόμενοι
875 1588 953 1638 ὅτι
1007 1583 1075 1644 δὴ
1119 1588 1222 1658 ἄρα
1280 1586 1445 1656 ὀλίγοι
1498 1591 1632 1648 τινες
1660 1589 1754 1648 τὰς

131 1681 348 1743 γνώμας
385 1678 473 1724 καὶ
528 1676 615 1733 τὰς
670 1673 956 1746 ἀποφάσεις
995 1677 1164 1726 αὐτῶν
1224 1676 1524 1746 ἐξήνεγκαν,
1569 1676 1611 1727 εὶ
1663 1682 1752 1728 καὶ

1855 519 2280 576 contenderent
2330 527 2508 594 atque
2561 531 2871 590 certarent,
2924 537 3213 599 prasente
3269 541 3512 600 quoque

1856 608 2127 662 Romano
2179 610 2482 683 episcopo,
2538 613 2599 668 id
2637 615 2801 687 quod
2851 618 2910 670 in
2950 617 3417 674 controversiam
3459 621 3514 672 et

1857 698 2361 754 concertationem
2396 702 2685 770 venisset,
2718 705 2776 758 in
2813 707 3129 777 praesentia
3154 717 3359 761 eorum
3383 706 3510 762 dili-

1857 784 2021 852 genti
2061 797 2204 842 cura
2257 789 2565 859 etjudicio
2607 791 2798 846 decidi
2840 794 3244 866 componique
3277 800 3503 865 pesset.

1858 872 2360 945 Quandoquidem
2386 891 2548 942 vero,
2565 879 2873 936 sicutitieri
2888 882 3055 950 solet,
3084 883 3334 954 quidam
3351 881 3513 938 salu-

1857 962 1931 1016 tis
1947 977 2091 1029 suae,
2106 963 2419 1036 cultusque
2439 972 2495 1022 et
2517 968 2930 1036 observantiae,
2954 987 3090 1042 quae
3113 971 3512 1026 sanctissima

1857 1050 2129 1120 religioni
2153 1052 2422 1120 debetur,
2450 1055 2640 1121 obliti,
2659 1057 2798 1113 odia
2818 1063 2996 1130 atque
3023 1060 3368 1115 inimicitias
3390 1075 3514 1114 am-

1860 1139 2017 1211 plius
2047 1155 2318 1198 exercere
2350 1158 2471 1199 non
2524 1145 2824 1212 desinunt,
2855 1163 3049 1220 neque
3099 1153 3178 1203 rei
3226 1149 3512 1220 judicatre

1861 1229 2244 1300 acquiescere
2282 1231 2512 1296 volunt,
2566 1249 2674 1306 per
2703 1239 3113 1308 exceptionem
3144 1237 3509 1306 objicientes,

1859 1333 2198 1388 perpaucos
2229 1321 2530 1391 quosdam
2555 1325 2914 1380 sententiam
2947 1326 3168 1396 tulisse,
3198 1327 3301 1398 qui
3331 1329 3511 1381 etiam

1860 1407 2026 1478 prius
2057 1407 2133 1463 ad
2165 1408 2530 1466 decisionem
2582 1413 2846 1469 celeriter
2883 1419 2938 1470 et
2961 1417 3176 1486 cupide
3207 1416 3514 1470 ferendam

1861 1495 2266 1562 accelerarint,
2307 1515 2492 1570 quam
2525 1502 2730 1556 omnia
2777 1517 2912 1574 quas
2942 1504 3160 1575 inquiri
3202 1515 3356 1575 Opus
3387 1503 3512 1571 fuit,

1861 1584 2176 1654 diligenter
2203 1593 2545 1644 etaccurate
2567 1592 2990 1646 excussissent.
3007 1593 3235 1658 Quibus
3253 1609 3319 1648 ex
3339 1593 3516 1647 rebits

1863 1675 2146 1729 omnibus
2171 1674 2315 1730 illud
2330 1677 2544 1740 evenit,
2566 1679 2820 1734 utsimul
2841 1685 2900 1735 et
2920 1680 2998 1735 illi
3021 1697 3174 1753 quos
3194 1682 3513 1736 fraternam

131 1765 209 1830 μή
293 1763 538 1834 πρότερον
618 1763 855 1814 ἁπάντων
917 1773 1015 1814 τών
1074 1764 1378 1835 ὀφειλόντων
1430 1765 1745 1828 ζητηθῆναι,

1861 1764 2242 1818 concordiam
2274 1769 2331 1819 et
2370 1767 2737 1822 unanitatem
2791 1765 3057 1824 obtinere
3105 1770 3326 1839 docuit,
3365 1770 3515 1840 turpi

135 1849 368 1922 ἀκριϐῶς
431 1850 805 1913 ἓξετασθέντων
870 1857 999 1926 πρὸς
1066 1858 1124 1905 τό
1197 1860 1289 1912 τὴν
1337 1860 1512 1926 κρίσιν
1561 1855 1750 1925 ἑξενίγ*

132 1959 230 1991 και
269 1943 404 1992 πάνυ
444 1945 650 2012 ταχέως
697 1948 785 1992 καὶ
838 1942 1012 2005 ὀξέως,
1066 1946 1326 1994 ἔσπευσαν
1359 1963 1370 1974 ο
1426 1945 1481 1994 ἔκ
1526 1961 1581 1994 τε
1624 1945 1748 1994 τού-

129 2047 236 2080 των
294 2029 532 2080 ἁπάντων
598 2033 764 2081 ἐκεῖνα
838 2030 1112 2101 συμϐαίνει
1175 2033 1417 2102 γενέσθαι
1461 2047 1474 2060 ⁸
1542 2035 1601 2082 τὸ
1657 2037 1747 2083 καὶ

130 2121 357 2178 τούτους
410 2118 617 2179 αὐτούς,
677 2115 959 2190 ἀδελφικὴν
1013 2125 1102 2172 καὶ
1159 2122 1420 2191 ὁμόφρονα
1460 2119 1744 2191 ὀφείλοντας

131 2209 282 2277 ἔχειν
338 2207 675 2278 ὁμοψυχίαν,
719 2209 982 2282 αἰσχρῶς,
1025 2210 1211 2280 μᾶλλον
1265 2206 1323 2261 δὲ
1373 2219 1620 2282 μυσαρώς
1657 2210 1745 2261 ἁλι

128 2295 303 2352 ληλων
359 2291 749 2356 ἀποδιαστῆναι
785 2313 797 2325 ·
859 2303 947 2349 καὶ
983 2307 1091 2350 τοῖν
1153 2295 1442 2370 ἀνθρώποις
1492 2307 1598 2358 τοῖς
1655 2302 1744 2359 τὰς

130 2383 406 2456 ἀλλοτρίας
463 2389 654 2456 ἔχουσι
725 2387 894 2458 ρυχὰς
939 2387 1040 2438 ἀπὸ
1104 2395 1199 2448 τῆς
1264 2387 1560 2458 ἁγιωτάτης
1615 2389 1740 2458 θρη-

131 2478 317 2536 σκείας
346 2477 558 2537 ταύτης,
602 2479 862 2548 πρόφασιν
910 2476 1106 2546 χλεύης
1145 2473 1377 2528 διδόναι.
1418 2476 1570 2528 Ὀθεν
1608 2495 1738 2548 προ-

123 2566 338 2618 νοητέον
391 2583 479 2633 μοι
547 2562 756 2633 ἐγένετο,
809 2566 947 2625 ὅπως
999 2572 1150 2616 τοῦτο
1214 2567 1334 2638 ὅπερ
1396 2564 1559 2637 ἐχρῆν
1609 2566 1740 2636 μετὰ

125 2656 226 2707 την
255 2651 612 2722 ἐξενεχθεῖσαν
651 2651 758 2710 ἠδη
793 2659 964 2723 κρίσιν
1012 2657 1301 2724 αὐθαιρέτῳ
1353 2657 1740 2724 συγκαταθέσει

131 2743 457 2804 πεπαῦσθαι,
505 2743 599 2792 κᾶν
657 2750 744 2792 νῦν
795 2761 918 2794 ποτε
959 2739 1157 2814 δυνηθῇ
1222 2743 1417 2794 πολλῶν
1476 2749 1740 2816 παρόντων

124 2830 306 2890 τέλους
368 2837 569 2900 τυχεῖν.
640 2828 853 2888 Ἐπειδὴ
896 2837 1065 2883 τοίνυν
1121 2831 1395 2892 πλείστους
1444 2831 1498 2883 ἐκ
1548 2830 1742 2904 διαφό-

127 2937 236 2990 ρων
273 2923 364 2970 καὶ
407 2918 684 2990 ἀμυθήτων
724 2927 892 2971 τόπων
949 2921 1267 2982 ἐπισκόπους
1325 2921 1396 2982 εὶς
1446 2926 1541 2979 τὴν
1580 2923 1736 2993 Ἀρε-

130 3006 404 3063 λατησίων
433 3007 579 3060 πόλιν
639 3011 763 3060 εἵσω
807 3005 1078 3060 καλανδῶν
1134 3010 1453 3080 Αύγούστων
1487 3011 1742 3063 συνελθεῖν

135 3095 493 3167 ἐκελεύσαμεν,
544 3102 634 3148 καί
700 3116 783 3148 σοι
839 3097 1044 3171 γράψαι
1101 3097 1410 3170 ἐνομίσαμεν
1452 3116 1464 3128 ·
1523 3101 1604 3152 ἶνα
1658 3099 1746 3151 λα-

135 3184 239 3236 ϐὼν
279 3189 425 3257 παρὰ
491 3194 583 3238 τοῦ
639 3187 1006 3260 λαμπροτάτου
1067 3193 1430 3261 Λατρωνιανοῦ
1491 3197 1582 3241 τοῦ
1639 3209 1745 3242 κεν-

136 3280 390 3349 τίκτωρος
429 3275 659 3337 Σεκελίας
723 3273 983 3348 δημόσιον
1032 3281 1233 3349 ὄχημα,
1289 3278 1543 3340 συζεύξας
1582 3278 1747 3349 ἐαυτῷ

139 3369 231 3415 καὶ
285 3360 384 3415 δύο
423 3369 483 3435 γέ
541 3383 683 3426 τινας
720 3374 818 3416 τῶν
872 3365 926 3418 ἐκ
964 3374 1056 3418 τοῦ
1113 3365 1358 3440 δευτέρου
1414 3370 1616 3440 θρόνου,
1658 3369 1748 3430 οὓς

142 3454 201 3503 ἄν
261 3457 326 3504 σὺ
392 3455 548 3515 αὐτὸς
600 3453 934 3516 ἐπιλέξασθαι
1017 3461 1256 3527 κρίνας’
1317 3457 1446 3508 ἀλλὰ
1501 3463 1602 3529 μην
1660 3461 1744 3508 καὶ

141 3551 280 3615 τρεῖς
328 3541 522 3603 παῖδας
573 3547 689 3603 τοὺς
730 3541 1115 3614 δυνησομένους
1169 3547 1290 3616 ὑμῖν
1334 3549 1468 3598 κατὰ
1496 3551 1590 3604 τήν
1621 3543 1744 3597 ὀδόν

139 3634 517 3705 ὑπηρετεῖσθαι
583 3632 914 3704 παραλαϐὼν,
998 3637 1119 3684 εἵσω
1174 3642 1268 3695 τῆς
1326 3635 1483 3694 αὐτῆς
1549 3636 1744 3706 ἡμέρας

138 3724 226 3772 ἐπὶ
279 3728 350 3788 τῷ
405 3727 762 3794 προειρημένῳ
808 3728 950 3792 τόπῳ
1008 3721 1340 3779 ἀπάντησον’
1377 3726 1445 3783 ὡς
1485 3724 1546 3773 ἄν
1573 3721 1666 3774 διά
1691 3741 1744 3773 τε

137 3819 231 3870 τῆς
275 3817 373 3870 σῆς
414 3811 757 3884 στερρότητος
819 3816 906 3862 καὶ
949 3807 1043 3862 διὰ
1093 3819 1188 3870 τῆς
1237 3812 1419 3870 λοιπῆς
1471 3819 1569 3862 τῶν
1624 3830 1744 3862 συν-

143 3905 324 3950 ιόντων
408 3899 689 3971 ὀμοψύχου
756 3905 844 3952 καὶ
928 3901 1216 3972 ὁμόφρονος
1295 3904 1569 3963 συνέσεως,
1654 3905 1743 3952 καὶ

140 3995 301 4038 τοῦτο
333 3988 451 4061 ὅπερ
484 3989 618 4062 ἄχρι
649 3996 737 4040 τοῦ
782 3986 936 4060 δεῦρο
979 3989 1182 4059 φαύλως
1218 3986 1290 4040 δι’
1337 3989 1571 4063 αἰσχράς
1599 4009 1743 4050 τινας

1537 4080 1741 4129 πάντων

141 4077 484 4148 ζυγομαχίας
554 4081 995 4148 παραμεμένηκεν,
1089 4077 1445 4130 ἀκουσθέντων

137 4173 240 4216 τῶν
288 4165 570 4235 μελλόντων
621 4166 981 4236 λεχθήσεσθαι
1020 4169 1161 4239 παρὰ
1225 4176 1322 4217 τῶν
1370 4174 1458 4217 νῦν
1512 4168 1637 4237 ἡμῖν
1697 4165 1784 4218 ἀπ’
1842 4165 2072 4222 ἀλλήλων
2140 4160 2458 4228 διεστώτων,

135 4254 414 4325 λεύσαμεν,
474 4250 721 4312 δυνηθείη
781 4259 874 4312 τὴν
949 4255 1276 4326 ὀφειλομένην
1354 4258 1637 4326 θρησκείαν
1697 4261 1786 4307 καὶ
1844 4273 2046 4317 πιστιν,

1862 1853 2145 1922 quodam,
2165 1868 2267 1907 seu
2286 1855 2487 1924 potius
2519 1856 2874 1912 detestanda
2895 1867 3077 1923 more,
3109 1871 3212 1929 per
3235 1860 3519 1914 secessio-

1860 1953 2001 1995 nem
2031 1941 2181 1996 inter
2214 1958 2275 1996 se
2310 1941 2637 1998 dissideant
2665 1959 2679 1999 ε
2713 1950 2769 2000 et
2799 1945 3152 2001 hominibus
3185 1948 3349 2018 quia
3385 1955 3515 2001 san-

1861 2029 2132 2085 ctissima
2160 2030 2446 2100 religione
2501 2033 2698 2088 alieno
2735 2039 2872 2088 sunt
2904 2037 3131 2098 animo,
3171 2035 3413 2090 occasio
3444 2035 3515 2090 ri.

1858 2117 2041 2173 dendi
2075 2123 2253 2190 atque
2293 2119 2667 2176 obtrectandi
2701 2124 2774 2177 sit
2812 2123 3084 2193 praebita.
3122 2125 3329 2196 Itaque
3382 2135 3515 2195 pro-

1857 2207 2187 2262 videndum
2219 2207 2366 2263 mihi
2398 2213 2508 2276 est,
2539 2209 2702 2282 quod
2730 2212 2963 2267 dudum
2995 2219 3129 2284 post
3160 2213 3513 2268 sententiam

1853 2295 2038 2350 latam
2056 2302 2388 2366 spontanee
2405 2301 2803 2355 transactione
2817 2303 3215 2373 compositum
3233 2302 3514 2372 oportuit,

1855 2389 1920 2438 ut
1943 2384 2002 2438 id
2034 2396 2193 2440 nunc
2226 2387 2468 2441 tandem
2497 2387 2696 2442 multis
2727 2390 3126 2459 praesentibus
3151 2393 3332 2445 tinem
3352 2389 3514 2444 debi-

1853 2478 1979 2528 tum
2027 2482 2447 2547 consequatur.
2506 2477 2906 2550 Posteaquam
2946 2479 3125 2548 igitur
3169 2495 3238 2534 ex
3265 2479 3514 2533 diversis

1851 2563 2244 2636 plurimisque
2264 2564 2408 2620 locis
2437 2568 2756 2637 episcopos
2786 2569 2844 2622 in
2869 2568 3272 2624 Arelatensem
3314 2569 3515 2623 civita-

1851 2661 1971 2714 tem
2012 2652 2166 2708 intra
2204 2653 2498 2710 Calendas
2539 2657 2790 2724 Augusti
2833 2658 3152 2712 convenire
3186 2658 3508 2727 jussiinus,

1853 2740 1958 2796 tibi
1986 2756 2230 2813 quoque
2269 2743 2656 2800 scribendum
2698 2761 2827 2800 esse
2859 2747 3224 2809 censuimus,
3260 2753 3321 2801 ut
3351 2759 3515 2801 acce-

1851 2838 1957 2902 pta
1986 2831 2112 2886 viro
2142 2833 2501 2898 clarissimo,
2522 2835 2881 2891 Latroniano
2899 2838 3258 2892 conductore
3277 2836 3513 2903 Sicilire,

1853 2919 2108 2991 publicae
2134 2927 2387 2977 vecturae
2420 2927 2645 2979 tessera
2685 2942 2698 2976 :
2745 2923 3107 2997 duobusque
3139 2926 3268 2981 aliis
3301 2941 3374 2980 ex
3427 2941 3518 2979 se-

1856 3009 2056 3064 cundo
2085 3010 2313 3076 ordine,
2356 3027 2510 3082 quos
2550 3013 2680 3085 ipse
2711 3013 3018 3082 eligendos
3051 3011 3375 3086 putaveris,
3407 3009 3511 3070 tibi

1857 3098 2175 3169 adjunctis,
2210 3103 2266 3155 et
2293 3102 2495 3171 pueris
2529 3102 2718 3157 tribus
2766 3103 2868 3175 qui
2901 3103 2962 3158 in
2990 3104 3196 3159 itinere
3227 3104 3398 3159 vobis
3430 3104 3513 3159 in-

1856 3187 2119 3243 serviant
2148 3190 2501 3262 assumptis,
2531 3190 2685 3246 intra
2716 3207 2849 3246 eam
2881 3193 3040 3248 diem
3071 3194 3129 3247 in
3161 3209 3299 3248 eum
3331 3207 3514 3264 quem

1855 3277 2118 3332 diximus
2144 3277 2343 3333 locum
2371 3279 2705 3349 pervenias.
2737 3283 2805 3336 Ut
2825 3297 2930 3352 per
2946 3281 3296 3350 gravitatem
3323 3287 3512 3344 tuam,

1852 3365 2345 3439 reliquorumque
2397 3368 2498 3440 qui
2534 3368 2614 3424 ibi
2644 3371 3022 3435 convenient,
3074 3371 3424 3426 unanimem
3458 3376 3514 3426 et

1854 3455 2324 3510 consentientem
2352 3456 2756 3526 prudentiam,
2778 3459 3184 3513 controversia
3201 3474 3335 3530 quae
3363 3459 3510 3513 huc-

1854 3558 2046 3613 usque
2078 3559 2200 3597 non
2226 3548 2382 3598 recte
2412 3559 2517 3614 per
2555 3543 2779 3599 foedam
2812 3546 3072 3600 intestini
3105 3546 3342 3601 dissidii
3375 3562 3513 3600 con-

1853 3631 2178 3686 tentionem
2231 3631 2488 3695 duravit,
2527 3631 2703 3704 509
2753 3635 3038 3688 omnibus
3089 3650 3225 3706 quae
3272 3632 3408 3688 hinc
3457 3640 3511 3688 et

1851 3719 1992 3774 inde
2019 3719 2096 3773 ab
2128 3719 2196 3772 iis
2227 3719 2519 3784 dicentur,
2571 3723 2671 3791 qui
2714 3721 2865 3776 inter
2918 3738 2980 3776 se
3009 3721 3320 3785 dissident,
3355 3735 3507 3794 quos

1851 3807 2064 3862 abesse
2087 3807 2167 3862 ibi
2183 3809 2360 3863 etiam
2386 3810 2806 3880 praecepimus,
2831 3810 3066 3874 auditis,
3088 3811 3176 3865 vel
3201 3823 3361 3865 nunc
3384 3817 3510 3866 tan—

1851 3895 1990 3950 dem
2021 3897 2099 3952 ad
2137 3896 2405 3952 debitum
2438 3898 2683 3963 cultum,
2720 3898 3151 3969 professionem
3195 3899 3511 3954 concordl-

1851 4001 2071 4058 amque
2125 3986 2450 4041 fraternam
2507 3987 2709 4042 reduci
2768 3993 2969 4058 queat.
3031 3987 3398 4044 Incolumem
3455 3996 3507 4044 te

1852 4079 2006 4132 Deus
2038 4075 2421 4146 omnipotens
2445 4075 2506 4130 in
2540 4075 2758 4130 multos
2787 4091 2979 4130 annos
3006 4084 3338 4132 conservet.
3373 4097 3400 4127 »

2553 4163 2745 4236 οὕσπερ
2819 4165 3009 4236 ὁμοίως
3084 4173 3321 4237 παρεῖναι
3399 4164 3509 4217 ἐκε-

2123 4249 2406 4323 ἆδελφικήν
2470 4271 2524 4304 τε
2583 4255 2843 4324 ὁμόνοιαν,
2932 4260 3026 4305 κᾶν
3095 4253 3330 4329 βραδέως
3387 4255 3508 4306 ἁνα-

134 4343 418 4400 κληθῆναι.
449 4342 773 4414 ’Υγιαίνοντά
805 4361 861 4395 σε
893 4344 918 4394 ὁ
946 4347 1073 4404 Θεὸς
1105 4346 1129 4396 ὁ
1161 4347 1526 4418 παντοκράτωρ
1562 4342 1875 4416 διαφυλάξοι
1901 4341 1984 4395 ἐπὶ
2015 4341 2216 4401 πολλοῖς
2247 4345 2386 4393 ἔτεσι
2417 4361 2470 4394 ››.

745 4493 984 4540 ΚΕΦΑΛ.
1029 4494 1137 4541 ΜΔ.

138 4595 296 4664 Περὶ
332 4600 447 4651 τῆς
483 4599 591 4644 τοῦ
653 4589 1016 4667 δυσσεϐοῦς
1073 4598 1378 4646 Λικινίου
1438 4591 1739 4667 διαστροο

213 4670 353 4734 φῆς,
394 4669 502 4715 καὶ
540 4672 656 4715 τῶν
720 4664 805 4716 ἐπ’
845 4665 1042 4716 αὑτοῦ
1081 4664 1662 4739 μαρτυρησάντων,

212 4777 393 4821 Ταῦτα
441 4773 499 4822 τό
555 4790 610 4841 γε
667 4779 754 4821 νῦν
809 4773 933 4841 ἔχον
985 4775 1268 4843 νομοθετῶν
1302 4768 1535 4834 διετέλει,
1584 4772 1746 4843 ἀφθό-

134 4879 229 4911 νου
282 4864 724 4931 πρυτανευομίνης
781 4862 904 4931 ἡμῖν
953 4859 1006 4911 ἐκ
1062 4871 1194 4913 Θεοῦ
1253 4869 1344 4920 τῆς
1383 4862 1605 4933 εἰρήνης,
1657 4864 1744 4912 καὶ

134 4956 238 5010 τῆς
285 4947 526 5020 οὐρανίου
583 4950 807 5020 χάριτος
858 4948 992 4999 οὕτω
1046 4946 1372 5020 δωρουμένης
1437 4953 1493 5000 τό
1548 4949 1746 5000 ἐλευθέ-

133 5057 276 5112 ριον.
342 5041 521 5088 Ταῦτα
581 5033 638 5088 δὲ
693 5043 856 5111 φέρειν
934 5037 1026 5088 οὐκ
1081 5034 1140 5095 ἧν
1195 5039 1379 5090 ἀνεκτὰ
1416 5047 1488 5108 τῷ
1537 5037 1747 5111 ἀρχαίῳ

136 5134 236 5178 τοῦ
313 5129 491 5194 γένους
571 5128 715 5197 ἡμῶν
782 5126 1030 5197 πολεμίῳ.
1089 5127 1294 5180 Αὐτίκα
1347 5130 1447 5197 γὰρ
1516 5133 1747 5179 Λικίνιον

137 5209 473 5266 ὑποδύεται·
547 5219 635 5265 καὶ
701 5221 792 5265 τοὺ
854 5220 1112 5286 σώφρονος
1188 5215 1342 5266 αὐτόν
1410 5215 1749 5286 ὑπεξαγαγὼν

139 5303 422 5373 λογισμοῦ,
479 5305 606 5377 πρὸς
663 5299 921 5377 διαφορὰν
1000 5302 1153 5354 ἐκίνει
1200 5313 1272 5373 τῷ
1334 5309 1746 5375 Κωνσταντίνῳ.

140 5395 198 5444 ὃν
239 5391 412 5453 αὐτὸς,
469 5392 558 5444 ἁτε
608 5389 674 5450 δὴ
726 5400 832 5452 τοῖς
890 5395 1023 5443 κατὰ
1055 5393 1344 5462 Μαξιμῖνον
1392 5393 1636 5464 πολέμοις
1676 5393 1754 5444 et}.

141 5475 508 5552 δοκιμώτατον
565 5489 838 5552 γεγονότα,
919 5480 1195 5553 βασιλείας
1262 5501 1314 5533 τε
1369 5481 1584 5552 ὀνόματι
1643 5481 1754 5537 ἐπε-

141 5573 384 5642 φημιζεο
445 5575 534 5621 καὶ
584 5567 962 5642 Νικομήδειαν,
1043 5575 1131 5620 καὶ
1177 5574 1264 5627 τὴν
1334 5575 1453 5644 περὶ
1536 5573 1751 5643 Θράκην

2465 4487 2692 4542 CAPUT
2726 4489 2906 4542 XLIV.

1850 4595 1937 4648 De
1963 4593 2133 4662 impii
2179 4591 2395 4646 Licinii
2423 4594 2831 4665 perversitate,
2865 4601 2920 4649 et
2949 4596 3052 4665 qui
3081 4595 3188 4649 sub
3220 4610 3284 4651 eo
3339 4595 3505 4664 passi

2404 4663 2522 4718 sint
2560 4667 2954 4734 martyribus.

1926 4769 2350 4841 Hujuscemodi
2395 4770 2491 4826 ille
2550 4775 2677 4826 tum
2721 4771 2882 4841 leges
2930 4772 3508 4843 constitutionesque

1854 4859 2102 4923 ferebat,
2134 4875 2269 4914 cum
2326 4859 2624 4914 uberrime
2677 4861 2850 4914 nobis
2890 4861 3042 4916 Deus
3074 4878 3283 4929 pacem
3335 4862 3512 4916 crete-

1856 4949 2077 5019 stisque
2097 4948 2285 5016 gratia
2307 4946 2640 5002 libertatem
2664 4948 3058 5019 prolixissime
3080 4949 3358 5004 dedisset.
3390 4952 3510 5004 (ἰω-

1858 5042 2048 5092 terum
2101 5035 2162 5091 id
2210 5035 2359 5090 ferre
2409 5050 2528 5090 non
2567 5037 2756 5107 potuit
2799 5038 3081 5108 antiquus
3141 5038 3235 5096 ille
3277 5040 3508 5106 generis

1856 5126 2042 5181 nostri
2077 5124 2290 5180 hostis.
2325 5125 2612 5178 Continuo
2652 5125 2811 5179 enim
2847 5126 3131 5181 Licinium
3171 5127 3509 5197 occupavit,

1859 5231 2118 5286 eumque
2137 5230 2174 5268 a
2198 5218 2359 5268 recta
2391 5214 2682 5268 sententia
2699 5213 3049 5280 abductum,
3071 5217 3146 5270 ad
3167 5217 3506 5270 inimicitias

1861 5304 2153 5359 adversus
2196 5301 2649 5357 Constantinum
2695 5303 3113 5373 suscipiendas
3167 5307 3459 5373 permovit
3495 5321 3508 5358 :

1861 5405 2041 5465 quem
2074 5391 2186 5456 ille,
2219 5390 2381 5462 quod
2419 5406 2702 5460 magnam
2735 5393 2792 5445 in
2825 5392 2980 5446 bello
3012 5401 3220 5446 contra
3251 5392 3512 5447 Maximi-

1861 5497 2009 5536 num
2045 5486 2209 5550 gesto
2241 5477 2492 5548 gloriam
2525 5485 2884 5534 consecutus
2912 5481 3121 5542 fuerat.
3153 5498 3289 5534 cum
3332 5481 3516 5549 impe-

1861 5571 2076 5627 ratoris
2103 5567 2348 5625 nomine
2377 5563 2697 5634 decoravit,
2744 5573 2870 5625 tum
2894 5571 2945 5624 ei
2976 5570 3357 5637 Nicomediae,
3397 5570 3511 5624 He-
