4020 6218
540 268 679 328 1311

1870 272 2263 332 NICEPHORI
2303 272 2629 332 CALLISTI

3717 277 3819 339 i312

537 398 745 456 racleas
774 398 852 472 (t)
882 415 1018 474 quae
1070 399 1150 458 ad
1199 399 1517 458 Thraciam
1560 404 1667 468 est,
1716 402 1895 473 atque
1936 401 2187 458 Orientis

2306 402 2623 479 Ἡράκλειαν,
2680 408 2770 455 καὶ
2799 405 2895 461 τὴν
2949 399 3050 456 Ἕω
3107 401 3209 455 ύπό
3247 407 3409 473 χεῖρα
3455 395 3818 457 indulsim-

536 489 820 547 ditionem
905 490 1191 562 permisit.
1269 490 1526 547 Licinius
1596 495 1817 558 autem,
1898 506 2039 548 cum
2119 506 2191 546 ea

537 594 674 651 quas
722 578 1022 651 prioribus
1071 580 1344 651 tyrannis
1387 580 1749 647 acciderant,
1798 587 2002 637 nosset
2033 580 2190 653 (quas

536 666 784 739 quidem
844 684 984 724 eum
1050 674 1111 723 ut
1188 668 1430 725 saniora
1495 673 1843 742 sequeretur
1920 669 2189 735 consilia,

537 755 780 812 abunde
810 756 953 812 satis
986 756 1314 813 admonere
1353 758 1673 831 poterant),
1703 762 1760 815 et
1805 774 1945 814 cum
1970 759 2191 815 sororis

538 844 907 901 Constantini
941 846 1188 901 maritus
1237 852 1408 912 esset,
1459 847 1866 920 dignitateque
1907 854 1964 905 et
2002 847 2194 916 gloria

534 934 615 989 ab
644 933 744 989 illo
760 935 1058 990 secundas
1082 936 1395 1002 obtineret,
1416 936 1743 993 imitatione
1767 937 1899 1008 ejus
1933 937 2189 1007 abjecta,

536 1027 846 1095 tyrannos,
877 1038 1137 1096 quorum
1169 1024 1541 1080 eversionem
1580 1030 1760 1097 atque
1790 1026 2111 1087 interitum,
2144 1024 2194 1080 si

537 1114 671 1184 quis
702 1114 877 1178 alius,
920 1119 977 1169 et
1016 1115 1142 1185 ipse
1183 1114 1446 1170 maxime
1476 1115 1717 1181 viderat,
1766 1115 2035 1171 aemulari
2070 1131 2194 1171 ma-

536 1200 665 1256 luit.
699 1203 1071 1273 Quapropter
1099 1218 1239 1258 cum
1263 1201 1379 1258 alia
1406 1204 1611 1258 omnia
1643 1204 2045 1276 parvipendit,
2067 1208 2193 1259 tum

537 1289 887 1346 afﬁnitatem
908 1290 1087 1346 etiam
1104 1297 1161 1346 et
1181 1290 1815 1363 fmderajurejurando
1837 1292 2195 1348 conﬁrmata

539 1381 917 1450 contempsit,
954 1382 1152 1434 varios
1202 1379 1490 1435 adversus
1518 1382 1967 1437 Constantinum
2020 1380 2193 1436 dolos

539 1474 793 1535 struens,
828 1475 886 1523 et
913 1469 1226 1525 benefacta
1256 1469 1420 1526 mala
1449 1470 1643 1540 gratia
1661 1486 2054 1541 compensare
2076 1475 2194 1525 stu-

539 1556 709 1612 dens.
757 1558 840 1611 Ac
892 1557 1154 1629 primum
1187 1558 1433 1630 quidem
1475 1558 1724 1614 insidias
1770 1558 2096 1626 occultans,
2139 1563 2196 1614 et

539 1646 863 1701 amicitiam
891 1646 1201 1711 simulans,
1236 1662 1393 1719 saepe
1414 1646 1729 1703 fraudibus
1761 1648 1929 1703 illum
1956 1663 2195 1719 aggres-

540 1734 823 1799 sus,nihil
842 1742 1039 1790 tamen
1055 1738 1190 1804 egit.
1215 1736 1667 1806 lnexpugnabili
1689 1737 1851 1792 enim
1894 1738 2195 1808 vi,utpote
2228 1760 2271 1816 Β

543 1824 659 1879 Deo
685 1823 927 1889 cbarus,
978 1824 1248 1879 munitus
1277 1830 1400 1879 erat
1430 1837 1442 1876 :
1505 1828 1561 1881 et
1588 1840 1724 1897 quis
1753 1825 1940 1881 hostis
1979 1826 2107 1897 ipse
2135 1825 2195 1881 in

538 1912 737 1968 cordis
783 1912 1027 1967 latebris
1073 1912 1191 1968 alia
1238 1929 1420 1983 super
1448 1912 1565 1969 alia
1596 1914 1883 1979 struebat,
1917 1913 2195 1970 facillime

540 2001 666 2072 ipse
683 2001 742 2055 in
764 2000 959 2056 lucem
988 2001 1280 2072 producta
1302 2002 1671 2072 coarguebat
1690 2007 1871 2074 atque
1896 2004 2197 2074 opprime-

539 2087 662 2143 bat.
695 2090 838 2144 Tam
873 2106 1135 2160 praesens
1180 2089 1259 2144 illi
1301 2090 1484 2145 divini
1533 2090 1727 2146 cultus
1758 2095 1816 2146 et
1838 2092 2071 2163 pietatis
2101 2109 2199 2147 ar-

542 2182 779 2233 matura
826 2177 1114 2234 auxilium
1168 2177 1248 2233 ad
1288 2178 1542 2235 salutem
1581 2178 1796 2235 attulit.
1841 2184 2031 2251 Atque
2069 2180 2197 2252 ipse

537 2265 805 2337 quidem,
836 2268 941 2339 qui
974 2268 1033 2322 in
1064 2273 1231 2323 tanta
1255 2267 1421 2339 apud
1453 2270 1641 2323 Deum
1669 2273 1823 2324 esset
1847 2269 2062 2338 gratia,
2094 2285 2196 2325 oc-

541 2352 731 2409 cultos
760 2354 918 2410 illius
951 2361 1202 2411 conatus
1247 2354 1325 2411 ad
1367 2356 1528 2412 hunc
1561 2356 1811 2412 modum
1841 2356 2068 2427 eﬂugit.
2097 2357 2198 2413 ille

541 2448 740 2498 autem
764 2443 929 2515 quod
960 2443 1193 2499 insidiae
1224 2443 1613 2500 clandestinae
1641 2445 1695 2501 ei
1725 2446 1927 2501 minus
1956 2462 2030 2502 ex
2061 2462 2199 2502 sen-

545 2532 724 2586 tentia
780 2532 1183 2597 succederent,
1217 2533 1338 2588 Deo
1385 2532 1518 2588 illas
1544 2533 1606 2588 in
1654 2539 1929 2605 apertum
1977 2540 2198 2606 pertra-

540 2618 737 2683 hente,
756 2622 901 2675 citra
918 2620 1457 2677 dissimulationem
1481 2621 1795 2693 propalam
1821 2638 1883 2678 se
1905 2622 2199 2678 adversus

543 2706 1018 2773 Constantinum.
1047 2709 1297 2766 fortasse
1328 2717 1530 2767 autem
1573 2711 1772 2767 dicere
1829 2711 1985 2773 licet,
2017 2712 2198 2768 etiam

541 2797 831 2853 adversus
882 2814 1081 2854 rerum
1112 2798 1388 2854 omnium
1423 2802 1631 2867 Deum,
1656 2816 1839 2873 quem
1872 2800 1951 2856 ab
1981 2816 2053 2856 eo
2085 2801 2198 2856 coli

542 2886 791 2955 sciebat,
841 2889 1118 2944 armavit.
1156 2889 1332 2961 510
1381 2888 1644 2944 Primum
1696 2889 1879 2959 igitur
1905 2889 2199 2962 paulatim

543 2975 929 3041 Christianos,
963 2979 1067 3049 qui
1108 2978 1224 3032 sub
1270 2977 1496 3033 ditione
1537 2978 1668 3048 ejus
1699 2986 1887 3045 erant,
1928 2994 2199 3051 premere

542 3068 722 3134 atque
752 3080 1105 3135 oppugnare
1124 3071 1213 3120 est
1241 3080 1603 3136 aggressus:
1629 3066 1849 3122 deinde
1882 3073 2080 3123 mente
2119 3066 2198 3122 ab

542 3149 718 3206 insita
761 3152 877 3206 sibi
902 3153 1140 3209 insania
1188 3159 1423 3225 captus,
1456 3154 1834 3211 manifestam
1862 3161 2070 3212 contra
2107 3171 2199 3210 ec-

543 3239 757 3295 clesias
785 3242 1115 3295 commovit
1145 3242 1625 3312 persecutionem
1657 3259 1671 3298 :
1705 3242 1976 3301 futurum
2004 3247 2195 3311 ratus,

543 3334 608 3383 ut
692 3327 1118 3385 Constantinus
1197 3328 1480 3400 religione
1560 3330 1892 3402 periclitan,
1955 3348 2197 3389 summo

543 3417 880 3475 afficeretur
932 3434 1206 3474 maerore.
1230 3421 1432 3490 Neque
1452 3434 1589 3474 eum
1620 3419 1865 3485 latebat,
1912 3420 2198 3478 ecclesias

543 3523 650 3579 pro
701 3506 801 3562 illo
847 3522 1039 3572 orare,
1086 3513 1265 3580 atque
1294 3507 1532 3563 studere
1566 3513 1626 3563 ut
1657 3507 1771 3564 sub
1809 3508 1965 3564 illius
1997 3515 2199 3566 essent

542 3596 814 3668 imperio.
868 3595 929 3651 1n
975 3597 1184 3668 primis
1228 3612 1366 3652 vero
1419 3595 1655 3653 delectu
1708 3598 1995 3664 instituto,
2038 3599 2196 3655 Chri-

544 3683 773 3740 stianos
802 3700 1013 3741 omnes
1042 3700 1074 3740 e
1117 3685 1302 3741 domo
1331 3685 1678 3757 familiaque
1717 3702 1828 3743 sua
1851 3688 2046 3757 exegit
2089 3687 2193 3760 (2),

542 3773 876 3846 militesque
905 3777 1009 3847 qui
1039 3774 1419 3830 daemonibus
1450 3774 1786 3831 sacriﬁcare
1812 3775 2060 3843 nollent,
2091 3778 2197 3832 bo-

541 3878 687 3919 nore
747 3863 1155 3935 dignitateque
1216 3863 1503 3935 spoliatos
1567 3866 1998 3922 exauctoravit.
2068 3869 2197 3922 Mox

538 3952 704 4021 leges
735 3951 1071 4023 illegitimas
1102 3957 1159 4007 et
1181 3952 1419 4023 iniquas
1452 3953 1598 4022 tulit,
1646 3954 1708 4008 in
1738 3954 2030 4010 custodiis
2056 3971 2197 4011 con-

542 4040 729 4096 clusis
769 4040 1244 4096 misericordiam
1290 4056 1534 4096 omnem
1582 4040 1889 4107 claudens,
1931 4049 1988 4099 et
2039 4044 2197 4099 Chri-

543 4129 756 4184 stianis
783 4128 1172 4200 deprehensis
1200 4129 1444 4185 easdem
1475 4145 1631 4201 quas
1662 4129 1951 4185 maleﬁcis
1983 4147 2195 4201 pinnas

542 4218 896 4274 decernens.
928 4218 1074 4283 Quid
1104 4232 1216 4286 ego
1266 4233 1426 4273 nunc
1468 4218 1692 4282 dicam,
1723 4234 1860 4291 quas
1901 4219 1997 4275 ille
2031 4222 2197 4291 prius

541 4307 811 4362 inaudita
837 4307 911 4362 de
934 4308 1068 4377 conj
1080 4306 1231 4376 ugiis
1256 4307 1571 4362 statuerit?
1599 4323 1735 4379 qum
1757 4323 1913 4364 novo
1929 4310 2197 4381 quodam

543 4396 728 4452 modo
773 4396 830 4450 in
861 4394 1173 4451 defunctos
1212 4395 1577 4452 admiserit?
1621 4402 1914 4468 quantam
1976 4399 2105 4453 auri
2143 4404 2200 4454 et

2297 512 2385 543 νυν
2442 497 2513 564 μὴ
2562 494 2627 544 τὰ
2663 500 2771 554 τοῖς
2810 493 3034 563 πρόσθεν
3083 493 3353 563 τυράννοις
3405 489 3673 561 συμϐάντα
3708 500 3826 561 γηνς,

2299 579 2534 655 αὐτάρκη
2601 584 2701 653 γὰρ
2755 584 2921 634 ἑκεῐνα
2971 581 3172 641 πάντως
3238 586 3483 651 σώφρονα
3532 582 3744 649 συνάγειν
3775 590 3833 633 τὸν

2300 669 2575 742 λογισμόν,
2630 669 2868 743 γαμϐρός
2926 689 2980 722 τε
3049 670 3121 721 ὧν
3184 673 3583 739 Κωνσταντίνῳ,
3628 673 3707 720 καὶ
3749 680 3836 743 τιμῇ

2299 763 2390 811 καὶ
2440 755 2567 831 δόξῃ
2627 762 2693 811 τα
2750 756 2969 832 δεύτερα
3032 757 3206 829 ἐκείνῳ
3269 762 3453 831 φέρων,
3527 764 3695 809 τοῦτον
3741 758 3847 829 ἀφεὶς

2298 850 2597 920 μιμεῖσθαι,
2647 850 2715 900 τὰ
2759 857 2858 900 τῶν
2909 850 3167 919 τυράννων
3212 846 3407 918 μᾶλλον
3451 846 3658 915 ἐζήλου,
3695 844 3751 898 ὧν
3781 851 3848 906 τὴν

2299 941 2659 1012 καταστροφὴν
2740 940 2879 1010 εἰπερ
2953 955 3030 997 τις
3092 935 3327 1008 μάλιστα
3375 934 3645 988 ἐθεάσατο.
3722 940 3853 987 Πάντα

2299 1031 2471 1079 τοίνυν
2529 1029 2734 1098 θέμενος
2791 1025 2839 1078 ἓν
2893 1022 3139 1097 δευτέρῳ,
3196 1029 3286 1077 καὶ
3339 1028 3642 1095 συγγένειαν
3682 1030 3757 1075 καὶ
3788 1029 3854 1098 ὄρ·

2299 1135 2423 1177 κους
2497 1118 2785 1188 μετετίθετο
2821 1130 2834 1143 '
2901 1120 2991 1166 καὶ
3048 1113 3233 1176 δόλους
3294 1110 3355 1172 ἦν
3419 1120 3692 1175 παντοίους
3747 1115 3856 1181 αύτᾲ

2302 1213 2594 1277 σκαιωρών,
2674 1210 2856 1264 κακοῖς
2948 1202 3157 1272 ἀγαθῶν
3244 1201 3489 1274 ἁφθνίαις
3577 1200 3859 1272 ἀμείψασθαι

2299 1299 2694 1365 μηχανώμενος.
2749 1298 2850 1346 Καὶ
2916 1300 3098 1366 πρῶτα
3147 1294 3238 1363 μὲν
3310 1296 3398 1349 τὴν
3462 1296 3717 1346 συσκευὴ
3762 1293 3860 1342 ὑπ).

3334 1386 3423 1432 καὶ
3474 1378 3714 1440 πολλάκις
3750 1375 3860 1447 δόλῳ

3304 1466 3503 1539 ἀμάχῳ
3577 1469 3672 1540 γάρ
3714 1468 3863 1525 ita”;

2621 1560 2706 1610 οἶα
2759 1555 2826 1615 δὴ
2878 1557 3024 1629 φίλος
3066 1561 3134 1607 ὢν
3187 1564 3322 1627 Θεῷ,
3385 1552 3751 1626 διαπέφρακτο,
3793 1561 3864 1605 καὶ

2300 1385 2561 1453 κρύπτων,
2614 1381 2786 1453 φιλίαν
2833 1400 2886 1434 τε
2928 1382 3227 1454 ὑπεκρίνετο
3261 1398 3273 1409 ·

2301 1469 2615 1541 ἐπιθέμενος,
2672 1474 2793 1528 ἤνυε
2864 1472 2955 1541 μὲν
3015 1465 3169 1520 οὐδέν
3209 1484 3222 1497 ⁸

2302 1558 2543 1630 δυνάμει,

2301 1650 2366 1698 τὰ
2415 1646 2462 1699 ἐν
2508 1655 2670 1718 μυχῷ
2715 1643 2941 1720 καρδίας
3000 1644 3396 1717 ἑσκαιωρημένα
3447 1644 3627 1718 ῥᾷστα
3672 1643 3735 1704 εἰς
3782 1651 3865 1711 φῶς

2303 1737 2441 1805 ἄγων
2516 1731 2793 1806 διήλεγχε,
2878 1736 2995 1788 Ἐπὶ
3080 1752 3229 1785 τόσον
3296 1732 3470 1803 εκείνῳ
3524 1735 3583 1784 τὸ
3637 1738 3760 1803 μίγα
3794 1739 3865 1794 τις

2306 1822 2564 1886 εὐσεϐείας
2611 1823 2765 1876 ὁπλον
2794 1826 2920 1898 πρὸς
2973 1824 3171 1895 ἄμυναν
3202 1818 3263 1879 ἦν
3321 1822 3549 1895 ἰσχυρὸν
3590 1817 3859 1877 διασώζειν,

2308 1917 2408 1964 Καὶ
2466 1914 2492 1963 ὁ
2717 1911 2848 1964 οὕτω
2924 1918 3038 1981 Θεῷ
3099 1915 3500 1983 κεχαρισμένος,
3561 1911 3653 1969 τὰς
3698 1905 3867 1980 ἐνύδριες

2305 2000 2465 2051 αὐτοῦ
2525 1996 2934 2070 διεδίδρασκενο
2984 2002 3088 2052 ἐπεὶ
3145 1995 3203 2050 δε
3253 2002 3310 2050 τό
3366 1997 3616 2072 λαθραῖον
3655 2004 3743 2057 τῆς
3784 1995 3866 2047 ἑτι-

2306 2088 2498 2151 ϐουλῆς
2554 2089 2746 2146 ἣκιστα
2799 2096 2907 2151 τοίς
2961 2090 3098 2139 κατὰ
3148 2092 3359 2158 γνώμην
3418 2090 3698 2160 συνέτρεχε
3740 2088 3867 2137 κατά-

2306 2198 2453 2251 φωρα
2512 2185 2648 2231 Θεοῦ
2702 2186 2968 2238 ποιοῦντος
3015 2180 3081 2228 τὰ
3130 2176 3471 2248 μελετώμενα,
3527 2176 3595 2235 εἰς
3646 2180 3734 2231 τὴν
3770 2194 3867 2245 προο

2307 2275 2436 2339 φανῆ
2500 2269 2686 2338 μάχην
2739 2266 2992 2327 ὡπλίζετο
3071 2269 3443 2335 Κωνσταντίνῳ
3479 2281 3492 2295 ·
3558 2268 3670 2315 ἴσον
3724 2259 3770 2316 δ’
3821 2259 3866 2319 is

2307 2356 2464 2408 εἰπεῖν
2516 2362 2606 2408 καὶ
2655 2358 2790 2408 κατὰ
2836 2362 2968 2409 Θεοῦ
3021 2363 3121 2407 τῶν
3187 2354 3333 2419 ὅλων,
3382 2356 3436 2405 ὃν
3495 2352 3680 2405 ἐκεῖνον
3735 2350 3867 2403 σέϐειν

2307 2445 2589 2503 ἠπίστατο.
2643 2449 2743 2497 Καὶ
2782 2446 2966 2516 ἠσυχῆ
3143 2445 3208 2494 τὰ
3256 2450 3439 2516 πρῶτα
3485 2446 3609 2503 τοὺς
3652 2441 3732 2492 ὑπ’
3758 2440 3867 2509 αύτῷ

2308 2538 2536 2604 Χριστόν
2613 2542 2865 2603 τιμῶντας
2966 2532 3256 2603 πολιορκεῖν
3363 2528 3628 2584 ἐπέϐαλεν.
3690 2528 3869 2582 Ἐπειτει

2307 2624 2396 2682 τός
2456 2627 2639 2695 φρένας
2695 2623 2795 2674 ύπό
2862 2630 2952 2681 τῆς
3008 2624 3237 2693 ἐμφύτου
3310 2624 3499 2691 μανίας
3559 2616 3867 2677 διασεισθεὶς.

2966 2532 3256 2603 πολιορκεῖν

2309 2706 2606 2785 διαρρήδην
2657 2713 2791 2762 κατά
2838 2717 2928 2770 τῆς
2981 2708 3292 2768 Ἐκκλησίας
3343 2707 3564 2760 ἀνεκίνει
3611 2711 3695 2759 τὸν
3742 2703 3869 2775 διωγ-

2307 2804 2424 2870 μόν,
2484 2799 2712 2870 οἰόμενος
2761 2807 2873 2859 ταῖς
2925 2796 3286 2871 δυσπραγίαις
3334 2805 3428 2858 τῆς
3490 2800 3767 2867 θρησκείας
3804 2799 3867 2845 τὸν

2311 2894 2694 2941 Κωνσταντίνον
2767 2888 2949 2940 λυπεῖν
2979 2903 2993 2916 ·
3071 2886 3238 2948 ἄλλως
3293 2905 3346 2937 τε
3388 2892 3478 2937 καὶ
3536 2883 3867 2956 ὑπολαμϐάνων

2307 2980 2498 3038 ταύτας
2549 2978 2676 3048 ὑπὲρ
2726 2978 2917 3030 ἐκείνου
2968 2978 3244 3048 εὔχεσθαι,
3292 2981 3383 3026 καὶ
3437 2970 3752 3036 σπουδάζειν
3800 2972 3866 3022 ὑπ’

2308 3064 2480 3138 ἕκείνῳ
2531 3062 2599 3125 δὴ
2642 3063 3037 3139 βασιλεύεσθαι.
3099 3070 3379 3139 Πρὼτιστα
3452 3067 3547 3135 μὲν
3622 3060 3707 3115 οὖν
3754 3062 3867 3133 sui!»

2307 3160 2579 3229 κρινήσας,
2638 3159 2808 3208 πάντα
2854 3157 3170 3229 Χριστιανὸν
3227 3161 3322 3215 τῆς
3387 3152 3563 3213 οἰκίας
3611 3150 3865 3214 ἐξήλαυνε·

2306 3249 2424 3305 τούς
2473 3242 2531 3298 δε
2573 3249 2917 3319 στρατιώτας,
2975 3243 3019 3296 εἰ
3055 3248 3127 3314 μὴ
3170 3251 3280 3305 τοῖς
3318 3240 3544 3313 δαίμοσι
3589 3243 3721 3293 θύειν
3748 3240 3868 3292 ἕλοιν-

2306 3353 2385 3399 το,
2439 3337 2498 3387 τό
2552 3335 2647 3396 τῆς
2707 3342 2864 3405 τιμῆς
2929 3336 3300 3404 καταθεμένους
3357 3331 3584 3404 ἀξίωμα,
3648 3329 3868 3382 ἀπαλλάτ-

2306 3424 2489 3476 τεσθαι
2518 3440 2531 3452 ⁸
2587 3426 2765 3475 ἔπειτα
2816 3428 3002 3495 νόμους
3062 3420 3286 3494 ἀνόμους
3341 3419 3518 3484 ἐτίθει,
3562 3427 3674 3480 τοῖς
3713 3418 3758 3470 ἐν
3802 3438 3867 3488 gu-

2303 3511 2435 3584 λακῇ
2500 3511 2893 3573 κατακλείστοις
2968 3511 3249 3563 ἀποκλείων
3319 3513 3405 3562 τόν
3460 3509 3615 3576 ἔλεον,
3687 3512 3766 3559 καὶ
3808 3512 3866 3556 rs:

2306 3602 2607 3673 φωραθέντα
2682 3609 2782 3652 τῶν
2867 3602 2993 3651 ἰσων
3070 3607 3176 3660 τοῖς
3261 3601 3577 3671 κακούργοις
3637 3602 3860 3669 μετέχειν.

2304 3694 2367 3742 Τί
2425 3686 2484 3741 δε
2538 3685 2620 3742 δεῖ
2675 3708 2738 3761 με
2788 3688 2950 3760 λέγειν
3005 3690 3107 3741 ὅσα
3156 3692 3275 3763 περὶ
3335 3689 3519 3758 γάμων
3572 3686 3870 3752 ἐκαινοτόμε-

2307 3797 2413 3843 σεν,

2304 3875 2396 3919 τοῦ
2471 3865 2593 3938 βίου
2658 3865 3032 3940 ἐνεωτέρισενς
3116 3865 3200 3918 ἐπὶ
3280 3862 3339 3917 δι
3421 3868 3627 3925 τούτοις
3677 3868 3866 3935 χρυσον,

2305 3960 2395 4008 καὶ
2444 3954 2675 4028 ἀργύρου
2740 3954 3055 4028 εἰσπράξεις,
3133 3959 3224 4006 καὶ
3307 3961 3404 4021 γῆς
3482 3952 3865 4026 ἆναμετρήσεις”

2304 4049 2395 4096 καὶ
2451 4043 2607 4106 illa;
2658 4043 2885 4105 επινοίας
2937 4062 2989 4095 τε
3054 4048 3142 4095 καὶ
3210 4041 3497 4114 ἀπαγωγὰς
3549 4052 3650 4094 τῶν
3702 4036 3749 4093 εὖ
3799 4045 3869 4094 τῆς

2305 4129 2558 4203 πατρίδος
2609 4136 2858 4204 ἑχόντων,
2918 4138 3008 4185 καὶ
3085 4131 3241 4203 λόγου
3305 4131 3644 4202 ἠξιωμένων;
3696 4130 3758 4179 ὧν
3801 4129 3866 4182 τὰς

2308 4221 2521 4292 ἀλόγους
2575 4218 2911 4292 διαζευγνὺς,
2964 4220 3277 4282 ἀκολάστοις
3326 4225 3451 4293 πρός
3504 4218 3655 4292 ὕϐριν
3702 4213 3865 4269 ἐδίδου.

2305 4316 2368 4363 Τί
2422 4308 2479 4363 δὲ
2527 4315 2636 4384 χρὴ
2687 4311 2849 4381 λέγειν
2907 4312 3059 4371 ὅσαις
3125 4310 3278 4370 αύτὸς
3329 4308 3540 4371 ἕκείνος,
3598 4312 3769 4377 καίπερ
3820 4302 3867 4360 εἰς

2308 4404 2535 4471 ἔσχατον
2584 4404 2759 4471 γήρως
2817 4399 2976 4462 ἣκων,
3026 4401 3299 4472 παρθένοις
3349 4418 3401 4450 τε
3451 4404 3544 4450 καὶ
3596 4399 3695 4449 ύπό
3744 4394 3865 4462 ζυγὸν

543 4483 773 4555 argenti
798 4484 917 4539 vim
949 4502 985 4539 a
1005 4483 1232 4539 civibus
1252 4486 1511 4555 exegerit
1537 4484 1567 4540 ?
1593 4491 1656 4540 ut
1691 4501 1881 4541 novas
1914 4502 2197 4556 agrorum

2309 4492 2493 4550 οὔσαις
2541 4490 2872 4545 καθεκάστην
2940 4487 3286 4560 ἐμπαροινῶν,
3354 4491 3531 4559 κόρον,
3588 4494 3678 4546 τῆς
3722 4481 3865 4534 (nteh-

543 4574 877 4629 mentiones
894 4572 1228 4636 instituerit,
1252 4573 1519 4645 aliasque
1542 4573 1620 4628 ad
1639 4575 2010 4630 inventiones
2028 4592 2197 4632 exco-

543 4662 738 4734 gitarit
761 4660 789 4716 ?
817 4661 1210 4717 etdelationes
1225 4661 1434 4717 illustri
1455 4661 1584 4717 loco
1598 4668 1876 4718 natorum
1907 4671 2199 4735 etmagua

619 4788 696 4856 (t)
725 4789 854 4841 Haec
884 4790 1059 4841 antea
1084 4785 1397 4841 Perinthus
1423 4785 1601 4840 dicta.

621 4859 698 4983 $2)
754 4858 1061 4914 Confessio
1109 4856 1383 4912 Auxentii
1441 4873 1512 4912 ex
1568 4856 1771 4912 Suida.
1832 4861 1961 4914 Erat
2002 4860 2101 4916 hic
2139 4860 2200 4917 in

621 4955 627 4983 ι
656 4928 773 4983 alio
805 4929 1001 4983 Licinii
1035 4929 1187 4983 inter
1230 4928 1600 4983 subscribas.
1636 4943 1789 4983 auos
1817 4931 1997 4983 Latini
2034 4936 2200 4983 nota-

546 4928 773 5003 paiatio
805 4929 1187 5003 Liciniiinter
1209 4928 1600 5003 subscribas,
1636 4943 1789 5003 quos
1817 4931 1997 4985 Latini
2034 4936 2203 4987 nota-

547 4999 665 5057 rios
694 5006 929 5075 vocant,
945 4999 1175 5075 ‘illustri
1208 4999 1361 5075 luco.
1392 5002 1454 5075 _ln
1487 4999 1781 5071 imperiali
1822 5007 2021 5075 autem
2052 5020 2203 5075 qua-

547 5076 689 5128 dam
722 5074 905 5126 domo
938 5070 1072 5126 fons
1116 5086 1288 5142 aqua:
1323 5071 1430 5126 fuit
1461 5078 1516 5125 et
1549 5085 1730 5142 super
1776 5087 1848 5127 eo
1874 5072 2034 5128 fonte
2070 5070 2203 5129 Bac-

548 5144 642 5216 chi
695 5143 1130 5198 simulacrum:
1188 5152 1311 5196 tum
1367 5143 1749 5216 autem_vitis
1789 5144 2013 5214 ampla,
2067 5161 2203 5216 quas

545 5214 746 5271 locum
779 5231 917 5270 eum
951 5230 1193 5268 omnem
1220 5220 1445 5281 tegens,
1472 5211 1658 5268 multa
1687 5230 1824 5269 cum
1859 5211 2205 5271 ainmnitate

550 5285 978 5341 obumbrabat.
1002 5287 1041 5340 Η
1054 5300 1123 5340 uc
1137 5302 1274 5340 cum
1306 5286 1558 5340 Licinius
1579 5285 1756 5341 veluti
1780 5285 2202 5352 deambulans,

547 5361 841 5413 Auxentio
865 5363 921 5412 et
950 5356 1151 5412 multis
1178 5363 1465 5428 praeterea
1491 5357 1624 5412 aliis
1646 5372 1782 5412 eum
1808 5356 1987 5413 ofﬁcii
2015 5360 2207 5428 gratia

550 5428 996 5494 comitantibus,
1058 5427 1335 5494 venisset,
1385 5432 1443 5483 et
1505 5428 1745 5484 botrum
1796 5427 2097 5497 ingentem
2151 5436 2207 5486 et

550 5509 857 5573 maturum
928 5515 959 5554 e
1032 5498 1280 5573 palmite
1346 5498 1708 5573 pendentem
1773 5503 2204 5573 conspexisset,

552 5572 845 5629 Auxentio
885 5577 949 5628 ut
976 5586 1116 5627 eum
1147 5570 1492 5643 decerperet
1521 5570 1849 5628 mandavit.
1877 5570 2208 5630 Auxentius

2313 4598 2439 4630 στου
2486 4577 2716 4651 πράξεως
2756 4578 2813 4630 ού
2864 4576 3139 4630 κατέλαϐεν
3168 4594 3182 4643 ;
3216 4577 3375 4631 Ἀλλὰ
3426 4578 3493 4628 τά
3541 4595 3603 4646 γε
3653 4574 3762 4637 ἑξῆς
3797 4577 3865 4628 fit

2309 4668 2543 4742 πράξεως
2589 4668 2787 4738 σμικρά
2833 4685 2886 4719 τε
2936 4672 3026 4719 καὶ
3082 4668 3150 4728 ὡς
3203 4663 3355 4718 οῦδὲν
3413 4664 3616 4737 ἐλέγχει
3670 4668 3733 4715 τὰ
3772 4678 3865 4731 πρε·
3952 4702 3953 4742 ᾖ

2313 4790 2454 4845 nihil
2517 4806 2765 4861 prorsus
2798 4790 3047 4845 subesse
3077 4790 3197 4845 doli
3244 4789 3613 4861 suspicatus,
3649 4785 3863 4861 pugione

2310 4878 2489 4933 quem
2509 4857 2579 4916 ex
2610 4864 2832 4934 femore
2863 4877 3224 4934 suspensum
3250 4857 3521 4934 gestabat
3548 4857 3863 4934 stricto,_bo-

2312 4930 2467 5007 trum
2492 4934 2760 5007 reseciiit.
2784 4933 2931 4987 Tum
2955 4930 3210 5007 Licinius
3232 4933 3309 4987 ad
3324 4931 3578 5007 θωυΑά
3598 4934 3756 5007 petes
3773 4930 3864 5006 Dio—

2312 5005 2467 5075 nysii
2494 5021 2638 5058 uvas
2658 5005 2913 5077 depone,
2938 5004 3103 5058 dixit.
3131 5005 3460 5077 Auxentius
3482 5018 3621 5077 vero
3641 5018 3655 5056 :
3678 5002 3862 5077 limine

2314 5072 2599 5143 gentium.
2642 5072 2852 5145 inquit,
2907 5077 3281 5142 imperator;
3332 5072 3693 5145 Christianus
3739 5074 3860 5123 enim

2315 5164 2469 5213 sum,
2504 5144 2755 5201 Licinius
2787 5161 3021 5200 rursum
3059 5162 3071 5201 :
3116 5145 3319 5215 Itaque
3346 5161 3417 5200 ex
3447 5144 3605 5209 aula,
3640 5146 3734 5215 ait,
3760 5153 3861 5215 con-

2313 5210 2509 5272 festim
2529 5217 2743 5280 abibis,
2770 5217 3057 5285 dignitate
3080 5210 3298 5283 pasita.
3331 5217 3591 5270 Alterum
3626 5214 3723 5268 tibi
3747 5210 3857 5265 duo

2314 5306 2447 5343 rum
2509 5290 2753 5343 istorum
2798 5289 3131 5342 necessario
3184 5286 3544 5342 faciendum.
3597 5288 3858 5340 Enimvero

2315 5359 2662 5423 Auxentius,
2699 5359 2858 5414 nulla
2882 5360 3226 5429 interposita
3251 5375 3443 5424 mora,
3472 5358 3859 5429 Cingulumpet

2490 3780 2647 3838 ὅσους
2719 3796 2772 3829 τε
2825 3781 3205 3851 νεωτερισμούς
3270 3783 3381 3836 τοῖς
3443 3775 3868 3844 ἀπαλλαττομένθις
3958 3838 3959 3849 χ

2313 5406 3856 5503 8531;1'1'Béhi75's3iﬁinlx'iEdéﬁi'éi'édiéﬁisgégéns

2316 5495 2447 5558 vale
2478 5502 2644 5574 dixit.
2702 5501 2868 5556 Hunc
2913 5495 3224 5574 aliquanto
3268 5507 3405 5574 post
3448 5498 3708 5574 episcopi
3741 5495 3855 5559 Mop-

2319 5573 2557 5630 suestia
2586 5574 2910 5629 antistitem
2946 5572 3237 5642 legerunt.

3957 3856 3959 4011 φ
