4020 6218
156 324 298 382 1313

158 471 306 523 τερα.
388 451 508 502 Τέλο
519 471 553 511 ς,

159 549 275 599 τοίς
352 542 652 598 ἐπισκόποις
741 538 1076 602 ἐπέσκηπτεν,

637 459 698 522 τῇ
797 458 888 510 τῆς
943 455 1126 521 μανίας
1187 449 1440 522 ὑπερϐολῇ
1511 451 1758 512 ἀπειπὼν,
1798 451 1843 506 Α

1184 543 1252 600 ὡς
1315 541 1376 589 οἶν
1441 558 1498 609 γε
1563 541 1766 600 τούτοις

163 637 299 682 Θεοῦ
337 631 653 700 θεράποντας
699 626 826 680 εἶναι
869 625 1024 690 εἰδὼς
1058 645 1070 657 ·
1122 627 1293 700 λάθρα
1342 626 1400 680 δὲ
1446 634 1534 679 καὶ
1589 625 1767 689 δολίως

161 722 285 779 τοὺς
324 715 721 789 δοκιμωτάτους
768 721 960 768 τούτων
1008 715 1203 788 ἀνῄρει.
1254 722 1351 769 Καὶ
1400 719 1425 768 ὁ
1473 723 1656 788 τρόπος
1710 713 1768 769 δὲ

158 815 257 858 τοῦ
308 813 460 877 φόνου
509 807 641 868 ξένος
706 826 785 866 τις
834 803 894 862 ἦν
946 811 1033 857 καὶ
1095 807 1282 866 ἀήθης.
1337 808 1415 857 Τὰ
1470 813 1595 874 γοῦν
1651 811 1768 877 περὶ

156 899 248 946 τὸν
305 901 496 946 Πόντον
553 895 716 946 αὑτοῦ
785 900 874 946 καὶ
934 902 1048 956 ταῖς
1111 894 1260 967 πέριξ
1323 903 1418 955 τῆς
1483 893 1769 964 Ἀμασείας

153 984 373 1035 πόλεσιν
429 984 567 1052 αὐτῷ
635 989 971 1054 πεπραγμένα
1049 991 1208 1034 πασῐν
1283 984 1551 1054 ὠμότητος
1612 985 1770 1055 ὑπερ-

155 1070 316 1129 ϐολήν
379 1074 587 1128 τίθησιν
641 1073 689 1122 ἐν
745 1068 991 1144 δευτερῳ.
1040 1072 1345 1128 Ἐκκλησίαι
1408 1075 1496 1143 μὲν
1535 1074 1636 1143 γὰρ
1691 1075 1768 1123 ἐκ·

152 1162 321 1235 ῥιζῶν
375 1170 679 1214 ἀπεσπῶντο
721 1167 807 1214 καὶ
857 1167 1232 1233 κατηφείποντο
1262 1179 1274 1190 ·
1333 1160 1482 1213 ἆλλαι
1537 1158 1596 1213 δὲ
1644 1181 1768 1212 παν-

153 1252 389 1302 τάπασιν
448 1251 793 1307 ἀπεκλείοντο,
842 1252 906 1302 Οἱ
967 1247 1026 1302 δε
1081 1252 1230 1322 ἱερεῖς
1283 1249 1632 1322 ἀφροντίστως
1685 1252 1768 1302 οἶά

153 1357 294 1400 τινες
346 1346 648 1412 κακοῦργοι,
700 1345 787 1389 καὶ
835 1344 1051 1410 χείρονα
1102 1341 1130 1396 ἤ
1190 1335 1496 1410 ἀνδροφόνοι
1554 1343 1768 1412 μυρίαις

153 1433 406 1500 πρότερον
491 1427 682 1487 αἰκίαις
739 1426 1003 1498 ἀγόμενοι,
1085 1427 1224 1488 τέλος
1290 1427 1423 1499 ξίφει
1487 1430 1617 1498 πρός
1689 1425 1764 1478 λε-

153 1519 289 1566 πτόν
366 1522 682 1587 τεμνόμενοι,
772 1524 880 1577 τοῖς
957 1516 1242 1576 θαλαττίοις
1303 1513 1496 1568 ὕδασιν
1560 1514 1767 1589 ἀπερρί-

152 1623 368 1672 πτοντο,
418 1607 612 1675 έχθύσι
657 1604 924 1676 πελαγίοις
975 1603 1125 1679 βορά.
1153 1612 1262 1656 Τῶν
1314 1603 1372 1656 δε
1401 1604 1563 1666 ἄλλως
1601 1606 1766 1656 θεοσε-

153 1692 264 1744 ϐὡν
339 1697 432 1754 τάς
511 1697 714 1765 σφαγὰς
797 1701 908 1754 πῶς
981 1693 1040 1744 ἀν
1125 1713 1205 1755 τις
1291 1693 1762 1765 ἀπαριθμήσαιτο;

151 1783 411 1854 Ἐρημίαι
461 1785 563 1854 γὰρ
621 1787 708 1833 καὶ
774 1786 865 1855 ὄρη
931 1781 997 1842 εἰς
1056 1781 1228 1842 πόλεις
1293 1782 1756 1852 μετεσκευαζοντο.
1802 1809 1846 1864 Β

153 1873 318 1921 Οὕτω
359 1867 409 1922 δ’
469 1871 600 1941 ἰχων
693 1878 924 1942 γνώμης,
1002 1870 1146 1942 ἑπηει
1199 1869 1393 1930 ληίξων
1456 1872 1625 1921 πάντα
1677 1889 1766 1921 και

526 1961 779 2016 όποηνίκα
833 1964 921 2010 καὶ
1005 1961 1029 2009 ό
1091 1959 1455 2032 στρατηλάτης
1523 1953 1766 2030 Θεόδωρο

1571 2051 1764 2098 Πόντου

1592 2137 1767 2198 ἔθνους

153 1957 426 2029 ἀφανίζων
460 1979 472 1990 ·

153 2046 323 2108 πολὺς
380 2067 455 2107 τις
529 2051 596 2098 ὧν
652 2046 728 2098 ἐπ’
783 2044 994 2119 ἀνδρίᾳ,
1054 2051 1188 2098 κατά
1236 2052 1326 2104 την
1387 2054 1476 2098 τοῦ

153 2132 446 2208 διατρίϐων
523 2136 846 2208 Ἡράκλειαν,
928 2143 1019 2187 τοῦ
1101 2132 1492 2208 Μαρυανδηνῶν

151 2227 361 2294 ἡγεῖτο.
395 2225 743 2285 Μετασταλεὶς
800 2223 850 2276 δ’
903 2224 986 2277 ἐπὶ
1033 2230 1103 2296 μὴ
1149 2226 1262 2286 ἧκε,
1300 2230 1532 2276 Δὶικίνιον
1571 2221 1767 2281 εἰσεδέ,

523 2136 846 2209 Ἡράκλειαν,

149 2331 328 2384 χετο·
385 2310 443 2364 οὗ
497 2317 615 2374 τοὺς
679 2316 818 2374 θεοὺς
881 2313 950 2374 εἰς
1007 2314 1166 2366 λεπτά
1235 2311 1521 2383 διακόψας,
1584 2310 1764 2365 ἐδίδου

147 2406 408 2460 πένησιν·
484 2403 537 2454 όν
603 2408 788 2474 καίπερ
845 2401 1065 2454 πλεῖστα
1141 2403 1316 2474 φιλῶν,
1393 2402 1600 2462 πολλαῖς
1667 2401 1764 2474 βα-

151 2494 341 2553 σάνοις
402 2493 569 2561 ὑπῆγε
601 2509 614 2522 ·
671 2491 936 2564 προσήλου
987 2511 1040 2543 τε
1095 2499 1324 2565 σταυρῷ,
1368 2496 1456 2543 καὶ
1501 2494 1633 2543 κατά
1670 2499 1761 2543 τοῦ

149 2585 387 2653 κρυφίου
467 2586 629 2654 πόρου
705 2581 929 2640 σοὺϐλας
990 2581 1214 2645 εἰσωθει,
1282 2587 1371 2630 καὶ
1425 2580 1565 2642 τέλος
1630 2580 1762 2649 ξίφει

147 2674 253 2726 τὴν
312 2668 532 2740 κεφαλὴν
609 2667 854 2742 ἀφῃρεῖτο
888 2685 900 2698 ·
948 2668 1008 2719 οὗ
1063 2669 1128 2728 εἰς
1178 2667 1418 2739 Εὖχάίτα
1471 2674 1563 2727 τὴν
1621 2665 1761 2720 ἰδίαν

145 2753 396 2828 πατρίδα
445 2761 502 2808 τό
554 2766 704 2828 σῶμα
769 2757 981 2828 ὕστερον
1039 2756 1438 2830 μεγαλοπρεπῶς
1492 2759 1757 2821 κατετέθη,

146 2845 289 2916 ἀξίῴ
345 2848 558 2916 τιμηθὲν
605 2865 692 2897 και
733 2849 844 2915 νεῲ.
910 2844 1086 2904 Ἀλλος
1135 2845 1276 2904 οὗτος
1332 2849 1477 2918 παρά
1523 2849 1610 2897 τόν
1663 2850 1762 2902 τή-

147 2955 298 3010 ρωνα
329 2940 527 3010 Βρίγγᾳ
568 2943 639 3004 τῷ
673 2937 885 3005 ἡγεμόνι
917 2933 1245 3005 Μαξιμιανοῡ
1298 2939 1390 2992 τὴν
1447 2931 1541 2986 διὰ
1597 2939 1762 3007 πυρός

150 3024 517 3097 ὁλοκάρπωσιν
573 3019 821 3088 ἀνδρείως
880 3019 1206 3093 διενεγκόντα
1263 3022 1309 3073 ἐν
1367 3022 1637 3093 Ἀμασίων
1693 3031 1756 3096 τῇ
1793 3051 1834 3107 C

152 3113 342 3166 πόλει·
400 3115 571 3186 ὥσπερ
631 3109 769 3170 δῆτα
820 3117 908 3164 καὶ
957 3114 981 3163 ό
1040 3111 1087 3164 ἐν
1166 3119 1334 3184 Πέργῃ
1395 3121 1483 3172 τῆς
1546 3119 1762 3184 Παμφυ-

148 3203 268 3262 λιας
325 3205 488 3274 ἔτερος
557 3210 822 3275 σταυρικῷ
888 3210 960 3271 τῷ
1038 3202 1166 3254 τέλει
1225 3203 1557 3273 χρησάμενος
1591 3219 1603 3232 ·
1666 3201 1760 3254 κᾶν

152 3295 206 3343 ἓν
267 3299 420 3362 σῶμα
472 3295 560 3342 καὶ
639 3291 824 3351 πάντες
893 3293 939 3341 ἓν
993 3298 1193 3362 πνεῦμα
1266 3293 1314 3341 ἐν
1366 3298 1580 3364 Χριστῷ
1645 3288 1763 3343 δια-

149 3385 434 3452 γεγόνασιν
485 3382 711 3451 ἔχοντες.
767 3380 882 3432 Ἐπὶ
921 3377 980 3432 δὲ
1028 3383 1214 3432 τούτου
1257 3385 1348 3431 καὶ
1405 3382 1670 3444 Βασιλεὺς,
1737 3383 1761 3433 ὁ

152 3478 254 3531 τῆς
303 3470 570 3540 Ἀμασέων
621 3467 901 3528 ἐπίσκοπος
959 3469 1067 3539 μετ’
1123 3468 1414 3540 ἀφορήτους
1459 3469 1627 3530 οἰκίας
1677 3474 1762 3521 τὸν

155 3557 256 3611 διὰ
308 3559 485 3628 ξιφους
527 3558 782 3627 ὑφιστατο
838 3558 1076 3610 θάνατον.
1118 3556 1406 3620 ,Σεϐάστεια
1446 3555 1504 3608 δὲ
1545 3559 1574 3614 ἡ
1618 3557 1764 3617 πόλις

153 3651 295 3698 κατά
347 3651 442 3704 τὴν
507 3645 666 3704 αὐτῆς
703 3645 884 3714 λίμνην
923 3648 1039 3704 τοὺς
1087 3645 1142 3714 μ’
1204 3647 1475 3716 θεοφόρους
1516 3645 1764 3697 ἐθεάσατο

155 3733 353 3807 ἄνδρας
438 3731 531 3786 διά
615 3736 800 3805 κρύους
884 3730 1196 3806 παραδόξως
1293 3735 1765 3805 ὁλοκαρπουμένους

154 3833 293 3896 Θεῷ,
354 3829 556 3877 Λυσίου
599 3828 688 3874 καὶ
728 3823 1074 3894 Ἀγρικολάου
1128 3831 1226 3874 τῶν
1284 3825 1478 3874 ἐκείνου
1532 3824 1766 3874 ὑπασπι-

161 3921 297 3965 στῶν
340 3915 413 3964 ἔτι
459 3916 758 3986 περιόντων,
817 3916 905 3963 καὶ
953 3918 1066 3972 ταῖς
1144 3913 1280 3962 κατά
1337 3920 1436 3962 τῶν
1489 3914 1764 3986 μαρτύρων

156 4006 472 4072 καινοτέραις
575 4003 796 4060 ἐπινοίας
898 3999 1386 4071 ἐλλαμπρυνομένων
1417 4016 1431 4030 ⁸
1534 4001 1601 4050 ὧν
1677 4004 1766 4063 τάς

162 4091 422 4161 συζύγους
465 4089 517 4160 μ’
571 4095 660 4140 καὶ
705 4090 864 4149 αὑτὰς
923 4092 1105 4153 οὔσας,
1145 4089 1294 4159 λόγος
1352 4092 1464 4160 ἔχει
1513 4089 1559 4140 ἐν
1611 4089 1766 4164 ’Πρα-

159 4179 305 4249 κλείᾳ
377 4187 470 4239 τῆς
545 4178 757 4249 Θρᾴκης
829 4176 1167 4247 ἀπαχθείσας
1242 4180 1336 4228 σύν
1413 4178 1586 4250 Ἀμῶν
1662 4198 1762 4230 τινι

161 4267 408 4337 διακόνῳ,
487 4263 580 4318 διὰ
654 4266 832 4338 ξίφους
905 4265 1308 4338 καλλιερηθῆναι
1383 4276 1498 4328 ταῖς
1583 4267 1764 4327 καλαῖς
1798 4300 1842 4354 D

909 4351 1022 4406 οὐδ’
1099 4356 1255 4417 ὅσους
1330 4357 1390 4407 οἶν
1470 4377 1544 4418 τις
1606 4357 1762 4408 εἰπεῖν

161 4356 483 4427 ὁμολογίαις,
560 4356 830 4426 αἰκισμού,

163 4448 304 4516 ἔχοι,
334 4445 638 4506 ὑποστάσας
677 4448 944 4515 γενναίως.

1214 321 1778 381 ECCLESIASTlC/E
1819 315 2184 380 HlSTORl/E
2223 326 2358 381 LIB.
2399 325 2519 382 VII.

3396 329 3532 384 1314·

1881 450 2069 520 gloria
2099 451 2364 506 virorum
2395 451 2729 522 receperit?
2759 467 3017 524 quorum
3049 467 3263 508 uxores
3294 468 3400 524 per
3435 471 3533 509 re-

1878 539 2135 611 pudium
2167 539 2244 594 ab
2270 541 2354 594 eis
2387 547 2711 609 separatas,
2753 541 3177 612 impotentibus
3208 548 3386 614 atque
3417 543 3529 598 im-

1882 628 2115 697 pudicis
2162 630 2237 684 ad
2276 628 2601 684 ludibrium
2645 630 2827 686 dedit.
2876 630 3031 695 Quid
3080 631 3258 685 etiam
3307 631 3527 699 dicam,

1879 717 2101 788 quibus
2132 717 2384 788 ipsemet
2415 718 2474 772 in
2507 726 2767 773 extrema
2800 719 2978 774 etiam
3013 725 3250 774 senecta
3282 720 3371 773 vel
3416 721 3532 774 vir-

1881 805 2122 874 ginibus
2175 807 2263 860 vel
2310 807 2673 876 conjugibus
2723 806 2992 878 quotidie
3043 806 3530 864 libidinosissime

1880 893 2156 957 illudens,
2189 895 2478 950 exsatiare
2509 903 2707 950 tamen
2741 895 3129 967 impotentem
3163 912 3336 952 suam
3369 902 3532 966 petu-

1868 982 2130 1038 lantiam
2174 999 2296 1038 non
2345 983 2600 1055 potuerit
2629 982 2658 1037 ?
2688 984 2802 1039 Sed
2836 985 2993 1038 enim
3036 1000 3171 1054 quae
3203 992 3533 1056 sequuntur

1880 1070 2104 1140 ﬂagitia
2128 1071 2278 1142 ejus,
2306 1087 2490 1142 parva
2512 1072 2642 1127 haec
2665 1078 2720 1126 et
2746 1071 2914 1127 nihili
2937 1088 3073 1144 qua:
3099 1073 3362 1128 diximus
3398 1090 3530 1129 esse

1880 1165 2235 1229 coarguunt.
2288 1161 2590 1216 Postremo
2649 1177 2914 1232 namque
2962 1162 3143 1215 furori
3197 1177 3306 1216 suo
3355 1162 3530 1232 longe

1879 1248 2146 1303 maximo
2176 1249 2349 1319 quasi
2383 1249 2570 1303 victus
2602 1249 2841 1313 cedens,
2877 1250 2992 1303 vim
3025 1265 3268 1304 omnem
3299 1251 3357 1304 in
3403 1250 3530 1321 epi-

1881 1352 2100 1407 scopos
2125 1339 2434 1402 convertit,
2467 1353 2622 1408 quos
2654 1338 2832 1392 minis
2863 1353 2964 1392 ros
2995 1338 3092 1392 Dei
3126 1354 3252 1392 esse
3281 1339 3523 1394 sciebat.

1880 1427 2098 1479 Horum
2124 1425 2614 1495 praeclarissimas
2639 1442 2911 1498 quosque
2933 1426 3088 1481 clam
3121 1426 3531 1483 fraudulenter

1879 1515 2166 1580 enecavit,
2194 1515 2496 1585 caedisque
2524 1531 2715 1569 novus
2739 1515 2911 1586 plane
2938 1520 2995 1570 et
3021 1515 3294 1570 insolitus
3315 1517 3531 1571 modus

1878 1601 2003 1658 fuit.
2041 1604 2122 1657 Ac
2152 1619 2287 1674 qua:
2320 1604 2378 1658 in
2410 1606 2596 1659 Ponto
2637 1603 2780 1658 etin
2815 1603 3062 1659 urbibus
3094 1605 3317 1659 circum
3353 1610 3529 1660 Ama-

1880 1708 2048 1747 seam
2080 1692 2128 1746 is
2157 1691 2403 1762 peregit,
2438 1693 2725 1748 saevitiam
2760 1699 2940 1764 atque
2966 1692 3374 1748 crudelitatem
3405 1711 3530 1749 om-

1879 1796 2016 1835 nem
2058 1780 2234 1849 longe
2283 1787 2592 1852 superant.
2629 1781 2899 1836 Ecclesiae
2930 1797 3195 1853 namque
3239 1783 3452 1853 partim
3495 1799 3530 1838 a

1877 1869 2183 1924 radicibus
2240 1868 2387 1940 ipsis
2433 1869 2650 1924 evulsa:
2696 1875 2754 1924 et
2800 1869 2925 1924 solo
2981 1875 3254 1940 aequatae,
3312 1872 3530 1940 partim

1877 1957 2095 2013 clausa
2141 1973 2425 2028 prorsum
2472 1964 2628 2014 sunt.
2674 1957 3021 2014 Sacerdotes
3063 1965 3264 2014 autem
3309 1975 3530 2030 magno

1876 2063 2014 2102 cum
2047 2051 2416 2118 contemptu,
2448 2047 2694 2117 perinde
2740 2054 2918 2118 atque
2959 2047 3209 2102 maleﬁci
3252 2048 3523 2118 quidam,

1876 2137 2149 2205 graviora
2178 2135 2359 2190 etiam
2394 2151 2576 2206 quam
2606 2135 2949 2204 homicidae,
2985 2141 3227 2207 propter
3250 2137 3527 2192 innume-

1875 2240 1973 2279 ros
2015 2223 2100 2278 eis
2144 2223 2337 2279 illatos
2385 2225 2682 2279 cruciatus
2729 2225 2909 2296 passi,
2961 2225 3205 2279 tandem
3259 2224 3413 2280 ferro
3465 2226 3524 2280 in

1874 2312 2134 2367 minutas
2173 2319 2372 2383 partes
2401 2312 2659 2381 dissecti,
2692 2311 2749 2366 in
2785 2327 2947 2367 mare
2989 2318 3052 2367 ut
3088 2312 3356 2383 piscibus
3394 2328 3527 2368 esca

1872 2401 2097 2464 ﬁerent,
2130 2400 2374 2472 projecti
2402 2406 2558 2455 sunt.
2593 2403 2740 2456 Nam
2772 2400 3026 2455 aliorum
3058 2402 3292 2470 piorum
3332 2402 3527 2456 caedes

1871 2489 2008 2560 quis
2045 2503 2397 2544 enumerare
2426 2493 2607 2560 queat
2639 2487 2667 2542 Ῡ
2701 2488 3058 2544 Solitudines
3087 2489 3266 2544 etiam
3305 2493 3430 2544 tum
3473 2495 3528 2545 et

1871 2582 2104 2634 montes
2129 2578 2333 2632 inculti
2357 2593 2464 2648 pro
2488 2577 2736 2633 urbibus
2764 2576 3316 2649 frequentabantur.
3350 2578 3400 2650 5
3415 2580 3456 2648 1
3477 2580 3518 2648 ι

1869 2652 2059 2738 Atque
2097 2665 2175 2720 ad
2204 2681 2342 2721 eum
2373 2665 2625 2722 modum
2656 2682 2792 2720 cum
2825 2667 3125 2720 animatus
3156 2673 3327 2731 esset,
3375 2683 3526 2738 quo-

1869 2770 2108 2825 cunque
2150 2769 2214 2809 se
2253 2756 2567 2818 conferret,
2613 2753 2933 2826 diripiebat
2977 2754 3186 2810 omnia
3235 2761 3290 2810 et
3334 2761 3526 2810 vasta-

1867 2843 1992 2898 bat.
2026 2845 2153 2908 Quo
2197 2848 2462 2914 tempore
2493 2845 2672 2899 etiam
2703 2844 2993 2898 exercitus
3023 2843 3146 2898 dux
3180 2843 3527 2899 Theodorus

1870 2937 2158 3003 martyrio
2200 2938 2287 2986 est
2337 2931 2673 2997 defunctus,
2723 2937 2990 3004 spectata
3028 2931 3374 2987 fortitudine
3415 2933 3525 3001 vir,

1869 3021 1972 3091 qui
2013 3020 2304 3076 Heracleae
2341 3020 2400 3075 in
2433 3024 2615 3076 Ponto
2653 3019 2957 3085 habitans,
2999 3020 3524 3092 Mariandynorum

1871 3107 2030 3177 genti
2063 3113 2313 3180 praeerat
2345 3125 2356 3162 :
2391 3114 2445 3164 et
2474 3108 2638 3180 quod
2667 3115 2952 3164 evocatus
2982 3108 3058 3163 ad
3089 3109 3374 3164 Licinium
3407 3125 3527 3164 non

1873 3197 2156 3265 venisset,
2205 3197 2506 3268 hospitem
2553 3198 2756 3269 ipsum
2801 3197 3030 3263 habuit,
3081 3198 3333 3270 ejusque
3383 3198 3528 3252 deos

1873 3287 2276 3342 comminutos
2358 3286 2670 3356 egentibus
2744 3286 2924 3342 dedit.
3027 3289 3191 3342 Hunc
3269 3287 3526 3342 Licinius

1873 3376 2108 3432 etiamsi
2161 3377 2396 3446 egregie
2439 3376 2688 3433 charum
2737 3375 3033 3440 habuerit,
3088 3375 3289 3430 multis
3329 3382 3529 3431 tamen

1874 3464 2067 3521 affecit
2097 3465 2478 3520 cruciatibus.
2511 3465 2661 3521 Nam
2701 3470 2757 3520 et
2786 3465 2843 3518 in
2871 3481 3106 3520 crucem
3140 3481 3277 3519 eum
3310 3465 3447 3533 egit,
3477 3471 3532 3519 et

1875 3553 2123 3608 subulas
2163 3554 2222 3608 in
2270 3559 2503 3608 meatus
2550 3554 2896 3608 secretiores
2939 3553 3204 3624 corporis
3241 3553 3370 3622 ejus
3417 3554 3532 3607 im-

1874 3642 2053 3709 misit,
2079 3646 2502 3710 postremoque
2529 3642 2723 3711 capite
2751 3639 3068 3695 truncavit.
3105 3640 3283 3708 Cujus
3312 3656 3530 3710 corpus

1876 3735 2085 3800 postea
2123 3728 2184 3783 in
2227 3729 2483 3798 patriam
2533 3729 2662 3797 ejus
2698 3728 3040 3782 Euchaitem
3080 3729 3394 3797 magniﬁce
3435 3729 3532 3783 de-

1877 3822 2202 3888 portatum,
2235 3820 2293 3871 et
2320 3815 2403 3870 ibi
2432 3815 2649 3885 insigni
2679 3816 2901 3887 templo
2931 3817 3389 3872 cohonestatum
3419 3822 3528 3874 est.

1876 3907 2038 3961 Alius
2079 3905 2176 3960 hic
2213 3911 2301 3960 est
2327 3920 2362 3959 a
2387 3909 2598 3976 tyrone
2624 3904 2738 3968 illo,
2773 3907 2873 3976 qui
2906 3905 2965 3959 in
3001 3911 3258 3961 Amasea
3293 3906 3530 3961 civitate

1878 3995 1988 4049 sub
2036 3993 2245 4062 Bringe
2287 3991 2620 4048 Maximiani
2667 3993 2945 4062 prmfecto
2986 3993 3408 4048 holocaustum
3449 3995 3530 4049 fa-

1875 4090 2024 4149 ctus,
2054 4081 2413 4153 supplicium
2440 4080 2594 4150 ignis
2614 4080 2836 4136 fortiter
2851 4081 3108 4152 pertulit.
3136 4083 3314 4137 Sicuti
3337 4089 3392 4138 et
3412 4082 3526 4148 ille,

1873 4173 1978 4244 qui
2028 4172 2222 4241 Pergae
2265 4169 2326 4224 in
2375 4169 2735 4241 Pamphylia
2778 4170 3121 4239 cruxiﬁxus,
3156 4171 3340 4227 vitam
3371 4171 3530 4228 hanc

1874 4264 2042 4318 ﬁniit.
2086 4261 2372 4328 Quamvis
2411 4277 2623 4316 omnes
2651 4261 2688 4316 ii
2721 4276 2940 4333 corpus
2974 4277 3160 4316 unum
3204 4269 3259 4316 et
3291 4262 3529 4334 spiritus

1876 4369 2035 4408 unus
2091 4352 2154 4406 in
2222 4351 2450 4407 Christo
2500 4349 2736 4406 fuerint.
2807 4350 2946 4404 Post
3019 4350 3395 4406 Theodorum
3469 4356 3528 4406 et

1878 4440 2167 4506 Basileus,
2195 4440 2529 4494 Amasenus
2554 4439 3043 4509 episcopus,cum
3065 4440 3230 4510 prius
3254 4439 3528 4494 intolera-

157 4534 303 4590 bilia
347 4537 638 4588 tormenta
680 4541 833 4588 esset
877 4548 1218 4603 perpessus,
1265 4534 1518 4603 capitale
1568 4533 1747 4590 subiit
1795 4531 2176 4604 supplicium.
2227 4527 2494 4583 Sebastia
2541 4543 2786 4598 quoque
2853 4529 2996 4583 urbs
3040 4529 3101 4583 in
3151 4535 3367 4598 stagno
3418 4545 3528 4583 suo

156 4622 560 4696 quadraginta
611 4621 744 4676 illos
803 4624 1072 4692 egregios
1121 4628 1177 4676 et
1223 4622 1459 4677 divinos
1508 4626 1667 4678 viros
1712 4639 1818 4694 per
1866 4621 2054 4691 frigus
2107 4625 2161 4673 et
2213 4617 2439 4672 undam
2489 4616 2734 4671 mirifice
2805 4619 2923 4672 Deo
2985 4621 3142 4672 totos
3194 4617 3527 4672 holocausti

160 4714 348 4769 instar
393 4711 624 4767 oblatos
667 4711 826 4779 vidit,
867 4727 1003 4765 cum
1048 4711 1250 4782 Lysias
1288 4711 1485 4767 adhuc
1524 4718 1579 4766 et
1619 4712 1964 4782 Agricolaus
2016 4707 2296 4764 satellites
2337 4711 2938 4776 propugnatoresque
2998 4705 3129 4775 ejus
3180 4705 3524 4776 superstites

155 4809 374 4865 essent,
409 4799 902 4869 inveniendisque
942 4799 1227 4854 adversus
1259 4805 1554 4871 martyres
1594 4801 1766 4855 novis
1823 4799 2181 4854 cruciatibus
2223 4795 2494 4867 apprime
2524 4793 2834 4864 pollerent.
2870 4793 3112 4848 Illorum
3152 4809 3334 4866 porro
3379 4810 3526 4849 con-

148 4885 351 4960 juges,
385 4905 521 4960 quae
569 4897 624 4942 et
653 4888 797 4957 ipsa:
827 4888 1227 4958 quadraginta
1260 4904 1509 4944 numero
1559 4889 1739 4956 fuere,
1789 4887 2130 4944 Heracleam
2173 4885 2438 4939 Thraciae
2480 4882 2754 4937 abductae
2801 4897 2929 4937 esse
2968 4882 3238 4937 feruntur
3277 4899 3290 4937 :
3343 4889 3526 4954 atque

155 4980 237 5034 ibi
280 4994 420 5034 cum
458 4985 684 5032 Amoue
721 4976 983 5048 quodem
1024 4977 1280 5032 diacono
1318 4977 1646 5042 tormentis,
1682 4993 1818 5049 quae
1850 4978 2177 5050 quisquam
2207 4973 2536 5043 exprimere
2577 4971 2764 5041 possit
2797 4970 3093 5041 maximis,
3138 4987 3425 5041 generose
3468 4978 3525 5027 et

152 5068 378 5124 fortiter
409 5066 694 5133 toleratis,
722 5080 857 5120 cum
891 5063 1138 5136 pulchra
1170 5066 1536 5136 professione
1567 5081 1672 5137 per
1695 5065 1967 5138 gladium
1991 5063 2243 5119 victimis
2275 5061 2393 5116 Deo
2420 5064 2558 5114 sunt
2586 5058 2826 5114 oblatae.

754 5228 1002 5281 ΚΕΦΑΛ.
1033 5229 1161 5280 ME'.

154 5335 251 5396 Ὠς
294 5340 592 5396 Λικίνιος
632 5335 657 5385 ό
701 5329 1039 5408 δυσσεϐὴς
1080 5332 1270 5394 ἁλοὺς
1309 5332 1608 5408 ἐξέρρηξε
1650 5339 1759 5394 τὴν

844 5403 1013 5478 ψυχή
1026 5424 1074 5460 ν.

235 5517 386 5566 Οὕτω
443 5510 493 5565 δ’
546 5513 612 5573 εἰς
657 5515 881 5584 ἔσχατον
937 5511 1202 5580 ἀπονοίαν,
1245 5512 1460 5565 ἐλαύνων
1518 5515 1542 5564 ό
1591 5512 1760 5584 ἐναγέ-

163 5621 376 5672 στατος,
408 5600 588 5677 ἐχύρει
644 5603 848 5673 πρόσω,
907 5605 996 5653 καὶ
1037 5600 1108 5661 εἰς
1152 5601 1437 5674 τούμφανὲς
1493 5607 1586 5660 τὴν
1634 5601 1760 5654 ἀπο-

2389 5221 2562 5294 512
2593 5220 2820 5277 CAPUT
2854 5221 3002 5276 XLV.

1947 5333 2019 5389 Ut
2045 5331 2262 5402 impius
2307 5328 2569 5385 Licinius
2619 5333 2850 5454 capitus,
2897 5328 3186 5384 violenter
3231 5329 3411 5383 vitam
3455 5329 3524 5396 ﬁ-

2587 5414 2740 5454 mert
2775 5437 2788 5451 .

2587 5414 2788 5454 mem.

1939 5511 2026 5566 Ad
2080 5514 2408 5565 extremam
2455 5521 2598 5575 ergo
2655 5504 3020 5561 dementiam
3073 5520 3272 5571 ruens,
3326 5505 3408 5561 ita
3459 5510 3524 5562 ut

1867 5603 2147 5673 oaeperat,
2185 5597 2579 5654 defectionem
2627 5610 2800 5651 suam
2859 5611 2895 5651 a
2953 5595 3071 5651 ﬁde
3131 5595 3192 5651 in
3250 5599 3522 5668 apertum
