4020 6218
553 276 692 339 1345

1858 274 2245 352 ΝΙΟΕΡΗΟΗῐ
2283 276 2602 351 GALLIS“

3726 294 3827 353 t3t6

549 407 813 479 proferre
861 406 1117 480 perrexit
1144 422 1157 461 :
1186 409 1244 465 et
1276 403 1356 475 ad
1386 402 1775 467 manifestam
1801 405 2200 477 idololatrian:

2315 414 2538 464 στασίαν
2595 408 2875 485 έρῥίπιζεν.
2932 408 3019 472 Εἰς
3075 408 3276 481 ἔμφανῆ
3331 405 3394 463 δε
3444 413 3536 462 τὸν
3586 412 3826 489 Ἐλλτνιεῃει

547 511 895 567 conversus,
936 495 1242 555 sacriﬁciis
1271 500 1327 552 et
1357 495 1613 555 victimis
1645 497 1936 564 mactatis,
1971 514 2033 553 se
2062 497 2202 557 faci-

548 583 659 641 lius
683 585 1021 657 rectiusque
1042 583 1267 655 bellum
1289 599 1360 641 eo
1390 584 1574 640 modo
1600 584 2019 657 expediturum
2046 586 2203 643 arbi-

549 679 759 745 tratus,
774 674 1081 739 daemones
1101 674 1388 741 evocavit.
1409 671 1875 745 Dicuntquoque
1889 674 2202 733 seductum

547 779 684 831 eum
718 778 754 831 β
781 763 1150 835 quibusdam
1181 762 1286 834 qui
1318 762 1626 818 victoriam
1656 762 1710 817 ei
1739 763 2197 835 pollicebantur,

546 850 717 915 Mileti
748 851 1059 919 oraculum
1100 850 1391 922 Apollinis
1431 850 1722 923 Didymen
1761 852 2142 911 consuluisse
2184 868 2198 909 :

551 942 725 1013 eique
754 940 829 997 de
855 940 996 996 belli
1021 946 1238 1009 eventu
1265 942 1694 1013 percunctanti,
1728 956 1765 996 a
1791 941 2091 1009 daemonio
2116 957 2202 997 re-

551 1044 841 1102 sponsum
874 1044 1005 1083 esse
1033 1028 1307 1095 versibus
1338 1028 1500 1085 hisce
1535 1045 1548 1083 :

634 1134 728 1198 Ie,
747 1135 1064 1203 grandwve
1084 1142 1282 1205 pater,
1311 1138 1601 1205 juvenum
1632 1136 1718 1191 vis
1732 1136 1971 1204 feruida
2002 1142 2203 1201 vexat,

623 1205 700 1263 Et
736 1214 840 1275 tua
873 1207 1083 1277 fracta
1107 1209 1274 1277 jacet
1312 1207 1470 1263 senio
1510 1207 1787 1276 graviore
1812 1215 2093 1278 potestas.

554 1311 971 1368 Constantinus
1008 1327 1208 1383 porro,
1262 1312 1588 1384 imperator
1623 1315 1743 1370 Deo
1792 1314 2200 1381 charissimus,

552 1399 917 1457 verecundia
967 1401 1236 1471 quadam
1288 1400 1696 1473 singularique
1732 1401 2104 1459 humanitate
2150 1409 2207 1459 et

554 1490 837 1545 modestia
868 1489 1177 1561 praeditus,
1226 1490 1366 1549 talia
1404 1506 1544 1546 cum
1575 1491 1651 1546 de
1678 1506 1750 1547 eo
1793 1492 2044 1558 audiret,
2095 1493 2206 1549 sei-

552 1592 730 1648 psum
779 1577 1043 1648 primum
1091 1578 1405 1646 continuit,
1450 1578 1763 1650 vicemque
1799 1580 1930 1651 ejus
1971 1582 2074 1653 qui
2120 1581 2207 1637 in-

553 1665 774 1735 dignus
817 1671 945 1723 erat
994 1667 1090 1723 cui
1133 1667 1434 1738 quispiam
1466 1667 1828 1739 condoleret,
1871 1670 2205 1725 admodum

2313 504 2716 573 μεταστραφεὶς,
2770 500 2969 571 θύμασι
3041 503 3131 551 καὶ
3196 501 3388 571 ἱερείων
3470 510 3685 571 σφαγαῖς
3736 509 3835 577 aias.

2312 591 2462 660 ρίσαι
2517 588 2658 657 αὐτῷ
2715 591 2783 639 τὰ
2827 596 2919 651 τῆς
2963 589 3151 661 μάχης
3208 587 3516 649 ἀπεκαλεῖτο
3567 596 3682 653 τοὺς
3713 591 3842 663 διένι-

2312 696 2422 739 νας.
2480 677 2763 748 Ὑπαχθεὶς
2830 673 2889 729 δέ
2943 697 3055 735 τισι
3120 682 3404 750 κρατήσειν
3457 681 3845 753 ὑπισχνονμὲιιις,

2314 772 2471 839 φασιν
2522 766 2678 819 αὐτὸν
2732 773 2826 817 τοῦ
2879 764 2928 817 ἐν
2989 766 3213 840 Μιλήτῳ
3267 772 3514 838 μαντείου
3563 772 3853 844 ἀποπειρᾶσαι

2317 859 2441 910 σθαι
2495 862 2588 913 τοῦ
2640 851 2933 927 Διδυμαίου
2993 856 3311 917 Ἀπολλοδνος
3343 874 3357 900 '-
3420 862 3514 917 καί
3586 858 3634 929 γ’
3693 858 3856 933 ἐρομένῳ

2315 950 2431 1019 περὶ
2485 954 2582 1009 τῇς
2634 947 2838 1016 μάχης,
2887 947 2946 997 τὸ
3005 941 3277 1016 δαιμόνιον
3326 942 3526 1009 τούσδε
3566 956 3864 1021 χρῆσαιτοὺς

2317 1039 2538 1106 στίχους
2579 1051 2592 1063 ⁶

2312 1142 2384 1192 τΩ
2419 1137 2681 1215 γέρον,ᾏῆ
2702 1139 2870 1215 μάλα
2892 1136 2969 1197 δή
3000 1158 3068 1215 σε
3097 1144 3226 1192 νέοι
3254 1146 3555 1215 τείρουσι
3584 1151 3866 1214 μαχηταί·

2317 1217 2391 1271 Eri
2421 1210 3232 1285 τε’βίηλέλυται,χαλεπὸν
3254 1210 3323 1267 δι
3354 1210 3423 1266 σε
3452 1210 3866 1286 γῆραςῖιιὶνει.

2390 1326 2778 1381 Κωνσταντίνος
2830 1315 2889 1371 δὲ
2939 1319 2965 1371 ὁ
3007 1318 3398 1391 θεοφιλέστατος
3456 1318 3720 1392 βασιλεῦς,
3750 1320 3872 1382 alii).

2316 1429 2425 1480 μων
2526 1427 2604 1469 τις
2691 1412 2779 1473 ὧν,
2862 1412 2953 1459 καὶ
3039 1407 3401 1480 φιλανθρωπίᾳ
3485 1416 3871 1484 συγκεκραμένος,

2316 1499 2439 1559 τέως
2496 1500 2585 1569 μὲν
2643 1495 2844 1548 ἀκούων
2904 1494 3098 1567 ἀνεῖχε,
3157 1500 3244 1549 τὸν
3283 1496 3341 1548 οὗ
3402 1500 3717 1568 συμπαθείας
3756 1500 3872 1562 ἄξων

2316 1585 2461 1638 έλεῶν
2491 1600 2507 1615 ⁸
2562 1583 2670 1637 iuri.
2736 1582 2797 1636 δὲ
2873 1587 3070 1636 τούτων
3148 1587 3425 1656 γινομένων
3494 1582 3645 1639 οὐδεν
3718 1585 3872 1657 ὶγίνετο

2316 1674 2485 1742 πλέον,
2535 1676 2838 1747 προύχώρει
2903 1670 2963 1725 δὲ
3013 1678 3103 1725 καὶ
3155 1675 3185 1729 ὖ
3242 1676 3379 1726 κατὰ
3433 1682 3670 1749 Χριστοῦ
3725 1676 3871 1738 λύττα,

553 1759 644 1811 est
674 1755 1013 1813 miseratus.
1048 1755 1375 1826 Postquam
1423 1771 1565 1810 vero
1613 1771 1676 1811 se
1713 1757 1792 1812 ita
1837 1773 1900 1813 se
1944 1759 2202 1828 gerendo

2315 1767 2403 1816 τὸν
2460 1768 2717 1835 σώφρονα,
2777 1765 2846 1823 ὡς
2906 1763 3035 1827 ἔθος,
3071 1766 3381 1834 συναγαγὼν
3409 1762 3681 1835 λογισμὸν,
3726 1770 3800 1816 καὶ
3829 1772 3872 1816 τὸ

549 1844 701 1901 nihil
730 1844 1018 1916 proﬁcere
1061 1844 1230 1911 vidit,
1264 1860 1403 1900 cum
1430 1845 1628 1900 rabies
1660 1851 1869 1903 contra
1905 1846 2205 1904 Christum

553 1941 834 2005 suscepta
859 1933 1053 2004 magis
1080 1933 1398 2004 magisque
1424 1935 1788 2004 procederet,
1832 1937 2208 1993 moderatam

551 2037 662 2094 pro
687 2022 1120 2079 consuetudine
1147 2038 1257 2078 sua
1279 2021 1620 2093 liquantum
1656 2025 2015 2081 contrahens
2047 2042 2210 2082 men-

552 2118 693 2175 tem,
751 2117 808 2166 et
843 2111 1285 2167 humanitatem
1324 2110 1554 2179 justitia
1594 2119 1951 2184 temperans,
1997 2116 2212 2172 subve-

551 2200 838 2256 niendum
871 2201 955 2255 eis
983 2216 1114 2255 esse
1145 2199 1252 2271 qui
1283 2202 1360 2255 ab
1407 2199 1510 2255 illo
1541 2204 1664 2256 tam
1697 2202 2009 2259 crudeliter
2034 2220 2210 2261 vexa-

548 2294 775 2353 rentur,
842 2289 1049 2343 statuit
1121 2307 1136 2343 :
1204 2287 1351 2343 illud
1418 2295 1646 2345 certum
1714 2296 2211 2366 compertumque

550 2378 802 2444 habens,
853 2377 1123 2432 fructum
1173 2376 1381 2447 pietati
1424 2393 1570 2443 sum,
1614 2379 1944 2445 victoriam,
1986 2381 2212 2438 caelitus

548 2473 758 2522 contra
782 2467 984 2521 hostes
1009 2480 1151 2520 suos
1178 2466 1559 2537 propositum
1590 2482 1738 2523 esse.
1763 2470 1954 2533 Quam
1973 2471 2054 2525 ob
2072 2487 2211 2527 cau-

550 2572 680 2623 sam
701 2554 1030 2619 honestatis
1056 2554 1407 2626 virtutisque
1427 2554 1619 2610 amori
1641 2554 1885 2612 malitire
1906 2557 2212 2615 vitiorum-

548 2660 667 2716 que
711 2645 852 2701 odio
902 2648 1103 2714 misto,
1151 2659 1270 2698 una
1313 2660 1450 2698 cum
1480 2644 1582 2714 pio
1611 2644 1734 2700 ﬁlio
1764 2646 1971 2718 Crispo
2003 2656 2211 2708 contra

550 2734 837 2789 Licinium
882 2734 1133 2787 salutari
1183 2738 1492 2789 armatura
1536 2733 1690 2789 duce
1737 2741 1794 2790 et
1844 2737 2208 2794 auxiliatrice

547 2823 854 2894 processit.
889 2821 954 2876 Et
987 2822 1220 2876 tandem
1259 2822 1443 2877 ambo
1473 2824 1599 2878 acie
1639 2828 1881 2890 structa,
1914 2827 1991 2881 ad
2022 2827 2209 2899 Chry-

545 2911 802 2983 sopolim
848 2911 1137 2983 Bithyniae
1174 2910 1384 2967 urbem
1416 2926 1554 2965 cum
1593 2910 1692 2967 illo
1732 2915 2007 2984 praelium
2040 2931 2206 2972 com-

549 3000 759 3055 misere
802 3017 814 3054 :
849 3008 1257 3070 omnibusque
1288 3000 1468 3055 rebus
1500 3000 1584 3055 eis
1615 3002 1723 3056 rite
1752 3005 1935 3074 atque
1963 3003 2207 3062 feliciter

2318 1849 2524 1905 δίκαιον
2568 1859 2639 1921 τῷ
2693 1850 3035 1925 φιλανθρώπῳ
3119 1850 3409 1922 συμμίξας,
3483 1852 3748 1923 ἐπαμύνειν
3792 1862 3874 1915 τοῖς

2316 1942 2453 1994 οὕτω
2503 1941 2889 2013 λυμαινομένοις
2940 1941 3113 2013 ᾑρεῖτο
3147 1960 3160 1973 ο
3218 1945 3309 1991 καὶ
3353 1945 3501 1993 ταῦτ’
3562 1939 3709 1999 εἰδὼς
3763 1940 3875 2015 ἄκρι-

2318 2030 2441 2094 ϐῶς,
2493 2031 2564 2091 ὡς
2614 2032 2808 2102 καρπὸς
2853 2031 3027 2099 ἐκείνῳ
3084 2036 3174 2088 τῆς
3226 2027 3490 2089 εὐσεϐείας
3545 2032 3574 2088 ἡ
3633 2032 3759 2082 κατὰ
3799 2040 3872 2082 τῶν

2319 2121 2524 2192 ἐχθρῶν
2584 2119 2775 2170 ἄνωθεν
2826 2118 3045 2191 ὡρίζετο
3097 2122 3235 2174 νίκη.
3294 2123 3394 2170 Καὶ
3452 2124 3624 2170 τοίνυν
3660 2128 3729 2187 τῷ
3762 2121 3873 2190 φιλα-

2317 2210 2465 2279 γάθῳ
2521 2205 2671 2278 μίξας
2722 2209 2779 2257 τὸ
2814 2209 3188 2279 μισοπόνηρον,
3240 2208 3448 2278 σύναμα
3499 2203 3656 2259 παιδὶ
3701 2208 3875 2279 Orestis:

2322 2301 2563 2372 Κρίσπῳ,
2629 2293 2759 2355 πολὺ
2814 2302 3032 2366 προηγῷ
3081 2299 3171 2347 καὶ
3220 2297 3496 2367 συμμάχῳ
3551 2304 3622 2365 τῷ
3676 2304 3873 2369 σωτηρίῳ

2320 2390 2588 2459 χρώμενος
2642 2384 2817 2455 ὅπλῳ·
2877 2388 2974 2437 Καὶ
3057 2380 3177 2443 δῆτ’
3248 2385 3402 2457 ἄμφω
3476 2390 3575 2443 τὴν
3631 2386 3874 2460 παράταξιν

2321 2472 2628 2546 διελόμενοι,
2675 2476 2810 2526 κατὰ
2861 2472 3192 2546 Χρυσόπολιν
3253 2478 3346 2531 τὴν
3397 2472 3445 2525 ἐν
3505 2476 3714 2546 Βιθυνίᾳ
3762 2494 3872 2526 συντ·

2318 2568 2536 2636 κρότουν
2594 2565 2681 2614 τὸν
2753 2561 2991 2632 πόλεμον.
3057 2566 3157 2614 Καὶ
3212 2564 3415 2613 πάντων
3471 2562 3643 2624 καλῶς
3699 2563 3875 2634 ἐξευμα-
3972 2608 3973 2631 η

2317 2654 2597 2725 ρισθέντων
2680 2653 2872 2718 αὐτοῖς,
2953 2648 3242 2723 ἁνακράτος
3313 2656 3406 2714 τὴν
3482 2658 3634 2709 νίκην
3699 2654 3871 2721 ἤραντο,
3972 2680 3973 2707 ι

2317 2740 2509 2793 ἐκείνου
2563 2743 2623 2791 τὸ
2677 2742 2832 2801 πεζὸν
2885 2745 2975 2791 καὶ
3027 2743 3086 2791 τὸ
3143 2743 3385 2791 ναυτικὸν
3448 2739 3647 2813 ἁθρόως
3705 2739 3873 2812 ἀραιρεο

2319 2832 2509 2891 θέντος.
2558 2834 2703 2886 Μήτι
2734 2824 2794 2880 δὲ
2823 2824 2856 2879 δ
2859 2834 2953 2902 ρᾴν
2983 2830 3174 2899 ἔχωκν,
3203 2826 3673 2902 καταπροδίδωσιν
3709 2830 3869 2891 ἑαυτὸν,
3972 2826 3973 2915 1

2316 2918 2342 2970 ὀ
2388 2922 2519 2990 χθὲς
2564 2922 2653 2969 καὶ
2704 2924 2882 2991 πρώην
2936 2916 3151 2975 ἀπειλὴν
3206 2922 3387 2983 πνέων,
3441 2924 3533 2971 καὶ
3595 2921 3752 2971 πάντα
3796 2920 3871 2968 ὑπὸ
3972 2984 3973 2989 η

2314 3012 2473 3080 χείρα
2503 3008 2686 3059 θέσθαι
2740 3003 3140 3077 διατεινόμενος.
3183 3006 3241 3058 Ὁ
3297 3004 3357 3059 δε
3396 3004 3648 3081 βασιλεὺς
3693 3016 3756 3079 τῷ
3783 3026 3869 3058 ουν-

547 3088 909 3152 cedentibus,
948 3064 1255 3143 victoriam
1283 3089 1361 3143 ab
1390 3088 1563 3143 hoste
1585 3064 1903 3147 fortissime
1932 3092 2202 3155 retulere,

2314 3064 2431 3155 iis".
2486 3101 2660 3171 τρόπῳ
2716 3064 3114 3167 χρησάμενος,-
3147 3064 3426 3171 έχαρίζετο
3482 3099 3578 3168 μεν
3632 3064 3765 3166 eae},
3805 3102 3871 3152 τήν

548 3177 817 3247 peditatu
844 3176 1002 3233 illius
1032 3176 1202 3231 omni
1235 3177 1557 3249 navalique
1596 3178 1867 3235 subsidio
1904 3182 1962 3235 in
1996 3181 2205 3251 fugam

546 3280 740 3322 verso.
787 3265 908 3329 Ille,
956 3279 1138 3336 porro
1168 3281 1307 3319 cum
1353 3266 1500 3337 quid
1536 3266 1757 3322 faceret
1799 3283 1923 3323 non
1963 3270 2204 3336 videret,

545 3354 813 3425 seipsum
866 3352 1200 3409 victoribus
1249 3352 1479 3408 dedidit
1532 3373 1545 3412 :
1601 3354 1716 3421 ille,
1769 3356 2039 3427 inquam,
2101 3376 2205 3431 qui

544 3442 729 3514 paulo
744 3448 881 3498 ante
907 3442 1102 3497 minas
1132 3442 1406 3497 ferociter
1428 3443 1773 3515 spiraverat,
1800 3450 1977 3517 atque
1999 3448 2206 3505 omnia

544 3533 816 3603 potestati
876 3548 1001 3586 sum
1056 3528 1349 3602 subjicere
1410 3533 1813 3590 contenderat.
1876 3535 2205 3607 Imperator

545 3636 693 3676 sane
726 3636 891 3679 more
924 3636 1036 3675 suo
1066 3621 1238 3675 solito
1278 3637 1442 3684 usus,
1474 3622 1661 3679 vitam
1694 3623 1939 3694 quidem
1982 3625 2062 3680 illi
2093 3626 2204 3682 do-

541 3710 725 3773 navit,
781 3724 1038 3779 eumque
1092 3708 1208 3765 sub
1260 3710 1535 3765 custodia
1587 3726 1715 3766 esse
1766 3712 2200 3770 Thessalonica:

543 3800 875 3855 mandavit.
912 3799 1020 3855 Ubi
1046 3813 1188 3853 vero
1222 3799 1321 3861 ille
1350 3815 1387 3854 a
1416 3800 1689 3856 moribus
1732 3802 1857 3856 suis
1897 3806 2198 3860 consuetis

542 3905 664 3944 non
714 3889 1005 3953 discessit,
1056 3895 1113 3944 et
1164 3886 1571 3945 fraudulenter
1622 3889 1913 3948 insidiosa
1950 3894 2200 3951 consilia

541 3982 811 4048 captans.
867 3976 1388 4048 Barbarorumque
1431 3976 1877 4036 multitudinem
1921 3982 2196 4038 mercede

542 4066 906 4134 conducens,
941 4070 1003 4120 ut
1034 4064 1192 4120 bello
1235 4071 1568 4122 restaurata
1599 4067 1836 4123 cladem
1885 4075 2195 4142 acceptam

2318 3186 2494 3247 ζωήν·
2549 3186 2650 3237 ὑπό
2717 3188 2943 3257 φρουρὰν
3003 3180 3055 3236 δ’
3126 3183 3282 3237 ἐτίθει
3338 3193 3403 3258 τῇ
3455 3186 3725 3238 Θετταλῶν
3773 3203 3869 3255 συγ-

2314 3274 2514 3327 κλείων.
2545 3274 2685 3327 Ἐπεὶ
2730 3271 2790 3325 δι
2826 3281 2916 3325 τοῦ
2947 3275 3204 3339 συνήθους
3257 3273 3351 3325 οὐκ
3401 3274 3651 3347 ἀπείχετο
3695 3280 3867 3347 τρόπον,

2316 3365 2580 3423 πσκευὰς
2632 3365 2735 3433 γὰρ
2789 3369 2969 3432 ποιῶν,
3022 3366 3113 3414 καὶ
3155 3359 3421 3437 βάρϐαρον
3479 3367 3714 3436 συνάγων
3747 3370 3871 3435 χεῖρε

2313 3454 2510 3523 μισθῷ,
2556 3451 2872 3522 νεωτερίζειν
2955 3459 3270 3526 πεφώραται,
3332 3458 3427 3510 τὴν
3497 3450 3657 3511 ἧτταν
3713 3452 3869 3524 ἀναμα-

2312 3542 2583 3613 χέσασθαι
2658 3542 3102 3614 προθυμούμενος,
3176 3549 3447 3614 προσταγῇ
3503 3551 3599 3594 τοῦ
3661 3548 3869 3614 κρατοῦν-

2310 3648 2394 3690 τος
2427 3647 2439 3660 ·
2483 3629 2613 3701 ξίφει
2652 3633 3000 3704 καταστρέφει
3044 3632 3131 3680 τόν
3187 3626 3321 3703 βίον,
3376 3633 3544 3683 ταυτὰ
3567 3639 3673 3693 τοίς
3710 3648 3868 3702 πρίατο

2310 3718 2520 3771 ελθοῡσι
2571 3719 2838 3791 τυράννοις
2892 3720 3092 3785 παθών,
3148 3718 3256 3770 ἐπεί
3307 3724 3389 3771 τοί
3444 3738 3501 3791 γε
3552 3724 3624 3791 μὴ
3666 3726 3763 3778 τοίς
3799 3723 3866 3767 τοῦ

2307 3808 2466 3869 πέλας
2512 3806 2870 3880 ἐσωφρονίσθη
2922 3815 3100 3867 κακοῖς
3131 3823 3145 3837 ·
3203 3812 3298 3867 τὴν
3351 3812 3472 3865 ἰσην
3526 3805 3587 3861 δὲ
3642 3818 3732 3868 τῆς
3778 3808 3866 3858 ἀπ·

2309 3896 2453 3957 ϐείας
2504 3896 2754 3968 ἑλόμενος,
2803 3901 2893 3948 καὶ
2944 3904 3050 3957 τοῖς
3101 3896 3281 3959 αὐτοῖς
3324 3897 3579 3969 αἰσχροῖς
3616 3902 3865 3970 περιέπεσε,

2310 3985 2503 4045 στήλας
2551 3990 2640 4037 καὶ
2698 3987 2796 4043 ὅση
2855 4005 2934 4046 τις
2974 3981 3035 4043 ἧν
3074 3988 3124 4037 ὲν
3153 3991 3363 4057 τοίχοις
3399 3985 3573 4058 ἐκείνῳ
3603 3990 3764 4060 γραφή
3788 3994 3868 4053 e7;-

2304 4076 2591 4147 ρειούμενος
2634 4078 2723 4130 καὶ
2762 4071 3164 4147 ἐδαφιζόμενος.
3214 4081 3314 4127 Καὶ
3354 4077 3379 4127 ὀ
3412 4079 3503 4148 μὲν
3530 4077 3694 4137 οὕτως
3717 4078 3863 4127 ἔκειτο.

543 4155 805 4219 sarciret,
861 4154 940 4209 ad
990 4170 1086 4209 res
1128 4169 1318 4209 novas
1370 4170 1611 4215 rursum
1654 4162 1924 4228 spectare
1971 4158 2382 4231 deprehensus
2424 4170 2512 4219 est
2561 4179 2573 4217 :
2624 4164 3003 4236 imperatoris
3050 4164 3228 4235 jussu
3283 4164 3465 4220 vitam
3514 4165 3670 4220 ferro
3712 4176 3863 4220 casus

542 4244 759 4309 amisit,
807 4243 980 4315 513
1037 4242 1194 4298 idem
1247 4242 1471 4299 scilicet
1521 4245 1689 4316 quod
1732 4246 1961 4317 priores
2003 4251 2241 4321 tyranni
2295 4267 2532 4324 passus.
2576 4251 3079 4324 Quandoquidem
3139 4253 3297 4308 enim
3358 4252 3595 4310 illorum
3644 4252 3801 4310 malis
3838 4265 3862 4303 e

541 4334 804 4389 adversis
835 4335 1017 4388 rebus
1048 4333 1295 4388 edoctus
1330 4332 1408 4388 ad
1442 4333 1676 4405 frugem
1708 4339 1763 4391 et
1792 4335 2058 4393 ofﬁcium
2089 4354 2212 4395 non
2251 4340 2442 4408 rediit,
2475 4341 2876 4412 eamdemque
2907 4357 3091 4414 quam
3130 4342 3207 4397 illi
3247 4341 3624 4415 impietatem
3669 4346 3863 4398 secutus

540 4427 647 4490 est,
692 4437 812 4476 non
850 4422 1147 4483 immerito
1188 4422 1249 4476 in
1298 4422 1542 4478 easdem
1588 4438 1831 4496 quoque
1878 4425 2070 4482 fmdas
2120 4428 2489 4486 calamitates
2536 4430 2774 4485 decidit.
2833 4432 3049 4487 Statum
3107 4446 3374 4503 quoque,
3426 4437 3483 4487 et
3524 4442 3862 4504 quascunque

542 4510 835 4580 imagines
864 4510 994 4580 ejus
1040 4510 1099 4565 in
1132 4511 1321 4565 muris
1360 4512 1571 4582 positae
1614 4517 1795 4585 atque
1822 4514 2061 4571 insertae
2089 4515 2346 4585 fuerant,
2376 4534 2622 4590 eversas,
2657 4523 2838 4575 erutae
2871 4524 3050 4591 atque
3089 4519 3326 4575 abolitae
3375 4526 3534 4576 sunt.
3578 4524 3759 4593 Atque
3788 4515 3861 4572 ille

543 4600 791 4672 quidem
816 4601 896 4656 ita
919 4601 1112 4656 victus
1138 4599 1419 4655 occubuit
1446 4602 1545 4673 (t).

1145 4723 1379 4781 CAPUT
1416 4725 1590 4780 XLVI.

2882 4739 3123 4787 ΚΕΦΔΛ.
3164 4732 3315 4816 Μς·

541 4815 629 4871 De
661 4812 881 4940 legibus
910 4821 963 4869 et
994 4814 1513 4871 constitutionibus
1546 4814 1945 4883 Constantini,
1976 4826 2031 4874 et
2068 4834 2197 4893 quae

752 4885 962 4940 eniane
989 4884 1482 4940 Christianorum
1504 4886 1778 4940 reliaiom'
1799 4888 2023 4940 fecerit.
2086 4900 2089 4905 λ

2313 4826 2462 4896 Περὶ
2500 4830 2598 4874 τῶν
2636 4824 3029 4894 νομοθεσιῶν
3064 4827 3556 4875 Κωνσταντίνου
3591 4840 3604 4853 ·
3636 4826 3734 4875 καὶ
3770 4820 3859 4870 ὅσα

2381 4895 2644 4940 νοτιστὰ
2708 4902 2779 4940 τῆ
2836 4902 3244 4940 Χριστιανῶν
3296 4894 3593 4940 πολιτεία
3641 4891 3858 4940 διεποάο

752 4885 962 4955 enigne
989 4884 1482 4942 Christianorum
1504 4886 1778 4957 religioni
1795 4888 2023 4959 fecerit.
2079 4884 2095 4905 ⁷

2376 4884 2644 5027 ἐρηστὰ
2708 4884 2779 4966 τῇ
2836 4902 3244 4966 Χριστιανῶν
3296 4894 3593 4967 πολιτείᾳ
3641 4891 3858 4963 διεπράο

2417 4985 2546 5017 ατο.

2417 4985 2546 5017 ατο.

612 5044 789 5101 Totus
818 5050 1018 5101 autem
1052 5045 1258 5101 Oriens
1291 5044 1469 5101 simul
1499 5050 1557 5102 et
1582 5046 1869 5103 Occidens
1900 5049 2015 5106 sub
2044 5053 2195 5107 Con-

543 5134 789 5190 stantini
840 5132 1160 5205 imperium
1205 5134 1473 5205 pervenit
1523 5151 1724 5209 :quas
1767 5136 1862 5192 ille
1891 5138 2189 5209 regiones,

542 5238 876 5293 omnesque
897 5223 1285 5279 circumcirca
1304 5224 1659 5295 provincias,
1684 5241 1918 5282 necnon
1941 5235 2192 5300 septem-

540 5315 822 5375 trionales
884 5318 1064 5385 atque
1121 5313 1409 5371 australes
1460 5330 1618 5381 oras,
1660 5316 1980 5389 tranquilla
2017 5333 2187 5391 pace,

2376 5058 2556 5115 Πάσης
2609 5051 2661 5107 δ’
2706 5053 2806 5108 “Ern
2853 5057 2941 5107 καὶ
2989 5052 3241 5129 Ἐσπέρας
3277 5058 3336 5107 τὸ
3382 5057 3566 5127 κράτος
3606 5059 3750 5127 μόνος
3776 5051 3857 5103 ἆνε-

2306 5142 2532 5204 ζὼννυτο
2591 5150 2997 5219 Κωνσταντῑνος,
3077 5146 3249 5196 πᾶσάν
3316 5162 3369 5196 τε
3433 5143 3597 5203 αὐτὴν
3662 5148 3742 5194 καὶ
3785 5144 3853 5197 τήν

2300 5232 2592 5307 περικύκλῳ
2663 5234 2850 5308 ἄρκτον
2917 5251 2971 5284 τε
3020 5237 3109 5284 καὶ
3174 5231 3499 5307 μεκημϐρίὰν
3555 5242 3644 5293 τῆς
3699 5231 3854 5287 οἰκείας

2301 5321 2565 5394 ἐμπιπλῶν
2615 5322 2844 5395 εἰρήνης.
2897 5327 3004 5374 Πᾶν
3056 5317 3115 5373 δὲ
3177 5319 3296 5383 δέος
3345 5322 3582 5395 ἑξῄρητο,
3638 5320 3851 5392 Λαμπραί

614 5422 692 5493 (t)
723 5442 751 5469 «ι
786 5420 1269 5493 Liciniusiitteris
1294 5421 1446 5477 adeo
1478 5420 1730 5478 infectus
1768 5422 1897 5489 fuit,
1933 5429 1997 5479 ut
2025 5425 2186 5481 virus

542 5492 632 5551 ac
659 5500 889 5566 pestem
919 5492 1227 5566 publicam
1273 5493 1752 5566 sasappellaret,
1780 5494 2031 5566 illarum
2062 5500 2186 5554 tam

540 5564 777 5637 expers,
808 5572 875 5621 nt
910 5564 986 5621 ne
1014 5564 1266 5623 decretis
1294 5564 1534 5635 quidem
1561 5565 1934 5627 subscribere
1961 5574 2184 5641 posset.

2298 5428 2449 5503 Illud
2462 5429 2522 5484 in
2544 5445 2615 5485 eo
2628 5445 2749 5485 non
2764 5428 3351 5503 reprehendendum,
3366 5430 3529 5501 quod
3547 5428 3847 5503 spadonum

2293 5499 2754 5628 Eulicttirumque
2792 5499 3173 5557 insolentiam
3201 5502 3353 5556 mire
3387 5499 3768 5574 compescuit.
3828 5514 3845 5543 ι

2340 5585 2462 5642 gna
2490 5613 2506 5630 .
