4020 6218
519 277 677 338 -1319

1841 275 2222 340 NICEPHORI
2264 275 2582 334 CALLISTI

3753 281 3892 336 i320

525 408 928 478 gladiatorum
986 408 1188 462 Romae
1239 405 1604 477 frequentari
1657 404 1924 473 solitum,
1977 421 2048 460 ex
2101 419 2165 459 eo

2284 411 2384 454 τῶν
2439 405 2528 462 τὰς
2584 404 2756 464 κοινὰς
2809 399 3102 464 διοικήσεις
3142 403 3395 474 ἑχόντων.
3453 403 3720 456 Ἐντεῦθεν
3753 412 3896 456 Σαν-

519 504 789 568 tempore
814 497 1202 565 prohibitum.
1225 495 1549 560 Phoenices,
1571 496 1673 565 qui
1697 493 1988 550 Libanum
2007 509 2175 548 mon-

523 593 639 641 tem
668 603 744 656 ap
773 581 1120 655 Heliopolim
1163 584 1524 648 incolebant,
1567 584 1823 652 virgines
1861 599 2002 637 suas
2037 591 2174 636 ante

520 675 814 744 legitimas
833 675 1074 745 nuptias
1097 674 1172 728 ad
1189 683 1460 744 stuprum
1485 675 1836 744 prostituere
1851 670 2170 734 desierunt,

521 768 684 836 quod
724 763 854 832 lege
900 770 1076 818 antea
1115 763 1278 833 apud
1323 777 1426 816 eos
1479 763 1603 816 ﬁeri
1657 768 1962 832 receptum
2015 765 2163 814 erat.

519 853 762 924 Templa
801 853 1112 907 altitudine
1161 859 1218 906 et
1259 851 1568 906 latitudine
1599 849 1802 922 ampla
1852 855 2170 905 exstructa.

522 945 660 1008 Quae
703 957 842 996 vero
873 941 1124 996 antehac
1159 943 1285 1010 jam
1327 939 1624 996 aediﬁcata
1663 940 1916 1004 fuerant,
1959 939 2174 993 instru-

519 1039 723 1086 mento
746 1029 1148 1086 ecclesiastico
1177 1037 1233 1084 et
1259 1029 1522 1084 donariis
1547 1033 1854 1083 exornata.
1881 1026 2172 1083 Nonnulla

519 1120 698 1174 etiam
713 1135 782 1173 ex
798 1119 940 1189 ipsis
955 1117 1361 1172 fundamentis
1374 1117 1624 1172 excitata
1637 1116 1883 1172 sunt.Ab
1899 1131 2173 1187 quaeom-

521 1209 620 1262 nia
655 1207 980 1278 imperator
1020 1207 1336 1261 liberaliter
1385 1205 1692 1276 impensas
1743 1203 2011 1269 contulit,
2051 1205 2172 1274 epi-

519 1299 715 1368 scopis
729 1313 860 1352 eam
883 1313 1008 1350 rem
1025 1296 1394 1359 curantibus,
1417 1293 2171 1365 magistratibusquejussu

517 1386 673 1440 illius
715 1387 1034 1458 pecuniam
1087 1400 1156 1439 ex
1207 1383 1439 1454 publico
1489 1383 1914 1453 praebentibus.
1961 1382 2171 1436 Sauro-

517 1481 697 1530 matae
731 1491 974 1546 quoque
1005 1479 1063 1528 et
1103 1474 1373 1528 nationes
1411 1474 1624 1526 Istrum
1671 1472 2026 1530 accolentes,
2063 1471 2166 1524 im-

519 1566 684 1636 perio
707 1565 834 1634 ejus
861 1564 1134 1629 subditae,
1162 1579 1292 1634 quae
1310 1561 1574 1630 gentium
1597 1561 1850 1616 aliarum
1879 1559 2166 1625 victrices,

519 1654 680 1708 solos
705 1655 1005 1708 Romanos
1031 1653 1132 1724 qui
1165 1653 1248 1705 eis
1277 1653 1629 1714 resisterent,
1659 1649 2020 1704 habuerunt.
2057 1650 2168 1702 Eas

2279 493 2509 564 ρομάται
2556 496 2646 564 μὲν
2689 495 2828 562 αὐτῷ
2861 498 2949 545 καὶ
2993 497 3056 544 τὰ
3101 498 3400 566 [Ιαρίστρια
3439 495 3557 550 ἔθνη
3591 495 3694 545 ὑπὸ
3736 503 3898 568 χεῖρα

2280 581 2436 644 ἦσαν,
2493 580 2540 632 οἱ
2595 590 2694 632 τῶν
2755 582 2916 633 ἄλλων
2973 579 3288 656 βαρϐάαρων
3319 591 3650 655 κρατοῦντες,
3703 589 3896 654 μόνους

2279 673 2558 740 Ῥωμαίους
2615 669 3007 740 ἀνταγωνιστὰς
3053 667 3236 742 εἶχον·
3280 676 3425 741 νικᾲν
3481 667 3542 723 δὲ
3583 679 3762 724 ταῦτα
3809 678 3895 723 τόν

2283 765 2666 810 Κωνσταντῖνον
2753 765 2980 830 σημείων
3067 765 3157 810 καὶ
3216 759 3491 832 ὀνειράτων
3571 757 3892 823 ἐπιδείξεσι.

2281 853 2392 900 Τῶν
2459 844 2518 900 δε
2573 848 2867 928 περικύκλῳ
2931 849 3136 920 πολέμῳ
3199 857 3426 922 κρατῶν,
3480 851 3656 922 ὥσπερ
3719 851 3782 901 οἷν
3841 870 3892 902 τι

2283 937 2708 1008 φιλοτιμούμενος
2773 941 2861 990 τόν
2921 937 3170 1010 Χριστόν,
3222 936 3459 1008 ὀμείϐετο
3514 946 3578 1010 τῇ
3631 944 3754 1011 περὶ
3793 944 3888 997 τήν

2285 1027 2564 1098 θρησκείαν
2613 1022 2846 1098 σπουδῇ,
2899 1032 3033 1078 πᾶσι
3087 1023 3154 1084 δὴ
3200 1031 3498 1099 προτρέπων
3547 1030 3746 1086 ταύτην
3795 1035 3888 1100 μό-

2281 1135 2370 1172 νην
2413 1121 2588 1186 τιμᾴν.
2647 1120 2748 1168 Καί
2805 1135 2854 1166 τι
2883 1112 2942 1167 δε
2989 1111 3246 1186 δημόσιον
3285 1117 3400 1167 καθ’
3455 1115 3679 1174 ἑκάστην
3729 1116 3886 1192 ἐπαρ-

2280 1209 2408 1274 χίαν
2463 1202 2782 1276 ἀφελόμενος,
2837 1211 2950 1266 ταῖς
3013 1203 3315 1265 ἐκκλησίαις
3359 1203 3620 1276 ἀπένειμε,
3677 1213 3768 1258 καί
3821 1227 3880 1278 γε

2281 1297 2338 1344 τό
2409 1301 2560 1364 κῦρος
2613 1296 2753 1364 ἔχειν
2803 1297 2898 1351 τὴν
2949 1289 3147 1368 δωρεὰν
3191 1293 3240 1354 ἐς
3285 1297 3372 1345 τόν
3437 1295 3642 1346 ἅπαντα
3689 1301 3878 1368 χρόνον

2281 1381 2582 1453 ἐνομοθέτει.
2629 1389 2700 1454 Τῇ
2765 1390 2978 1453 συνεχεί
3045 1379 3102 1434 δε
3157 1388 3336 1454 μνήμη
3403 1385 3732 1454 προσεθίζων
3801 1391 3878 1438 σέ-

2280 1469 2384 1522 ϐειν
2443 1478 2762 1542 στρατιώτας
2799 1472 3052 1544 Χριστόν,
3095 1474 3156 1523 τὰ
3195 1476 3386 1524 τούτων
3441 1473 3574 1524 ὅπλα
3619 1483 3690 1543 τῷ
3743 1494 3878 1546 συμ-

2279 1560 2410 1632 ϐόλῳ
2449 1571 2539 1614 τοῦ
2595 1569 2822 1636 σταυροῦ
2868 1566 3263 1633 κατεσημαινεν.
3313 1561 3628 1620 Ἐκκλησίαν
3697 1559 3750 1615 δ’
3809 1567 3877 1626 ὡς

2279 1654 2480 1724 εἰρηται
2555 1660 2665 1714 τοῖς
2739 1651 3035 1724 ἀνακτόροις
3099 1647 3474 1722 οἰκοδομήσας,
3549 1657 3640 1704 καὶ
3719 1671 3876 1724 μετα-

517 1743 934 1798 Constantinus
983 1739 1411 1796 miraculorum
1473 1745 2022 1807 nocturnorumque
2083 1735 2165 1790 in-

2278 1747 2503 1814 φορητὴν
2591 1743 2763 1813 ἑτέραν
2843 1740 3118 1798 ἐκκλησίαν
3179 1743 3432 1812 ἑπετεχνᾶ
3486 1760 3512 1792 ο
3557 1761 3572 1772 ·
3625 1741 3692 1792 ἶν’
3771 1745 3868 1800 ὅπη

516 1834 887 1888 somniorum
913 1830 1468 1886 denuntiationibus
1495 1829 1731 1884 devicit.
1770 1831 2168 1898 Quoscunque

518 1929 718 1976 autem
775 1921 1031 1992 populos
1081 1919 1238 1974 bello
1299 1919 1473 1990 515
1537 1917 1858 1988 superavit,
1919 1917 2166 1987 perinde

515 2016 696 2084 atque
727 2027 864 2066 cum
887 2011 1113 2066 Christo
1151 2014 1224 2063 de
1251 2009 1438 2077 gloria
1477 2007 1880 2071 contenderet,
1913 2007 2167 2074 gratiam

515 2101 577 2156 in
618 2117 678 2155 se
715 2099 1014 2164 collatam,
1061 2097 1467 2168 propaganda:
1499 2096 1802 2166 religionis
1846 2094 2041 2149 studio
2081 2111 2167 2148 re-

517 2189 744 2260 pendit.
789 2189 1010 2243 Omnes
1048 2201 1312 2256 namque
1359 2185 1634 2240 homines
1661 2185 1736 2239 ad
1779 2184 1936 2238 hanc
1972 2182 2164 2237 solam

517 2278 832 2333 colendam
863 2275 1153 2340 excitavit,
1187 2281 1244 2330 et
1271 2275 1328 2329 in
1359 2273 1641 2329 omnibus
1681 2273 2001 2343 provinciis
2033 2289 2166 2342 ρει·-

517 2374 634 2421 tem
667 2367 932 2437 aliquam
972 2364 1346 2435 publicorum
1381 2361 1752 2432 vectigalium
1783 2361 2050 2416 ecclesiis
2073 2363 2166 2416 tri-

517 2456 664 2522 buit,
697 2455 1204 2524 donationemque
1243 2467 1376 2507 eam
1406 2460 1595 2506 ratam
1623 2467 1753 2505 esse
1793 2449 2164 2521 temporibus

518 2543 876 2614 saeculisque
923 2542 1207 2596 omnibus
1257 2542 1474 2596 sanxit.
1525 2547 1713 2612 Atque
1761 2545 1824 2593 ut
1873 2539 2164 2594 memoria

519 2633 802 2688 continua
851 2631 1062 2686 milites
1116 2631 1408 2685 Christum
1466 2629 1656 2684 colere
1697 2627 2159 2692 assuefacerent,

517 2739 686 2778 arma
727 2737 932 2776 eorum
958 2721 1129 2789 signo
1155 2719 1345 2773 crucis
1369 2719 1696 2774 exornavit.
1729 2721 1788 2772 Et
1813 2733 1972 2781 cum,
1997 2715 2164 2770 sicuti

515 2811 744 2866 dictum
773 2815 878 2874 est,
911 2810 968 2864 in
999 2809 1288 2880 imperiali
1321 2807 1540 2878 palatio
1569 2822 1680 2862 suo
1712 2806 1997 2877 templum
2029 2821 2167 2860 con-

516 2899 745 2962 struxit,
791 2905 912 2953 tum
953 2896 1290 2967 portatilem
1329 2894 1640 2950 ecclesiam
1679 2893 1861 2948 aliam
1893 2894 2020 2948 ﬁeri
2054 2893 2164 2948 sibi

515 2988 765 3052 curavit,
793 3003 928 3058 quae
957 2985 1297 3056 ubicunque
1323 2983 1595 3039 locorum
1621 2988 1795 3052 esset,
1824 2989 1880 3038 et
1904 2983 2166 3037 maxime

517 3076 576 3131 in
609 3075 764 3131 bello
813 3073 1180 3130 circumferri
1229 3079 1436 3146 posset
1495 3079 1556 3126 ut
1599 3089 1672 3126 ne
1726 3073 1786 3127 in
1847 3071 2166 3126 solitudine

518 3163 764 3234 quidem
795 3179 1000 3232 agens,
1037 3163 1134 3218 ubi
1168 3179 1322 3233 opus
1352 3167 1508 3217 esset
1547 3161 1858 3232 Deumque
1887 3160 2080 3216 colere
2111 3165 2166 3214 et

516 3253 722 3308 divina
750 3253 1030 3324 mysteria
1055 3252 1408 3323 participare
1430 3249 1692 3314 deberet,
1721 3251 1956 3304 aedibus
1981 3249 2165 3304 sacris

515 3345 776 3396 careret:
805 3340 884 3395 ad
913 3355 1100 3412 quam
1131 3338 1310 3394 veluti
1339 3339 1416 3393 ad
1443 3337 1896 3392 tabernaculum
1930 3353 2166 3408 semper

517 3436 735 3503 praesto
765 3429 926 3485 fuere
959 3428 1298 3484 sacerdotes
1322 3432 1378 3483 et
1401 3426 1658 3491 diaconi,
1704 3428 1830 3481 sine
1869 3427 2167 3482 intermis-

516 3520 684 3575 sione
719 3519 1048 3574 ministeria
1087 3517 1312 3582 divina,
1338 3516 1508 3588 juxta
1540 3521 1725 3572 statas
1757 3516 2026 3571 Ecclesiae
2057 3532 2169 3570 caa-

513 3609 840 3669 remonias,
889 3607 1201 3662 obuentes.
1251 3607 1413 3661 Diem
1457 3622 1594 3660 eum
1643 3605 1722 3676 (l)
1765 3621 1946 3676 quem
1981 3603 2168 3675 judaei

515 3698 778 3769 primum
819 3701 1234 3760 numerarunt,
1273 3703 1328 3750 et
1367 3696 1552 3750 Graeci
1589 3694 1696 3750 soli
1729 3693 2024 3760 dicarunt,
2057 3694 2169 3750 Do-

517 3787 801 3842 minicum
823 3787 896 3856 (2)
929 3784 1272 3856 appellavit,
1292 3799 1552 3855 eumque
1577 3784 1789 3838 festum
1819 3783 2166 3838 etferiatum

520 3891 650 3930 esse
690 3875 972 3930 omnibus
1009 3874 1138 3943 lege
1173 3873 1294 3928 lata
1336 3872 1579 3927 statuit:
1620 3871 1888 3926 similiter
1926 3879 1984 3927 et
2026 3889 2165 3928 eum

515 3966 618 4034 qui
668 3962 999 4018 Sabbatum
1045 3963 1343 4033 praecedit,
1387 3968 1448 4015 ut
1495 3962 1554 4015 in
1607 3961 1678 4015 iis
1725 3961 2167 4031 precationibus

513 4067 894 4116 vacaremus,
949 4051 1605 4122 supplicationibusque
1661 4051 1846 4104 Deum
1896 4066 2166 4105 exorare-

514 4157 689 4196 mus:
721 4141 972 4196 alterum
999 4141 1266 4212 quidem,
1296 4139 1458 4212 quod
1483 4141 1540 4194 in
1564 4155 1634 4194 eo
1671 4138 1936 4194 Christus
1975 4155 2166 4195 resur-

515 4231 664 4286 rexit
715 4229 1033 4284 :.alterum
1085 4237 1283 4283 autem
1349 4233 1588 4299 propter
1644 4243 1902 4292 crucem,
1960 4243 1996 4282 a
2043 4244 2165 4299 qua

515 4320 838 4391 plurimum
875 4319 988 4372 sibi
1027 4319 1326 4372 bonorum
1365 4317 1708 4386 provenisse
1749 4317 1924 4372 variis
1971 4317 2165 4372 modis

515 4413 792 4479 expertus
811 4405 1021 4460 fuerat.
1047 4409 1234 4470 Quam
1263 4407 1437 4460 etiam
1460 4405 1539 4460 ob
1560 4421 1806 4460 causam
1834 4421 1966 4460 eam
2001 4421 2160 4460 sum-

513 4513 758 4567 mopere
782 4497 838 4550 in
881 4494 1258 4550 veneratione
1279 4495 1528 4564 habens,
1559 4495 1620 4549 in
1648 4495 1911 4549 nummis
1950 4499 2073 4548 suis
2109 4503 2166 4552 et

512 4586 880 4656 imaginibus
905 4584 1188 4639 omnibus
1209 4584 1462 4654 insculpi
1487 4583 1848 4654 inscribique
1867 4583 2031 4638 fecit.
2061 4584 2166 4638 Te-

516 4681 749 4731 stantur
779 4675 892 4730 hoc
921 4673 1214 4742 imagines
1239 4674 1367 4744 ejus
1387 4673 1593 4728 habitu
1621 4689 1692 4727 eo
1718 4679 1772 4728 et
1799 4671 1994 4728 forma
2027 4689 2160 4744 pro-

515 4765 750 4834 positae.
783 4761 1149 4833 Supplicium
1181 4763 1392 4825 crucis,
1425 4763 1590 4832 quod
1623 4763 1902 4816 Romanis
1933 4777 1999 4816 ex
2031 4761 2162 4833 lege

515 4853 793 4923 frequens
835 4852 1094 4906 maxime
1129 4857 1186 4906 et
1211 4851 1489 4906 usitatum
1516 4849 1642 4920 fuit,
1676 4866 1748 4906 ex
1770 4851 2012 4922 judiciis
2044 4853 2159 4917 sui,

517 4939 778 4995 sustulit.
821 4941 883 4994 Et
921 4957 1058 4994 cum
1102 4940 1290 4994 divmi
1331 4939 1524 4995 cultus
1557 4939 1817 5007 augendi
1859 4941 2161 4996 studiosus

515 5031 643 5096 fuit,
671 5037 794 5085 tum
825 5031 1083 5084 ferendis
1105 5031 1282 5085 etiam
1309 5028 1545 5098 legibus
1567 5028 1808 5084 laudem
1829 5035 1886 5084 et
1910 5029 2160 5100 gloriam

516 5129 604 5176 est
623 5125 1001 5175 consecutus.
1021 5122 1166 5174 Nam
1194 5117 1530 5190 impudicos
1559 5117 1917 5188 illicitosque
1944 5135 2159 5174 conc-u-

513 5209 693 5274 bitus,
727 5223 880 5280 quos
911 5217 1048 5263 ante
1079 5223 1214 5262 eum
1243 5223 1422 5263 nemo
1453 5206 1805 5271 inhibuerat,
1845 5208 1972 5278 ipse
2004 5225 2162 5264 coer-

515 5299 655 5366 cuit,
673 5299 842 5355 sicuti
871 5297 987 5354 hoc
1017 5313 1088 5352 ex
1113 5296 1638 5352 constitutionibus
1659 5297 1788 5368 ejus
1809 5297 2162 5369 legibusque

585 5425 659 5496 (t)
701 5427 758 5484 L.
788 5425 997 5496 Omnes
1025 5422 1282 5496 Iudices.
1311 5421 1372 5496 C7.
1407 5421 1488 5477 De
1515 5421 1638 5477 feri.

586 5492 664 5566 (2')
704 5515 731 5546 ιι
777 5501 895 5552 Νοο
933 5494 1076 5549 illud
1121 5495 1467 5566 omiserim,
1495 5499 1724 5549 mutata
1765 5492 1998 5550 dierum
2029 5495 2164 5550 isto-

513 5565 648 5626 rum
673 5568 919 5622 nomina
938 5567 997 5621 in
1020 5581 1154 5638 quae
1177 5581 1336 5620 nunc
1358 5581 1393 5621 a
1415 5565 1754 5622 Christianis
1777 5572 2160 5638 usurpautur,

2275 1833 2398 1882 ποτε
2438 1839 2534 1900 γῆς
2596 1834 2694 1894 εἵη,
2749 1829 2844 1882 κᾶν
2883 1837 2990 1889 τοῖς
3036 1829 3272 1901 πολέμοις
3337 1829 3612 1900 μάλιστα,,
3667 1837 3870 1904 περιφέ-

2273 1936 2358 1990 ροι
2400 1935 2412 1948 ·
2467 1921 2598 1971 ὥστε
2649 1915 2780 1991 μηδ’
2855 1923 2904 1970 ὲν
2967 1917 3138 1992 ἐρήμῳ
3195 1914 3472 1988 διάγοντα,
3532 1921 3674 1970 οἶκον
3727 1921 3862 1970 θείου

2273 2009 2488 2080 ἄμοιρον
2542 2006 2690 2072 εἶναι,
2767 2010 2887 2060 ἔνθα
2937 2012 3095 2082 χρεία
3151 2011 3351 2078 γένοιτο
3407 2011 3533 2060 Θεὸν
3585 2011 3852 2082 γεραίρειν,

2273 2103 2362 2148 καὶ
2421 2103 2722 2169 μυστηρίων
2777 2099 2922 2148 θείων
2983 2095 3342 2147 ἔπαπολαύειν.
3401 2101 3640 2170 Παρῆσαν
3685 2092 3743 2146 δέ
3795 2115 3854 2165 γε

2273 2191 2361 2238 καὶ
2395 2189 2538 2260 ἱερεῖς
2586 2191 2674 2238 καὶ
2731 2182 2967 2238 διάκονοι
3037 2181 3473 2259 προσεδρεύοντες
3537 2193 3593 2256 τῇ
3667 2193 3860 2254 σκηνῇ,

2271 2280 2360 2326 καὶ
2425 2275 2819 2347 ἀπαραλείπτως
2873 2279 2967 2332 τὴν
3031 2282 3126 2334 τῆς
3181 2273 3460 2334 ἐκκλησίας
3513 2280 3685 2324 πᾶσαν
3721 2273 3868 2334 τάξιν

2273 2359 2683 2434 διακονούμενοι.
2735 2363 2830 2416 Ἦν
2891 2360 2940 2415 δ’
2996 2362 3226 2436 Ἑϐραῖοι
3275 2369 3479 2436 πρωτην
3543 2360 3692 2433 εἶχον
3747 2363 3870 2432 ἠμέ-

2270 2473 2385 2528 ραν,
2442 2453 2677 2512 ’Έλληνες
2745 2449 2794 2504 δ’
2871 2453 2995 2523 ἡλίῳ
3061 2449 3312 2518 ἀνέθεντο,
3373 2455 3648 2524 Κυριακήν
3713 2471 3868 2502 κατω-

2270 2548 2483 2613 νόμασε,
2535 2547 2624 2594 καὶ
2669 2544 2784 2593 κατ’
2843 2541 3003 2599 αὗτην
3053 2537 3112 2593 δὲ
3167 2543 3358 2601 πάντας
3415 2539 3711 2610 σχολάζειν
3769 2539 3871 2590 ἐνο-

2271 2633 2554 2702 μοθέτησεν
2589 2651 2600 2662 ·
2631 2635 2876 2690 ὡσαύτως
2907 2635 2998 2682 καὶ
3047 2634 3140 2687 τὴν
3197 2633 3294 2702 πρὸ
3323 2627 3593 2680 Σαϐϐάτου
3629 2649 3646 2660 ·
3689 2628 3870 2698 εὐχαῖς

2274 2717 2333 2772 δὲ
2361 2722 2644 2791 σχολάζειν
2675 2740 2762 2772 και
2811 2719 2977 2779 λιταῖς
3023 2723 3080 2770 τὸ
3135 2725 3284 2770 Θείον
3333 2715 3594 2779 ἐξιλεοῡνο
3637 2722 3734 2774 τὴν
3759 2721 3864 2788 μεν,

2273 2811 2350 2861 ὃτι
2383 2809 2432 2860 ἐν
2455 2813 2619 2880 ταύτῃ
2651 2807 2854 2868 ἁνέσνη,
2907 2813 3000 2866 τὴν
3033 2803 3092 2860 δὲ
3143 2804 3238 2859 διὰ
3275 2809 3359 2858 τὸν
3392 2809 3619 2878 σταυρὸν
3673 2806 3734 2856 ού
3785 2813 3868 2864 τῆς

2273 2903 2452 2974 πείρας
2499 2907 2596 2950 τῶν
2652 2897 2859 2967 ἀγαθῶν
2917 2897 3220 2957 πολλαπλῶς
3280 2897 3492 2968 ᾑσθετο.
3539 2903 3636 2947 Ὃν
3697 2891 3868 2966 διαφε-

2272 2995 2462 3063 ρόντως
2521 3007 2702 3056 τιμων,
2762 2989 2856 3038 κὰν
2905 2994 3014 3046 τοίς
3075 2991 3304 3058 κέρμασι
3351 2991 3439 3037 καὶ
3478 2987 3682 3045 πάσαις
3735 2985 3860 3036 εἰκό-

2197 3099 2237 3156 C
2277 3098 2358 3130 σιν
2421 3076 2844 3150 ἐγχαράττεσθαι
2902 3072 3178 3130 διετύπου.
3241 3075 3513 3148 Μάρτυρες
3593 3073 3652 3124 αἱ
3693 3073 3862 3130 εἰκόνες

2275 3166 2456 3230 αὐτοῦ,
2507 3165 2554 3216 ἐν
2603 3167 2766 3236 τούτῳ
2809 3160 2965 3216 οὖσαι
3014 3171 3108 3215 τοῦ
3169 3169 3466 3234 σχήματος.
3505 3167 3613 3218 Τὴν
3675 3159 3732 3214 δὲ
3771 3159 3854 3212 διὰ

2277 3261 2506 3326 σταυροῦ
2587 3258 2838 3326 τιμωρίαν
2907 3251 3181 3323 Ῥωμαίοις
3261 3251 3487 3324 μάλιστα
3569 3255 3856 3320 τιμωμένην

2275 3343 2330 3395 ἐκ
2376 3349 2534 3412 νόμον
2587 3352 2684 3394 τῶν
2735 3339 3096 3414 δικαστηρίων
3155 3340 3350 3402 ἐξέωσε.
3407 3343 3506 3391 Καὶ
3565 3341 3865 3410 θεραπεύειν

2275 3436 2364 3506 μὲν
2417 3437 2473 3484 τό
2517 3433 2647 3483 θεῖον
2701 3432 2778 3482 ἀεὶ
2829 3427 3176 3494 ἐσπούδαζεν,
3226 3431 3300 3489 οἷς
3347 3425 3404 3480 δε
3443 3428 3674 3500 μάλιστα
3715 3448 3868 3500 νομο-

2277 3525 2433 3574 θετῶν
2513 3518 2820 3591 διεφαίνετο.
2907 3522 3012 3580 Τὰς
3085 3526 3212 3590 γοῦν
3289 3516 3613 3578 ἀκολάστους
3677 3517 3866 3590 μίξεις,

2275 3618 2346 3682 μή
2417 3629 2552 3671 τινος
2608 3606 2849 3680 ἐμποδὼν
2914 3610 3298 3678 καθισταμένου
3375 3610 3642 3681 πρότερον,
3717 3607 3869 3666 αὐτὸς

2277 3699 2664 3772 ἔπανώρθωσεν,
2727 3701 2794 3759 ὡς
2861 3699 2916 3748 ἐκ
2973 3705 3071 3748 τῶν
3127 3700 3370 3766 κειμένων
3423 3715 3586 3765 νομων
3638 3693 3868 3748 συνιδεῖν

2277 3789 2464 3850 ἔξεστι.
2549 3793 2648 3840 Καὶ
2718 3789 2804 3838 τὸν
2871 3787 3015 3859 παρὰ
3087 3783 3358 3856 Ῥωμαίοις
3429 3785 3622 3835 ἄτοπον
3693 3788 3866 3856 νόμον,

2276 3881 2346 3948 μὴ
2407 3885 2504 3928 τῶν
2555 3879 2683 3926 ἴσων
2715 3878 2954 3946 μετέχειν
3002 3873 3048 3924 ἐν
3095 3872 3272 3945 κλήρῳ
3321 3879 3430 3934 τοῖς
3483 3871 3529 3923 ἐν
3573 3875 3731 3944 γάμῳ
3785 3877 3868 3924 τόν

2275 3967 2499 4037 ἄγαμον,
2559 3969 2646 4016 καὶ
2702 3967 2816 4023 τοὺς
2864 3969 2934 4035 μὴ
2987 3965 3208 4032 ἔγγιστα
3243 3967 3426 4032 γένους
3477 3966 3606 4032 μήτι
3663 3959 3870 4034 κερδαί-

2274 4075 2373 4106 νειν
2429 4057 2482 4106 ἐκ
2541 4049 2824 4118 διαθήκης,
2867 4055 2940 4103 ἔτι
2995 4048 3053 4103 δε
3099 4055 3190 4103 καὶ
3237 4054 3295 4102 τὸ
3343 4055 3468 4112 τοὺς
3505 4047 3734 4110 ἄπαιδας
3777 4051 3868 4110 ζη-

2274 4151 2426 4215 μιοῦν
2489 4150 2585 4203 τῆς
2647 4145 2972 4214 περιουσίας,
3041 4143 3098 4191 τὸ
3165 4141 3332 4211 ἣμισυ
3399 4139 3864 4214 παρακελευόμενον

2273 4232 2520 4306 περιεῖλεν
2561 4247 2572 4259 ·
2639 4235 2724 4284 ἵνα
2775 4236 2846 4303 μὴ
2903 4233 3047 4304 παρὰ
3102 4237 3254 4282 τοῦτο
3317 4237 3500 4300 χεῖρον
3551 4231 3861 4304 πράττοντες

2273 4327 2322 4376 οἱ
2373 4327 2458 4374 τὸν
2515 4322 2691 4390 ἄζυγα
2738 4321 2994 4392 μετιόντες
3049 4316 3158 4392 βίον
3217 4326 3310 4379 τῆς
3349 4321 3486 4370 κατὰ
3535 4323 3660 4371 Θεὸν
3699 4317 3864 4376 ἄσκη-

2277 4432 2404 4472 σεως
2448 4410 2671 4482 ἁμελεῐεν
2711 4425 2724 4438 ⁸
2788 4409 2976 4481 μᾶλλον
3035 4405 3093 4460 δὲ
3147 4413 3236 4459 καὶ
3279 4407 3428 4458 πλέον
3485 4409 3629 4478 ἔχειν
3695 4405 3862 4478 ἐνομο-

2276 4504 2459 4559 θέτησε
2515 4503 2635 4561 τοὺς
2703 4499 2979 4572 ἐγκρατείᾳ
3042 4503 3132 4548 καὶ
3196 4499 3450 4569 παρθενίᾳ
3513 4493 3861 4555 διαϐιοῦντας.

2273 4597 2416 4643 Πάσι
2449 4585 2504 4641 δ’
2555 4585 2642 4640 οὖν
2685 4597 2795 4648 τοῖς
2833 4590 3109 4652 τοιούτοις,
3149 4589 3240 4638 καὶ
3279 4586 3322 4637 εἰ
3365 4585 3548 4644 ἄνηϐοι
3597 4583 3722 4650 εἶεν,
3751 4582 3866 4638 δια-

2271 4682 2508 4732 τίθεσθαι
2589 4683 2647 4729 τό
2715 4673 2872 4740 δοξαν
2955 4677 3240 4747 ἐνομοθέτει
3297 4677 3439 4746 παρὰ
3503 4677 3562 4725 τὸ

2271 4777 2537 4843 κρατῆσαν
2589 4769 2698 4827 ἔθος
2753 4767 3046 4838 Ῥωμαίοις,
3121 4763 3169 4816 οἱ
3231 4767 3441 4824 τούτους
3504 4767 3629 4825 τοὺς
3681 4769 3866 4836 νόμους

2271 4857 2536 4929 πρόπαλαι
2609 4859 2797 4922 ἔθεντο,
2857 4854 3258 4925 πολυάνθρωπον
3321 4857 3414 4910 την
3483 4851 3634 4904 πόλιν
3702 4853 3868 4906 αὐτῶν

2273 4945 2400 4998 εἶναι
2453 4949 2957 5020 πραγματευόμενοι,
3011 4945 3230 4995 στάσεσι
3317 4946 3404 4994 καὶ
3467 4939 3716 5012 πολέμοις
3785 4941 3868 5014 ἐμο

2272 5034 2472 5106 φυλίοις
2545 5037 2644 5104 πρὸ
2719 5041 2808 5084 τοῦ
2881 5037 3039 5102 νόμου
3115 5033 3182 5082 τὰ
3253 5031 3424 5088 πληθη
3501 5028 3864 5090 ἀποϐαλόντες.

2270 5131 2636 5197 Τεκμηριῶσαι
2709 5117 2768 5174 δὲ
2823 5119 3025 5172 κάκεῖνο
3103 5128 3200 5180 τῆς
3281 5127 3370 5172 τοῦ
3431 5117 3692 5192 βασιλέως
3753 5123 3864 5192 περὶ

2271 5216 2366 5269 τὴν
2409 5216 2587 5264 πίστιν
2639 5207 2822 5271 αἰδοῦς
2879 5212 3070 5274 ἱκανὸν,
3140 5211 3316 5281 ὅτιπερ
3373 5207 3656 5282 κληριχούς
3709 5211 3865 5280 νόμον

2275 5305 2412 5353 θέσει
2461 5303 2661 5362 πάντας
2717 5299 2910 5360 ἀτελεῖς
2975 5301 3136 5355 εἴασε.
3193 5301 3299 5356 Τὴν
3381 5294 3440 5349 δε
3506 5301 3626 5372 περὶ
3685 5297 3870 5353 αύτούς

3655 4678 3714 4726 ἔκ
3721 4675 3866 4728 πολαι

2273 5431 2513 5503 auctore
2588 5423 2965 5503 Constantino
3033 5423 3318 5503 principe,
3359 5422 3531 5503 .sicut
3591 5421 3865 5503 in_illiu.s

2273 5496 2476 5552 Graeca
2501 5496 2842 5551 laudatione
2883 5495 3152 5550 meminit
3181 5491 3565 5565 Nicephorus.
3599 5513 3630 5545 ν
3661 5491 3866 5562 Augei.

2274 5567 2538 5625 Politian.
2569 5567 2820 5624 Μίεοειι.
2855 5581 2991 5638 cap.
3023 5567 3082 5621 8.
