4016 6224
168 324 318 379 i321

170 445 341 506 δίκην
419 456 525 508 τοῖς
591 446 894 507 ἐπισκόποις
965 446 1280 519 ἐπέτρεψενο

167 539 550 610 παραιτεῖσθαι
608 541 722 596 τοὺς
780 539 844 588 τὰ
898 535 1144 587 πολιτικὰ
1208 541 1493 608 κρίνοντας.
1545 541 1649 593 Τὴν
1719 554 1774 606 γε

171 632 286 697 μὴν
339 627 525 677 ἐκεῖθεν
607 625 780 696 ψῆφον
838 628 896 676 τό
966 633 1124 698 κυρος
1195 636 1292 674 τὼν
1354 625 1518 677 ἄλλων
1571 627 1773 675 πάντων

171 721 345 787 φέρειν
386 715 691 784 ἐνομοθέτει,
752 713 1107 787 ἀμετάτρεπτα
1164 711 1222 765 δε
1265 711 1390 765 εἶναι
1443 719 1532 765 καὶ
1595 716 1660 764 τὰ
1707 720 1769 785 τῇ

173 801 389 875 συνόδῳ
447 801 767 874 διωρισμένα
796 821 808 832 ⁸
860 806 922 854 τά
964 822 1022 873 γε
1067 808 1169 872 μὴν
1230 802 1452 864 ἐκείνους
1500 808 1773 874 κρινόμενα

169 893 248 954 εἰς
297 896 443 962 ἔργον
499 893 642 962 οἰγειν
696 897 782 943 καὶ
840 894 1094 961 καθιστᾴν
1152 896 1273 952 τοὺς
1326 895 1391 942 τὰ
1446 893 1594 943 κοινὰ
1641 886 1774 942 διοι-

163 989 398 1043 κοῦντας
450 983 710 1055 ἄρχοντας
766 985 858 1032 σὺν
916 988 1026 1040 τοῖς
1079 983 1177 1031 ὑπὸ
1219 987 1378 1054 χεῖρα
1428 983 1773 1052 στρατιώταις

163 1075 377 1132 αὐτοῖς.
437 1076 536 1123 Καὶ
598 1075 690 1128 τὴν
746 1069 1030 1143 ἐλευθερίαν
1071 1066 1129 1120 δε
1178 1075 1316 1140 νόμῳ
1485 1067 1775 1137 Ἐκκλησία

161 1161 561 1232 κατεχαρίζετο
591 1177 602 1188 ·
652 1165 741 1210 καὶ
790 1167 896 1220 τοίς
943 1159 992 1229 γ’
1027 1157 1462 1232 ἐλευθερουμένοις
1492 1159 1592 1210 ὑπὸ
1637 1159 1774 1229 μάρ-

166 1269 304 1301 τυσι
375 1257 485 1310 τοῖς
553 1251 742 1321 ἱερεῦσι
798 1256 860 1320 τῇ
944 1248 1178 1317 πολιτείᾳ
1244 1248 1507 1318 Ῥωμαίων
1588 1249 1774 1320 ἐγγρά-

166 1341 388 1410 φεσθαι.
430 1341 635 1391 Τούτων
688 1334 744 1389 δε
791 1339 994 1389 πάντων
1043 1342 1131 1388 καὶ
1185 1339 1210 1388 ό
1270 1341 1454 1410 χρόνος
1509 1335 1557 1398 ἐς
1618 1332 1774 1409 δεῦρο

169 1433 316 1501 φέρει
368 1431 452 1479 τὸν
501 1427 735 1498 ἔλεγχον,
770 1425 848 1478 ἀεὶ
897 1434 988 1477 του
1044 1427 1189 1486 ἔθους
1241 1429 1308 1488 ὡς
1347 1425 1514 1486 καλῶς
1545 1427 1771 1496 ἔχοντος,

165 1518 578 1588 ὑπερτεροῡντος
636 1525 725 1566 του
787 1519 980 1588 χρόνον
1039 1521 1127 1566 καὶ
1181 1514 1529 1586 ίνισχύοντος.
1589 1519 1687 1567 Καὶ
1746 1516 1772 1566 ὁ

164 1608 267 1676 μὲν
330 1613 548 1656 τοιαῦτα
601 1601 918 1664 σπουδάζων
967 1603 1270 1675 ἐνομοθέτει,
1327 1607 1497 1678 ἔργοις
1566 1601 1644 1655 ἀεὶ
1715 1606 1771 1654 τό

168 1697 312 1746 οείον
369 1696 697 1768 θερραπεύειν
748 1695 1045 1765 αἱρούμενος
1097 1691 1294 1754 Ἀλλως
1344 1712 1396 1744 τε
1445 1689 1504 1744 δε
1559 1693 1587 1750 ἡ
1649 1693 1772 1764 θρη-

1175 317 1752 378 ECCLESIASTIC/E
1790 317 2154 377 HISTORL’E
2197 323 2330 380 LIB.
2374 323 2492 381 VII.

3388 323 3530 379 1322

1343 455 1446 518 εἰγε
1502 445 1772 518 βούλοιντο

1887 446 2015 502 latis
2065 454 2246 519 patet.
2288 449 2592 505 Absurdas
2631 451 2809 507 etiam
2851 450 2980 507 illas
3018 450 3182 523 apud
3237 453 3540 506 Romanos

1883 534 2062 606 leges,
2110 553 2180 593 ne
2221 539 2463 594 caelibes
2496 540 2555 594 in
2585 539 2868 596 adeunda
2898 539 3241 595 haereditate
3272 539 3540 610 conjugi-

1882 625 1995 681 bus
2020 635 2420 697 aequarentur,
2454 644 2602 684 neve
2631 634 3029 700 praeterquam
3056 645 3269 698 genere
3301 628 3542 700 propin-

1883 716 1984 786 qui
2004 715 2342 788 quidquam
2368 734 2436 772 ex
2462 723 2812 774 testamento
2831 717 3227 774 lucrarentur:
3253 723 3540 790 praeterea

1883 810 1946 858 ut
1971 805 2072 875 qni
2105 804 2323 860 liberos
2347 821 2465 861 non
2497 811 2930 878 procreassent,
2958 806 3209 863 dimidia
3240 807 3538 862 bonorum

1884 901 2048 964 parte
2118 894 2528 958 multarentur,
2594 895 2927 966 abrogavit,
2988 911 3062 951 ne
3132 895 3372 960 scilicet,
3432 894 3539 966 qui

1882 981 2222 1038 caelibatum
2253 983 2805 1054 complecterentur,
2837 1000 2958 1056 quo
2989 983 3278 1040 deteriore
3317 983 3540 1039 maritis

1887 1071 2061 1143 516
2111 1079 2307 1127 essent
2345 1073 2708 1140 conditione,
2754 1072 2952 1128 minus
2991 1087 3126 1128 eam
3174 1077 3540 1129 sectarentur

1882 1161 2085 1227 vitam,
2117 1176 2251 1233 quas
2285 1177 2344 1217 se
2385 1161 2444 1216 in
2486 1162 2696 1216 studiis
2727 1163 2842 1217 Deo
2875 1161 3104 1234 placitis
3135 1161 3341 1218 sedulo
3371 1177 3538 1217 exer-

1883 1255 1992 1304 cet.
2031 1251 2182 1315 Quin
2226 1255 2287 1305 ut
2332 1250 2369 1304 ii
2401 1252 2504 1321 qui
2545 1266 2648 1322 per
2686 1252 3113 1307 continentiam
3161 1251 3220 1306 in
3259 1251 3539 1306 cmlibatu

1884 1338 2064 1394 vitam
2088 1338 2333 1408 degunt,
2364 1340 2733 1411 praecipuum
2761 1339 3054 1411 quiddam
3083 1356 3204 1410 prie
3231 1339 3341 1396 illis
3358 1337 3540 1396 habe-

1881 1434 2032 1494 rent,
2076 1429 2274 1482 sanxit
2327 1443 2339 1481 :
2401 1433 2462 1483 ut
2512 1427 2750 1483 caelibes
2799 1427 3023 1484 scilicet
3070 1443 3303 1494 omnes,
3357 1428 3537 1484 etiam

1881 1515 2247 1587 impuberes,
2290 1533 2396 1587 pro
2435 1532 2506 1572 eo
2553 1523 2732 1588 atque
2772 1516 2857 1572 eis
2891 1516 3087 1572 visum
3127 1522 3303 1582 esset,
3335 1515 3535 1572 testari

1881 1611 2126 1676 possent
2172 1620 2184 1656 :
2233 1610 2442 1661 contra
2485 1606 2983 1662 consuetudinem
3022 1622 3158 1678 quae
3195 1605 3340 1660 olim
3369 1604 3536 1676 apud

1881 1695 2186 1748 Romanos
2227 1693 2584 1762 obtinuerat,
2630 1695 2733 1766 qui
2771 1693 2932 1765 leges
2963 1693 3108 1749 tales
3149 1694 3421 1759 tulerant,
3471 1698 3535 1749 ut

167 1788 332 1834 σκεία
384 1788 472 1834 καὶ
511 1783 628 1833 καθ’
667 1781 854 1840 ἑαυτὴν
912 1781 1226 1853 ἀκμάζουσα
1260 1779 1340 1847 ἦν,
1383 1779 1478 1833 διὰ
1515 1785 1607 1838 τὴν
1659 1779 1773 1854 ἀρε-

1887 1783 2094 1837 urbem
2133 1783 2523 1838 seditionibus
2568 1783 2853 1856 bellisque
2893 1781 3160 1838 civilibus
3199 1789 3336 1839 ante
3372 1782 3534 1853 ejus-

164 1877 269 1930 τὴν
303 1881 403 1924 των
442 1878 556 1924 τότε
585 1878 858 1942 μετιόντων
889 1871 1071 1928 αὐτὴν.
1110 1877 1207 1924 Καὶ
1246 1872 1345 1943 γάρ
1401 1891 1508 1931 πως
1565 1868 1772 1922 πολλλοὶ

163 1970 437 2033 περιῆσαν
493 1963 564 2012 ἔτι
623 1969 720 2011 τῶν
774 1960 1103 2031 ὀμολογητών
1159 1967 1250 2011 τοῦ
1299 1956 1538 2030 διωγμοῦ
1589 1959 1772 2022 λήξαν-

163 2069 290 2110 τος,
346 2055 444 2102 Καὶ
483 2049 642 2111 άλλως
701 2047 759 2102 δὲ
811 2049 1000 2120 ἀγαθοὶ
1052 2055 1140 2100 καὶ
1193 2049 1534 2101 ἀποστολικοὶ
1574 2045 1773 2120 διεφαί-

160 2159 316 2190 νοντο
363 2136 568 2212 ἄνδρες,
615 2142 785 2211 ἔργοις
835 2145 924 2190 καὶ
977 2139 1146 2208 λόγοις
1206 2143 1298 2196 τὴν
1348 2143 1528 2190 πίστιν
1590 2139 1772 2208 σεμνύ-

164 2246 366 2291 νοντες,
417 2232 528 2299 περὶ
581 2228 647 2277 ὧν
700 2225 771 2298 τῷ
829 2233 1146 2301 προσήκοντι
1187 2233 1326 2297 τόπῳ
1381 2223 1769 2297 διαληψόμεθα.

1883 1871 2046 1926 modi
2067 1871 2438 1927 sanctionem
2466 1872 2836 1936 exhaustam,
2863 1871 3210 1943 civibusque
3233 1871 3532 1936 orbatam,

1884 1959 2281 2015 matrimoniis
2296 1959 2740 2033 liberorumque
2754 1959 3162 2032 procreatione
3175 1959 3533 2032 frequentio—

1881 2064 2007 2103 rem
2039 2048 2374 2104 redderent.
2407 2050 2536 2114 Qua
2568 2065 2709 2104 vero
2751 2049 3070 2120 imperator
3110 2049 3534 2104 Constantinus

1880 2139 2264 2193 observantia
2285 2153 2426 2208 erga
2452 2137 2886 2210 professionem
2917 2137 3056 2193 ﬁdei
3088 2145 3303 2193 nostras
3333 2137 3531 2206 fuerit,

1881 2226 2123 2282 abunde
2149 2225 2291 2281 illud
2313 2242 2558 2298 quoque
2579 2231 2841 2290 testatur,
2865 2227 3028 2298 quod
3050 2226 3296 2282 clericos
3317 2242 3530 2282 omnes

163 2317 592 2370 constitutione
633 2317 752 2370 lata
793 2317 1092 2370 immunes
1134 2317 1472 2386 liberosque
1513 2331 1644 2369 esse
1696 2314 1966 2386 permisit
2013 2331 2025 2370 :
2064 2315 2487 2386 judiciumque
2535 2320 2592 2371 et
2627 2315 3103 2386 jurisdictionem
3146 2315 3207 2371 in
3251 2331 3356 2372 eos
3401 2317 3530 2386 epi-

165 2405 401 2474 scopis,
453 2405 750 2475 siquidem
819 2405 1080 2460 civilium
1126 2405 1402 2474 judicum
1450 2404 1856 2472 cognitionem
1899 2404 2196 2459 declinare
2253 2403 2484 2471 vellent,
2534 2405 2844 2461 mandavit
2886 2423 2900 2458 :
2946 2412 3001 2460 et
3041 2404 3208 2476 quod
3259 2404 3530 2476 episcopi

152 2494 560 2563 judicassent,
604 2494 662 2548 id
703 2493 883 2549 robur
923 2500 978 2548 et
1024 2500 1434 2548 auctoritatem
1475 2493 1781 2548 sententia:
1816 2508 2058 2548 omnem
2098 2492 2321 2548 habere
2359 2493 2577 2549 debere
2615 2493 2896 2550 decrevit.
2941 2492 3138 2550 Firma
3175 2509 3420 2567 quoque
3475 2498 3534 2552 et

159 2583 575 2638 immutabilia
613 2598 744 2638 esse
779 2582 962 2638 voluit
990 2599 1123 2656 quae
1155 2584 1213 2638 in
1246 2582 1494 2654 synodis
1524 2582 1846 2637 constituta
1875 2587 2093 2638 essent.
2127 2585 2194 2636 Et
2224 2597 2360 2653 qua;
2390 2581 2468 2638 ab
2497 2583 2798 2654 episcopis
2829 2582 3094 2654 iudicata
3123 2582 3336 2648 forent,
3371 2587 3532 2639 utea

155 2690 195 2729 a
232 2673 686 2742 magistratibus
719 2671 1087 2743 respublicas
1119 2671 1680 2727 administrantibus
1721 2669 2075 2741 militarique
2105 2686 2241 2742 quas
2276 2671 2388 2726 sub
2418 2671 2503 2726 eis
2532 2676 2690 2727 esset
2729 2686 2914 2727 manu
2944 2670 3310 2726 exsecutioni
3350 2686 3524 2728 man-

156 2765 480 2830 darentur,
512 2766 692 2832 atque
729 2761 805 2816 ad
849 2778 970 2816 rem
1014 2761 1227 2816 collata
1271 2760 1712 2830 perﬁcerentur,
1764 2759 2085 2815 constituit.
2128 2760 2482 2816 Libertatem
2519 2777 2762 2833 quoque
2805 2760 3074 2816 Ecclesia
3117 2760 3247 2832 lege
3287 2760 3409 2817 lata
3448 2762 3530 2832 (t)

155 2850 486 2912 concessit,
537 2857 591 2904 et
632 2855 692 2904 ut
731 2849 996 2904 libertate
1037 2849 1448 2904 sacerdotibus
1503 2849 1755 2904 testibus
1796 2848 2002 2903 donati
2043 2849 2262 2904 civium
2312 2850 2720 2905 Romanorum
2770 2857 3021 2905 numero
3063 2850 3521 2906 ascriberentur.

160 2941 318 3004 Qum
341 2938 546 2993 omnia
567 2945 802 3009 tempus
828 2954 1070 3009 quoque
1099 2939 1292 3008 ipsum
1326 2939 1400 2993 ad
1435 2939 1594 2993 hunc
1620 2953 1807 3008 usque
1830 2937 2012 3002 diem,
2040 2939 2470 2995 consuetudine
2507 2938 2762 3010 probata
2788 2939 3184 3010 plurimorum
3227 2954 3529 2996 annorum

162 3029 552 3099 praevalente,
587 3028 923 3082 conlirmat.
970 3033 1158 3099 Atque
1192 3027 1285 3082 ille
1316 3027 1563 3098 quidem
1595 3041 1816 3098 magno
1849 3026 2050 3082 studio
2079 3027 2238 3097 leges
2268 3026 2565 3098 ejusmodi
2594 3027 2882 3092 condidit,
2917 3027 3096 3083 rebus
3133 3035 3333 3084 autem
3373 3027 3528 3100 ipsis

165 3116 401 3171 cultum
433 3116 697 3171 divinum
732 3116 942 3171 sedulo
975 3116 1348 3187 propagavit.
1383 3117 1498 3170 Sed
1524 3122 1580 3171 et
1606 3117 1738 3187 ipsa
1770 3115 1976 3185 religio
2009 3132 2113 3187 per
2144 3116 2406 3188 seipsam
2445 3116 2780 3172 admodum
2813 3117 3016 3186 viguit,
3045 3122 3286 3190 propter
3315 3132 3524 3173 eorum

163 3206 276 3277 qui
327 3221 458 3260 eam
503 3205 777 3260 colebant
825 3206 1104 3260 virtutem
1165 3221 1178 3259 :
1231 3205 1395 3277 quod
1447 3205 1611 3259 multi
1661 3203 1858 3260 adhuc
1904 3206 2315 3276 persecutione
2355 3205 2548 3278 sopita
2587 3213 2969 3278 superessent
3010 3205 3406 3262 confessores.
3463 3208 3530 3262 Et

164 3299 388 3366 praeter
409 3310 512 3350 eos
535 3293 634 3350 alii
661 3310 900 3366 quoque
929 3301 1052 3350 tum
1085 3294 1356 3349 exstitere
1383 3309 1607 3364 magna
1635 3292 1824 3364 gloria
1849 3293 1988 3348 boni
2018 3293 2448 3366 apOstolicique
2474 3293 2605 3364 viri,
2635 3293 2920 3367 cperibus
2951 3294 3131 3350 simul
3165 3301 3221 3350 et
3245 3295 3530 3352 doctrinis

161 3383 354 3440 ﬁdem
385 3385 644 3439 maxime
674 3389 1050 3448 exornantes,
1085 3383 1157 3438 de
1190 3383 1410 3456 quibus
1441 3381 1576 3438 loco
1609 3399 1715 3438 suo
1747 3381 1997 3439 dicetur.

776 3511 1019 3562 ΚΕΦΑΛ.
1062 3515 1194 3560 MZ'.

165 3617 378 3678 Ὀτι-ως
439 3622 928 3673 Κωνσταντίνος
990 3617 1056 3666 τὸ
1097 3615 1456 3674 Βυζάντιον
1517 3612 1630 3667 διὰ
1667 3617 1776 3687 μά⁹

383 3707 510 3759 χης
550 3687 718 3752 ἐλὼν,
763 3687 1158 3746 Βυζαντίους
1199 3686 1556 3740 ἀπέκτεινε.

243 3794 334 3856 Ὠς
393 3791 451 3846 δὲ
502 3795 565 3845 τὰ
608 3801 706 3845 τῶν
745 3793 975 3864 πολέμων
1008 3797 1091 3844 καὶ
1143 3795 1207 3843 τὰ
1245 3793 1378 3843 κατὰ
1410 3795 1500 3850 τὴν
1534 3792 1775 3862 θρησκεί-

176 3905 238 3937 αν
287 3884 456 3945 καλῶς
507 3886 679 3954 ἐκείνῳ
723 3885 1044 3956 προύχώρει,
1105 3887 1193 3933 καὶ
1248 3884 1312 3932 τὰ
1357 3887 1451 3940 τῆς
1509 3879 1638 3950 ἑῴας
1687 3884 1777 3932 καὶ

178 3975 423 4044 ἑσπερίου
474 3972 662 4034 λήξεως
725 3973 823 4023 ὑπὸ
877 3979 1038 4046 χεῖρα
1084 3975 1249 4041 τούτῳ
1277 3975 1596 4042 γεγένηνται,
1629 3975 1778 4040 μόνος

178 4082 236 4114 τε
335 4061 667 4134 αὐτοκράτωρ
762 4060 1027 4131 Ῥωμαίων
1133 4061 1472 4130 ἀνηγορεύετο
1505 4076 1518 4088 °
1597 4060 1622 4110 ὁ
1688 4062 1778 4130 μὲν

179 4154 596 4224 Χριστιανισμός
648 4150 834 4212 ηὔξανε
879 4153 1181 4223 καθημέραν
1209 4165 1221 4178 ·
1260 4145 1447 4221 βαθεῖα
1494 4145 1551 4200 δὲ
1600 4147 1775 4220 εἰρήνη

183 4247 296 4299 ταῖς
374 4239 686 4310 Ῥωμαίκαῖς
771 4238 1048 4298 πολιτείαις
1119 4238 1466 4311 ἒπεχωρίαζε.
1549 4242 1779 4294 Θνήσκει

189 4331 278 4397 μὲν
335 4329 359 4378 ὁ
411 4336 506 4378 τῶν
551 4331 698 4380 υἱέων
755 4332 1044 4398 πρώτιστος
1101 4330 1237 4396 αὐτῷ
1298 4331 1571 4400 Κρίσπος·
1623 4325 1780 4386 αὐτὸς

193 4413 252 4468 δε
315 4421 583 4487 Καίσαρας
627 4420 744 4476 τοὺς
820 4413 990 4478 ἰδίους
1043 4413 1240 4477 παῖδας
1298 4417 1776 4487 καταστησάμενος,

190 4509 281 4558 καὶ
320 4507 406 4556 τόν
460 4513 657 4575 πρῶτον
711 4512 1022 4558 Κώνσταντα
1071 4504 1424 4576 παραπέμψας
1473 4512 1535 4577 τῇ
1584 4503 1776 4576 Ῥώμη,

193 4599 275 4647 ἐπὶ
327 4597 443 4655 τοὺς
487 4595 798 4656 Βυζαντίους
845 4597 1052 4670 ἔχωρει.
1107 4595 1274 4656 Βύζας
1312 4597 1413 4666 γάρ
1465 4613 1544 4654 τις
1597 4593 1779 4652 Ἐλλην

193 4687 242 4736 ἐν
272 4690 382 4744 ταῖς
430 4685 644 4756 ἡμέραις
687 4691 943 4741 Μανασσῆ
977 4692 1066 4736 τοῦ
1124 4691 1214 4743 τῆς
1266 4680 1540 4745 Ἰσυὸαίας
1590 4685 1781 4755 κατάρ-

195 4792 372 4845 χοντος
419 4775 610 4844 μικρὰν
662 4773 810 4824 πόλιν
863 4775 947 4824 ἐπὶ
995 4782 1067 4842 τῷ
1119 4772 1290 4842 οἰκείῳ
1329 4771 1541 4843 ὀνόματι
1591 4771 1782 4841 ἀνεγεί-

2388 3510 2558 3581 517
2587 3509 2815 3566 CAPUT
2834 3511 3032 3566 XLVII.

1894 3615 1965 3671 Ut
2002 3617 2448 3681 Constantinus,
2476 3618 2769 3684 Byzantio
2805 3617 2956 3673 bello
2984 3623 3180 3686 capto,
3209 3618 3529 3688 Byzantios

2393 3688 2694 3744 occidione
2721 3688 3021 3744 occiderit.

1958 3792 2288 3865 Postquam
2334 3809 2473 3848 vero
2517 3799 2573 3848 et
2615 3793 2751 3848 belli
2779 3800 2833 3848 et
2862 3792 3164 3864 religionis
3199 3810 3291 3849 res
3325 3795 3378 3851 ei
3413 3793 3536 3852 feli-

1886 3883 2028 3938 citer
2077 3887 2510 3948 successerunt,
2563 3882 2811 3939 Orientis
2870 3881 3049 3938 simul
3106 3889 3163 3938 et
3205 3885 3536 3941 Occidentis

1885 3972 2159 4043 regiones
2209 3971 2268 4026 in
2308 3971 2593 4027 ditionem
2643 3972 2772 4042 ejus
2825 3979 3243 4043 pervenerunt,
3302 3979 3358 4029 et
3407 3973 3536 4045 ipse

1888 4059 2050 4115 solus
2093 4063 2496 4116 Romanorum
2538 4061 2863 4132 imperator
2893 4060 3086 4116 factus
3119 4067 3224 4125 est,
3259 4063 3537 4118 Christia-

1887 4150 2121 4205 nismus
2155 4151 2212 4203 in
2245 4149 2370 4204 dies
2401 4152 2592 4220 magis
2617 4166 2686 4205 ac
2717 4149 2906 4220 magis
2942 4155 3305 4220 propagatus
3337 4156 3448 4220 est,
3481 4160 3536 4210 et

1885 4255 2004 4311 pax
2029 4239 2348 4312 tranquilla
2373 4255 2474 4309 per
2498 4255 2674 4294 omne
2703 4241 3038 4294 Romanum
3067 4239 3382 4310 imperium
3407 4241 3531 4300 fuit.

1891 4331 1954 4383 Et
1981 4334 2101 4382 tum
2129 4330 2373 4400 quidem
2403 4329 2664 4399 Crispus,
2695 4328 2994 4383 maximus
3024 4333 3168 4383 natu
3195 4328 3350 4384 ﬁlius
3379 4331 3535 4402 ejus,

1887 4416 2046 4470 diem
2074 4432 2248 4470 suum
2276 4415 2441 4472 obiit.
2469 4418 2596 4487 Ipse
2621 4432 2761 4471 vero
2791 4415 3030 4488 reliquis
3057 4415 3185 4472 ﬁliis
3212 4420 3538 4475 Caesaribus

1887 4506 2078 4570 dictis,
2128 4512 2179 4560 et
2223 4505 2612 4560 Constantino
2658 4513 2802 4561 natu
2845 4510 2973 4560 tum
3015 4506 3242 4576 majore
3286 4511 3539 4564 Romam

1887 4593 2101 4658 misso,
2146 4599 2353 4648 contra
2395 4594 2702 4665 Byzantios
2739 4595 2820 4662 (2)
2867 4601 2952 4649 est
2992 4595 3314 4666 profectus.
3357 4596 3540 4667 Byzas

1889 4697 2152 4753 namque
2185 4681 2433 4752 quidam
2469 4697 2684 4750 genere
2722 4680 2980 4745 Graecus,
3025 4683 3389 4753 temporibus
3425 4687 3541 4740 Ma-

1889 4787 2080 4826 nassae
2101 4769 2443 4825 Judaorum
2469 4771 2620 4839 regis
2645 4770 2850 4825 urbem
2876 4785 3124 4841 parvam
3150 4772 3264 4826 sub
3297 4774 3540 4829 nomine

197 4877 315 4935 ρει⁶
367 4861 426 4918 ἢν
506 4861 723 4914 ἔκπαλαι
809 4859 1064 4933 βάρϐαροι
1151 4858 1340 4932 ἄνδρες
1403 4865 1775 4932 κατῳκημένοι,

1890 4876 1998 4913 suo
2029 4860 2376 4927 construxit,
2409 4875 2593 4930 quam
2626 4859 2952 4929 antiquitus
2993 4861 3266 4915 homines
3300 4861 3541 4918 barbari

201 4952 472 5022 αὐτονομίᾳ
525 4956 615 5002 καὶ
661 4949 936 5021 ἀγριότητι
991 4957 1277 5023 χρώμενοι,
1311 4951 1410 5000 ὑπό
1449 4958 1608 5021 χεῖρα
1647 4953 1780 5019 γενέ-

203 5042 317 5092 σθαι
361 5039 635 5109 Ῥωμαίοις
706 5040 1036 5090 παντάπασιν
1106 5038 1446 5110 ἀπηγόρευον.
1521 5040 1625 5092 Καὶ
1680 5042 1781 5089 τοί-

201 5150 282 5181 νυν
329 5131 456 5200 μετά
517 5132 601 5180 τὸν
673 5130 974 5179 Βιθυνιακόν
1043 5132 1176 5179 κατά
1254 5133 1488 5181 Λικινίου
1541 5127 1778 5197 πόλεμον,

203 5230 284 5279 τῆς
352 5215 714 5290 Νικομηδείας
763 5215 962 5288 ἀπάρας
1019 5217 1044 5267 ὁ
1092 5223 1490 5280 Κωνσταντῐνος,
1561 5217 1782 5276 ἐκείνους

206 5306 464 5379 ἐφίστατο,
504 5309 641 5359 Ἐπεὶ
687 5303 737 5358 δ’
772 5307 819 5358 oi
865 5306 1140 5365 Βυζάντιοι
1191 5310 1260 5378 μὴ
1296 5309 1383 5358 τὸν
1424 5309 1624 5376 αὐχένα
1671 5304 1785 5356 κλί-

301 5543 340 5608 1)
373 5544 434 5614 L.
477 5547 488 5596 Ι
538 5547 593 5597 et
620 5546 675 5598 2.
717 5544 773 5597 C.
807 5544 886 5598 De
917 5543 1008 5598 his
1039 5542 1142 5614 qui
1170 5541 1232 5596 in
1264 5543 1759 5614 eccles.manum.

1889 4948 2232 5011 incolentes,
2275 4956 2587 5021 propterea
2629 4947 2793 5018 quod
2847 4947 2970 5003 suis
3009 4948 3192 5004 libere
3236 4957 3540 5007 uterentur

1889 5037 2141 5106 legibus,
2164 5045 2218 5091 et
2241 5039 2590 5106 agrestiores
2612 5043 2830 5097 essent.
2858 5039 3262 5092 Romanorum
3286 5040 3540 5110 imperio

1891 5125 2182 5194 subjicere
2207 5142 2268 5180 se
2297 5141 2541 5196 prorsus
2564 5133 2905 5182 renuerunt.
2933 5125 3138 5198 Itaque
3165 5135 3295 5198 p0st
3316 5127 3541 5184 bellum

1891 5217 1950 5271 in
2003 5215 2272 5286 Bithynia
2313 5221 2522 5269 contra
2568 5214 2854 5269 Licinium
2894 5221 3151 5286 gestum,
3195 5217 3540 5273 Nicomedia

1893 5303 2128 5359 solvens
2163 5302 2602 5368 Constantinus,
2638 5301 2859 5357 bellum
2899 5304 2985 5358 eis
3016 5303 3231 5360 intulit.
3275 5303 3538 5376 Byzantii

294 5619 343 5684 2)
382 5613 682 5685 Oppidum
723 5609 1067 5685 Byzantium
1108 5615 1310 5669 liberae
1342 5613 1721 5678 conditionis,
1756 5616 1934 5670 aitsa
1962 5611 2156 5682 Lygos
2197 5609 2445 5666 dictum.
2480 5610 2627 5666 Plin.
2662 5610 2769 5665 lib.
2802 5627 2880 5677 1v,
2921 5626 3060 5682 cap.
3102 5613 3188 5666 ll.

430 5721 664 5777 ΡΑτιιοι..
713 5723 814 5778 Gn.
895 5723 1094 5778 CXLV.

3197 5723 3265 5777 42
