4020 6218
484 282 628 338 1323
1779 276 2071 336 NICEPHC

2252 276 2532 332 iALLISTI
3697 277 3839 330 132$

484 421 663 480 porro
716 423 854 464 cum
905 407 1196 464 cervicem
1245 407 1300 463 ei
1357 405 1704 462 submittere
1749 409 1808 460 et
1845 405 2065 462 tributu

2254 424 2338 456 ιειν
2383 407 2474 456 καὶ
2527 407 2714 476 φόρους
2753 404 2909 456 τελεῖν
2947 403 3148 468 ἤθελον,
3201 403 3434 476 μάλιστα
3489 401 3548 457 δὲ
3602 409 3698 456 καὶ
3755 409 3841 456 τὸν

480 497 744 568 pendere
781 497 1026 564 nollent,
1069 496 1566 568 pertinaciterque
1615 497 1898 552 Romanae
1945 511 2067 550 serv

2253 496 2518 565 Ρωμαῐκὸν
2573 501 2666 553 τῆς
2729 489 2968 554 δουλείας
3024 493 3183 565 ζυγὸν
3243 491 3560 558 ἀπεσείοντο,
3593 491 3704 555 ἐἰς
3757 499 3839 546 τὸν

481 586 621 642 tutis
648 587 861 657 jugum
893 591 1248 654 excuterent,
1279 602 1373 641 res
1418 585 1496 640 ad
1547 601 1764 640 manus
1797 585 2064 656 pervenit

2253 587 2360 655 τρός
2421 582 2666 642 ἀλλήλους
2727 581 3108 656 ἀνεῤῥιπίζοντο
3165 582 3386 654 πόλεμον
3436 603 3448 615 ⁸
3497 589 3587 636 καὶ
3645 583 3840 658 συρρα-

481 691 550 730 ac
576 676 780 748 praelio
806 677 1152 742 commisso,
1183 691 1284 730 sex
1317 673 1502 730 millia
1532 674 1716 745 primo
1747 674 1806 727 in
1839 676 2068 730 Constat

2252 677 2420 734 yévrmv
2489 672 2560 734 εἰς
2617 673 2821 744 μάχην,
2883 671 2936 734 ἓξ
2993 670 3238 742 χιλιάδες
3317 681 3390 744 τῷ
3461 677 3839 744 Ruso-Taurisci

477 763 582 820 tini
619 771 894 832 exercitu,
935 764 1156 820 deinde
1195 763 1472 820 conﬂictu
1519 763 1701 818 altero
1739 764 1845 818 tria
1886 779 2055 818 rursu

2248 763 2445 814 ἔπιπτον
2474 781 2486 794 ο
2537 761 2772 832 συμϐολὴ
2807 758 3044 832 δευτέρα,
3091 767 3182 813 καὶ
3233 771 3366 836 τρεῖς
3415 760 3562 824 αὖθις
3619 765 3835 814 ἔπιπτον

476 853 669 910 millia
693 855 1006 910 hominum
1037 859 1172 910 sunt
1203 869 1378 909 cassa.
1411 854 1538 918 Quo
1563 851 1814 908 fortunae
1841 869 2063 908 succes:

2244 847 2492 921 χιλιάδες.
2544 851 2808 905 Ἐντεῦθεν
2875 849 3332 922 ἀναθαρσήσαντες
3408 855 3454 904 οἱ
3527 851 3831 916 Βυζάντιοι,

478 943 736 1014 Byzantii
781 941 1018 1012 sublati,
1079 947 1144 997 ut
1197 941 1400 1012 c0pias
1457 943 1860 996 Romanorum
1909 957 2065 996 omni

2240 943 2442 1011 σύμπαν
2495 941 2594 992 ύπὸ
2648 948 2808 1014 χεῖρα
2869 942 3051 992 θέσθαι
3123 945 3180 992 τὸ
3231 940 3492 1012 Ῥωμαίων
3559 941 3827 992 ὁπλιτικόν

475 1031 875 1098 conciderent,
903 1031 1320 1104 dispiciebant.
1355 1031 1527 1086 Pauci
1561 1045 1824 1102 namque
1872 1045 1942 1084 eo
1973 1037 2062 1084 ten

2242 1025 2566 1081 διεσκόπουν.
2621 1029 2824 1100 Ὀλιγοι
2862 1033 2962 1102 γὰρ
3004 1027 3252 1087 τηνικάδε
3283 1038 3522 1104 παρῆσαν
3669 1029 3829 1102 βασι-

475 1135 618 1192 pore
648 1138 786 1176 cum
815 1122 1174 1192 imperatore
1203 1119 1418 1174 milites
1448 1125 1636 1184 erant,
1667 1117 1952 1174 omnibus
1980 1119 2062 1174 fer

2240 1119 2324 1182 λεῖ,
2391 1119 2596 1170 πάντων
2675 1117 2806 1176 πλὴν
2892 1117 3074 1190 ὀλίγων
3153 1117 3236 1170 ἐπὶ
3309 1119 3656 1192 παραφυλακῇ
3735 1127 3827 1182 τῆς

472 1209 690 1281 exiguo
733 1215 980 1281 excepto
1017 1225 1290 1278 numero,
1331 1209 1404 1264 ad
1453 1207 1798 1279 praesidium
1840 1210 2059 1264 Roman

2245 1213 2428 1279 Ρώμης
2496 1207 2905 1278 ἀπεσταλμένων,
2989 1206 3176 1280 ἐφόδου
3265 1215 3476 1280 Περσῶν
3555 1207 3825 1280 ἀγγελθεί-

471 1299 734 1366 ditionis,
781 1299 944 1371 quod
976 1299 1050 1354 de
1082 1302 1390 1354 Persarum
1423 1297 1793 1369 expeditione
1837 1303 1892 1352 et
1921 1299 2056 1352 incu

2234 1315 2328 1358 σης
2361 1315 2373 1328 ·
2432 1296 2518 1358 Ὠς
2569 1293 2622 1348 δ’
2665 1299 2859 1371 ἑσπέρα
2903 1296 3271 1367 κατελάμϐανε,
3327 1294 3388 1355 ἦν
3445 1301 3535 1368 μὲν
3581 1297 3752 1350 ἀλύων
3797 1301 3821 1350 ό

472 1388 637 1444 sione
661 1389 1069 1444 renuntiatum
1095 1393 1268 1454 esset,
1301 1387 1518 1442 missis.
1547 1387 1805 1457 Vespera
1831 1386 1946 1444 diei
1974 1403 2059 1442 era

2236 1383 2497 1456 βασιλεὺς,
2559 1391 2648 1437 καὶ
2699 1388 2757 1437 τὸ
2817 1389 2962 1457 ὄμμα
3019 1385 3201 1460 ἀθρόον
3241 1385 3528 1446 ἐκπετάσας
3559 1387 3632 1449 εἰς
3671 1389 3823 1458 ούρα-

470 1483 527 1533 et
561 1478 886 1550 imperator
921 1477 1244 1547 languidus
1283 1483 1340 1532 et
1376 1483 1623 1532 moestus
1653 1475 1860 1546 inopia.
1890 1478 2053 1531 consi

2232 1477 2329 1538 νόν,
2385 1473 2572 1536 ἐπίσης
2621 1479 2710 1526 καὶ
2764 1474 2911 1534 αὖθις
2967 1477 3138 1547 ὥσπερ
3198 1474 3246 1526 ἐν
3291 1475 3456 1548 Ῥώμῃ
3517 1481 3656 1528 κατὰ
3711 1479 3819 1532 Μα-

465 1568 746 1624 continue
803 1566 1008 1622 oculos
1063 1567 1122 1620 in
1169 1565 1388 1622 coelum
1435 1565 1688 1620 intendit
1745 1580 1757 1618 :
1813 1567 2048 1636 atquei

2234 1563 2417 1625 Ξεντίου
2487 1567 2799 1636 στρατεύων,
2859 1569 3063 1637 γραφὴν
3123 1561 3172 1616 δ’
3239 1563 3465 1638 ἀστέρων
3511 1567 3608 1637 όρᾴ
3645 1566 3821 1636 λέγου-

461 1673 724 1720 rursum,
763 1656 966 1712 itidem
998 1659 1060 1711 ut
1103 1658 1306 1711 Romae
1354 1671 1492 1709 cum
1523 1661 1730 1709 contra
1759 1655 2048 1710 Maxentiu

2227 1669 2357 1704 σαν·
2403 1652 2831 1706 Ἐπικοξλεσαί
2878 1673 2949 1725 με
2985 1652 3051 1704 ἐν
3111 1655 3318 1728 ἡμέρα
3357 1653 3632 1725 Θλίψεώς
3681 1676 3813 1718 σου,

460 1743 688 1804 bellum
717 1751 961 1816 gereret,
993 1745 1339 1817 scripturam
1369 1744 1672 1798 stellarum
1699 1743 1906 1798 ordine
1937 1751 2047 1815 atq]

2228 1747 2328 1794 καὶ
2389 1741 2732 1814 ἐξελοῦμαί
2797 1761 2881 1806 σε,
2943 1748 3051 1794 καὶ
3105 1739 3424 1805 δοξάσης
3471 1764 3562 1815 με.
3613 1745 3815 1817 Θοίμϐει

460 1835 836 1890 distinctione
862 1833 1292 1890 conformatam
1325 1831 1495 1896 vidit,
1525 1832 1638 1887 hoc
1669 1833 1751 1886 sic
1778 1832 2047 1900 signiﬁca

2224 1835 2391 1883 τοίνυν
2419 1834 2646 1902 σχεθείς,
2675 1831 2827 1884 πάλιν
2851 1831 2923 1892 εἰς
2943 1831 3186 1904 ούρανοὺς
3207 1830 3387 1903 ἀνεῖχε
3407 1835 3498 1892 τὰς
3523 1833 3682 1904 ὄψεις.
3715 1841 3811 1888 Καὶ

463 1926 572 1980 tem
606 1939 618 1978 :
653 1923 871 1980 Invoca
904 1937 992 1978 me
1029 1923 1092 1977 in
1123 1921 1218 1978 die
1259 1920 1664 1976 tribulationis
1695 1927 1830 1984 tua,
1883 1930 1936 1975 et
1978 1920 2050 1976 tib

2223 1923 2447 1994 σταυρὸς
2504 1921 2656 1972 πάλιν
2709 1918 2850 1973 ὧπτο
2898 1921 3155 1995 ἄστρασιν
3203 1920 3570 1994 ἐστηριγμένος
3627 1927 3674 1975 ἐν
3723 1923 3809 1976 ού-

460 2012 606 2069 rabo
633 2018 706 2079 te,
729 2017 784 2068 et
811 2010 1176 2083 gloriﬁcabis
1201 2025 1310 2066 me.
1342 2011 1590 2081 Stupore
1621 2009 1797 2078 igitur
1831 2009 2047 2080 percitu

2217 2017 2374 2084 ρανῷ,
2429 2014 2519 2062 καὶ
2569 2013 2743 2082 γραφὴ
2797 2009 3089 2082 περικύκλῳ
3141 2019 3306 2063 ταῦτα
3379 2008 3744 2084 διαγορεύουσα
3777 2027 3789 2040 ⁸

459 2117 699 2158 rursum
747 2100 952 2157 oculos
995 2100 1056 2154 in
1112 2099 1329 2155 coelum
1387 2097 1618 2154 sustulit
1663 2104 1843 2170 atque
1896 2099 2044 2154 iteru

2219 2097 2308 2150 Ἐν
2357 2101 2560 2170 τούτῳ
2600 2107 2687 2169 τῷ
2731 2105 2989 2171 σημείῳ
3031 2102 3276 2162 πάντας
3316 2106 3592 2161 νικήσεις
3645 2105 3789 2164 τούς

458 2205 698 2248 crucem
729 2189 912 2246 stellis
953 2189 1127 2244 sicuti
1164 2194 1340 2244 antea
1369 2187 1694 2257 effigiatam
1739 2187 1796 2242 in
1842 2186 2014 2254 ccelo,

2217 2185 2527 2258 πολεμίου
2549 2207 2588 2248 ς.
2621 2187 2784 2248 Εὐθὺς
2821 2184 2880 2240 δε
2925 2193 3016 2240 καὶ
3045 2194 3214 2262 μνήμη
3241 2197 3342 2241 τῶν
3373 2195 3795 2262 προηγησαμὲνων

457 2278 910 2351 inscriptionem
954 2278 1180 2334 circum
1211 2293 1344 2332 eam
1380 2277 1712 2347 conspexit,
1763 2276 1934 2346 cujus
1981 2278 2044 2332 he

2218 2274 2452 2348 εἰσέρῥει.
2512 2281 2612 2330 Καὶ
2671 2285 2731 2335 τῆ
2791 2276 3015 2350 ἐπιούσῃ
3097 2283 3156 2330 τὸ
3213 2279 3444 2330 ἐνυάλιον
3521 2279 3805 2350 ἐνηχήσας,

455 2368 643 2424 verba
664 2374 831 2424 erant
857 2385 871 2418 :
891 2367 962 2423 In
987 2368 1096 2424 hoc
1119 2367 1244 2437 ipso
1263 2366 1432 2437 signa
1457 2365 1645 2422 hostes
1668 2380 1865 2422 omnes
1887 2367 2042 2422 vince

2224 2363 2574 2438 συρρήγνυται
2661 2370 2988 2434 Βυζαντίοις,
3077 2372 3136 2419 τὸ
3214 2372 3488 2441 σταυρικόν
3565 2389 3811 2441 τρόπαιον

457 2459 520 2513 Et
564 2457 880 2514 confestim
927 2457 988 2512 in
1017 2455 1372 2512 memoriam
1414 2455 1466 2510 ei
1494 2471 1628 2527 quae
1659 2460 1835 2510 antea
1877 2455 2044 2510 accid

2226 2455 2460 2523 ᾗγεῑσθαι
2519 2453 2964 2527 ἐγκελευσάμενος.
3021 2461 3121 2508 Καὶ
3179 2460 3498 2530 κατακρατος
3570 2462 3665 2529 μὲν
3717 2465 3813 2511 Βυ-

453 2551 606 2612 rant,
651 2562 885 2603 venere.
927 2546 1106 2619 518
1149 2544 1432 2602 Postridie
1463 2559 1604 2616 ergo
1649 2543 1962 2599 classicum
2012 2561 2040 2600 c

2224 2542 2454 2604 ζαντίους
2519 2545 2663 2596 ἐνίκα
2698 2563 2710 2574 ·
2763 2551 2850 2598 καὶ
2933 2545 3059 2598 αὐτὸ
3143 2542 3202 2599 δὲ
3269 2554 3440 2618 τεῖχος
3525 2547 3811 2620 εἰστρέχων

454 2651 594 2693 nere
635 2637 836 2708 jussit,
897 2636 1290 2708 prmliumque
1342 2649 1551 2689 rursus
1606 2649 1744 2688 cum
1799 2633 2041 2704 Byzanti

2228 2631 2506 2704 ἐλάμϐανεν.
2541 2632 2636 2686 Ἦν
2697 2630 2755 2686 δι
2802 2638 2860 2686 τὸ
2909 2639 3158 2706 τρόπαιον
3213 2636 3548 2710 εἰργασμένος
3606 2645 3670 2696 τῆ
3685 2659 3706 2699 ς
3745 2643 3815 2690 νί-

451 2725 754 2782 commisit
805 2742 820 2779 :
873 2728 932 2780 et
981 2723 1146 2796 quod
1193 2731 1488 2795 tropaeum
1539 2726 1594 2776 et
1645 2721 1883 2792 signum
1910 2737 2038 2777 cruc

2226 2739 2328 2784 ιης,
2361 2724 2482 2774 ἔνθα
2511 2729 2598 2774 νῦν
2651 2725 2676 2775 ὁ
2717 2731 3010 2798 πορφυροῦς
3067 2721 3207 2796 αὗτῷ
3263 2731 3386 2777 κίων
3435 2731 3604 2799 μέγας
3659 2747 3813 2800 μεγα-

451 2814 714 2887 praaferri
761 2814 818 2870 in
869 2813 997 2870 acie
1051 2812 1423 2877 mandasset,
1477 2811 1702 2867 fortiter
1752 2810 1886 2866 illos
1939 2809 2038 2866 vicz

1110 2812 1423 2877 ,andasset,
1477 2811 1702 2867 fortiter
1752 2810 1886 2866 illos
1939 2809 2098 2876 vicit,
2211 2809 2374 2863 λωστὶ
2404 2809 2697 2885 ἀνατρέχει.

450 2903 750 2975 simulque
782 2903 990 2958 urbem
1011 2902 1208 2974 ipsam
1237 2901 1411 2974 cepit.
1442 2901 1706 2956 Victoria
1738 2906 1938 2956 autem
1970 2899 2098 2970 ejus
2129 2904 2422 2971 tropaeum
2452 2906 2508 2956 et
2541 2901 2783 2970 signum
2815 2918 2885 2958 eo
2915 2902 3046 2959 loco
3077 2903 3299 2969 statuit,
3331 2903 3434 2960 ubi
3467 2919 3632 2960 nunc
3675 2923 3808 2977 por-

451 2992 762 3066 phyretica
787 2991 916 3063 ejus
949 2991 1233 3048 columna
1261 2989 1322 3046 in
1355 3005 1641 3060 magnam
1673 2990 2054 3046 altitudinem
2081 2988 2358 3060 ampliter
2387 2991 2663 3046 excurrit.

1035 3109 1256 3164 CAPUT
1287 3107 1514 3162 XLVIII.
2139 3109 2177 3163 C

2139 3109 2177 3163 C
2804 3107 3047 3161 ΚΕΦΑΛ.
3071 3110 3214 3163 MH’.

453 3213 522 3274 Ut
535 3213 936 3288 cognominem
950 3214 1065 3288 sibi
1077 3214 1301 3288 urbem,
1318 3212 1859 3280 Contantinopotim
1874 3211 2040 3268 scitir

2208 3209 2411 3274 Ὅπως
2448 3211 2938 3288 τὴνᾼέπώνυμον
2978 3214 3142 3284 αύτῷ
3181 3213 3362 3266 πόλιν
3406 3221 3789 3268 Κωνσταντι-

753 3285 1334 3358 magniﬁcentissime
1363 3288 1790 3340 construxerit.

2359 3284 2669 3338 νούπολιν
2703 3283 3203 3360 μεγαλοπρεπῶς
3241 3283 3657 3359 ᾠκοδόμησε.

517 3393 604 3448 Ad
655 3397 882 3450 tantam
939 3391 1366 3448 sublimitatem
1415 3406 1552 3445 cum
1599 3390 1919 3462 imperium
1967 3390 2096 3460 ejus

2280 3392 2430 3444 Ούτω
2463 3389 2521 3445 δὲ
2567 3393 2780 3464 μέγεθος
2827 3391 2999 3466 ἀρχῆς
3055 3397 3300 3466 μέγιστον
3351 3393 3801 3467 περιϐεϐλημένος,

445 3482 780 3539 maximum
811 3481 1162 3555 pertigisset,
1195 3479 1404 3535 urbem
1445 3477 1626 3536 aliam
1667 3482 1950 3535 Romanae
1989 3479 2028 3534 h

2220 3480 2334 3551 ἕγνω
2377 3485 2465 3533 καὶ
2511 3487 2656 3534 πόλιν
2708 3483 2957 3554 ὁμότιμον
2997 3490 3058 3554 τῇ
3105 3482 3272 3556 Ῥώμῃ
3315 3482 3537 3549 οἰκίσαι,
3568 3489 3662 3536 καὶ
3715 3489 3807 3543 τήν

443 3587 590 3628 nore
617 3579 673 3628 et
711 3571 1124 3641 magnitudine
1163 3569 1458 3642 mqualem
1505 3575 1868 3634 construere,
1917 3585 2029 3624 suu

2222 3573 2452 3644 εφετέραν
2507 3571 2692 3630 κλῆσιν
2745 3575 2880 3644 αὐτῇ
2941 3575 3227 3644 ἐπαφεῖναι.
3279 3577 3380 3626 Καὶ
3431 3569 3498 3632 δὴ
3561 3573 3666 3626 ἁνὰ
3723 3581 3809 3627 τόν

442 3677 560 3733 que
613 3661 666 3716 ei
697 3675 919 3716 nomen
964 3661 1274 3732 imponere
1305 3659 1528 3714 statuit.
1579 3661 1712 3714 Erat
1761 3663 1886 3712 tum
1925 3658 2029 3728 jux

2220 3659 2576 3717 Ελλήσποντον
2612 3660 2661 3712 ἐν
2691 3668 2764 3730 τῷ
2819 3665 2920 3734 πρὸ
2968 3669 3058 3714 τοῦ
3113 3661 3268 3714 Ἰλίου
3325 3659 3486 3733 πεδίῳ
3531 3664 3669 3737 ὑπὲρ
3727 3669 3807 3716 τὸν

441 3749 888 3822 Hellespontum
921 3749 1196 3822 planities
1223 3747 1339 3802 sub
1379 3747 1506 3818 Ilio,
1551 3747 1628 3803 ad
1676 3747 1870 3818 Ajacis
1901 3763 2028 3818 sept

2224 3747 2422 3810 \i’avro;
2472 3751 2630 3821 τάφον
2703 3755 2988 3821 γενόμενος,
3055 3751 3115 3802 οὗ
3183 3747 3252 3810 δὴ
3329 3751 3464 3822 λόγος
3543 3755 3674 3813 τοὺς
3729 3753 3811 3806 ἐπὶ

439 3855 610 3895 crum
641 3839 743 3894 ubi
769 3838 912 3894 olim
933 3837 1152 3902 Achaei,
1179 3835 1404 3892 bellum
1427 3852 1566 3892 cum
1593 3835 1860 3904 Trojanis
1889 3851 2025 3906 gere

2224 3841 2389 3908 Γροίαν
2499 3841 2920 3912 στρατεύσαντας
2993 3840 3250 3911 Ἀχαιούς
3333 3844 3389 3892 τό
3461 3844 3811 3914 ναύσταθμον

441 3933 552 3993 tes,
597 3928 916 3984 stationem
965 3925 1240 3982 navalem
1286 3925 1574 3980 habuisse
1620 3924 1900 3980 dicuntur
1949 3941 1963 3980 :
2011 3925 2026 3978 i

2229 3931 2526 3997 σχηκέναι·
2587 3933 2676 3980 καὶ
2741 3928 3084 4000 καταγράψας
3145 3933 3242 3988 τὴν
3295 3930 3442 3982 πόλιν
3489 3933 3588 3989 ὃση
3663 3933 3811 4002 αὐτῷ

438 4017 605 4074 urbis
648 4017 841 4074 forma
867 4015 1024 4089 quasi
1073 4015 1124 4070 ci
1161 4014 1476 4070 videbatur
1521 4014 1838 4085 descripta,
1872 4013 2016 4085 quib

2227 4011 2392 4081 δόκει,
2445 4020 2534 4068 καὶ
2598 4017 2756 4078 πύλας
2808 4019 2857 4070 ἐν
2899 4027 3130 4092 περιωπῇ
3185 4023 3586 4075 κατεσκεύασεν.
3649 4021 3809 4073 Οὕτω

435 4105 584 4162 locis
631 4111 834 4178 portas
882 4109 1227 4169 exstrueret,
1270 4102 1804 4174 circumspiciebat.
1851 4105 1967 4158 Hoc
2009 4121 2022 4156 ε

2222 4101 2254 4154 t"
2296 4105 2470 4175 ἐκείνῳ
2527 4111 2646 4178 περὶ
2698 4111 2755 4158 τὸ
2796 4109 2943 4179 ξονον
2993 4105 3407 4181 ὃιαπονουμένῳ,
3443 4112 3635 4183 νύκτωρ
3687 4109 3809 4162 ἐπι-

437 4210 576 4250 eum
627 4195 688 4250 in
739 4195 945 4250 animo
991 4195 1334 4264 agitantem,
1375 4197 1552 4246 noctu
1592 4206 1892 4262 apparens
1940 4194 2018 4246 De

2216 4198 2376 4264 μανεὶς
2415 4197 2548 4267 ἔχρα
2595 4199 2740 4259 Θεὸς,
2797 4195 3010 4268 ἀντικρύ
3051 4195 3387 4260 Χαλκηδόνος
3439 4203 3552 4273 περὶ
3595 4203 3652 4250 τό
3701 4206 3803 4251 Βυ-

435 4284 679 4341 oraculo
702 4283 1033 4350 admonuit,
1058 4281 1450 4337 exadversum
1475 4280 1830 4336 Chalcedoni
1864 4279 2022 4335 circu

2218 4284 2408 4344 ζάντιον
2440 4287 2496 4336 τό
2539 4281 2964 4357 σπουδαζόμενον
2996 4285 3231 4342 ἐκτελεῖν.
3295 4292 3395 4341 Καὶ
3446 4287 3502 4347 ὸς
3547 4289 3805 4354 πεισθεὶς,

435 4373 789 4445 Byzantium
827 4372 990 4444 quod
1021 4371 1422 4426 constituisset
1451 4385 1604 4442 opus
1634 4386 1770 4424 eum
1808 4369 2022 4442 perfice

2220 4375 2284 4424 ’όν
2335 4377 2489 4424 τόπον
2542 4372 2896 4448 ἐκπεριελθὼν,
2955 4379 3044 4426 καὶ
3099 4383 3190 4436 τῆς
3245 4375 3372 4437 ύλης
3435 4375 3807 4452 ἁποκαθάρας,

433 4463 670 4520 debere.
703 4463 802 4518 Ille
841 4477 1018 4534 porro
1041 4460 1224 4532 jussis
1249 4459 1696 4524 obsecundans,
1724 4459 1924 4515 locum
1951 4475 2020 4514 eu

2220 4466 2290 4514 ιαὶ
2394 4467 2486 4520 τὴν
2576 4467 2950 4536 προσήκουσαν
3023 4467 3319 4538 ἡμερότητα
3411 4470 3807 4540 χαρισάμενος,

431 4568 672 4609 omnem
705 4551 1061 4608 circumiens
1093 4557 1369 4620 occupat,
1405 4549 1640 4620 sylvam
1671 4553 1970 4620 repurgat,
2013 4573 2018 4599 ι

2222 4553 2383 4613 ποθεὶς
2415 4551 2688 4622 ἐπιμᾱιλλον
2733 4560 2804 4624 τῷ
2858 4559 3040 4626 χώρῳ,
3093 4562 3154 4628 τῇ
3187 4555 3231 4607 τ’
3279 4555 3552 4627 εὐκρασίᾳ,
3585 4563 3684 4610 καὶ
3735 4557 3809 4628 τῷ

429 4641 602 4698 vibus
637 4641 1066 4711 benignitatem
1103 4639 1478 4710 gratiamque
1512 4637 1744 4693 solitam
1783 4641 1962 4710 atque
1993 4638 2016 4693 ti

2225 4641 2364 4702 ἱλλως
2405 4640 2616 4712 ἀπόπτῳ
2647 4648 2738 4694 τοῦ
2787 4647 2970 4709 τόπου,
3005 4647 3212 4714 τείχεσι
3269 4649 3534 4716 μεγίστοίς
3581 4647 3812 4720 περιϐα-

429 4737 662 4788 centem
703 4730 944 4786 exhibet
974 4747 992 4783 :
1027 4735 1362 4799 naturaque
1393 4727 1649 4794 regionis
1683 4733 1737 4782 et
1769 4728 1901 4782 coeli
1933 4733 2016 4784 ten

2229 4736 2319 4796 ὼν,
2375 4729 2456 4782 ἐπὶ
2503 4739 2572 4802 τῷ
2619 4727 2741 4802 ἰδίῳ
2787 4729 3002 4803 ὀνόματι
3044 4734 3583 4786 Κωνσταντινούπολιν
3631 4757 3813 4809 προσ-

427 4825 632 4894 perata
660 4819 976 4876 clementia
1017 4823 1072 4873 et
1102 4819 1216 4874 situ
1259 4817 1370 4872 loci
1402 4815 1762 4871 sublimioris
1795 4817 2014 4872 maxim

2237 4823 2479 4895 γόρεύσεν
2513 4837 2524 4850 ·
2587 4819 2867 4892 ἁνάκτορὸν
2928 4839 2980 4874 τε
3063 4826 3328 4897 περιφανὲς
3403 4827 3528 4896 πρὸς
3593 4825 3817 4879 θάλασ-

427 4927 568 4986 pere
589 4911 918 4966 delectatus
944 4909 1044 4980 (1),
1069 4908 1351 4962 maximis
1375 4922 1513 4960 eum
1539 4905 1840 4960 moenibus
1869 4905 2014 4962 cicul

2228 4929 2298 4962 ναν
2328 4907 2605 4982 ᾠκοδόμει,
2659 4909 2916 4972 ποικίλοις
2959 4929 3010 4963 τε
3053 4917 3141 4964 καὶ
3191 4917 3452 4975 παντοίοις
3507 4915 3815 4986 κατηγλαῐ-

426 5001 548 5066 dat,
600 5005 656 5056 et
689 5000 762 5055 de
807 5000 1050 5053 nomine
1099 5012 1208 5052 suo
1251 4995 1828 5066 Constantinopolim
1859 5011 2008 5051 voca

2228 5003 2382 5071 ’μένον
2425 4999 2595 5058 καλοῖς
2643 5001 2689 5050 ἐν
2721 5006 2824 5058 τοῖς
2853 5003 2985 5074 πρὸς
3015 4997 3306 5072 ἀνίσχοντα
3335 5001 3494 5060 ἣλιον.
3526 4999 3815 5072 Ἐγγιστα

423 5093 650 5162 regiam
697 5089 1009 5160 magnifice
1044 5087 1122 5144 ad
1171 5103 1357 5152 mare,
1410 5085 1586 5142 variis
1628 5087 2006 5160 omnigenisq

2228 5091 2258 5141 ’ὲ
2307 5093 2396 5140 καὶ
2448 5091 2506 5140 τό
2563 5087 2794 5141 Ἱππικὸν
2842 5091 3208 5158 κατεσκεύαζε,
3253 5095 3341 5142 καὶ
3393 5087 3491 5144 δύο
3549 5091 3815 5163 ἐμϐόλους

423 5181 790 5240 ornamentis
822 5195 894 5236 ex
922 5179 1156 5235 Oriente
1185 5177 1348 5232 omni
1381 5175 1746 5240 decoratam,
1776 5181 2010 5232 constru

2227 5187 2326 5251 πτῇ
2383 5179 2576 5250 πλίνθῳ
2627 5183 3020 5251 πεποιημένους,
3083 5181 3150 5240 είς
3222 5185 3416 5240 σκέπην
3505 5177 3634 5234 εἶναι
3701 5193 3813 5236 τῶν

493 5305 570 5378 (t)
622 5305 720 5382 Ad
741 5305 1031 5382 reliquam
1065 5301 1402 5382 felicitatem
1430 5299 1677 5382 accedit,
1719 5300 1880 5382 quod
1915 5317 2080 5382 mare
2191 5307 2455 5382 Aigaeum
2489 5309 2542 5359 et
2587 5303 2900 5382 Euxinum,
2934 5319 3003 5360 ea
3030 5309 3196 5382 parte
3227 5321 3349 5380 qua.
3379 5305 3452 5361 ad
3485 5305 3812 5364 Orientem

420 5373 1000 5449 Constantinopolim
1049 5377 1448 5448 pulchriorem
1491 5376 1604 5427 situ
1662 5373 1877 5449 reddit,
1905 5375 2076 5449 circa
2191 5373 2332 5449 urbs
2363 5447 2368 5449 _
2400 5382 2644 5446 spectat,
2704 5373 3047 5449 conﬂuunt,
3106 5373 3520 5448 ﬂuctimmque
3572 5388 3812 5438 mutua

419 5467 554 5506 eam
590 5467 652 5506 se
706 5444 1018 5504 iusihuans
1049 5444 1556 5520 Iluamgmaxime.
1608 5450 1663 5500 et
1711 5446 1770 5498 in
1825 5444 2074 5516 pelagus
2187 5444 2491 5502 collisione
2529 5447 3018 5520 commoditatem
3038 5455 3124 5520 get
3161 5444 3566 5505 amoenitatem
3599 5449 3810 5520 pluri-

418 5527 656 5594 vastum
675 5524 1012 5586 exundans,
1035 5518 1366 5594 admodum
1390 5533 1522 5594 eam
1544 5523 1812 5586 exornat,
1841 5525 1897 5571 et
1921 5522 2078 5594 tran-
2187 5535 2350 5576 mam.
2389 5535 2464 5576 ex
2487 5525 2655 5592 parte
2684 5517 2852 5576 omni
2876 5517 2956 5576 illi
2989 5517 3262 5578 afferunt.
3289 5521 3596 5594 (Procop.)

417 5593 640 5669 quinos
663 5598 874 5666 portus
898 5591 1098 5648 nautis
1119 5594 1384 5663 prmstat.
1411 5589 1538 5646 Duo
1560 5602 1822 5661 namque
1854 5590 2070 5658 maria,
