4020 6218
269 303 406 362 i325

1312 307 1881 370 ECCLESIASTICIE
1919 314 2276 377 HISTORI/E
2315 319 2450 379 LIB.
2495 321 2610 380 VII.

3481 333 3620 392 1326

273 447 576 524 ὁδοιπόρων.
626 455 725 504 Καὶ
780 451 909 504 ἄλλα
958 451 1180 506 πλείστα
1253 454 1503 528 φιλοτίμῳ
1564 460 1656 508 καὶ
1713 461 1843 532 χειρ

1967 441 2139 501 Juxta
2166 443 2323 502 hanc
2351 447 2560 501 ἱππικὸν
2586 463 2693 504 seu
2723 449 2956 507 Circum
2981 458 3316 526 equestrem
3343 455 3618 527 instituit,

271 544 358 592 καὶ
431 544 609 612 γνώμη
669 536 1092 613 περιῳκοδὸμει’
1163 542 1354 617 λοῦτρά
1417 563 1468 596 τε
1518 549 1608 596 καὶ
1664 550 1859 620 κρήνας

270 627 486 700 ἀφθόνου
537 633 625 680 καὶ
677 625 906 690 διειδοῦς
944 631 1190 701 νάματος.
1247 632 1386 684 Ἐπεὶ
1447 629 1504 685 δὲ
1553 636 1668 694 τοὺς
1709 634 1858 686 αῦτό-

266 720 461 789 χθονας
542 717 646 789 οὐχ
704 722 910 779 ἱκανοὺς
969 716 1096 771 εἶναι
1153 729 1224 790 τῷ
1282 724 1484 793 μεγέθει
1533 732 1622 783 τῆς
1667 722 1858 785 πόλεως

267 809 443 878 ἔκρινε,
504 813 751 879 μεγίστας
792 807 958 870 οἰκίας
1018 807 1114 860 ἀνά
1167 812 1260 869 τὰς
1305 809 1485 881 ἀγυιὰς
1524 820 1618 872 τῆς
1666 811 1860 872 πόλεως

266 892 537 967 σποράδην
587 896 806 969 ἐγείρας,
864 893 1058 972 ἄνδρας
1109 897 1243 970 λόγῳ
1276 906 1362 951 καὶ
1421 899 1622 971 πλούτῳ
1672 895 1858 972 διαφα·

259 992 376 1050 νεῖς,
429 981 685 1046 δεσπότας
739 989 938 1038 ἐκείνων
991 992 1348 1053 καταστήσας,
1397 994 1677 1059 κατῴκισε,
1741 992 1860 1050 τοὺς

259 1077 350 1146 μὲν
408 1073 508 1126 ἀπὸ
566 1082 659 1136 τῆς
717 1074 1069 1149 πρεσϐυτέρας
1109 1076 1328 1150 Ῥώμης,
1382 1081 1498 1138 τοὺς
1550 1075 1608 1130 δε
1659 1082 1748 1129 καὶ
1805 1078 1860 1140 ἐξ

259 1163 420 1215 ἄλλων
477 1163 649 1218 ἐθνῶν.
710 1169 809 1217 Καὶ
886 1171 1073 1238 φόρους
1130 1170 1251 1228 τοὺς
1301 1169 1390 1238 μεν
1448 1167 1519 1228 εἰς
1573 1162 1858 1238 οἰκοδομὴν

255 1261 352 1304 τῶν
405 1253 648 1318 πολιτῶν,
699 1256 819 1314 τοὺς
851 1250 908 1305 δε
942 1254 1012 1314 εἰς
1070 1251 1356 1330 διατροφὴν
1409 1264 1507 1306 τῶν
1550 1255 1856 1327 οἰκητόρων,

1725 1347 1861 1416 μέγα

254 1451 307 1483 τε
366 1429 735 1505 βουλευτήριον
806 1436 1029 1506 ἤγειρεν,
1081 1435 1106 1484 ὃ
1165 1434 1456 1505 σύγκλητον
1509 1434 1855 1506 ὀνομάζεται’

255 1341 452 1394 ἅπασιν
507 1341 719 1413 ἀγαθοῖς
772 1342 1103 1401 εὐθηνεῑσθαι
1152 1347 1346 1402 ταύτην
1407 1341 1609 1396 διέθετο
1650 1363 1663 1375 ·

253 1526 340 1572 καὶ
417 1524 532 1572 νέαν
593 1520 792 1592 Ῥώμην
865 1528 954 1573 καὶ
1028 1519 1410 1594 βασιλεύουσαν
1481 1526 1616 1574 κατὰ
1691 1518 1858 1594 μηδὲν

254 1608 452 1672 ἐκείνης
512 1607 860 1683 διαφέρουσαν
921 1609 1182 1666 ἀπεκάλεε.
1226 1618 1322 1664 Καὶ
1363 1611 1577 1664 ἐπιπολὺ
1629 1630 1688 1682 γε
1739 1611 1857 1664 ἐπέ-

255 1695 392 1752 δωκε
447 1707 507 1772 τῇ
552 1719 603 1751 τε
637 1700 888 1772 θεοφιλεία
909 1708 999 1752 τοῦ
1040 1700 1276 1753 οἰκιστοῦ
1326 1706 1414 1753 καὶ
1461 1709 1524 1774 τῇ
1563 1709 1662 1752 τῶν
1703 1700 1856 1758 οἰκη-

1969 538 2025 587 et
2054 534 2316 603 porticus
2346 537 2500 592 duas
2541 538 2731 594 coctili
2769 538 2948 596 latere
2980 541 3039 598 in
3084 559 3261 599 usum
3291 545 3616 616 viatorum,

1971 626 2034 678 ut
2065 623 2178 679 sub
2221 623 2304 680 eis
2343 626 2742 694 ambularent,
2784 629 3018 702 projicit
3050 648 3063 686 :
3097 632 3334 706 aliaque
3374 635 3621 708 insuper

1970 711 2157 767 multa
2183 714 2435 770 aedificia
2457 715 2663 772 animo
2694 717 2870 773 simul
2893 725 2948 774 et
2970 736 3154 776 manu
3181 721 3411 781 liberali
3433 725 3623 780 ambi-

1970 801 2115 857 tiose
2145 801 2532 860 circumcirca
2561 805 2792 862 excitat.
2825 806 3004 864 Addit
3038 809 3300 878 lavacra,
3330 819 3386 869 et
3423 813 3620 870 fontes

1970 891 2350 961 copiosarum
2405 897 2464 947 et
2511 893 2944 965 pellucidarum
3000 913 3320 969 aquarum.
3372 903 3438 958 Et
3480 919 3618 959 cum

1967 979 2284 1052 indigenas
2301 979 2414 1036 loci
2432 983 2585 1053 ejus,
2609 985 3010 1055 magnitudini
3029 993 3208 1044 tantas
3233 990 3394 1046 urbis
3420 991 3618 1047 minus

1969 1067 2239 1124 sufficere
2262 1070 2481 1126 videret
2499 1087 2511 1136 ;
2528 1071 2688 1128 aedes
2715 1073 3015 1130 maximas
3028 1091 3133 1147 per
3145 1077 3371 1149 plateas
3392 1081 3616 1151 passim

1969 1159 2231 1224 exstruit,
2283 1159 2542 1231 virisque
2599 1165 2654 1216 et
2701 1161 2918 1233 opibus
2964 1170 3018 1219 et
3065 1163 3231 1222 fama
3279 1167 3616 1224 celebribus

1967 1245 2318 1302 incolendas
2350 1249 2633 1315 attribuit,
2667 1265 2819 1323 quos
2852 1251 2944 1308 vel
2975 1268 3046 1308 ex
3079 1256 3255 1311 veteri
3285 1257 3494 1323 Roma,
3524 1261 3616 1315 vel

1969 1335 2099 1390 aliis
2131 1352 2198 1392 ex
2227 1337 2504 1406 gentibus
2537 1354 2608 1396 eo
2638 1345 3021 1412 pertraxerat.
3054 1343 3411 1418 Tributaque
3450 1353 3506 1403 et
3535 1347 3614 1404 ad

1969 1428 2324 1480 structuram
2375 1425 2630 1492 civibus,
2686 1434 2742 1483 et
2796 1429 2857 1484 in
2906 1428 3192 1489 alimenta
3243 1435 3491 1501 conolis,
3553 1442 3616 1494 ut

1969 1513 2155 1584 copiis
2176 1514 2459 1570 omnibus
2490 1517 2630 1571 urbs
2651 1532 2722 1572 ea
2747 1517 3080 1576 abundaret
3105 1528 3282 1594 atque
3305 1531 3610 1591 cresceret,

1966 1602 2263 1671 designat.
2279 1603 2554 1675 Amplam
2578 1621 2820 1679 quoque
2841 1608 3066 1664 curiam
3084 1614 3311 1667 senatui
3337 1613 3613 1672 aedificat.

1972 1691 2147 1763 519
2182 1691 2511 1765 urbemque
2551 1693 2741 1764 ipsam
2783 1712 3003 1753 novam
3045 1701 3319 1768 Romam,
3346 1709 3400 1759 et
3426 1703 3616 1776 impe-

252 1795 416 1861 τορων
475 1787 729 1860 εὐσεϐείᾳ,
781 1795 870 1840 καὶ
936 1797 997 1862 τῇ
1042 1795 1159 1862 περὶ
1212 1794 1269 1842 τὸ
1316 1791 1713 1864 χρηστεύεσθαι
1766 1793 1843 1840 καὶ

1967 1781 2192 1844 rialem,
2235 1780 2398 1835 nulla
2435 1797 2498 1836 re
2528 1781 2606 1838 ab
2636 1782 2822 1839 altera
2860 1785 2960 1841 illa
2985 1785 3376 1856 differentem,
3419 1793 3614 1849 nomi-

252 1876 403 1930 ἐλεεῖν
460 1881 776 1950 συμπαθείᾳ.
825 1885 924 1930 Καὶ
963 1888 1208 1931 τοσοῦτον
1253 1881 1526 1950 ἐπαγωγὸς
1577 1878 1717 1931 ἐστιν
1784 1877 1857 1938 εἰς

252 1970 502 2040 Χριστὸν,
546 1970 614 2028 ὡς
655 1963 852 2037 σχεδὸν
900 1970 1091 2028 πάντας
1141 1969 1334 2020 πείθειν
1385 1969 1564 2026 ἱκανὴν
1610 1964 1737 2019 εἶναι
1766 1973 1855 2021 καὶ

253 2053 549 2117 Ἰουδαίους
605 2062 692 2108 καὶ
721 2056 969 2118 Ἕλληνας
1023 2061 1114 2116 τὴν
1163 2059 1298 2109 κατὰ
1340 2060 1570 2132 Χριστὸν
1617 2055 1853 2117 ἀσπάζε-

254 2146 376 2196 σθαι
415 2145 698 2197 πολιτείαν.
757 2151 857 2198 Καὶ
917 2143 1036 2203 δῆτ’
1091 2144 1348 2219 ἀρξαμένη
1397 2151 1455 2198 τὸ
1499 2144 1744 2210 εὐσεϐεῖν,
1787 2145 1852 2198 εἰ-

253 2228 428 2284 δώλων
478 2234 506 2292 ἡ
567 2230 754 2305 βωμῶν
786 2254 837 2286 τε
889 2239 977 2286 καὶ
1037 2237 1228 2286 θυσιῶν
1286 2232 1532 2307 οὐδαμῶς
1580 2233 1848 2310 ἐπειράθη,

251 2321 381 2380 πλὴν
438 2324 522 2374 ἐπὶ
553 2330 643 2374 τοῦ
692 2321 982 2383 δυσσεϐοῦς
1047 2323 1329 2376 ἰουλιανοῦ
1362 2341 1374 2353 ·
1437 2327 1558 2398 ὅπερ
1601 2321 1716 2376 οὐδ’
1769 2321 1850 2375 ἐπὶ

251 2406 432 2483 βραχὺ
459 2415 661 2485 προϊὸν,
696 2410 898 2470 ἀπέσϐη
931 2417 1021 2464 καὶ
1048 2408 1370 2486 διερρῦηκεν.

1965 1875 2084 1924 nat.
2111 1870 2174 1923 Et
2200 1870 2460 1924 maxima
2488 1869 2746 1942 profecto
2775 1871 2874 1929 illa
2901 1875 3053 1946 cepit
3073 1874 3459 1947 incrementa,
3484 1887 3610 1938 tum

1963 1957 2289 2013 conditoris
2320 1959 2534 2031 pietate
2559 1967 2736 2032 atque
2762 1961 2979 2032 insigni
3003 1979 3145 2035 erga
3175 1965 3358 2024 Deum
3383 1985 3610 2038 amore,

1964 2053 2090 2102 tum
2136 2047 2355 2102 civium
2404 2049 2676 2120 ipsorum
2726 2051 3028 2121 religione,
3084 2054 3491 2132 singularique
3531 2062 3609 2118 ad

1958 2136 2388 2207 benignitatem
2439 2143 2497 2193 et
2552 2142 3133 2200 commiserationem
3183 2149 3606 2219 propensione.

1959 2229 2146 2282 Tanta
2175 2233 2330 2282 certe
2359 2226 2606 2298 quidem
2633 2229 2685 2284 ei
2723 2230 2875 2286 inest
2906 2231 2984 2288 da
3014 2235 3524 2307 persuadendum,
3553 2246 3611 2298 et

1960 2320 2039 2373 ad
2066 2315 2272 2372 Christi
2296 2315 2480 2371 ﬁdem
2508 2318 2996 2387 pertrahendum,
3025 2323 3115 2377 vis
3137 2331 3192 2380 et
3216 2324 3514 2395 illecebra,
3544 2335 3610 2386 ut

1959 2421 2168 2463 omnes
2185 2405 2304 2460 fere
2327 2411 2383 2460 et
2398 2405 2427 2457 J
2437 2404 2643 2462 udteos
2658 2415 2710 2462 et
2725 2405 2980 2464 Gentiles
2994 2410 3072 2466 ad
3083 2428 3213 2468 com
3225 2414 3606 2485 plectendum

241 2500 587 2556 Christianae
635 2501 764 2556 vitae
809 2503 1136 2556 institutum
1177 2502 1413 2558 alliciat.
1451 2504 1515 2558 Et
1548 2517 1621 2558 ex
1667 2516 1788 2574 quo
1828 2513 2034 2555 veram
2077 2495 2356 2566 pietatem
2381 2495 2564 2551 semel
2618 2495 2810 2552 colere
2850 2500 3047 2571 ccepit,
3087 2517 3402 2576 nunquam
3442 2523 3605 2575 aras,

243 2589 539 2646 sacriﬁcia
586 2595 640 2645 et
690 2589 916 2646 cultum
974 2590 1430 2647 simulacrorum
1480 2595 1570 2647 est
1615 2594 1879 2662 experta,
1929 2590 2329 2659 praeterquam
2392 2584 2506 2641 sub
2554 2585 2741 2657 impio
2806 2587 3042 2646 Juliano
3113 2607 3128 2646 :

3199 2608 3337 2666 quae
3398 2600 3606 2655 tamen

242 2677 487 2734 macula
515 2678 907 2749 pauxillulum
935 2695 1276 2750 progressa,
1306 2678 1505 2735 statim
1532 2680 1810 2736 restincta
1835 2674 2115 2733 difﬂuxit.

841 2791 1094 2843 ΚΕΦΑΛ.
1132 2786 1262 2840 ΜΘ’.

235 2896 404 2965 Περὶ
462 2899 581 2944 τῶν
637 2894 857 2964 ἔργων,
922 2902 1084 2945 ναῶν
1141 2890 1685 2965 οἰκοδομημάτων
1739 2895 1846 2965 καὶ

306 2963 378 3018 άτ
409 2964 570 3021 ηλῶν
621 2963 728 3015 καὶ
792 2968 980 3016 οἴκων
1045 2965 1264 3036 ἄλλων,
1332 2963 1389 3017 ἂή
1425 2963 1483 3018 ἐν
1539 2973 1610 3036 τῇ
1668 2963 1846 3018 πόλει

300 3034 500 3089 ἔνδον
551 3034 872 3109 ἀνήγειρε.

2565 2781 2793 2839 CAPUT
2823 2784 2998 2840 XLIX.

1957 2889 2044 2945 De
2068 2887 2356 2974 operibus,
2383 2887 2643 2974 templis,
2658 2891 2993 2974 struet-uris,
3021 2895 3236 2974 statuis
3260 2901 3315 2974 et
3338 2899 3606 2974 adiﬁciis

2239 2961 2378 3016 aliis
2406 2975 2530 3030 quae
2554 2961 2720 3017 intra
2749 2963 2954 3019 urbem
2995 2971 3317 3026 exstruxit.

297 3144 402 3207 Ὠς
442 3141 501 3196 δὲ
544 3147 770 3215 νεοπαγῆ
804 3144 949 3196 πόλιν
1001 3143 1210 3206 πολλοῖς
1247 3147 1336 3217 μὲν
1381 3148 1470 3197 καὶ
1521 3142 1692 3206 ἄλλοις
1722 3144 1842 3195 ταύ-

2027 3134 2246 3191 Urbem
2280 3150 2457 3207 porro
2486 3151 2694 3193 recens
2723 3139 3046 3208 conditam,
3079 3159 3217 3202 cum
3240 3147 3442 3206 multis
3467 3151 3601 3209 aliis

224 3253 317 3292 την
365 3237 633 3308 σγεραίρων
686 3229 748 3291 ἦν
804 3240 1203 3300 Κωνσταντῑνος,
1253 3233 1524 3306 ἀγάλμασί
1574 3252 1627 3284 τε
1654 3229 1842 3304 διαφό-

225 3343 333 3397 ροις
379 3340 401 3352 ⁸

231 3418 394 3466 στίαν
435 3414 642 3472 ἐκείνοις
698 3419 794 3472 τῆς
841 3412 1034 3472 πλάνης
1082 3421 1262 3479 ποιῶν,
1320 3412 1542 3465 ἰνταῦθα
1591 3412 1842 3482 μετετίθει

228 3505 296 3554 τὰ
318 3503 522 3565 ξόανα⁸
555 3499 733 3560 λίθους
785 3496 844 3551 δε
889 3507 990 3551 τῶν
1049 3497 1312 3573 διαφανῶν
1367 3508 1456 3554 καὶ
1504 3500 1716 3575 ὀρόφους
1751 3505 1842 3552 καὶ

229 3586 520 3650 παστάδας
557 3593 646 3640 καὶ
685 3593 879 3654 κίονας,
911 3594 1006 3640 καὶ
1049 3589 1156 3640 ἄλλ’
1216 3591 1348 3641 οῐττα
1405 3593 1520 3651 θέας
1560 3589 1838 3661 ἠξιωμένα,

227 3686 318 3734 καὶ
369 3681 500 3751 ἔργα
552 3681 712 3749 τέχνη
762 3681 854 3735 τὴν
909 3680 1066 3749 φύσιν
1119 3680 1431 3751 μιμούμενα,
1472 3685 1582 3738 τοῖς
1620 3677 1843 3729 ὶνταύθα

226 3772 514 3842 γινομένοις
569 3764 746 3824 ἀνῆκε.
800 3765 994 3818 Πολλαὶ
1038 3762 1096 3819 δε
1153 3770 1244 3818 καὶ
1273 3773 1371 3818 τῶν
1408 3765 1600 3818 πόλεων
1627 3773 1698 3836 τῷ
1748 3762 1841 3837 βα-

232 3857 367 3910 σιλεί
419 3855 790 3930 χαριζόμεναι,
832 3861 894 3927 τῇ
954 3862 1052 3916 τῆς
1100 3855 1374 3927 θρησκείας
1416 3851 1697 3926 μεταϐολῇ,
1741 3873 1838 3908 κα-

230 3949 514 4020 θαιροῦσαι
595 3942 906 4016 ἀνέπεμπον.
981 3946 1065 3998 Ἐν
1129 3942 1187 3997 δὲ
1247 3953 1319 4015 τῷ
1399 3942 1736 4014 ἐπιλεγομένῳ
1789 3942 1840 4003 ἒς

229 4033 387 4109 δεῦρο
441 4038 859 4105 Κωνσταντινείῳ
913 4038 1053 4106 φόρῳ
1103 4039 1191 4085 καὶ
1242 4037 1327 4085 τὸν
1367 4040 1660 4107 πορφυροῦν
1688 4035 1836 4104 μέγι-

230 4144 353 4176 στον
402 4129 554 4177 κίονα
611 4122 942 4186 ἀναστήσας,
997 4124 1049 4174 ὃν
1107 4124 1162 4173 ἐκ
1222 4121 1420 4194 Ῥώμης
1470 4123 1720 4192 ἠγάγετο,
1755 4123 1838 4174 ἐπὶ

226 4216 393 4284 τούτῳ
472 4217 559 4265 τὸν
649 4213 841 4265 ἑαυτοῦ
922 4209 1212 4287 ἀνδριάντα
1290 4210 1476 4263 ἀνίστα
1552 4214 1840 4286 πεποιημέ-

221 4319 307 4351 νον
374 4301 576 4371 χαλκοῦ
635 4319 647 4332 ·
705 4304 764 4354 ἐν
823 4298 862 4372 ᾧ
913 4306 1002 4353 καὶ
1064 4303 1292 4374 χρύσεον
1371 4299 1530 4372 μῆλον
1591 4304 1837 4372 μέγιστον

229 4394 294 4460 τῇ
341 4384 490 4458 δεξιᾲ
513 4394 748 4460 κατέχων
779 4395 946 4463 χειρὶ,
1001 4389 1169 4441 ὶπάνω
1207 4393 1293 4441 τὸν
1334 4393 1502 4460 τίμιον
1537 4394 1836 4460 κατεπήγνυ

456 3322 490 3374 ἃ
553 3326 672 3385 τοὺς
741 3322 988 3382 Ἑλλήνων
1055 3329 1177 3386 νεὼς
1219 3325 1483 3396 καθαιρῶν
1539 3324 1608 3384 ὡς
1683 3319 1843 3394 ἀμνη-

1952 3224 2259 3281 decoravit
2281 3226 2674 3294 ornamentis,
2704 3234 2826 3284 tum
2855 3233 3152 3306 praecipue
3194 3239 3338 3293 varii
3366 3243 3598 3309 generis

1951 3314 2284 3370 simulacris
2322 3319 2379 3370 et
2417 3317 2626 3372 statuis
2659 3332 2670 3370 :
2705 3332 2859 3390 quas
2898 3336 2970 3376 ex
2999 3321 3320 3382 Gentilium
3364 3331 3597 3403 templis

1951 3403 2085 3459 ideo
2125 3403 2252 3459 solo
2290 3405 2561 3476 aequatis,
2604 3411 2668 3462 ut
2698 3407 3062 3468 oblivionem
3100 3416 3316 3470 erroris
3361 3417 3475 3474 illis
3515 3420 3598 3476 in-

1951 3492 2212 3559 duceret,
2243 3493 2360 3547 huc
2401 3495 2718 3550 transtulit.
2765 3498 2858 3551 llis
2895 3498 3111 3569 adjecit
3156 3501 3391 3574 lapides
3429 3507 3599 3564 lucu-

1950 3579 2159 3645 lentos,
2189 3587 2478 3636 tectorum
2500 3581 2758 3652 fastigia,
2781 3586 3057 3656 porticus,
3093 3591 3429 3662 columnas,
3458 3595 3601 3653 alia-

1949 3682 2068 3738 que
2115 3683 2488 3740 quaecunque
2533 3671 2876 3741 spectaculo
2923 3674 3108 3744 digna
3157 3687 3374 3737 essent.
3419 3685 3595 3744 Multa

1951 3763 2235 3828 prteterea
2253 3771 2439 3826 opera
2463 3765 2586 3813 arte
2604 3766 2882 3817 naturam
2901 3761 3098 3834 ipsam
3119 3768 3485 3843 simulantia,
3511 3775 3592 3832 ad

1949 3859 2020 3899 ea
2045 3860 2179 3916 quae
2218 3845 2299 3900 ibi
2329 3844 2572 3912 ﬁebant,
2601 3847 2840 3904 aliunde
2871 3867 2942 3907 eo
2973 3854 3151 3914 misit.
3183 3856 3379 3916 Multae
3409 3866 3589 3923 etiam

1949 3939 2126 3989 urbes
2157 3933 2442 4004 religione
2477 3943 2724 4001 mutata,
2760 3939 3116 4014 templisque
3151 3945 3403 4006 deorum
3442 3952 3594 4011 dire-

1949 4024 2090 4095 ptis,
2160 4023 2504 4091 simulacra,
2566 4032 2630 4082 ut
2692 4027 3038 4099 imperatori
3095 4037 3591 4103 gratificarentur.

1951 4112 2526 4184 Constantinopolim
2567 4113 2918 4186 perferenda
2964 4131 3273 4182 curarunt.
3345 4129 3406 4185 In
3467 4131 3596 4190 {oro

1948 4207 2169 4266 autem,
2217 4203 2382 4271 quod
2424 4218 2584 4258 nunc
2638 4219 2882 4277 quoque
2933 4211 3298 4271 Constantini
3352 4219 3588 4289 dicitur,

1947 4289 2426 4360 porphyreticam
2441 4295 2497 4344 et
2516 4293 2843 4348 maximam
2860 4293 3022 4352 illam
3041 4299 3384 4362 columnam
3404 4308 3594 4368 Roma

1947 4378 2262 4432 advectam
2303 4379 2525 4444 statuit,
2566 4380 2623 4435 in
2673 4396 2795 4452 qua
2835 4389 3091 4442 statuam
3138 4405 3310 4448 suam
3361 4412 3428 4452 ex
3476 4415 3592 4455 mre

226 4480 476 4550 σταῦρόν,
537 4476 825 4550 ἐπιγράψας
891 4486 1058 4531 ταῦτα
1087 4497 1099 4509 '
1145 4483 1272 4541 Σοὶ,
1325 4481 1562 4553 Χριστε
1593 4479 1619 4529 ὁ
1661 4481 1832 4538 Θεὸς,

1955 4465 2164 4524 iactam
2186 4467 2510 4533 collocavit,
2534 4485 2670 4540 quas
2687 4473 2895 4528 dextra
2915 4491 3095 4531 manu
3113 4479 3324 4550 ingens
3339 4501 3588 4544 aureum

221 4568 641 4638 παρατίθημι
693 4571 799 4624 τὴν
849 4568 1038 4620 πόλιν
1085 4571 1346 4626 ταύτην.
1408 4563 1658 4638 Αψίσιδε
1685 4565 1834 4640 στερ-

216 4655 341 4729 ῥαίς
379 4659 638 4728 τέσσαρσι
682 4659 775 4713 τὴν
805 4663 900 4707 τοὺ
935 4657 1129 4708 στύλον
1169 4655 1460 4731 περικύκλῳ
1490 4654 1650 4727 βάσιν
1681 4652 1833 4726 ἐδρά-

216 4761 344 4808 σας,
376 4745 624 4795 ὑποκάτω
667 4751 762 4805 τῆς
792 4751 884 4795 τοῦ
933 4745 1121 4797 στῦλου
1165 4742 1388 4817 βάσεως,
1434 4747 1552 4805 τοὺς
1583 4742 1660 4816 ιβ’
1688 4748 1832 4815 κοφί-

213 4851 338 4894 νους
367 4837 460 4884 καὶ
505 4834 593 4894 τὰς
637 4830 684 4892 ζ’
729 4829 1019 4904 σπυρίδας,
1069 4836 1142 4885 ἔτι
1178 4831 1238 4886 δε
1267 4838 1352 4885 καὶ
1382 4835 1504 4892 τοὺς
1535 4831 1578 4892 ζ’
1615 4833 1824 4905 οἶρτους,

213 4921 309 4983 οῦς
340 4921 570 4992 εὐλογίας
600 4920 928 4983 καταξιώσας
965 4926 1200 4996 Χριστὸς
1236 4925 1302 4975 τά
1328 4921 1502 4979 πλήθη
1537 4918 1824 4994 διέθρεψεν.

211 5009 335 5063 Ἐτι
414 5008 473 5062 δε
534 5015 622 5062 καὶ
679 5014 770 5068 τὴν
829 5018 923 5062 τοῦ
980 5017 1094 5064 Νῶε
1145 5011 1414 5083 ἀξίνην,
1461 5014 1554 5068 τὴν
1610 5008 1826 5062 κιϐωτὸν

211 5098 542 5164 ἐτεκτήνατο,
574 5099 728 5160 αὐτὸς
785 5095 948 5159 ἰδίαίς
988 5104 1184 5174 Χερσὶν
1224 5101 1248 5151 ὁ
1283 5097 1529 5172 βασιλεὺς
1567 5106 1636 5168 τῷ
1665 5117 1827 5172 σφρα-

208 5195 432 5261 γιστῆρι
470 5191 730 5260 σημάνας,
788 5190 1030 5241 κατέθετο
1060 5205 1072 5217 ο
1129 5193 1217 5240 καὶ
1267 5197 1353 5239 νῦν
1412 5187 1460 5249 ἐς
1518 5188 1603 5259 ἐμὲ
1640 5195 1701 5260 τῇ
1735 5192 1826 5239 πό-

209 5276 290 5329 λει
316 5277 508 5339 ἄσυλος
562 5279 830 5351 θησαυρὸς
880 5281 1258 5350 παραμένουσι.
1314 5281 1410 5329 Τόν
1461 5296 1517 5348 γε
1575 5281 1678 5348 μὴν
1734 5295 1827 5328 πο-

211 5369 379 5437 ταμὸν
446 5364 672 5442 Ἰστρον,
723 5368 778 5428 ὅς
845 5365 1097 5427 Δάνουϐις
1167 5369 1590 5440 προσηγόρευται
1644 5364 1825 5428 ζεύξας

287 5498 366 5570 (l)
395 5499 544 5556 Sunt
570 5506 842 5556 auctores
867 5500 971 5572 qui
999 5505 1240 5572 propter
1274 5499 1500 5556 malum
1534 5499 1692 5572 istud
1719 5516 1824 5555 au-

209 5585 385 5626 reum
415 5587 452 5627 a
479 5571 1448 5646 TurcisConstantinopolitanam
1474 5571 1678 5627 urbem
1708 5574 1826 5627 Au-

211 5657 390 5699 reum
409 5642 640 5701 malum
663 5643 781 5701 dici
808 5649 1049 5717 putant.

1946 4555 2172 4611 malum
2213 4555 2474 4611 continet
2511 4557 2588 4629 (I)
2622 4573 2635 4611 :
2677 4565 2856 4632 atque
2893 4564 3008 4634 ipsi
3050 4568 3209 4625 malo
3250 4578 3592 4636 veneranda

1942 4660 2086 4700 crux
2140 4644 2218 4701 ab
2275 4660 2346 4699 eo
2385 4645 2588 4712 inﬁxa,
2624 4663 2764 4703 cum
2807 4649 2904 4707 tali
2948 4653 3332 4728 inscriptione
3371 4679 3386 4718 :
3439 4666 3588 4734 Tibi,

1945 4734 2181 4790 Christe
2226 4735 2380 4789 Deus
2435 4735 2640 4792 urbem
2690 4738 2849 4795 hanc
2894 4749 3258 4804 commendo.
3327 4753 3592 4817 Quatuor

1942 4830 2140 4878 autem
2161 4822 2370 4879 solidis
2392 4823 2698 4898 firmisque
2725 4827 2952 4884 absidis
2975 4832 3050 4903 (2)
3075 4835 3318 4904 pulchre
3339 4841 3591 4901 circum-

1941 4913 2096 4968 circa
2116 4913 2244 4968 basi
2273 4916 2571 4969 columnae
2594 4915 2860 4982 fundata,
2887 4920 2999 4974 sub
3029 4937 3100 4977 ea
3125 4925 3258 4995 ipsa
3281 4928 3413 4986 basi
3442 4932 3591 4990 duo-

1940 5001 2132 5057 decim
2161 5003 2452 5073 cophinos
2481 5008 2534 5058 et
2575 5011 2805 5075 septem
2837 5015 3091 5077 sportas,
3136 5030 3245 5071 nec
3288 5035 3408 5076 non
3453 5023 3590 5079 reli-

1938 5091 2111 5163 quias
2140 5096 2367 5164 septem
2401 5107 2651 5163 panum,
2681 5095 2906 5165 quibus
2937 5098 3350 5163 benedictione
3381 5125 3588 5168 conse-

1937 5181 2115 5234 cratis
2144 5181 2407 5235 Christus
2433 5179 2872 5238 multitudinem
2893 5186 3079 5255 pavit;
3100 5189 3276 5264 520
3304 5204 3588 5266 prasterea

1935 5267 2250 5324 dolabram
2265 5271 2420 5334 Noae,
2446 5284 2567 5338 qua
2590 5268 2684 5323 ille
2713 5285 2914 5327 arcam
2935 5284 3281 5348 construxit,
3298 5286 3586 5344 manibus

1933 5356 2060 5429 ipse
2108 5357 2228 5411 suis
2267 5359 2610 5430 imperator,
2655 5357 2846 5427 sigillo
2899 5378 3011 5418 suo
3061 5381 3132 5423 ea
3174 5372 3382 5429 omnia
3430 5377 3588 5434 obsi-

2005 5499 2083 5586 (2)
2117 5518 2146 5550 ‹‹
2185 5502 2244 5553 lu
2285 5497 2729 5586 futuro‘Christi
2757 5499 3141 5586 judiciqnec
3178 5510 3407 5571 absidae
3449 5533 3588 5586 gra-

1932 5569 2111 5698 dattﬁ,
2151 5586 2260 5714 Siec
2297 5571 2593 5627 cathedra:
2624 5569 2826 5629 velatae
2855 5574 3329 5644 adhibebuntur.
3373 5569 3403 5642 ὁ
3435 5569 3587 5662 (Ku-

1933 5657 2044 5713 gus
2090 5658 2153 5698 n.
