4020 6218
457 310 594 368 1327

1756 309 2142 371 NICEPHORI
2184 308 2506 368 CALLISTI

3670 307 3827 365 {328

456 440 662 509 gnata,
693 436 981 508 reposuit.
1026 437 1169 503 Quae
1212 437 1289 494 ad
1346 440 1552 495 nostra
1594 453 1787 510 usque
1829 443 2089 510 tempore

2211 434 2379 508 λιθίνῃ
2456 436 2675 508 γεφύρᾳ,
2742 438 2832 487 καὶ
2901 431 3088 498 διαϐὰς
3139 435 3345 501 ἐκεῖθεν,
3408 439 3465 488 τό
3514 437 3593 488 in”
3645 434 3829 506 ἕκείνη

455 526 788 582 etiamnum
845 528 979 582 urbi
1035 526 1150 598 ipsi
1203 527 1460 583 intactus
1499 528 1942 600 inviolatusque
1981 528 2100 582 the-

455 630 669 672 saurus
695 620 1067 688 permanent.
1104 619 1314 672 lstrum
1354 615 1626 685 ﬂuvium,
1658 617 1760 689 qui
1794 615 2100 673 Danubius

454 719 700 777 quoque
728 703 961 769 dicitur,
1004 710 1185 777 ponte
1227 721 1409 761 saxeo
1430 705 1627 776 junxit
1653 725 1664 764 :
1694 721 1885 777 eoque
1917 712 2103 760 trans-

451 793 555 859 ito,
589 793 926 866 Scythicam
944 800 1204 863 gentem,
1235 810 1370 867 quae
1405 794 1557 851 ultra
1575 796 1633 849 id
1656 794 1877 854 ﬂumen
1896 793 2097 862 coluit,

455 883 568 939 sibi
611 883 975 955 subjugavit.
1024 884 1153 949 Quo
1203 888 1471 955 tempore
1516 885 1565 938 ei
1609 884 1808 939 denuo
1851 883 1910 938 in
1953 881 2100 937 cmlo

455 971 764 1028 salutifera
809 971 911 1028 illa
962 979 1267 1028 armatura
1313 974 1611 1044 apparuit,
1655 972 2099 1043 victoriamque,

453 1075 612 1131 eam,
665 1061 835 1117 sicuti
888 1067 944 1117 et
984 1066 1163 1117 antea
1218 1062 1577 1118 conciliavit.
1635 1061 1878 1131 Templa
1922 1076 2100 1132 porro

453 1165 590 1223 quae
611 1148 833 1221 ubique
864 1153 1154 1206 terrarum
1184 1150 1520 1217 aediﬁcavit,
1551 1149 1696 1223 quid
1728 1150 1931 1205 attinet
1959 1165 2100 1204 enu-

452 1254 686 1296 merare
701 1236 730 1292 7
749 1238 1007 1293 Primum
1031 1238 1272 1310 quidem
1288 1240 1567 1294 manibus
1590 1239 1714 1310 ipse
1731 1240 1877 1304 suis,
1893 1254 2100 1309 quem-

454 1328 789 1387 admodum
817 1327 1099 1393 diximus,
1130 1329 1332 1383 Romae
1364 1328 1422 1383 in
1460 1330 1838 1384 Lateranensi
1869 1328 2097 1400 palatio

452 1416 846 1474 describendo
864 1416 1279 1472 conformavit.
1307 1417 1477 1482 Quod
1499 1433 1642 1472 sane
1664 1416 1952 1489 palatium
1971 1416 2098 1487 ipse

450 1521 695 1581 quoque
720 1504 1065 1576 ingentibus
1091 1506 1382 1577 impensis
1412 1507 1725 1575 magnifice
1752 1508 2095 1568 construxit,

450 1603 510 1653 et
558 1595 790 1651 Christo
833 1595 1105 1651 sacravit.
1162 1596 1222 1650 ln
1272 1594 1416 1651 urbe
1467 1595 1920 1658 Nicomediensi,
1965 1595 2097 1650 loco

449 1684 687 1750 illustri,
721 1682 815 1739 cui
851 1683 1108 1740 Brachia;
1148 1700 1366 1739 nomen
1404 1683 1531 1749 fuit,
1576 1684 1863 1756 templum
1895 1683 2095 1754 viginti

452 1773 705 1829 millium
759 1778 1098 1844 martyrum
1139 1772 1524 1844 splendidum
1580 1774 1874 1828 excitavxt.
1917 1773 2094 1829 Sicuti
2127 1798 2168 1852 Β

449 1862 629 1919 etiam
664 1861 990 1917 Antiochia;
1026 1865 1286 1934 κυριακὸν
1321 1878 1425 1917 seu
1458 1863 1827 1918 Dominicum
1859 1870 2099 1931 octoge-

449 1966 598 2008 num
629 1949 886 2022 Drepani
917 1950 1057 2005 item
1101 1953 1200 2021 (1),
1232 1951 1336 2006 ubi
1366 1952 1631 2021 genitum
1662 1957 1768 2016 est,
1811 1950 1872 2005 in
1912 1951 2097 2006 hono-

448 2055 576 2097 rem
608 2039 850 2095 aniani
882 2039 1160 2110 martyris
1203 2040 1520 2095 delubrum
1552 2038 1715 2095 aliud
1759 2040 2047 2095 exstruxit
2080 2056 2092 2095 :

450 2144 705 2202 eamque
735 2128 969 2197 urbem,
1004 2128 1177 2184 matri
1206 2129 1496 2185 honorem
1529 2127 1821 2196 deferens,
1853 2127 2098 2185 Heleno-

447 2218 673 2290 polium
689 2216 1158 2295 cognominavit.
1178 2217 1308 2274 Tria
1319 2233 1561 2290 quoque
1584 2217 2096 2289 Constantinopoli

446 2308 714 2365 maxima
740 2306 963 2380 templa
991 2307 1285 2363 Servatori
1312 2306 1540 2362 Christo
1571 2314 1908 2363 constructa
1934 2306 2097 2362 dedi-

446 2397 635 2455 cavit:
665 2402 884 2451 sancta:
907 2396 1142 2467 Sophia:
1163 2395 1285 2450 sive
1311 2395 1646 2466 Sapientiae,
1668 2402 1886 2451 sanctae
1904 2395 2092 2461 Pacis,

445 2490 503 2540 et
531 2487 753 2539 sanctm
784 2483 1049 2538 Virtutis.
1082 2483 1334 2553 Insuper
1364 2482 1762 2538 celeberrimis
1794 2482 2094 2554 Apostolis

2211 526 2461 577 Σκυθικὸν
2500 548 2501 551 π
2534 526 2843 589 ὑποτάσσει,
2918 532 3011 577 τοῦ
3081 532 3344 600 σωτηρίου
3419 524 3580 577 ὅπλου
3662 523 3832 577 πάλιν

2211 617 2451 685 φανέντος
2515 612 2563 665 ἓν
2615 613 2837 689 οὐρανῷ,
2896 618 2985 666 καὶ
3014 618 3107 673 τὴν
3137 619 3286 672 νίκην
3323 617 3831 687 μνηστευσαμένου,

2210 703 2349 754 καθά
2392 707 2482 754 καὶ
2525 701 2583 754 τό
2628 710 2896 776 πρότερον.
2946 707 3121 764 Nam);
3160 700 3220 756 δὲ
3259 709 3309 755 τί
3356 708 3466 777 χρὴ
3502 708 3596 754 καὶ
3628 702 3830 772 λέγειν,

2211 791 2363 851 ὅσους
2418 789 2729 862 ἁπανταχοῦ
2802 799 2902 862 γῆς
2983 790 3264 864 ἀνήγειρε;
3318 798 3520 867 Πρῶτος
3574 795 3674 863 μὲν
3739 786 3830 842 οὖν

2210 878 2351 950 αὐτῷ
2384 879 2616 943 οἰκείαις,
2673 882 2736 937 ὦς
2782 899 2843 950 γε
2890 882 3097 951 ἔφημεν,
3140 878 3394 954 διεγράφη
3443 885 3664 953 χερσὶν,
3698 880 3728 930 ὁ
3778 878 3829 931 ἐν

2210 977 2282 1038 τῷ
2348 974 2706 1043 Λατερνησίῳ,
2772 972 2937 1021 εἰτουν
2998 970 3268 1043 Παλλατίῳ
3335 978 3428 1032 τῆς
3482 976 3740 1041 Ῥώμης⁸
3797 969 3823 1019 ὂ

2211 1053 2278 1115 δὴ
2320 1062 2671 1131 Λατερνήσιον
2726 1062 2816 1110 καὶ
2856 1058 2979 1110 αὐτὸ
3019 1060 3044 1110 ὁ
3098 1059 3255 1120 αὐτὸς
3306 1057 3595 1119 πολυτελῶς
3641 1077 3701 1110 τε
3734 1061 3824 1109 καί

2209 1146 2487 1218 φιλοτίμως
2537 1143 2796 1220 ἀνήγειρε,
2844 1154 2916 1216 τῷ
2966 1155 3181 1220 Χριστῷ
3237 1147 3436 1208 ἀναθεὶς
3482 1146 3640 1202 αὐτὸ.
3703 1147 3821 1199 Ἐπὶ

2210 1230 2269 1287 δὲ
2314 1239 2482 1307 τούτῳ
2532 1243 2590 1295 τῆ
2655 1235 2796 1289 πόλει
2857 1234 3199 1309 Νικομηδέων
3252 1236 3300 1289 ἐν
3338 1244 3608 1310 περιφανεῖ
3656 1242 3816 1306 τόπῳ,

2208 1325 2263 1387 ὃς
2305 1329 2536 1399 Βραχίαι
2571 1321 2756 1383 κλῆσιν
2813 1328 2961 1398 ἑσχε,
3023 1335 3121 1377 τῶν
3166 1326 3327 1398 ἁγίων
3386 1324 3693 1399 δισμυρίων
3735 1329 3820 1377 τὸν

2206 1419 2349 1477 νεὼν,
2394 1412 2799 1488 μεγαλοπρεπῶς
2874 1412 3107 1487 ἱδρυσεν.
3182 1414 3449 1475 Ὡσαύτως
3498 1420 3596 1467 καὶ
3655 1419 3713 1466 τό
3768 1412 3816 1465 ἐν

2205 1505 2509 1573 Ἀντιοχείᾳ
2557 1503 2621 1575 τῇ
2678 1502 2822 1555 πόλει
2877 1502 3167 1574 ὁκτάγωνον
3219 1509 3489 1575 κυριακὸν.
3534 1509 3646 1557 Ναὶ
3714 1507 3813 1574 μὴν

2206 1597 2296 1643 καὶ
2341 1600 2410 1662 τῷ
2458 1594 2696 1664 Δρεπάνῳ
2731 1593 2780 1643 ἓν
2913 1597 3003 1644 καὶ
3041 1596 3362 1663 γεγέννηται,
3406 1593 3473 1653 εἰς
3515 1597 3679 1664 τιμὴν
3726 1598 3815 1644 τοῦ

2206 1687 2500 1733 Λουκιανοῦ
2576 1688 2666 1731 του
2740 1682 3028 1755 μάρτυρος,
3111 1678 3371 1753 ᾠκοδόμει
3426 1687 3549 1733 νεὼν
3618 1682 3811 1755 ἕτερον.

2205 1775 2310 1828 Τὴν
2360 1765 2419 1821 δε
2473 1768 2620 1821 πόλιν
2675 1772 2733 1820 τὸ
2789 1774 3042 1843 Δρέπανον
3095 1768 3433 1831 Ἐλενοπολιν,
3473 1775 3568 1828 τὴν
3609 1774 3811 1843 μητέρα

2204 1867 2386 1930 τιμῶν,
2446 1862 2825 1932 προσηγόρευε.
2876 1862 3013 1919 Νεώς
3086 1855 3145 1911 δὲ
3202 1867 3342 1931 τρεῖς
3395 1864 3677 1931 μεγίστους
3738 1867 3812 1929 τῷ

2207 1954 2405 2019 Σωτῆρι
2480 1954 2696 2017 Χριστῷ
2759 1946 2979 1999 ἀνετίθει
3014 1964 3027 1977 ·
3074 1950 3157 1999 τὸν
3207 1956 3303 2009 τῆς
3372 1947 3523 2018 ἁγίας
3599 1953 3806 2019 Σοφίας,

2205 2039 2292 2087 τὸν
2323 2043 2415 2096 τῆς
2442 2034 2592 2106 ἁγίας
2631 2035 2875 2108 Εἰρήνης,
2916 2040 3008 2087 καὶ
3049 2038 3133 2087 τὸν
3177 2043 3273 2097 τῆς
3317 2035 3477 2107 ἁγίας
3511 2039 3798 2107 Δυνάμιος.

2203 2121 2318 2177 Ἔτι
2371 2119 2429 2176 δε
2481 2127 2571 2175 καὶ
2638 2131 2744 2183 τοίς
2803 2127 3158 2195 πανευφήμοις
3217 2123 3549 2185 Ἀποστόλοις
3622 2126 3796 2198 ἕτερον

2206 2212 2393 2266 ἀνίστα
2424 2230 2438 2243 ’
2485 2211 2534 2265 οἳ
2565 2208 2632 2271 δὴ
2688 2211 2966 2287 ἐσύστερον
3019 2218 3149 2287 πρὸς
3188 2225 3286 2266 των
3326 2216 3502 2267 ἔπειτα
3540 2211 3796 2286 βασιλέων

2206 2303 2493 2375 φιλοτίμως
2540 2303 3060 2373 μετεσκευασθησαν.
3120 2307 3218 2356 Καὶ
3270 2310 3341 2374 τῷ
3405 2305 3520 2374 θείῳ
3563 2301 3620 2355 δε
3669 2309 3803 2356 Μω-

2204 2396 2321 2461 κίῳ,
2377 2396 2466 2442 καὶ
2525 2390 2773 2462 ’Δκακίῳ,
2828 2410 2918 2442 και
3002 2391 3326 2463 Ἀγαθονίκῳ
3381 2410 3454 2456 τε,
3511 2396 3599 2443 καὶ
3653 2393 3810 2461 Μηνᾷ

2203 2488 2307 2540 τοῖς
2331 2482 2587 2555 μάρτυσι,
2629 2478 2876 2551 φιλότιμα
2904 2482 3169 2554 μαρτύρια
3194 2476 3230 2532 δ
3235 2482 3549 2534 ιεσκεύασεν.

446 2572 738 2646 templum
761 2587 1000 2644 quoque
1031 2588 1209 2627 suum
1242 2570 1528 2627 condidit.
1568 2574 1766 2644 anue
1803 2572 2012 2627 omnia
2052 2569 2339 2641 deinceps
2383 2567 2565 2624 etiam
2607 2585 2643 2622 a
2683 2567 3136 2623 successoribus
3172 2569 3642 2641 imperatoribus
3683 2584 3811 2625 ma-

445 2661 661 2731 gniﬁce
701 2665 841 2716 sunt
877 2661 1169 2716 instructa
1211 2665 1389 2731 atque
1436 2665 1667 2715 ornata.
1722 2660 1863 2715 Divo
1906 2659 2108 2715 itidem
2154 2659 2361 2725 Mocio,
2414 2662 2471 2713 et
2502 2658 2742 2721 Acacio,
2766 2665 2822 2713 et
2867 2657 3255 2730 Agathonico,
3308 2665 3366 2714 et
3408 2660 3612 2725 Menas,
3653 2674 3811 2714 mar-

444 2749 697 2821 tyribus,
730 2748 1046 2821 splendida
1073 2748 1366 2821 martyria
1396 2764 1503 2804 seu
1534 2748 1787 2805 delubra
1812 2747 2146 2805 aediﬁcavit.

1105 2872 1334 2931 CAPUT
1366 2874 1431 2931 L.

444 2981 531 3038 De
548 2980 867 3038 structuris
891 2981 953 3036 in
982 2982 1240 3050 trajectu
1260 2980 1336 3036 ab
1361 2995 1425 3036 eo
1446 2981 1801 3037 constructis
1823 3000 1842 3037 .·
1863 2987 1916 3036 ει
1939 2981 2009 3036 de
2029 2995 2092 3037 eo

660 3053 809 3119 loco,
827 3052 929 3124 qui
944 3052 1311 3108 Sost/tenium
1334 3050 1575 3116 dicitur,
1598 3052 1867 3108 historia.

515 3158 630 3214 Sed
695 3163 755 3214 et
813 3158 1086 3229 trajectu,
1152 3163 1210 3213 et
1268 3158 1328 3212 in
1386 3158 1518 3214 loco
1567 3174 1638 3214 eo
1696 3160 1798 3231 qui
1856 3158 2085 3214 Sostheo
2121 3139 2162 3197 ε

442 3247 610 3304 nium
652 3247 732 3319 (2)
770 3250 1038 3311 vocatur,
1079 3246 1361 3301 ecclesias
1400 3248 1552 3302 duas
1590 3247 1951 3316 archangelo
1989 3246 2088 3300 Mi-

441 3336 631 3394 chaeli
661 3337 1042 3407 exstruxit(3)
1075 3352 1088 3391 :
1123 3336 1180 3389 in
1207 3336 1430 3407 quibus
1454 3335 1764 3407 splendide
1794 3352 2090 3391 exornan-

442 3424 557 3492 dis,
590 3425 669 3482 ad
711 3424 1077 3498 imperialem
1122 3424 1630 3493 magnificentiam
1671 3424 1814 3480 nihil
1854 3426 2079 3481 omisit.

440 3514 571 3571 Mihi
624 3529 765 3570 vero
823 3514 1145 3569 molestum
1213 3528 1336 3568 non
1397 3512 1584 3576 fuerit,
1638 3512 1894 3569 historiae
1952 3513 2089 3569 huic

438 3604 697 3659 inserere
717 3618 925 3658 earum
948 3608 1377 3659 structurarum
1401 3617 1668 3668 causam,
1701 3609 1755 3657 et
1779 3603 1935 3657 unde
1954 3601 2088 3658 loco

437 3693 491 3747 ei
514 3692 808 3749 Sosthenii
837 3707 1059 3748 nomen
1092 3692 1165 3746 sit
1192 3691 1560 3762 impositum.
1595 3692 1884 3748 Memoria;
1912 3707 2089 3746 nam-

434 3797 553 3851 que
584 3781 887 3852 proditum
918 3787 1022 3846 est,
1055 3783 1425 3850 Argonautas
1456 3781 1797 3835 Graecorum
1830 3795 1967 3835 cum
2009 3778 2087 3834 ab

435 3886 575 3926 eum
618 3885 863 3942 quoque
901 3869 1101 3924 locum
1141 3870 1567 3940 pervenissent,
1613 3869 1781 3941 521
1835 3866 2088 3941 praedari

435 3967 616 4031 atque
666 3958 924 4030 diripere
976 3959 1279 4027 regionem
1336 3973 1469 4013 eam
1525 3961 1776 4029 cmpisse
1836 3974 1848 4012 :
1907 3964 1964 4013 et
2010 3958 2090 4014 ad

432 4049 683 4121 Amyco,
723 4047 826 4119 qui
861 4046 941 4103 ibi
981 4062 1180 4102 rerum
1226 4053 1348 4101 tum
1390 4046 1744 4116 potiebatur,
1785 4047 1844 4102 in
1880 4046 2087 4116 fugam

431 4152 657 4203 versos,
700 4135 968 4207 palantes
998 4135 1060 4190 in
1092 4135 1422 4208 quemdam
1462 4150 1855 4191 nemorosum
1896 4141 1954 4190 et
1992 4137 2085 4191 in-

432 4225 680 4294 cultum,
704 4232 940 4297 propter
964 4224 1320 4280 densitatem
1347 4224 1655 4290 arborum,
1671 4222 1869 4279 locum
1886 4225 2086 4295 profu-

2828 2878 3070 2926 ΚΕΦΑΛ.
3100 2872 3185 2927 Ν.

2203 2982 2356 3050 Περὶ
2392 2986 2514 3031 τῶν
2554 2976 2611 3029 έν
2662 2985 2743 3047 τῷ
2799 2976 3043 3051 ἀνάπλῳ
3075 2976 3671 3051 διαπεπραγμένων
3710 2981 3805 3033 αὖ·

2199 3058 2272 3121 τῷ
2307 3068 2319 3079 ⁸
2348 3056 2455 3102 καὶ
2484 3055 2628 3123 περὶ
2667 3059 2775 3111 τῆς
2801 3054 2962 3103 κατά
2989 3056 3053 3103 τὸ
3095 3054 3446 3105 Σωσθένιον
3480 3055 3796 3125 ἱστορίας.

2270 3156 2427 3211 Ἀλλά
2482 3161 2573 3209 καὶ
2630 3156 2683 3209 έν
2738 3165 2809 3227 τῷ
2842 3157 3049 3230 ἀνάπλῳ
3105 3155 3186 3224 δε,
3245 3162 3334 3210 καὶ
3375 3160 3403 3210 ὅ
3452 3162 3725 3212 Σωσθένιον
3762 3161 3788 3210 ὁ

2197 3253 2375 3320 χῶρος
2421 3246 2606 3305 κλῆσιν
2667 3246 3009 3321 ηὐμοίρησεν,
3087 3256 3159 3319 τῷ
3213 3246 3532 3320 ἀρχαγγέλῳ
3582 3248 3787 3319 Μιχαὴλ

2198 3334 2398 3409 ἐτέρους
2443 3331 2540 3388 δύο
2569 3344 2860 3409 περιφανεῖς
2914 3341 3039 3397 νεὼς
3068 3340 3262 3408 ἤγειρε,
3322 3337 3436 3389 κατ’
3494 3334 3645 3390 οὐδέν
3696 3346 3793 3388 τῶν

2197 3424 2298 3476 ὅσα
2326 3424 2393 3485 εἰς
2418 3423 2713 3496 φιλοτιμίαν
2759 3426 2875 3483 ἣκει
2933 3422 3219 3498 βασιλικήν
3268 3424 3620 3498 λειπομένους.
3669 3426 3800 3499 Ἐγὼ

2199 3510 2258 3566 δε
2282 3512 2376 3565 οὐκ
2427 3512 2634 3571 ὀκνήσω
2676 3519 2748 3586 μὴ
2798 3521 2860 3585 τῇ
2924 3516 3131 3587 ἱστορίᾳ
3187 3516 3403 3568 ἐνθεῖναι
3456 3521 3539 3568 καὶ
3599 3519 3660 3568 τὸ
3717 3524 3807 3577 τῆς

2197 3598 2485 3673 οἰκοδομῆς
2541 3605 2707 3654 α’ίτιον
2758 3610 2848 3654 τοῦ
2903 3607 3017 3668 νεὼ,
3070 3607 3159 3655 καὶ
3209 3604 3344 3664 ὅπως
3388 3606 3678 3657 Σωσθένιον
3713 3610 3806 3665 τὴν

2197 3690 2383 3748 κλῆσιν
2436 3690 2613 3761 αὐχεῖ.
2674 3689 2973 3765 Ἰστόρηται
3026 3694 3126 3766 γὰρ
3182 3694 3247 3752 ὡς
3312 3694 3361 3744 οἱ
3398 3692 3515 3765 παρ’
3543 3692 3806 3752 Ἓλλησιν

2199 3779 2571 3850 Ἀργοναῦται,
2630 3783 2720 3831 καὶ
2750 3778 2834 3831 ἐπὶ
2878 3783 2964 3831 τὸν
3006 3779 3263 3832 ἀνάπλουν
3313 3778 3805 3855 διαπεραιούμενοι,

2197 3866 2499 3928 ληίζεσθαιε
2530 3873 2619 3920 καὶ
2659 3870 2853 3926 ταύτην
2905 3872 2999 3926 τὴν
3037 3874 3218 3943 χώραν
3259 3868 3516 3925 έπέϐαλον.
3558 3869 3808 3942 ’Δμύκον

2199 3953 2258 4009 δὲ
2294 3965 2586 4015 τηνικαῦτα
2640 3965 2972 4029 κρατοῦντος,
3035 3954 3324 4024 δείσαντες,
3356 3961 3405 4011 ἓν
3448 3978 3549 4012 τινι
3606 3962 3811 4013 κατάλ-

2198 4064 2273 4116 σῳ
2330 4050 2419 4097 καὶ
2473 4045 2637 4119 ἀγρίῳ
2682 4046 2817 4097 πάνυ
2863 4048 2918 4096 ἐκ
2980 4052 3070 4097 τοῦ
3124 4054 3221 4108 τῆς
3272 4046 3398 4107 ὕλης
3468 4046 3807 4120 ἀμφιλαφοῦς

2194 4136 2583 4206 καταφεύγουσι
2630 4134 2812 4205 τόπῲ·
2861 4135 2988 4187 ὅπου
3045 4130 3113 4193 δὴ
3176 4139 3569 4207 κρυμτομένοις,
3635 4133 3804 4189 δύνα-

2193 4243 2283 4295 μις
2330 4223 2602 4295 οὐρανόθεν
2657 4228 2997 4296 προσπτᾶσα,
3060 4223 3131 4286 εἰς
3188 4224 3425 4277 εἰκασίαν
3485 4224 3803 4298 ἀνεσταλμέ-

2191 4332 2251 4371 νη
2308 4308 2518 4384 ἀνδρός,
2588 4316 2842 4384 πτέρυγας
2899 4308 2957 4364 δε
3032 4313 3211 4385 οἷάπερ
3267 4312 3408 4374 ἀετὸς
3472 4320 3581 4376 τοῖς
3629 4318 3805 4386 ὤμοις

2190 4399 2571 4475 περιεϐέϐλητο,
2639 4404 2731 4459 τὴν
2798 4402 2931 4453 κατὰ
2979 4408 3069 4453 τοῦ
3131 4402 3363 4473 ’Δμύκου
3436 4409 3589 4462 νίκην
3635 4407 3807 4477 ἔχρη-

428 4316 586 4385 gisse
639 4333 653 4373 :
701 4313 905 4386 ibique
956 4315 1041 4369 eis
1084 4313 1473 4379 latitantibus,
1522 4313 1795 4367 virtutem
1855 4314 2083 4369 caelitus

422 4404 763 4471 advenisse,
789 4404 889 4458 viri
920 4403 1140 4473 specie,
1174 4401 1300 4457 alas
1336 4401 1515 4457 veluti
1537 4402 1753 4473 aquilae
1778 4403 1838 4456 in
1866 4402 2081 4458 hume-

420 4493 505 4548 ris
531 4492 834 4557 habentis,
859 4491 1292 4563 victoriamque
1319 4492 1608 4546 adversus
1630 4499 1921 4562 Amycum
1947 4506 2079 4547 ora-
2110 4490 2156 4545 D
2192 4509 2276 4543 σεν

425 4580 561 4637 culo
608 4581 1010 4637 denuntiasse.
1056 4579 1185 4635 Illos
1225 4596 1403 4652 porro
1433 4580 1492 4635 id
1528 4585 1783 4645 secutos,
1810 4596 1949 4635 cum
1982 4580 2079 4637 illo

421 4669 789 4735 conﬂixisse,
822 4669 1133 4725 victoriam
1166 4675 1523 4739 reportasse,
1554 4669 1757 4739 ipsum
1791 4683 1911 4725 una
1939 4685 2077 4726 cum

419 4760 611 4832 copiis
642 4761 767 4815 suis
794 4758 1149 4815 concidisse.
1186 4765 1373 4829 Atque
1406 4764 1467 4812 ut
1498 4758 1752 4827 gratiam
1789 4757 1998 4812 visioni
2024 4759 2076 4814 ei

418 4849 727 4916 referrent,
761 4847 969 4903 fanum
997 4861 1100 4903 eos
1130 4852 1187 4902 et
1212 4850 1498 4911 statuam,
1526 4861 1598 4901 ea
1622 4861 1757 4917 quae
1779 4845 1863 4901 eis
1891 4862 2078 4918 appa-

418 4945 618 4996 ruerat
659 4937 879 5002 forma,
931 4936 991 4991 in
1036 4935 1164 4991 loco
1209 4951 1281 4990 eo
1326 4936 1614 4990 excitasse
1665 4951 1679 4989 ς
1732 4950 2076 5007 nomenque

495 5046 574 5118 (ι)
609 5048 967 5118 Drepanum.
1003 5058 1107 5118 seu
1144 5044 1435 5118 Drepana,
1465 5040 1841 5118 Helenopolis
1882 5041 2064 5118 dicta.

495 5046 541 5118 (ι
609 5048 967 5116 Drepanum.
1003 5058 1107 5098 seu
1144 5046 1435 5113 Drepana,
1465 5046 1841 5113 Helenopolis
1882 5046 2064 5100 dicta.

493 5046 574 5188 (2;
603 5117 1007 5188 Sosthenium,
1039 5114 1206 5170 locus
1240 5114 1507 5184 trajectui
1539 5112 2074 5188 Constantinopoli-

424 5187 588 5266 tang,
620 5192 733 5266 qui
766 5187 1002 5266 dicitur,
1029 5188 1333 5266 e_regione
1371 5187 1710 5266 oppositus.

496 5261 572 5333 (3)
620 5255 699 5316 De
748 5260 986 5333 duobus
1033 5255 1426 5333 hiscesancti
1457 5255 1771 5333 thchaelis
1812 5255 2068 5327 templis,

417 5329 743 5402 ProcOpius
773 5329 1261 5402 Caesariensissic
1292 5330 1492 5402 scribit
1525 5344 1537 5382 :
1572 5350 1595 5379 α
1633 5330 1813 5402 Littus
1841 5336 2071 5402 utrum-

417 5419 535 5476 que
570 5399 648 5459 ad
687 5400 1259 5476 Constantinopolim
1288 5400 1584 5476 Singulari
1626 5399 2068 5476 pulchritudine

415 5470 727 5531 exornavit
779 5470 1165 5530 Justiniauus.
1220 5472 1467 5544 Templa
1524 5474 1646 5544 duo
1706 5470 2069 5544 archangelo

415 5547 703 5617 Michaeli,
747 5546 996 5602 alterum
1048 5562 1125 5617 ex
1179 5541 1431 5617 adverso
1487 5543 1671 5617 alteri,
1716 5543 1795 5597 ad
1852 5541 2068 5617 fretum

417 5612 760 5677 constructa
786 5617 969 5674 fuere.
996 5615 1262 5673 Alterum
1299 5616 1359 5672 in
1399 5615 1644 5687 regione
1676 5629 1813 5688 quas
1852 5612 2070 5671 dicitur

2330 4506 2342 4521 °
2392 4490 2442 4543 οἰ
2522 4487 2591 4548 δὴ
2653 4496 2740 4542 καὶ
2802 4489 3347 4552 κατακολουθήσαντες
3411 4502 3482 4563 τῷ
3531 4502 3802 4566 χρησμῷ,

2191 4578 2537 4652 συμϐρλόντες
2604 4577 2797 4651 ἐκείνῳ,
2874 4584 2967 4637 τὴν
3051 4585 3198 4637 νίκην
3272 4584 3490 4655 ἤραντο,
3554 4586 3652 4634 σὺν
3730 4591 3804 4655 τῷ

2189 4677 2400 4742 σαρατῷ
2451 4673 2541 4720 καὶ
2613 4673 2699 4719 τὸν
2762 4666 2999 4739 ”Αμυκον
3056 4663 3469 4742 διαφθείραντες.
3527 4672 3703 4745 Χάριν
3745 4671 3806 4726 δί

2187 4765 2248 4829 τῇ
2282 4756 2418 4828 ὄψει’
2454 4755 2829 4822 ἀποτιννύντες,
2882 4759 3014 4829 ἱερὸν
3063 4762 3153 4810 καὶ
3201 4754 3487 4833 ἀνδριάντα
3515 4768 3588 4828 τῲ
3625 4765 3805 4834 τόπῳ,

2186 4843 2397 4919 οἷόσπερ
2428 4847 2455 4898 ὁ
2504 4850 2679 4918 φανεὶς
2739 4848 2908 4918 ὤφθη,
2974 4844 3302 4912 ἐξανιστᾶσι,
3370 4850 3650 4901 Σωσθένιον
3713 4856 3806 4903 τὸν

2183 4944 2360 5011 χῶρον
2454 4937 2925 5007 κατονομάσαντες,
3031 4937 3208 5011 ὅτιπερ
3306 4938 3479 4997 σθένος
3553 4936 3805 5003 λαϐόντες

2184 5041 2485 5116 ’Δνάπλους,
2516 5041 2630 5097 hoc
2684 5047 2790 5103 est,
2850 5042 3159 5107 transitus,
3220 5043 3343 5116 sive
3392 5043 3707 5116 trajectus,
3741 5048 3807 5103 in

2183 5122 2349 5188 parte
2361 5115 2568 5169 dextra
2582 5116 2877 5188 Euxinum
2901 5121 3151 5188 pontum
3166 5114 3448 5185 navigare
3460 5114 3805 5188 incipienti,

2182 5184 2443 5240 Alterum
2470 5193 2671 5240 autem
2703 5188 2759 5239 in
2792 5185 2981 5259 littore
3009 5185 3148 5240 huic
3187 5188 3464 5257 opposito
3492 5184 3676 5259 quem
3715 5184 3805 5246 lo;

2184 5271 2322 5311 cum
2365 5257 2926 5331 veteres‘npoonutt
2953 5256 3069 5331 hoc
3102 5256 3245 5331 Aest,’
3273 5256 3801 5331 promontorium,

2182 5334 2497 5399 propterea
2514 5327 2750 5398 opiu'ior
2766 5328 2931 5399 quod
2951 5328 3190 5398 longius
3213 5345 3250 5383 a
3269 5327 3460 5384 littore
3483 5331 3540 5383 in
3563 5330 3803 5388 fretum

2181 5402 2502 5473 procurrit,
2522 5399 2917 5470 appellarunt.
2948 5401 3079 5454 Hec
3109 5399 3241 5473 ipsa
3273 5402 3496 5472 templa
3523 5399 3800 5473 impera-

2181 5480 2270 5526 tor
2297 5470 2664 5526 Justinianus
2696 5473 2748 5526 vi
2802 5473 3086 5541 temporis
3112 5470 3449 5528 deformata
3479 5470 3686 5529 denuo
3718 5490 3804 5533 ex

2176 5542 2323 5616 ipsis
2348 5542 2757 5599 fundamentis
2777 5541 3048 5610 restituit,
3074 5546 3377 5603 structura
3397 5542 3799 5606 admiranda.
