4020 6218
296 301 434 383 4329

1308 293 2282 356 ECCLESIASTIC/E‘HISTOHDE
2323 299 2455 356 LIB.
2498 300 2613 356 VII.

3508 298 3649 353 1330

294 429 399 480 insi
469 423 828 483 διεσώθησαν.
899 422 966 477 Ὀ
1026 421 1166 483 δῆτα
1240 423 1522 496 έκτύπωμα
1585 424 1720 476 κατά
1775 440 1889 474 τινα

2006 422 2231 491 regioni
2263 424 2640 485 Sosthenium
2660 429 2974 499 indidisse,
3006 429 3171 504 quod
3192 426 3410 483 scilicet
3428 421 3646 479 robore

293 521 478 591 χρείαν
507 517 561 567 -ό
616 533 951 587 πανευφημος
1000 520 1385 577 Κωνσταντῖνος
1445 510 1595 566 διιὼν
1637 513 1893 582 θεασάμε·

292 624 396 669 νος,
427 611 537 666 τοίς
587 608 705 677 περῇ
759 603 915 655 αὐτόν
966 606 1033 655 τά
1078 611 1172 665 τῆς
1215 603 1403 663 εἰκόνος
1444 600 1736 673 διήγγελλε.
1770 602 1891 653 Ἐκ-

292 694 501 764 πλαγεὶς
556 689 615 745 δὲ
674 696 761 745 τόν
817 700 1013 766 χῶρον,
1064 701 1135 763 τῷ
1180 696 1322 764 τόπῳ
1377 696 1696 765 παρέμεινεν.
1747 689 1889 743 Ἐπεὶ

293 779 353 836 δὲ
382 786 468 834 καὶ
504 783 666 835 ύπνου
720 782 886 834 ἐκάλει
938 785 1132 857 καιρός,
1178 781 1442 834 ἐπιστᾶσα
1470 780 1594 852 όφις
1622 780 1693 840 εἰς
1736 778 1891 851 ἓμφέ-

289 890 431 947 ρειαν
469 879 562 924 τοῦ
617 870 931 943 ἀγάλματος,
986 871 1137 941 Ἐγώ
1195 871 1344 943 εἰμι,
1406 872 1585 941 ἔλεγεν,
1647 870 1884 921 ούτωσὶ

292 961 552 1032 Μιχαὴλ
601 962 627 1011 6
696 959 1239 1033 ἀρχιστράτηγος
1316 964 1558 1031 Κυρίου
1626 955 1885 1010 Σαϐαὼθ

288 1058 409 1102 τῶν
471 1046 824 1122 δυνάμεων,
880 1050 905 1101 6
972 1057 1084 1109 τῆς
1141 1054 1548 1121 Χριστιανῶν
1616 1052 1886 1106 πίστεως

289 1141 515 1214 ἔφορος
542 1156 553 1168 ⁸
588 1140 613 1190 6
654 1143 764 1190 καὶ
812 1142 912 1190 σοὶ
946 1143 1354 1199 συνασπίσας
1388 1140 1550 1190 κατά
1585 1145 1704 1189 τῶν
1739 1133 1888 1189 δυσ-

291 1228 487 1281 σεϐῶν
537 1222 859 1303 τυράννων
909 1227 1335 1300 ἀνισταμένῳ,
1394 1229 1498 1280 οἶα
1546 1224 1622 1285 δὴ
1676 1232 1885 1295 πιστῷ

290 1322 396 1370 καὶ
426 1322 671 1390 γνησίῳ
711 1316 955 1370 ἐκείνου
999 1318 1364 1387 θεράποντι.
1395 1318 1674 1390 Διεγερθεὶς
1694 1320 1883 1380 τοίνυν,

288 1408 376 1458 τόν
407 1414 581 1477 χῶρον
630 1408 756 1480 πρός
793 1408 852 1457 τὸ
883 1405 1272 1480 εύσχημότερον
1320 1404 1716 1480 μετερῥύθμισε,
1758 1406 1887 1476 πρός

290 1494 355 1546 ἔω
388 1495 765 1569 θυσιαστήριον
819 1493 989 1556 πήξας
1028 1492 1279 1566 βασιλικῇ
1313 1498 1403 1545 καὶ
1441 1493 1690 1566 φιλοτίμῳ
1718 1496 1884 1564 χειρὶ,

289 1581 677 1655 ἐπισημότατον
732 1580 800 1641 δὴ
851 1582 1079 1653 μάλιστα
1119 1587 1208 1635 καὶ
1247 1583 1426 1643 ἀστοῖς
1454 1586 1542 1634 καὶ
1573 1581 1731 1644 ξένοις
1762 1580 1887 1633 ἀπο-

291 1677 452 1743 φήνας
502 1675 558 1723 τό
606 1675 831 1742 τέμενος.
884 1675 1141 1729 Πεποίηκε
1189 1667 1248 1723 δὲ
1295 1671 1421 1723 αύτό
1462 1670 1692 1742 μάλιστα
1729 1669 1886 1742 ἐκφα-

289 1765 532 1813 νέστατον
584 1767 696 1821 ταῖς
752 1759 936 1813 ἑαυτοῦ
988 1759 1301 1832 ἐπιφανείαις
1348 1762 1373 1812 6
1433 1760 1884 1834 ἀρχιστράτηγος.
1920 1778 1964 1832 Β

293 1845 485 1910 Οὐδεὶς
530 1850 632 1923 γὰρ
693 1853 989 1921 περιπετείᾳ
1045 1845 1212 1921 δεινῇ,
1272 1849 1301 1908 ἣ
1373 1848 1583 1921 ἀφύκτῳ
1639 1844 1885 1920 κινδύνῳ,

293 1941 323 1996 ἣ
362 1940 516 1990 πάθει
565 1937 836 2009 ἀγνώστῳ,
882 1939 912 1997 ἢ
955 1943 1044 1991 καὶ
1084 1937 1308 1998 ἀνιάτοις
1360 1944 1533 2000 νόσοις
1576 1942 1884 2010 περιπεσὼν,

290 2026 513 2080 ἰνταῦθα
565 2027 831 2099 εὐξάμενος
878 2034 949 2097 τῷ
991 2035 1125 2097 Θεῷ,
1167 2031 1261 2080 ούκ
1308 2026 1362 2079 ἐκ
1403 2034 1494 2079 τοῦ
1543 2028 1741 2101 ῥᾴστου
1794 2030 1889 2083 τὴν

292 2114 595 2188 ἀπαλλαγὴν
661 2117 864 2192 εὕρατο.
928 2114 1181 2188 Ἀκριϐῶς
1239 2121 1328 2169 καὶ
1384 2119 1486 2190 γὰρ
1545 2121 1889 2169 πεπίστευται

293 2203 475 2258 ἐνθάδε
531 2204 889 2277 ἐπιφαίνεσθαι
943 2204 1165 2277 Μιχαὴλ
1222 2209 1309 2258 τόν
1354 2208 1486 2258 θεῖον
1535 2204 1886 2278 ἀρχάγγελον,

293 2299 383 2346 καὶ
417 2294 624 2368 ἰάσιμον
659 2298 746 2346 τόν
770 2303 946 2369 χῶρον
982 2302 1163 2349 ποιεῖν.
1220 2295 1297 2347 Οό
1335 2296 1497 2367 χάριν
1544 2300 1633 2346 καὶ
1665 2298 1889 2366 Μιχαή-

292 2382 397 2435 λιον
445 2385 471 2435 ό
524 2388 674 2445 το⁸πος
718 2392 827 2446 τοίς
874 2382 1121 2456 ἀρχαίοις
1173 2385 1468 2456 ὠνόμαστο.
1506 2390 1571 2436 Ὅ
1615 2379 1668 2436 δ’
1698 2382 1887 2436 ἐπυθό-

292 2492 395 2544 μην
453 2472 552 2545 ἐγὼ
608 2473 665 2525 ἔκ
719 2472 943 2525 παλαιοῦ
1002 2473 1270 2549 Προϐιανῷ
1324 2475 1635 2545 γεγενῆσθαι
1685 2481 1758 2544 τῷ
1813 2472 1886 2524 έν-

289 2564 645 2638 ταῦθαχώρῳ,
681 2562 856 2636 ἰατρός
897 2559 947 2615 δ’
974 2560 1035 2621 ἦν
1077 2563 1223 2624 οὗτος
1251 2572 1350 2616 τῶν
1392 2562 1440 2614 ἐν
1470 2569 1576 2623 τοίς
1602 2559 1887 2634 βασιλείοις

294 2656 730 2723 στρατευομένων,
789 2652 907 2725 ἐρῶ.
968 2655 1129 2706 Πάθει
1174 2654 1277 2726 γάρ
1321 2652 1472 2714 οὗτος
1520 2650 1671 2712 ἀλούς
1726 2650 1888 2723 χαλε-

293 2748 374 2811 πῷ
431 2737 609 2792 ποδῶν
674 2739 1008 2813 ὀδυνωμένων
1052 2743 1214 2811 αύτῷ,
1274 2750 1345 2813 τῷ
1399 2738 1744 2814 διεστράφθαι
1794 2742 1889 2803 τάς

292 2829 536 2902 ἁρμονίας
591 2833 769 2901 χρόνω
820 2830 1016 2900 πολλῷ,
1066 2830 1285 2883 ἐνταῦθα
1330 2827 1396 2889 δὴ
1450 2834 1732 2901 γενόμενος,
1778 2832 1889 2903 θείᾳ

293 2919 409 2989 ὄψει
452 2926 544 2971 τοῦ
584 2920 784 2980 πάθους
840 2921 1022 2971 θᾶττον
1076 2919 1423 2978 ἀπήλλακται.
1472 2919 1612 2972 Ἐπεὶ
1656 2915 1706 2971 δ’
1748 2918 1890 2977 ἑλλη-

292 3012 445 3068 νίζων
503 3010 566 3060 τὰ
625 3009 849 3081 ἡμέτερα
902 3009 1292 3072 κατησπάζετο,
1363 3011 1427 3060 τά
1472 3010 1569 3080 μὲν
1621 3007 1752 3060 ἄλλα
1796 3017 1888 3071 τῆς

296 3097 593 3167 θρησκείας,
648 3097 834 3166 ἔλεγεν,
889 3094 1214 3168 ἀμωσγέπως
1255 3098 1448 3148 πιθανά
1493 3115 1550 3167 γε
1602 3092 1732 3148 εἶναι
1789 3093 1888 3149 δο-
1923 3133 1962 3187 C

293 3191 410 3235 κεί·
481 3182 708 3247 ἀπηξίου
764 3187 823 3255 γέ
877 3188 979 3258 μὴν
1041 3187 1257 3256 πάμπαν
1324 3186 1641 3257 προσίεσθαι
1726 3188 1889 3236 αἴτιον

297 3277 561 3344 σωτηρίας
614 3276 855 3344 γενέσθαι
930 3276 1017 3325 τόν
1097 3275 1228 3325 θεῖον
1296 3277 1539 3346 σταυρόν.
1630 3272 1780 3326 Οὕτω
1830 3270 1888 3325 δε

292 3367 501 3433 γνώμης
553 3364 732 3432 ἔχοντι
777 3361 1060 3436 σφαλερῶς,
1104 3361 1369 3415 ἐπιστᾶσα
1419 3361 1539 3434 ὄψις
1580 3367 1793 3434 σημεῖόν
1836 3381 1887 3413 τι

296 3453 577 3524 σταυρικόν
669 3447 955 3514 ἑπεδείκνυ,
1028 3458 1123 3511 τῆς
1199 3450 1389 3511 ὶκείνης
1481 3450 1764 3513 ἐκκλησίας
1817 3459 1889 3522 τῷ

298 3541 415 3610 ἱερῷ
474 3541 835 3609 θυσιαστηρίῳ
882 3537 1250 3608 ἀνακείμενον·
1310 3536 1609 3613 διαρρήδην
1669 3559 1722 3592 τε
1771 3539 1890 3593 ἀπε-

297 3632 518 3700 φαίνετο,
574 3625 660 3698 ἀφ’
708 3623 767 3678 οὗ
826 3630 1055 3697 Χριστὸν
1088 3629 1473 3698 σταυρωθῆναι,
1524 3636 1624 3679 τῶν
1678 3630 1777 3681 ὅσα
1821 3629 1890 3691 εἰς

301 3720 479 3772 ὄνησιν
512 3723 602 3768 τοῦ
633 3723 732 3767 τῶν
779 3714 1059 3789 ἀνθρώπων
1106 3719 1303 3784 γένους,
1354 3722 1497 3786 κοινῇ
1552 3734 1605 3766 τε
1656 3721 1745 3768 καὶ
1778 3713 1894 3789 ἰδίᾳ

301 3803 512 3876 ἐγένετο,
572 3801 740 3877 μηδέν
794 3824 846 3857 τι
905 3803 1048 3866 τέλος
1085 3806 1256 3855 αἶσιον
1308 3810 1459 3875 σχεῖν
1499 3799 1640 3876 δίχα
1676 3813 1765 3865 τῆς
1800 3812 1894 3857 τοῦ

297 3892 589 3966 σεϐασμίου
646 3893 799 3956 ξύλου
851 3895 1038 3945 τούτου
1095 3888 1361 3963 δυνάμεως
1400 3891 1519 3963 μήτ’
1553 3895 1601 3945 ὲν
1633 3890 1890 3964 ἀγγέλοις,

293 3982 410 4055 μήτ’
463 3982 512 4035 ἐν
542 3990 649 4044 τοῖς
698 3982 874 4044 καλοῖς
928 4000 981 4034 τε
1036 3985 1124 4033 καὶ
1180 3979 1415 4052 ἀγαθοῖς,
1459 3985 1548 4033 καὶ
1601 3982 1746 4042 ὅσοις
1795 3991 1892 4034 τῶν

294 4069 496 4145 ἀνδρῶν
554 4076 612 4124 τὸ
673 4071 897 4144 θεοφιλὲς
961 4072 1376 4144 μεμαρτύρηται.
1430 4072 1485 4123 Ὀ
1541 4066 1601 4123 δὲ
1657 4072 1892 4143 πειθόμε-

293 4181 378 4222 νος
432 4160 787 4233 μετεϐέϐλητο.
843 4167 1022 4213 Ταύτα
1078 4163 1189 4233 μὲν
1263 4160 1467 4223 οὕτως·
1540 4167 1709 4213 κεῖται
1763 4156 1812 4212 δ’
1866 4161 1892 4211 6

293 4258 464 4324 χῶρος
516 4251 664 4312 οὗτος
714 4249 761 4301 ἐν
820 4246 969 4320 δεξιᾴ
1022 4249 1078 4301 ἐκ
1118 4254 1314 4302 Πόντου
1355 4250 1421 4310 εἰς
1477 4251 1892 4305 Κωνσταντινού-

296 4337 440 4389 πολιν
489 4339 850 4402 καταπλέοντι,
935 4335 1156 4399 διεστὼς
1229 4347 1301 4409 τῷ
1374 4338 1608 4403 πλωτῆρι
1661 4338 1793 4410 ἀμφὶ
1845 4338 1890 4391 λ’

298 4423 495 4478 στάδια
545 4432 632 4480 καὶ
668 4427 698 4480 ε’
733 4446 746 4458 '
798 4423 1156 4497 ἑϐδομήκοντα
1195 4423 1254 4478 δὲ
1308 4431 1397 4477 καὶ
1435 4430 1565 4499 πρὸς
1606 4426 1777 4497 κύκλῳ
1808 4444 1893 4479 πεο

295 4510 588 4586 ριοδεύοντι
637 4520 721 4586 τόν
798 4514 893 4569 διὰ
960 4519 1122 4587 μέσου
1174 4515 1431 4589 πορθμόν.
1498 4520 1600 4574 Τῆς
1655 4517 1779 4576 ἴσης
1831 4511 1891 4568 δι

295 4604 514 4676 χάριτος
566 4609 775 4676 μετέχει
822 4610 911 4657 καὶ
962 4606 987 4656 6
1035 4607 1082 4656 iv
1121 4612 1192 4675 τῷ
1223 4602 1432 4675 ἀνάπλῳ
1479 4611 1571 4655 τοῦ
1625 4602 1892 4677 ἀρχαγγέ-

292 4691 384 4745 λου
412 4698 552 4755 νεώς.
605 4695 670 4745 Oi.
722 4690 772 4746 δ’
803 4692 1150 4769 Ἀργοναῦται
1203 4702 1274 4763 τῷ
1325 4692 1540 4765 Εὐξείνῳ
1569 4692 1887 4766 προσϐαλόν-

293 4802 395 4847 τες,
473 4786 559 4835 τόν
630 4783 831 4842 Αἰήτην
897 4787 1166 4857 φεύγοντες
1247 4778 1341 4835 διὰ
1409 4785 1467 4833 τό
1519 4783 1888 4855 χρυσόμαλλον

294 4869 465 4948 δέρας,
509 4872 569 4924 ού
609 4875 695 4924 τόν
739 4873 895 4925 ἀύτόν
956 4871 1247 4933 ἐπανιόντες
1297 4875 1608 4928 πεποίηνται
1639 4891 1651 4903 ·
1695 4877 1788 4930 τὴν
1828 4869 1889 4926 δε

292 4963 419 5035 ὑπὲρ
504 4964 703 5022 Σκύθας
780 4964 1145 5033 περαιωθέντες
1235 4960 1526 5027 θάλασσαν,

291 5046 423 5123 τῇδε
471 5060 733 5122 ποταμῶν,
802 5051 874 5113 εἰς
925 5054 991 5103 τά
1055 5050 1258 5104 Ἰταλῶν
1334 5051 1453 5122 ὅρια
1531 5052 1883 5120 παρεγένοντο.

291 5139 454 5193 Ἐνθα
518 5144 1054 5212 παρακεχειμακότες,
1129 5140 1293 5211 Ἦμον
1387 5137 1661 5209 λεγομένην
1733 5136 1880 5190 πόλιν

292 5227 604 5286 ἀνέστησαν.
664 5232 862 5303 Θέρους
914 5225 974 5280 δί
1030 5228 1408 5300 ἐπιγενομένου,
1472 5225 1886 5302 συμπραξάντων

292 5325 392 5370 τῶν
435 5315 751 5389 ἐπιχωρίων,
805 5323 1069 5389 μηχαναῖς
1120 5336 1258 5369 τισιν
1310 5316 1538 5379 ἕλκοντες
1586 5320 1680 5374 τὴν
1711 5315 1887 5389 Ἀργὼ

295 5402 389 5458 διὰ
416 5412 532 5476 γῆς,
583 5404 708 5479 ἀμφὶ
763 5410 1083 5480 τετρακόσια
1116 5402 1313 5458 στάδια
1362 5408 1446 5458 ἐπὶ
1493 5408 1580 5457 τὸν
1629 5407 1885 5476 ποταμὸν,

293 5495 346 5556 ὃς
393 5493 610 5556 Ἀκυλις
666 5496 821 5565 ἔσχεν
879 5498 1056 5565 ὄνομα,
1117 5494 1315 5565 ἦγαγον
1348 5511 1360 5524 ⁸
1395 5496 1450 5556 ὃς
1494 5501 1567 5565 τῷ
1620 5489 1885 5565 Ἠριδανῷ

296 5582 599 5657 συμϐάλλει.
649 5582 709 5636 ’0
766 5579 815 5636 δ’
875 5581 1155 5659 Ἠριδανός
1210 5583 1277 5645 εἰς
1330 5586 1421 5643 τὴν
1472 5585 1608 5636 κατά
1650 5581 1881 5646 Ἰταλοὺς

1614 4956 1710 5012 ὃιά
1790 4970 1887 5013 τῶν

1924 4486 1969 4541 D

2001 509 2085 565 ibi
2125 518 2369 584 accepto
2407 515 2555 571 salvi
2593 518 2939 575 evasissent.
2981 522 3122 575 Eam
3157 521 3418 574 statuam
3446 509 3647 567 lauda-

2001 599 2267 656 tissimus
2293 602 2570 675 princeps
2599 607 3041 679 Constantinus,
3063 623 3201 663 cum
3230 606 3287 660 in
3311 617 3445 658 eam
3472 614 3644 655 oram

1998 690 2338 744 necessaria
2369 691 2443 745 de
2483 709 2663 750 causa
2693 696 2990 752 divertens
3028 697 3296 759 vidisset,
3336 686 3645 748 familiari-

1998 777 2111 832 bus
2138 780 2574 854 comitibusque
2597 786 2720 840 suis
2746 801 2870 841 rem
2899 786 3077 843 talem
3109 781 3421 856 exposuit:
3456 775 3645 847 regio-

1998 880 2257 938 nemque
2287 885 2420 924 eam
2449 887 2584 926 cum
2617 878 2860 943 stupore
2885 875 3239 933 admiratus,
3270 870 3351 926 ibi
3384 865 3634 924 mansit.

2001 956 2207 1011 Somni
2248 973 2427 1028 porro
2456 961 2732 1031 capiendi
2761 969 3026 1035 tempore
3053 963 3336 1019 assistens
3365 957 3448 1013 illi
3488 954 3643 1010 visio

1998 1050 2205 1100 statum
2248 1045 2376 1116 ejus
2432 1048 2818 1107 similitudine
2861 1068 2875 1108 :
2916 1053 3065 1121 Ego,
3120 1049 3332 1123 inquit,
3377 1047 3461 1102 sic
3511 1058 3639 1099 sum

1997 1133 2253 1191 Michael
2267 1136 2549 1206 magister
2562 1138 2640 1194 mi
2645 1140 2784 1196 litize
2808 1142 3041 1197 Domini
3060 1138 3315 1197 Sabaoth
3333 1137 3642 1199 virtutum.

2001 1222 2482 1281 Christianorum
2519 1227 2657 1294 ﬁdei
2684 1233 2844 1284 tutor
2869 1247 2888 1294 ;
2928 1230 3025 1302 qui
3056 1229 3166 1285 tibi
3195 1229 3404 1284 contra
3430 1219 3643 1290 impios

2000 1319 2283 1380 tyrannos
2323 1313 2721 1385 belligeranti,
2755 1319 2923 1385 ﬁdeli
2951 1323 3004 1374 et
3032 1319 3247 1374 dilecto
3276 1315 3438 1371 illius
3467 1310 3643 1366 mini-

1997 1408 2141 1467 stro,
2165 1402 2495 1458 auxiliaria
2514 1419 2685 1462 arma
2708 1408 2954 1463 contuli.
2978 1408 3185 1480 Itaque
3204 1421 3235 1461 e
3258 1414 3473 1459 somno
3486 1398 3644 1456 exci-

1999 1495 2172 1556 tatus,
2208 1493 2511 1562 regionem
2551 1511 2685 1550 eam
2717 1496 3112 1567 pulcherrime
3142 1493 3419 1556 excoluit,
3451 1495 3510 1546 et
3536 1503 3643 1545 ara

1997 1579 2306 1652 imperiali,
2353 1582 2798 1656 magniﬁcaque
2848 1600 3032 1641 manu
3081 1590 3137 1640 et
3182 1580 3533 1639 liberalitate
3579 1577 3641 1632 in

2001 1673 2162 1738 parte
2194 1666 2469 1725 Orientali
2504 1678 2868 1739 constructa,
2909 1672 3366 1729 celeberrimum
3396 1667 3455 1722 id
3496 1672 3642 1722 tem-

1998 1755 2166 1827 plum
2203 1757 2434 1813 civibus
2473 1760 2648 1816 simul
2689 1767 2746 1816 et
2784 1762 3033 1818 advenis
3072 1760 3348 1817 reddidit.
3388 1755 3642 1812 Maxime

1997 1850 2196 1900 tamen
2223 1862 2457 1903 sacram
2485 1864 2618 1904 eam
2649 1850 2841 1907 aedem
2865 1849 3345 1924 apparitionibus
3367 1846 3492 1903 suis
3515 1844 3644 1901 illu-

1998 1935 2205 1990 stravit
2246 1936 2663 2007 archangelus.
2705 1940 2912 1995 Nullus
2950 1940 3109 1995 enim
3149 1937 3312 2012 gravi
3351 1934 3643 2009 quopiam

1997 2038 2163 2089 casu,
2196 2030 2300 2079 aut
2327 2024 2690 2083 ineluctabili
2719 2014 3004 2100 periculo,
3039 2031 3143 2084 aut
3172 2024 3525 2098 (egritudine
3556 2021 3643 2078 in-

1999 2112 2255 2180 cognita,
2290 2113 2502 2169 morbo
2532 2113 2791 2186 denique
2822 2115 3136 2172 incurabili
3175 2114 3640 2177 circumventus,

1999 2201 2101 2272 qui
2131 2200 2211 2256 ibi
2242 2204 2424 2257 Deum
2456 2218 2635 2260 orans
2661 2203 3091 2276 imploraverit,
3118 2219 3240 2260 non
3267 2201 3441 2259 facile
3461 2214 3642 2272 opem

1997 2296 2052 2345 et
2081 2290 2365 2345 auxilium
2392 2292 2635 2348 invenit.
2669 2295 2735 2348 Et
2765 2300 2923 2349 certo
2952 2294 3094 2350 satis
3125 2292 3402 2355 creditur,
3433 2288 3642 2346 divum

1996 2378 2335 2436 Michaelem
2352 2372 2779 2451 archangelum
2796 2397 3081 2455 apparere
3107 2382 3187 2437 ibi
3205 2379 3467 2448 solitum,
3489 2376 3644 2434 salu-

1996 2468 2231 2523 tiferam
2263 2483 2401 2524 eum
2431 2468 2662 2525 efﬁcere
2691 2469 2889 2526 locum
2933 2488 2947 2526 :
2980 2471 3152 2542 cujus
3186 2470 3272 2526 rei
3311 2467 3522 2539 gratia,
3564 2464 3643 2522 ab

1998 2558 2258 2631 antiquis
2289 2560 2465 2615 etiam
2506 2560 2875 2617 Michaelium
2907 2568 2995 2617 est
3022 2566 3292 2618 vocatus.
3338 2558 3453 2616 Sed
3481 2558 3644 2614 enim

1996 2648 2162 2721 quod
2202 2649 2529 2720 antiquitus
2567 2665 2636 2705 eo
2675 2649 2806 2706 loco
2847 2650 3142 2706 Probiano
3181 2648 3495 2713 accidisse,
3536 2645 3643 2719 qui

1998 2736 2266 2792 medicus
2296 2737 2355 2791 in
2384 2737 2765 2808 imperatoria
2793 2739 3036 2801 cohorte
3077 2737 3366 2803 militavit,
3410 2734 3637 2800 audivi,

1996 2826 2220 2881 dicam.
2253 2825 2426 2881 Gravi
2457 2826 2506 2880 is
2534 2835 2841 2900 correptus
2871 2832 2995 2884 erat
3023 2827 3254 2893 morbo,
3289 2836 3361 2881 ex
3385 2823 3643 2898 pedibus

1998 2916 2327 2972 admodum
2368 2914 2676 2984 laborans,
2713 2916 3008 2987 juncturis
3048 2914 3645 2985 connexionibusque

1998 3019 2207 3060 eorum
2231 3002 2411 3074 longo
2451 3008 2717 3074 tempore
2746 3004 3029 3060 distortis.
3073 3006 3365 3060 Caeterum
3405 3002 3644 3072 aegritu-

1997 3092 2136 3148 dine
2167 3091 2288 3157 tali,
2329 3092 2556 3147 visione
2585 3092 2788 3149 divina
2816 3093 2875 3148 in
2908 3107 2979 3148 eo
3012 3093 3235 3164 templo
3274 3107 3521 3164 prorsus
3550 3094 3645 3147 est

1997 3181 2299 3238 liberatus.
2360 3181 2463 3236 Hic
2510 3197 2709 3253 porro,
2762 3182 2928 3255 quod
2974 3182 3182 3238 Graeca
3229 3179 3645 3252 superstitione

1996 3271 2286 3337 imbutus,
2309 3270 2386 3327 ad
2412 3270 2811 3328 Christianam
2846 3270 3129 3343 pietatem
3157 3269 3493 3335 transierat,
3526 3268 3649 3325 alia

1998 3359 2244 3433 quidem
2276 3360 2579 3431 religionis
2608 3366 2824 3417 nostra;
2853 3359 3310 3434 quodammodo
3338 3357 3648 3415 credibilia

1999 3454 2178 3521 atque
2208 3449 2546 3521 probabilia
2575 3465 2710 3505 esse
2740 3451 2979 3506 dicebat
3009 3466 3023 3505 :
3062 3449 3234 3521 522
3266 3450 3513 3504 Crucem
3543 3462 3650 3501 au-

2003 3543 2117 3593 tem
2165 3537 2431 3593 divinam
2475 3538 2682 3594 salutis
2731 3555 2981 3595 causam
3033 3553 3186 3602 esse,
3232 3535 3481 3592 omnino
3520 3548 3645 3590 non

1999 3625 2376 3681 admittebat.
2410 3632 2599 3699 Atque
2630 3628 2689 3680 in
2730 3627 2844 3682 hac
2876 3626 2957 3682 illi
2990 3625 3285 3681 sententia
3315 3621 3646 3697 periculose

1999 3714 2143 3769 satis
2171 3717 2593 3784 perseveranti,
2627 3714 2967 3786 archangeli
2997 3715 3149 3771 visio
3175 3714 3486 3776 assistens,
3516 3728 3646 3768 cru-

1999 3805 2085 3860 cis
2115 3803 2378 3872 signum,
2405 3803 2569 3874 quod
2596 3804 2652 3858 in
2679 3803 3140 3859 sacroecclesiaa
3173 3804 3303 3872 ejus
3333 3801 3502 3857 altari
3530 3800 3648 3858 col-

1999 3893 2259 3948 locatum
2284 3892 2494 3954 fuerat,
2514 3891 2783 3947 exhibuit
2812 3908 2825 3944 :
2854 3892 3211 3963 disertisque
3236 3891 3435 3947 verbis
3456 3894 3649 3946 osten-

1999 3981 2106 4046 dit,
2137 3996 2209 4037 ex
2237 3996 2359 4052 quo
2388 3986 2650 4052 tempore
2674 3981 2937 4037 Christus
2962 3982 3033 4037 sit
3055 3979 3395 4045 cruciﬁxus,
3418 3978 3648 4037 nullam

1999 4085 2127 4125 esse
2158 4086 2284 4125 rem
2309 4084 2443 4140 quas
2470 4067 2746 4139 opitulari
2772 4069 2973 4139 generi
2992 4068 3262 4124 humano
3290 4068 3569 4140 privatim
3591 4072 3649 4124 et

1998 4157 2223 4229 public,
2273 4158 2574 4228 ﬁnemque
2617 4156 2885 4213 debitum
2926 4162 2982 4214 et
3018 4156 3293 4215 effectum
3332 4156 3643 4229 consequi,

1998 4249 2224 4319 absque
2253 4247 2573 4301 venerandi
2599 4246 2779 4317 hujus
2808 4246 2954 4316 ligni
2984 4248 3192 4302 virtute
3223 4246 3427 4318 possit,
3451 4261 3648 4318 neque

1998 4337 2164 4409 apud
2193 4335 2462 4405 angelos,
2495 4350 2692 4406 neque
2722 4333 2888 4405 apud
2927 4335 3058 4405 pios
3098 4340 3477 4407 sanctosque,
3517 4334 3648 4406 qui-

1999 4441 2237 4498 cunque
2269 4425 2386 4479 veri
2419 4424 2479 4479 in
2514 4424 2695 4478 Deum
2729 4422 2951 4479 amoris
2983 4423 3385 4479 testimonium
3418 4417 3649 4482 obtine-

1999 4521 2147 4578 rent,
2208 4512 2503 4569 homines.
2564 4514 2691 4578 Qua
2743 4512 3132 4583 persuasione
3191 4512 3491 4567 saniorem
3549 4512 3647 4570 ille

2002 4608 2259 4660 mentem
2304 4601 2541 4674 recepit.
2578 4604 2706 4658 Haec
2744 4602 3052 4658 hactenus.
3084 4601 3199 4657 Ora
3246 4606 3448 4656 autem
3494 4600 3647 4672 hinc,

2000 4692 2076 4747 ad
2116 4691 2390 4745 dextram
2429 4693 2681 4760 partem,
2726 4705 2796 4745 ex
2840 4690 3025 4745 Ponto
3068 4688 3646 4762 Constantinopolim

1999 4780 2329 4850 naviganti,
2366 4780 2651 4845 consistit,
2689 4778 2920 4835 circiter
2956 4778 3151 4834 stadia
3193 4778 3435 4848 triginta
3473 4779 3648 4836 duin-

1998 4886 2115 4943 qne
2171 4868 2249 4924 ab
2294 4883 2383 4930 ea.
2446 4868 2743 4924 maritimo
2786 4867 3038 4923 itinere:
3087 4868 3467 4938 septuaginta
3504 4884 3646 4926 vero

1996 4960 2241 5029 insuper
2270 4956 2525 5029 pedibus
2563 4955 2801 5023 fretum,
2837 4956 3000 5027 quod
3040 4961 3103 5011 ln
3140 4955 3341 5011 medio
3382 4963 3488 5022 est,
3533 4957 3648 5014 cir-

1997 5047 2298 5103 cumeunti
2325 5045 2576 5100 distans.
2597 5045 2877 5101 Eamdem
2901 5045 3016 5100 vim
3043 5049 3098 5100 et
3124 5043 3379 5115 gratiam
3401 5061 3645 5118 quoque

1996 5135 2177 5192 habet
2205 5133 2547 5204 archangeli
2588 5132 2928 5198 delubrum,
2968 5132 3123 5205 quod
3166 5133 3226 5189 in
3267 5134 3423 5204 ipso,
3459 5149 3645 5205 quem

1996 5225 2274 5288 diximus,
2306 5224 2555 5294 trajectu
2581 5227 2688 5278 est.
2718 5222 3239 5278 Verumenimvero
3261 5226 3644 5293 Argonautas,

1999 5321 2061 5370 ut
2092 5316 2151 5370 in
2183 5317 2432 5369 Pontum
2466 5312 2758 5368 Euxinum
2790 5326 3132 5383 pervenere,
3168 5312 3368 5368 (Etem
3400 5315 3647 5384 propter

1997 5403 2182 5460 vellus
2203 5418 2455 5459 aureum
2484 5401 2781 5471 direptum
2804 5399 3115 5470 fugientes,
3141 5415 3263 5455 non
3283 5399 3497 5456 eadem
3523 5416 3649 5474 qua

1996 5493 2158 5566 prius
2199 5492 2289 5546 usi
2330 5496 2500 5547 erant
2528 5489 2928 5559 navigatione,
2960 5489 3021 5545 in
3051 5489 3337 5546 Graeciam
3369 5489 3595 5547 rediere
3627 5509 3644 5546 :

1993 5582 2099 5641 sed
2126 5582 2281 5639 mari
2317 5581 2483 5654 quod
2509 5594 2695 5653 supra
2730 5577 2979 5651 Scythas
3007 5583 3095 5636 est
3124 5579 3500 5647 transmisso,
3540 5595 3648 5655 per
