4020 6218
281 255 416 316 1331

1581 253 1626 309 N
1633 253 1836 312 lCEPH
1843 249 1968 308 0R1
2007 247 2329 306 CALLISTI

3499 243 3648 302 1332

277 379 532 438 ﬂumina
547 378 776 454 quaaibi
793 381 932 436 sunt
947 377 1025 435 ad
1043 377 1220 436 Italia:
1243 378 1390 436 ﬁnes
1409 379 1697 452 appulere
1716 397 1730 434 :
1747 383 1928 452 atque

2055 375 2316 428 9α’).ασσαν
2365 377 2456 440 τὰς
2512 375 2726 440 ἐκϐολὰς
2772 379 2905 451 ἔχει,
2951 383 3133 430 Ταῦτα
3161 377 3249 447 μὶν
3301 373 3491 432 οὕτως.
3529 377 3652 424 Mu-

277 471 362 526 ibi
385 470 812 542 hyhernantes,
847 471 1056 524 Emum
1084 469 1161 540 (Ι)
1189 469 1480 541 oppidum
1509 467 1924 524 condiderunt.

277 559 499 616 Estate
520 557 736 616 deinde
757 557 1050 630 proxima,
1075 557 1501 628 adjuvantibus
1521 559 1648 628 ejus
1671 557 1929 627 regionis

279 648 512 715 incolis,
541 645 837 704 machinis
863 645 1224 718 quibusdam
1251 651 1405 716 Argo
1433 662 1648 702 navem
1676 647 1750 701 ad
1783 661 1932 718 qua-

280 738 598 808 dringenta
637 735 836 792 stadia
864 739 1022 792 terra
1066 735 1386 800 trahentes,
1434 736 1510 792 ad
1549 735 1794 791 ﬂuvium
1837 735 1930 790 cui

281 825 480 900 Acylis
531 840 754 882 nomen
817 828 960 890 erat,
1011 823 1337 880 Eridanum
1386 825 1757 892 inﬂuentem,
1804 840 1933 895 per-

280 915 601 972 duxerunt.
661 913 954 970 Eridanus
1010 928 1150 968 vero
1209 913 1338 986 ipse
1395 913 1454 969 in
1513 929 1698 979 mare,
1768 912 1934 986 quod

281 1005 515 1062 Italiam
561 1003 744 1068 alluit,
797 1001 1182 1076 provolvitur.
1247 1005 1324 1058 De
1375 1002 1466 1058 his
1518 1007 1716 1058 autem
1764 1002 1930 1058 satis.

285 1093 742 1167 Quamplurima
795 1107 939 1148 sane
988 1090 1106 1148 alia
1151 1106 1395 1162 quoque
1443 1091 1666 1164 templa
1711 1093 1933 1164 ubique

287 1183 710 1242 Constantinus
751 1179 1073 1238 construxit
1113 1179 1215 1252 (2),
1253 1180 1490 1252 aliaque
1529 1182 1727 1236 omnis
1761 1197 1936 1250 gene-

285 1273 366 1330 ris
413 1287 565 1330 veraa
613 1271 852 1343 pietatis
901 1284 1086 1340 opera
1123 1269 1366 1340 perfecit
1416 1285 1430 1324 :
1482 1269 1626 1324 illud
1673 1269 1936 1326 maxime

285 1361 484 1420 studio
513 1361 764 1424 habens,
807 1363 872 1414 ut
911 1357 1256 1414 Christianae
1296 1357 1598 1428 religionis
1645 1359 1936 1431 professio

286 1466 394 1523 per
424 1457 608 1506 terras
641 1463 851 1506 omnes
881 1463 1033 1520 quas
1064 1447 1153 1503 sol
1183 1447 1452 1516 illustrat,
1483 1457 1936 1520 propagaretur.

289 1540 348 1596 ld
377 1537 542 1612 quod
569 1537 620 1594 ei
643 1553 716 1593 ex
737 1537 1029 1593 sententia
1055 1535 1370 1592 succedere
1404 1543 1782 1608 perspectum
1813 1541 1930 1593 est.

287 1632 410 1686 Pax
453 1631 607 1686 certe
647 1631 853 1698 optata
902 1625 1368 1682 Christianorum
1403 1626 1604 1692 rebus,
1637 1625 1938 1682 scandalis

2041 469 2188 538 ρίους
2241 461 2300 518 δε
2341 471 2432 518 καὶ
2483 467 2669 529 ἄλλους
2715 468 3026 538 ἁπανταχοῦ
3073 463 3279 538 ἐγείρων
3311 465 3337 515 ὁ
3371 469 3652 516 Κωνσταν-

2043 561 2181 614 τίνος
2226 560 2363 623 νεὼς,
2416 561 2506 610 καὶ
2555 555 2662 608 ἀλλ’
2715 559 2848 610 ἄττα
2897 555 3184 630 θεοφι).είας
3233 556 3358 626 ἔργα
3391 549 3654 624 διαπρατ-

2044 647 2274 716 τόμενος,
2357 642 2597 704 σπουδὴν
2649 645 2730 698 ὃτι
2785 646 3034 703 πὶείστην
3097 642 3330 716 μάλιστα
3385 643 3442 693 τὸ
3509 639 3652 690 κατὰ

2047 737 2276 808 Χριστὸν
2331 734 2648 797 αὐξάνεσθαι
2685 731 2864 806 δόγμα
2900 739 2988 786 καὶ
3039 733 3110 796 εἰς
3153 734 3282 789 ὅσην
3311 737 3412 800 γῆν
3441 731 3468 780 ὁ
3501 728 3652 788 ἣλιος

2045 819 2222 893 ἐφορᾷ,
2289 818 2590 897 διατρέχειν
2647 823 2818 877 ἐτίθει.
2867 822 2934 876 ’0
2991 819 3058 880 δὴ
3115 825 3204 872 καὶ
3251 821 3389 872 κατά
3447 819 3650 870 σκοπὸν

2045 909 2219 984 ἐκείνῳ
2279 911 2510 964 ἑκϐαἰνον
2570 915 2888 986 καθεωρᾶτο.
2937 911 3127 965 Βαθείά
3185 929 3242 962 τε
3296 909 3471 980 εἰρήνη
3537 913 3652 968 τοῖς

2047 1005 2376 1072 Χριστιανῶν
2442 1001 2719 1074 ὶπεχόρευε
2787 1003 3087 1078 πράγμασι,
3165 1006 3262 1052 τῶν
3339 993 3650 1050 σκανδάλων

2047 1092 2246 1143 πάντων
2304 1087 2536 1143 ἐκποδὼν
2603 1095 2670 1153 ὡς
2729 1094 2894 1162 τάχος
2970 1093 3338 1162 γεγενημένων.
3397 1086 3534 1157 Ἐγὼ
3592 1081 3652 1138 δὲ

2049 1177 2156 1240 ἤδη
2188 1185 2278 1232 καὶ
2326 1188 2388 1252 τῇ
2423 1177 2622 1254 ἐϐδόμῃ
2663 1189 2764 1232 τῶν
2805 1183 3048 1254 ἱστοριῶν
3089 1179 3322 1236 ἐπιθήσω
3373 1179 3432 1228 τὸ
3485 1173 3648 1240 τέλος,

2049 1275 2242 1344 χρόνον
2279 1270 2402 1322 ἐτῶν
2449 1274 2774 1346 περιεχούσῃ
2833 1271 2977 1324 ἕκτον
3035 1290 3090 1324 τε
3126 1275 3217 1322 καὶ
3269 1269 3542 1322 εἰκοστόν·
3584 1267 3652 1318 ὧν

2049 1361 2116 1412 τὰ
2167 1362 2256 1430 μὶν
2309 1361 2474 1412 εἴκοσι
2534 1359 2898 1422 Διοκλητιανὸς
2936 1365 3024 1412 καὶ
3079 1358 3408 1430 Μαξιμιανὸς
3457 1358 3484 1408 ὁ
3539 1355 3653 1428 Ἑρ·

2051 1447 2286 1510 nemo;
2343 1446 2504 1521 ἧρξαν
2533 1463 2544 1477 ⁸
2601 1451 2668 1500 τὰ
2708 1445 2767 1502 δὲ
2816 1449 2900 1500 ἐπὶ
2939 1451 3142 1510 τούτοις
3190 1447 3243 1511 ἔξ
3279 1449 3328 1500 οἱ
3375 1449 3496 1519 περὶ
3537 1451 3655 1498 Μα-

2054 1539 2250 1610 ξιμίνον
2307 1540 2392 1590 τὸν
2451 1537 2738 1612 Γα).λὲριον,
2813 1537 3094 1600 Μαξέντιόν
3151 1557 3206 1590 τε
3261 1541 3352 1589 καὶ
3419 1538 3654 1589 Λικίνιον

2053 1627 2422 1702 ἐτυράννησαν.
2455 1628 2542 1682 Ἐν
2583 1628 2660 1690 οἷς
2697 1630 2834 1680 ἔτεσι
2871 1631 2960 1680 καὶ
2997 1629 3022 1680 ὁ
3061 1631 3220 1698 μέγας
3257 1629 3346 1697 μὲν
3387 1623 3658 1677 ἐϐασίλευε

289 1715 856 1792 impedimentisque
885 1714 1168 1771 omnibus
1209 1713 1513 1771 celerrime
1551 1715 1820 1782 sublatis,
1859 1715 1941 1771 af-

2056 1722 2440 1778 Κωνσταντίνος
2495 1719 2612 1788 περί
2667 1735 2720 1768 τε
2797 1719 2892 1776 τὰς
2963 1715 3180 1776 Fannia;
3259 1719 3348 1766 καὶ
3425 1713 3654 1785 ’1³ωμξν,

288 1807 468 1865 fulsit.
493 1805 607 1864 Sed
624 1804 752 1877 jam
770 1809 1011 1876 tempus
1033 1809 1140 1868 est,
1169 1809 1228 1860 ut
1252 1820 1398 1860 suus
1422 1820 1662 1878 quoque
1686 1805 1940 1876 septimo

287 1895 429 1954 huic
481 1895 638 1952 libro
691 1892 1078 1950 historiarum
1135 1893 1480 1965 imponatur
1525 1893 1682 1957 ﬁnis,
1735 1894 1942 1964 viginti

291 1991 348 2044 et
377 2001 482 2042 sex
521 1981 942 2055 complectenti
991 1997 1224 2038 annos:
1257 1997 1518 2054 quorum
1559 1998 1702 2038 sane
1740 1983 1942 2055 viginti

294 2074 693 2134 Diocletianus
731 2077 788 2128 et
821 2072 1216 2130 Maximianus
1257 2073 1560 2128 Herculius
1595 2073 1656 2128 in
1693 2073 1944 2140 imperio

290 2167 648 2240 peregerunt
677 2162 777 2234 (3),
821 2161 1067 2234 reliquis
1101 2178 1204 2218 sex
1253 2161 1538 2218 Gallerius
1569 2163 1941 2230 Maximinus,

291 2253 641 2317 Maxentius,
690 2256 748 2308 et
802 2251 1053 2308 Licinius
1101 2251 1479 2323 tyrannidem
1531 2257 1940 2308 exercuerunt.

297 2343 469 2417 523
505 2341 732 2408 Ollibus
761 2339 940 2396 etiam
973 2355 1230 2410 magnus
1265 2339 1688 2396 Constantinus
1717 2341 1776 2396 in
1809 2341 1944 2397 Gal-

289 2433 382 2490 liis
413 2429 684 2487 nondum
717 2431 1020 2498 Augustus
1055 2427 1367 2494 salutatus,
1401 2435 1457 2486 et
1487 2431 1548 2484 in
1579 2431 1726 2486 urbe
1757 2433 1946 2486 Roma

291 2535 494 2579 rerum
523 2534 776 2574 summa;
806 2515 1059 2590 praefuit.
1095 2519 1256 2583 Quos
1286 2533 1473 2574 annos
1503 2519 1776 2574 nonnulli
1815 2519 1946 2574 Dio-

295 2609 548 2666 cletiano
569 2611 824 2674 tyranno
850 2604 1236 2662 contribuunt
1259 2622 1272 2660 :
1299 2605 1398 2662 alii
1419 2621 1560 2662 vero
1587 2606 1786 2678 potius
1809 2607 1946 2663 divo

296 2695 704 2762 Constantino,
757 2695 928 2750 sicuti
967 2699 1026 2750 et
1049 2710 1183 2760 nos,
1231 2693 1599 2751 adscribunt.
1641 2698 1832 2769 Atque
1878 2696 1950 2752 iis

2052 1809 2195 1858 οὔπω
2251 1809 2520 1879 μόναρχος
2583 1803 2970 1878 ἀναγορευθείς.
3009 1805 3074 1858 Ἀ
3133 1801 3202 1862 δὴ
3265 1803 3317 1866 ἐξ
3373 1805 3460 1858 ἔτη
3521 1805 3659 1862 τινες

2049 1902 2156 1956 τοῖς
2213 1899 2328 1968 περὶ
2383 1894 2745 1952 Διοκλητιανόν
2809 1895 3070 1968 τυράννοις
3119 1892 3464 1946 ἀνατιθέασι·
3521 1893 3660 1952 τινες

2054 1979 2113 2036 δι
2155 1987 2244 2034 καὶ
2289 1983 2478 2055 μᾶλλον
2525 1993 2596 2054 τῷ
2651 1986 2768 2054 θείῳ
2821 1985 3204 2058 περιγράφουσι
3259 1984 3655 2050 Κωνσταντίνῳ,

2053 2075 2225 2146 ὥσπερ
2269 2069 2337 2131 δὴ
2393 2079 2483 2126 καὶ
2535 2075 2686 2145 ἡμεῖς
2713 2091 2726 2103 ·
2787 2073 2882 2125 Ὧν
2945 2077 3032 2126 καὶ
3075 2073 3480 2144 ὑφαιρουμένων,
3515 2089 3654 2139 cvp-

2055 2162 2217 2216 ϐαίνει
2261 2163 2349 2227 κζ’
2408 2163 2538 2215 εἶναι
2575 2165 2639 2214 τὰ
2677 2165 2760 2221 ἔτη
2795 2163 2954 2214 αὑτοῦ
2987 2181 2999 2192 ·
3047 2163 3096 2214 ἕν
3127 2164 3202 2224 οἷς
3253 2163 3488 2226 καθαρῶς
3517 2159 3661 2228 μετὰ

2054 2256 2148 2310 τὴν
2198 2259 2298 2302 τῶν
2341 2254 2600 2326 τυράννων
2653 2251 2940 2304 κατάλυσιν
3025 2253 3288 2325 μόναρχος
3331 2251 3462 2320 ἣρθη
3493 2265 3506 2277 ·
3565 2251 3666 2298 καὶ

2055 2345 2146 2400 τὴν
2196 2339 2446 2414 Ἑσπέραν
2486 2341 2667 2406 λιπὼν,
2719 2342 2792 2402 εἰς
2834 2346 2928 2400 τὴν
2965 2340 3066 2394 Ἐω
3117 2345 3404 2412 μετεχώρει
3431 2339 3568 2388 κατὰ
3599 2339 3668 2387 τὰ

2056 2430 2104 2482 ἐν
2157 2427 2490 2502 Νικομηδεία
2540 2429 2800 2502 ἀνάκτορα
2835 2447 2846 2460 '
2935 2426 3046 2484 εἶτα
3101 2427 3194 2482 διὰ
3249 2427 3460 2496 μελέτης
3519 2426 3668 2495 αὐτῷ

2055 2523 2146 2572 καὶ
2198 2523 2292 2577 τὴν
2333 2519 2600 2592 ὶπώννμον
2657 2519 2803 2572 πόλιν
2879 2519 3089 2594 ἐγείρειν
3149 2518 3378 2589 ἐγίνετο⁶
3433 2517 3672 2573 ὁπηνίκα

2056 2611 2258 2680 κόσμου
2299 2611 2388 2680 μὲν
2423 2611 2553 2674 ἔτος,
2607 2608 2750 2672 εωιε’,
2783 2607 2885 2659 ἀπὸ
2927 2605 2986 2660 δὲ
3031 2616 3122 2669 τῆς
3171 2609 3306 2668 θείας
3335 2611 3428 2658 τοῦ
3461 2609 3666 2676 Κυρίου

2056 2703 2343 2769 γεννήσεως
2367 2702 2765 2771 τριακοσιοστόν
2795 2703 2884 2748 καὶ
2919 2695 3136 2750 δέκατον
3167 2695 3476 2768 ἐπεραίνετο.

296 2785 641 2849 subtractis,
667 2783 876 2856 reliqui
905 2783 1056 2840 ﬁunt
1083 2782 1290 2853 viginti
1329 2800 1430 2840 sex
1478 2785 1619 2840 anni
1653 2785 1783 2856 ejus
1825 2786 1924 2856 (4),
1952 2786 2176 2858 quibus
2209 2792 2344 2858 post
2379 2795 2772 2857 tyrannorum
2803 2789 3176 2840 eversionem
3213 2784 3374 2839 solus
3425 2785 3560 2854 ipse
3609 2787 3672 2836 et

296 2891 456 2934 unus
507 2874 785 2946 princeps
849 2871 1074 2928 sincere
1127 2889 1198 2928 ac
1253 2873 1360 2930 rite
1409 2874 1728 2946 imperium
1780 2874 2238 2931 administravit.
2303 2877 2368 2929 Et
2416 2875 2729 2931 Occidente
2779 2876 3002 2942 relicto,
3067 2879 3126 2929 in
3173 2873 3445 2938 Orientis,
3497 2871 3668 2942 quod

298 2963 657 3024 Nicomedia!
689 2961 815 3027 fuit,
847 2961 1153 3034 imperiale
1180 2961 1470 3032 palatium
1497 2969 1586 3018 est
1609 2963 1926 3036 profectus,
1959 2969 2016 3020 et
2044 2963 2326 3035 deinceps
2365 2979 2585 3034 magno
2615 2964 2794 3019 etiam
2827 2963 3024 3020 studio
3059 2963 3266 3018 urbem
3299 2963 3410 3016 sibi
3437 2977 3662 3030 cogno-

301 3055 525 3112 minem
561 3051 844 3108 condidit.
879 3049 1006 3118 Quo
1037 3055 1301 3122 tempore
1331 3068 1368 3108 a
1413 3052 1652 3108 condito
1679 3053 1822 3108 orbe
1861 3051 1972 3109 fuit
2013 3068 2205 3108 annus
2239 3052 2559 3124 quinquies
2597 3053 2944 3110 millesimus
2984 3051 3522 3122 octingentesimus
3565 3049 3662 3103 rie-

301 3145 493 3201 cimus
513 3140 758 3214 quintus
794 3140 894 3212 (5),
923 3155 960 3196 a
987 3139 1195 3196 Christi
1225 3141 1516 3198 nativitate
1549 3142 1998 3198 trecentesimus
2029 3141 2316 3198 decimus.

379 3293 472 3374 (t).
501 3289 720 3372 Plinius
761 3289 1139 3374 librp‘tertio,
1177 3306 1310 3374 cap.
1355 3291 1420 3346 t8
1463 3309 1558 3374 πλε.
1589 3293 1744 3362 Argo
1781 3291 1947 3374 navis
1983 3293 2023 3350 C
2064 3293 2388 3374 quentibus
2423 3294 2850 3374 latro,__decem
2895 3293 3235 3374 novissimis
3265 3291 3556 3364 pupillus,
3587 3288 3660 3344 ob

304 3359 554 3423 ﬂumine
579 3362 638 3416 in
672 3377 835 3433 mare
863 3359 1225 3417 Adriaticum
1256 3359 1583 3428 descendit,
1615 3359 1721 3418 nec
1749 3363 1952 3433 procul

305 3438 604 3505 Tergeste.
637 3435 751 3505 Nec
775 3432 904 3503 jam
935 3438 1169 3505 constat
1215 3449 1339 3505 quo
1377 3433 1647 3505 ﬂumine.
1683 3432 1954 3490 Humeris

307 3503 620 3580 trajectam
677 3503 872 3580 Alpes,
917 3503 1327 3580 diligentiores
1378 3504 1641 3560 tradunt.
1688 3505 1954 3580 Subiisse

309 3575 510 3638 autem
539 3577 705 3642 Istro,
739 3575 878 3630 dein
912 3577 1047 3642 Sao,
1084 3576 1218 3630 dein
1253 3579 1576 3647 Nauporto,
1607 3577 1701 3632 cui
1731 3593 1954 3632 nomen

310 3668 384 3708 ex
427 3665 500 3707 ea
543 3663 728 3704 causa
767 3653 872 3712 est,
919 3647 1070 3704 inter
1115 3651 1427 3704 (Emonam
1475 3647 1772 3720 Alpesque
1820 3664 1956 3705 exo-

313 3722 504 3780 rieuti.

384 3794 462 3866 (2)
489 3791 862 3866 «Utcunque
905 3789 1326 3866 constantinus
1370 3789 1636 3860 optimus
1675 3791 1956 3866 pringeeps

311 3869 372 3924 et
395 3860 934 3934 Christianissimus
959 3860 1256 3934 fuerit,_de
1295 3877 1365 3916 eo
1407 3867 1606 3934 tamen
1640 3860 1960 3934 aquibus:

312 3937 454 3992 dam
515 3932 599 3990 sic
639 3933 946 4014 memerita
999 3932 1342 4014 proditum,
1372 3937 1434 3987 ut
1471 3933 1678 4014 dacem
1733 3932 1957 4014 primos

314 4021 506 4066 annos
557 4002 1090 4078 praestantissimus
1132 4003 1440 4070 diceretur,
1491 4002 1812 4060 duodecim
1871 4020 1958 4058 se-

2063 3365 2419 3419 immodicas
2451 3365 2813 3430 largitiones.
2847 3385 2874 3416 »
2905 3365 3158 3435 (Egnat).

2133 3435 2212 3508 (3)
2255 3435 2598 3508 secundum
2629 3436 2796 3498 alios,
2841 3437 3044 3502 viginti
3075 3435 3254 3488 duos.

2134 3505 2213 3578 (4)
2259 3507 2476 3562 Licinio
2508 3513 2874 3578 postremum
2894 3523 3205 3578 oppresso,
3235 3505 3676 3578 Constantinus

2065 3575 2225 3632 solus
2241 3575 2550 3646 imperavit
2576 3580 2746 3632 annis
2761 3584 2849 3640 '26,
2865 3575 3000 3633 cuin
3021 3577 3244 3632 Licinio
3259 3585 3312 3630 et
3342 3575 3678 3630 Maximino

2063 3647 2439 3720 (Maxentium
2471 3651 2702 3712 omitto)
2747 3651 2978 3704 circiter
3019 3665 3210 3702 annos
3265 3654 3314 3702 6.
3371 3655 3516 3720 Ante
3557 3646 3678 3720 bos

2067 3717 2364 3776 Constans
2397 3721 2661 3780 Chlorus,
2691 3721 3059 3774 Constantini
3093 3725 3280 3790 pater,
3301 3727 3358 3772 et
3379 3717 3678 3790 Gallerius

2067 3791 2436 3853 Maximinus,
2459 3797 2777 3862 postquam
2794 3789 3191 3846 Diocletianus
3206 3797 3257 3844 et
3277 3789 3683 3862 Maximianus

2069 3879 2398 3934 purpuram
2442 3860 2712 3932 posuere,
2767 3879 2960 3917 annos
3001 3863 3119 3916 fere
3157 3865 3236 3926 ις
3291 3875 3416 3933 quo
3463 3860 3562 3914 isti
3597 3861 3686 3912 si-

2071 3933 2194 3988 mul
2223 3935 2280 4000 6,
2313 3933 2709 3990 Diocletianus
2741 3934 2904 3992 solus
2933 3949 3128 3989 annos
3157 3937 3206 3988 4.

2141 4005 2219 4076 (5)
2261 4005 2596 4061 Secundum
2629 4006 2977 4070 neotericos,
3011 4005 3168 4060 4294.

2547 4113 2572 4134 \
