4020 6218
385 381 2894 396 ______________________________fﬁ
3012 381 3017 382 ί

1487 576 1976 698 ORDO
2048 575 2682 696 BEBUM

845 890 1176 1015 QU/E
1251 887 1396 998 IN
1477 887 1752 996 HOC
1830 886 2212 994 TOMO
2293 879 3340 994 CONTINENTUR.

775 1381 874 1432 ΜΛ
893 1380 1194 1430 ΤΤΗλΕΠδ*
1217 1379 1482 1430 BLASTA
1497 1379 1647 1428 RES.

457 1498 808 1550 SYNTAGMA
833 1497 1046 1550 CANON
1057 1497 1164 1547 UM.
1191 1497 1590 1560 (σοηιίηιιαείο.)

455 1615 708 1666 INITIUM
741 1615 1038 1664 LITTEIUE
1069 1615 1136 1662 M.
2010 1611 2040 1657 9

453 1732 569 1796 CAP.
603 1732 640 1780 Ι.
671 1759 730 1796 έ
769 1733 840 1782 De
874 1733 1063 1796 magis,
1103 1730 1510 1796 mathematicis,
1544 1733 1595 1780 et
1629 1729 1857 1796 vatibus.
1895 1731 1956 1777 ut
1989 1730 2040 1776 et

391 1795 694 1868 astrologis,
719 1793 1162 1852 incantaturibus,
1189 1795 1492 1858 priestigiis,
1513 1793 1779 1843 veneficiis
1813 1797 1862 1841 et
1891 1805 2039 1868 amu;

391 1859 528 1909 letis.
598 1854 624 1859 ⁷
1191 1854 1208 1858 “
1377 1854 1400 1858 ⁷
2011 1854 2042 1903 9

457 1921 562 1970 Lex
591 1919 760 1968 civilis
788 1919 856 1968 M.
1983 1917 2039 1963 14

397 1983 632 2046 Gregorii
663 1981 888 2046 Nysseni
915 1995 1088 2032 canon
1113 1983 1160 2030 2.
1983 1979 2040 2046 ἓξ

455 2041 622 2110 Léges
654 2041 859 2098 civiles.
1981 2041 2041 2088 15

456 2127 574 2174 CAP.
603 2126 672 2175 II.
713 2153 772 2161 —
803 2125 875 2175 De
901 2125 1140 2174 mollitie.
1983 2121 2040 2170 15

798 2205 1077 2268 (Consulas
1107 2207 1166 2254 28
1196 2218 1312 2269 cap.
1346 2203 1532 2254 littera:
1558 2203 1642 2264 K.)

457 2287 573 2338 CAP.
609 2286 694 2336 III.
727 2313 790 2323 —-
823 2288 897 2336 De
933 2287 1110 2336 ebriis.
1985 2283 2042 2330 15

807 2394 1044 2456 (Quaeras
1071 2393 1129 2441 35
1159 2405 1275 2456 cap.
1307 2392 1496 2442 litterie
1527 2391 1620 2454 K.)

457 2493 579 2548 CAP.
621 2493 708 2542 IV.
739 2519 802 2557 _—-
837 2493 908 2542 De
943 2492 1356 2557 transpositione
1387 2495 1439 2540 et
1469 2489 1816 2540 translatione
1846 2489 2045 2557 episco:

395 2571 589 2621 porum
625 2559 676 2606 et
708 2555 1046 2609 clericorum.
1093 2551 1110 2557 ’
1877 2551 1893 2553 ⁷
1985 2551 2045 2599 18

833 2653 1068 2718 (Quaeras
1097 2655 1125 2702 9
1151 2665 1266 2718 cap.
1299 2651 1488 2702 litterie
1517 2652 1610 2714 Α.)

460 2753 576 2804 CAP.
597 2753 661 2802 V.
685 2779 743 2789 —
765 2751 917 2812 Quod
939 2752 1259 2816 pcenitentes
1278 2764 1388 2800 non
1411 2750 1610 2800 debent
1633 2748 1795 2811 rejici.
1989 2749 2047 2796 18

459 2835 584 2887 CAP.
621 2833 707 2881 VI.
741 2858 796 2868 —
823 2831 895 2881 De
925 2833 1252 2896 prenitentize
1285 2831 1434 2880 locis.
1990 2829 2048 2877 18

461 2915 578 2964 CAP.
611 2913 720 2962 VII.
766 2939 821 2950 —
868 2913 1014 2972 Quod
1039 2913 1194 2976 juxta
1223 2911 1597 2976 pcenitentiurn
1641 2909 2048 2974 dispositionem

399 2996 652 3106 episcopo
699 3006 887 3057 poenas
932 2993 1038 3042 illis
1085 2992 1166 3042 vel
1211 2992 1480 3042 remittere
1529 2990 1610 3039 vel
1658 2990 1941 3040 extendere

399 3072 458 3106 ce
521 3093 532 3105 .

399 3072 512 3108 088.!
521 3093 532 3105 .

463 3137 584 3189 CAP.
620 3136 754 3186 VIII.
780 3163 841 3172 —
869 3135 1020 3194 Quod
1051 3137 1261 3197 oportet
1287 3135 1656 3198 paenitentiam
1687 3133 1863 3198 adhuc
1893 3147 2050 3198 agen:

400 3203 498 3256 tes,
531 3199 766 3248 instante
791 3203 979 3254 morte.
1011 3196 1196 3246 sancta
1212 3196 1603 3260 communione
1631 3196 1979 3260 participare;
2009 3196 2052 3245 si

402 3261 793 3316 convaluerint,
826 3261 915 3309 illa
937 3275 1150 3309 rursum
1176 3259 1460 3308 abstinere.
1632 3259 1645 3260 “
1825 3259 1837 3260 “
1991 3259 2051 3306 26

464 3345 582 3392 CAP.
608 3341 694 3390 IX.
725 3369 786 3378 —
815 3340 964 3399 Quod
997 3339 1372 3402 pcenitentium
1404 3339 1766 3403 confessiones
1791 3338 2052 3403 accipere,

403 3409 456 3455 et
490 3404 710 3460 solvere,
748 3407 803 3452 et
845 3403 1010 3465 ligare
1045 3405 1350 3466 peccatores
1394 3402 1659 3466 episcopis
1692 3401 2050 3466 conceditur;

401 3468 616 3518 illorum
649 3480 773 3515 vero
803 3464 1066 3515 consensu
1103 3466 1261 3514 etiam
1295 3464 1640 3527 presbyteris.
1777 3526 1780 3527 ν
1993 3465 2051 3512 26

439 3528 878 3643 ιὲἓὲἀυῖξνὶιὼυε
895 3526 1306 3592 postealegibus
1319 3526 1724 3576 humanioribus
1737 3526 1910 3576 visum
1929 3540 2050 3638 sup;

401 3607 573 3658 pucus
607 3607 703 3641 uu.
1991 3607 2018 3636 κ

465 3684 580 3733 CAP.
605 3681 670 3731 X.
704 3707 762 3718 —
790 3681 860 3730 De
887 3681 950 3730 iis
975 3679 1066 3744 qui
1091 3681 1314 3744 impuris
1339 3679 1471 3729 cibis
1496 3681 1801 3738 vescuntur.
1991 3679 2052 3728 27

467 3763 583 3814 CAP.
610 3762 759 3812 XL—
795 3761 868 3811 De
899 3761 1076 3809 mimis
1105 3765 1158 3809 et
1189 3761 1430 3810 scenicis.
1995 3761 2053 3806 30

465 3844 583 3894 CAP.
616 3843 722 3892 XII.
750 3867 810 3880 --
839 3841 908 3891 De
932 3841 1245 3891 elocutione.
1995 3839 2054 3886 30

467 3906 633 3970 Leges
667 3905 848 3955 civiles
859 3945 872 3959 .
1995 3902 2053 3950 30

468 3987 586 4036 CAP.
617 3985 746 4049 XIII.
775 4010 831 4022 -
859 3984 927 4033 De
961 3983 1328 4049 sponsalibus.
1997 3981 2053 4049 ξς)

470 4050 576 4099 Lex
611 4048 800 4098 civilis.
991 4045 1005 4049 ’
1996 4045 2055 4092 30

468 4131 584 4180 CAP.
621 4129 755 4178 XIV.
782 4155 842 4164 -—
867 4127 939 4177 De
964 4127 1244 4178 adulterio.
1995 4125 2054 4172 30

468 4193 636 4256 Leges
665 4189 862 4240 civiles.
1997 4187 2054 4235 3t

469 4273 587 4322 CAP.
617 4272 726 4321 XV.
753 4299 814 4307 —
845 4271 916 4320 De
947 4269 1285 4320 monasteriis
1320 4273 1370 4318 et
1403 4267 1698 4318 monachis.
1997 4267 2056 4314 38

471 4337 544 4384 De
567 4335 724 4384 modo
745 4347 853 4398 quo
875 4334 1042 4397 accipi
1067 4331 1263 4398 debent
1287 4333 1360 4380 illi
1383 4333 1474 4396 qui
1495 4331 1705 4398 tonderi
1731 4330 1940 4398 volunt.
1983 4331 2056 4398 ‘39

469 4398 544 4446 De
573 4399 637 4446 iis
669 4393 1006 4461 qui'absque'
1021 4395 1266 4460 precibus
1299 4393 1656 4444 monasticum
1683 4393 1923 4443 habitum
1982 4393 2060 4461 in:

408 4461 600 4511 duunt.
685 4455 703 4461 ’
901 4455 920 4460 ’
1021 4455 1038 4460 ”
1998 4455 2058 4502 42

471 4524 545 4573 De
584 4522 840 4575 eremitis.
1999 4519 2058 4565 46

471 4588 545 4636 De
577 4587 802 4635 transitu
834 4598 860 4633 e
893 4582 1216 4633 monasterio
1247 4581 1314 4631 ad
1346 4581 1516 4631 aliud.
1999 4579 2056 4628 i7

471 4649 546 4698 De
578 4647 900 4698 monialibus
929 4683 940 4694 .
2000 4641 2058 4690 50

473 4713 547 4762 De
573 4711 849 4760 monachis
873 4723 936 4760 ac
967 4707 1288 4758 monialibus
1319 4706 1497 4770 lapsis.
2001 4705 2057 4770 51

473 4775 641 4838 Leges
670 4773 870 4823 civiles.
1374 4768 1388 4770 7
2001 4768 2059 4814 55

474 4856 596 4909 CAP.
633 4855 771 4905 XVI.
808 4879 868 4890 —
897 4853 970 4902 De
1000 4855 1185 4902 sancto
1215 4853 1515 4914 unguento.
2001 4848 2060 4895 59

476 4971 730 5022 INITIUM
761 4967 1056 5020 LITTER/E
1086 4967 1129 5016 N
1143 5007 1154 5018 .
2003 4965 2061 5011 59

413 5155 447 5204 ι,
476 5091 589 5140 CAP.
643 5088 680 5138 Ι.
713 5115 774 5125 -
825 5087 898 5136 De
947 5084 1273 5150 templorum
1318 5081 1668 5134 aediﬁcatione
1718 5085 1766 5130 et
1791 5093 2064 5192 consecrsaé

437 5167 576 5204 ione.

437 5167 576 5204 ione.

843 5229 1047 5292 (Quzere
1077 5229 1136 5277 12
1161 5229 1322 5292 caput
1347 5225 1530 5276 littera:
1561 5225 1639 5288 E.)

475 5333 598 5386 CAP.
627 5331 689 5380 II.
716 5359 777 5368 —
798 5329 948 5389 Quod
971 5343 1080 5378 non
1100 5331 1309 5392 Oportet
1327 5326 1468 5392 intra
1487 5323 1668 5392 templi
1687 5323 1921 5372 ambitus
1943 5335 2060 5392 con-

412 5397 556 5446 vivia
578 5385 709 5452 fieri,
737 5385 1112 5456 vel'cauponas
1135 5385 1270 5456 esse.
1295 5389 1373 5438 vel
1401 5385 1615 5456 aliquid
1630 5401 1826 5456 venum
1851 5385 2062 5456 caponi,

413 5461 493 5510 vel
511 5449 816 5522 jumentum
843 5449 1044 5519 absque
1069 5453 1386 5504 necessitate
1413 5449 1698 5506 introduci,
1725 5449 1806 5498 vel
1831 5449 2062 5522 aliquem

413 5511 538 5574 cum
573 5521 794 5570 muliere
831 5511 1166 5582 permanere.
1924 5511 1931 5512 '
2007 5511 2067 5559 59

825 5607 1030 5672 (Quaere
1065 5606 1123 5654 15
1158 5607 1319 5668 caput
1351 5602 1540 5654 litterae
1573 5599 1661 5666 1‘.)

2211 1373 2334 1428 CAP.
2385 1375 2477 1428 III.
2523 1399 2583 1410 —
2623 1373 2694 1422 De
2728 1369 3022 1420 infantibus
3071 1367 3328 1432 expositis
3367 1365 3454 1414 vel
3483 1363 3552 1412 de
3603 1362 3810 1432 quibus

2147 1426 2424 1487 dubitatur
2456 1426 2524 1487 an
2555 1435 2808 1500 baptizati
2837 1433 3051 1482 fuerint.
3142 1426 3158 1432 ’
3751 1426 3810 1472 59

2149 1526 2354 1588 (Quaere
2373 1529 2434 1575 29
2455 1529 2618 1590 caput
2637 1526 2826 1574 littera:
2849 1521 2885 1567 Γ
2889 1561 2902 1580 ,
2923 1525 2973 1572 et
2993 1522 3047 1570 in
3059 1518 3295 1570 secundo
3315 1518 3488 1582 capite
3513 1515 3712 1564 litterae
3735 1514 3812 1572 Β.)

2210 1605 2332 1659 CAP.
2370 1607 2460 1656 IV.
2497 1632 2558 1642 —
2595 1605 2661 1654 De
2689 1603 2920 1668 jejunio.
3751 1593 3810 1640 59

2210 1686 2333 1738 CAP.
2361 1687 2423 1735 V.
2448 1713 2506 1724 —
2528 1685 2678 1746 Quod
2699 1698 2808 1734 non
2835 1684 3020 1732 deceat
3045 1681 3098 1730 in
3127 1677 3374 1730 Sabbatis
3394 1678 3492 1727 aut
3511 1673 3814 1746 Dominicis

2141 1737 2407 1813 jejunare.
2540 1737 2568 1746 ⁷
3751 1737 3814 1784 63

2583 1830 2788 1892 (Quaere
2815 1839 2938 1890 cap.
2969 1827 3028 1874 37
3053 1824 3246 1873 litterae
3270 1821 3366 1880 K.)

2213 1945 2334 1997 CAP.
2369 1943 2455 1992 Vl.
2483 1967 2544 1982 —
2567 1941 2720 2002 Quod
2741 1941 3048 2005 jejunantes
3071 1936 3265 2005 scibis
3291 1934 3564 1985 abstinere
3589 1931 3818 2005 debeant:

2149 2007 2294 2056 haud
2323 1995 2502 2057 tamen
2532 1995 2687 2070 quasi
2715 1995 2769 2053 in
2793 1995 2857 2052 'se
2889 2000 3298 2052 execrabilibus.
3753 1995 3820 2042 63

2151 2114 2304 2176 (Vide
2335 2115 2362 2162 9
2391 2125 2511 2177 cap.
2557 2111 2746 2160 litterae
2790 2109 2845 2164 Β.
2865 2111 2948 2177 _et
2995 2105 3250 2177 etiam_in
3369 2115 3488 2177 cap.
3515 2101 3714 2150 littera:
3787 2097 3826 2146 Ε

2569 2186 2832 2224 canoncm
2862 2172 2923 2220 33
2954 2170 3134 2233 magni
3165 2165 3384 2226 Basilii.)

2213 2274 2334 2327 CAP.
2365 2273 2476 2322 VII.
2505 2297 2568 2310 --
2595 2271 2667 2320 De
2696 2271 2838 2334 lege.
3756 2261 3822 2307 63

2213 2355 2330 2404 CAP.
2358 2353 2491 2403 VIII.
2521 2379 2576 2390 —
2609 2351 2681 2400 De
2711 2349 3074 2414 possessione.

2213 2402 2384 2480 Leges
2407 2415 2605 2465 civiles.
2713 2402 2730 2414 ³
3751 2402 3814 2448 63

2215 2516 2278 2565 IN
2285 2514 2468 2564 lTIUM
2497 2510 2796 2562 LITTER/E
2823 2504 2879 2558 Ξ.

2216 2635 2332 2685 CAP.
2365 2633 2403 2682 Ι.
2436 2657 2496 2668 --
2529 2631 2602 2680 De
2633 2628 2880 2679 tollendis
2911 2625 3234 2676 simulacris.
3747 2618 3810 2664 63

2217 2715 2332 2766 CAP.
2371 2714 2510 2762 ll.—
2543 2711 2692 2773 Quod
2729 2709 3045 2759 clericorum
3075 2705 3263 2754 deceat
3291 2701 3533 2766 hospites
3581 2697 3810 2773 hospitio

2219 2759 2480 2841 acipere.
2550 2759 2647 2773 τῇ
3395 2759 3413 2766 ’
3687 2759 3702 2761 “
3753 2759 3810 2807 66

2621 2871 2774 2934 (Vide
2803 2883 2925 2934 cap.
2969 2869 2996 2916 9
3029 2867 3214 2916 litterae
3244 2865 3338 2926 A.)

2222 2988 2477 3041 INITIUM
2513 2985 2808 3036 LITTERIE
2842 2982 2900 3032 Ο.
3747 2975 3806 3022 66

2221 3097 2336 3147 CAP.
2383 3096 2420 3144 Ι.
2475 3121 2518 3130 -
2547 3091 3016 3154 Ουοάγθρὶδοοριιδ
3058 3100 3120 3136 ac
3154 3081 3439 3149 prieIectus
3467 3093 3797 3154 ceconomug)

2159 3141 2306 3224 apud
2326 3141 2611 3209 satiabere
2639 3141 2846 3204 debeat.
2913 3141 2929 3153 ⁵
3155 3141 3172 3149 ’
3735 3141 3792 3188 66

2595 3254 2797 3317 (Quaere
2825 3264 2940 3314 cap.
2972 3251 3033 3298 24
3061 3248 3250 3298 litterae
3281 3245 3371 3307 E.)

2221 3355 2336 3405 CAP.
2374 3353 2440 3406 II.
2481 3379 2542 3388 —
2571 3352 2646 3400 De
2679 3347 2934 3412 auguriis.
3741 3337 3800 3383 66

2616 3447 2767 3510 (Vide
2800 3447 2961 3509 caput
2985 3445 3012 3493 3
3041 3443 3229 3492 litterae
3264 3440 3342 3502 E.)

2221 3561 2334 3610 CAP.
2361 3523 2450 3607 ¹ΙΙΙ.
2475 3585 2535 3594 --
2561 3556 2632 3605 De
2657 3556 2721 3604 iis
2747 3555 2835 3620 qui
2866 3567 2921 3602 se
2951 3553 3112 3600 noctu
3149 3547 3422 3613 polluunt.
3755 3543 3808 3588 66

2579 3653 2829 3717 (Consule
2853 3655 3015 3716 caput
3040 3648 3304 3698 381itterte
3337 3645 3418 3703 K.)

2223 3757 2341 3808 CAP.
2373 3755 2464 3810 IV.
2499 3781 2562 3790 —-
2591 3755 2662 3803 De
2690 3749 3034 3816 juramentis.
3759 3739 3814 3785 66

2606 3851 2759 3914 (Vide
2783 3851 2946 3912 caput
2979 3847 3037 3896 32
3065 3846 3252 3895 litterte
3283 3842 3362 3902 Ε.)

2225 3969 2478 4020 INITIUM
2509 3965 2804 4016 LITTERxE
2834 3963 2895 4011 II.
3755 3952 3814 4000 66

2225 4071 2340 4120 CAP.
2373 4069 2411 4117 Ι.
2442 4095 2502 4104 -
2531 4068 2606 4116 De
2639 4063 2780 4114 ludis
2806 4061 3046 4112 scenicis.
3753 4053 3812 4098 66

2161 4169 2366 4232 (Qutere
2391 4169 2554 4230 caput
2578 4166 2602 4212 1
2631 4164 2817 4212 litteras
2843 4161 2902 4218 Ο,
2929 4163 2981 4208 et
3011 4160 3206 4232 incap.
3238 4155 3297 4204 15
3325 4155 3516 4232 litterae
3543 4153 3592 4202 Μ
3619 4149 3802 4232 εἷηοᾱί

2224 4221 2473 4303 septimas.
2490 4249 2750 4287 canonem
2776 4235 2836 4282 27
2857 4230 3052 4296 synodi
3076 4231 3104 4278 7
3141 4231 3192 4278 et
3212 4231 3405 4292 caputo
3423 4225 3618 4275 litterae
3639 4221 3710 4272 Γ.)

2227 4339 2341 4388 CAP.
2369 4337 2436 4390 II.
2463 4363 2524 4371 —
2543 4335 2617 4384 De
2636 4333 2840 4383 clericis
2861 4331 2916 4379 in
2941 4329 3165 4380 taberna
3193 4323 3620 4376 comedentibus.
3748 4320 3808 4369 66

2624 4431 2776 4490 (Vide
2815 4443 2936 4493 cap.
2977 4429 3006 4478 7
3035 4427 3222 4476 littera:
3261 4425 3347 4486 Κ.)

2227 4535 2344 4586 CAP.
2369 4533 2456 4584 III.
2489 4557 2547 4571 -
2576 4531 2649 4581 De
2674 4527 2962 4594 episcopali
2991 4524 3284 4576 audientia.
3753 4521 3812 4566 66

2564 4631 2768 4692 (Quaere
2796 4631 2956 4690 caput
2986 4627 3044 4674 28
3068 4625 3256 4674 littera:
3284 4621 3364 4684 E.)

2225 4734 2346 4782 CAP.
2379 4731 2468 4785 IV.
2495 4755 2552 4769 —
2582 4729 2654 4779 De
2681 4727 2894 4778 feminis
2923 4738 3040 4788 quae
3067 4725 3252 4774 votum
3279 4720 3536 4772 castitatis
3563 4732 3812 4788 suscepe:

2168 4781 2308 4846 runt.
2457 4781 2468 4785 ⁷
2941 4781 2956 4788 ’
3732 4781 3743 4782 ί
3759 4781 3816 4829 66

2629 4852 2782 4916 (Vide
2808 4865 2922 4916 cap.
2949 4852 3006 4900 15
3036 4849 3222 4898 litterae
3253 4847 3342 4909 Μ.)

2229 4957 2348 5008 αλιι.
2384 4955 2444 5004 V.
2477 4981 2538 4991 —
2566 4953 2638 5003 De
2664 4951 2866 5016 jejunio
2898 4951 2951 4999 in
2979 4951 3289 5000 Parasceve.
3759 4945 3817 4991 66

2595 5049 2842 5110 (Consule
2871 5063 2986 5113 cap.
3023 5049 3050 5096 4
3083 5048 3271 5097 littera:
3305 5045 3398 5106 N.)

2229 5157 2348 5206 CAP.
2372 5155 2462 5207 VI.
2503 5183 2564 5192 --
2594 5151 2666 5200 De
2691 5149 2932 5214 deposito
2959 5147 3070 5196 sive
3101 5143 3536 5196 fideicommisso.
3759 5145 3816 5191 66

2233 5237 2352 5290 CAP.
2383 5235 2499 5287 VII.
2538 5231 2673 5281 --De
2699 5243 2848 5280 sacro
2876 5227 3149 5278 Paschate.
3765 5225 3822 5272 66

2233 5344 2404 5403 Quare
2435 5340 2570 5403 cycli
2599 5339 2814 5403 lunares
2840 5338 3200 5403 sintnumero
3236 5333 3310 5382 19.
3765 5333 3826 5403 ’ἓξ

2233 5397 2404 5466 Quare
2433 5397 2568 5466 cycli
2599 5398 3128 5466 solis‘sinhXXVllI.
3169 5462 3178 5466 _
3569 5457 3590 5466 ν
3767 5397 3826 5466 ’ξε

2173 5535 2184 5544 _
2234 5457 2580 5577 Quaretlunce
2613 5463 2750 5528 cycli
2779 5466 2832 5511 et
2869 5460 3220 5510 fundamenta
3253 5471 3283 5508 a
3327 5469 3513 5507 mense
3559 5457 3830 5569 Januariig

2173 5543 2471 5593 incipian.
2866 5587 2899 5593 __
2991 5585 3023 5593 η
3507 5582 3575 5592 Η
3664 5587 3673 5593 _
3769 5584 3829 5593 __

2234 5582 2403 5656 Quam
2425 5591 2492 5642 ob
2524 5601 2744 5642 causam
2767 5587 2902 5652 cycli
2931 5585 3055 5636 solis
3085 5583 3153 5636 ab
3179 5583 3390 5636 Octobri
3417 5582 3701 5646 incipiant.
3769 5584 3832 5632 ’ΞΒ
