4054 6466
2776 435 3199 445 .______.._._......

1419 485 1623 496 .._._._

317 487 357 499 .6
365 487 729 498 θαι-*ι

1639 616 2254 693 CONTINUATUR

671 826 1795 1011 ΜΑΤΤΗΑΞΙ

2007 819 3180 1008 BLASTARIS

1134 1149 1938 1270 SYNTAGMA
2017 1148 2771 1269 CANONUM.

2310 1516 2468 1594 173
2497 1512 2761 1580 l‘NlTIUM
2795 1514 3118 1580 [ΛΤΤΕΙΗΕ
3169 1526 3241 1582 Μ.

1990 1650 2145 1712 CAP.
2182 1656 2233 1730 i.
2272 1657 2348 1712 De
2403 1660 2595 1730 magis,
2649 1660 3061 1725 mathematicis,
3096 1673 3144 1717 et
3193 1665 3422 1730 vatibus,
3447 1677 3504 1720 ut
3545 1675 3594 1721 et

657 1525 843 1583 ΑΡΧΗ
870 1526 1008 1581 ΤΟΥ
1038 1524 1092 1582 Μ
1137 1514 1520 1582 z'rmetor.
1912 1528 1959 1584 Α

312 1662 559 1724 ΚΕΦΑΛ.
594 1666 672 1719 Δ’.
709 1665 844 1732 Περὶ
866 1665 1092 1734 μάγων,
1122 1663 1572 1734 μαθηματικῶν.
1601 1664 1700 1718 καὶ
1727 1668 1886 1733 μάν.

378 1755 550 1800 rem,
592 1738 680 1791 ἔτι
734 1735 805 1789 δὲ
824 1736 924 1790 καὶ
948 1737 1242 1805 ἀστρολόγ
1257 1753 1358 1794 ων.
1386 1734 1706 1797 ἐπαοιδῶν.
1728 1737 1891 1791 ἀλλὰ

381 1810 460 1877 δὴ
507 1810 607 1864 καὶ
667 1807 990 1878 τοητειῶν,
1047 1804 1472 1876 φαρμακειῶν,
1525 1806 1628 1861 καὶ
1686 1804 1893 1875 περιά-

382 1896 568 1935 πτων.

393 1996 454 2049 ’0
481 1995 560 2062 ξα¹
579 1996 682 2064 τῆς
710 1991 764 2059 ς’
802 1993 1024 2048 συνόδου
1051 1991 1237 2049 κανὼν
1293 1994 1421 2057 τοὺς
1468 1993 1728 2065 μάντεσιν
1764 1984 1895 2047 ἑαυ-

2064 1729 2386 1853 αεινοιυρίε.
2436 1729 2859 1786 inmutationem
2879 1773 2895 1795 ,
2949 1737 3235 1805 prnstigiis
3254 1776 3268 1798 ,
3329 1729 3594 1807 veneﬁciis

2065 1810 2115 1853 et
2147 1817 2270 1853 (tum
2296 1804 2421 1853 stis.
2885 1807 2893 1818 '

2065 1810 2115 1853 et
2147 1804 2421 1858 amittatis.
2885 1807 2893 1818 ’

2069 1980 2455 2053 Sexagesimus
2507 1983 2716 2054 primus
2777 1989 2944 2040 sextae
3005 1988 3197 2057 synodi
3258 2002 3435 2044 canon
3498 2002 3599 2044 eo;

311 2088 441 2150 coit;
464 2085 883 2151 ὲπιδεδωκότας,
911 2086 944 2158 ἢ
976 2087 1192 2156 γόησιν,
1218 2086 1252 2156 ἢ
1278 2088 1392 2150 τοῖς
1416 2085 1739 2155 λεγομέναις
1767 2085 1899 2138 ἑκαέ-

2007 2073 2093 2144 qui
2138 2074 2358 2128 vatibus
2396 2090 2519 2129 sese
2569 2077 2920 2140 dediderunt,
2953 2078 3032 2132 vel
3079 2078 3597 2149 prmtigiatorilms,

312 2179 649 2250 τοντάρχοις.
686 2178 721 2248 ἢ
751 2181 865 2240 τοῖς
920 2180 1020 2242 τὰς
1050 2179 1294 2248 ἄρκτους
1356 2179 1808 2250 ὲπισυρομένοις,
1859 2176 1895 2245 ἢ

312 2270 477 2341 ἕτερα
507 2271 673 2341 θηρία
709 2272 847 2343 πρὸς
875 2271 1133 2340 παίγνιον
1173 2273 1270 2326 καὶ
1302 2271 1511 2343 βλάϐην
1537 2273 1649 2325 τῶν
1690 2273 1897 2326 ἁπλου-

314 2366 545 2434 στέρων,
579 2364 612 2433 ἢ
643 2365 759 2425 τοῖς
788 2363 1203 2431 νεφοδιώκταις,
1252 2363 1286 2433 ἢ
1315 2367 1432 2427 τοῖς
1460 2365 1678 2433 γόησιν,
1714 2364 1748 2432 ἢ
1782 2365 1898 2420 τοῖς

314 2455 617 2526 παρέχουσι
644 2456 713 2508 τὰ
749 2455 1178 2529 φυλακτήρια,ῆ
1207 2460 1322 2520 τοῖς
1352 2456 1545 2528 τύχην,
1572 2458 1669 2511 καὶ
1696 2459 1898 2527 εἱμαρ-

319 2547 510 2617 μένην,
547 2549 642 2600 καὶ
671 2547 1139 2617 γενεθλιαλογίαν,
1190 2551 1289 2605 καὶ
1323 2554 1590 2605 τοιούτων
1637 2551 1901 2622 ῥημάτων

314 2630 474 2707 ὄχλον
523 2636 782 2707 φωνοῦσι,
836 2638 983 2693 κατὰ
1035 2642 1165 2703 τοὺς
1210 2643 1311 2711 τῆς
1344 2641 1554 2713 πλάνης
1587 2640 1810 2713 λήρους,
1852 2640 1902 2695 οἳ

313 2732 406 2786 τὸν
460 2731 558 2801 μὲν
600 2731 679 2794 εἰς
736 2732 950 2803 ἡμέραν
1003 2733 1140 2802 φασὶ
1196 2732 1531 2804 γεννηθῆναι
1581 2733 1902 2798 κακοποιὸν,

312 2822 471 2876 me
492 2822 563 2877 αὖ
603 2824 682 2886 είς
709 2824 917 2895 ἀστέρα
943 2825 1168 2894 ἀγαθὸν,
1199 2825 1325 2890 τοὺς
1341 2825 1436 2881 οὖν
1460 2826 1905 2897 προσανέχοντας

2002 2166 2087 2221 vel
2118 2166 2186 2221 iis
2211 2167 2307 2236 qui
2360 2168 2717 2223 centuriones
2745 2170 3023 2233 dicuntur,
3066 2171 3148 2224 vel
3184 2170 3251 2227 iis
3308 2172 3401 2240 qui
3440 2189 3600 2226 ursus

2001 2258 2443 2324 circumducunt,
2494 2260 2578 2315 vel
2624 2261 2675 2314 id
2713 2278 2886 2331 genus
2933 2265 3193 2317 animalia
3224 2264 3290 2316 ad
3323 2265 3601 2334 imperito-

2005 2366 2126 2404 rum
2176 2350 2644 2406 oblectamentum
2707 2362 2761 2407 et
2798 2366 3023 2418 noxam,
3057 2356 3142 2410 vel
3198 2356 3429 2411 nubium
3482 2374 3602 2427 pet-
3697 2356 3709 2368 ⁶

2003 2426 2369 2506 secutoribus,
2422 2443 2506 2496 vel
2558 2443 3029 2513 incantatoribus,
3085 2447 3169 2502 vel
3216 2448 3287 2504 iis
3315 2450 3412 2519 qui
3462 2466 3601 2520 prte-

2005 2534 2141 2590 bent
2203 2536 2465 2597 amuleta,
2509 2536 2594 2591 vel
2642 2538 2737 2606 qui
2796 2538 3112 2605 fortunam,
3159 2533 3225 2596 ac
3276 2541 3483 2609 fatum,
3538 2559 3604 2598 ac

2006 2625 2404 2695 genealogiam,
2457 2634 2515 2681 et
2578 2627 2852 2695 ejusmodi
2902 2631 3198 2688 verborum
3268 2633 3599 2704 farraginem

2008 2716 2302 2787 proferunt
2333 2733 2399 2770 ex
2452 2718 2772 2788 impostum
2820 2722 3006 2794 nugis,
3063 2727 3155 2795 qui
3209 2726 3400 2782 dicunt
3457 2728 3603 2783 hunc

2009 2810 2230 2880 quidem
2293 2814 2382 2868 die
2439 2814 2700 2885 maligno,
2733 2816 2885 2871 illum
2916 2834 3045 2873 vero
3105 2819 3249 2874 felici
3297 2821 3479 2877 sidere
3508 2839 3604 2877 na-

313 2917 533 2982 τοὺτοις.
565 2918 656 2970 ἐπὶ
676 2917 924 2984 ἑξαετίαν
940 2920 1298 2986 καταδικάζει
1322 2936 1337 2951 ·
1364 2910 1726 2991 ἐπιμένοντας
1750 2921 1806 2974 δὲ
1825 2920 1900 2992 τῷ

2009 2914 2122 2960 tum
2153 2922 2298 2972 esse;
2339 2923 2435 2963 eos
2476 2909 2669 2980 igitur,
2700 2911 2793 2979 qui
2833 2911 2918 2967 his
2971 2913 3280 2981 conﬁdunt,
3329 2918 3598 2971 sexennio

314 3016 494 3078 κακῷ,
548 3007 743 3075 τελέως
780 3012 1109 3081 ἐκκηρύττει
1148 3013 1250 3079 τῆς
1304 3012 1626 3084 ἐκκλησίας,
1677 3012 1900 3075 λαῖκοὺς

312 3095 475 3165 ὄντας
522 3100 723 3170 δηλαδή
747 3118 762 3133 ·
800 3102 1122 3174 ἱερωμένοις
1162 3104 1220 3158 at
1259 3105 1487 3177 οὐδεμία
1538 3106 1899 3177 παραίτησις,

312 3197 374 3249 τὸ
423 3194 500 3267 μὴ
542 3196 605 3249 οὑ
670 3195 1102 3268 καθαιρεθῆναι·
1162 3199 1239 3263 ὡς
1298 3199 1409 3269 γὰρ
1463 3199 1541 3270 τῷ
1586 3199 1901 3271 Ἀποστόλῳ

312 3287 554 3360 εἴρηται,
592 3287 718 3352 «Τίς
747 3289 1146 3358 συγκατᾶθεσις
1166 3292 1280 3360 ναῷ
1294 3291 1429 3346 Θεοῦ
1451 3293 1571 3361 μετ’
1586 3291 1824 3347 εἰδώλων
1845 3309 1894 3359 ;»

313 3381 412 3433 καὶ
444 3380 515 3434 τὰ
542 3379 690 3451 ἑξῆς.
723 3381 968 3445 Μὰντεις
1020 3383 1122 3454 μὲν
1153 3380 1249 3439 οὖν
1278 3385 1532 3455 λέγονται
1560 3386 1611 3439 οἱ
1639 3389 1755 3449 τοῖς
1786 3387 1904 3440 δαί-

316 3490 481 3543 μοσιν
537 3475 767 3538 ἑαυτοὺς
822 3476 1071 3541 ἐκδόντες
1125 3479 1219 3533 καὶ
1268 3480 1770 3552 προσαναθέμενοι,
1806 3483 1903 3538 καὶ

286 3568 437 3631 ’ταῖς
470 3569 652 3622 αὑτῶν
681 3569 989 3637 ὑποθήκαις
1031 3571 1122 3627 διά
1158 3590 1325 3627 τινων
1351 3573 1599 3645 σημείων
1624 3576 1904 3648 πειρώμεο

306 3679 392 3716 vet
436 3662 658 3733 βλέπειν
688 3662 756 3716 τὰ
786 3663 1075 3733 μέλλοντα.
1116 3665 1552 3740 Ἑκατόνταρχοι
1586 3668 1666 3735 δὲ,
1693 3670 1743 3722 οἱ
1771 3670 1902 3741 περὶ

305 3753 633 3809 τὰτοιαῦτα
690 3756 999 3826 σοφώτερόν
1034 3774 1089 3812 τι
1141 3759 1414 3823 νοοῦντες,
1461 3761 1556 3814 καὶ
1604 3762 1782 3835 ταύτῃ
1813 3762 1902 3816 δο-

266 3845 539 3911 -κοῦντες
587 3848 919 3917 ἐπίπροσθεν
968 3850 1079 3903 τῶν
1127 3853 1342 3906 πολλῶν
1395 3849 1558 3907 εἶναι.
1593 3855 1657 3909 Οἱ
1708 3855 1764 3908 δὲ
1797 3854 1903 3919 τὰς

306 3940 554 4009 ἄρκτους
581 3940 994 4012 ἐπισυρόμενοι,
1026 3943 1295 4015 βάμματα
1326 3945 1671 4018 ὲξαρτῶντες
1693 3947 1898 4014 αὑτῶν,

286 4032 411 4085 καὶ
445 4031 555 4085 τῶν
584 4032 787 4103 τριχῶν
816 4033 1124 4102 κείροντες,
1156 4039 1280 4102 ταῖς
1331 4038 1579 4108 γυναιξὶν
1612 4041 1902 4113 ἀμφότερα

304 4124 697 4193 ἑπορέγουσιν,
746 4126 823 4190 ὡς
888 4127 1079 4194 νόσους
1141 4129 1391 4187 ἐλαύνειν
1453 4133 1548 4188 καὶ
1599 4134 1901 4204 βασκανίαν

305 4216 513 4287 ἔχοντα
542 4218 756 4287 φύσεως
777 4233 792 4249 ⁸
815 4219 965 4275 ἄλλοι
995 4222 1054 4276 δὲ
1087 4222 1243 4294 ὄφεις
1286 4227 1679 4301 περιφέρουσιν
1710 4231 1902 4298 ὲγκολυ

305 4311 477 4373 πέους
503 4352 517 4372 ,
541 4313 798 4382 γοητείαν
838 4312 907 4366 δι’
937 4316 1119 4369 αὐτῶν
1177 4319 1477 4388 μετιόντες.
1517 4320 1904 4391 Νεφοδιῶκται

302 4401 392 4464 δὲ,
412 4404 462 4454 οἱ
493 4401 581 4454 διὰ
613 4402 721 4456 τῶν
754 4404 812 4456 ὲν
844 4407 958 4469 τοῖς
984 4406 1173 4475 νέφεσι
1195 4409 1493 4480 σχημάτων
1525 4410 1648 4465 τινὰ
1682 4428 1907 4483 προφοι-

300 4491 600 4556 ϐάζοντες.
643 4494 847 4563 Γόητες
875 4496 966 4561 δὲ,
994 4500 1047 4552 ol
1089 4500 1415 4565 Δαυῖτικοὺς
1449 4502 1612 4573 δῆθεν
1657 4502 1906 4575 ψαλμοὺς

303 4586 562 4657 ᾄδοντες,
592 4589 688 4641 καὶ
712 4587 998 4659 ὀνομάτων
1025 4595 1382 4665 μαρτυρικῶν
1414 4597 1780 4666 μεμνημένοι,
1810 4597 1906 4653 καὶ

302 4678 495 4747 αὑτῆς
526 4677 632 4746 τῆς
664 4679 975 4750 ὑπεραγίας
1010 4683 1302 4748 Θεοτόκου,
1344 4685 1438 4738 καὶ
1470 4685 1681 4745 τούτοις
1713 4687 1811 4758 τὴν
1842 4691 1907 4743 ἐκ

300 4770 426 4822 τῶν
468 4769 740 4840 δαιμόνων
785 4774 1211 4843 παρενείροντες
1267 4776 1800 4851 γοητείαν.Ἕτεροι
1847 4780 1905 4834 δὲ

301 4862 430 4923 τοῖς
466 4861 766 4932 τραχήλοις
792 4862 903 4917 τῶν
938 4865 1147 4920 παίδων
1181 4869 1661 4937 συνεπτυγμένους
1693 4871 1907 4941 χάρτας

299 4954 685 5024 ἀπαιωροὺσι,
720 4958 844 5020 ταῖς
895 4959 1347 5030 παρατυχοὺσαις
1384 4963 1627 5034 ἐπῳδαῖς
1650 4979 1905 5036 γεγραμ-

304 5044 541 5112 μένους,
576 5044 828 5116 ὲρυθροῖς
877 5046 1197 5118 ὑφάσμασιν
1243 5050 1442 5115 αὐτοὺς
1485 5052 1901 5122 ὲνειλίσσοντες,

300 5135 389 5196 είς
444 5135 768 5207 ἀποτροπὴν
806 5137 969 5208 δῆθεν
999 5140 1204 5205 παντὸς
1251 5143 1498 5212 ἀνιαροῦ,
1529 5144 1566 5200 ἃ
1602 5146 1698 5201 καὶ
1731 5147 1906 5217 φυλα-

298 5227 521 5297 κτήρια
549 5227 769 5295 λέγουσι
812 5232 909 5283 καὶ
953 5234 1253 5304 περίαπτα.
1291 5236 1653 5310 Καθῄρηνται
1686 5237 1742 5295 δὲ
1773 5240 1906 5294 πολ-

300 5319 480 5382 λάκις
515 5322 607 5373 καὶ
643 5323 811 5392 ἱερεῖς
846 5325 941 5377 ἐπὶ
981 5326 1083 5396 τῆς
1108 5328 1353 5395 συνόδου,
1388 5332 1553 5400 ἄρτον
1588 5331 1690 5403 τῆς
1731 5335 1904 5404 μεγάο

299 5413 411 5480 λης
467 5413 731 5485 πέμπτης
779 5419 893 5470 τισὶ⁵
944 5422 1142 5487 φαγεῖν
1192 5422 1575 5492 ἐπορέξαντες,
1614 5426 1699 5494 ἐφ’
1740 5421 1783 5495 ᾧ
1834 5429 1904 5482 τὰ

301 5505 628 5573 συληθέντα
654 5510 978 5581 εὑρεθῆναι,
1007 5515 1070 5567 ὲκ
1104 5514 1198 5568 τοῦ
1233 5518 1308 5587 μὴ
1344 5518 1543 5588 ῥαδίως
1591 5519 1782 5574 τοῦτον
1808 5539 1906 5576 και

2004 3009 2279 3069 segregat;
2323 3014 2740 3070 perseverantes
2782 3013 2963 3058 autem
2990 3005 3042 3058 in
3071 3006 3217 3061 malo
3250 3007 3321 3063 ab
3356 3007 3603 3065 Ecclesia

2001 3093 2233 3145 onmino
2257 3092 2426 3161 ejieit,
2448 3092 2492 3149 si
2515 3094 2627 3148 sint
2648 3095 2860 3151 scilicet
2878 3096 3023 3163 laici;
3045 3113 3171 3153 nam
3195 3103 3494 3169 quominus
3514 3120 3573 3159 sa
3590 3136 3605 3147 -

2004 3177 2258 3239 cerdotes
2292 3186 2660 3256 deponantur,
2683 3186 2835 3242 nulla
2884 3198 2969 3245 est
3001 3193 3317 3249 excusatio;
3349 3193 3422 3250 Ut
3452 3197 3600 3252 enim

2005 3274 2184 3347 inquit
2214 3277 2509 3348 Apostolus
2538 3296 2554 3335 :
2595 3281 2889 3347 «Quaenam
2923 3284 3129 3355 templo
3158 3285 3255 3342 Del
3284 3304 3413 3343 cum
3440 3289 3601 3345 idolis

2004 3369 2380 3424 consensio?)
2416 3381 2472 3425 et
2535 3382 2751 3426 caetera.
2792 3371 2960 3430 Vates
3015 3376 3270 3445 equidem
3320 3380 3602 3447 dicuntur,

2005 3463 2099 3531 qui
2120 3463 2465 3523 daemonibus
2486 3482 2610 3523 sese
2626 3468 2910 3533 addicunt,
2936 3477 2991 3525 et
3014 3484 3081 3526 ex
3115 3472 3336 3529 illorum
3371 3492 3605 3547 sugges-

2004 3556 2251 3613 tionibus
2274 3573 2371 3628 per
2389 3561 2643 3630 quaedam
2672 3562 2829 3632 signa
2856 3577 2942 3619 res
2959 3577 3019 3619 se
3043 3564 3256 3624 futuras
3275 3569 3416 3625 scire
3439 3575 3608 3642 profi-

2005 3654 2213 3703 tentur.
2250 3650 2615 3708 Centuriones
2646 3668 2799 3719 vero,
2831 3659 2925 3727 qui
2979 3656 3046 3714 de
3081 3658 3166 3716 his
3195 3661 3601 3733 aliquantulum

2006 3741 2372 3809 sapientiores
2430 3754 2600 3809 sunt,
2647 3754 2705 3802 et
2763 3748 2891 3803 ideo
2946 3751 3331 3810 existimantes
3376 3772 3436 3811 se
3481 3759 3606 3815 aliis

2005 3830 2287 3889 anteferri.
2338 3836 2440 3903 Qui
2496 3852 2629 3893 vero
2672 3855 2832 3895 ursas
2861 3843 3306 3914 circumducunt,
3339 3850 3607 3908 tincturas

2005 3924 2119 3982 illis
2158 3915 2555 3998 appendcntes,
2606 3942 2662 3988 et
2708 3934 2855 4003 pilos
2912 3939 3229 4008 tondentes,
3283 3943 3607 4002 mulieribus

2005 4024 2168 4079 ambo
2211 4025 2476 4095 praebent,
2515 4035 2778 4097 tanquam
2839 4046 2961 4101 qua:
3019 4034 3242 4091 morbos
3273 4046 3331 4092 et
3365 4037 3608 4094 fascina-

2007 4117 2212 4171 tionem
2241 4117 2549 4187 propellere
2592 4120 2700 4173 vim
2733 4119 2992 4177 habeant.
3020 4122 3127 4177 Alii
3162 4140 3292 4181 vero
3324 4139 3609 4201 serpentes

2004 4208 2065 4264 in
2124 4208 2249 4266 sinu
2304 4219 2542 4281 gestant,
2590 4213 2902 4285 praestigias
2945 4230 3044 4287 per
3093 4230 3189 4272 eos
3238 4220 3607 4286 perficientes.

2009 4301 2248 4359 Nubium
2306 4316 2691 4375 persecutores
2717 4323 2848 4363 vero
2896 4319 3046 4377 sunt,
3098 4294 3191 4380 qui
3234 4328 3302 4368 ex
3327 4316 3514 4387 figuris
3554 4319 3605 4372 iu

2010 4396 2251 4452 nubibus
2304 4397 2490 4469 aliqua
2542 4398 2934 4455 vaticinantur.
2985 4400 3362 4460 lncantatores
3453 4423 3606 4474 vero,

2009 4489 2102 4560 qui
2149 4487 2442 4546 Davidicos
2494 4491 2737 4561 psalmos
2793 4491 3025 4550 subinde
3064 4505 3291 4565 canunt,
3324 4507 3377 4552 et
3426 4505 3606 4555 nomi-

1960 4617 1969 4626 -
2010 4599 2141 4637 num
2194 4594 2495 4655 martyrum
2546 4585 2941 4652 meminerunt,
2975 4587 3139 4644 etiam
3186 4590 3360 4659 ipsius
3399 4609 3606 4652 saneta:

2009 4671 2251 4743 Virginis
2290 4673 2560 4745 Deiparae;
2593 4685 2647 4731 et
2686 4677 2883 4732 horum
2930 4679 3152 4749 quidam
3205 4685 3511 4756 prmStigias
3540 4704 3605 4742 ex

2008 4767 2353 4823 daemonibus
2379 4767 2742 4826 somniantes.
2782 4771 2891 4825 Alii
2923 4787 3056 4829 vero
3114 4789 3410 4845 puerorum
3446 4785 3607 4838 collis

2009 4861 2228 4916 chartas
2256 4861 2617 4932 complicalas
2639 4862 3008 4936 suspendunt,
3031 4866 3459 4927 incantamentis
3485 4877 3609 4943 qui-

2008 4951 2237 5007 busdam
2276 4953 2592 5025 inscriptas,
2620 4956 2804 5013 rubris
2837 4961 3070 5016 textoris
3093 4960 3213 5017 illas
3244 4961 3606 5033 involventes,

2009 5042 2075 5098 ad
2133 5043 2489 5099 avertendum
2535 5047 2751 5104 scilicet
2806 5066 2972 5107 omne
3025 5053 3439 5123 perniciosum.
3486 5076 3607 5130 quae

2009 5140 2174 5192 etiam
2227 5139 2465 5194 amuleta
2518 5140 2780 5198 dicuntur
2831 5155 2887 5200 et
2939 5148 3242 5218 περίαπτα.
3293 5156 3336 5207 Α
3395 5157 3607 5225 synodo

2008 5231 2321 5302 ctiamsrcpe
2341 5233 2577 5303 depositi
2609 5235 2832 5292 fuerunt
2855 5243 3194 5307 sacerdotes,
3216 5247 3362 5315 quod
3388 5264 3604 5318 magna:

2008 5326 2212 5395 quinta:
2267 5325 2418 5381 feria:
2468 5328 2663 5398 panem
2710 5335 3039 5403 quibusdam
3070 5339 3463 5395 comedendum
3508 5343 3603 5397 de-

1998 5404 2226 5485 derunt,
2300 5430 2360 5474 ut
2407 5432 2659 5494 surrepta
2721 5429 3119 5495 tnvenirentur,
3152 5448 3218 5487 eo
3265 5435 3411 5504 quod
3448 5436 3600 5492 illum

2004 5528 2117 5566 .non
2158 5511 2318 5567 facile
2345 5513 2679 5585 degluliunt.
2699 5520 2853 5575 Alius
2883 5522 3050 5576 etiam
3074 5525 3296 5594 quidam
3322 5531 3599 5594 sacerdos,

300 5600 560 5654 ταπιεῖν.
589 5602 785 5666 ’Ἄλλος
811 5604 869 5656 δέ
900 5623 985 5669 τις
1019 5608 1203 5679 ἱερεὺς
1237 5612 1375 5679 μετὰ
1397 5611 1732 5681 Εὑαγγελίου
1758 5613 1900 5688 ξύλῳ

2009 5625 2132 5664 cum
2169 5609 2463 5682 Evangelio
2492 5611 2640 5686 ligno
2678 5616 2866 5688 ligato,
2896 5629 2948 5673 et
2989 5619 3042 5675 in
3088 5621 3273 5674 orbem
3329 5623 3603 5677 circuma-

302 5686 730 5758 συνδεδεμένου,
765 5695 860 5747 καὶ
890 5697 1169 5761 κυκλικῶς
1196 5704 1902 5774 περιστρεφομένου,”ὲρω-

300 5779 509 5852 τήσεις
529 5783 657 5853 περί
679 5802 844 5840 τινων
870 5788 1197 5858 ποιούμενος
1224 5790 1534 5847 ὑποθέσεων
1558 5794 1645 5849 διὰ
1668 5796 1904 5866 ψαλμῶν

600 5880 871 5943 Pnnoe.
924 5886 1043 5945 (in.
1090 5888 1132 5947 Ε
1147 5890 1187 5948 Χ
1202 5889 1313 5950 Ll'.

2011 5713 2123 5768 clo,
2152 5705 2610 5777 interrogationes
2635 5708 2702 5764 de
2730 5711 3056 5781 quibusdam
3109 5712 3274 5767 rebus
3322 5730 3420 5784 per
3456 5717 3602 5783 psal-

2016 5813 2133 5853 mos
2170 5798 2389 5855 l‘avidis
2440 5798 2651 5858 faciens
2722 5806 2906 5861 statim
2938 5805 3223 5878 depositus
3271 5807 3392 5863 fuit.
3440 5804 3601 5865 Tales

3225 5904 3255 5963 1
