  <div class='ocr_page' id='page_1' title='image "/cluster/home/n/w/nwhite01/storage/ocr_20150623/145:no.1/coo.31924054870500/013.png"; bbox 0 0 4054 6446; ppageno 0'>
   <div class='ocr_carea' id='block_1_1' title="bbox 431 344 2031 436">
    <p class='ocr_par' dir='ltr' id='par_1_1' title="bbox 431 348 1988 436">
     <span class='ocr_line' id='line_1_1' title="bbox 431 348 1988 436; baseline -0.018 -2"><span class='ocrx_word' id='word_1_1' title='bbox 431 364 494 436; x_wconf 77' lang='grc' dir='ltr'>Π</span> <span class='ocrx_word' id='word_1_2' title='bbox 1618 348 1988 412; x_wconf 65' lang='grc' dir='ltr'><strong>ΜΑΤἸἩΑΞΙ</strong></span> 
     </span>
    </p>
   </div>
   <div class='ocr_carea' id='block_1_2' title="bbox 2130 344 3688 436">
    <p class='ocr_par' dir='ltr' id='par_1_2' title="bbox 2130 344 3688 409">
     <span class='ocr_line' id='line_1_2' title="bbox 2130 344 3688 409; baseline 0.001 -3"><span class='ocrx_word' id='word_1_3' title='bbox 2130 349 2450 409; x_wconf 76' lang='lat' dir='ltr'><strong>ASTARIS</strong></span> <span class='ocrx_word' id='word_1_4' title='bbox 3622 344 3688 408; x_wconf 74' lang='lat' dir='ltr'><strong>i2</strong></span> 
     </span>
    </p>
   </div>
   <div class='ocr_carea' id='block_1_3' title="bbox 422 456 2031 542">
    <p class='ocr_par' dir='ltr' id='par_1_3' title="bbox 422 462 2019 542">
     <span class='ocr_line' id='line_1_3' title="bbox 422 462 2019 542; baseline -0.016 0"><span class='ocrx_word' id='word_1_5' title='bbox 422 487 590 542; x_wconf 87' lang='lat' dir='ltr'><strong>etiam</strong></span> <span class='ocrx_word' id='word_1_6' title='bbox 637 489 767 540; x_wconf 91' lang='lat' dir='ltr'><strong>sunt</strong></span> <span class='ocrx_word' id='word_1_7' title='bbox 802 488 857 535; x_wconf 87' lang='lat' dir='ltr'><strong>et</strong></span> <span class='ocrx_word' id='word_1_8' title='bbox 902 474 1188 541; x_wconf 85' lang='lat' dir='ltr'><strong>mulieres,</strong></span> <span class='ocrx_word' id='word_1_9' title='bbox 1249 484 1371 540; x_wconf 83' lang='lat' dir='ltr'><strong>quae</strong></span> <span class='ocrx_word' id='word_1_10' title='bbox 1418 465 1667 524; x_wconf 88' lang='lat' dir='ltr'><strong>ccclesiis</strong></span> <span class='ocrx_word' id='word_1_11' title='bbox 1720 464 1808 520; x_wconf 86' lang='lat' dir='ltr'><strong>vel</strong></span> <span class='ocrx_word' id='word_1_12' title='bbox 1844 462 2019 518; x_wconf 88' lang='lat' dir='ltr'><strong>sacris</strong></span> 
     </span>
    </p>
   </div>
   <div class='ocr_carea' id='block_1_4' title="bbox 2130 456 3688 542">
    <p class='ocr_par' dir='ltr' id='par_1_4' title="bbox 2130 456 3688 532">
     <span class='ocr_line' id='line_1_4' title="bbox 2130 456 3688 532; baseline -0.003 -16"><span class='ocrx_word' id='word_1_13' title='bbox 2130 464 2444 526; x_wconf 82' lang='grc' dir='ltr'>Δαυῖδικῶν,</span> <span class='ocrx_word' id='word_1_14' title='bbox 2478 462 2677 525; x_wconf 76' lang='grc' dir='ltr'>εὐθέως</span> <span class='ocrx_word' id='word_1_15' title='bbox 2710 459 3039 532; x_wconf 76' lang='grc' dir='ltr'><strong>καθῄρηται.</strong></span> <span class='ocrx_word' id='word_1_16' title='bbox 3075 456 3338 512; x_wconf 84' lang='grc' dir='ltr'>Τοιοῦταί</span> <span class='ocrx_word' id='word_1_17' title='bbox 3376 457 3483 510; x_wconf 84' lang='grc' dir='ltr'>εἰσι</span> <span class='ocrx_word' id='word_1_18' title='bbox 3507 459 3600 510; x_wconf 76' lang='grc' dir='ltr'>καὶ</span> <span class='ocrx_word' id='word_1_19' title='bbox 3629 458 3688 512; x_wconf 70' lang='grc' dir='ltr'>αἱ</span> 
     </span>
    </p>
   </div>
   <div class='ocr_carea' id='block_1_5' title="bbox 425 548 2031 648">
    <p class='ocr_par' dir='ltr' id='par_1_5' title="bbox 425 558 2019 648">
     <span class='ocr_line' id='line_1_5' title="bbox 425 558 2019 648; baseline -0.015 -15"><span class='ocrx_word' id='word_1_20' title='bbox 425 577 765 648; x_wconf 78' lang='lat' dir='ltr'><strong>imaginibus</strong></span> <span class='ocrx_word' id='word_1_21' title='bbox 817 570 1063 628; x_wconf 86' lang='lat' dir='ltr'><strong>assident</strong></span> <span class='ocrx_word' id='word_1_22' title='bbox 1112 576 1167 623; x_wconf 90' lang='lat' dir='ltr'><strong>et</strong></span> <span class='ocrx_word' id='word_1_23' title='bbox 1220 580 1285 621; x_wconf 82' lang='lat' dir='ltr'><strong>ex</strong></span> <span class='ocrx_word' id='word_1_24' title='bbox 1340 562 1430 618; x_wconf 88' lang='lat' dir='ltr'><strong>his</strong></span> <span class='ocrx_word' id='word_1_25' title='bbox 1474 575 1537 618; x_wconf 83' lang='lat' dir='ltr'><strong>se</strong></span> <span class='ocrx_word' id='word_1_26' title='bbox 1581 558 1764 615; x_wconf 78' lang='lat' dir='ltr'><strong>futura</strong></span> <span class='ocrx_word' id='word_1_27' title='bbox 1816 571 2019 625; x_wconf 72' lang='lat' dir='ltr'><strong>cogno-</strong></span> 
     </span>
    </p>
   </div>
   <div class='ocr_carea' id='block_1_6' title="bbox 2130 548 3687 648">
    <p class='ocr_par' dir='ltr' id='par_1_6' title="bbox 2130 548 3687 627">
     <span class='ocr_line' id='line_1_6' title="bbox 2130 548 3687 627; baseline -0.007 -16"><span class='ocrx_word' id='word_1_28' title='bbox 2130 558 2237 621; x_wconf 72' lang='grc' dir='ltr'>ταῖς</span> <span class='ocrx_word' id='word_1_29' title='bbox 2281 557 2607 627; x_wconf 77' lang='grc' dir='ltr'><strong>ἐκκλησίαις</strong></span> <span class='ocrx_word' id='word_1_30' title='bbox 2634 556 2666 627; x_wconf 74' lang='grc' dir='ltr'>ἢ</span> <span class='ocrx_word' id='word_1_31' title='bbox 2722 557 2839 615; x_wconf 82' lang='grc' dir='ltr'>ταῖς</span> <span class='ocrx_word' id='word_1_32' title='bbox 2871 553 3055 619; x_wconf 77' lang='grc' dir='ltr'>ἁγίαις</span> <span class='ocrx_word' id='word_1_33' title='bbox 3085 550 3259 603; x_wconf 75' lang='grc' dir='ltr'>εἰκόσι</span> <span class='ocrx_word' id='word_1_34' title='bbox 3290 548 3687 625; x_wconf 73' lang='grc' dir='ltr'>προσεδρεύου-</span> 
     </span>
    </p>
   </div>
   <div class='ocr_carea' id='block_1_7' title="bbox 426 638 2031 735">
    <p class='ocr_par' dir='ltr' id='par_1_7' title="bbox 426 654 2017 735">
     <span class='ocr_line' id='line_1_7' title="bbox 426 654 2017 735; baseline -0.015 -8"><span class='ocrx_word' id='word_1_35' title='bbox 426 685 583 728; x_wconf 87' lang='lat' dir='ltr'><strong>scere</strong></span> <span class='ocrx_word' id='word_1_36' title='bbox 636 681 791 735; x_wconf 71' lang='lat' dir='ltr'><strong>aeque</strong></span> <span class='ocrx_word' id='word_1_37' title='bbox 840 678 905 719; x_wconf 90' lang='lat' dir='ltr'><strong>ac</strong></span> <span class='ocrx_word' id='word_1_38' title='bbox 930 661 1225 733; x_wconf 68' lang='lat' dir='ltr'><strong>praedicere</strong></span> <span class='ocrx_word' id='word_1_39' title='bbox 1250 654 1544 718; x_wconf 83' lang='lat' dir='ltr'><strong>allirmant,</strong></span> <span class='ocrx_word' id='word_1_40' title='bbox 1597 666 1707 707; x_wconf 89' lang='lat' dir='ltr'><strong>non</strong></span> <span class='ocrx_word' id='word_1_41' title='bbox 1746 665 1910 707; x_wconf 88' lang='lat' dir='ltr'><strong>secus</strong></span> <span class='ocrx_word' id='word_1_42' title='bbox 1952 662 2017 704; x_wconf 85' lang='lat' dir='ltr'><strong>ac</strong></span> 
     </span>
    </p>
   </div>
   <div class='ocr_carea' id='block_1_8' title="bbox 2130 638 3688 735">
    <p class='ocr_par' dir='ltr' id='par_1_8' title="bbox 2130 638 3688 717">
     <span class='ocr_line' id='line_1_8' title="bbox 2130 638 3688 717; baseline -0.007 -16"><span class='ocrx_word' id='word_1_43' title='bbox 2130 665 2212 702; x_wconf 79' lang='lat' dir='ltr'><strong>rat</strong></span> <span class='ocrx_word' id='word_1_44' title='bbox 2250 650 2532 717; x_wconf 82' lang='grc' dir='ltr'>γυναῖκες,</span> <span class='ocrx_word' id='word_1_45' title='bbox 2564 647 2673 700; x_wconf 84' lang='grc' dir='ltr'>κάκ</span> <span class='ocrx_word' id='word_1_46' title='bbox 2702 646 2908 699; x_wconf 86' lang='grc' dir='ltr'>τούτων</span> <span class='ocrx_word' id='word_1_47' title='bbox 2940 641 3353 713; x_wconf 80' lang='grc' dir='ltr'>ίσχυριζόμεναι</span> <span class='ocrx_word' id='word_1_48' title='bbox 3394 638 3688 705; x_wconf 77' lang='grc' dir='ltr'><strong>γινώσκειν</strong></span> 
     </span>
    </p>
   </div>
   <div class='ocr_carea' id='block_1_9' title="bbox 427 725 2031 835">
    <p class='ocr_par' dir='ltr' id='par_1_9' title="bbox 427 725 2017 835">
     <span class='ocr_line' id='line_1_9' title="bbox 427 725 2017 835; baseline -0.015 -15"><span class='ocrx_word' id='word_1_49' title='bbox 427 779 551 835; x_wconf 76' lang='lat' dir='ltr'><strong>qua:</strong></span> <span class='ocrx_word' id='word_1_50' title='bbox 574 725 998 830; x_wconf 44' lang='lat' dir='ltr'><strong>olim-Pythonis</strong></span> <span class='ocrx_word' id='word_1_51' title='bbox 1022 753 1274 825; x_wconf 89' lang='lat' dir='ltr'><strong>spiritum</strong></span> <span class='ocrx_word' id='word_1_52' title='bbox 1307 750 1635 805; x_wconf 84' lang='lat' dir='ltr'><strong>habuerunt.</strong></span> <span class='ocrx_word' id='word_1_53' title='bbox 1676 745 1751 799; x_wconf 90' lang='lat' dir='ltr'><strong>De</strong></span> <span class='ocrx_word' id='word_1_54' title='bbox 1780 744 1867 799; x_wconf 88' lang='lat' dir='ltr'><strong>his</strong></span> <span class='ocrx_word' id='word_1_55' title='bbox 1899 758 2017 797; x_wconf 91' lang='lat' dir='ltr'><strong>om-</strong></span> 
     </span>
    </p>
   </div>
   <div class='ocr_carea' id='block_1_10' title="bbox 2130 725 3688 835">
    <p class='ocr_par' dir='ltr' id='par_1_10' title="bbox 2130 725 3688 807">
     <span class='ocr_line' id='line_1_10' title="bbox 2130 725 3688 807; baseline -0.008 -17"><span class='ocrx_word' id='word_1_56' title='bbox 2130 736 2280 807; x_wconf 71' lang='grc' dir='ltr'>Βῆθεν</span> <span class='ocrx_word' id='word_1_57' title='bbox 2310 736 2379 789; x_wconf 73' lang='grc' dir='ltr'><strong>τὰ</strong></span> <span class='ocrx_word' id='word_1_58' title='bbox 2420 736 2681 805; x_wconf 82' lang='grc' dir='ltr'>μέλλοντα</span> <span class='ocrx_word' id='word_1_59' title='bbox 2728 736 2824 787; x_wconf 69' lang='grc' dir='ltr'>καὶ</span> <span class='ocrx_word' id='word_1_60' title='bbox 2869 730 3184 802; x_wconf 72' lang='grc' dir='ltr'><strong>προλέγειν,</strong></span> <span class='ocrx_word' id='word_1_61' title='bbox 3217 729 3362 781; x_wconf 82' lang='grc' dir='ltr'>κατὰ</span> <span class='ocrx_word' id='word_1_62' title='bbox 3393 728 3491 789; x_wconf 73' lang='grc' dir='ltr'><strong>τὰς</strong></span> <span class='ocrx_word' id='word_1_63' title='bbox 3521 725 3688 778; x_wconf 65' lang='grc' dir='ltr'>πάλαι</span> 
     </span>
    </p>
   </div>
   <div class='ocr_carea' id='block_1_11' title="bbox 428 818 2031 913">
    <p class='ocr_par' dir='ltr' id='par_1_11' title="bbox 428 818 2014 913">
     <span class='ocr_line' id='line_1_11' title="bbox 428 818 2014 913; baseline -0.016 -3"><span class='ocrx_word' id='word_1_64' title='bbox 428 818 591 910; x_wconf 73' lang='lat' dir='ltr'><strong>nibus</strong></span> <span class='ocrx_word' id='word_1_65' title='bbox 617 852 748 907; x_wconf 87' lang='lat' dir='ltr'><strong>dicit</strong></span> <span class='ocrx_word' id='word_1_66' title='bbox 776 818 995 905; x_wconf 76' lang='lat' dir='ltr'><strong>divinus</strong></span> <span class='ocrx_word' id='word_1_67' title='bbox 1024 818 1470 913; x_wconf 54' lang='lat' dir='ltr'><strong>Chrysostomus</strong></span> <span class='ocrx_word' id='word_1_68' title='bbox 1494 878 1510 905; x_wconf 93' lang='lat'><strong>,</strong></span> <span class='ocrx_word' id='word_1_69' title='bbox 1538 833 1763 892; x_wconf 79' lang='lat' dir='ltr'><strong>etiamsi</strong></span> <span class='ocrx_word' id='word_1_70' title='bbox 1808 838 2014 888; x_wconf 73' lang='lat' dir='ltr'><strong>sanctae</strong></span> 
     </span>
    </p>
   </div>
   <div class='ocr_carea' id='block_1_12' title="bbox 2130 818 3687 913">
    <p class='ocr_par' dir='ltr' id='par_1_12' title="bbox 2130 818 3687 897">
     <span class='ocr_line' id='line_1_12' title="bbox 2130 818 3687 897; baseline -0.006 -16"><span class='ocrx_word' id='word_1_71' title='bbox 2130 826 2334 897; x_wconf 64' lang='grc' dir='ltr'>πνεῦμα</span> <span class='ocrx_word' id='word_1_72' title='bbox 2386 825 2639 888; x_wconf 84' lang='grc' dir='ltr'>Πύθωνος</span> <span class='ocrx_word' id='word_1_73' title='bbox 2700 823 2952 893; x_wconf 80' lang='grc' dir='ltr'>ἐχούσας.</span> <span class='ocrx_word' id='word_1_74' title='bbox 3016 821 3152 892; x_wconf 75' lang='grc' dir='ltr'>Περὶ</span> <span class='ocrx_word' id='word_1_75' title='bbox 3199 818 3408 874; x_wconf 88' lang='grc' dir='ltr'>τούτων</span> <span class='ocrx_word' id='word_1_76' title='bbox 3466 818 3687 871; x_wconf 81' lang='grc' dir='ltr'>πάντων</span> 
     </span>
    </p>
   </div>
   <div class='ocr_carea' id='block_1_13' title="bbox 431 920 2011 1009">
    <p class='ocr_par' dir='ltr' id='par_1_13' title="bbox 431 920 2011 1009">
     <span class='ocr_line' id='line_1_13' title="bbox 431 920 2011 1009; baseline -0.018 -6"><span class='ocrx_word' id='word_1_77' title='bbox 431 945 718 1003; x_wconf 84' lang='lat' dir='ltr'><strong>Trinitatis</strong></span> <span class='ocrx_word' id='word_1_78' title='bbox 748 934 1235 1009; x_wconf 60' lang='lat' dir='ltr'><strong>nomen&#39;ejustnodi</strong></span> <span class='ocrx_word' id='word_1_79' title='bbox 1256 920 1574 987; x_wconf 70' lang='lat' dir='ltr'><strong>actionibus</strong></span> <span class='ocrx_word' id='word_1_80' title='bbox 1623 926 2011 991; x_wconf 71' lang='lat' dir='ltr'><strong>admisceatur,</strong></span> 
     </span>
    </p>
   </div>
   <div class='ocr_carea' id='block_1_14' title="bbox 429 1013 2016 1097">
    <p class='ocr_par' dir='ltr' id='par_1_14' title="bbox 429 1013 2016 1097">
     <span class='ocr_line' id='line_1_14' title="bbox 429 1013 2016 1097; baseline -0.02 -1"><span class='ocrx_word' id='word_1_81' title='bbox 429 1040 532 1097; x_wconf 88' lang='lat' dir='ltr'><strong>etsi</strong></span> <span class='ocrx_word' id='word_1_82' title='bbox 571 1036 743 1094; x_wconf 83' lang='lat' dir='ltr'><strong>sancti</strong></span> <span class='ocrx_word' id='word_1_83' title='bbox 796 1034 960 1088; x_wconf 84' lang='lat' dir='ltr'><strong>etiam</strong></span> <span class='ocrx_word' id='word_1_84' title='bbox 992 1030 1338 1089; x_wconf 81' lang='lat' dir='ltr'><strong>invocentur,</strong></span> <span class='ocrx_word' id='word_1_85' title='bbox 1372 1031 1426 1076; x_wconf 82' lang='lat' dir='ltr'><strong>ct</strong></span> <span class='ocrx_word' id='word_1_86' title='bbox 1455 1021 1672 1091; x_wconf 78' lang='lat' dir='ltr'><strong>signum</strong></span> <span class='ocrx_word' id='word_1_87' title='bbox 1706 1015 1888 1072; x_wconf 84' lang='lat' dir='ltr'><strong>erucis</strong></span> <span class='ocrx_word' id='word_1_88' title='bbox 1933 1013 2016 1066; x_wconf 89' lang='lat' dir='ltr'><strong>in-</strong></span> 
     </span>
    </p>
   </div>
   <div class='ocr_carea' id='block_1_15' title="bbox 429 1105 2013 1201">
    <p class='ocr_par' dir='ltr' id='par_1_15' title="bbox 429 1105 2013 1201">
     <span class='ocr_line' id='line_1_15' title="bbox 429 1105 2013 1201; baseline -0.02 -13"><span class='ocrx_word' id='word_1_89' title='bbox 429 1146 595 1201; x_wconf 82' lang='lat' dir='ltr'><strong>super</strong></span> <span class='ocrx_word' id='word_1_90' title='bbox 627 1131 1034 1197; x_wconf 80' lang='lat' dir='ltr'><strong>interponatur,</strong></span> <span class='ocrx_word' id='word_1_91' title='bbox 1091 1119 1281 1189; x_wconf 80' lang='lat' dir='ltr'><strong>fugere</strong></span> <span class='ocrx_word' id='word_1_92' title='bbox 1318 1126 1500 1171; x_wconf 84' lang='lat' dir='ltr'><strong>tamen</strong></span> <span class='ocrx_word' id='word_1_93' title='bbox 1546 1126 1614 1166; x_wconf 85' lang='lat' dir='ltr'><strong>ea</strong></span> <span class='ocrx_word' id='word_1_94' title='bbox 1660 1123 1760 1162; x_wconf 91' lang='lat' dir='ltr'><strong>nos</strong></span> <span class='ocrx_word' id='word_1_95' title='bbox 1812 1105 2013 1159; x_wconf 78' lang='lat' dir='ltr'><strong>debere</strong></span> 
     </span>
    </p>
   </div>
   <div class='ocr_carea' id='block_1_16' title="bbox 430 1196 2011 1279">
    <p class='ocr_par' dir='ltr' id='par_1_16' title="bbox 430 1196 2011 1279">
     <span class='ocr_line' id='line_1_16' title="bbox 430 1196 2011 1279; baseline -0.021 0"><span class='ocrx_word' id='word_1_96' title='bbox 430 1233 485 1279; x_wconf 89' lang='lat' dir='ltr'><strong>et</strong></span> <span class='ocrx_word' id='word_1_97' title='bbox 505 1196 752 1277; x_wconf 76' lang='lat' dir='ltr'><strong>aversari</strong></span> <span class='ocrx_word' id='word_1_98' title='bbox 776 1196 798 1272; x_wconf 75' lang='grc' dir='ltr'><strong>ι</strong></span> <span class='ocrx_word' id='word_1_99' title='bbox 839 1226 894 1271; x_wconf 89' lang='lat' dir='ltr'><strong>et</strong></span> <span class='ocrx_word' id='word_1_100' title='bbox 940 1216 996 1270; x_wconf 90' lang='lat' dir='ltr'><strong>in</strong></span> <span class='ocrx_word' id='word_1_101' title='bbox 1035 1212 1102 1267; x_wconf 72' lang='lat'><strong>21</strong></span> <span class='ocrx_word' id='word_1_102' title='bbox 1138 1208 1384 1273; x_wconf 88' lang='lat' dir='ltr'><strong>homilia,</strong></span> <span class='ocrx_word' id='word_1_103' title='bbox 1414 1203 1557 1272; x_wconf 76' lang='lat' dir='ltr'><strong>libril</strong></span> <span class='ocrx_word' id='word_1_104' title='bbox 1577 1201 1655 1255; x_wconf 86' lang='lat' dir='ltr'><strong>De</strong></span> <span class='ocrx_word' id='word_1_105' title='bbox 1688 1196 2011 1257; x_wconf 79' lang='lat' dir='ltr'><strong>simulacris,</strong></span> 
     </span>
    </p>
   </div>
   <div class='ocr_carea' id='block_1_17' title="bbox 429 1286 2012 1370">
    <p class='ocr_par' dir='ltr' id='par_1_17' title="bbox 429 1286 2012 1370">
     <span class='ocr_line' id='line_1_17' title="bbox 429 1286 2012 1370; baseline -0.02 0"><span class='ocrx_word' id='word_1_106' title='bbox 429 1324 491 1370; x_wconf 87' lang='lat' dir='ltr'><strong>ut</strong></span> <span class='ocrx_word' id='word_1_107' title='bbox 510 1324 565 1369; x_wconf 91' lang='lat' dir='ltr'><strong>et</strong></span> <span class='ocrx_word' id='word_1_108' title='bbox 592 1314 645 1367; x_wconf 90' lang='lat' dir='ltr'><strong>in</strong></span> <span class='ocrx_word' id='word_1_109' title='bbox 671 1311 704 1366; x_wconf 87' lang='lat'>6</span> <span class='ocrx_word' id='word_1_110' title='bbox 733 1317 927 1364; x_wconf 88' lang='lat' dir='ltr'><strong>contra</strong></span> <span class='ocrx_word' id='word_1_111' title='bbox 954 1304 1172 1361; x_wconf 63' lang='lat' dir='ltr'><strong>Judaos</strong></span> <span class='ocrx_word' id='word_1_112' title='bbox 1200 1297 1452 1362; x_wconf 83' lang='lat' dir='ltr'><strong>humilia,</strong></span> <span class='ocrx_word' id='word_1_113' title='bbox 1474 1308 1585 1351; x_wconf 89' lang='lat' dir='ltr'><strong>non</strong></span> <span class='ocrx_word' id='word_1_114' title='bbox 1627 1290 1805 1347; x_wconf 86' lang='lat' dir='ltr'><strong>obiter</strong></span> <span class='ocrx_word' id='word_1_115' title='bbox 1833 1288 1901 1343; x_wconf 90' lang='lat' dir='ltr'><strong>de</strong></span> <span class='ocrx_word' id='word_1_116' title='bbox 1927 1286 2012 1339; x_wconf 90' lang='lat' dir='ltr'><strong>bis</strong></span> 
     </span>
    </p>
   </div>
   <div class='ocr_carea' id='block_1_18' title="bbox 416 1397 932 1474">
    <p class='ocr_par' dir='ltr' id='par_1_18' title="bbox 416 1397 932 1474">
     <span class='ocr_line' id='line_1_18' title="bbox 416 1397 932 1474; baseline -0.017 -13"><span class='ocrx_word' id='word_1_117' title='bbox 416 1403 767 1474; x_wconf 75' lang='lat' dir='ltr'><strong>&#39;triumphum</strong></span> <span class='ocrx_word' id='word_1_118' title='bbox 798 1397 932 1471; x_wconf 78' lang='lat' dir='ltr'><strong>agit.</strong></span> 
     </span>
    </p>
   </div>
   <div class='ocr_carea' id='block_1_19' title="bbox 504 1606 2014 1694">
    <p class='ocr_par' dir='ltr' id='par_1_19' title="bbox 504 1606 2014 1694">
     <span class='ocr_line' id='line_1_19' title="bbox 504 1606 2014 1694; baseline -0.016 -12"><span class='ocrx_word' id='word_1_119' title='bbox 504 1618 814 1685; x_wconf 72' lang='lat' dir='ltr'><strong>Vicesimus</strong></span> <span class='ocrx_word' id='word_1_120' title='bbox 844 1627 1073 1694; x_wconf 82' lang='lat' dir='ltr'><strong>quartus</strong></span> <span class='ocrx_word' id='word_1_121' title='bbox 1123 1619 1429 1689; x_wconf 56' lang='lat' dir='ltr'><strong>Ancyrana‘.</strong></span> <span class='ocrx_word' id='word_1_122' title='bbox 1485 1608 1678 1684; x_wconf 73' lang='lat' dir='ltr'><strong>synodi</strong></span> <span class='ocrx_word' id='word_1_123' title='bbox 1702 1606 2014 1679; x_wconf 78' lang='lat' dir='ltr'><strong>quinquen-</strong></span> 
     </span>
    </p>
   </div>
   <div class='ocr_carea' id='block_1_20' title="bbox 438 1699 2009 1793">
    <p class='ocr_par' dir='ltr' id='par_1_20' title="bbox 438 1699 2009 1793">
     <span class='ocr_line' id='line_1_20' title="bbox 438 1699 2009 1793; baseline -0.018 -12"><span class='ocrx_word' id='word_1_124' title='bbox 438 1726 513 1781; x_wconf 89' lang='lat' dir='ltr'><strong>nii</strong></span> <span class='ocrx_word' id='word_1_125' title='bbox 545 1737 721 1793; x_wconf 78' lang='lat' dir='ltr'><strong>poenae</strong></span> <span class='ocrx_word' id='word_1_126' title='bbox 753 1716 979 1788; x_wconf 86' lang='lat' dir='ltr'><strong>subjicit</strong></span> <span class='ocrx_word' id='word_1_127' title='bbox 1012 1727 1108 1769; x_wconf 87' lang='lat' dir='ltr'><strong>eos</strong></span> <span class='ocrx_word' id='word_1_128' title='bbox 1146 1710 1242 1782; x_wconf 88' lang='lat' dir='ltr'><strong>qui</strong></span> <span class='ocrx_word' id='word_1_129' title='bbox 1290 1707 1534 1780; x_wconf 84' lang='lat' dir='ltr'><strong>gentium</strong></span> <span class='ocrx_word' id='word_1_130' title='bbox 1576 1699 2009 1760; x_wconf 81' lang='lat' dir='ltr'><strong>consuetudines</strong></span> 
     </span>
    </p>
   </div>
   <div class='ocr_carea' id='block_1_21' title="bbox 2117 908 3687 989">
    <p class='ocr_par' dir='ltr' id='par_1_21' title="bbox 2117 908 3687 989">
     <span class='ocr_line' id='line_1_21' title="bbox 2117 908 3687 989; baseline -0.008 -18"><span class='ocrx_word' id='word_1_131' title='bbox 2117 921 2283 989; x_wconf 71' lang='grc' dir='ltr'>φησὶν</span> <span class='ocrx_word' id='word_1_132' title='bbox 2339 919 2367 971; x_wconf 85' lang='grc' dir='ltr'><strong>ό</strong></span> <span class='ocrx_word' id='word_1_133' title='bbox 2420 917 2566 980; x_wconf 89' lang='grc' dir='ltr'>θεῖος</span> <span class='ocrx_word' id='word_1_134' title='bbox 2627 915 3040 985; x_wconf 82' lang='grc' dir='ltr'>Χρυσόστομος,</span> <span class='ocrx_word' id='word_1_135' title='bbox 3093 914 3197 976; x_wconf 84' lang='grc' dir='ltr'>ὅτι,</span> <span class='ocrx_word' id='word_1_136' title='bbox 3254 911 3356 978; x_wconf 71' lang='grc' dir='ltr'>κᾶν</span> <span class='ocrx_word' id='word_1_137' title='bbox 3395 909 3493 975; x_wconf 82' lang='grc' dir='ltr'><strong>τῆς</strong></span> <span class='ocrx_word' id='word_1_138' title='bbox 3525 908 3687 972; x_wconf 81' lang='grc' dir='ltr'>ἁγίας</span> 
     </span>
    </p>
   </div>
   <div class='ocr_carea' id='block_1_22' title="bbox 2116 1001 3688 1080">
    <p class='ocr_par' dir='ltr' id='par_1_22' title="bbox 2116 1001 3688 1080">
     <span class='ocr_line' id='line_1_22' title="bbox 2116 1001 3688 1080; baseline -0.006 -17"><span class='ocrx_word' id='word_1_139' title='bbox 2116 1010 2346 1080; x_wconf 88' lang='grc' dir='ltr'>Τριάδος</span> <span class='ocrx_word' id='word_1_140' title='bbox 2375 1009 2545 1077; x_wconf 73' lang='grc' dir='ltr'>ὄνομα</span> <span class='ocrx_word' id='word_1_141' title='bbox 2572 1007 2895 1077; x_wconf 83' lang='grc' dir='ltr'>ὲπιλέγηται</span> <span class='ocrx_word' id='word_1_142' title='bbox 2930 1007 3045 1068; x_wconf 87' lang='grc' dir='ltr'>τοῖς</span> <span class='ocrx_word' id='word_1_143' title='bbox 3072 1004 3355 1065; x_wconf 80' lang='grc' dir='ltr'>τοιούτοις.</span> <span class='ocrx_word' id='word_1_144' title='bbox 3382 1002 3486 1055; x_wconf 75' lang='grc' dir='ltr'>κᾶν</span> <span class='ocrx_word' id='word_1_145' title='bbox 3516 1001 3688 1067; x_wconf 83' lang='grc' dir='ltr'>ἁγίων</span> 
     </span>
    </p>
   </div>
   <div class='ocr_carea' id='block_1_23' title="bbox 2115 1093 3682 1172">
    <p class='ocr_par' dir='ltr' id='par_1_23' title="bbox 2115 1093 3682 1172">
     <span class='ocr_line' id='line_1_23' title="bbox 2115 1093 3682 1172; baseline -0.008 -15"><span class='ocrx_word' id='word_1_146' title='bbox 2115 1103 2375 1172; x_wconf 83' lang='grc' dir='ltr'><strong>γίνωνται</strong></span> <span class='ocrx_word' id='word_1_147' title='bbox 2423 1103 2763 1171; x_wconf 70' lang='grc' dir='ltr'>ἐπικλήσεις.</span> <span class='ocrx_word' id='word_1_148' title='bbox 2823 1099 2925 1154; x_wconf 77' lang='grc' dir='ltr'>κᾶν</span> <span class='ocrx_word' id='word_1_149' title='bbox 2959 1099 3020 1153; x_wconf 80' lang='grc' dir='ltr'>τὸ</span> <span class='ocrx_word' id='word_1_150' title='bbox 3063 1100 3289 1167; x_wconf 88' lang='grc' dir='ltr'>σημεῖον</span> <span class='ocrx_word' id='word_1_151' title='bbox 3318 1095 3414 1148; x_wconf 81' lang='grc' dir='ltr'><strong>τοῦ</strong></span> <span class='ocrx_word' id='word_1_152' title='bbox 3443 1093 3682 1162; x_wconf 76' lang='grc' dir='ltr'>σταυροῦ</span> 
     </span>
    </p>
   </div>
   <div class='ocr_carea' id='block_1_24' title="bbox 2113 1187 3685 1267">
    <p class='ocr_par' dir='ltr' id='par_1_24' title="bbox 2113 1187 3685 1267">
     <span class='ocr_line' id='line_1_24' title="bbox 2113 1187 3685 1267; baseline -0.008 -17"><span class='ocrx_word' id='word_1_153' title='bbox 2113 1196 2413 1267; x_wconf 78' lang='grc' dir='ltr'>ὲπὰγηται,</span> <span class='ocrx_word' id='word_1_154' title='bbox 2447 1197 2674 1264; x_wconf 80' lang='grc' dir='ltr'>φεύγειν</span> <span class='ocrx_word' id='word_1_155' title='bbox 2690 1195 2774 1247; x_wconf 86' lang='grc' dir='ltr'><strong>δεῖ</strong></span> <span class='ocrx_word' id='word_1_156' title='bbox 2797 1195 2867 1246; x_wconf 78' lang='grc' dir='ltr'><strong>τά</strong></span> <span class='ocrx_word' id='word_1_157' title='bbox 2889 1191 3115 1245; x_wconf 82' lang='grc' dir='ltr'>τοιαῦτα</span> <span class='ocrx_word' id='word_1_158' title='bbox 3128 1193 3221 1243; x_wconf 69' lang='grc' dir='ltr'>καὶ</span> <span class='ocrx_word' id='word_1_159' title='bbox 3242 1187 3645 1257; x_wconf 74' lang='grc' dir='ltr'>ἀποτρέπεσθαι</span> <span class='ocrx_word' id='word_1_160' title='bbox 3669 1203 3685 1219; x_wconf 73' lang='grc' dir='ltr'><strong><em>ο</em></strong></span> 
     </span>
    </p>
   </div>
   <div class='ocr_carea' id='block_1_25' title="bbox 2113 1278 3686 1355">
    <p class='ocr_par' dir='ltr' id='par_1_25' title="bbox 2113 1278 3686 1355">
     <span class='ocr_line' id='line_1_25' title="bbox 2113 1278 3686 1355; baseline -0.008 -15"><span class='ocrx_word' id='word_1_161' title='bbox 2113 1287 2249 1340; x_wconf 81' lang='grc' dir='ltr'>ἀλλὰ</span> <span class='ocrx_word' id='word_1_162' title='bbox 2277 1287 2372 1340; x_wconf 82' lang='grc' dir='ltr'>καὶ</span> <span class='ocrx_word' id='word_1_163' title='bbox 2423 1285 2580 1355; x_wconf 79' lang='grc' dir='ltr'>ἐντῷ</span> <span class='ocrx_word' id='word_1_164' title='bbox 2622 1284 2852 1354; x_wconf 71' lang='grc' dir='ltr'>εἰκοστῷ</span> <span class='ocrx_word' id='word_1_165' title='bbox 2905 1284 3107 1354; x_wconf 82' lang='grc' dir='ltr'><strong>πρώτῳ</strong></span> <span class='ocrx_word' id='word_1_166' title='bbox 3166 1281 3311 1350; x_wconf 78' lang='grc' dir='ltr'>λόγῳ</span> <span class='ocrx_word' id='word_1_167' title='bbox 3342 1280 3435 1332; x_wconf 87' lang='grc' dir='ltr'><strong>τοῦ</strong></span> <span class='ocrx_word' id='word_1_168' title='bbox 3479 1278 3686 1349; x_wconf 76' lang='grc' dir='ltr'>βιϐλίου</span> 
     </span>
    </p>
   </div>
   <div class='ocr_carea' id='block_1_26' title="bbox 2111 1369 3686 1443">
    <p class='ocr_par' dir='ltr' id='par_1_26' title="bbox 2111 1369 3686 1443">
     <span class='ocr_line' id='line_1_26' title="bbox 2111 1369 3686 1443; baseline -0.007 -13"><span class='ocrx_word' id='word_1_169' title='bbox 2111 1376 2234 1430; x_wconf 76' lang='grc' dir='ltr'>τῶν·</span> <span class='ocrx_word' id='word_1_170' title='bbox 2252 1376 2645 1443; x_wconf 79' lang='grc' dir='ltr'><strong>ἀνδριάντων,</strong></span> <span class='ocrx_word' id='word_1_171' title='bbox 2679 1376 2757 1428; x_wconf 76' lang='grc' dir='ltr'>ἔτι</span> <span class='ocrx_word' id='word_1_172' title='bbox 2788 1375 2843 1427; x_wconf 79' lang='grc' dir='ltr'>δὲ</span> <span class='ocrx_word' id='word_1_173' title='bbox 2876 1376 2971 1427; x_wconf 73' lang='grc' dir='ltr'>καὶ</span> <span class='ocrx_word' id='word_1_174' title='bbox 3002 1374 3059 1426; x_wconf 79' lang='grc' dir='ltr'>ἐν</span> <span class='ocrx_word' id='word_1_175' title='bbox 3084 1372 3163 1443; x_wconf 83' lang='grc' dir='ltr'><strong>τῷ</strong></span> <span class='ocrx_word' id='word_1_176' title='bbox 3193 1378 3232 1425; x_wconf 84' lang='grc' dir='ltr'>ε’</span> <span class='ocrx_word' id='word_1_177' title='bbox 3253 1373 3361 1424; x_wconf 86' lang='grc' dir='ltr'><strong>τῶν</strong></span> <span class='ocrx_word' id='word_1_178' title='bbox 3391 1370 3525 1439; x_wconf 65' lang='grc' dir='ltr'>πρὸς</span> <span class='ocrx_word' id='word_1_179' title='bbox 3552 1369 3686 1420; x_wconf 81' lang='grc' dir='ltr'>Ἰου-</span> 
     </span>
    </p>
   </div>
   <div class='ocr_carea' id='block_1_27' title="bbox 2110 1456 3686 1536">
    <p class='ocr_par' dir='ltr' id='par_1_27' title="bbox 2110 1456 3686 1536">
     <span class='ocr_line' id='line_1_27' title="bbox 2110 1456 3686 1536; baseline -0.007 -16"><span class='ocrx_word' id='word_1_180' title='bbox 2110 1466 2295 1532; x_wconf 85' lang='grc' dir='ltr'>δαίους</span> <span class='ocrx_word' id='word_1_181' title='bbox 2323 1466 2520 1534; x_wconf 85' lang='grc' dir='ltr'>λόγων,</span> <span class='ocrx_word' id='word_1_182' title='bbox 2558 1466 2618 1518; x_wconf 88' lang='grc' dir='ltr'><strong>οὐ</strong></span> <span class='ocrx_word' id='word_1_183' title='bbox 2653 1465 2944 1536; x_wconf 80' lang='grc' dir='ltr'><strong>παρέργως</strong></span> <span class='ocrx_word' id='word_1_184' title='bbox 3002 1460 3325 1532; x_wconf 77' lang='grc' dir='ltr'>θριαμσεύει</span> <span class='ocrx_word' id='word_1_185' title='bbox 3359 1459 3427 1511; x_wconf 84' lang='grc' dir='ltr'>τὰ</span> <span class='ocrx_word' id='word_1_186' title='bbox 3459 1456 3686 1510; x_wconf 88' lang='grc' dir='ltr'>τούτων.</span> 
     </span>
    </p>
   </div>
   <div class='ocr_carea' id='block_1_28' title="bbox 2195 1594 3691 1670">
    <p class='ocr_par' dir='ltr' id='par_1_28' title="bbox 2195 1594 3691 1670">
     <span class='ocr_line' id='line_1_28' title="bbox 2195 1594 3691 1670; baseline -0.006 -14"><span class='ocrx_word' id='word_1_187' title='bbox 2195 1601 2253 1656; x_wconf 89' lang='lat'><strong>&#39;0</strong></span> <span class='ocrx_word' id='word_1_188' title='bbox 2281 1601 2338 1655; x_wconf 81' lang='grc' dir='ltr'>δὲ</span> <span class='ocrx_word' id='word_1_189' title='bbox 2382 1599 2463 1655; x_wconf 82' lang='grc' dir='ltr'>κδ’</span> <span class='ocrx_word' id='word_1_190' title='bbox 2497 1599 2600 1670; x_wconf 85' lang='grc' dir='ltr'><strong>τῆς</strong></span> <span class='ocrx_word' id='word_1_191' title='bbox 2645 1600 2704 1653; x_wconf 67' lang='grc' dir='ltr'><strong>ιν</strong></span> <span class='ocrx_word' id='word_1_192' title='bbox 2739 1598 2987 1670; x_wconf 79' lang='grc' dir='ltr'>’Λγκύρᾳ</span> <span class='ocrx_word' id='word_1_193' title='bbox 3038 1597 3261 1652; x_wconf 81' lang='grc' dir='ltr'>συνόδου</span> <span class='ocrx_word' id='word_1_194' title='bbox 3324 1594 3419 1649; x_wconf 74' lang='grc' dir='ltr'><strong>ἐπὶ</strong></span> <span class='ocrx_word' id='word_1_195' title='bbox 3460 1611 3691 1648; x_wconf 82' lang='grc' dir='ltr'>πενταε-</span> 
     </span>
    </p>
   </div>
   <div class='ocr_carea' id='block_1_29' title="bbox 2110 1686 3691 1764">
    <p class='ocr_par' dir='ltr' id='par_1_29' title="bbox 2110 1686 3691 1764">
     <span class='ocr_line' id='line_1_29' title="bbox 2110 1686 3691 1764; baseline -0.008 -14"><span class='ocrx_word' id='word_1_196' title='bbox 2110 1696 2232 1751; x_wconf 85' lang='grc' dir='ltr'>τίαν</span> <span class='ocrx_word' id='word_1_197' title='bbox 2260 1694 2516 1764; x_wconf 69' lang='grc' dir='ltr'>ἐπιτιμᾷ,</span> <span class='ocrx_word' id='word_1_198' title='bbox 2541 1692 2591 1745; x_wconf 79' lang='grc' dir='ltr'>οἳ</span> <span class='ocrx_word' id='word_1_199' title='bbox 2617 1692 2681 1760; x_wconf 75' lang='grc' dir='ltr'>δὴ</span> <span class='ocrx_word' id='word_1_200' title='bbox 2708 1693 2830 1753; x_wconf 90' lang='grc' dir='ltr'>ταῖς</span> <span class='ocrx_word' id='word_1_201' title='bbox 2868 1690 2980 1744; x_wconf 87' lang='grc' dir='ltr'><strong>τῶν</strong></span> <span class='ocrx_word' id='word_1_202' title='bbox 3011 1688 3185 1743; x_wconf 82' lang='grc' dir='ltr'>ἐθνῶν</span> <span class='ocrx_word' id='word_1_203' title='bbox 3217 1687 3533 1756; x_wconf 78' lang='grc' dir='ltr'><strong>συνηθείαις</strong></span> <span class='ocrx_word' id='word_1_204' title='bbox 3561 1686 3691 1738; x_wconf 88' lang='grc' dir='ltr'>άλο-</span> 
     </span>
    </p>
   </div>
   <div class='ocr_carea' id='block_1_30' title="bbox 442 1777 2031 1883">
    <p class='ocr_par' dir='ltr' id='par_1_30' title="bbox 442 1793 2010 1883">
     <span class='ocr_line' id='line_1_30' title="bbox 442 1793 2010 1883; baseline -0.019 -9"><span class='ocrx_word' id='word_1_205' title='bbox 442 1818 562 1874; x_wconf 88' lang='lat' dir='ltr'><strong>sine</strong></span> <span class='ocrx_word' id='word_1_206' title='bbox 598 1811 759 1883; x_wconf 60' lang='lat'><strong>17!.</strong></span> <span class='ocrx_word' id='word_1_207' title='bbox 810 1809 1021 1865; x_wconf 76' lang='lat' dir='ltr'><strong>ratione</strong></span> <span class='ocrx_word' id='word_1_208' title='bbox 1079 1812 1390 1874; x_wconf 87' lang='lat' dir='ltr'><strong>sequentes,</strong></span> <span class='ocrx_word' id='word_1_209' title='bbox 1438 1799 1493 1853; x_wconf 89' lang='lat' dir='ltr'><strong>in</strong></span> <span class='ocrx_word' id='word_1_210' title='bbox 1544 1811 1674 1853; x_wconf 87' lang='lat' dir='ltr'><strong>suas</strong></span> <span class='ocrx_word' id='word_1_211' title='bbox 1722 1793 1866 1849; x_wconf 65' lang='lat' dir='ltr'><strong>aedes</strong></span> <span class='ocrx_word' id='word_1_212' title='bbox 1915 1805 2010 1844; x_wconf 53' lang='lat' dir='ltr'><strong>va.</strong></span> 
     </span>
    </p>
   </div>
   <div class='ocr_carea' id='block_1_31' title="bbox 2130 1777 3685 1883">
    <p class='ocr_par' dir='ltr' id='par_1_31' title="bbox 2130 1777 3685 1854">
     <span class='ocr_line' id='line_1_31' title="bbox 2130 1777 3685 1854; baseline -0.007 -15"><span class='ocrx_word' id='word_1_213' title='bbox 2130 1786 2312 1854; x_wconf 72' lang='grc' dir='ltr'>τίστως</span> <span class='ocrx_word' id='word_1_214' title='bbox 2342 1782 2789 1845; x_wconf 73' lang='grc' dir='ltr'><strong>ἀκολουθοῦντες,</strong></span> <span class='ocrx_word' id='word_1_215' title='bbox 2819 1782 2900 1845; x_wconf 84' lang='grc' dir='ltr'><strong>είς</strong></span> <span class='ocrx_word' id='word_1_216' title='bbox 2925 1782 3054 1842; x_wconf 81' lang='grc' dir='ltr'><strong>τούς</strong></span> <span class='ocrx_word' id='word_1_217' title='bbox 3086 1779 3292 1833; x_wconf 76' lang='grc' dir='ltr'>ἑαυτῶν</span> <span class='ocrx_word' id='word_1_218' title='bbox 3320 1778 3505 1840; x_wconf 75' lang='grc' dir='ltr'>οἴκους</span> <span class='ocrx_word' id='word_1_219' title='bbox 3542 1777 3685 1847; x_wconf 76' lang='grc' dir='ltr'>μάνο</span> 
     </span>
    </p>
   </div>
   <div class='ocr_carea' id='block_1_32' title="bbox 439 1881 2015 1971">
    <p class='ocr_par' dir='ltr' id='par_1_32' title="bbox 439 1881 2015 1971">
     <span class='ocr_line' id='line_1_32' title="bbox 439 1881 2015 1971; baseline -0.018 -9"><span class='ocrx_word' id='word_1_220' title='bbox 439 1918 523 1964; x_wconf 87' lang='lat' dir='ltr'><strong>tes</strong></span> <span class='ocrx_word' id='word_1_221' title='bbox 573 1881 917 1971; x_wconf 27' lang='lat' dir='ltr'><strong>adimagicas</strong></span> <span class='ocrx_word' id='word_1_222' title='bbox 966 1907 1113 1953; x_wconf 87' lang='lat' dir='ltr'><strong>artes</strong></span> <span class='ocrx_word' id='word_1_223' title='bbox 1158 1905 1213 1949; x_wconf 91' lang='lat' dir='ltr'><strong>et</strong></span> <span class='ocrx_word' id='word_1_224' title='bbox 1240 1892 1642 1948; x_wconf 85' lang='lat' dir='ltr'><strong>medicamenta</strong></span> <span class='ocrx_word' id='word_1_225' title='bbox 1690 1881 2015 1941; x_wconf 80' lang='lat' dir='ltr'><strong>invenienda</strong></span> 
     </span>
    </p>
   </div>
   <div class='ocr_carea' id='block_1_33' title="bbox 435 1982 2019 2055">
    <p class='ocr_par' dir='ltr' id='par_1_33' title="bbox 435 1982 2019 2055">
     <span class='ocr_line' id='line_1_33' title="bbox 435 1982 2019 2055; baseline -0.019 -1"><span class='ocrx_word' id='word_1_226' title='bbox 435 1996 831 2055; x_wconf 86' lang='lat' dir='ltr'><strong>introducunt,</strong></span> <span class='ocrx_word' id='word_1_227' title='bbox 876 2006 907 2046; x_wconf 90' lang='lat' dir='ltr'><strong>a</strong></span> <span class='ocrx_word' id='word_1_228' title='bbox 953 1988 1047 2043; x_wconf 90' lang='lat' dir='ltr'><strong>tali</strong></span> <span class='ocrx_word' id='word_1_229' title='bbox 1092 1983 1500 2041; x_wconf 88' lang='lat' dir='ltr'><strong>abominatione</strong></span> <span class='ocrx_word' id='word_1_230' title='bbox 1542 1982 1767 2034; x_wconf 88' lang='lat' dir='ltr'><strong>domum</strong></span> <span class='ocrx_word' id='word_1_231' title='bbox 1813 1990 1871 2029; x_wconf 88' lang='lat' dir='ltr'><strong>se</strong></span> <span class='ocrx_word' id='word_1_232' title='bbox 1922 1986 2019 2025; x_wconf 80' lang='lat' dir='ltr'><strong>ex-</strong></span> 
     </span>
    </p>
   </div>
   <div class='ocr_carea' id='block_1_34' title="bbox 438 2064 2001 2162">
    <p class='ocr_par' dir='ltr' id='par_1_34' title="bbox 438 2064 2001 2162">
     <span class='ocr_line' id='line_1_34' title="bbox 438 2064 2001 2162; baseline -0.019 -17"><span class='ocrx_word' id='word_1_233' title='bbox 438 2094 693 2162; x_wconf 80' lang='lat' dir='ltr'><strong>piaturos</strong></span> <span class='ocrx_word' id='word_1_234' title='bbox 726 2080 1097 2157; x_wconf 88' lang='lat' dir='ltr'><strong>promittendo</strong></span> <span class='ocrx_word' id='word_1_235' title='bbox 1132 2097 1145 2134; x_wconf 88' lang='lat'><strong>:</strong></span> <span class='ocrx_word' id='word_1_236' title='bbox 1173 2077 1299 2148; x_wconf 87' lang='lat' dir='ltr'><strong>quia</strong></span> <span class='ocrx_word' id='word_1_237' title='bbox 1327 2083 1558 2146; x_wconf 63' lang='lat' dir='ltr'><strong>aegrotos</strong></span> <span class='ocrx_word' id='word_1_238' title='bbox 1588 2086 1653 2125; x_wconf 77' lang='lat' dir='ltr'><strong>ex</strong></span> <span class='ocrx_word' id='word_1_239' title='bbox 1684 2068 1769 2123; x_wconf 90' lang='lat' dir='ltr'><strong>his</strong></span> <span class='ocrx_word' id='word_1_240' title='bbox 1795 2081 1854 2122; x_wconf 90' lang='lat' dir='ltr'><strong>se</strong></span> <span class='ocrx_word' id='word_1_241' title='bbox 1887 2064 2001 2118; x_wconf 73' lang='lat' dir='ltr'><strong>ﬁeri</strong></span> 
     </span>
    </p>
   </div>
   <div class='ocr_carea' id='block_1_35' title="bbox 438 2156 2021 2253">
    <p class='ocr_par' dir='ltr' id='par_1_35' title="bbox 438 2156 2021 2253">
     <span class='ocr_line' id='line_1_35' title="bbox 438 2156 2021 2253; baseline -0.02 -13"><span class='ocrx_word' id='word_1_242' title='bbox 438 2156 809 2253; x_wconf 77' lang='lat' dir='ltr'><strong>suspicantur,</strong></span> <span class='ocrx_word' id='word_1_243' title='bbox 841 2184 897 2231; x_wconf 91' lang='lat' dir='ltr'><strong>et</strong></span> <span class='ocrx_word' id='word_1_244' title='bbox 946 2173 1140 2229; x_wconf 77' lang='lat' dir='ltr'><strong>morbo</strong></span> <span class='ocrx_word' id='word_1_245' title='bbox 1178 2171 1440 2226; x_wconf 89' lang='lat' dir='ltr'><strong>diuturno</strong></span> <span class='ocrx_word' id='word_1_246' title='bbox 1485 2161 1711 2233; x_wconf 81' lang='lat' dir='ltr'><strong>subjici,</strong></span> <span class='ocrx_word' id='word_1_247' title='bbox 1738 2159 1824 2214; x_wconf 82' lang='lat' dir='ltr'><strong>vel</strong></span> <span class='ocrx_word' id='word_1_248' title='bbox 1851 2156 2021 2211; x_wconf 86' lang='lat' dir='ltr'><strong>amis-</strong></span> 
     </span>
    </p>
   </div>
   <div class='ocr_carea' id='block_1_36' title="bbox 439 2245 2023 2343">
    <p class='ocr_par' dir='ltr' id='par_1_36' title="bbox 439 2245 2023 2343">
     <span class='ocr_line' id='line_1_36' title="bbox 439 2245 2023 2343; baseline -0.021 -11"><span class='ocrx_word' id='word_1_249' title='bbox 439 2291 499 2332; x_wconf 85' lang='lat' dir='ltr'><strong>sa</strong></span> <span class='ocrx_word' id='word_1_250' title='bbox 537 2245 783 2343; x_wconf 57' lang='lat' dir='ltr'><strong>quadam</strong></span> <span class='ocrx_word' id='word_1_251' title='bbox 844 2266 1085 2321; x_wconf 86' lang='lat' dir='ltr'><strong>indicare</strong></span> <span class='ocrx_word' id='word_1_252' title='bbox 1147 2276 1331 2330; x_wconf 87' lang='lat' dir='ltr'><strong>posse.</strong></span> <span class='ocrx_word' id='word_1_253' title='bbox 1381 2256 1575 2312; x_wconf 71' lang='lat' dir='ltr'><strong>Iisdem</strong></span> <span class='ocrx_word' id='word_1_254' title='bbox 1626 2251 1803 2323; x_wconf 66' lang='lat' dir='ltr'><strong>poenis</strong></span> <span class='ocrx_word' id='word_1_255' title='bbox 1850 2245 2023 2343; x_wconf 58' lang='lat' dir='ltr'><strong>subii-</strong></span> 
     </span>
    </p>
   </div>
   <div class='ocr_carea' id='block_1_37' title="bbox 438 2337 2021 2430">
    <p class='ocr_par' dir='ltr' id='par_1_37' title="bbox 438 2337 2021 2430">
     <span class='ocr_line' id='line_1_37' title="bbox 438 2337 2021 2430; baseline -0.02 -10"><span class='ocrx_word' id='word_1_256' title='bbox 438 2337 661 2422; x_wconf 80' lang='lat' dir='ltr'><strong>ciuntur</strong></span> <span class='ocrx_word' id='word_1_257' title='bbox 687 2361 781 2430; x_wconf 92' lang='lat' dir='ltr'><strong>qui</strong></span> <span class='ocrx_word' id='word_1_258' title='bbox 829 2354 1278 2413; x_wconf 82' lang='lat' dir='ltr'><strong>incantatrieibus</strong></span> <span class='ocrx_word' id='word_1_259' title='bbox 1331 2350 1486 2404; x_wconf 79' lang='lat' dir='ltr'><strong>ﬁdem</strong></span> <span class='ocrx_word' id='word_1_260' title='bbox 1522 2343 1806 2406; x_wconf 76' lang='lat' dir='ltr'><strong>adhibent,</strong></span> <span class='ocrx_word' id='word_1_261' title='bbox 1847 2346 1901 2393; x_wconf 86' lang='lat' dir='ltr'><strong>et</strong></span> <span class='ocrx_word' id='word_1_262' title='bbox 1951 2337 2021 2391; x_wconf 87' lang='lat' dir='ltr'><strong>iis</strong></span> 
     </span>
    </p>
   </div>
   <div class='ocr_carea' id='block_1_38' title="bbox 442 2449 1181 2526">
    <p class='ocr_par' dir='ltr' id='par_1_38' title="bbox 442 2449 1181 2526">
     <span class='ocr_line' id='line_1_38' title="bbox 442 2449 1181 2526; baseline -0.02 -14"><span class='ocrx_word' id='word_1_263' title='bbox 442 2457 533 2526; x_wconf 84' lang='lat' dir='ltr'><strong>qui</strong></span> <span class='ocrx_word' id='word_1_264' title='bbox 569 2471 633 2509; x_wconf 82' lang='lat' dir='ltr'><strong>ex</strong></span> <span class='ocrx_word' id='word_1_265' title='bbox 660 2451 866 2507; x_wconf 90' lang='lat' dir='ltr'><strong>hordeo</strong></span> <span class='ocrx_word' id='word_1_266' title='bbox 897 2449 1181 2504; x_wconf 82' lang='lat' dir='ltr'><strong>divinant.‘</strong></span> 
     </span>
    </p>
   </div>
   <div class='ocr_carea' id='block_1_39' title="bbox 513 2635 2019 2717">
    <p class='ocr_par' dir='ltr' id='par_1_39' title="bbox 513 2635 2019 2717">
     <span class='ocr_line' id='line_1_39' title="bbox 513 2635 2019 2717; baseline -0.021 1"><span class='ocrx_word' id='word_1_267' title='bbox 513 2662 671 2717; x_wconf 88' lang='lat' dir='ltr'><strong>Hunc</strong></span> <span class='ocrx_word' id='word_1_268' title='bbox 703 2674 828 2715; x_wconf 88' lang='lat' dir='ltr'><strong>can.</strong></span> <span class='ocrx_word' id='word_1_269' title='bbox 859 2653 1128 2711; x_wconf 84' lang='lat' dir='ltr'><strong>verbatim</strong></span> <span class='ocrx_word' id='word_1_270' title='bbox 1160 2649 1354 2704; x_wconf 88' lang='lat' dir='ltr'><strong>recitat</strong></span> <span class='ocrx_word' id='word_1_271' title='bbox 1382 2644 1548 2701; x_wconf 85' lang='lat' dir='ltr'><strong>etiam</strong></span> <span class='ocrx_word' id='word_1_272' title='bbox 1594 2642 1665 2698; x_wconf 78' lang='grc'><strong>85</strong></span> <span class='ocrx_word' id='word_1_273' title='bbox 1707 2637 1890 2707; x_wconf 77' lang='lat' dir='ltr'><strong>magni</strong></span> <span class='ocrx_word' id='word_1_274' title='bbox 1913 2635 2019 2690; x_wconf 86' lang='lat' dir='ltr'><strong>Ba-</strong></span> 
     </span>
    </p>
   </div>
   <div class='ocr_carea' id='block_1_40' title="bbox 444 2726 2024 2817">
    <p class='ocr_par' dir='ltr' id='par_1_40' title="bbox 444 2726 2024 2817">
     <span class='ocr_line' id='line_1_40' title="bbox 444 2726 2024 2817; baseline -0.023 -5"><span class='ocrx_word' id='word_1_275' title='bbox 444 2753 553 2812; x_wconf 85' lang='lat' dir='ltr'><strong>silii</strong></span> <span class='ocrx_word' id='word_1_276' title='bbox 579 2763 790 2817; x_wconf 80' lang='lat' dir='ltr'><strong>canon;</strong></span> <span class='ocrx_word' id='word_1_277' title='bbox 822 2745 912 2799; x_wconf 91' lang='lat' dir='ltr'><strong>hic</strong></span> <span class='ocrx_word' id='word_1_278' title='bbox 938 2751 1118 2797; x_wconf 89' lang='lat' dir='ltr'><strong>autem</strong></span> <span class='ocrx_word' id='word_1_279' title='bbox 1143 2739 1208 2793; x_wconf 90' lang='lat' dir='ltr'><strong>ad</strong></span> <span class='ocrx_word' id='word_1_280' title='bbox 1234 2733 1561 2792; x_wconf 83' lang='lat' dir='ltr'><strong>sexennium</strong></span> <span class='ocrx_word' id='word_1_281' title='bbox 1596 2742 1768 2798; x_wconf 90' lang='lat' dir='ltr'><strong>usque</strong></span> <span class='ocrx_word' id='word_1_282' title='bbox 1792 2726 1882 2779; x_wconf 86' lang='lat' dir='ltr'><strong>tali</strong></span> <span class='ocrx_word' id='word_1_283' title='bbox 1910 2738 2024 2777; x_wconf 87' lang='lat' dir='ltr'><strong>ma-</strong></span> 
     </span>
    </p>
   </div>
   <div class='ocr_carea' id='block_1_41' title="bbox 448 2818 2016 2912">
    <p class='ocr_par' dir='ltr' id='par_1_41' title="bbox 448 2818 2016 2912">
     <span class='ocr_line' id='line_1_41' title="bbox 448 2818 2016 2912; baseline -0.022 -11"><span class='ocrx_word' id='word_1_284' title='bbox 448 2847 500 2900; x_wconf 91' lang='lat' dir='ltr'><strong>lo</strong></span> <span class='ocrx_word' id='word_1_285' title='bbox 519 2840 894 2912; x_wconf 86' lang='lat' dir='ltr'><strong>deprehensos</strong></span> <span class='ocrx_word' id='word_1_286' title='bbox 917 2830 1205 2895; x_wconf 76' lang='lat' dir='ltr'><strong>extendit;</strong></span> <span class='ocrx_word' id='word_1_287' title='bbox 1259 2824 1387 2896; x_wconf 88' lang='lat' dir='ltr'><strong>quia</strong></span> <span class='ocrx_word' id='word_1_288' title='bbox 1417 2822 1511 2893; x_wconf 92' lang='lat' dir='ltr'><strong>qui</strong></span> <span class='ocrx_word' id='word_1_289' title='bbox 1544 2818 1713 2877; x_wconf 89' lang='lat' dir='ltr'><strong>semel</strong></span> <span class='ocrx_word' id='word_1_290' title='bbox 1739 2824 2016 2880; x_wconf 87' lang='lat' dir='ltr'><strong>errarunt,</strong></span> 
     </span>
    </p>
   </div>
   <div class='ocr_carea' id='block_1_42' title="bbox 447 2906 1912 3007">
    <p class='ocr_par' dir='ltr' id='par_1_42' title="bbox 447 2906 1912 3007">
     <span class='ocr_line' id='line_1_42' title="bbox 447 2906 1912 3007; baseline -0.026 -15"><span class='ocrx_word' id='word_1_291' title='bbox 447 2906 636 3007; x_wconf 80' lang='lat' dir='ltr'><strong>postea</strong></span> <span class='ocrx_word' id='word_1_292' title='bbox 650 2941 785 2984; x_wconf 77' lang='lat' dir='ltr'><strong>vero</strong></span> <span class='ocrx_word' id='word_1_293' title='bbox 829 2940 860 2981; x_wconf 88' lang='lat' dir='ltr'><strong>a</strong></span> <span class='ocrx_word' id='word_1_294' title='bbox 893 2922 1037 2978; x_wconf 89' lang='lat' dir='ltr'><strong>malo</strong></span> <span class='ocrx_word' id='word_1_295' title='bbox 1059 2918 1348 2980; x_wconf 88' lang='lat' dir='ltr'><strong>desistunt,</strong></span> <span class='ocrx_word' id='word_1_296' title='bbox 1384 2911 1567 2967; x_wconf 90' lang='lat' dir='ltr'><strong>minus</strong></span> <span class='ocrx_word' id='word_1_297' title='bbox 1599 2906 1912 2978; x_wconf 89' lang='lat' dir='ltr'><strong>punientur.</strong></span> 
     </span>
    </p>
   </div>
   <div class='ocr_carea' id='block_1_43' title="bbox 517 3120 2016 3209">
    <p class='ocr_par' dir='ltr' id='par_1_43' title="bbox 517 3120 2016 3209">
     <span class='ocr_line' id='line_1_43' title="bbox 517 3120 2016 3209; baseline -0.023 0"><span class='ocrx_word' id='word_1_298' title='bbox 517 3152 853 3209; x_wconf 85' lang='lat' dir='ltr'><strong>Trieesitutts</strong></span> <span class='ocrx_word' id='word_1_299' title='bbox 889 3153 1076 3200; x_wconf 80' lang='lat' dir='ltr'><strong>sextus</strong></span> <span class='ocrx_word' id='word_1_300' title='bbox 1119 3135 1344 3193; x_wconf 87' lang='lat' dir='ltr'><strong>Laodie.</strong></span> <span class='ocrx_word' id='word_1_301' title='bbox 1388 3147 1510 3203; x_wconf 86' lang='lat' dir='ltr'><strong>syn.</strong></span> <span class='ocrx_word' id='word_1_302' title='bbox 1557 3125 1890 3186; x_wconf 82' lang='lat' dir='ltr'><strong>sacerdotes,</strong></span> <span class='ocrx_word' id='word_1_303' title='bbox 1923 3120 2016 3191; x_wconf 90' lang='lat' dir='ltr'><strong>qui</strong></span> 
     </span>
    </p>
   </div>
   <div class='ocr_carea' id='block_1_44' title="bbox 450 3212 2091 3311">
    <p class='ocr_par' dir='ltr' id='par_1_44' title="bbox 450 3212 2091 3311">
     <span class='ocr_line' id='line_1_44' title="bbox 450 3212 2091 3311; baseline -0.022 -8"><span class='ocrx_word' id='word_1_304' title='bbox 450 3256 578 3303; x_wconf 84' lang='lat' dir='ltr'><strong>sunt</strong></span> <span class='ocrx_word' id='word_1_305' title='bbox 623 3239 792 3311; x_wconf 81' lang='lat' dir='ltr'><strong>magi,</strong></span> <span class='ocrx_word' id='word_1_306' title='bbox 840 3247 893 3291; x_wconf 91' lang='lat' dir='ltr'><strong>et</strong></span> <span class='ocrx_word' id='word_1_307' title='bbox 925 3234 1310 3290; x_wconf 89' lang='lat' dir='ltr'><strong>ineantatores,</strong></span> <span class='ocrx_word' id='word_1_308' title='bbox 1356 3233 1452 3279; x_wconf 88' lang='lat' dir='ltr'><strong>aut</strong></span> <span class='ocrx_word' id='word_1_309' title='bbox 1492 3214 1889 3280; x_wconf 86' lang='lat' dir='ltr'><strong>mathematici,</strong></span> <span class='ocrx_word' id='word_1_310' title='bbox 1923 3221 2020 3269; x_wconf 81' lang='lat' dir='ltr'><strong>aut</strong></span> <span class='ocrx_word' id='word_1_311' title='bbox 2046 3212 2091 3239; x_wconf 69' lang='grc' dir='ltr'>ν</span> 
     </span>
    </p>
   </div>
   <div class='ocr_carea' id='block_1_45' title="bbox 452 3306 2019 3402">
    <p class='ocr_par' dir='ltr' id='par_1_45' title="bbox 452 3306 2019 3402">
     <span class='ocr_line' id='line_1_45' title="bbox 452 3306 2019 3402; baseline -0.024 -10"><span class='ocrx_word' id='word_1_312' title='bbox 452 3306 743 3402; x_wconf 65' lang='lat' dir='ltr'><strong>astrologi,</strong></span> <span class='ocrx_word' id='word_1_313' title='bbox 792 3334 887 3381; x_wconf 86' lang='lat' dir='ltr'><strong>aut</strong></span> <span class='ocrx_word' id='word_1_314' title='bbox 931 3337 1054 3393; x_wconf 78' lang='lat' dir='ltr'><strong>qua:</strong></span> <span class='ocrx_word' id='word_1_315' title='bbox 1099 3320 1360 3375; x_wconf 89' lang='lat' dir='ltr'><strong>dicuntur</strong></span> <span class='ocrx_word' id='word_1_316' title='bbox 1407 3309 1739 3384; x_wconf 82' lang='lat' dir='ltr'><strong>phylacteria</strong></span> <span class='ocrx_word' id='word_1_317' title='bbox 1783 3306 2019 3397; x_wconf 62' lang='lat' dir='ltr'><strong>iaciunt,</strong></span> 
     </span>
    </p>
   </div>
   <div class='ocr_carea' id='block_1_46' title="bbox 452 3394 2019 3483">
    <p class='ocr_par' dir='ltr' id='par_1_46' title="bbox 452 3394 2019 3483">
     <span class='ocr_line' id='line_1_46' title="bbox 452 3394 2019 3483; baseline -0.022 -1"><span class='ocrx_word' id='word_1_318' title='bbox 452 3394 693 3483; x_wconf 44' lang='lat' dir='ltr'><strong>omnino.</strong></span> <span class='ocrx_word' id='word_1_319' title='bbox 724 3433 790 3473; x_wconf 80' lang='lat' dir='ltr'><strong>ex</strong></span> <span class='ocrx_word' id='word_1_320' title='bbox 814 3412 1042 3470; x_wconf 86' lang='lat' dir='ltr'><strong>ecclesia</strong></span> <span class='ocrx_word' id='word_1_321' title='bbox 1072 3408 1195 3479; x_wconf 82' lang='lat' dir='ltr'><strong>ejici</strong></span> <span class='ocrx_word' id='word_1_322' title='bbox 1226 3402 1490 3460; x_wconf 84' lang='lat' dir='ltr'><strong>decernit.</strong></span> <span class='ocrx_word' id='word_1_323' title='bbox 1524 3401 1588 3455; x_wconf 87' lang='lat' dir='ltr'><strong>Et</strong></span> <span class='ocrx_word' id='word_1_324' title='bbox 1629 3396 1769 3467; x_wconf 82' lang='lat' dir='ltr'><strong>magi</strong></span> <span class='ocrx_word' id='word_1_325' title='bbox 1783 3394 2019 3465; x_wconf 63' lang='lat' dir='ltr'><strong>&#39;quidem</strong></span> 
     </span>
    </p>
   </div>
   <div class='ocr_carea' id='block_1_47' title="bbox 453 3482 2018 3581">
    <p class='ocr_par' dir='ltr' id='par_1_47' title="bbox 453 3482 2018 3581">
     <span class='ocr_line' id='line_1_47' title="bbox 453 3482 2018 3581; baseline -0.023 -9"><span class='ocrx_word' id='word_1_326' title='bbox 453 3522 601 3580; x_wconf 89' lang='lat' dir='ltr'><strong>sunt,</strong></span> <span class='ocrx_word' id='word_1_327' title='bbox 633 3510 726 3581; x_wconf 82' lang='lat' dir='ltr'><strong>qui</strong></span> <span class='ocrx_word' id='word_1_328' title='bbox 773 3507 1071 3570; x_wconf 75' lang='lat' dir='ltr'><strong>daemones,</strong></span> <span class='ocrx_word' id='word_1_329' title='bbox 1098 3496 1371 3554; x_wconf 83' lang='lat' dir='ltr'><strong>beneﬁcos</strong></span> <span class='ocrx_word' id='word_1_330' title='bbox 1400 3492 1629 3552; x_wconf 85' lang='lat' dir='ltr'><strong>scilicet,</strong></span> <span class='ocrx_word' id='word_1_331' title='bbox 1667 3490 1923 3543; x_wconf 86' lang='lat' dir='ltr'><strong>invocant</strong></span> <span class='ocrx_word' id='word_1_332' title='bbox 1951 3482 2018 3537; x_wconf 85' lang='lat' dir='ltr'><strong>ad</strong></span> 
     </span>
    </p>
   </div>
   <div class='ocr_carea' id='block_1_48' title="bbox 454 3574 2025 3670">
    <p class='ocr_par' dir='ltr' id='par_1_48' title="bbox 454 3574 2025 3670">
     <span class='ocr_line' id='line_1_48' title="bbox 454 3574 2025 3670; baseline -0.024 -6"><span class='ocrx_word' id='word_1_333' title='bbox 454 3574 598 3663; x_wconf 33' lang='lat' dir='ltr'><strong>boni.</strong></span> <span class='ocrx_word' id='word_1_334' title='bbox 627 3574 859 3670; x_wconf 75' lang='lat' dir='ltr'><strong>alicujus</strong></span> <span class='ocrx_word' id='word_1_335' title='bbox 897 3592 1266 3661; x_wconf 84' lang='lat' dir='ltr'><strong>operationem</strong></span> <span class='ocrx_word' id='word_1_336' title='bbox 1295 3628 1310 3653; x_wconf 95' lang='lat'><strong>,</strong></span> <span class='ocrx_word' id='word_1_337' title='bbox 1362 3601 1484 3641; x_wconf 90' lang='lat' dir='ltr'><strong>cum</strong></span> <span class='ocrx_word' id='word_1_338' title='bbox 1532 3595 1726 3637; x_wconf 85' lang='lat' dir='ltr'><strong>omnes</strong></span> <span class='ocrx_word' id='word_1_339' title='bbox 1776 3578 1884 3631; x_wconf 88' lang='lat' dir='ltr'><strong>sint</strong></span> <span class='ocrx_word' id='word_1_340' title='bbox 1927 3574 2025 3628; x_wconf 90' lang='lat' dir='ltr'><strong>ho-</strong></span> 
     </span>
    </p>
   </div>
   <div class='ocr_carea' id='block_1_49' title="bbox 458 3671 2026 3754">
    <p class='ocr_par' dir='ltr' id='par_1_49' title="bbox 458 3671 2026 3754">
     <span class='ocr_line' id='line_1_49' title="bbox 458 3671 2026 3754; baseline -0.024 0"><span class='ocrx_word' id='word_1_341' title='bbox 458 3697 670 3754; x_wconf 66' lang='lat' dir='ltr'><strong>micidae</strong></span> <span class='ocrx_word' id='word_1_342' title='bbox 701 3699 755 3745; x_wconf 84' lang='lat' dir='ltr'><strong>ct</strong></span> <span class='ocrx_word' id='word_1_343' title='bbox 805 3686 933 3742; x_wconf 86' lang='lat' dir='ltr'><strong>mali</strong></span> <span class='ocrx_word' id='word_1_344' title='bbox 963 3696 1238 3739; x_wconf 88' lang='lat' dir='ltr'><strong>suasores.</strong></span> <span class='ocrx_word' id='word_1_345' title='bbox 1268 3678 1639 3731; x_wconf 87' lang='lat' dir='ltr'><strong>lncantatores</strong></span> <span class='ocrx_word' id='word_1_346' title='bbox 1674 3679 1854 3723; x_wconf 86' lang='lat' dir='ltr'><strong>autem</strong></span> <span class='ocrx_word' id='word_1_347' title='bbox 1897 3671 2026 3720; x_wconf 88' lang='lat' dir='ltr'><strong>sunt</strong></span> 
     </span>
    </p>
   </div>
   <div class='ocr_carea' id='block_1_50' title="bbox 457 3753 2024 3860">
    <p class='ocr_par' dir='ltr' id='par_1_50' title="bbox 457 3753 2024 3860">
     <span class='ocr_line' id='line_1_50' title="bbox 457 3753 2024 3860; baseline -0.023 -16"><span class='ocrx_word' id='word_1_348' title='bbox 457 3784 900 3860; x_wconf 69' lang='lat' dir='ltr'><strong>praestigiatot-es,</strong></span> <span class='ocrx_word' id='word_1_349' title='bbox 929 3774 1023 3845; x_wconf 91' lang='lat' dir='ltr'><strong>qui</strong></span> <span class='ocrx_word' id='word_1_350' title='bbox 1052 3786 1147 3843; x_wconf 90' lang='lat' dir='ltr'><strong>per</strong></span> <span class='ocrx_word' id='word_1_351' title='bbox 1193 3768 1589 3822; x_wconf 87' lang='lat' dir='ltr'><strong>incantationes</strong></span> <span class='ocrx_word' id='word_1_352' title='bbox 1625 3760 1899 3814; x_wconf 66' lang='lat' dir='ltr'><strong>damones</strong></span> <span class='ocrx_word' id='word_1_353' title='bbox 1957 3753 2024 3808; x_wconf 89' lang='lat' dir='ltr'><strong>ad</strong></span> 
     </span>
    </p>
   </div>
   <div class='ocr_carea' id='block_1_51' title="bbox 457 3853 2027 3938">
    <p class='ocr_par' dir='ltr' id='par_1_51' title="bbox 457 3853 2027 3938">
     <span class='ocr_line' id='line_1_51' title="bbox 457 3853 2027 3938; baseline -0.024 -2"><span class='ocrx_word' id='word_1_354' title='bbox 457 3853 613 3938; x_wconf 74' lang='lat' dir='ltr'><strong>suam</strong></span> <span class='ocrx_word' id='word_1_355' title='bbox 650 3853 983 3928; x_wconf 67' lang='lat' dir='ltr'><strong>voluntatem</strong></span> <span class='ocrx_word' id='word_1_356' title='bbox 1014 3862 1274 3923; x_wconf 84' lang='lat' dir='ltr'><strong>trahunt;</strong></span> <span class='ocrx_word' id='word_1_357' title='bbox 1322 3872 1383 3910; x_wconf 91' lang='lat' dir='ltr'><strong>ac</strong></span> <span class='ocrx_word' id='word_1_358' title='bbox 1432 3856 1575 3909; x_wconf 77' lang='lat' dir='ltr'><strong>feras</strong></span> <span class='ocrx_word' id='word_1_359' title='bbox 1623 3853 1786 3905; x_wconf 87' lang='lat' dir='ltr'><strong>etiam</strong></span> <span class='ocrx_word' id='word_1_360' title='bbox 1825 3857 1876 3903; x_wconf 91' lang='lat' dir='ltr'><strong>et</strong></span> <span class='ocrx_word' id='word_1_361' title='bbox 1904 3860 2027 3916; x_wconf 80' lang='lat' dir='ltr'><strong>rep-</strong></span> 
     </span>
    </p>
   </div>
   <div class='ocr_carea' id='block_1_52' title="bbox 458 3937 2024 4025">
    <p class='ocr_par' dir='ltr' id='par_1_52' title="bbox 458 3937 2024 4025">
     <span class='ocr_line' id='line_1_52' title="bbox 458 3937 2024 4025; baseline -0.024 0"><span class='ocrx_word' id='word_1_362' title='bbox 458 3971 574 4025; x_wconf 88' lang='lat' dir='ltr'><strong>tilia</strong></span> <span class='ocrx_word' id='word_1_363' title='bbox 612 3960 948 4021; x_wconf 90' lang='lat' dir='ltr'><strong>devinciunt,</strong></span> <span class='ocrx_word' id='word_1_364' title='bbox 984 3956 1121 4007; x_wconf 87' lang='lat' dir='ltr'><strong>adeo</strong></span> <span class='ocrx_word' id='word_1_365' title='bbox 1147 3958 1204 4003; x_wconf 90' lang='lat' dir='ltr'><strong>ut</strong></span> <span class='ocrx_word' id='word_1_366' title='bbox 1233 3948 1478 4014; x_wconf 72' lang='lat' dir='ltr'><strong>iumento</strong></span> <span class='ocrx_word' id='word_1_367' title='bbox 1510 3942 1645 4011; x_wconf 80' lang='lat' dir='ltr'><strong>foris</strong></span> <span class='ocrx_word' id='word_1_368' title='bbox 1686 3937 2024 4008; x_wconf 89' lang='lat' dir='ltr'><strong>pernoctanti</strong></span> 
     </span>
    </p>
   </div>
   <div class='ocr_carea' id='block_1_53' title="bbox 459 4028 2030 4133">
    <p class='ocr_par' dir='ltr' id='par_1_53' title="bbox 459 4028 2030 4133">
     <span class='ocr_line' id='line_1_53' title="bbox 459 4028 2030 4133; baseline -0.024 -15"><span class='ocrx_word' id='word_1_369' title='bbox 459 4057 759 4133; x_wconf 89' lang='lat' dir='ltr'><strong>perniciem</strong></span> <span class='ocrx_word' id='word_1_370' title='bbox 789 4049 985 4105; x_wconf 78' lang='lat' dir='ltr'><strong>afferre</strong></span> <span class='ocrx_word' id='word_1_371' title='bbox 1029 4058 1138 4099; x_wconf 92' lang='lat' dir='ltr'><strong>non</strong></span> <span class='ocrx_word' id='word_1_372' title='bbox 1191 4038 1425 4110; x_wconf 88' lang='lat' dir='ltr'><strong>possint.</strong></span> <span class='ocrx_word' id='word_1_373' title='bbox 1467 4033 1637 4089; x_wconf 88' lang='lat' dir='ltr'><strong>Porro</strong></span> <span class='ocrx_word' id='word_1_374' title='bbox 1679 4040 1734 4086; x_wconf 92' lang='lat' dir='ltr'><strong>et</strong></span> <span class='ocrx_word' id='word_1_375' title='bbox 1772 4028 1863 4084; x_wconf 88' lang='lat' dir='ltr'><strong>alii</strong></span> <span class='ocrx_word' id='word_1_376' title='bbox 1913 4043 2030 4082; x_wconf 89' lang='lat' dir='ltr'><strong>ser-</strong></span> 
     </span>
    </p>
   </div>
   <div class='ocr_carea' id='block_1_54' title="bbox 462 4125 2030 4225">
    <p class='ocr_par' dir='ltr' id='par_1_54' title="bbox 462 4125 2030 4225">
     <span class='ocr_line' id='line_1_54' title="bbox 462 4125 2030 4225; baseline -0.022 -17"><span class='ocrx_word' id='word_1_377' title='bbox 462 4125 993 4225; x_wconf 78' lang='lat' dir='ltr'><strong>pentesineantant,</strong></span> <span class='ocrx_word' id='word_1_378' title='bbox 1057 4148 1198 4206; x_wconf 90' lang='lat' dir='ltr'><strong>quos</strong></span> <span class='ocrx_word' id='word_1_379' title='bbox 1252 4131 1414 4186; x_wconf 86' lang='lat' dir='ltr'><strong>etiam</strong></span> <span class='ocrx_word' id='word_1_380' title='bbox 1475 4125 1732 4181; x_wconf 89' lang='lat' dir='ltr'><strong>manibus</strong></span> <span class='ocrx_word' id='word_1_381' title='bbox 1793 4128 2030 4176; x_wconf 85' lang='lat' dir='ltr'><strong>tractan-</strong></span> 
     </span>
    </p>
   </div>
   <div class='ocr_carea' id='block_1_55' title="bbox 459 4215 2032 4301">
    <p class='ocr_par' dir='ltr' id='par_1_55' title="bbox 459 4215 2032 4301">
     <span class='ocr_line' id='line_1_55' title="bbox 459 4215 2032 4301; baseline -0.025 1"><span class='ocrx_word' id='word_1_382' title='bbox 459 4215 543 4301; x_wconf 66' lang='lat' dir='ltr'><strong>ies</strong></span> <span class='ocrx_word' id='word_1_383' title='bbox 573 4243 692 4297; x_wconf 88' lang='lat' dir='ltr'><strong>sine</strong></span> <span class='ocrx_word' id='word_1_384' title='bbox 724 4250 910 4291; x_wconf 83' lang='lat' dir='ltr'><strong>morsu</strong></span> <span class='ocrx_word' id='word_1_385' title='bbox 945 4231 1013 4285; x_wconf 92' lang='lat' dir='ltr'><strong>ah</strong></span> <span class='ocrx_word' id='word_1_386' title='bbox 1050 4227 1158 4281; x_wconf 91' lang='lat' dir='ltr'><strong>illis</strong></span> <span class='ocrx_word' id='word_1_387' title='bbox 1187 4232 1240 4278; x_wconf 91' lang='lat' dir='ltr'><strong>et</strong></span> <span class='ocrx_word' id='word_1_388' title='bbox 1273 4222 1430 4277; x_wconf 88' lang='lat' dir='ltr'><strong>malis</strong></span> <span class='ocrx_word' id='word_1_389' title='bbox 1474 4215 1803 4287; x_wconf 89' lang='lat' dir='ltr'><strong>impatibiles</strong></span> <span class='ocrx_word' id='word_1_390' title='bbox 1852 4226 2032 4267; x_wconf 81' lang='lat' dir='ltr'><strong>rema-</strong></span> 
     </span>
    </p>
   </div>
   <div class='ocr_carea' id='block_1_56' title="bbox 459 4311 2028 4401">
    <p class='ocr_par' dir='ltr' id='par_1_56' title="bbox 459 4311 2028 4401">
     <span class='ocr_line' id='line_1_56' title="bbox 459 4311 2028 4401; baseline -0.025 -7"><span class='ocrx_word' id='word_1_391' title='bbox 459 4345 631 4401; x_wconf 87' lang='lat' dir='ltr'><strong>nent;</strong></span> <span class='ocrx_word' id='word_1_392' title='bbox 678 4322 1046 4386; x_wconf 85' lang='lat' dir='ltr'><strong>mathematici</strong></span> <span class='ocrx_word' id='word_1_393' title='bbox 1086 4318 1302 4380; x_wconf 91' lang='lat' dir='ltr'><strong>deinde,</strong></span> <span class='ocrx_word' id='word_1_394' title='bbox 1347 4314 1439 4383; x_wconf 91' lang='lat' dir='ltr'><strong>qui</strong></span> <span class='ocrx_word' id='word_1_395' title='bbox 1467 4311 1759 4380; x_wconf 86' lang='lat' dir='ltr'><strong>opinantur</strong></span> <span class='ocrx_word' id='word_1_396' title='bbox 1799 4318 2028 4374; x_wconf 86' lang='lat' dir='ltr'><strong>corpora</strong></span> 
     </span>
    </p>
   </div>
   <div class='ocr_carea' id='block_1_57' title="bbox 459 4399 2032 4488">
    <p class='ocr_par' dir='ltr' id='par_1_57' title="bbox 459 4399 2032 4488">
     <span class='ocr_line' id='line_1_57' title="bbox 459 4399 2032 4488; baseline -0.025 0"><span class='ocrx_word' id='word_1_397' title='bbox 459 4399 705 4488; x_wconf 71' lang='lat' dir='ltr'><strong>coelestia</strong></span> <span class='ocrx_word' id='word_1_398' title='bbox 739 4423 936 4478; x_wconf 85' lang='lat' dir='ltr'><strong>habere</strong></span> <span class='ocrx_word' id='word_1_399' title='bbox 981 4411 1223 4471; x_wconf 88' lang='lat' dir='ltr'><strong>universi</strong></span> <span class='ocrx_word' id='word_1_400' title='bbox 1252 4405 1703 4464; x_wconf 85' lang='lat' dir='ltr'><strong>dominationem,</strong></span> <span class='ocrx_word' id='word_1_401' title='bbox 1738 4399 2032 4466; x_wconf 85' lang='lat' dir='ltr'><strong>omniaque</strong></span> 
     </span>
    </p>
   </div>
   <div class='ocr_carea' id='block_1_58' title="bbox 461 4488 2110 4586">
    <p class='ocr_par' dir='ltr' id='par_1_58' title="bbox 461 4488 2110 4586">
     <span class='ocr_line' id='line_1_58' title="bbox 461 4488 2110 4586; baseline -0.025 -7"><span class='ocrx_word' id='word_1_402' title='bbox 461 4529 651 4579; x_wconf 88' lang='lat' dir='ltr'><strong>nostra</strong></span> <span class='ocrx_word' id='word_1_403' title='bbox 681 4517 750 4570; x_wconf 89' lang='lat' dir='ltr'><strong>ab</strong></span> <span class='ocrx_word' id='word_1_404' title='bbox 777 4524 967 4569; x_wconf 88' lang='lat' dir='ltr'><strong>eorum</strong></span> <span class='ocrx_word' id='word_1_405' title='bbox 1010 4512 1158 4560; x_wconf 90' lang='lat' dir='ltr'><strong>motu</strong></span> <span class='ocrx_word' id='word_1_406' title='bbox 1194 4493 1589 4556; x_wconf 87' lang='lat' dir='ltr'><strong>administrari.</strong></span> <span class='ocrx_word' id='word_1_407' title='bbox 1649 4488 2026 4544; x_wconf 80' lang='lat' dir='ltr'><strong>Mathematica</strong></span> <span class='ocrx_word' id='word_1_408' title='bbox 2052 4530 2110 4586; x_wconf 54' lang='grc' dir='ltr'><strong><em>Β</em></strong></span> 
     </span>
    </p>
   </div>
   <div class='ocr_carea' id='block_1_59' title="bbox 460 4572 2059 4667">
    <p class='ocr_par' dir='ltr' id='par_1_59' title="bbox 460 4572 2059 4667">
     <span class='ocr_line' id='line_1_59' title="bbox 460 4572 2059 4667; baseline -0.023 -2"><span class='ocrx_word' id='word_1_409' title='bbox 460 4572 688 4667; x_wconf 67' lang='lat' dir='ltr'><strong>scientia</strong></span> <span class='ocrx_word' id='word_1_410' title='bbox 723 4603 778 4657; x_wconf 90' lang='lat' dir='ltr'><strong>in</strong></span> <span class='ocrx_word' id='word_1_411' title='bbox 828 4601 944 4655; x_wconf 74' lang='lat' dir='ltr'><strong>hace</strong></span> <span class='ocrx_word' id='word_1_412' title='bbox 978 4598 1086 4651; x_wconf 92' lang='lat' dir='ltr'><strong>duo</strong></span> <span class='ocrx_word' id='word_1_413' title='bbox 1119 4589 1401 4652; x_wconf 83' lang='lat' dir='ltr'><strong>dividitur,</strong></span> <span class='ocrx_word' id='word_1_414' title='bbox 1438 4582 1827 4640; x_wconf 87' lang='lat' dir='ltr'><strong>astronomiam</strong></span> <span class='ocrx_word' id='word_1_415' title='bbox 1887 4572 2059 4633; x_wconf 69' lang='lat' dir='ltr'><strong>seili-&#39;</strong></span> 
     </span>
    </p>
   </div>
   <div class='ocr_carea' id='block_1_60' title="bbox 462 4673 2036 4762">
    <p class='ocr_par' dir='ltr' id='par_1_60' title="bbox 462 4673 2036 4762">
     <span class='ocr_line' id='line_1_60' title="bbox 462 4673 2036 4762; baseline -0.021 -5"><span class='ocrx_word' id='word_1_416' title='bbox 462 4710 549 4757; x_wconf 90' lang='lat' dir='ltr'><strong>cet</strong></span> <span class='ocrx_word' id='word_1_417' title='bbox 575 4708 629 4754; x_wconf 90' lang='lat' dir='ltr'><strong>et</strong></span> <span class='ocrx_word' id='word_1_418' title='bbox 660 4691 1031 4762; x_wconf 82' lang='lat' dir='ltr'><strong>aStrologiam.</strong></span> <span class='ocrx_word' id='word_1_419' title='bbox 1081 4684 1148 4739; x_wconf 86' lang='lat' dir='ltr'><strong>Et</strong></span> <span class='ocrx_word' id='word_1_420' title='bbox 1176 4685 1266 4737; x_wconf 90' lang='lat' dir='ltr'><strong>illa</strong></span> <span class='ocrx_word' id='word_1_421' title='bbox 1296 4679 1518 4751; x_wconf 84' lang='lat' dir='ltr'><strong>quidem</strong></span> <span class='ocrx_word' id='word_1_422' title='bbox 1568 4673 1774 4730; x_wconf 89' lang='lat' dir='ltr'><strong>sanctis</strong></span> <span class='ocrx_word' id='word_1_423' title='bbox 1818 4684 2036 4741; x_wconf 91' lang='lat' dir='ltr'><strong>quoque</strong></span> 
     </span>
    </p>
   </div>
   <div class='ocr_carea' id='block_1_61' title="bbox 464 4765 2038 4852">
    <p class='ocr_par' dir='ltr' id='par_1_61' title="bbox 464 4765 2038 4852">
     <span class='ocr_line' id='line_1_61' title="bbox 464 4765 2038 4852; baseline -0.022 -4"><span class='ocrx_word' id='word_1_424' title='bbox 464 4802 725 4849; x_wconf 65' lang='lat' dir='ltr'><strong>eonu-ssa</strong></span> <span class='ocrx_word' id='word_1_425' title='bbox 743 4794 846 4849; x_wconf 90' lang='lat' dir='ltr'><strong>est,</strong></span> <span class='ocrx_word' id='word_1_426' title='bbox 867 4796 987 4852; x_wconf 66' lang='lat' dir='ltr'><strong>qua:</strong></span> <span class='ocrx_word' id='word_1_427' title='bbox 1004 4776 1307 4834; x_wconf 72' lang='lat' dir='ltr'><strong>emlestium</strong></span> <span class='ocrx_word' id='word_1_428' title='bbox 1332 4772 1579 4827; x_wconf 91' lang='lat' dir='ltr'><strong>omnium</strong></span> <span class='ocrx_word' id='word_1_429' title='bbox 1612 4765 1941 4837; x_wconf 89' lang='lat' dir='ltr'><strong>positionem</strong></span> <span class='ocrx_word' id='word_1_430' title='bbox 1984 4769 2038 4815; x_wconf 91' lang='lat' dir='ltr'><strong>et</strong></span> 
     </span>
    </p>
   </div>
   <div class='ocr_carea' id='block_1_62' title="bbox 463 4865 2039 4943">
    <p class='ocr_par' dir='ltr' id='par_1_62' title="bbox 463 4865 2039 4943">
     <span class='ocr_line' id='line_1_62' title="bbox 463 4865 2039 4943; baseline -0.022 0"><span class='ocrx_word' id='word_1_431' title='bbox 463 4895 674 4943; x_wconf 89' lang='lat' dir='ltr'><strong>motum</strong></span> <span class='ocrx_word' id='word_1_432' title='bbox 712 4878 891 4942; x_wconf 90' lang='lat' dir='ltr'><strong>docet,</strong></span> <span class='ocrx_word' id='word_1_433' title='bbox 942 4880 1002 4927; x_wconf 93' lang='lat' dir='ltr'><strong>ut</strong></span> <span class='ocrx_word' id='word_1_434' title='bbox 1032 4872 1198 4925; x_wconf 88' lang='lat' dir='ltr'><strong>etiam</strong></span> <span class='ocrx_word' id='word_1_435' title='bbox 1249 4865 1557 4921; x_wconf 86' lang='lat' dir='ltr'><strong>ordinatum</strong></span> <span class='ocrx_word' id='word_1_436' title='bbox 1593 4875 1784 4916; x_wconf 89' lang='lat' dir='ltr'><strong>eorum</strong></span> <span class='ocrx_word' id='word_1_437' title='bbox 1817 4865 2039 4912; x_wconf 76' lang='lat' dir='ltr'><strong>contex—</strong></span> 
     </span>
    </p>
   </div>
   <div class='ocr_carea' id='block_1_63' title="bbox 467 4948 2037 5032">
    <p class='ocr_par' dir='ltr' id='par_1_63' title="bbox 467 4948 2037 5032">
     <span class='ocr_line' id='line_1_63' title="bbox 467 4948 2037 5032; baseline -0.019 -1"><span class='ocrx_word' id='word_1_438' title='bbox 467 4990 582 5032; x_wconf 89' lang='lat' dir='ltr'><strong>tum</strong></span> <span class='ocrx_word' id='word_1_439' title='bbox 607 4984 661 5028; x_wconf 84' lang='lat' dir='ltr'><strong>et</strong></span> <span class='ocrx_word' id='word_1_440' title='bbox 683 4967 1020 5028; x_wconf 88' lang='lat' dir='ltr'><strong>distantiam.</strong></span> <span class='ocrx_word' id='word_1_441' title='bbox 1050 4960 1358 5030; x_wconf 78' lang='lat' dir='ltr'><strong>Astrologia</strong></span> <span class='ocrx_word' id='word_1_442' title='bbox 1388 4966 1592 5020; x_wconf 88' lang='lat' dir='ltr'><strong>autem,</strong></span> <span class='ocrx_word' id='word_1_443' title='bbox 1628 4954 1733 5008; x_wconf 91' lang='lat' dir='ltr'><strong>hoc</strong></span> <span class='ocrx_word' id='word_1_444' title='bbox 1753 4959 1857 5016; x_wconf 89' lang='lat' dir='ltr'><strong>est,</strong></span> <span class='ocrx_word' id='word_1_445' title='bbox 1879 4948 2037 5004; x_wconf 82' lang='lat' dir='ltr'><strong>exin—</strong></span> 
     </span>
    </p>
   </div>
   <div class='ocr_carea' id='block_1_64' title="bbox 467 5038 2039 5133">
    <p class='ocr_par' dir='ltr' id='par_1_64' title="bbox 467 5038 2039 5133">
     <span class='ocr_line' id='line_1_64' title="bbox 467 5038 2039 5133; baseline -0.02 -12"><span class='ocrx_word' id='word_1_446' title='bbox 467 5065 533 5121; x_wconf 87' lang='lat' dir='ltr'><strong>de</strong></span> <span class='ocrx_word' id='word_1_447' title='bbox 568 5058 870 5133; x_wconf 64' lang='lat' dir='ltr'><strong>prmdietio,</strong></span> <span class='ocrx_word' id='word_1_448' title='bbox 899 5053 1026 5110; x_wconf 65' lang='lat' dir='ltr'><strong>costi</strong></span> <span class='ocrx_word' id='word_1_449' title='bbox 1057 5051 1368 5107; x_wconf 85' lang='lat' dir='ltr'><strong>mansiones</strong></span> <span class='ocrx_word' id='word_1_450' title='bbox 1398 5043 1690 5117; x_wconf 81' lang='lat' dir='ltr'><strong>percurrit,</strong></span> <span class='ocrx_word' id='word_1_451' title='bbox 1716 5050 1772 5097; x_wconf 92' lang='lat' dir='ltr'><strong>et</strong></span> <span class='ocrx_word' id='word_1_452' title='bbox 1793 5038 2039 5094; x_wconf 78' lang='lat' dir='ltr'><strong>futurum</strong></span> 
     </span>
    </p>
   </div>
   <div class='ocr_carea' id='block_1_65' title="bbox 467 5128 2043 5223">
    <p class='ocr_par' dir='ltr' id='par_1_65' title="bbox 467 5128 2043 5223">
     <span class='ocr_line' id='line_1_65' title="bbox 467 5128 2043 5223; baseline -0.016 -13"><span class='ocrx_word' id='word_1_453' title='bbox 467 5128 826 5223; x_wconf 70' lang='lat' dir='ltr'><strong>cognoscens,</strong></span> <span class='ocrx_word' id='word_1_454' title='bbox 872 5155 1216 5214; x_wconf 87' lang='lat' dir='ltr'><strong>nequaquam</strong></span> <span class='ocrx_word' id='word_1_455' title='bbox 1248 5137 1454 5194; x_wconf 87' lang='lat' dir='ltr'><strong>sanctis</strong></span> <span class='ocrx_word' id='word_1_456' title='bbox 1500 5135 1752 5190; x_wconf 82' lang='lat' dir='ltr'><strong>Patribus</strong></span> <span class='ocrx_word' id='word_1_457' title='bbox 1785 5128 2043 5188; x_wconf 88' lang='lat' dir='ltr'><strong>concedi-</strong></span> 
     </span>
    </p>
   </div>
   <div class='ocr_carea' id='block_1_66' title="bbox 466 5221 2043 5315">
    <p class='ocr_par' dir='ltr' id='par_1_66' title="bbox 466 5221 2043 5315">
     <span class='ocr_line' id='line_1_66' title="bbox 466 5221 2043 5315; baseline -0.015 -16"><span class='ocrx_word' id='word_1_458' title='bbox 466 5221 577 5311; x_wconf 72' lang='lat' dir='ltr'><strong>tur,</strong></span> <span class='ocrx_word' id='word_1_459' title='bbox 598 5246 725 5315; x_wconf 90' lang='lat' dir='ltr'><strong>quia</strong></span> <span class='ocrx_word' id='word_1_460' title='bbox 753 5235 1112 5307; x_wconf 86' lang='lat' dir='ltr'><strong>simpliciores</strong></span> <span class='ocrx_word' id='word_1_461' title='bbox 1133 5231 1371 5286; x_wconf 83' lang='lat' dir='ltr'><strong>maxime</strong></span> <span class='ocrx_word' id='word_1_462' title='bbox 1393 5244 1578 5285; x_wconf 89' lang='lat' dir='ltr'><strong>errare</strong></span> <span class='ocrx_word' id='word_1_463' title='bbox 1601 5226 1751 5292; x_wconf 81' lang='lat' dir='ltr'><strong>facit,</strong></span> <span class='ocrx_word' id='word_1_464' title='bbox 1776 5234 1829 5280; x_wconf 90' lang='lat' dir='ltr'><strong>et</strong></span> <span class='ocrx_word' id='word_1_465' title='bbox 1856 5221 2043 5295; x_wconf 79' lang='lat' dir='ltr'><strong>genesi</strong></span> 
     </span>
    </p>
   </div>
   <div class='ocr_carea' id='block_1_67' title="bbox 467 5316 2043 5395">
    <p class='ocr_par' dir='ltr' id='par_1_67' title="bbox 467 5316 2043 5395">
     <span class='ocr_line' id='line_1_67' title="bbox 467 5316 2043 5395; baseline -0.013 -5"><span class='ocrx_word' id='word_1_466' title='bbox 467 5353 521 5391; x_wconf 85' lang='lat' dir='ltr'><strong>et</strong></span> <span class='ocrx_word' id='word_1_467' title='bbox 554 5336 663 5389; x_wconf 76' lang='lat' dir='ltr'><strong>fato</strong></span> <span class='ocrx_word' id='word_1_468' title='bbox 685 5332 963 5389; x_wconf 85' lang='lat' dir='ltr'><strong>conlidere</strong></span> <span class='ocrx_word' id='word_1_469' title='bbox 987 5328 1109 5383; x_wconf 89' lang='lat' dir='ltr'><strong>illos</strong></span> <span class='ocrx_word' id='word_1_470' title='bbox 1132 5325 1429 5395; x_wconf 87' lang='lat' dir='ltr'><strong>compellit.</strong></span> <span class='ocrx_word' id='word_1_471' title='bbox 1455 5320 1725 5395; x_wconf 85' lang='lat' dir='ltr'><strong>Astrologi</strong></span> <span class='ocrx_word' id='word_1_472' title='bbox 1753 5327 1934 5372; x_wconf 89' lang='lat' dir='ltr'><strong>autem</strong></span> <span class='ocrx_word' id='word_1_473' title='bbox 1956 5316 2043 5370; x_wconf 88' lang='lat' dir='ltr'><strong>di-</strong></span> 
     </span>
    </p>
   </div>
   <div class='ocr_carea' id='block_1_68' title="bbox 469 5392 2043 5493">
    <p class='ocr_par' dir='ltr' id='par_1_68' title="bbox 469 5392 2043 5493">
     <span class='ocr_line' id='line_1_68' title="bbox 469 5392 2043 5493; baseline -0.014 -13"><span class='ocrx_word' id='word_1_474' title='bbox 469 5435 667 5482; x_wconf 87' lang='lat' dir='ltr'><strong>cuntur</strong></span> <span class='ocrx_word' id='word_1_475' title='bbox 686 5426 778 5493; x_wconf 91' lang='lat' dir='ltr'><strong>qui</strong></span> <span class='ocrx_word' id='word_1_476' title='bbox 802 5421 1114 5475; x_wconf 70' lang='lat' dir='ltr'><strong>daemonum</strong></span> <span class='ocrx_word' id='word_1_477' title='bbox 1143 5414 1350 5470; x_wconf 81' lang='lat' dir='ltr'><strong>auxilio</strong></span> <span class='ocrx_word' id='word_1_478' title='bbox 1380 5411 1552 5479; x_wconf 87' lang='lat' dir='ltr'><strong>adjuti</strong></span> <span class='ocrx_word' id='word_1_479' title='bbox 1575 5392 1831 5464; x_wconf 26' lang='lat' dir='ltr'><strong>ex‘astris</strong></span> <span class='ocrx_word' id='word_1_480' title='bbox 1857 5416 1915 5461; x_wconf 90' lang='lat' dir='ltr'><strong>ut</strong></span> <span class='ocrx_word' id='word_1_481' title='bbox 1937 5406 2043 5461; x_wconf 89' lang='lat' dir='ltr'><strong>diis</strong></span> 
     </span>
    </p>
   </div>
   <div class='ocr_carea' id='block_1_69' title="bbox 470 5496 2043 5581">
    <p class='ocr_par' dir='ltr' id='par_1_69' title="bbox 470 5496 2043 5581">
     <span class='ocr_line' id='line_1_69' title="bbox 470 5496 2043 5581; baseline -0.014 -8"><span class='ocrx_word' id='word_1_482' title='bbox 470 5519 738 5573; x_wconf 77' lang='lat' dir='ltr'><strong>divinant.</strong></span> <span class='ocrx_word' id='word_1_483' title='bbox 785 5514 1031 5581; x_wconf 86' lang='lat' dir='ltr'><strong>Quatuor</strong></span> <span class='ocrx_word' id='word_1_484' title='bbox 1089 5521 1269 5564; x_wconf 90' lang='lat' dir='ltr'><strong>autem</strong></span> <span class='ocrx_word' id='word_1_485' title='bbox 1323 5515 1452 5562; x_wconf 90' lang='lat' dir='ltr'><strong>sunt</strong></span> <span class='ocrx_word' id='word_1_486' title='bbox 1494 5504 1618 5558; x_wconf 88' lang='lat' dir='ltr'><strong>libri</strong></span> <span class='ocrx_word' id='word_1_487' title='bbox 1675 5496 2043 5556; x_wconf 87' lang='lat' dir='ltr'><strong>mathematici</strong></span> 
     </span>
    </p>
   </div>
   <div class='ocr_carea' id='block_1_70' title="bbox 472 5591 2047 5676">
    <p class='ocr_par' dir='ltr' id='par_1_70' title="bbox 472 5591 2047 5676">
     <span class='ocr_line' id='line_1_70' title="bbox 472 5591 2047 5676; baseline -0.015 -12"><span class='ocrx_word' id='word_1_488' title='bbox 472 5608 809 5676; x_wconf 76' lang='lat' dir='ltr'><strong>nnuwpati,</strong></span> <span class='ocrx_word' id='word_1_489' title='bbox 876 5603 1219 5658; x_wconf 85' lang='lat' dir='ltr'><strong>arithmetica</strong></span> <span class='ocrx_word' id='word_1_490' title='bbox 1250 5639 1265 5663; x_wconf 96' lang='lat'><strong>,</strong></span> <span class='ocrx_word' id='word_1_491' title='bbox 1315 5598 1561 5660; x_wconf 87' lang='lat' dir='ltr'><strong>musica,</strong></span> <span class='ocrx_word' id='word_1_492' title='bbox 1613 5591 1948 5665; x_wconf 72' lang='lat' dir='ltr'><strong>geometria,</strong></span> <span class='ocrx_word' id='word_1_493' title='bbox 1993 5598 2047 5642; x_wconf 92' lang='lat' dir='ltr'><strong>et</strong></span> 
     </span>
    </p>
   </div>
   <div class='ocr_carea' id='block_1_71' title="bbox 474 5684 2046 5765">
    <p class='ocr_par' dir='ltr' id='par_1_71' title="bbox 474 5684 2046 5765">
     <span class='ocr_line' id='line_1_71' title="bbox 474 5684 2046 5765; baseline -0.012 -11"><span class='ocrx_word' id='word_1_494' title='bbox 474 5698 833 5754; x_wconf 80' lang='lat' dir='ltr'><strong>astronomia.</strong></span> <span class='ocrx_word' id='word_1_495' title='bbox 856 5697 978 5751; x_wconf 85' lang='lat' dir='ltr'><strong>Non</strong></span> <span class='ocrx_word' id='word_1_496' title='bbox 1014 5697 1137 5750; x_wconf 88' lang='lat' dir='ltr'><strong>illos</strong></span> <span class='ocrx_word' id='word_1_497' title='bbox 1160 5695 1322 5765; x_wconf 80' lang='lat' dir='ltr'><strong>igitur</strong></span> <span class='ocrx_word' id='word_1_498' title='bbox 1347 5693 1523 5761; x_wconf 82' lang='lat' dir='ltr'><strong>legere</strong></span> <span class='ocrx_word' id='word_1_499' title='bbox 1550 5697 1695 5742; x_wconf 81' lang='lat' dir='ltr'><strong>vetat</strong></span> <span class='ocrx_word' id='word_1_500' title='bbox 1717 5702 1916 5747; x_wconf 82' lang='lat' dir='ltr'><strong>canon,</strong></span> <span class='ocrx_word' id='word_1_501' title='bbox 1951 5684 2046 5737; x_wconf 87' lang='lat' dir='ltr'><strong>sed</strong></span> 
     </span>
    </p>
   </div>
   <div class='ocr_carea' id='block_1_72' title="bbox 476 5776 2045 5846">
    <p class='ocr_par' dir='ltr' id='par_1_72' title="bbox 476 5776 2045 5846">
     <span class='ocr_line' id='line_1_72' title="bbox 476 5776 2045 5846; baseline -0.01 -4"><span class='ocrx_word' id='word_1_502' title='bbox 476 5788 701 5842; x_wconf 86' lang='lat' dir='ltr'><strong>nimium</strong></span> <span class='ocrx_word' id='word_1_503' title='bbox 726 5788 781 5840; x_wconf 89' lang='lat' dir='ltr'><strong>in</strong></span> <span class='ocrx_word' id='word_1_504' title='bbox 811 5786 1128 5841; x_wconf 86' lang='lat' dir='ltr'><strong>iisstudittm</strong></span> <span class='ocrx_word' id='word_1_505' title='bbox 1161 5782 1441 5846; x_wconf 85' lang='lat' dir='ltr'><strong>adhibere;</strong></span> <span class='ocrx_word' id='word_1_506' title='bbox 1483 5789 1682 5831; x_wconf 89' lang='lat' dir='ltr'><strong>etcum</strong></span> <span class='ocrx_word' id='word_1_507' title='bbox 1742 5776 2045 5830; x_wconf 82' lang='lat' dir='ltr'><strong>coelestium</strong></span> 
     </span>
    </p>
   </div>
   <div class='ocr_carea' id='block_1_73' title="bbox 2115 1867 3691 1945">
    <p class='ocr_par' dir='ltr' id='par_1_73' title="bbox 2115 1867 3691 1945">
     <span class='ocr_line' id='line_1_73' title="bbox 2115 1867 3691 1945; baseline -0.009 -13"><span class='ocrx_word' id='word_1_508' title='bbox 2115 1895 2229 1941; x_wconf 90' lang='grc' dir='ltr'>τεις</span> <span class='ocrx_word' id='word_1_509' title='bbox 2268 1877 2583 1945; x_wconf 83' lang='grc' dir='ltr'>εἰσάγουσιν</span> <span class='ocrx_word' id='word_1_510' title='bbox 2624 1875 2716 1929; x_wconf 68' lang='grc' dir='ltr'><strong>ἐπὶ</strong></span> <span class='ocrx_word' id='word_1_511' title='bbox 2761 1871 3043 1944; x_wconf 75' lang='grc' dir='ltr'>ἀναιρέσει</span> <span class='ocrx_word' id='word_1_512' title='bbox 3091 1870 3255 1940; x_wconf 91' lang='grc' dir='ltr'>δῆθεν</span> <span class='ocrx_word' id='word_1_513' title='bbox 3297 1868 3542 1940; x_wconf 83' lang='grc' dir='ltr'>μαγειῶν</span> <span class='ocrx_word' id='word_1_514' title='bbox 3592 1867 3691 1920; x_wconf 76' lang='grc' dir='ltr'>καὶ</span> 
     </span>
    </p>
   </div>
   <div class='ocr_carea' id='block_1_74' title="bbox 2119 1960 3690 2039">
    <p class='ocr_par' dir='ltr' id='par_1_74' title="bbox 2119 1960 3690 2039">
     <span class='ocr_line' id='line_1_74' title="bbox 2119 1960 3690 2039; baseline -0.006 -16"><span class='ocrx_word' id='word_1_515' title='bbox 2119 1967 2505 2039; x_wconf 80' lang='grc' dir='ltr'>φαρμακειῶν,</span> <span class='ocrx_word' id='word_1_516' title='bbox 2530 1966 2605 2031; x_wconf 86' lang='grc' dir='ltr'>ὡς</span> <span class='ocrx_word' id='word_1_517' title='bbox 2650 1966 2715 2018; x_wconf 76' lang='grc' dir='ltr'>ἂν</span> <span class='ocrx_word' id='word_1_518' title='bbox 2739 1963 2835 2018; x_wconf 90' lang='grc' dir='ltr'><strong>τοῦ</strong></span> <span class='ocrx_word' id='word_1_519' title='bbox 2868 1963 3115 2018; x_wconf 87' lang='grc' dir='ltr'>τοιούτου</span> <span class='ocrx_word' id='word_1_520' title='bbox 3145 1962 3350 2033; x_wconf 82' lang='grc' dir='ltr'>μύσους</span> <span class='ocrx_word' id='word_1_521' title='bbox 3382 1960 3690 2029; x_wconf 71' lang='grc' dir='ltr'>ἐκκαθᾶραι</span> 
     </span>
    </p>
   </div>
   <div class='ocr_carea' id='block_1_75' title="bbox 2116 2049 3692 2130">
    <p class='ocr_par' dir='ltr' id='par_1_75' title="bbox 2116 2049 3692 2130">
     <span class='ocr_line' id='line_1_75' title="bbox 2116 2049 3692 2130; baseline -0.006 -14"><span class='ocrx_word' id='word_1_522' title='bbox 2116 2062 2208 2116; x_wconf 74' lang='grc' dir='ltr'>τὸν</span> <span class='ocrx_word' id='word_1_523' title='bbox 2235 2057 2384 2115; x_wconf 75' lang='grc' dir='ltr'>οἷκον</span> <span class='ocrx_word' id='word_1_524' title='bbox 2416 2058 2883 2130; x_wconf 76' lang='grc' dir='ltr'>ὑπισχνουμένους</span> <span class='ocrx_word' id='word_1_525' title='bbox 2905 2072 2920 2088; x_wconf 78' lang='grc' dir='ltr'><strong>ο</strong></span> <span class='ocrx_word' id='word_1_526' title='bbox 2954 2049 3047 2109; x_wconf 73' lang='grc' dir='ltr'>οἷα</span> <span class='ocrx_word' id='word_1_527' title='bbox 3087 2055 3422 2116; x_wconf 78' lang='grc' dir='ltr'>κλινοπετεῖς</span> <span class='ocrx_word' id='word_1_528' title='bbox 3465 2055 3692 2115; x_wconf 77' lang='grc' dir='ltr'>ἑαυτοὺς</span> 
     </span>
    </p>
   </div>
   <div class='ocr_carea' id='block_1_76' title="bbox 2120 2147 3696 2217">
    <p class='ocr_par' dir='ltr' id='par_1_76' title="bbox 2120 2147 3696 2217">
     <span class='ocr_line' id='line_1_76' title="bbox 2120 2147 3696 2217; baseline -0.006 -11"><span class='ocrx_word' id='word_1_529' title='bbox 2120 2155 2185 2206; x_wconf 78' lang='grc' dir='ltr'>ὲκ</span> <span class='ocrx_word' id='word_1_530' title='bbox 2208 2152 2415 2205; x_wconf 85' lang='grc' dir='ltr'>τούτων</span> <span class='ocrx_word' id='word_1_531' title='bbox 2466 2150 2873 2212; x_wconf 79' lang='grc' dir='ltr'>ὑποπτεύοντες</span> <span class='ocrx_word' id='word_1_532' title='bbox 2911 2148 3218 2217; x_wconf 78' lang='grc' dir='ltr'>γεγονέναι,</span> <span class='ocrx_word' id='word_1_533' title='bbox 3268 2147 3363 2201; x_wconf 78' lang='grc' dir='ltr'>καὶ</span> <span class='ocrx_word' id='word_1_534' title='bbox 3400 2147 3540 2214; x_wconf 84' lang='grc' dir='ltr'>νόσῳ</span> <span class='ocrx_word' id='word_1_535' title='bbox 3569 2161 3696 2216; x_wconf 87' lang='grc' dir='ltr'>χρο-</span> 
     </span>
    </p>
   </div>
   <div class='ocr_carea' id='block_1_77' title="bbox 2122 2235 3697 2313">
    <p class='ocr_par' dir='ltr' id='par_1_77' title="bbox 2122 2235 3697 2313">
     <span class='ocr_line' id='line_1_77' title="bbox 2122 2235 3697 2313; baseline -0.004 -19"><span class='ocrx_word' id='word_1_536' title='bbox 2122 2242 2213 2313; x_wconf 81' lang='grc' dir='ltr'><strong>νία</strong></span> <span class='ocrx_word' id='word_1_537' title='bbox 2243 2242 2707 2313; x_wconf 79' lang='grc' dir='ltr'>κατεργασθῆναι,</span> <span class='ocrx_word' id='word_1_538' title='bbox 2741 2242 2775 2312; x_wconf 83' lang='grc' dir='ltr'><strong>ῆ</strong></span> <span class='ocrx_word' id='word_1_539' title='bbox 2806 2241 2901 2294; x_wconf 89' lang='grc' dir='ltr'><strong>καί</strong></span> <span class='ocrx_word' id='word_1_540' title='bbox 2924 2256 3049 2293; x_wconf 89' lang='grc' dir='ltr'>τινα</span> <span class='ocrx_word' id='word_1_541' title='bbox 3071 2238 3181 2291; x_wconf 91' lang='grc' dir='ltr'><strong>τῶν</strong></span> <span class='ocrx_word' id='word_1_542' title='bbox 3206 2236 3577 2305; x_wconf 82' lang='grc' dir='ltr'>άπωλομένων</span> <span class='ocrx_word' id='word_1_543' title='bbox 3597 2235 3697 2288; x_wconf 71' lang='lat' dir='ltr'><strong>6o-</strong></span> 
     </span>
    </p>
   </div>
   <div class='ocr_carea' id='block_1_78' title="bbox 2121 2325 3697 2407">
    <p class='ocr_par' dir='ltr' id='par_1_78' title="bbox 2121 2325 3697 2407">
     <span class='ocr_line' id='line_1_78' title="bbox 2121 2325 3697 2407; baseline -0.005 -21"><span class='ocrx_word' id='word_1_544' title='bbox 2121 2333 2391 2407; x_wconf 58' lang='lat' dir='ltr'><strong>vapévogc</strong></span> <span class='ocrx_word' id='word_1_545' title='bbox 2422 2330 2821 2401; x_wconf 78' lang='grc' dir='ltr'>καταμηνύειν.</span> <span class='ocrx_word' id='word_1_546' title='bbox 2864 2331 2992 2393; x_wconf 90' lang='grc' dir='ltr'>Τοῖς</span> <span class='ocrx_word' id='word_1_547' title='bbox 3028 2330 3214 2390; x_wconf 85' lang='grc' dir='ltr'>αὐτοῖς</span> <span class='ocrx_word' id='word_1_548' title='bbox 3242 2327 3541 2395; x_wconf 77' lang='grc' dir='ltr'>ἐπιτιμίοις</span> <span class='ocrx_word' id='word_1_549' title='bbox 3566 2325 3697 2378; x_wconf 76' lang='grc' dir='ltr'><strong>ὐπό⁴</strong></span> 
     </span>
    </p>
   </div>
   <div class='ocr_carea' id='block_1_79' title="bbox 2120 2417 3698 2493">
    <p class='ocr_par' dir='ltr' id='par_1_79' title="bbox 2120 2417 3698 2493">
     <span class='ocr_line' id='line_1_79' title="bbox 2120 2417 3698 2493; baseline -0.007 -14"><span class='ocrx_word' id='word_1_550' title='bbox 2120 2442 2333 2479; x_wconf 85' lang='grc' dir='ltr'>κεινται</span> <span class='ocrx_word' id='word_1_551' title='bbox 2366 2425 2462 2477; x_wconf 72' lang='grc' dir='ltr'>καὶ</span> <span class='ocrx_word' id='word_1_552' title='bbox 2491 2425 2539 2475; x_wconf 80' lang='grc' dir='ltr'>οἱ</span> <span class='ocrx_word' id='word_1_553' title='bbox 2562 2421 2947 2493; x_wconf 86' lang='grc' dir='ltr'>γοητευτρίαις</span> <span class='ocrx_word' id='word_1_554' title='bbox 2970 2420 3426 2493; x_wconf 80' lang='grc' dir='ltr'>προσερχόμενοι,</span> <span class='ocrx_word' id='word_1_555' title='bbox 3453 2417 3546 2470; x_wconf 66' lang='grc' dir='ltr'><strong>καλ⁸</strong></span> <span class='ocrx_word' id='word_1_556' title='bbox 3574 2418 3698 2480; x_wconf 85' lang='grc' dir='ltr'>ταῖς</span> 
     </span>
    </p>
   </div>
   <div class='ocr_carea' id='block_1_80' title="bbox 2125 2515 2992 2587">
    <p class='ocr_par' dir='ltr' id='par_1_80' title="bbox 2125 2515 2992 2587">
     <span class='ocr_line' id='line_1_80' title="bbox 2125 2515 2992 2587; baseline -0.005 -17"><span class='ocrx_word' id='word_1_557' title='bbox 2125 2520 2263 2585; x_wconf 62' lang='grc' dir='ltr'>μετὰ</span> <span class='ocrx_word' id='word_1_558' title='bbox 2293 2516 2500 2587; x_wconf 83' lang='grc' dir='ltr'>κριθῶν</span> <span class='ocrx_word' id='word_1_559' title='bbox 2530 2515 2992 2585; x_wconf 73' lang='grc' dir='ltr'>μαντευομίναις.</span> 
     </span>
    </p>
   </div>
   <div class='ocr_carea' id='block_1_81' title="bbox 2198 2623 3693 2699">
    <p class='ocr_par' dir='ltr' id='par_1_81' title="bbox 2198 2623 3693 2699">
     <span class='ocr_line' id='line_1_81' title="bbox 2198 2623 3693 2699; baseline -0.005 -15"><span class='ocrx_word' id='word_1_560' title='bbox 2198 2630 2400 2684; x_wconf 86' lang='grc' dir='ltr'>Τοῦτον</span> <span class='ocrx_word' id='word_1_561' title='bbox 2430 2628 2571 2682; x_wconf 83' lang='grc' dir='ltr'>κατὰ</span> <span class='ocrx_word' id='word_1_562' title='bbox 2608 2627 2764 2699; x_wconf 76' lang='grc' dir='ltr'>ῥῆμα</span> <span class='ocrx_word' id='word_1_563' title='bbox 2804 2628 2898 2680; x_wconf 74' lang='grc' dir='ltr'>τὸν</span> <span class='ocrx_word' id='word_1_564' title='bbox 2931 2626 3132 2682; x_wconf 84' lang='grc' dir='ltr'>κανόνα</span> <span class='ocrx_word' id='word_1_565' title='bbox 3152 2625 3378 2693; x_wconf 80' lang='grc' dir='ltr'>διέξεισι</span> <span class='ocrx_word' id='word_1_566' title='bbox 3413 2625 3561 2678; x_wconf 83' lang='grc' dir='ltr'>καὶὸ</span> <span class='ocrx_word' id='word_1_567' title='bbox 3595 2623 3693 2678; x_wconf 88' lang='grc' dir='ltr'><strong>τοῦ</strong></span> 
     </span>
    </p>
   </div>
   <div class='ocr_carea' id='block_1_82' title="bbox 2127 2714 3700 2794">
    <p class='ocr_par' dir='ltr' id='par_1_82' title="bbox 2127 2714 3700 2794">
     <span class='ocr_line' id='line_1_82' title="bbox 2127 2714 3700 2794; baseline -0.004 -18"><span class='ocrx_word' id='word_1_568' title='bbox 2127 2722 2364 2794; x_wconf 78' lang='grc' dir='ltr'>μεγάλου</span> <span class='ocrx_word' id='word_1_569' title='bbox 2397 2721 2677 2776; x_wconf 86' lang='grc' dir='ltr'>Βασιλείου</span> <span class='ocrx_word' id='word_1_570' title='bbox 2707 2718 2829 2790; x_wconf 79' lang='grc' dir='ltr'>πγ”</span> <span class='ocrx_word' id='word_1_571' title='bbox 2852 2721 2992 2792; x_wconf 79' lang='grc' dir='ltr'>πλὴν</span> <span class='ocrx_word' id='word_1_572' title='bbox 3019 2714 3173 2785; x_wconf 76' lang='grc' dir='ltr'>οὗτος</span> <span class='ocrx_word' id='word_1_573' title='bbox 3202 2721 3296 2773; x_wconf 78' lang='grc' dir='ltr'>καὶ</span> <span class='ocrx_word' id='word_1_574' title='bbox 3328 2720 3521 2790; x_wconf 85' lang='grc' dir='ltr'>μέχρις</span> <span class='ocrx_word' id='word_1_575' title='bbox 3545 2717 3700 2784; x_wconf 78' lang='grc' dir='ltr'>ὲξαε·</span> 
     </span>
    </p>
   </div>
   <div class='ocr_carea' id='block_1_83' title="bbox 2122 2811 3698 2885">
    <p class='ocr_par' dir='ltr' id='par_1_83' title="bbox 2122 2811 3698 2885">
     <span class='ocr_line' id='line_1_83' title="bbox 2122 2811 3698 2885; baseline -0.006 -15"><span class='ocrx_word' id='word_1_576' title='bbox 2122 2817 2244 2879; x_wconf 87' lang='grc' dir='ltr'>τίας</span> <span class='ocrx_word' id='word_1_577' title='bbox 2277 2817 2401 2879; x_wconf 80' lang='grc' dir='ltr'>τοὺς</span> <span class='ocrx_word' id='word_1_578' title='bbox 2434 2814 2966 2885; x_wconf 81' lang='grc' dir='ltr'>καταχρησαμένους</span> <span class='ocrx_word' id='word_1_579' title='bbox 2984 2813 3065 2884; x_wconf 82' lang='grc' dir='ltr'>τῷ</span> <span class='ocrx_word' id='word_1_580' title='bbox 3088 2813 3313 2884; x_wconf 80' lang='grc' dir='ltr'>τοιούτῳ</span> <span class='ocrx_word' id='word_1_581' title='bbox 3334 2811 3492 2882; x_wconf 88' lang='grc' dir='ltr'><strong>κακῷ</strong></span> <span class='ocrx_word' id='word_1_582' title='bbox 3519 2827 3698 2879; x_wconf 84' lang='grc' dir='ltr'>παρα-</span> 
     </span>
    </p>
   </div>
   <div class='ocr_carea' id='block_1_84' title="bbox 2123 2895 3697 2976">
    <p class='ocr_par' dir='ltr' id='par_1_84' title="bbox 2123 2895 3697 2976">
     <span class='ocr_line' id='line_1_84' title="bbox 2123 2895 3697 2976; baseline -0.004 -14"><span class='ocrx_word' id='word_1_583' title='bbox 2123 2909 2307 2970; x_wconf 82' lang='grc' dir='ltr'>τείνει.</span> <span class='ocrx_word' id='word_1_584' title='bbox 2349 2908 2490 2963; x_wconf 78' lang='grc' dir='ltr'>ὥστε</span> <span class='ocrx_word' id='word_1_585' title='bbox 2533 2909 2583 2961; x_wconf 78' lang='lat' dir='ltr'><strong>oi</strong></span> <span class='ocrx_word' id='word_1_586' title='bbox 2635 2906 2784 2972; x_wconf 83' lang='grc' dir='ltr'>ἆπαξ</span> <span class='ocrx_word' id='word_1_587' title='bbox 2815 2906 3204 2976; x_wconf 73' lang='grc' dir='ltr'>πλανηθέντες,</span> <span class='ocrx_word' id='word_1_588' title='bbox 3251 2901 3369 2959; x_wconf 73' lang='grc' dir='ltr'>εἶτα</span> <span class='ocrx_word' id='word_1_589' title='bbox 3398 2903 3492 2958; x_wconf 84' lang='grc' dir='ltr'><strong>τοῦ</strong></span> <span class='ocrx_word' id='word_1_590' title='bbox 3523 2895 3697 2957; x_wconf 85' lang='grc' dir='ltr'>κακοῦ</span> 
     </span>
    </p>
   </div>
   <div class='ocr_carea' id='block_1_85' title="bbox 2124 2996 3346 3068">
    <p class='ocr_par' dir='ltr' id='par_1_85' title="bbox 2124 2996 3346 3068">
     <span class='ocr_line' id='line_1_85' title="bbox 2124 2996 3346 3068; baseline -0.002 -15"><span class='ocrx_word' id='word_1_591' title='bbox 2124 3000 2484 3062; x_wconf 85' lang='grc' dir='ltr'>ἀποστάντες,</span> <span class='ocrx_word' id='word_1_592' title='bbox 2507 2998 2807 3060; x_wconf 78' lang='grc' dir='ltr'>ἐλαττόνως</span> <span class='ocrx_word' id='word_1_593' title='bbox 2831 2996 3346 3068; x_wconf 75' lang='grc' dir='ltr'>ἐπιτιμηθῆσονται.</span> 
     </span>
    </p>
   </div>
   <div class='ocr_carea' id='block_1_86' title="bbox 2210 3108 3701 3185">
    <p class='ocr_par' dir='ltr' id='par_1_86' title="bbox 2210 3108 3701 3185">
     <span class='ocr_line' id='line_1_86' title="bbox 2210 3108 3701 3185; baseline -0.004 -17"><span class='ocrx_word' id='word_1_594' title='bbox 2210 3115 2268 3168; x_wconf 87' lang='lat'><strong>&#39;0</strong></span> <span class='ocrx_word' id='word_1_595' title='bbox 2297 3114 2354 3168; x_wconf 80' lang='grc' dir='ltr'>δὲ</span> <span class='ocrx_word' id='word_1_596' title='bbox 2383 3116 2482 3185; x_wconf 82' lang='grc' dir='ltr'><strong>τῆς</strong></span> <span class='ocrx_word' id='word_1_597' title='bbox 2529 3114 2588 3166; x_wconf 84' lang='grc' dir='ltr'>ὲν</span> <span class='ocrx_word' id='word_1_598' title='bbox 2640 3112 2941 3185; x_wconf 81' lang='grc' dir='ltr'>Λαοδικείᾳ</span> <span class='ocrx_word' id='word_1_599' title='bbox 2982 3112 3074 3177; x_wconf 80' lang='grc' dir='ltr'>λς’</span> <span class='ocrx_word' id='word_1_600' title='bbox 3108 3108 3428 3183; x_wconf 81' lang='grc' dir='ltr'>κληρικοὺς,</span> <span class='ocrx_word' id='word_1_601' title='bbox 3489 3111 3701 3181; x_wconf 80' lang='grc' dir='ltr'>μάγους</span> 
     </span>
    </p>
   </div>
   <div class='ocr_carea' id='block_1_87' title="bbox 2127 3201 3698 3275">
    <p class='ocr_par' dir='ltr' id='par_1_87' title="bbox 2127 3201 3698 3275">
     <span class='ocr_line' id='line_1_87' title="bbox 2127 3201 3698 3275; baseline -0.003 -14"><span class='ocrx_word' id='word_1_602' title='bbox 2127 3209 2310 3270; x_wconf 75' lang='grc' dir='ltr'>ὄντας,</span> <span class='ocrx_word' id='word_1_603' title='bbox 2342 3208 2439 3261; x_wconf 69' lang='grc' dir='ltr'>καὶ</span> <span class='ocrx_word' id='word_1_604' title='bbox 2471 3205 2779 3268; x_wconf 81' lang='grc' dir='ltr'>ὲπαοιδούς,</span> <span class='ocrx_word' id='word_1_605' title='bbox 2813 3205 2845 3275; x_wconf 83' lang='grc' dir='ltr'>ἢ</span> <span class='ocrx_word' id='word_1_606' title='bbox 2885 3204 3325 3274; x_wconf 79' lang='grc' dir='ltr'>μαθηματικοὺς,</span> <span class='ocrx_word' id='word_1_607' title='bbox 3360 3202 3394 3272; x_wconf 82' lang='grc' dir='ltr'>ἢ</span> <span class='ocrx_word' id='word_1_608' title='bbox 3430 3201 3698 3271; x_wconf 80' lang='grc' dir='ltr'>ἀστρολό-</span> 
     </span>
    </p>
   </div>
   <div class='ocr_carea' id='block_1_88' title="bbox 2127 3293 3704 3368">
    <p class='ocr_par' dir='ltr' id='par_1_88' title="bbox 2127 3293 3704 3368">
     <span class='ocr_line' id='line_1_88' title="bbox 2127 3293 3704 3368; baseline -0.004 -16"><span class='ocrx_word' id='word_1_609' title='bbox 2127 3316 2277 3368; x_wconf 84' lang='grc' dir='ltr'>γους,</span> <span class='ocrx_word' id='word_1_610' title='bbox 2304 3298 2340 3368; x_wconf 80' lang='grc' dir='ltr'>ἢ</span> <span class='ocrx_word' id='word_1_611' title='bbox 2370 3299 2437 3351; x_wconf 81' lang='grc' dir='ltr'>τὰ</span> <span class='ocrx_word' id='word_1_612' title='bbox 2461 3297 2735 3366; x_wconf 89' lang='grc' dir='ltr'>λεγόμενα</span> <span class='ocrx_word' id='word_1_613' title='bbox 2764 3294 3060 3357; x_wconf 80' lang='grc' dir='ltr'>ποιοῦντας</span> <span class='ocrx_word' id='word_1_614' title='bbox 3090 3293 3461 3363; x_wconf 81' lang='grc' dir='ltr'>φυλακτήρια,</span> <span class='ocrx_word' id='word_1_615' title='bbox 3498 3293 3704 3346; x_wconf 86' lang='grc' dir='ltr'>παντά-</span> 
     </span>
    </p>
   </div>
   <div class='ocr_carea' id='block_1_89' title="bbox 2129 3388 3703 3463">
    <p class='ocr_par' dir='ltr' id='par_1_89' title="bbox 2129 3388 3703 3463">
     <span class='ocr_line' id='line_1_89' title="bbox 2129 3388 3703 3463; baseline -0.003 -17"><span class='ocrx_word' id='word_1_616' title='bbox 2129 3411 2263 3447; x_wconf 87' lang='grc' dir='ltr'>πασι</span> <span class='ocrx_word' id='word_1_617' title='bbox 2298 3391 2395 3463; x_wconf 90' lang='grc' dir='ltr'><strong>τῆς</strong></span> <span class='ocrx_word' id='word_1_618' title='bbox 2424 3391 2718 3463; x_wconf 75' lang='grc' dir='ltr'>ἐκκλησίας</span> <span class='ocrx_word' id='word_1_619' title='bbox 2764 3389 3201 3463; x_wconf 82' lang='grc' dir='ltr'>ἁπορῤίπτεσθαι</span> <span class='ocrx_word' id='word_1_620' title='bbox 3247 3388 3578 3460; x_wconf 82' lang='grc' dir='ltr'>διορίζεται·</span> <span class='ocrx_word' id='word_1_621' title='bbox 3610 3389 3703 3441; x_wconf 77' lang='grc' dir='ltr'>καὶ</span> 
     </span>
    </p>
   </div>
   <div class='ocr_carea' id='block_1_90' title="bbox 2134 3481 3705 3556">
    <p class='ocr_par' dir='ltr' id='par_1_90' title="bbox 2134 3481 3705 3556">
     <span class='ocr_line' id='line_1_90' title="bbox 2134 3481 3705 3556; baseline -0.004 -16"><span class='ocrx_word' id='word_1_622' title='bbox 2134 3487 2300 3556; x_wconf 83' lang='grc' dir='ltr'>μάγοι</span> <span class='ocrx_word' id='word_1_623' title='bbox 2341 3486 2444 3555; x_wconf 90' lang='grc' dir='ltr'><strong>μέν</strong></span> <span class='ocrx_word' id='word_1_624' title='bbox 2472 3485 2612 3538; x_wconf 89' lang='grc' dir='ltr'>είσιν</span> <span class='ocrx_word' id='word_1_625' title='bbox 2640 3485 2688 3538; x_wconf 82' lang='grc' dir='ltr'><strong>οί</strong></span> <span class='ocrx_word' id='word_1_626' title='bbox 2703 3482 2973 3554; x_wconf 86' lang='grc' dir='ltr'>δαίμονας</span> <span class='ocrx_word' id='word_1_627' title='bbox 2999 3481 3366 3550; x_wconf 82' lang='grc' dir='ltr'>ἀγαθοποιούς</span> <span class='ocrx_word' id='word_1_628' title='bbox 3388 3481 3552 3551; x_wconf 80' lang='grc' dir='ltr'>δῆθεν</span> <span class='ocrx_word' id='word_1_629' title='bbox 3584 3482 3705 3534; x_wconf 69' lang='grc' dir='ltr'>επι-</span> 
     </span>
    </p>
   </div>
   <div class='ocr_carea' id='block_1_91' title="bbox 2131 3574 3704 3648">
    <p class='ocr_par' dir='ltr' id='par_1_91' title="bbox 2131 3574 3704 3648">
     <span class='ocr_line' id='line_1_91' title="bbox 2131 3574 3704 3648; baseline -0.004 -15"><span class='ocrx_word' id='word_1_630' title='bbox 2131 3579 2460 3648; x_wconf 87' lang='grc' dir='ltr'>καλούμενοι</span> <span class='ocrx_word' id='word_1_631' title='bbox 2513 3576 2651 3648; x_wconf 80' lang='grc' dir='ltr'>πρὸς</span> <span class='ocrx_word' id='word_1_632' title='bbox 2703 3575 2912 3645; x_wconf 77' lang='grc' dir='ltr'>ἀγαθοῦ</span> <span class='ocrx_word' id='word_1_633' title='bbox 2968 3593 3113 3639; x_wconf 79' lang='grc' dir='ltr'>τινος</span> <span class='ocrx_word' id='word_1_634' title='bbox 3166 3576 3453 3637; x_wconf 89' lang='grc' dir='ltr'>σύστασιν,</span> <span class='ocrx_word' id='word_1_635' title='bbox 3520 3574 3704 3628; x_wconf 84' lang='grc' dir='ltr'>καίτοι</span> 
     </span>
    </p>
   </div>
   <div class='ocr_carea' id='block_1_92' title="bbox 2133 3667 3707 3742">
    <p class='ocr_par' dir='ltr' id='par_1_92' title="bbox 2133 3667 3707 3742">
     <span class='ocr_line' id='line_1_92' title="bbox 2133 3667 3707 3742; baseline -0.004 -17"><span class='ocrx_word' id='word_1_636' title='bbox 2133 3671 2453 3742; x_wconf 79' lang='grc' dir='ltr'>μιαιφόνους</span> <span class='ocrx_word' id='word_1_637' title='bbox 2483 3670 2694 3732; x_wconf 80' lang='grc' dir='ltr'>πάντας</span> <span class='ocrx_word' id='word_1_638' title='bbox 2733 3670 2827 3721; x_wconf 75' lang='grc' dir='ltr'>καὶ</span> <span class='ocrx_word' id='word_1_639' title='bbox 2855 3667 3164 3738; x_wconf 74' lang='grc' dir='ltr'>ἀλάστορας</span> <span class='ocrx_word' id='word_1_640' title='bbox 3207 3667 3368 3729; x_wconf 79' lang='grc' dir='ltr'>ὐντας</span> <span class='ocrx_word' id='word_1_641' title='bbox 3396 3668 3465 3737; x_wconf 76' lang='grc' dir='ltr'><strong>τῇ</strong></span> <span class='ocrx_word' id='word_1_642' title='bbox 3511 3682 3707 3736; x_wconf 73' lang='grc' dir='ltr'><strong>προαι⁴</strong></span> 
     </span>
    </p>
   </div>
   <div class='ocr_carea' id='block_1_93' title="bbox 2133 3755 3705 3834">
    <p class='ocr_par' dir='ltr' id='par_1_93' title="bbox 2133 3755 3705 3834">
     <span class='ocr_line' id='line_1_93' title="bbox 2133 3755 3705 3834; baseline -0.004 -19"><span class='ocrx_word' id='word_1_643' title='bbox 2133 3763 2304 3834; x_wconf 72' lang='grc' dir='ltr'>ρέσει.</span> <span class='ocrx_word' id='word_1_644' title='bbox 2345 3759 2623 3815; x_wconf 79' lang='grc' dir='ltr'>Ἐπαοιδοὶ</span> <span class='ocrx_word' id='word_1_645' title='bbox 2666 3756 2745 3825; x_wconf 71' lang='grc' dir='ltr'>δὲ,</span> <span class='ocrx_word' id='word_1_646' title='bbox 2772 3759 2823 3813; x_wconf 72' lang='grc' dir='ltr'>οἱ</span> <span class='ocrx_word' id='word_1_647' title='bbox 2853 3761 3072 3829; x_wconf 83' lang='grc' dir='ltr'>γόητες,</span> <span class='ocrx_word' id='word_1_648' title='bbox 3114 3760 3165 3812; x_wconf 82' lang='grc' dir='ltr'>οἱ</span> <span class='ocrx_word' id='word_1_649' title='bbox 3202 3755 3272 3812; x_wconf 86' lang='grc' dir='ltr'>δι’</span> <span class='ocrx_word' id='word_1_650' title='bbox 3320 3757 3541 3828; x_wconf 71' lang='grc' dir='ltr'>ἐπῳδῶν</span> <span class='ocrx_word' id='word_1_651' title='bbox 3578 3756 3705 3817; x_wconf 83' lang='grc' dir='ltr'>τοὺς</span> 
     </span>
    </p>
   </div>
   <div class='ocr_carea' id='block_1_94' title="bbox 2131 3849 3706 3923">
    <p class='ocr_par' dir='ltr' id='par_1_94' title="bbox 2131 3849 3706 3923">
     <span class='ocr_line' id='line_1_94' title="bbox 2131 3849 3706 3923; baseline -0.002 -16"><span class='ocrx_word' id='word_1_652' title='bbox 2131 3849 2392 3923; x_wconf 87' lang='grc' dir='ltr'>δαίμονας</span> <span class='ocrx_word' id='word_1_653' title='bbox 2411 3851 2775 3921; x_wconf 75' lang='grc' dir='ltr'>ἐφελκόμενοι</span> <span class='ocrx_word' id='word_1_654' title='bbox 2808 3851 2945 3923; x_wconf 79' lang='grc' dir='ltr'>πρὸς</span> <span class='ocrx_word' id='word_1_655' title='bbox 2970 3852 3040 3905; x_wconf 82' lang='grc' dir='ltr'>τὰ</span> <span class='ocrx_word' id='word_1_656' title='bbox 3064 3851 3242 3903; x_wconf 79' lang='grc' dir='ltr'>οἰκεῖα</span> <span class='ocrx_word' id='word_1_657' title='bbox 3275 3849 3576 3920; x_wconf 78' lang='grc' dir='ltr'>θελήματα,</span> <span class='ocrx_word' id='word_1_658' title='bbox 3611 3849 3706 3904; x_wconf 82' lang='grc' dir='ltr'>καὶ</span> 
     </span>
    </p>
   </div>
   <div class='ocr_carea' id='block_1_95' title="bbox 2135 3941 3707 4014">
    <p class='ocr_par' dir='ltr' id='par_1_95' title="bbox 2135 3941 3707 4014">
     <span class='ocr_line' id='line_1_95' title="bbox 2135 3941 3707 4014; baseline -0.001 -18"><span class='ocrx_word' id='word_1_659' title='bbox 2135 3943 2305 4014; x_wconf 87' lang='grc' dir='ltr'>θηρία</span> <span class='ocrx_word' id='word_1_660' title='bbox 2325 3943 2799 4014; x_wconf 82' lang='grc' dir='ltr'>καταδεσμοῦντες</span> <span class='ocrx_word' id='word_1_661' title='bbox 2827 3944 2923 3995; x_wconf 78' lang='grc' dir='ltr'>καὶ</span> <span class='ocrx_word' id='word_1_662' title='bbox 2947 3942 3154 4011; x_wconf 78' lang='grc' dir='ltr'>ἑρπετὰ</span> <span class='ocrx_word' id='word_1_663' title='bbox 3182 3941 3317 4012; x_wconf 85' lang='grc' dir='ltr'>πρὸς</span> <span class='ocrx_word' id='word_1_664' title='bbox 3334 3942 3395 3995; x_wconf 85' lang='grc' dir='ltr'>τὸ</span> <span class='ocrx_word' id='word_1_665' title='bbox 3427 3942 3503 4012; x_wconf 85' lang='grc' dir='ltr'>μὴ</span> <span class='ocrx_word' id='word_1_666' title='bbox 3528 3942 3707 4012; x_wconf 77' lang='grc' dir='ltr'>λυμή-</span> 
     </span>
    </p>
   </div>
   <div class='ocr_carea' id='block_1_96' title="bbox 2132 4031 3707 4104">
    <p class='ocr_par' dir='ltr' id='par_1_96' title="bbox 2132 4031 3707 4104">
     <span class='ocr_line' id='line_1_96' title="bbox 2132 4031 3707 4104; baseline -0.002 -16"><span class='ocrx_word' id='word_1_667' title='bbox 2132 4034 2329 4089; x_wconf 87' lang='grc' dir='ltr'>νασθαι</span> <span class='ocrx_word' id='word_1_668' title='bbox 2358 4034 2420 4088; x_wconf 84' lang='grc' dir='ltr'>τὸ</span> <span class='ocrx_word' id='word_1_669' title='bbox 2445 4034 2642 4104; x_wconf 78' lang='grc' dir='ltr'>κτῆνος</span> <span class='ocrx_word' id='word_1_670' title='bbox 2670 4033 2857 4104; x_wconf 74' lang='grc' dir='ltr'>τυχὸν,</span> <span class='ocrx_word' id='word_1_671' title='bbox 2900 4031 3006 4097; x_wconf 74' lang='grc' dir='ltr'><strong>ἔξω</strong></span> <span class='ocrx_word' id='word_1_672' title='bbox 3051 4049 3155 4085; x_wconf 84' lang='grc' dir='ltr'><strong>που</strong></span> <span class='ocrx_word' id='word_1_673' title='bbox 3183 4032 3381 4096; x_wconf 82' lang='grc' dir='ltr'>νυκτὸς</span> <span class='ocrx_word' id='word_1_674' title='bbox 3417 4031 3707 4102; x_wconf 73' lang='grc' dir='ltr'>αὐλιζόμε-</span> 
     </span>
    </p>
   </div>
   <div class='ocr_carea' id='block_1_97' title="bbox 2136 4118 3706 4196">
    <p class='ocr_par' dir='ltr' id='par_1_97' title="bbox 2136 4118 3706 4196">
     <span class='ocr_line' id='line_1_97' title="bbox 2136 4118 3706 4196; baseline -0.003 -15"><span class='ocrx_word' id='word_1_675' title='bbox 2136 4144 2225 4181; x_wconf 91' lang='grc' dir='ltr'><strong>νον</strong></span> <span class='ocrx_word' id='word_1_676' title='bbox 2253 4144 2269 4162; x_wconf 73' lang='grc' dir='ltr'><strong>ο</strong></span> <span class='ocrx_word' id='word_1_677' title='bbox 2310 4126 2447 4182; x_wconf 84' lang='grc' dir='ltr'><strong>ἀλλὰ</strong></span> <span class='ocrx_word' id='word_1_678' title='bbox 2473 4125 2567 4179; x_wconf 74' lang='grc' dir='ltr'>καὶ</span> <span class='ocrx_word' id='word_1_679' title='bbox 2613 4118 2767 4195; x_wconf 71' lang='grc' dir='ltr'>ὄφεις</span> <span class='ocrx_word' id='word_1_680' title='bbox 2798 4126 2979 4196; x_wconf 75' lang='grc' dir='ltr'>ἕτεροι</span> <span class='ocrx_word' id='word_1_681' title='bbox 3035 4124 3564 4194; x_wconf 84' lang='grc' dir='ltr'>καταγοητεύουσιν,</span> <span class='ocrx_word' id='word_1_682' title='bbox 3612 4123 3706 4186; x_wconf 79' lang='grc' dir='ltr'>οὓς</span> 
     </span>
    </p>
   </div>
   <div class='ocr_carea' id='block_1_98' title="bbox 2137 4216 3706 4292">
    <p class='ocr_par' dir='ltr' id='par_1_98' title="bbox 2137 4216 3706 4292">
     <span class='ocr_line' id='line_1_98' title="bbox 2137 4216 3706 4292; baseline -0.003 -20"><span class='ocrx_word' id='word_1_683' title='bbox 2137 4236 2245 4291; x_wconf 90' lang='grc' dir='ltr'><strong>περ</strong></span> <span class='ocrx_word' id='word_1_684' title='bbox 2270 4219 2334 4292; x_wconf 77' lang='grc' dir='ltr'>δὴ</span> <span class='ocrx_word' id='word_1_685' title='bbox 2356 4220 2452 4274; x_wconf 74' lang='grc' dir='ltr'>καὶ</span> <span class='ocrx_word' id='word_1_686' title='bbox 2482 4217 3015 4290; x_wconf 76' lang='grc' dir='ltr'>μεταχειριζόμενοι,</span> <span class='ocrx_word' id='word_1_687' title='bbox 3058 4216 3283 4287; x_wconf 74' lang='grc' dir='ltr'>ἄδηκτοι</span> <span class='ocrx_word' id='word_1_688' title='bbox 3318 4216 3377 4280; x_wconf 74' lang='grc' dir='ltr'><strong>ἐξ</strong></span> <span class='ocrx_word' id='word_1_689' title='bbox 3411 4216 3588 4269; x_wconf 86' lang='grc' dir='ltr'>αὐτῶν</span> <span class='ocrx_word' id='word_1_690' title='bbox 3615 4217 3706 4268; x_wconf 76' lang='grc' dir='ltr'>καὶ</span> 
     </span>
    </p>
   </div>
   <div class='ocr_carea' id='block_1_99' title="bbox 2137 4309 3711 4381">
    <p class='ocr_par' dir='ltr' id='par_1_99' title="bbox 2137 4309 3711 4381">
     <span class='ocr_line' id='line_1_99' title="bbox 2137 4309 3711 4381; baseline -0.001 -16"><span class='ocrx_word' id='word_1_691' title='bbox 2137 4313 2368 4375; x_wconf 83' lang='grc' dir='ltr'>ἀπαθεῖς</span> <span class='ocrx_word' id='word_1_692' title='bbox 2392 4310 2582 4366; x_wconf 88' lang='grc' dir='ltr'>κακῶν</span> <span class='ocrx_word' id='word_1_693' title='bbox 2633 4309 2975 4381; x_wconf 88' lang='grc' dir='ltr'>διαμένουσι.</span> <span class='ocrx_word' id='word_1_694' title='bbox 3029 4311 3418 4380; x_wconf 71' lang='grc' dir='ltr'>Μαθηματικοὶ</span> <span class='ocrx_word' id='word_1_695' title='bbox 3455 4310 3534 4376; x_wconf 83' lang='grc' dir='ltr'>δὲ,</span> <span class='ocrx_word' id='word_1_696' title='bbox 3564 4310 3613 4363; x_wconf 78' lang='lat' dir='ltr'><strong>el</strong></span> <span class='ocrx_word' id='word_1_697' title='bbox 3640 4309 3711 4363; x_wconf 85' lang='grc' dir='ltr'>τὰ</span> 
     </span>
    </p>
   </div>
   <div class='ocr_carea' id='block_1_100' title="bbox 2137 4400 3710 4473">
    <p class='ocr_par' dir='ltr' id='par_1_100' title="bbox 2137 4400 3710 4473">
     <span class='ocr_line' id='line_1_100' title="bbox 2137 4400 3710 4473; baseline -0.002 -18"><span class='ocrx_word' id='word_1_698' title='bbox 2137 4403 2363 4473; x_wconf 82' lang='grc' dir='ltr'>οὐράνια</span> <span class='ocrx_word' id='word_1_699' title='bbox 2394 4400 2627 4472; x_wconf 83' lang='grc' dir='ltr'>σώματα</span> <span class='ocrx_word' id='word_1_700' title='bbox 2669 4400 2985 4468; x_wconf 74' lang='grc' dir='ltr'>δοξάζοντες</span> <span class='ocrx_word' id='word_1_701' title='bbox 3028 4403 3176 4472; x_wconf 83' lang='grc' dir='ltr'>ἔχειν</span> <span class='ocrx_word' id='word_1_702' title='bbox 3222 4403 3321 4468; x_wconf 77' lang='grc' dir='ltr'>τὴν</span> <span class='ocrx_word' id='word_1_703' title='bbox 3364 4400 3459 4454; x_wconf 87' lang='grc' dir='ltr'><strong>τοῦ</strong></span> <span class='ocrx_word' id='word_1_704' title='bbox 3508 4401 3710 4462; x_wconf 79' lang='grc' dir='ltr'>παντὸς</span> 
     </span>
    </p>
   </div>
   <div class='ocr_carea' id='block_1_101' title="bbox 2139 4478 3719 4567">
    <p class='ocr_par' dir='ltr' id='par_1_101' title="bbox 2139 4493 3719 4567">
     <span class='ocr_line' id='line_1_101' title="bbox 2139 4493 3719 4567; baseline -0.003 -18"><span class='ocrx_word' id='word_1_705' title='bbox 2139 4496 2459 4567; x_wconf 84' lang='grc' dir='ltr'>κυριότητα,</span> <span class='ocrx_word' id='word_1_706' title='bbox 2494 4495 2590 4548; x_wconf 75' lang='grc' dir='ltr'>καὶ</span> <span class='ocrx_word' id='word_1_707' title='bbox 2624 4494 2767 4549; x_wconf 82' lang='grc' dir='ltr'>κατὰ</span> <span class='ocrx_word' id='word_1_708' title='bbox 2786 4495 2885 4564; x_wconf 76' lang='grc' dir='ltr'>τὴν</span> <span class='ocrx_word' id='word_1_709' title='bbox 2916 4494 3128 4565; x_wconf 78' lang='grc' dir='ltr'>κίνησιν</span> <span class='ocrx_word' id='word_1_710' title='bbox 3156 4494 3361 4547; x_wconf 87' lang='grc' dir='ltr'>τούτων</span> <span class='ocrx_word' id='word_1_711' title='bbox 3394 4493 3719 4548; x_wconf 68' lang='grc' dir='ltr'>διοικεῖσθαι</span> 
     </span>
    </p>
   </div>
   <div class='ocr_carea' id='block_1_102' title="bbox 2138 4585 3712 4656">
    <p class='ocr_par' dir='ltr' id='par_1_102' title="bbox 2138 4585 3712 4656">
     <span class='ocr_line' id='line_1_102' title="bbox 2138 4585 3712 4656; baseline -0.003 -15"><span class='ocrx_word' id='word_1_712' title='bbox 2138 4590 2206 4641; x_wconf 77' lang='grc' dir='ltr'><strong>τὸ,</strong></span> <span class='ocrx_word' id='word_1_713' title='bbox 2230 4588 2395 4656; x_wconf 72' lang='grc' dir='ltr'>καθ’ί]</span> <span class='ocrx_word' id='word_1_714' title='bbox 2406 4588 2532 4656; x_wconf 82' lang='grc' dir='ltr'>μᾶς.</span> <span class='ocrx_word' id='word_1_715' title='bbox 2566 4585 2647 4640; x_wconf 73' lang='grc' dir='ltr'><strong>Τὰ</strong></span> <span class='ocrx_word' id='word_1_716' title='bbox 2677 4586 2733 4640; x_wconf 80' lang='grc' dir='ltr'>δὲ</span> <span class='ocrx_word' id='word_1_717' title='bbox 2750 4587 2846 4655; x_wconf 88' lang='grc' dir='ltr'><strong>τῆς</strong></span> <span class='ocrx_word' id='word_1_718' title='bbox 2876 4586 3272 4656; x_wconf 82' lang='grc' dir='ltr'>μαθηματικῆς</span> <span class='ocrx_word' id='word_1_719' title='bbox 3295 4585 3605 4654; x_wconf 78' lang='grc' dir='ltr'>ἐπιστήμης</span> <span class='ocrx_word' id='word_1_720' title='bbox 3632 4585 3712 4648; x_wconf 78' lang='grc' dir='ltr'><strong>είς</strong></span> 
     </span>
    </p>
   </div>
   <div class='ocr_carea' id='block_1_103' title="bbox 2137 4674 3706 4748">
    <p class='ocr_par' dir='ltr' id='par_1_103' title="bbox 2137 4674 3706 4748">
     <span class='ocr_line' id='line_1_103' title="bbox 2137 4674 3706 4748; baseline -0.003 -18"><span class='ocrx_word' id='word_1_721' title='bbox 2137 4678 2230 4730; x_wconf 87' lang='grc' dir='ltr'><strong>δύο</strong></span> <span class='ocrx_word' id='word_1_722' title='bbox 2266 4678 2439 4731; x_wconf 76' lang='grc' dir='ltr'>ταῦτα</span> <span class='ocrx_word' id='word_1_723' title='bbox 2458 4676 2735 4748; x_wconf 78' lang='grc' dir='ltr'>διῄρηται,</span> <span class='ocrx_word' id='word_1_724' title='bbox 2765 4676 3133 4747; x_wconf 81' lang='grc' dir='ltr'>ἀστρονομίαν</span> <span class='ocrx_word' id='word_1_725' title='bbox 3189 4676 3284 4728; x_wconf 75' lang='grc' dir='ltr'>καὶ</span> <span class='ocrx_word' id='word_1_726' title='bbox 3310 4674 3671 4744; x_wconf 80' lang='grc' dir='ltr'>ἀστρολογίαν</span> <span class='ocrx_word' id='word_1_727' title='bbox 3690 4689 3706 4705; x_wconf 80' lang='lat'><strong>&#39;</strong></span> 
     </span>
    </p>
   </div>
   <div class='ocr_carea' id='block_1_104' title="bbox 2139 4766 3711 4842">
    <p class='ocr_par' dir='ltr' id='par_1_104' title="bbox 2139 4766 3711 4842">
     <span class='ocr_line' id='line_1_104' title="bbox 2139 4766 3711 4842; baseline -0.004 -19"><span class='ocrx_word' id='word_1_728' title='bbox 2139 4770 2234 4823; x_wconf 74' lang='grc' dir='ltr'>καὶ</span> <span class='ocrx_word' id='word_1_729' title='bbox 2259 4771 2290 4842; x_wconf 79' lang='grc' dir='ltr'>ἡ</span> <span class='ocrx_word' id='word_1_730' title='bbox 2330 4771 2427 4840; x_wconf 80' lang='grc' dir='ltr'>μὲν</span> <span class='ocrx_word' id='word_1_731' title='bbox 2456 4772 2556 4822; x_wconf 64' lang='grc' dir='ltr'>καὶ</span> <span class='ocrx_word' id='word_1_732' title='bbox 2585 4771 2695 4832; x_wconf 84' lang='grc' dir='ltr'>τοῖς</span> <span class='ocrx_word' id='word_1_733' title='bbox 2729 4769 2905 4838; x_wconf 87' lang='grc' dir='ltr'>ἁγίοις</span> <span class='ocrx_word' id='word_1_734' title='bbox 2927 4771 3110 4830; x_wconf 82' lang='grc' dir='ltr'>αὐτοῖς</span> <span class='ocrx_word' id='word_1_735' title='bbox 3131 4766 3575 4837; x_wconf 82' lang='grc' dir='ltr'>συγκεχώρηται,</span> <span class='ocrx_word' id='word_1_736' title='bbox 3615 4767 3711 4820; x_wconf 82' lang='grc' dir='ltr'>ἆτε</span> 
     </span>
    </p>
   </div>
   <div class='ocr_carea' id='block_1_105' title="bbox 2139 4858 3716 4933">
    <p class='ocr_par' dir='ltr' id='par_1_105' title="bbox 2139 4858 3716 4933">
     <span class='ocr_line' id='line_1_105' title="bbox 2139 4858 3716 4933; baseline -0.004 -18"><span class='ocrx_word' id='word_1_737' title='bbox 2139 4863 2237 4933; x_wconf 82' lang='grc' dir='ltr'>τὴν</span> <span class='ocrx_word' id='word_1_738' title='bbox 2278 4862 2388 4915; x_wconf 87' lang='grc' dir='ltr'><strong>τῶν</strong></span> <span class='ocrx_word' id='word_1_739' title='bbox 2422 4862 2689 4933; x_wconf 84' lang='grc' dir='ltr'>οὐρανίων</span> <span class='ocrx_word' id='word_1_740' title='bbox 2721 4861 2977 4914; x_wconf 81' lang='grc' dir='ltr'>ἁπάντων</span> <span class='ocrx_word' id='word_1_741' title='bbox 3008 4861 3335 4913; x_wconf 74' lang='grc' dir='ltr'>διδάσκουσα</span> <span class='ocrx_word' id='word_1_742' title='bbox 3366 4859 3514 4913; x_wconf 87' lang='grc' dir='ltr'>θέσιν</span> <span class='ocrx_word' id='word_1_743' title='bbox 3530 4875 3589 4909; x_wconf 86' lang='grc' dir='ltr'><strong>τε</strong></span> <span class='ocrx_word' id='word_1_744' title='bbox 3619 4858 3716 4909; x_wconf 73' lang='grc' dir='ltr'>καὶ</span> 
     </span>
    </p>
   </div>
   <div class='ocr_carea' id='block_1_106' title="bbox 2141 4950 3715 5023">
    <p class='ocr_par' dir='ltr' id='par_1_106' title="bbox 2141 4950 3715 5023">
     <span class='ocr_line' id='line_1_106' title="bbox 2141 4950 3715 5023; baseline -0.005 -16"><span class='ocrx_word' id='word_1_745' title='bbox 2141 4954 2375 5022; x_wconf 84' lang='grc' dir='ltr'>κίνησιν,</span> <span class='ocrx_word' id='word_1_746' title='bbox 2395 4954 2489 5007; x_wconf 75' lang='grc' dir='ltr'>καὶ</span> <span class='ocrx_word' id='word_1_747' title='bbox 2503 4952 2601 5023; x_wconf 79' lang='grc' dir='ltr'>τὴν</span> <span class='ocrx_word' id='word_1_748' title='bbox 2621 4952 2882 5006; x_wconf 74' lang='grc' dir='ltr'>εὔτακτον</span> <span class='ocrx_word' id='word_1_749' title='bbox 2899 4951 3052 5014; x_wconf 83' lang='grc' dir='ltr'>αὐθις</span> <span class='ocrx_word' id='word_1_750' title='bbox 3072 4950 3252 5003; x_wconf 85' lang='grc' dir='ltr'>αὐτῶν</span> <span class='ocrx_word' id='word_1_751' title='bbox 3279 4951 3455 5020; x_wconf 81' lang='grc' dir='ltr'>συμπ)</span> <span class='ocrx_word' id='word_1_752' title='bbox 3466 4950 3601 5021; x_wconf 78' lang='grc' dir='ltr'>σκὴν</span> <span class='ocrx_word' id='word_1_753' title='bbox 3620 4950 3715 5002; x_wconf 86' lang='grc' dir='ltr'>καὶ</span> 
     </span>
    </p>
   </div>
   <div class='ocr_carea' id='block_1_107' title="bbox 2140 5039 3719 5112">
    <p class='ocr_par' dir='ltr' id='par_1_107' title="bbox 2140 5039 3719 5112">
     <span class='ocr_line' id='line_1_107' title="bbox 2140 5039 3719 5112; baseline -0.003 -17"><span class='ocrx_word' id='word_1_754' title='bbox 2140 5042 2423 5097; x_wconf 88' lang='grc' dir='ltr'>διάστασιν</span> <span class='ocrx_word' id='word_1_755' title='bbox 2438 5059 2451 5073; x_wconf 93' lang='grc'><strong>·</strong></span> <span class='ocrx_word' id='word_1_756' title='bbox 2482 5042 2516 5112; x_wconf 80' lang='grc' dir='ltr'>ἡ</span> <span class='ocrx_word' id='word_1_757' title='bbox 2541 5041 2597 5094; x_wconf 81' lang='grc' dir='ltr'>δὲ</span> <span class='ocrx_word' id='word_1_758' title='bbox 2620 5041 2971 5111; x_wconf 84' lang='grc' dir='ltr'>ἀστρολογία,</span> <span class='ocrx_word' id='word_1_759' title='bbox 2988 5042 3269 5093; x_wconf 83' lang='grc' dir='ltr'>τουτέστιν</span> <span class='ocrx_word' id='word_1_760' title='bbox 3290 5041 3324 5110; x_wconf 80' lang='grc' dir='ltr'>ἡ</span> <span class='ocrx_word' id='word_1_761' title='bbox 3347 5039 3558 5093; x_wconf 81' lang='grc' dir='ltr'>ἐκεῖθεν</span> <span class='ocrx_word' id='word_1_762' title='bbox 3584 5054 3719 5110; x_wconf 90' lang='grc' dir='ltr'>προ-</span> 
     </span>
    </p>
   </div>
   <div class='ocr_carea' id='block_1_108' title="bbox 2147 5131 3718 5205">
    <p class='ocr_par' dir='ltr' id='par_1_108' title="bbox 2147 5131 3718 5205">
     <span class='ocr_line' id='line_1_108' title="bbox 2147 5131 3718 5205; baseline -0.003 -16"><span class='ocrx_word' id='word_1_763' title='bbox 2147 5134 2464 5204; x_wconf 81' lang='grc' dir='ltr'>μάντευσις,</span> <span class='ocrx_word' id='word_1_764' title='bbox 2522 5134 2619 5188; x_wconf 81' lang='grc' dir='ltr'>καὶ</span> <span class='ocrx_word' id='word_1_765' title='bbox 2670 5132 2794 5187; x_wconf 89' lang='grc' dir='ltr'>καθ’</span> <span class='ocrx_word' id='word_1_766' title='bbox 2852 5133 3048 5205; x_wconf 81' lang='grc' dir='ltr'>είρμὺν</span> <span class='ocrx_word' id='word_1_767' title='bbox 3095 5131 3261 5203; x_wconf 86' lang='grc' dir='ltr'>δῆθεν</span> <span class='ocrx_word' id='word_1_768' title='bbox 3289 5131 3400 5184; x_wconf 88' lang='grc' dir='ltr'><strong>τῶν</strong></span> <span class='ocrx_word' id='word_1_769' title='bbox 3447 5131 3718 5204; x_wconf 79' lang='grc' dir='ltr'>οὐρανίων</span> 
     </span>
    </p>
   </div>
   <div class='ocr_carea' id='block_1_109' title="bbox 2143 5221 3715 5296">
    <p class='ocr_par' dir='ltr' id='par_1_109' title="bbox 2143 5221 3715 5296">
     <span class='ocr_line' id='line_1_109' title="bbox 2143 5221 3715 5296; baseline -0.004 -15"><span class='ocrx_word' id='word_1_770' title='bbox 2143 5227 2496 5289; x_wconf 76' lang='grc' dir='ltr'>ἐκϐαίνουσα,</span> <span class='ocrx_word' id='word_1_771' title='bbox 2550 5226 2647 5280; x_wconf 74' lang='grc' dir='ltr'>καὶ</span> <span class='ocrx_word' id='word_1_772' title='bbox 2696 5226 2758 5279; x_wconf 81' lang='grc' dir='ltr'>τὸ</span> <span class='ocrx_word' id='word_1_773' title='bbox 2819 5226 3013 5296; x_wconf 88' lang='grc' dir='ltr'>μέλλον</span> <span class='ocrx_word' id='word_1_774' title='bbox 3061 5224 3429 5295; x_wconf 75' lang='grc' dir='ltr'>γνωρίζουσα,</span> <span class='ocrx_word' id='word_1_775' title='bbox 3479 5221 3715 5292; x_wconf 83' lang='grc' dir='ltr'>οὐδαμοῦ</span> 
     </span>
    </p>
   </div>
   <div class='ocr_carea' id='block_1_110' title="bbox 2142 5315 3716 5391">
    <p class='ocr_par' dir='ltr' id='par_1_110' title="bbox 2142 5315 3716 5391">
     <span class='ocr_line' id='line_1_110' title="bbox 2142 5315 3716 5391; baseline -0.005 -17"><span class='ocrx_word' id='word_1_776' title='bbox 2142 5323 2255 5384; x_wconf 85' lang='grc' dir='ltr'>τοῖς</span> <span class='ocrx_word' id='word_1_777' title='bbox 2284 5320 2568 5389; x_wconf 85' lang='grc' dir='ltr'>Πατράσιν</span> <span class='ocrx_word' id='word_1_778' title='bbox 2613 5319 2915 5384; x_wconf 79' lang='grc' dir='ltr'>ὲκδέδοται,</span> <span class='ocrx_word' id='word_1_779' title='bbox 2966 5315 3063 5385; x_wconf 75' lang='grc' dir='ltr'>ἅτε</span> <span class='ocrx_word' id='word_1_780' title='bbox 3122 5317 3249 5381; x_wconf 83' lang='grc' dir='ltr'>τοὺς</span> <span class='ocrx_word' id='word_1_781' title='bbox 3306 5315 3716 5391; x_wconf 58' lang='grc' dir='ltr'>ἁπλουστέρους</span> 
     </span>
    </p>
   </div>
   <div class='ocr_carea' id='block_1_111' title="bbox 2145 5405 3720 5485">
    <p class='ocr_par' dir='ltr' id='par_1_111' title="bbox 2145 5405 3720 5485">
     <span class='ocr_line' id='line_1_111' title="bbox 2145 5405 3720 5485; baseline -0.006 -16"><span class='ocrx_word' id='word_1_782' title='bbox 2145 5415 2362 5483; x_wconf 86' lang='grc' dir='ltr'>γενέσει</span> <span class='ocrx_word' id='word_1_783' title='bbox 2414 5430 2472 5466; x_wconf 88' lang='grc' dir='ltr'><strong>τε</strong></span> <span class='ocrx_word' id='word_1_784' title='bbox 2528 5413 2623 5466; x_wconf 66' lang='grc' dir='ltr'>καὶ</span> <span class='ocrx_word' id='word_1_785' title='bbox 2673 5410 2987 5485; x_wconf 80' lang='grc' dir='ltr'>εἱμαρμένῃ</span> <span class='ocrx_word' id='word_1_786' title='bbox 3035 5410 3324 5481; x_wconf 85' lang='grc' dir='ltr'>προσέχειν</span> <span class='ocrx_word' id='word_1_787' title='bbox 3368 5405 3720 5473; x_wconf 84' lang='grc' dir='ltr'>καταναγκά-</span> 
     </span>
    </p>
   </div>
   <div class='ocr_carea' id='block_1_112' title="bbox 2146 5498 3717 5574">
    <p class='ocr_par' dir='ltr' id='par_1_112' title="bbox 2146 5498 3717 5574">
     <span class='ocr_line' id='line_1_112' title="bbox 2146 5498 3717 5574; baseline -0.008 -14"><span class='ocrx_word' id='word_1_788' title='bbox 2146 5508 2348 5573; x_wconf 80' lang='grc' dir='ltr'>ζουσα’</span> <span class='ocrx_word' id='word_1_789' title='bbox 2411 5505 2507 5558; x_wconf 75' lang='grc' dir='ltr'>καὶ</span> <span class='ocrx_word' id='word_1_790' title='bbox 2566 5504 2927 5574; x_wconf 84' lang='grc' dir='ltr'>ἀστρολόγοι,</span> <span class='ocrx_word' id='word_1_791' title='bbox 2984 5505 3033 5555; x_wconf 82' lang='grc' dir='ltr'>οἱ</span> <span class='ocrx_word' id='word_1_792' title='bbox 3092 5502 3384 5573; x_wconf 83' lang='grc' dir='ltr'>συνεργείᾳ</span> <span class='ocrx_word' id='word_1_793' title='bbox 3446 5498 3717 5568; x_wconf 85' lang='grc' dir='ltr'>δαιμόνων</span> 
     </span>
    </p>
   </div>
   <div class='ocr_carea' id='block_1_113' title="bbox 2151 5589 3721 5670">
    <p class='ocr_par' dir='ltr' id='par_1_113' title="bbox 2151 5589 3721 5670">
     <span class='ocr_line' id='line_1_113' title="bbox 2151 5589 3721 5670; baseline -0.008 -18"><span class='ocrx_word' id='word_1_794' title='bbox 2151 5598 2545 5670; x_wconf 84' lang='grc' dir='ltr'>μαντευόμενοι</span> <span class='ocrx_word' id='word_1_795' title='bbox 2600 5596 2666 5648; x_wconf 76' lang='grc' dir='ltr'>δι’</span> <span class='ocrx_word' id='word_1_796' title='bbox 2702 5597 2972 5666; x_wconf 84' lang='grc' dir='ltr'>ἀστέρων,</span> <span class='ocrx_word' id='word_1_797' title='bbox 3030 5597 3125 5649; x_wconf 78' lang='grc' dir='ltr'>καὶ</span> <span class='ocrx_word' id='word_1_798' title='bbox 3180 5589 3271 5646; x_wconf 76' lang='grc' dir='ltr'>οἷα</span> <span class='ocrx_word' id='word_1_799' title='bbox 3330 5593 3470 5650; x_wconf 86' lang='grc' dir='ltr'>θεοῖς</span> <span class='ocrx_word' id='word_1_800' title='bbox 3510 5589 3721 5651; x_wconf 87' lang='grc' dir='ltr'>τούτοις</span> 
     </span>
    </p>
   </div>
   <div class='ocr_carea' id='block_1_114' title="bbox 2148 5680 3721 5760">
    <p class='ocr_par' dir='ltr' id='par_1_114' title="bbox 2148 5680 3721 5760">
     <span class='ocr_line' id='line_1_114' title="bbox 2148 5680 3721 5760; baseline -0.007 -17"><span class='ocrx_word' id='word_1_801' title='bbox 2148 5688 2527 5760; x_wconf 82' lang='grc' dir='ltr'>προσέχοντες.</span> <span class='ocrx_word' id='word_1_802' title='bbox 2578 5688 2838 5758; x_wconf 82' lang='grc' dir='ltr'>Τέσσαρα</span> <span class='ocrx_word' id='word_1_803' title='bbox 2884 5688 2941 5740; x_wconf 76' lang='grc' dir='ltr'><strong>δέ</strong></span> <span class='ocrx_word' id='word_1_804' title='bbox 2973 5689 3082 5739; x_wconf 81' lang='grc' dir='ltr'>εἱσι</span> <span class='ocrx_word' id='word_1_805' title='bbox 3111 5687 3179 5739; x_wconf 81' lang='grc' dir='ltr'>τὰ</span> <span class='ocrx_word' id='word_1_806' title='bbox 3232 5683 3509 5753; x_wconf 80' lang='grc' dir='ltr'>λεγόμενα</span> <span class='ocrx_word' id='word_1_807' title='bbox 3539 5680 3721 5752; x_wconf 71' lang='grc' dir='ltr'>μαθηο</span> 
     </span>
    </p>
   </div>
   <div class='ocr_carea' id='block_1_115' title="bbox 2156 5766 3751 5849">
    <p class='ocr_par' dir='ltr' id='par_1_115' title="bbox 2156 5766 3751 5849">
     <span class='ocr_line' id='line_1_115' title="bbox 2156 5766 3751 5849; baseline -0.006 -18"><span class='ocrx_word' id='word_1_808' title='bbox 2156 5778 2360 5849; x_wconf 69' lang='grc' dir='ltr'>ματικὰ</span> <span class='ocrx_word' id='word_1_809' title='bbox 2402 5778 2616 5847; x_wconf 70' lang='grc' dir='ltr'>βιϐλία·</span> <span class='ocrx_word' id='word_1_810' title='bbox 2658 5778 3020 5847; x_wconf 80' lang='grc' dir='ltr'>ἀριθμητικὴ,</span> <span class='ocrx_word' id='word_1_811' title='bbox 3065 5774 3326 5844; x_wconf 77' lang='grc' dir='ltr'>μουσικὴ,</span> <span class='ocrx_word' id='word_1_812' title='bbox 3384 5766 3751 5843; x_wconf 75' lang='grc' dir='ltr'>γεωμετρία,’</span> 
     </span>
    </p>
   </div>
  </div>
