4054 6476
268 390 337 461 13
1245 383 1659 443 SYNTAGMA
1702 352 2335 442 ALPHABETICUM:
2376 402 2445 413 —
2480 350 2559 433 Μ.
3489 361 3558 431 tt

266 514 361 567 καὶ
397 505 753 579 ἀστρονομία.
787 503 863 559 Οὐ
912 501 1084 558 ταῦτα
1115 501 1296 554 τοίνυν
1344 502 1374 554 ὁ
1432 499 1617 554 κανὼν
1665 500 1857 565 ἀναγι-

1992 497 2206 553 aotibus
2232 506 2425 553 nostra
2450 505 2673 564 quoque
2701 489 3003 561 circumagi
3041 487 3292 553 credere,
3327 495 3384 541 et
3411 491 3558 540 tutu-

268 602 496 657 νώσκειν
521 598 806 670 ἀπείργει,
837 595 976 651 ἀλλὰ
1000 594 1064 648 τὸ
1093 593 1405 664 περιέργως
1435 592 1622 654 αὐτοῖς
1650 590 1852 668 κεχρῆη

271 697 415 758 σθαι,
450 694 567 748 ικαὶ
605 693 730 756 ταῖς
763 690 873 745 τῶν
933 687 1206 758 οὐρανίων
1254 686 1508 756 κινήσεσι
1568 683 1852 737 πιστεύειν

1958 606 2016 645 ra
2072 589 2322 659 quaedam
2381 599 2840 659 praecognoscere
2864 581 3212 647 existimare,
3264 578 3412 651 quod
3466 594 3564 633 ne-

1962 686 2215 741 cessario
2257 684 2444 739 futura
2491 682 2606 739 sint
2647 695 2713 738 ex
2750 680 2847 736 illo
2893 687 3170 735 astrorum
3205 687 3381 730 motu.

274 785 788 859 συμπεριφέρεσθαι
817 783 888 836 τά
920 780 1188 852 ἡμέτερα,
1223 780 1319 833 καί
1350 784 1476 832 τινα
1507 778 1618 832 τῶν
1644 778 1921 848 ἐσομένων
1951 776 2162 831 οἴεσθαι
2191 776 2616 850 προγινώσκειν,
2637 776 2715 840 ὡς
2744 773 2805 842 ἐξ
2843 772 3094 843 ἀνάγκης
3126 768 3567 842 συμϐησομένων

269 882 421 951 παρά
465 880 563 951 τὴν
618 878 830 931 τοιάνδε
882 874 1101 944 κίνησιν
1170 873 1280 926 τῶν
1327 871 1601 940 ἀστέρων.

924 994 943 1005 ·
955 972 1173 1040 Νόμος.

342 1072 531 1142 Ταύτῃ
562 1086 645 1123 τοι
670 1068 765 1122 καὶ
796 1070 825 1121 δ
866 1066 1031 1135 νόμος
1056 1064 1222 1134 φησίν
1246 1079 1259 1094 ⁸
1308 1061 1372 1116 Ἥ
1405 1064 1505 1133 μὲν
1539 1059 1862 1131 γεωμετρία

273 1163 509 1235 δημοσία
533 1161 844 1216 διδάσκεται
869 1174 884 1189 ⁸
920 1159 952 1228 ἡ
974 1157 1031 1211 δὲ
1071 1154 1434 1227 μαθηματικὴ
1458 1153 1861 1224 κατακρίνεται

275 1258 348 1322 ὡς
379 1260 662 1327 ἀπηγορευ
672 1254 832 1324 μένη.

353 1350 415 1404 '0
438 1350 494 1403 δὲ
527 1348 699 1418 μέγας
726 1345 1007 1409 Βασίλειος
1029 1346 1089 1398 ἐν
1115 1343 1195 1416 τῷ
1220 1340 1267 1407 ζ’
1290 1341 1476 1397 κανόνι
1499 1339 1857 1412 φαρμακοὺς,

277 1443 367 1497 καὶ
383 1441 668 1495 είδωλολάτ
677 1450 793 1510 ρας,
817 1440 911 1493 καὶ
934 1441 1116 1508 φονεῖς
1148 1440 1227 1501 είς
1244 1437 1451 1491 εἴκοσιν
1465 1435 1561 1505 ἐτη
1578 1434 1875 1490 καταδικά-

277 1533 356 1596 ζει
378 1550 391 1564 ·
424 1534 644 1603 μοιχοὺς
670 1532 750 1595 δὲ,
783 1532 876 1585 καὶ
898 1528 1360 1602 ἀρῤενοφθόρους,
1387 1529 1484 1582 καὶ
1517 1526 1869 1597 ζωοφθόρους

278 1630 356 1689 εἰς
376 1623 460 1689 ιε’,
478 1624 871 1695 εἰδωλολάτρας
884 1624 1061 1692 λέγων
1083 1623 1143 1676 οὐ
1168 1623 1295 1684 τοὺς
1315 1621 1602 1692 προδήλως
1620 1619 1864 1684 ἀσεϐεῖς,

279 1718 416 1771 ἀλλὰ
443 1717 567 1780 τοὺς
602 1715 739 1786 μετὰ
764 1716 827 1768 τὸ
851 1715 1140 1784 βάπτισμα
1167 1713 1427 1784 γοητείας
1459 1712 1747 1783 μετιόντας
1771 1712 1867 1766 καὶ

282 1808 564 1880 μαντείας.
604 1808 822 1878 Τρόπον
864 1806 1122 1878 γάρτινα
1157 1804 1614 1874 εἰδωλο).ατροῦσι
1647 1804 1745 1858 καὶ
1771 1798 1866 1859 οὗ-

2710 962 2836 1019 Lex.

2041 1059 2389 1129 Quapropter
2422 1058 2508 1114 lex
2557 1055 2713 1112 dicit:
2749 1054 3064 1111 Geometria
3116 1055 3339 1127 quidem
3392 1071 3461 1125 pu
3509 1057 3573 1106 ti-

1969 1169 2035 1208 ce
2061 1155 2311 1219 docetur;
2342 1150 2728 1207 mathematica
2751 1164 2883 1206 vero
2912 1149 3313 1207 condemnatur
3352 1160 3410 1204 ut
3451 1167 3575 1219 pm-

1973 1245 2147 1300 hibita
2168 1282 2185 1300 .

2045 1337 2276 1408 Magnus
2328 1336 2564 1394 Basilius
2619 1335 2787 1392 etiam
2846 1335 2903 1392 in
2969 1335 3003 1389 7
3041 1350 3251 1392 canone
3295 1334 3572 1391 veucﬁms

1979 1441 2034 1488 et
2067 1433 2410 1499 idololatras,
2439 1441 2496 1488 et
2510 1431 2884 1489 homiCidasin
2902 1431 3092 1503 viginti
3115 1436 3289 1487 annos
3309 1431 3575 1485 condem-

1978 1534 2093 1591 nat;
2126 1525 2409 1582 adulteros
2454 1540 2586 1581 vero
2628 1535 2683 1580 et
2712 1525 3087 1581 masculorum
3136 1528 3192 1579 et
3247 1524 3567 1578 animalium:

1976 1618 2202 1674 initores
2231 1618 2285 1673 in
2332 1617 2684 1687 quindecim;
2716 1618 3034 1674 idololatras
3063 1633 3270 1673 vocans
3300 1633 3406 1670 non
3458 1632 3575 1669 ma-

1975 1709 2186 1765 nifesto
2223 1710 2425 1781 impios
2459 1752 2475 1777 ,
2545 1713 2640 1767 sed
2704 1727 2843 1777 eos,
2903 1713 2993 1783 qui
3053 1722 3177 1782 post
3238 1713 3571 1782 baptismum

1973 1804 2287 1874 prtcstigias
2314 1813 2573 1858 exercent
2605 1812 2658 1859 et
2696 1805 2977 1860 vaticinia.
3015 1802 3150 1858 Nam
3190 1805 3374 1873 aliquo
3410 1806 3576 1858 modo

280 1920 380 1968 τοι,
407 1902 733 1970 ἐπικλήσεσι
780 1899 1060 1972 χρώμενοι
1087 1898 1412 1968 δαιμονίων,
1447 1898 1544 1951 καί
1576 1896 1677 1967 τὴν
1722 1897 1867 1950 ἐκείμ-

1992 1881 2116 1952 dola
2145 1897 2335 1954 colunt
2365 1896 2465 1962 illi,
2498 1897 2812 1952 dzcmonum
2839 1898 3297 1953 invocationibus
3327 1906 3570 1962 utentes.

283 2014 392 2050 νων
426 1992 719 2065 ζητοῦντες
769 1990 1116 2062 ἐπικουρίαν.
1171 1991 1236 2045 Ol
1269 1990 1369 2060 μὲν
1409 1991 1520 2061 γὰρ
1549 1989 1646 2042 ἀπ’
1679 1988 1860 2062 ἀρχῆς

279 2088 689 2159 εἰδωλολάτραι,
741 2084 1141 2157 μετανοοῦντες
1183 2084 1282 2137 καὶ
1315 2083 1732 2155 βαπτιζόμενοι,
1772 2082 1864 2135 εὐο

280 2183 420 2246 θέως
446 2184 515 2253 τῇ
549 2181 673 2251 θεία
718 2177 981 2248 κοινωνίᾳ
1026 2177 1362 2248 προσίασιν
1395 2176 1447 2230 οί
1489 2177 1549 2229 δὲ
1607 2176 1751 2247 μετὰ
1801 2173 1865 2226 τὸ

280 2275 566 2345 βάπτισμα
596 2273 880 2335 τεθυκότες
909 2270 1174 2335 εἰδώλοις,
1209 2273 1462 2324 σύνοικον
1490 2269 1580 2323 διὰ
1619 2268 1741 2339 βίου
1765 2268 1867 2338 τὴν

285 2369 577 2439 μετάνοιαν
607 2360 928 2437 κέκτηνται,
965 2368 1061 2420 καί⁸
1104 2363 1235 2434 περὶ
1283 2364 1384 2427 τὰς
1415 2366 1611 2416 τούτου
1653 2362 1867 2432 δυσμὰς

281 2464 339 2517 τ’)
399 2462 542 2516 θεῖον
584 2460 757 2530 δῶρον
805 2456 1206 2529 λαμϐάνουσιν.
1239 2456 1454 2527 Ὥσπερ
1508 2456 1618 2527 ἀρα
1658 2455 1754 2509 καὶ
1811 2458 1869 2509 ἐν

281 2556 365 2627 τῷ
396 2552 472 2621 ξε’
504 2554 593 2607 τὸν
635 2552 895 2623 γοητείαν
939 2550 973 2621 ἦ
1025 2549 1384 2620 φαρμακείαν
1440 2546 1866 2619 ἐξαγορεύοντα,

287 2649 366 2718 τῷ
414 2646 511 2701 τοῦ
546 2645 811 2708 ἑκουσίως
860 2643 1226 2713 φονεύσαντος
1286 2640 1561 2708 ὑπάγεται
1611 2640 1870 2711 κρίματι,

283 2744 366 2806 είς
395 2748 447 2794 κ’
498 2740 697 2800 αὐτοὺς
754 2738 849 2808 ἔτη
908 2738 1009 2808 τῆς
1062 2734 1352 2799 κοινωνίας
1412 2720 1722 2806 ἀπείργων,
1775 2737 1875 2790 καὶ

285 2835 437 2906 μάλα
470 2832 720 2896 εἰκότως.
746 2832 813 2884 Δί
842 2830 944 2897 μὲν
970 2831 1079 2898 γὰρ
1108 2829 1363 2900 γοητεῖαι
1424 2828 1705 2897 δαιμόνων
1721 2826 1877 2899 exeu-

285 2944 372 2981 σιν
424 2926 741 2995 ἐπικλήσεις
776 2922 1114 2989 κακοποιῶν,
1151 2920 1285 2992 περί
1330 2921 1459 2984 τοὺς
1502 2919 1710 2989 τάφους
1740 2922 1878 2992 ἐπᾳ-

282 3019 542 3089 δομένας,
586 3016 730 3070 ὥστε
761 3017 884 3071 τινά
914 3014 1224 3086 παρεθῆναι
1262 3013 1331 3067 τά
1363 3013 1501 3086 μέλη
1555 3012 1741 3083 τυχὸν,
1781 3012 1877 3067 καὶ

281 3113 374 3167 διά
401 3112 522 3183 βίου
552 3108 975 3178 κατακλιθῆναι,
1021 3108 1121 3162 καὶ
1164 3106 1397 3161 ἀδὶωτον
1426 3106 1581 3177 αὐτῷ
1611 3107 1706 3160 τὸν
1758 3104 1874 3177 βίον

1968 2001 2025 2046 et
2068 2006 2261 2046 eorum
2289 1991 2554 2046 auxilium
2587 2003 2916 2059 quaerentes.
2947 1993 3050 2059 Qui
3086 1993 3309 2063 quidem
3350 1994 3419 2048 ab
3470 1995 3578 2048 ini-

1968 2083 2046 2140 tio
2062 2084 2287 2141 fuerunt
2316 2085 2637 2151 idololatria,
2668 2094 2723 2140 et
2739 2087 3062 2156 paenitentia
3094 2088 3376 2142 ducuntur
3397 2095 3452 2141 ct
3479 2086 3581 2143 ba-

1971 2179 2277 2249 ptizantur.
2336 2180 2522 2235 Statim
2557 2179 2622 2234 ad
2680 2190 2932 2236 sanctam
2969 2181 3421 2237 cumnmnioncm
3483 2198 3579 2238 ac-

1970 2272 2168 2328 cedant
2201 2291 2215 2327 :
2252 2272 2348 2343 qui
2381 2282 2561 2328 autem
2600 2284 2724 2345 post
2780 2274 3117 2345 baptismum
3151 2276 3317 2330 itiblis
3352 2275 3570 2333 sacrit“:-

1969 2375 2184 2430 carunt,
2217 2368 2316 2438 per
2358 2368 2527 2421 totam
2558 2366 2727 2422 vitam
2787 2367 3171 2437 paenitentiam
3208 2378 3396 2440 agant,
3426 2380 3477 2425 et
3521 2371 3574 2423 iu

1971 2458 2092 2528 ejus
2131 2468 2380 2513 extremo
2414 2458 2662 2513 divinum
2721 2459 2928 2514 donum
2962 2460 3257 2531 accipiant.
3302 2461 3581 2529 Quemad-

1975 2553 2197 2609 modum
2246 2559 2301 2606 ct
2330 2552 2385 2606 in
2417 2552 2510 2618 65,
2561 2550 2715 2607 illum
2775 2553 2868 2622 qui
2910 2551 3221 2625 praestigias
3255 2555 3338 2611 vel
3374 2555 3581 2611 veneti.

1974 2646 2120 2700 cium
2145 2643 2460 2715 profitetur,
2479 2644 2778 2700 voluntarii
2801 2634 3580 2718 homicidaejudiciosubjicit.

1979 2728 2138 2809 175
2153 2752 2247 2808 per
2260 2728 2330 2792 ’ΞΟ
2349 2718 2527 2793 annos
2542 2752 2637 2794 eos
2653 2739 3086 2795 acommuuione
3109 2755 3332 2806 arcens;
3390 2752 3443 2797 et
3473 2758 3582 2798 non

1975 2830 2275 2896 immerito,
2300 2846 2425 2886 cum
2442 2830 2727 2903 praestigiae
2745 2831 3126 2889 invocationes
3136 2833 3446 2889 daemonum
3467 2850 3553 2889 ma
3566 2863 3587 2875 -

1977 2924 2266 2980 leficorum
2300 2925 2648 2990 comineant,
2685 2924 2832 2981 eirea
2866 2914 3111 2982 tumulos
3155 2924 3487 2989 incantatus.
3528 2939 3590 2984 ut

1980 3015 2219 3088 alicujus
2270 3017 2526 3073 membra
2556 3017 2748 3075 forsan
2786 3018 3188 3087 dissolvantur,
3227 3029 3285 3076 et
3302 3023 3433 3078 dum
3464 3022 3587 3077 luce

1985 3107 2192 3164 fruitur
2227 3110 2478 3178 aegrotet,
2505 3114 2562 3165 et
2598 3109 2758 3179 inops
2786 3102 2858 3165 sit
2883 3108 2957 3163 illi
2982 3095 3493 3182 vita.Quapropter
3530 3122 3588 3167 et

281 3202 581 3274 γενέσθαι·
616 3199 791 3274 ταύτῃ
811 3216 896 3254 τοι
941 3198 1038 3251 καί
1063 3198 1319 3269 γοητεῖαι
1350 3195 1876 3269 παρωνομάσθησαν

1992 3202 2389 3259 incantationes
2422 3198 2793 3259 denominatae
2847 3213 2979 3259 sunt
3010 3219 3041 3259 a
3070 3205 3374 3276 gemitibus
3406 3216 3461 3262 et
3505 3206 3585 3261 la-

281 3297 400 3351 ἀπὺ
421 3294 535 3348 τῶν
561 3293 691 3365 περὶ
723 3293 852 3353 τοὺς
882 3289 1091 3359 τάφους
1128 3288 1274 3357 γόων
1305 3289 1403 3345 καὶ
1432 3289 1675 3360 θρήνων.

354 3388 426 3443 Δί
480 3385 538 3439 δέ
588 3383 1006 3456 φαρμακεῖαιῆ
1056 3380 1404 3451 ἀναιροῦσιν,
1455 3379 1636 3452 ἢτῶν
1668 3380 1883 3453 φρενῶν

280 3480 568 3547 ἐξιστῶσι,
624 3478 719 3531 καί
782 3477 1038 3531 εὐκταῖον
1098 3475 1193 3529 τὸν
1251 3473 1485 3530 θάνατον
1531 3474 1749 3528 ποιοῦσι
1802 3474 1882 3546 τῷ

281 3574 584 3643 πάσχοντι,
615 3570 670 3624 εί
691 3586 820 3623 ποτε
845 3567 1200 3638 ἀνανήψειεν,
1229 3565 1264 3638 ἢ
1296 3567 1410 3628 τοῖς
1438 3582 1504 3634 γε
1539 3568 1882 3636 προσήκουσι

277 3667 362 3738 τῷ
388 3664 695 3735 ἀνθρώπῳ,
727 3661 762 3732 ἢ
788 3661 1014 3732 φίλτρου
1044 3660 1210 3731 χάριν
1244 3658 1417 3713 ἐνίοτε
1447 3658 1755 3727 γινόμεναι,
1785 3675 1887 3712 πα-

285 3759 555 3831 ραπαίειν
586 3758 683 3812 καὶ
702 3754 848 3810 οὕτω
875 3752 1416 3825 παρασκευάζουσιν.

368 3852 473 3905 ‘Ev‘
495 3850 554 3904 δὲ
585 3848 663 3919 τῷ
695 3846 772 3918 οβ’
813 3846 907 3900 καὶ
944 3845 1037 3900 τὸν
1069 3846 1332 3915 μάντεσιν
1383 3845 1580 3900 ἑαυτὸν
1625 3845 1886 3900 ἐπιδεδω-

282 3945 451 4007 κότα,
508 3942 542 4012 ή
589 3956 702 3994 τισι
757 3937 1045 4003 τοιούτοις,
1099 3939 1196 3992 καὶ
1248 3938 1316 3993 τὰ
1375 3937 1605 3992 ἐκείνων
1662 3937 1886 4010 φρονεῖν

282 4035 757 4106 προαιρούμενον,
788 4030 864 4100 τῷ
897 4031 1006 4085 τῶν
1027 4031 1235 4100 φονέων
1255 4030 1667 4100 οἰκονομεῖσθαι
1703 4030 1886 4103 χρόνῳ

281 4125 533 4180 κελεύει.
571 4123 633 4176 El
665 4121 778 4194 γὰρ
825 4120 922 4174 καὶ
972 4122 1040 4175 τὰ
1090 4122 1409 4192 χρηστήρια
1466 4122 1608 4191 μετά
1648 4120 1748 4194 τὴν
1789 4122 1886 4177 τοῦ

283 4219 507 4288 Κυρίου
538 4215 818 4285 σάρκωσιν
859 4212 1234 4277 ἐκλελοίπασι,
1274 4214 1370 4266 καὶ
1418 4213 1476 4267 αί
1523 4213 1633 4268 τῶν
1680 4212 1890 4284 ψευδω-

280 4314 486 4383 νύμων
519 4309 858 4382 προρρήσεις
908 4307 1071 4371 θεῶν,
1126 4307 1267 4361 ἀλλά
1311 4325 1375 4377 γε
1409 4312 1508 4365 καί¹
1538 4310 1784 4381 τήμερον
1817 4309 1886 4363 δι’

278 4405 527 4475 ἐπῳδῶν
568 4403 664 4457 καί
714 4399 1000 4472 ἐνεργείας
1051 4399 1328 4472 δαιμόνων
1363 4400 1480 4455 ἔσθ’
1532 4402 1623 4456 ὅτε
1653 4396 1890 4474 συμϐαί-

278 4514 447 4552 νουσι
513 4493 785 4563 γίνεσθαι,
821 4495 871 4547 εί
917 4493 1012 4546 καὶ
1039 4492 1260 4560 ψευδεῖς
1294 4494 1351 4547 αἱ
1382 4493 1598 4560 πλείους
1637 4496 1889 4567 ἐλέγχον-

1991 3291 2425 3346 mentationibus
2453 3291 2602 3348 circa
2633 3294 2898 3349 tumulos.

2061 3381 2337 3441 Veneficia
2380 3399 2509 3441 vero
2585 3388 3068 3456 autinterflrittnt,
3129 3400 3223 3447 aut
3250 3391 3319 3446 de
3385 3396 3590 3450 mentis
3640 3418 3645 3423 ι

1988 3478 2116 3533 sede
2140 3479 2434 3547 dejiciunt.
2474 3485 2825 3552 mortemque
2872 3469 2973 3547 illi,
3034 3485 3129 3553 qui
3189 3485 3306 3540 harc
3362 3489 3589 3557 patitur.

1988 3571 2289 3639 optabilem
2327 3569 2564 3637 faciunt,
2604 3573 2649 3627 si
2683 3577 2908 3644 quando
2944 3577 3263 3647 resipiscat;
3287 3581 3371 3634 vel
3411 3566 3591 3636 botul-

1989 3664 2078 3718 nis
2103 3662 2352 3732 cognatis
2387 3652 2605 3727 saltem.
2633 3660 2729 3720 aut
2758 3667 2965 3722 amoris
3022 3669 3196 3738 gratia
3250 3673 3590 3745 quandoque

1991 3753 2155 3819 facta,
2183 3757 2237 3809 in
2269 3756 2528 3811 delirium
2564 3756 2853 3815 inducunt.

2061 3846 2243 3913 ln72,
2293 3864 2418 3905 eum
2477 3850 2658 3921 quise
2717 3852 2932 3909 vatibus
2990 3854 3073 3929 vel
3136 3855 3260 3913 aliis
3311 3859 3587 3929 ejusmodi

1993 3941 2240 4009 tradidit,
2271 3957 2576 4015 eorumque
2619 3958 2840 4002 errores
2892 3926 3152 4011 sectatur.
3183 3926 3585 4011 homicidarum

1993 4041 2241 4105 tempore
2272 4035 2450 4105 puniri
2472 4036 2655 4106 jubet.
2680 4035 2946 4105 Quamvis
2963 4041 3184 4096 oracula
3210 4054 3335 4112 post
3365 4060 3588 4100 assum-

1991 4139 2138 4197 ptam
2171 4143 2201 4183 a
2230 4128 2461 4184 Domino
2491 4143 2712 4186 carnem
2745 4126 3072 4197 defecerint,
3132 4145 3188 4190 et
3221 4151 3249 4188 a
3286 4135 3442 4195 falsis
3467 4140 3585 4195 deis

1992 4217 2378 4289 prmdictiones
2416 4238 2429 4275 :
2467 4212 2552 4277 bis
2578 4231 2760 4278 tamen
2796 4226 3140 4295 temporibus
3176 4244 3277 4297 per
3342 4230 3589 4288 incauta-

1992 4309 2171 4366 tiones
2200 4318 2255 4366 et
2286 4311 2599 4368 daemonum
2621 4307 2926 4371 ministeria
2962 4318 3260 4388 aliquando
3298 4323 3415 4378 fieri
3450 4341 3588 4382 con-

1995 4403 2244 4477 tingunt,
2321 4405 2425 4462 etsi
2480 4408 2751 4462 mendacii
2824 4408 3086 4478 pleraque
3154 4415 3588 4480 contineantur.

1994 4494 2100 4564 Qui
2158 4507 2340 4553 tamen
2403 4498 2759 4570 impudcnter
2802 4500 3084 4557 dmtttones
3132 4504 3413 4571 invocant.
3476 4528 3586 4568 non

276 4604 402 4645 ται.
439 4587 588 4641 Ἀλλ’
613 4589 662 4641 οξ
692 4587 792 4656 μὲν
822 4586 949 4649 τοὺς
983 4587 1251 4657 δαίμονας
1281 4587 1478 4659 ἀνέδην
1506 4588 1879 4658 ἐπικαλούμε-

1996 4592 2274 4648 immerito
2316 4591 2720 4648 homicidarum
2777 4593 2986 4663 judicio
3042 4598 3436 4666 subjiciuntur.
3479 4608 3587 4672 Qui

278 4700 388 4745 νοι,
424 4683 533 4736 οὐκ
591 4681 897 4744 ἀπεικότως
948 4679 1027 4751 τῷ
1063 4683 1172 4735 τῶν
1227 4681 1438 4751 φονέων
1491 4672 1888 4737 ὑποϐάλλονται

277 4778 535 4846 κρίματι
559 4792 572 4804 ·
603 4776 650 4828 oi
684 4774 740 4828 δὲ
786 4774 1065 4845 ἁγιασμόν
1099 4774 1194 4828 καί
1222 4774 1426 4847 ἀρετὴν
1465 4776 1893 4846 ὑποκρινόμενοι

280 4870 533 4939 κέρδους
582 4867 768 4931 ἕνεκα,
832 4867 1228 4941 μετριώτερον,
1276 4864 1459 4939 οἶμαι,
1502 4871 1601 4925 καί.
1654 4869 1718 4924 οὐ
1766 4870 1891 4925 κατ’

276 4957 570 5019 ἐκείνους,
596 4954 695 5022 τᾲς
730 4950 963 5019 εὐθύνας
992 4956 1307 5025 ὑφέξουσιν.

367 5051 434 5103 '0
463 5049 526 5102 δὲ
555 5051 727 5118 μέγας
758 5047 1062 5118 Γρηγόριος
1084 5051 1112 5102 ὁ
1133 5049 1379 5118 Νύσσης.
1413 5053 1472 5105 ὲν
1500 5051 1577 5122 τῷ
1607 5046 1652 5123 β’
1681 5053 1891 5118 κανόνι,

278 5143 477 5197 ταῦτα.
501 5141 660 5194 δίεισι
702 5143 843 5194 κατὰ
885 5143 1071 5213 ῥῆμα·
1102 5144 1168 5197 Οἱ
1218 5137 1356 5213 πρὸς
1388 5144 1590 5214 γόητας
1634 5147 1894 5211 ἀπιόντες

278 5237 315 5308 ἢ
363 5236 627 5306 μάντεις,
657 5231 690 5304 ἢ
722 5235 854 5296 τοὺς
890 5234 978 5288 διὰ
1016 5234 1290 5305 δαιμόνων
1319 5236 1601 5308 καθάρσιά
1643 5252 1766 5291 τινα
1799 5240 1898 5296 καὶ

277 5325 790 5403 ἀποτροπιασμοὺς
826 5326 1069 5395 ἐνεργεῖν
1101 5327 1599 5397 ὑπισχνουμένους,
1631 5329 1890 5399 ἐρωτῶν-

278 5437 381 5473 ται
450 5415 529 5471 δι’
583 5415 868 5487 ἀκριϐείας
910 5418 1007 5469 καὶ
1030 5410 1443 5488 ἀνακρίνονται,
1486 5407 1738 5488 πότερον,
1770 5421 1895 5473 ἐπι-

283 5512 567 5582 μένοντες
598 5511 663 5579 τῇ
702 5510 782 5573 εἰς
808 5510 1047 5579 Χριστὸν
1090 5511 1293 5575 πίστει,
1345 5511 1436 5564 ὑπ’
1467 5512 1716 5582 ἀνάγκης
1749 5515 1897 5578 τινος

282 5600 723 5672 συνηνέχθησαν
769 5600 961 5673 ἐκείνῃ
1006 5605 1071 5673 τῇ
1103 5603 1372 5676 ἁμαρτίᾳ,
1402 5604 1705 5678 κακώσεως
1753 5624 1898 5672 τινος

279 5696 316 5766 ἢ
358 5695 659 5765 ἀφορήτου
702 5694 913 5765 ζημίας
960 5695 1169 5767 ταύτην
1228 5697 1413 5758 αὐτοῖς
1449 5701 1549 5769 τὴν
1576 5698 1756 5771 ὁρμὴν
1794 5700 1900 5772 ἐμ-

282 5783 642 5855 ποιησάσης,
690 5786 724 5856 ἧ
757 5786 989 5841 καθόλου
1040 5790 1565 5861 καταφρονήσαντες
1608 5789 1705 5844 τοῦ
1737 5807 1901 5846 πεπι-

283 5873 613 5947 στευμένου
654 5876 787 5948 παρ’
819 5876 977 5949 ἡμῶν
1013 5879 1345 5955 μαρτυρίου,
1379 5880 1446 5952 τῇ
1479 5879 1587 5934 τῶν
1620 5880 1895 5952 δαιμόνων

1998 4700 2129 4740 vero
2189 4685 2611 4741 sanctimoniam
2671 4695 2727 4741 et
2761 4687 3017 4743 virtutem
3068 4692 3396 4751 simulantes
3448 4698 3585 4753 lucri

1995 4777 2194 4847 gratia,
2253 4777 2525 4834 mitiorem
2551 4816 2567 4842 ,
2595 4779 2781 4841 credo,
2824 4797 3045 4851 prcuam
3094 4792 3151 4838 ct
3195 4798 3302 4840 non
3369 4790 3589 4844 easdem

1996 4871 2368 4927 correctiones
2395 4871 2680 4928 subibunt.

2071 5045 2300 5111 Magnus
2335 5061 2464 5102 vero
2517 5040 2817 5120 Gregorius
2865 5051 3146 5125 Nysscnus
3203 5057 3256 5111 in
3312 5056 3594 5117 ﬁcanoue

1998 5139 2118 5195 haec
2148 5140 2415 5195 Verbatim
2472 5142 2718 5210 profert:
2756 5143 2858 5211 Qui
2888 5146 2955 5201 ad
3029 5150 3481 5220 pi-azstigiatorcs,
3510 5156 3593 5210 vel

1996 5242 2175 5297 vates,
2210 5232 2293 5288 vel
2334 5247 2429 5289 eos
2447 5234 2540 5304 qui
2571 5236 2670 5304 per
2697 5236 2978 5295 daemones
3005 5256 3063 5296 se
3094 5242 3308 5311 piacula
3338 5247 3589 5314 quaedam

2000 5337 2052 5381 et
2083 5320 2403 5381 eversiones
2419 5338 2743 5396 operaturos
2769 5345 2895 5386 csse
2915 5332 3268 5401 pollicentur.
3294 5337 3586 5399 accedunt.

1998 5430 2190 5475 exacte
2222 5420 2639 5491 interrogantur
2666 5426 3150 5489 ctexamiuautur,
3174 5436 3361 5478 :ttrum
3400 5427 3455 5481 in
3486 5428 3590 5481 fuit:

2000 5514 2055 5565 in
2099 5511 2384 5567 Christum
2419 5522 2828 5578 permanentes,
2856 5530 2885 5569 a
2918 5516 3247 5569 necessitate
3277 5516 3458 5587 aliqua
3520 5518 3589 5573 ad

2000 5604 2133 5659 illud
2164 5613 2445 5674 peccatum
2484 5604 2703 5674 impulsi
2729 5614 2876 5671 sunt,
2934 5622 3060 5661 cum
3124 5606 3346 5663 aﬂlictio
3403 5612 3589 5682 aliqua

1999 5695 2086 5751 vel
2108 5693 2697 5766 itttolcrabilisjactura
2722 5697 2866 5755 hunc
2886 5697 2962 5753 illi
3001 5698 3243 5754 animum
3278 5700 3591 5769 indidisset.

2001 5805 2071 5845 an
2107 5790 2335 5845 otunino
2366 5791 2615 5860 neglecto
2646 5791 2790 5860 quod
2814 5806 2846 5847 a
2895 5791 3054 5847 uobis
3074 5793 3346 5851 creditum
3377 5806 3463 5852 est
3517 5808 3597 5854 te-

2002 5884 2286 5951 stimonio,
2319 5884 2384 5939 ad
2428 5887 2738 5940 daemonum
2777 5886 3096 5943 societatem
3123 5900 3184 5945 se
3220 5890 3599 5957 contulerunt,
