4054 6420
263 524 314 584 17
1203 532 1611 594 SYNTAGMA
1669 529 2311 592 ALPHABETICU‘M.
2334 553 2407 563 -··
2445 529 2520 578 Μ·
3459 531 3531 593 13’

261 635 496 692 ΚΕΦΑΛ.
525 638 602 692 Δ’.
628 639 766 714 asp!
803 640 1181 714 μεταθέσεως
1226 641 1819 714 καιέμεταόιϐάσεως

1927 642 2078 699 CAP.
2107 641 2197 697 IV.
2227 641 2312 696 De
2335 642 2752 714 transpositione
2769 649 2821 714 et
2853 641 3204 698 translatione
3251 646 3523 714 episcopo-

627 709 984 767 ἐπισκόπων
1022 711 1064 781 ἢ
1101 709 1428 783 κληρικῶιρ.

321 823 478 895 Ζήτει
505 822 566 876 τὸ
601 822 647 880 θ’
682 825 981 895 κεφάλαιον
1010 827 1104 882 τοῦ
1131 829 1177 881 Α
1210 829 1510 900 στοιχείου.

318 936 570 992 ΚΕΦΑΛ.
601 935 676 992 Ε’.
709 939 840 992 Ὀτι
871 940 1016 1004 τοὺς
1050 940 1504 1009 μετανοοῦντας
1550 942 1622 996 οὐ
1656 939 1752 992 δεῖ

788 1011 1266 1066 ἀποϐάλλεσθαι.

329 1095 388 1153 ’0
415 1099 497 1155 νβ’
531 1101 639 1156 τῶν
668 1102 843 1171 ἁγίων
872 1105 1189 1160 ἀποστόλων
1237 1101 1444 1168 κανὼν,
1476 1102 1542 1156 Ei
1569 1119 1655 1166 τις
1701 1103 1823 1157 ἐπί-

264 1208 472 1257 σκοπος,
517 1193 699 1262 φησὶν,
737 1193 770 1261 ἢ
817 1193 1212 1266 πρεσϐύτερος,
1251 1196 1347 1250 τὸν
1393 1194 1505 1250 ἀπὸ
1541 1195 1822 1266 ἁμαρτίας

263 1283 654 1355 ἐπιστρέφοντα
707 1287 769 1339 οὐ
821 1286 1144 1356 προσίεται,
1204 1289 1346 1343 ἀλλὰ
1404 1288 1823 1360 μυσαττόμενος

263 1377 640 1458 ἅποδάλλεται,
667 1379 806 1434 κατὰ
829 1379 922 1434 τὸν
952 1383 1184 1437 παλαιὸν
1206 1384 1414 1437 ἐκεῖνον
1435 1383 1611 1454 δήπου
1636 1383 1822 1436 Ναϐά-

263 1485 360 1535 τον,
393 1468 782 1540 καθαιρείσθω,
805 1466 896 1527 οἷα
924 1474 1112 1529 λυπῶν
1141 1475 1231 1528 τὸν
1262 1475 1504 1544 Χριστὸν
1527 1475 1817 1546 εἰρηκότα,

261 1557 409 1628 Χαρά
460 1558 671 1626 γίνεται
728 1562 786 1615 ἐν
863 1562 942 1632 τῷ
1001 1565 1214 1636 οὐρανῷ
1247 1565 1340 1618 ἐπὶ
1390 1564 1472 1618 ἐνὶ
1507 1564 1822 1635 ἁμαρτωλῷ

261 1648 596 1716 μετανοοῦντι
619 1667 636 1682 ·
671 1651 728 1714 ὃς
755 1651 843 1706 διὰ
871 1652 972 1724 τὴν
1003 1655 1116 1708 τῶν
1161 1655 1514 1726 ἁμαρτωλῶν
1546 1656 1819 1727 σωτηρίαν

259 1737 434 1802 κλίνας
481 1742 606 1804 τοὺς
654 1745 914 1813 οὐρανοὺς
972 1749 1386 1821 καταϐέϐηκεν
1435 1750 1494 1814 ὃς
1553 1750 1682 1821 ἔφη.
1742 1751 1818 1821 μὴ

258 1830 424 1885 ἐλθεῖν
454 1833 678 1887 καλέσαι
707 1837 974 1903 δικαίους,
1011 1840 1148 1895 ἀλλὰ
1195 1818 1561 1913 ἁμαρτωλοὺς
1597 1818 1687 1907 είς
1720 1818 1817 1914 με-

258 1923 499 1976 εάνοιαν·
544 1918 606 1977 οὗ
653 1929 753 1999 τῆς
799 1930 1212 2001 φιλανθρωπίας
1257 1935 1491 2004 οὐδεμία
1519 1935 1629 1989 τῶν
1677 1937 1817 2006 ἡμε-

255 2013 427 2084 τέρων
454 2018 719 2088 κρείττων
747 2019 904 2092 ῶφϐη
951 2023 1240 2094 ἁμαρτιῶν
1259 2042 1275 2058 ⁶
1314 2027 1450 2081 ἀλλὰ
1483 2028 1577 2081 καὶ
1604 2027 1693 2082 διὰ
1725 2024 1817 2084 τοῦ

255 2111 528 2178 προφήτου
579 2109 712 2185 βοᾷο
753 2116 891 2184 Λέγε
926 2118 990 2172 σὺ
1023 2121 1238 2189 πρῶτος
1267 2122 1366 2186 τὰς
1392 2123 1670 2196 ἁμαρτίας
1700 2139 1821 2188 σου,

254 2199 334 2254 ἶνα
356 2202 676 2277 δικαιωθῇς.
707 2225 726 2259 ι
757 2209 917 2281 Ζήτει
951 2212 1009 2264 ἐν
1029 2211 1106 2283 τῷ
1147 2212 1279 2284 ἑξῆς
1325 2212 1371 2279 ζ’
1406 2215 1691 2286 κεφαλαίῳ
1727 2231 1828 2270 κα-

254 2293 368 2346 νόνα
402 2302 502 2364 μς¹
531 2297 631 2366 τῆς
669 2299 726 2351 ἐν
756 2300 1087 2376 Καρθαγένῃ
1118 2306 1356 2360 συνόδου.

327 2388 382 2440 Ὀ
404 2387 463 2440 δὲ
489 2389 587 2458 τῆς
618 2391 676 2442 ἐν
701 2390 992 2465 Λαοδικείᾳ
1023 2397 1241 2449 συνόδου
1273 2398 1318 2467 β’
1349 2397 1532 2453 κανὼν
1592 2399 1722 2464 τοὺς
1764 2400 1825 2454 ἐν

251 2471 523 2544 διαφόροις
560 2477 950 2547 ἐξετασθέντας
982 2485 1315 2557 πταίσμασι,
1345 2491 1440 2544 καὶ
1468 2489 1538 2545 δι’
1570 2490 1827 2560 ἐξομολο-

251 2568 465 2634 γήσεως
497 2571 590 2623 καὶ
629 2575 918 2642 μετανοίας
952 2579 1066 2641 τοῖς
1115 2583 1309 2644 κακοῖς
1352 2582 1669 2652 ἀντιζύγου,
1705 2584 1822 2651 καὶ,

247 2658 272 2710 ὅ
298 2677 493 2729 φασιν,
538 2666 604 2718 ἐκ
647 2666 942 2740 διαμέτρου
969 2672 1062 2726 τὸν
1111 2674 1392 2730 είσέπειτα
1422 2676 1537 2747 βίον
1565 2677 1704 2748 πρὸς
1730 2678 1825 2732 τὸν

249 2753 518 2826 πρότερον
558 2758 1031 2830 ἐπιδειξαμένους,
1073 2766 1171 2834 τῆς
1211 2767 1363 2832 θείας
1407 2769 1550 2834 ἀξιοῖ
1584 2771 1826 2841 μεταλή-

245 2841 409 2910 ψεως,
443 2844 749 2915 ἀξιοῦσθαι,
779 2851 839 2902 οὐ
869 2855 1022 2922 παρὰ
1045 2853 1142 2925 τ’ὴν
1172 2856 1353 2910 αὐτῶν
1384 2859 1643 2930 σπουδὴν,
1671 2859 1824 2929 παρὰ

248 2934 433 2998 μέντοι
477 2939 605 3003 τοὺς
638 2943 958 3014 οίκτιρμοὺς
1015 2946 1112 3001 τοῦ
1147 2949 1307 3015 Θεοῦ,
1351 2952 1446 3005 καὶ
1485 2953 1584 3024 τὴν
1615 2954 1825 3022 ἄφατον

243 3026 582 3099 ἁγαθότητα.

296 3121 556 3177 ΚΕΦΑΛ.
588 3120 682 3192 ς’.
715 3128 853 3196 Περὶ
890 3128 1007 3182 τῶν
1038 3131 1150 3200 τῆς
1179 3136 1508 3202 μετανοίας
1540 3137 1761 3191 τόπων.

313 3211 407 3277 Είς
433 3213 710 3285 τέσσαρας
734 3218 789 3272 δὲ
806 3219 990 3286 τάξεις
1016 3224 1066 3276 oi
1093 3227 1485 3294 μετανοοῦντες
1509 3229 1818 3300 διῄρηνται’

2427 728 2549 766 rum
2589 721 2640 765 et
2675 712 3015 767 clericorum.

2001 828 2232 894 Quaeras
2259 826 2293 884 9
2335 841 2458 896 cap.
2486 825 2684 881 litterae
2715 827 2784 882 Α.

2057 938 2215 995 CAP.
2249 939 2316 996 ν.
2352 939 2506 1005 Quod
2530 941 2838 1008 panitentes
2877 955 2982 994 non
3002 939 3188 995 debent
3221 939 3392 1010 rejici.

1999 1097 2509 1168 Quinquagesimus
2550 1096 2831 1154 secundus
2865 1107 3190 1152 sanctorum
3245 1097 3524 1168 apostolo-

1928 1205 2049 1243 rum
2083 1203 2284 1255 canon,
2317 1187 2376 1244 Si
2408 1187 2534 1258 quis
2563 1189 2860 1260 episcopus
2891 1228 2907 1255 ,
2952 1189 3153 1258 inquit,
3179 1190 3261 1245 vel
3291 1190 3522 1262 presby-

1926 1291 2030 1342 ter,
2058 1293 2204 1342 eum,
2233 1278 2327 1348 qui
2357 1294 2384 1332 a
2418 1278 2660 1347 peccatis
2704 1280 3066 1344 canvertitur,
3127 1294 3237 1334 non
3299 1280 3520 1350 recipit,

1927 1369 2022 1426 sed
2055 1368 2360 1425 abhorrens
2386 1370 2538 1439 ejicit
2599 1370 2800 1425 veteris
2853 1369 3024 1425 instar
3090 1369 3287 1426 Navali
3347 1371 3520 1436 illius,

1923 1462 2255 1530 deponazur,
2273 1461 2402 1530 quia
2421 1461 2704 1516 Christum
2741 1461 2989 1517 molesda
3022 1462 3191 1519 allicit
3221 1463 3520 1531 dicentem,

1929 1552 2232 1636 «Gaudium
2289 1561 2372 1608 est
2405 1555 2458 1610 in
2509 1555 2653 1610 caelo
2702 1562 2928 1624 propter
2959 1570 3131 1611 unum
3177 1568 3522 1626 peccatorem

1927 1648 2084 1717 177
2103 1649 2482 1718 pcenitentiam
2508 1659 2784 1721 agentem,
2820 1669 2840 1704 ι
2873 1651 2968 1722 qui
3006 1661 3230 1722 propter
3270 1662 3526 1721 peccato—

1921 1753 2042 1792 rum
2079 1739 2310 1795 salutem
2353 1741 2642 1796 inclinavit
2699 1743 2875 1798 cmlos
2931 1752 2988 1797 et
3041 1744 3367 1806 descendit;
3431 1744 3524 1812 qui

1922 1831 2079 1894 dixit,
2105 1846 2162 1886 se
2184 1848 2289 1886 non
2320 1833 2537 1888 venisse
2567 1848 2764 1888 vocare
2787 1833 2994 1905 justos,
3055 1836 3149 1890 sed
3204 1845 3524 1904 peccatores

1920 1921 1986 1973 ad
2013 1921 2386 1989 pmuitentiam
2408 1940 2425 1988 ;
2444 1921 2604 1992 cujus
2629 1923 3010 1978 misericordia
3031 1923 3290 1978 omnibus
3320 1923 3525 1978 nostris

1847 2008 1894 2068 B
1925 2013 2161 2082 ignoscit
2205 2015 2446 2084 peccatis
2473 2029 2488 2080 ;
2519 2015 2611 2084 qui
2648 2015 2815 2070 etiam
2843 2031 2938 2084 per
2972 2015 3290 2085 prophetam
3331 2014 3473 2070 dixit
3506 2031 3521 2069 :

1934 2125 1954 2158 ι
1988 2106 2083 2161 Dic
2143 2116 2196 2162 tu
2259 2107 2472 2176 primus
2534 2115 2760 2178 peccata
2817 2117 2945 2169 tua.
2994 2119 3053 2162 ut
3104 2107 3453 2178 justiﬁcvris.
3494 2126 3513 2159 ι

1926 2196 2155 2264 Quaeras
2209 2199 2267 2254 iu
2308 2200 2623 2270 sequenti7
2687 2215 2810 2270 cap.
2870 2199 2940 2255 46
2991 2213 3258 2260 canonum
3321 2199 3517 2271 synodi

1924 2289 2408 2363 Carthaginensis.

2003 2383 2290 2440 Secundus
2334 2400 2457 2454 syn.
2491 2383 2718 2440 Laodic.
2759 2399 2936 2441 canon
2965 2387 3019 2440 in
3068 2385 3303 2443 diversis
3333 2387 3522 2454 depre-

1927 2473 2126 2531 hensos
2147 2474 2388 2541 delictis,
2405 2485 2461 2531 et
2480 2489 2576 2545 per
2593 2474 3002 2534 confessionem
3039 2490 3104 2531 ac
3137 2476 3518 2546 paenitentiam

1928 2567 2090 2624 malis
2109 2569 2447 2638 oppositam,
2474 2567 2644 2623 vitam
2667 2567 2908 2624 futuram
2935 2569 3111 2639 priori
3135 2585 3200 2624 ex
3223 2569 3514 2630 diametro,

1928 2670 1990 2716 ut
2023 2660 2195 2725 aiunt,
2245 2664 2583 2716 contrariam
2632 2661 3009 2730 ostendentes,
3037 2670 3231 2718 sancta
3265 2677 3519 2717 commn-

1929 2753 2096 2809 nione
2125 2753 2322 2824 dignos
2370 2755 2561 2810 haberi
2605 2754 2850 2824 judicat,
2910 2771 3020 2808 non
3063 2761 3286 2824 pr0pter
3326 2768 3517 2806 eorum

1927 2847 2150 2902 virtutis
2196 2846 2468 2912 studium,
2499 2846 2596 2903 sed
2628 2856 2852 2917 propter
2887 2846 2983 2904 Dei
3047 2847 3431 2904 miserationes
3463 2853 3518 2901 et

1927 2938 2348 2997 inenarrabilem
2389 2941 2711 2997 bonitatem.

2226 3146 2383 3203 CAP.
2436 3145 2530 3204 VI.
2577 3147 2657 3204 De
2702 3148 3020 3218 pauitantia:
3068 3148 3220 3202 locis.

1997 3237 2336 3296 Poenitentes
2369 3239 2423 3293 in
2452 3248 2695 3310 quatuor
2731 3240 2954 3295 ordines
2980 3239 3428 3295 distribuuntur:
3454 3237 3514 3293 in

242 3302 322 3363 είς
373 3304 511 3367 τοὺς
565 3309 1016 3377 προσ-κλαίοντας,
1054 3313 1180 3378 τοὺς
1235 3314 1644 3386 ἀκροωμένους,
1695 3315 1822 3380 τοὺς

1927 3330 2207 3395 dedentes,
2250 3302 2564 3399 audient-es,
2625 3331 2962 3394 substratos,
3016 3339 3072 3386 et
3117 3331 3514 3387 consistentes.

241 3394 676 3466 ὑποπίπτοντας,
706 3402 800 3455 καὶ
836 3405 962 3465 τοὺς
1015 3408 1480 3478 συνισταμένουςο
1513 3409 1609 3462 καὶ
1655 3426 1825 3477 προσ-

241 3483 531 3549 κλαίοντες
565 3487 666 3557 μέν
692 3490 830 3542 εἰσιν
864 3493 913 3543 οἱ
938 3492 1042 3558 ἔξω
1067 3493 1168 3563 τῆς
1207 3495 1381 3566 θύρας
1413 3497 1507 3551 τοῦ
1534 3499 1824 3568 εὐκτηρίου

240 3574 554 3643 ίστάμενοι.
587 3581 682 3634 καὶ
711 3582 846 3651 πρὸς
874 3583 984 3636 τῶν
1015 3587 1296 3642 εἰσιόντων
1342 3606 1412 3642 τε·
1444 3589 1541 3644 καὶ
1571 3591 1828 3654 ἐξιόντων

239 3667 456 3719 πιστῶν
493 3669 660 3740 εὐχήν
691 3688 749 3724 τε
780 3673 1120 3740 αίτούμενοι,
1155 3680 1252 3731 καὶ
1285 3678 1384 3748 τὴν
1415 3680 1516 3750 τῆς
1551 3681 1829 3750 ἁμαρτίας

239 3759 637 3831 συγχώρησινο
673 3764 1018 3835 ἀκροώμενοι
1072 3769 1150 3830 δὲ,
1202 3771 1254 3823 oi
1306 3772 1455 3825 ἔνδον
1507 3772 1605 3842 τῆς
1658 3772 1827 3843 θύρας

235 3849 528 3920 ἱστάμενοι
556 3853 616 3904 ἐν
641 3853 718 3923 τῷ
763 3853 1046 3929 λεγομένῳ
1085 3859 1364 3932 Νάρθηκι,
1397 3863 1494 3916 καὶ
1523 3863 1632 3916 τῶν
1667 3863 1831 3917 θείων

237 3940 505 4012 Γραφῶν,
543 3946 636 3998 καὶ
665 3947 767 4016 τῆς

233 4029 334 4084 εἷθ’
372 4033 529 4088 οὕτω
580 4039 720 4105 μετὰ
771 4042 1210 4112 κατηχουμένων-
1251 4043 1624 4116 ἐξερχόμενοι.
1668 4045 1831 4100 Ὑπο-

233 4125 543 4190 πίπτοντες
575 4127 820 4194 δέςείσιν
881 4134 930 4187 οξ
976 4133 1126 4190 ἔνδον
1175 4135 1278 4206 τῆς
1331 4138 1629 4207 ἐκκλησίας
1682 4138 1830 4194 ἱστά-

233 4232 416 4285 μενοι,
455 4219 693 4274 κατόπιν
734 4221 792 4276 es
831 4222 926 4277 τοῦ
977 4225 1254 4293 ἀμϐωνος,
1293 4229 1386 4282 καὶ
1431 4228 1569 4297 μετά
1599 4227 1830 4281 τῶν-κα-

231 4310 608 4382 τηχουμένων
665 4314 760 4372 καὶ
811 4309 956 4372 οὗτοι
1017 4318 1290 4386 ἐξιόντες,
1347 4321 1508 4390 ἡνίκα
1559 4320 1640 4386 τὸ,
1674 4322 1828 4374 Ὅσοι

227 4404 668 4474 κατηχούμενοι,
697 4409 1038 4482 ἐκφωνηθείη
1081 4412 1234 4482 παρὰ
1262 4412 1356 4470 τοῦ
1388 4413 1669 4472 διακόνου·
1709 4431 1833 4471 συν-

230 4494 531 4566 ιστάμενοι
567 4496 644 4562 δὲ,
675 4500 725 4554 oi
761 4504 875 4565 τοῖς
925 4505 1138 4568 πιστοῖς
1164 4505 1266 4575 μὲν
1310 4507 1703 4577 συνευχόμενοι
1734 4509 1830 4561 καὶ

226 4586 678 4654 συμψάλλοντες,
706 4591 805 4664 τῆς
852 4592 910 4646 δὲ
945 4593 1056 4649 τῶν
1102 4595 1464 4665 ἀγιασμάτων
1496 4597 1828 4668 ἀπεχόμενοι

1927 3419 1995 3474 Ει
2023 3421 2288 3476 deﬂentes
2310 3422 2533 3491 quidem
2563 3429 2716 3488 sunt,
2746 3421 2842 3492 qui
2881 3431 3035 3476 extra
3061 3420 3512 3476 sacrariiostium

1928 3523 2098 3581 stant,
2151 3521 2206 3568 et
2256 3514 2687 3585 ingredientium
2723 3523 2779 3568 et
2815 3511 3223 3581 egredientium
3269 3512 3515 3567 ﬁdelium

1929 3608 2360 3677 supplicationes
2395 3617 2610 3677 rogant,
2648 3616 2706 3662 et
2734 3608 2946 3676 peccati
2973 3605 3380 3660 remissionem.
3401 3604 3517 3659 Au—

1927 3699 2146 3754 dientes
2206 3713 2360 3762 vero,
2417 3699 2513 3770 qui
2577 3700 2722 3752 intra
2773 3697 2978 3752 ostium
3031 3705 3243 3752 stantes
3294 3696 3349 3750 in
3393 3696 3518 3751 loco

1927 3788 2202 3845 Narthece
2237 3790 2407 3855 dicto,
2449 3805 2642 3848 sacras
2695 3790 3011 3860 Scripturas
3061 3799 3116 3844 et
3166 3803 3516 3843 communem

1929 3881 2279 3952 disciplinam
2338 3883 2594 3947 audiunt,
2653 3882 2852 3938 deinde
2910 3896 3037 3936 eum
3101 3879 3519 3936 catechumenis

814 3949 1004 4019 κοινῆς
1035 3952 1403 4017 ἐπακούοντες
1448 3955 1827 4022 διδασκαλίας,

1930 3949 2310 4046 egrediuntur.
2349 3977 2628 4031 Substrati
2652 3985 2835 4032 autem
2869 3974 3137 4044 sunt.qui
3173 3976 3311 4029 intra
3337 3973 3516 4029 eccle-

1931 4070 2071 4126 siam
2125 4078 2298 4136 stant,
2349 4085 2541 4126 verum
2583 4078 2706 4139 post
2751 4068 3071 4132 umbonem,
3109 4076 3166 4122 et
3200 4082 3325 4121 cum
3363 4075 3518 4120 cate-

1931 4161 2223 4215 chumenis
2261 4172 2317 4216 et
2372 4161 2478 4230 ipsi
2521 4160 2905 4230 egrediuntur,
2948 4159 3171 4228 quando
3207 4173 3246 4212 ιι
3281 4157 3517 4212 diacono

1928 4254 2344 4322 pronuntiatur,
2382 4273 2401 4306 ι
2441 4249 3268 4324 Quotcunquecatecbumeni.
3313 4267 3333 4301 ι
3369 4247 3519 4303 (Σοου

1929 4346 2188 4402 sistentes
2229 4361 2384 4410 vero,
2417 4347 2664 4416 quicum
2713 4343 2971 4399 ﬁdelibus
3023 4342 3188 4399 simul
3224 4353 3519 4410 precantur

1929 4449 1984 4494 et
2010 4449 2240 4505 canunt,
2268 4440 2362 4495 sed
2385 4454 2418 4494 a
2449 4448 2765 4495 sanctorum
2786 4435 3181 4493 communione
3213 4435 3517 4496 abstinent.

1930 4532 2130 4598 donec,
2183 4531 2418 4587 deﬁnito
2465 4541 2724 4601 tempore
2776 4529 3102 4600 adimpleto,
3149 4532 3217 4584 ad
3265 4539 3520 4585 sanctam

1931 4624 2378 4680 communionem
2404 4624 2626 4680 tandem
2657 4624 2816 4696 plene
2847 4623 3228 4679 admittantur.

229 4677 852 4773 PETalﬁq/Sfﬂ‘,uﬂéXPIC
879 4683 966 4751 ἂν,
993 4684 1280 4754 ἐξήκοντος
1305 4685 1400 4740 τοῦ
1427 4688 1823 4773 νενομισμένου
1857 4715 1901 4773 υ

224 4764 457 4907 χρόιέου,
493 4766 557 4820 τὸ
584 4768 791 4826 τέλειον
830 4773 1027 4840 αὐτοὺς
1057 4777 1156 4850 τῆς
1189 4776 1340 4842 θείας
1369 4778 1662 4844 ἐκδέξηται
1706 4767 1824 4834 Sict-

225 4872 332 4907 νων
360 4873 461 4907 αα.

225 4872 461 4922 νωνιας.

222 4968 499 5051 ΚΕΑΦᾼᾼ.
553 4969 647 5051 Z'._
662 4973 788 5051 :Ott
835 4977 986 5051 atqui
1036 4980 1154 5051 τὴν
1198 4979 1320 5039 τῶν
1365 4981 1827 5050 μετανοούντων

1932 4974 2087 5051 CAP.
2125 4973 2236 5031 VII.
2273 4973 2429 5039 Quod
2469 4974 2632 5051 iusta
2690 4976 3056 5051 paenitentiam
3117 4978 3520 5051 dispositionem

291 5038 594 5120 διᾴθεσιν
616 5042 820 5121 έξεστι
849 5048 929 5121 τῷ
955 5038 1276 5121 amandum
1303 5051 1341 5120 ἣ
1360 5038 1684 5121 ἂνιέναι,ἣ
1704 5053 1827 5107 ἐπι-

1999 5047 2242 5121 episcopo
2291 5038 2484 5116 poenas
2511 5045 2621 5101 illis
2672 5038 2753 5104 uel
2797 5049 3068 5106 remittere
3107 5038 3521 5109 vel'extendere

290 5115 507 5165 τεῖναι
534 5116 771 5184 τούτοις
799 5119 871 5174 τὰ
903 5119 1188 5190 ἐπιτίμια.
1240 5115 1254 5120 ’
1329 5115 1338 5120 ’
1607 5115 1613 5118 ’
1669 5115 1681 5121 ’

2000 5115 2178 5171 liceat.

305 5227 372 5282 '0
411 5228 492 5298 ιβ’
538 5230 637 5300 τῆς
687 5249 722 5285 α
794 5234 1013 5291 συνόδου
1063 5237 1246 5294 κανὼν
1297 5238 1494 5312 κριτὴν
1538 5239 1827 5311 ἐφίστησιν

2006 5231 2375 5288 Duodecimus
2425 5233 2617 5300 primae
2640 5250 2762 5305 syn.
2799 5249 2977 5290 canon
3011 5233 3276 5291 arbitrum
3310 5236 3517 5292 iniam--

221 5318 699 5394 ἀπαραλόγιστον
723 5324 812 5378 τὸν
836 5327 1152 5396 ἐπίσκοπον,
1180 5330 1213 5402 ἢ
1241 5331 1432 5402 μειοῦν
1453 5330 1522 5386 τὰ
1547 5332 1823 5403 ἐπιτίμια,

1933 5325 2096 5381 bilem
2136 5327 2458 5397 episcopum
2495 5327 2806 5396 constituit,
2838 5329 2922 5383 vel
2958 5344 3152 5400 poenas
3181 5328 3516 5398 diminuere,

221 5413 324 5466 καὶ
352 5412 892 5490 φιλανθρωπότερόν
925 5439 975 5475 τι
1020 5422 1399 5492 βουλεύεσθαι,
1442 5426 1556 5488 τοῖς
1590 5425 1650 5492 ἐξ
1697 5424 1827 5478 είλι-

1929 5426 1985 5474 et
2029 5417 2330 5474 humanius
2370 5417 2576 5487 aliquid
2636 5427 2881 5476 statuere
2924 5420 2994 5475 de.
3039 5419 3107 5475 iis
3153 5419 3247 5490 qui
3287 5420 3519 5477 sinceris

220 5506 468 5576 κρινοῦς
503 5505 741 5574 διανοίας
772 5517 1122 5582 μετανοοῦσι,
1151 5515 1246 5569 καὶ
1277 5517 1355 5586 τῷ
1385 5517 1478 5570 τοῦ
1510 5517 1649 5571 Θεοῦ
1677 5517 1827 5587 φόϐῳ

1932 5511 2344 5566 conditionibus
2411 5511 2806 5580 paenitentiam
2865 5523 3058 5582 agunt,
3110 5522 3165 5568 et
3222 5513 3277 5567 in
3322 5514 3519 5569 timore

221 5599 421 5664 καλῶς
478 5603 966 5672 στοιχειουμένοις.
998 5607 1093 5661 καὶ
1139 5607 1405 5676 δάκρυσιν
1457 5608 1620 5662 αὐτὸν
1656 5609 1827 5662 ίλεου-

1932 5604 2029 5659 Dei
2073 5613 2218 5660 recte
2283 5603 2571 5672 incedunt,
2625 5615 2680 5661 et
2730 5607 2993 5677 lacrymis
3033 5621 3159 5661 eum
3221 5605 3518 5676 prepitium

224 5691 451 5757 μένοις,
497 5691 596 5742 καὶ
619 5692 717 5762 τὴν
745 5695 808 5747 ὲκ
835 5695 945 5747 τῶν
983 5697 1279 5766 ἐπιτιμίων
1316 5700 1564 5752 κάκωσιν
1606 5699 1827 5770 εὐχαρί-

1935 5697 2167 5765 faciunt,
2232 5705 2287 5753 et
2354 5710 2639 5764 poenarum
2707 5697 3061 5754 aﬂlictionem
3102 5697 3375 5769 patienter
3430 5714 3522 5752 su-

222 5794 372 5844 στως
410 5781 787 5852 ὑπομένουσι,
817 5789 912 5840 καὶ
941 5787 1038 5859 τὴν
1071 5789 1182 5843 τῶν
1212 5789 1434 5858 ἀγαθῶν
1461 5789 1636 5860 ἔργων
1660 5791 1827 5860 ἀσκη-

1935 5791 2154 5857 beunt,
2225 5799 2280 5844 et
2344 5790 2617 5844 bonorum
2672 5806 2900 5860 operum
2981 5791 3328 5847 exsecutioni
3395 5801 3523 5846 ante

221 5891 310 5926 σιν
365 5874 522 5944 περὶ
578 5877 774 5940 παντὸς
830 5881 1198 5950 ποιουμένοις,
1249 5883 1568 5936 κοινωνοῦσι
1615 5881 1674 5936 δὲ
1723 5884 1827 5938 τῶν

1935 5883 2124 5938 omnia
2180 5897 2406 5952 Operam
2454 5883 2605 5948 dant,
2641 5885 2708 5939 de
2739 5885 2900 5940 bonis
2931 5893 3112 5940 autem
3148 5882 3522 5953 indigentibus

221 5965 400 6020 δντων
458 5963 584 6029 τοῖς
613 5967 909 6040 δεομένοις,
951 5973 1044 6026 καὶ
1104 5974 1250 6045 ἔργῳ
1310 5975 1401 6028 καὶ
1446 5974 1688 6046 σχήματι
1734 5974 1827 6046 τὴν

1938 5974 2443 6038 communicant,et
2474 5976 2888 6031 conversionem
2918 5984 3027 6030 tam
3062 5991 3119 6030 re
3141 5989 3308 6044 quam
3337 5972 3521 6043 specie
