4054 6478
317 404 387 464 25
1296 410 1700 470 SYNTAGMA
1745 413 2370 485 ALPHABE'I‘ICUM.
2414 448 2477 457 -ο
2514 419 2592 472 Μ.
3495 429 3568 492 26

319 518 561 609 ΚΕΦιξΛ.
587 519 668 598 ιε’.
705 520 832 609 "Qu
863 520 955 574 δεῖ
987 521 1127 609 τοὺς
1159 523 1744 609 ἔτι,μειςιατιοοῦκΞοις2
1777 527 1887 609 τῇς

2007 535 2146 609 3ΑΡ,
2179 537 2315 594 \-"Ill.
2343 539 2497 604 Quod
2532 549 2731 609 oportet
2756 543 3117 608 pmnitentiam
3138 543 3310 598 adhuc
3333 557 3565 607 agentes.

393 589 675 654 τελευτῆς
725 589 1153 660 ἐφιστίιμένης,
1208 594 1319 660 τῆς
1353 596 1517 660 θείας
1569 589 1889 660 ἀξιοῦσθαι

389 661 704 735 remrem-iac.
727 676 741 690 ο
781 660 834 710 ει
866 659 936 712 δὲ
981 659 1405 732 ἀνακληθεῐεν,
1441 659 1667 735 ταύτης
1702 668 1891 720 πάλιν

389 727 737 798 ἀπέχεσθαι.

403 891 459 944 Ὀ
490 897 559 957 ιγ’
583 893 681 960 τῆς
733 891 781 946 α’
813 893 1033 947 συνόδου
1080 894 1259 948 κανὼν
1314 899 1440 960 τοὺς
1495 897 1578 950 ἔτι
1623 899 1736 957 τοῖς
1788 897 1891 966 τῆς

323 985 610 1051 μετανοίας
661 987 962 1054 ἐπιτιμίοις
999 988 1375 1057 ἐνεχομένους,
1429 991 1527 1043 καὶ
1567 992 1706 1059 νόσῳ
1741 989 1890 1060 δεινῇ

322 1078 830 1144 περιπεπτωκότας,
869 1080 992 1132 ὅσον
1029 1081 1270 1142 εἰκάσαι,
1306 1081 1404 1151 τὴν
1451 1083 1720 1152 ἐκδημίαν
1753 1085 1893 1134 ἐπα-ο

321 1168 603 1239 πωλούσῃ,
637 1167 733 1221 τοῦ
779 1170 986 1222 τελείου
1038 1171 1130 1223 καὶ
1165 1173 1602 1240 ἀναγκαιοτάτου
1652 1173 1888 1242 ἐφοδίου,

320 1261 417 1328 τῆς
444 1259 552 1312 τῶν
582 1262 754 1330 ἁγίων
802 1265 1119 1334 μυστηρίων
1165 1265 1310 1333 φημὶ
1379 1265 1735 1337 μεταλήψεως
1757 1307 1770 1330 ,
1798 1283 1892 1318 κεο

320 1349 466 1402 λεύει
509 1349 582 1421 μὴ
611 1351 922 1421 στέρεσθαι,
964 1354 1099 1406 ἀλλὰ
1130 1356 1267 1424 μετά
1295 1357 1621 1425 δοκιμασίας
1651 1356 1746 1410 τοῦ
1777 1360 1894 1410 ἐπιο-

321 1440 526 1493 σκόπου
556 1444 616 1495 ἐν
639 1445 758 1506 ταῖς
790 1446 1132 1509 τελευταίαις
1159 1447 1458 1511 ἀναπνοαῖς
1482 1449 1685 1503 τούτων
1710 1449 1894 1514 ἀξιοῦ-

321 1531 447 1586 σθαι
472 1548 488 1563 ⁶
522 1533 622 1604 τῆς
653 1535 811 1589 νόσου
861 1537 943 1600 δέ,
980 1540 1028 1591 εί
1061 1537 1205 1592 οὕτω
1252 1539 1521 1608 συμϐαίη,
1571 1542 1890 1610 ραΐσαντας,

322 1631 415 1676 καὶ
464 1625 600 1696 πρὸς
655 1626 754 1696 τὴν
793 1627 1006 1695 ὑγίειαν
1055 1630 1406 1694 ἐπανιόντας,
1453 1632 1552 1698 τῆς
1588 1632 1687 1702 μὲν
1741 1633 1891 1694 θείας

319 1715 602 1783 εἴργεσθαι
648 1719 954 1785 κοινωνίας,
987 1722 1044 1773 ἐν
1073 1724 1138 1790 τῇ
1194 1721 1350 1791 χώρᾳ
1379 1721 1434 1775 δέ
1477 1718 1635 1786 αὖθις
1696 1723 1888 1789 στῆναι

318 1806 432 1859 τῶν
484 1809 763 1878 προτέρων
797 1811 1106 1881 ἐπιτιμίων,
1144 1813 1248 1876 ἐως
1303 1813 1372 1867 ἂν
1421 1815 1449 1866 ό
1500 1814 1890 1883 νενομισμένος

321 1895 508 1950 αὐτῶν
531 1898 720 1968 χρόνος
752 1901 1091 1972 ἐκμετρηθῇ.

388 1988 580 2043 Ταῦτα
632 1991 726 2044 καὶ
764 1993 790 2046 ὁ
828 1992 884 2056 ς’
933 1994 1035 2060 τῆς
1076 1995 1134 2046 ἐν
1177 1994 1425 2065 Ἀγκύρᾳ
1470 1993 1788 2064 διορίζεται,
1820 1994 1900 2064 τῷ

321 2080 401 2138 ἐτι
437 2083 806 2148 μετανοοῦντι,
853 2087 901 2137 εί
938 2085 1182 2148 κίνδυνος
1209 2085 1568 2157 ἐπισυμὸαίη,
1601 2088 1695 2140 καὶ
1724 2104 1898 2157 προσ-

319 2172 476 2226 δοκία
533 2172 764 2228 θανάτου
805 2179 869 2229 ἐκ
919 2177 1097 2244 νόσου,
1146 2178 1180 2246 ἢ
1215 2179 1382 2249 ἄλλης
1419 2178 1639 2232 οἱασοῦν
1686 2179 1900 2248 προφά-

323 2281 484 2326 σεως,
511 2265 698 2318 τοῦτον
728 2267 809 2330 είς
841 2269 1123 2322 κοινωνίαν
1151 2270 1274 2339 μέν,
1303 2270 1419 2323 ἀλλ’
1451 2270 1544 2323 ἐπὶ
1567 2271 1681 2339 ὅρῳ
1704 2270 1900 2340 δεχθῆ-

322 2374 408 2409 ναι
431 2372 448 2388 ο
481 2357 574 2409 τὸν
612 2357 841 2412 θάνατον
871 2360 979 2430 γὰρ
1009 2363 1305 2430 ἐκφυγόντι
1339 2364 1620 2418 κοινωνεῖν
1651 2363 1753 2416 οὐκ
1778 2362 1898 2426 ἐξέ-

324 2465 474 2514 σται,
533 2449 625 2502 τοῦ
683 2451 992 2522 ὡρισμένου
1053 2455 1128 2525 μὴ
1187 2457 1476 2526 ἐξήκοντος
1537 2454 1734 2524 καιροῦ
1788 2453 1900 2506 τῶν

325 2542 647 2610 ἐπιτιμίων.

403 2631 470 2688 Ὃ
501 2633 558 2690 δέ
587 2634 629 2686 ε’
674 2637 771 2691 τοῦ
805 2638 1046 2707 μεγάλου
1097 2639 1404 2709 Γρηγορίου
1451 2638 1699 2708 Νύσσης,
1749 2637 1812 2690 Εἰ
1843 2636 1901 2688 δέ

325 2739 430 2788 τις,
466 2725 624 2792 φησὶ,
659 2726 733 2796 μὴ
761 2726 1057 2798 πληρώσας
1079 2727 1169 2782 τὸν
1203 2728 1416 2797 χρόνον,
1451 2728 1542 2781 τὸν
1573 2730 1635 2780 ἐκ
1664 2727 1768 2779 τῶν
1805 2743 1894 2778 κα·

325 2817 495 2873 νόνων
517 2819 916 2888 ἀφωρισμένον,
951 2820 1186 2885 egressu
1209 2821 1303 2872 τοῦ
1335 2821 1472 2888 βίον,
1499 2818 1710 2871 κελεύει
1734 2821 1765 2888 ἡ
1795 2818 1905 2870 τῶν

329 2911 591 2982 Πατέρων
627 2913 1033 2982 φιλανθρωπία,
1084 2913 1426 2982 μετασχόντα
1473 2912 1582 2964 τῶν
1627 2913 1904 2980 enecas-

327 3021 460 3070 των,
495 3004 570 3074 μὴ
598 3005 754 3058 κενὸν
797 3004 888 3058 τοῦ
925 3005 1142 3074 ἐφοδίου
1175 3005 1310 3074 πρὸς
1347 3003 1446 3074 τὴν
1491 3004 1728 3072 ἐσχάτην
1759 3001 1904 3056 ἐκεί-

331 3115 428 3169 νην
489 3098 587 3150 καὶ
639 3099 855 3167 μακρὰν
913 3097 1226 3166 ἀποδημίαν
1281 3097 1708 3167 ἐκπεμφθῆναιο
1747 3095 1796 3146 εί
1844 3095 1901 3147 δὲ

335 3187 638 3258 μετασχὼν·
656 3188 752 3243 τοῦ
785 3188 1126 3257 ἀγιάσματος
1156 3187 1318 3241 πάλιν
1351 3189 1431 3251 εἰς
1459 3189 1558 3256 τὴν
1592 3187 1737 3257 ζωὴν
1769 3189 1903 3240 ἐπει-

331 3278 540 3338 νέλθοι,
567 3279 861 3348 ἀναμένειν
897 3281 989 3332 τὸν
1018 3278 1352 3347 τεταγμένον
1378 3281 1590 3350 χρόνον,
1618 3281 1676 3330 ἐν
1705 3280 1902 3349 ἐκείνῳ

333 3367 404 3438 τῷ
435 3368 632 3438 βαθμῷ
680 3369 995 3439 γενόμενον,
1032 3365 1075 3439 ᾧ
1107 3368 1176 3442 ἦν
1213 3373 1317 3442 πρὸ
1355 3373 1455 3442 τῆς
1499 3372 1619 3428 κατ’
1657 3374 1904 3442 ἀνάγκην

331 3459 583 3528 δοθείσης
613 3459 762 3530 αὐτῷ
793 3462 1100 3525 κοινωνίας.

398 3551 590 3604 Ταῦτα
641 3551 677 3620 ἡ
730 3551 839 3604 τῶν
899 3553 1156 3626 Πατέρων
1218 3554 1597 3624 φιλάνθρωπος
1653 3555 1903 3625 βούλεται

335 3644 554 3714 γνώμη,
597 3647 648 3697 εί
680 3645 1076 3716 προσπελάσειε
1117 3647 1178 3701 τὸ
1206 3647 1385 3718 χρεὼν
1413 3647 1492 3718 τῷ
1537 3648 1614 3701 ἐτι
1645 3648 1905 3717 καθαιρο-

337 3738 486 3806 μένῳ
515 3738 629 3799 τοῖς
681 3738 998 3808 φαρμάκοις
1049 3741 1148 3809 τῆς
1186 3739 1495 3808 μετανοίας,
1529 3741 1621 3792 καὶ
1673 3741 1706 3810 ἡ
1741 3739 1908 3810 κυρία

335 3831 592 3898 παρεῖναι
620 3830 789 3895 δοκεῖ,
817 3830 1069 3898 ἐφεῖσθαι
1103 3833 1216 3894 τοῖς
1258 3832 1674 3903 πρεσϐυτέροις,
1709 3849 1906 3884 κοινω-

337 3919 452 3974 νίαν
509 3921 658 3990 αὐτῷ
711 3920 1057 3995 μεταδοῦναι,
1089 3923 1164 3988 ὡς
1219 3923 1296 3994 μὴ
1342 3923 1648 3978 ἀποόιῶναι
1699 3923 1906 3994 μηδένα

337 4013 467 4083 παρ’
501 4012 685 4077 αὐτοῖς
715 4013 999 4082 δεδεμένον
1019 4029 1034 4045 ο
1083 4015 1510 4086 ἀναῤῥωσθέντα
1536 4015 1593 4067 δὲ
1624 4015 1785 4068 πάλιν
1814 4014 1907 4072 τὸν

341 4105 510 4176 μήπω
547 4104 609 4157 τὸ
656 4104 753 4167 τοῦ
787 4104 982 4174 καιροῦ
1022 4107 1430 4176 πεπληρωκότα
1461 4107 1763 4176 διάστημα,
1795 4108 1906 4168 τοῖς

341 4196 628 4266 προτέροις
672 4196 929 4252 ὑπόδικον
960 4192 1124 4263 εἶναι,
1155 4199 1250 4252 καὶ
1294 4198 1446 4270 παρά
1471 4198 1580 4251 τῶν
1609 4198 1910 4270 πρεσϐυτέ-

342 4305 450 4358 ρων
501 4289 816 4358 περιμένειν
867 4290 972 4360 τῆς
1021 4290 1351 4360 συγγνώμης
1383 4289 1446 4342 τὸ
1493 4289 1766 4360 σύνθημα,
1809 4288 1908 4344 τοῦ

341 4381 536 4454 χρόνου
568 4380 775 4451 δηλαδὴ
803 4381 904 4451 τῆς
946 4381 1256 4452 μετανοίας,
1291 4383 1432 4450 μετά
1462 4380 1557 4434 τοῦ
1609 4381 1782 4452 ῥύπου
1812 4382 1910 4452 τῆς

341 4473 613 4542 ἁμαρτίας
643 4475 1070 4543 δαπανηθέντος.

341 4608 592 4678 ΚΕΦΑᾼ.
621 4607 700 4662 Θ’.
739 4606 874 4663 Ὀτι
921 4607 1040 4662 τῶν
1073 4609 1530 4678 μετανοούντων
1566 4607 1708 4673 τοὺς
1737 4609 1917 4678 ﬂori:-

409 4677 609 4748 σμοὺς
654 4679 962 4748 δέχεσθαι,
1002 4675 1098 4732 καί
1157 4680 1332 4732 λύειν
1393 4678 1494 4734 καί
1543 4676 1813 4748 δεσμεῖν,
1843 4675 1917 4730 τὰ

406 4747 816 4818 ἡμαρτημένα,
857 4749 981 4815 τοῖς
1017 4749 1378 4814 ἐπισκόποις
1407 4749 1608 4816 ἐδόθη,
1636 4747 1764 4802 κατ’
1794 4747 1919 4801 ἐπι-

408 4817 641 4887 τροπὴν
672 4817 740 4871 δὲ
767 4819 997 4873 τούτων
1030 4822 1128 4880 καὶ
1154 4819 1279 4885 τοῖς
1312 4818 1762 4888 πρεσϐυτέροις.

423 4934 486 4990 ’0
524 4941 579 5000 ς’
611 4934 712 5004 τῆς
736 4937 796 4993 ἐν
829 4935 1162 5010 Καρθαγένῃ
1197 4935 1417 4989 συνόδου
1452 4934 1631 4988 κανὼν
1678 4934 1778 5005 τὴν
1822 4931 1916 4986 τοῦ

347 5026 644 5097 χρίσματος
679 5027 923 5096 ποίησιν,
948 5027 1047 5098 τὴν
1085 5028 1178 5081 τοῦ
1207 5027 1364 5094 ἁγίου
1393 5025 1568 5099 μύρου
1595 5025 1799 5096 δηλαδὴ
1828 5042 1918 5078 τε-

346 5117 524 5187 λιτὴν,
563 5121 656 5171 καὶ
678 5118 778 5190 τὴν
809 5121 917 5172 τῶν
964 5118 1145 5188 κορῶν
1183 5119 1503 5190 ἀφιέρωσιν,
1536 5117 1679 5176 κατά
1716 5135 1767 5169 τι
1805 5133 1915 5170 πα-

346 5210 493 5265 λαιὸν
540 5212 838 5284 γινομένην
876 5211 1020 5274 ἐθος,
1073 5212 1170 5266 καὶ
1216 5209 1315 5282 τὴν
1342 5210 1453 5264 τῶν
1504 5208 1915 5280 μετανοούντων

349 5301 714 5370 καταλλαγὴν,
753 5304 890 5372 ὅπερ
945 5303 1095 5356 ἐστὶν
1131 5303 1166 5372 ἡ
1196 5302 1305 5354 τῶν
1353 5301 1636 5370 λογισμῶν
1682 5301 1916 5369 ἐξαγγε-

346 5391 456 5456 Itin,
491 5395 585 5446 καὶ⁵
610 5395 666 5465 η’
694 5394 804 5448 τῶν
843 5394 1095 5465 ψυχικῶν
1149 5393 1366 5463 ἰατρεία
1423 5393 1777 5464 τραυμάτων,
1829 5391 1917 5444 διὰ

350 5483 451 5536 τῶν
481 5487 579 5555 τῆς
606 5487 896 5555 μετανοίας
929 5486 1243 5557 ἐπιτιμίων,
1273 5487 1367 5541 καὶ
1395 5486 1493 5556 τῆς
1516 5484 1623 5556 πρὸ
1647 5485 1706 5536 τὸ
1737 5486 1917 5552 κρεῖτ-

350 5590 436 5626 τον
469 5574 803 5655 ἐπιστροφῆς
849 5578 1012 5649 (οὕτω
1055 5579 1164 5649 γὰρ
1194 5579 1222 5630 ὁ
1255 5576 1543 5645 ἄνθρωπος
1573 5576 1650 5644 τῷ
1679 5575 1799 5646 Θεῷ
1825 5593 1917 5630 κα·

351 5667 742 5738 ταλλὰττεται),
767 5671 939 5724 ταῦτα
966 5671 1147 5724 πάντα
1171 5669 1322 5739 παρά
1346 5668 1745 5740 πρεσϐυτέροις,
1765 5668 1918 5722 ἀπεί-

359 5773 486 5823 ρηκε
533 5761 819 5830 γίνεσθαι·
889 5766 1002 5826 τοῖς
1055 5763 1162 5834 γὰρ
1217 5762 1567 5834 ἀρχιερεῦσιν
1622 5763 1655 5830 ἠ
1714 5761 1916 5814 τούτων

356 5843 554 5910 ᾁνείται
584 5849 870 5920 διοίκησις,
922 5852 1014 5905 ἆτε
1047 5853 1266 5926 δεσμεῖν
1299 5855 1392 5912 καὶ
1439 5853 1586 5906 λύειν
1620 5852 1914 5924 δεδυνημέ-

2065 607 2298 682 instante
2323 622 2508 670 morte,
2538 607 2722 682 sancta
2746 607 3111 665 Communium:
3132 615 3457 682 participare
3474 630 3492 666 :
3522 618 3571 670 si

2064 678 2448 741 convaluerint,
2485 681 2580 734 illa
2610 698 2822 736 rursum
2849 678 3135 737 abstinere;

2066 894 2264 950 Prinne
2321 911 2418 967 syn
2503 912 2679 952 canon
2737 900 2842 963 15,
2873 900 2966 968 qui
3015 899 3350 969 poenitentiae
3393 901 3572 970 pretiis

1994 987 2173 1042 adhuc
2207 988 2428 1041 obnoxii
2466 999 2617 1054 sunt,
2647 1001 2701 1044 et
2741 992 2794 1044 in
2825 1006 3047 1060 gravem
3080 993 3329 1046 morbum
3364 993 3573 1046 incide-

1995 1089 2146 1141 runt,
2187 1079 2282 1147 qui
2330 1095 2361 1134 e
2409 1080 2516 1133 vita
2563 1095 2853 1136 excessum
2913 1083 3157 1137 minitari
3211 1083 3482 1145 videatur,
3517 1092 3576 1136 ιιι

1996 1169 2190 1224 ultimo
2236 1181 2289 1249 et
2345 1175 2584 1226 maxime
2637 1174 2950 1228 necessario
3007 1174 3223 1236 viatico,
3286 1190 3572 1230 sacrorum

1997 1263 2380 1331 mysteriorum
2443 1262 2568 1316 dico
2613 1265 3060 1332 participatione,
3116 1280 3227 1319 non
3269 1265 3573 1333 priventur.

1991 1351 2190 1421 jubet;
2245 1356 2338 1408 sed
2381 1355 2436 1407 in
2457 1365 2703 1410 extremo
2733 1346 2930 1426 spiritu
2965 1371 3092 1410 cum
3139 1357 3383 1426 episcopi
3437 1372 3575 1410 con-

1995 1461 2158 1498 sensu
2219 1445 2326 1500 illis
2371 1446 2520 1516 digni
2585 1448 2923 1516 jndieentur.
2978 1448 3226 1502 Morbum
3267 1461 3472 1512 autem,
3530 1451 3576 1504 si

1996 1538 2070 1591 ita
2117 1538 2404 1608 contingit,
2463 1540 2757 1605 solventes,
2823 1549 2876 1595 et
2919 1542 2984 1594 ad
3028 1541 3259 1595 salutem
3295 1551 3578 1595 reverten-

1996 1639 2097 1697 tes,
2123 1630 2310 1684 divina
2332 1632 2554 1700 quidem
2585 1634 2973 1687 communione
2995 1633 3194 1698 arceri,
3223 1633 3281 1686 in
3307 1633 3428 1684 loco
3449 1649 3493 1683 νι
3516 1647 3577 1685 ro

1996 1719 2192 1774 iterum
2224 1721 2485 1776 constitui
2525 1723 2769 1792 priorum
2811 1739 3121 1792 poenarum,
3190 1724 3366 1777 donec
3425 1737 3578 1790 prae-

1997 1813 2247 1867 stitutum
2279 1813 2391 1870 illis
2414 1823 2627 1885 tempus
2658 1796 2947 1885 impletum
2985 1815 3172 1868 fuerit.

2075 1993 2272 2047 Eadem
2305 1993 2469 2047 etiam
2513 1993 2544 2046 6
2592 1993 2644 2046 in
2695 1993 2911 2063 Ancyra
2951 1994 3145 2060 synodi
3176 2007 3355 2047 canon
3387 1991 3580 2045 decer-

2000 2089 2080 2139 nit
2115 2103 2127 2138 :
2163 2085 2217 2139 Si
2245 2085 2355 2154 jam
2410 2086 2790 2153 paenitentiam
2815 2085 2996 2153 agenti
3032 2085 3111 2137 vel
3146 2083 3471 2152 periculum,
3495 2081 3580 2135 vel

2001 2177 2195 2232 mortis
2222 2177 2559 2244 exspectatio
2589 2193 2655 2230 ex
2715 2178 2908 2231 morbo
2942 2177 3027 2230 vel
3058 2177 3241 2244 aliqua
3282 2175 3390 2229 alia
3413 2189 3581 2227 occa-

2001 2272 2159 2326 sione
2208 2270 2468 2335 evenerit,
2524 2268 2569 2322 is
2607 2269 2672 2322 ad
2702 2268 3140 2323 communionem
3190 2267 3433 2335 quidem.
3484 2267 3580 2320 sed

2003 2364 2108 2420 sub
2142 2361 2459 2417 deﬁnitione
2517 2361 2815 2430 recipiatur
2844 2378 2858 2414 :
2887 2361 2937 2416 ei
2966 2372 3170 2417 autem.
3219 2360 3314 2426 qui
3351 2370 3580 2412 mort-em

2002 2453 2261 2517 evaserit,
2294 2452 2708 2510 communicare
2737 2467 2844 2504 non
2876 2451 3084 2514 licebit,
3116 2449 3422 2519 prwstituto
3443 2465 3582 2518 ,ραι-

2003 2559 2197 2597 narum
2238 2553 2490 2611 tempore
2523 2556 2629 2596 IIOII
2658 2555 2898 2611 peracto.

2073 2633 2310 2699 Quintus
2340 2635 2506 2687 etiam
2538 2634 2718 2702 magni
2756 2634 3009 2702 Gregorii
3037 2631 3271 2703 Nysseni
3301 2671 3316 2695 ,
3353 2632 3408 2684 Si
3440 2632 3584 2700 quis,

2003 2727 2200 2796 inquit,
2231 2737 2444 2793 tempus
2472 2740 2500 2779 a
2523 2725 2829 2778 canonibus
2856 2735 3122 2782 statutum
3162 2740 3267 2776 non
3297 2738 3583 2792 peragens.

2004 2837 2034 2874 e
2067 2820 2170 2873 vita
2199 2818 2518 2882 excesserit,
2551 2816 2700 2884 jubet
2727 2817 2948 2872 Patrum
2978 2818 3294 2872 humanitas
3314 2817 3468 2869 illum
3497 2831 3555 2869 sa
3574 2842 3588 2855 -

2005 2927 2226 2966 crurum
2258 2912 2643 2981 mysteriorum
2667 2911 2987 2979 participem
3017 2911 3248 2972 factum,
3305 2908 3487 2962 viatici
3517 2910 3585 2960 ad

2007 3003 2256 3057 ultimum
2312 3002 2462 3056 illum
2492 3015 2546 3056 et
2603 3004 2824 3070 longum
2864 3004 3168 3056 discessum
3213 3016 3446 3053 vacuum
3478 3016 3587 3054 non

2006 3095 2181 3150 emitti
2218 3112 2234 3148 :
2277 3095 2322 3150 si
2374 3110 2505 3149 vero
2547 3105 2834 3164 postquam
2869 3111 3153 3150 sacrorum
3176 3095 3388 3148 illorum
3416 3093 3590 3160 parti-.

1930 3208 1970 3263 ρ
2006 3201 2131 3254 ecps
2158 3185 2258 3240 I'uit
2276 3186 2342 3241 ad
2363 3187 2525 3242 vitam
2554 3196 2878 3251 revertatur,
2900 3187 3210 3242 ordinatum
3237 3194 3454 3254 tempus
3479 3199 3593 3237 ma-

2012 3289 2158 3342 neat,
2204 3281 2257 3332 in
2289 3279 2478 3334 eodem
2508 3279 2679 3348 gradu
2717 3281 3072 3343 constitutus,
3103 3279 3156 3332 iu
3189 3294 3301 3347 quo
3333 3287 3453 3331 erat
3491 3291 3592 3328 an-

2012 3383 2226 3442 tequam
2256 3373 2308 3426 ei
2334 3389 2399 3428 ex
2437 3373 2766 3430 necessitate
2809 3373 2936 3426 data
2970 3372 3075 3426 fuit
3107 3370 3564 3427 communicatio.

2089 3550 2215 3606 Ila-c
2263 3549 2488 3606 Patrum
2542 3552 2783 3606 humana
2840 3551 2959 3606 vult
3009 3549 3302 3614 sententia,
3337 3549 3382 3602 si
3443 3564 3593 3602 mors

2013 3644 2538 3713 appropinquaverit
2567 3643 2787 3711 illi,,qui
2809 3642 3150 3711 paenitentia:
3176 3639 3592 3694 medicamentis

2013 3737 2189 3791 adhuc
2220 3743 2506 3804 purgatur,
2531 3743 2585 3789 et
2615 3749 2909 3804 supremus
2934 3734 3051 3788 dies
3075 3735 3283 3787 instare
3317 3732 3590 3795 videatur,

2014 3826 2350 3898 presbyteris
2399 3827 2627 3881 concedi
2683 3826 3129 3880 communionem
3187 3823 3264 3877 illi
3318 3823 3470 3885 dare,
3533 3829 3592 3874 ut

2015 3920 2202 3975 nullus
2229 3919 2297 3974 ab
2319 3919 2402 3974 eis
2432 3919 2634 3988 ligatus
2664 3918 2911 3973 discedat
2949 3935 2963 3971 :
2997 3918 3040 3971 si
3074 3931 3203 3971 vero
3237 3931 3431 3969 rursus
3462 3930 3594 3966 con-

2013 4009 2268 4075 valuerit,
2295 4009 2555 4078 temporis
2573 4010 2752 4079 spatio
2777 4009 3025 4063 nondum
3051 4017 3291 4079 peracto,
3317 4007 3595 4075 prioribus

2014 4101 2194 4175 pomis
2265 4100 2562 4154 obnoxium
2610 4115 2772 4167 esse;
2822 4115 2852 4153 a
2926 4098 3262 4170 presbyteris
3307 4113 3438 4152 vero
3505 4113 3594 4149 re-

2019 4195 2301 4250 missionis
2327 4194 2661 4264 promissum
2713 4205 3056 4262 exspectare,
3098 4193 3364 4260 temporis
3389 4192 3598 4248 sciliCct

2021 4287 2378 4356 panitentias,
2417 4301 2542 4340 cum
2581 4285 2790 4356 peccati
2828 4286 3022 4340 sordes
3051 4286 3382 4354 dissipatur.

2024 4613 2179 4684 18],
2243 4611 2395 4668 CAP.
2455 4611 2546 4686 lX_.
2614 4612 2767 4678 Quod
2820 4609 3188 4686 pomitcntiwu
3246 4606 3598 4686 confes-siones

2090 4679 2348 4753 ὗᾶίρετε,
2375 4690 2425 4736 et
2451 4683 2650 4753 soluere
2671 4723 2686 4744 ,
2735 4695 2780 4735 et
2811 4681 2980 4750 ligare
3019 4679 3598 4753 peccatores-episcopis

2087 4749 2435 4810 conceditur:
2496 4752 2715 4806 illorum
2763 4749 2883 4806 vero
2937 4765 3190 4803 consensu
3258 4749 3423 4800 etiam
3474 4763 3600 4817 pre-

2090 4825 2338 4893 sbyteris.

2090 4935 2291 4992 Sextus
2323 4935 2772 5006 Carthaginensis
2802 4933 2994 5005 synodi
3053 4947 3228 4987 canon
3285 4931 3600 4986 chrismatis

2019 5029 2445 5093 coniectionem,
2494 5043 2689 5097 nempe
2731 5027 2905 5082 sancti
2945 5025 3210 5092 unguenti
3245 5023 3602 5077 administra-

2023 5120 2248 5184 tionem,
2281 5127 2334 5172 et
2357 5117 2661 5187 puellarum
2682 5114 3173 5178 consecrationem,
3197 5114 3357 5183 juxta
3391 5129 3598 5167 morem

2020 5210 2306 5276 antiquum
2333 5211 2554 5272 tactam,
2589 5217 2643 5261 et
2670 5207 3048 5276 νωιιὶιειιιίυιιι
3071 5205 3599 5268 reconciliationem,

2019 5317 2140 5372 qua:
2165 5309 2250 5356 est
2284 5300 2693 5355 confessionum
2723 5300 3088 5364 denuntiatio,
3132 5309 3187 5352 et
3239 5299 3436 5352 aninta:
3487 5297 3603 5349 vnl-

2022 5410 2238 5458 uerum,
2267 5411 2362 5465 per
2401 5393 2736 5464 paenitentia:
2791 5409 3024 5464 pinnas,
3091 5402 3144 5447 et
3198 5393 3265 5446 ad
3329 5391 3383 5444 id
3450 5391 3598 5459 (μιοά

2023 5489 2218 5542 melius
2252 5495 2338 5541 est
2365 5487 2785 5541 conversionem
2817 5488 3021 5541 medela
3088 5486 3106 5554 (
3140 5487 3212 5539 ita
3278 5485 3424 5538 enim
3487 5484 3598 5536 Dt-o

2023 5580 2405 5634 reconciliatur
2435 5580 2644 5649 homo),
2671 5580 2853 5634 omnia
2897 5581 3008 5633 haec
3041 5595 3069 5632 a
3121 5577 3453 5647 presbyteris
3484 5575 3597 5628 ﬁeri

2023 5671 2545 5742 proltibuit.llorunt
2579 5674 2781 5729 etenim
2819 5672 3224 5727 adminisnatio
3254 5669 3595 5724 antistitibus

2020 5765 2344 5817 cuncedilur
2368 5803 2381 5825 ,
2415 5764 2619 5833 quippe
2645 5765 2736 5832 qui
2775 5765 2974 5830 ligandi
3006 5772 3060 5816 et
3091 5761 3332 5816 solvendi
3356 5767 3587 5828 potesto-

2025 5863 2128 5913 tcm
2161 5854 2440 5917 habentes,
2477 5853 2850 5923 apostolorum
2905 5860 3090 5922 typum
3124 5849 3326 5912 ferunt,
3386 5853 3587 5914 quibus
