4054 6464
450 431 512 485 2’1
1637 417 1845 479 MATT
1852 417 1903 476 Η
1914 415 2009 474 ίῈΙ

2126 412 2464 473 .AS'I‘ARIS
3642 402 3717 464 ἐῢ

454 538 615 589 Llem
650 544 971 605 potestatem
1033 535 1303 590 concessit
1363 532 1639 588 Christus.
1695 531 1878 598 Quare
1929 531 2024 599 qui

2128 544 2261 590 νοις,
2288 527 2458 579 τύπον
2506 524 2729 596 φέρουσι
2773 524 2881 577 τῶν
2916 521 3257 584 ἀποστόλων,
3292 516 3372 582 οἷς
3404 517 3507 583 τὴν
3560 514 3717 579 ἐξου-

454 628 575 681 sine
604 627 845 697 episcopi
879 642 1151 682 consensu
1184 623 1565 680 confessiones
1604 623 1889 679 hominum
1927 636 2025 677 ex-

453 717 662 786 cipiunt
701 718 899 772 sacrati
964 716 1238 779 monachi,
1302 713 1443 769 male
1492 713 1702 768 faciunt
1761 720 1816 766 et
1870 710 2027 765 valde

453 810 794 878 periculose;
846 822 1021 876 neque
1074 807 1218 860 enim
1261 805 1530 869 solvendi,
1584 819 1764 874 neque
1822 802 2024 872 ligandi

456 900 768 955 facultatem
806 900 1046 963 habent;
1078 900 1252 953 multo
1283 898 1456 968 magis
1486 912 1616 953 vero
1648 896 1864 967 profani
1902 909 2019 949 mo-

455 994 614 1048 nachi
643 1010 657 1053 ;
687 992 797 1047 illis
828 993 975 1047 enim
1003 992 1228 1046 omnino
1256 989 1592 1058 permittere,
1636 998 1695 1043 ut
1721 986 2029 1044 confessio-

452 1099 549 1140 nes
610 1083 891 1138 hominum
946 1081 1223 1152 excipiant
1270 1088 1325 1134 et
1357 1079 1629 1148 judicent,
1681 1092 2026 1149 nequaquam

453 1175 661 1229 licitum
696 1181 802 1229 est.
839 1171 946 1227 Sed
984 1180 1039 1227 et
1067 1172 1337 1241 septimus
1362 1169 1744 1241 poenitentium
1782 1167 2029 1222 reconci-

451 1266 756 1331 liationem,
817 1266 863 1321 si
913 1266 981 1320 de
1029 1266 1141 1320 vita
1188 1264 1588 1334 periclitentur,
1620 1262 1742 1316 sine
1786 1258 2026 1330 episcopi

451 1358 720 1427 permissu
774 1357 1123 1427 presbyteros
1182 1354 1363 1410 facere
1430 1355 1682 1423 oportere
1747 1367 1856 1408 non
1906 1348 2028 1406 exi.

453 1448 665 1503 stitnat.

526 1630 725 1683 Eadem
751 1630 914 1684 etiam
940 1628 1010 1684 46
1035 1629 1372 1696 decemcns;
1402 1627 1458 1683 Si
1485 1642 1615 1681 vero
1640 1625 1801 1688 absit,
1828 1622 2026 1691 inquit,

451 1718 766 1788 episcopus,
800 1728 855 1773 et
886 1719 931 1773 is
960 1719 1051 1789 qui
1081 1718 1457 1788 paenitentiam
1487 1717 1600 1787 agit
1630 1717 1684 1770 in
1715 1714 2024 1784 periculum

455 1809 724 1865 adductus
744 1811 837 1872 sit,
856 1811 1006 1864 illum
1031 1809 1345 1865 reconciliet
1366 1810 1668 1879 presbyter.
1689 1806 1881 1873 Quaere
1911 1815 1965 1859 et
1992 1804 2027 1860 8

2128 619 2250 671 σίαν
2275 616 2479 686 ταύτην
2510 619 2536 669 ὁ
2574 616 2808 684 Χριστὸς
2858 612 3193 683 ἐνεχείρισεν
3215 627 3229 640 ·
3263 609 3402 662 ὥστε
3454 608 3507 661 οἱ
3539 607 3717 677 χωρὶς

2126 709 2430 780 ἐπιτροπῆς
2454 708 2754 760 ἐπισκόπου
2778 705 3057 777 δεχόμενοι
3078 703 3372 772 λογισμοὺς
3400 696 3717 769 ἀνθρώπων

2129 801 2415 872 ίερωμένοι
2444 798 2672 870 μοναχοὶ
2688 799 2871 860 κακῶς
2904 796 3140 859 ποιοῦσι,
3161 796 3254 848 καὶ
3276 794 3397 847 λίαν
3433 790 3719 847 ἐπικινδύ-

2125 909 2262 953 Vter
2288 890 2412 944 οὔτε
2442 892 2551 961 γὰρ
2582 890 2753 956 λύειν,
2779 887 2905 942 οὔτε
2932 888 3151 959 δεσμεῖν
3184 887 3405 957 ἔχουσιν
3429 884 3713 949 ἐξουσίαν,

2127 983 2308 1055 πολλῷ
2337 984 2396 1038 δέ
2442 983 2643 1054 μᾶλλον
2679 983 2732 1037 οἱ
2782 983 2990 1052 ἁνίεροι
3046 981 3303 1051 μοναχοίο
3353 979 3570 1040 τούτοις
3601 977 3714 1046 γὰρ
3786 988 3791 993 ’

2128 1077 2222 1130 καὶ
2251 1075 2315 1128 τὸ
2348 1075 2641 1146 ἐπιτρέψαι
2672 1073 2810 1134 ὅλως
2843 1072 3140 1141 λογισμοὺς
3170 1069 3476 1140 ἀνθρώπων
3521 1068 3718 1122 ἀναδέ-

2130 1166 2323 1237 χεσθαι
2368 1169 2464 1219 καὶ
2518 1166 2725 1237 κρίνειν
2772 1165 2974 1236 ἥκιστα
3037 1162 3278 1233 θεμιτόν.
3323 1160 3488 1215 Ἀλλά
3535 1159 3634 1213 καὶ
3685 1162 3716 1212 ό

2127 1256 2353 1327 ἐϐδομο,
2440 1257 2541 1326 τὴν
2594 1256 2942 1325 καταλλαγὴν
2999 1255 3110 1308 τῶν
3172 1251 3610 1325 μετανοούντων,
3664 1251 3716 1305 εί

2128 1345 2261 1416 περὶ
2291 1348 2391 1414 τὴν
2421 1345 2570 1416 ζωὴν
2613 1345 3042 1405 κινδυνεύουσιν,
3073 1344 3176 1398 οὐκ
3222 1341 3393 1395 οίεται
3426 1343 3545 1395 δεῖν
3581 1340 3715 1401 τοὺς

2129 1434 2547 1507 πρεσϐυτέρους
2586 1438 2783 1502 ποιεῖν,
2819 1434 3122 1504 ἐπιτροπῆς
3169 1432 3298 1486 ἄνευ
3328 1431 3424 1484 τοῦ
3477 1428 3718 1484 ἐπισκό-

2131 1544 2238 1582 που
2247 1567 2264 1582 .

2202 1620 2389 1674 Ταῦτα
2424 1623 2519 1675 καὶ
2546 1623 2574 1675 ὁ
2608 1627 2698 1691 μγ¹
2728 1618 3121 1688 διοριζόμενος,
3154 1618 3216 1671 Εἰ
3244 1618 3300 1670 δέ
3346 1615 3574 1679 ἄπεστι,
3611 1631 3720 1684 φη-

2132 1713 2241 1776 σὶν,
2275 1713 2303 1764 ό
2353 1713 2676 1776 ἐπίσκοπος,
2726 1712 2819 1765 καὶ
2848 1713 2879 1764 ὁ
2924 1712 2985 1763 ἐν
3022 1708 3284 1780 μετανοίᾳ
3323 1707 3401 1760 ὢν
3430 1709 3491 1759 ἐν
3535 1706 3720 1776 χρόνῳ

2133 1804 2386 1858 κινδύνου
2446 1805 2770 1875 γεγένηται,
2826 1802 3241 1857 καταλλαττέτω
3291 1798 3485 1852 τοῦτον
3540 1799 3640 1851 καὶ
3688 1798 3719 1848 ό

454 1914 575 1967 cap.
612 1900 800 1955 litterae
839 1901 902 1967 K,
933 1910 987 1957 et
1032 1902 1087 1956 in
1122 1902 1183 1957 51
1241 1915 1361 1972 cap.
1400 1900 1483 1955 lit.
1542 1900 1581 1953 E
1628 1914 1753 1953 can.
1785 1898 1856 1953 40
1903 1913 2024 1969 syu.

2132 1896 2525 1966 πρεσῆύτερος.
2557 1897 2720 1967 Ζήτει
2750 1893 2931 1948 καὶτὸ
2956 1893 3006 1964 η’
3035 1910 3162 1960 κεφ.
3192 1889 3287 1945 τοῦ
3317 1892 3366 1945 Κ
3394 1889 3670 1959 στοιχείου
3695 1925 3717 1951 ,

453 1987 934 2048 Neocaesariensis.

456 2185 610 2254 Quod
641 2188 883 2242 civilibus
930 2198 1113 2257 postea
1167 2186 1366 2259 legibus
1411 2187 1814 2241 humanioribus
1861 2187 2027 2241 visum

1021 2259 1302 2328 suppliciis
1327 2259 1425 2311 uti.

523 2347 666 2414 Quin
692 2350 857 2404 etiam
887 2350 1210 2404 vetustiores
1239 2350 1383 2418 leges
1406 2349 1461 2403 in
1489 2347 1807 2413 humanius,
1834 2357 1889 2402 et
1917 2361 2027 2402 non

454 2440 615 2509 quale
648 2440 799 2509 prius
845 2441 1172 2502 habuerunt.
1220 2440 1512 2511 judicium,
1573 2441 1627 2495 in
1669 2441 1814 2495 dicta
1848 2440 2026 2509 legum

455 2531 684 2598 repetita
769 2531 1093 2587 recensione
1163 2539 1612 2597 commutantur;
1685 2530 1801 2599 ipsa
1875 2529 2025 2584 enim

451 2624 679 2693 abrogat
705 2639 913 2679 morem
943 2625 1129 2680 statim
1160 2623 1527 2680 interficiendi
1580 2638 1677 2679 eos
1701 2623 1792 2693 qui
1824 2622 1882 2677 in
1909 2637 2025 2677 ma-

452 2716 574 2786 gnis
601 2716 924 2771 criminibus
950 2716 1275 2785 deprehensi
1331 2724 1482 2771 sunt.
1517 2714 1817 2786 Imperator
1851 2713 2024 2781 enim,

452 2807 545 2876 qui
592 2807 749 2861 istam
811 2809 1096 2876 repetitam
1158 2808 1556 2870 correctionem
1609 2806 1757 2869 fecit,
1812 2805 2024 2860 nullum

452 2915 663 2961 eorum,
696 2916 817 2969 qtne
871 2901 1093 2955 suntin
1140 2901 1370 2970 digestis
1429 2900 1513 2954 vel
1575 2899 1836 2955 institutis
1900 2910 2028 2953 cru-

454 2989 574 3043 dele
612 2989 940 3059 supplicium
973 2990 1254 3060 probavit;
1299 3006 1477 3059 neque
1516 2989 1660 3043 enim
1706 2990 1886 3057 capite
1913 2988 2028 3058 ple-

452 3088 599 3135 ctere
623 3080 884 3145 decrevit,
916 3096 1092 3150 neque
1120 3082 1391 3151 lapidibus
1447 3081 1702 3144 obruere,
1740 3080 1821 3134 vel
1876 3093 2027 3133 com-

454 3170 672 3237 burere,
705 3171 788 3224 vel
821 3173 1046 3241 laqueos
1082 3172 1398 3237 intendere;
1462 3170 1744 3242 prohibuit
1775 3169 1937 3223 etiam
1969 3169 2023 3222 in

2132 1987 2225 2039 καὶ
2254 1988 2313 2039 ἐν
2344 1986 2420 2055 τῷ
2449 1986 2531 2038 λαρ
2558 2003 2686 2052 κεφ.
2711 1984 2808 2039 τοῦ
2837 1985 2876 2038 Ε
2906 1985 3173 2055 στοιχείου
3204 1982 3407 2037 κανόνα
3440 1982 3496 2052 μ’
3527 1983 3632 2051 τῆς
3660 1982 3720 2034 ἐν

2130 2078 2469 2147 Νεοκαισαρε
2480 2077 2537 2148 ίᾳ
2571 2077 2819 2132 συνόδου.

2134 2189 2262 2242 Ὀτι
2289 2189 2388 2242 καί
2416 2188 2544 2255 τοῖς
2581 2190 2918 2257 πολιτικοῖς
2941 2192 3203 2259 ὕστερον
3233 2191 3471 2259 νόμοις-γ
3501 2191 3724 2257 φιλαν-

2187 2261 2563 2328 θρωπότερον
2591 2260 2767 2325 ἔδοξε
2795 2262 2928 2327 ταῖς
2952 2258 3257 2329 τιμωρίαις
3288 2258 3660 2327 κεχρῆσθαι.

2212 2349 2374 2403 Ἀλλά
2405 2351 2497 2403 καὶ
2544 2352 2595 2404 οί
2623 2351 2990 2422 πρεσϐύτεροι
3017 2351 3129 2405 τῶν
3176 2350 3361 2420 νόμων
3399 2351 3500 2404 ἐπὶ
3534 2350 3599 2403 τὸ
3630 2365 3723 2420 φι-

2130 2439 2603 2510 λανθρωπότερον,
2628 2442 2725 2494 καὶ⁵
2753 2441 2851 2511 ούχ
2878 2440 2953 2504 ὡς
2980 2437 3130 2511 εἶχον
3156 2441 3422 2512 πρότερον
3449 2440 3717 2511 κρίσεως,

2129 2537 2188 2589 ἐν
2211 2538 2278 2606 τῇ
2307 2536 2576 2608 λεγομένῃ
2603 2538 2713 2591 τῶν
2735 2538 2917 2605 νόμων
2939 2535 3316 2606 ἀνακαθάρσει
3339 2532 3723 2603 μετασόσλην-

2126 2642 2255 2680 ται·
2290 2627 2507 2697 ἀναιρεῖ
2552 2628 2661 2699 γὰρ
2700 2628 2838 2696 αὓτη
2875 2627 2934 2681 τὸ
2979 2627 3146 2691 εὐθὺς
3178 2626 3533 2698 ἀναιρεῖσθαι
3588 2625 3721 2688 τοὺς

2131 2720 2391 2789 μεγάλοις
2443 2720 2753 2783 ἑαλωκότας
2801 2720 3167 2789 ἐγκλήμασιν.
3213 2717 3272 2772 ’0
3313 2718 3423 2788 γὰρ
3462 2718 3565 2788 τὴν
3590 2718 3723 2771 ἀνα·-

2127 2812 2396 2883 κάθαρσιν
2461 2811 2666 2880 ταύτην
2729 2810 3061 2881 συνθέμενος
3130 2809 3385 2881 βασιλεὺς
3448 2808 3717 2879 οὐδεμίαν

2127 2897 2238 2951 τῶν
2266 2897 2326 2951 ἐν
2370 2899 2487 2961 τοῖς
2534 2898 2809 2968 διγέστοις
2834 2899 2867 2960 ἦ
2920 2902 3040 2962 ταῖς
3074 2898 3384 2965 διατάξεσιν
3416 2898 3729 2969 ἀπάνθρωτ

2130 3004 2232 3042 πον
2260 2990 2455 3059 ποινὴν
2485 2991 2804 3060 προσήκατο
2830 3007 2847 3023 ·
2882 2989 3007 3042 οὕτε
3031 2992 3139 3061 γὰρ
3174 2988 3421 3060 κεφαλῆς
3450 2993 3714 3062 ἀφαιρεῖν

2127 3079 2437 3146 ἐθέσπισεν,
2467 3081 2593 3137 οὔτε
2618 3082 2961 3147 καταλεύειν,
2990 3082 3023 3153 ἢ
3051 3082 3248 3144 καίειν,
3277 3081 3310 3153 ἢ
3351 3080 3552 3153 βρόχον
3582 3083 3713 3149 ἐξά·

2128 3188 2322 3225 πτειν·
2381 3174 2654 3245 ἀπείρηκε
2717 3174 2773 3228 δέ
2823 3175 2917 3227 καὶ
2949 3173 3050 3245 τὴν
3091 3177 3149 3228 ἐν
3178 3176 3255 3245 τῷ
3302 3174 3404 3243 τῆς
3434 3175 3712 3245 θαλάττης

454 3262 624 3315 maris
662 3236 1052 3330 profunditate
1125 3236 1563 3319 suﬂ‘ocationem.
1626 3263 1777 3319 Licet
1839 3272 2021 3318 autem

2131 3263 2278 3334 βυθῷ
2311 3236 2640 3336 πνιγμονην.
2694 3266 2756 3319 El
2787 3265 2963 3319 δὲκαὶ
3000 3236 3260 3335 ύποσχεῖν
3286 3236 3442 3330 τινας
3489 3236 3717 3336 κεφαλιζ

451 3355 714 3423 quasdam
762 3356 1023 3423 capitales
1085 3356 1217 3410 dare
1274 3371 1464 3425 prunas
1522 3356 1815 3425 aliquando
1847 3356 2022 3426 jubet,

453 3460 563 3499 non
589 3451 795 3511 tamen,
834 3446 1034 3516 inquit,
1066 3446 1400 3514 mortiferas,
1433 3448 1528 3503 sed
1558 3448 1737 3502 solum
1773 3448 2019 3517 relegari,

452 3536 534 3590 vel
592 3536 646 3589 in
705 3551 980 3591 carcerem
1036 3538 1260 3601 includi,
1309 3540 1593 3594 oculorum
1648 3539 2022 3604 elfossionem,

451 3643 648 3682 manus
680 3628 1099 3696 abscissionem,
1149 3638 1203 3685 et
1258 3630 1417 3684 aliam
1467 3631 1714 3700 corporis
1766 3631 2021 3701 injuriam

449 3722 583 3790 pati,
625 3737 746 3791 quae
791 3722 1166 3779 conversionis
1231 3724 1692 3793 opportunitatem
1760 3721 1881 3789 illi,
1929 3725 2022 3794 qui

449 3814 758 3882 puniendus
790 3824 895 3878 est,
946 3815 1209 3884 temporis
1258 3817 1585 3871 extensione
1638 3817 1917 3885 prabeat,
1968 3824 2025 3871 et

450 3904 563 3957 illis
630 3905 725 3972 qui
758 3905 896 3973 lapsi
932 3916 1060 3960 sunt
1099 3906 1559 3975 resipiscentizun.
1584 3905 1853 3963 Omnibus
1878 3910 2021 3962 enim

448 3995 786 4049 novellarum
832 3997 1039 4066 legibus
1072 3997 1367 4053 humanius
1420 3998 1633 4053 videtur
1656 4000 2023 4067 przecedentes

454 4086 600 4153 leges
649 4086 1016 4156 interpretari,
1074 4097 1126 4142 et
1160 4090 1237 4143 sic
1283 4091 1583 4144 sententias
1607 4090 1758 4144 ferri.
1803 4092 1857 4146 Si
1895 4110 2023 4148 vero

451 4180 598 4246 leges
647 4178 834 4232 civiles
879 4179 1270 4233 humanitatem
1306 4182 1440 4234 adeo
1491 4191 1816 4249 exerceant,
1852 4185 2022 4239 multo

451 4271 621 4341 magis
648 4270 1051 4325 ecclesiasticae.
1110 4272 1381 4327 Docentur
1427 4274 1572 4328 enim
1620 4289 1651 4329 a
1681 4275 2020 4332 Christiano-

449 4379 566 4417 rum
596 4378 823 4432 corpore
875 4363 1195 4417 exscindere
1221 4364 1531 4429 haireticos,
1587 4377 1644 4419 ut
1691 4375 1746 4421 et
1790 4382 1885 4423 eos
1927 4370 2021 4437 qui

451 4457 707 4511 absurdis
746 4466 997 4511 tenentur
1018 4457 1375 4522 criminibus;
1412 4457 1606 4525 punire
1637 4475 1764 4512 vero
1802 4475 1907 4513 non
1931 4461 2014 4515 di-

448 4547 707 4612 dicimus,
776 4549 869 4601 sed
929 4547 1261 4601 incurabiles
1322 4550 1425 4616 legi
1484 4548 1628 4601 civili
1685 4551 1918 4611 tradere.
1960 4560 2095 4622 utr,

447 4653 477 4691 a
504 4636 917 4706 magistratibus
961 4637 1122 4692 illatae
1156 4640 1419 4692 adversus
1445 4654 1539 4694 eos
1593 4642 1881 4696 sententiae
1913 4657 2015 4696 ex-

446 4729 718 4783 secutioni
757 4728 1111 4782 mandentur.

451 4908 609 4979 182
643 4906 797 4962 CAP.
833 4906 901 4961 Χ.
931 4907 1007 4961 De
1039 4907 1103 4961 iis
1156 4909 1244 4977 qui
1284 4909 1502 4975 impuris
1534 4911 1664 4964 cibis
1716 4924 2016 4968 vescuntur.

520 4999 753 5053 Sanctus
828 4996 1126 5068 Gregorius
1202 4999 1646 5071 Thaumaturgus
1716 5004 1771 5058 in
1843 5007 2020 5073 primo

447 5106 550 5143 suo
588 5105 797 5145 canone
818 5133 833 5156 ,
864 5089 984 5144 Non
1016 5106 1200 5160 grave,
1232 5092 1431 5161 inquit,
1475 5094 1629 5147 affert
1655 5098 1935 5159 damnum,
1973 5097 2018 5151 si

447 5181 748 5249 prohibitos
794 5182 848 5235 in
899 5181 1146 5237 barbaris
1173 5182 1347 5249 cibos,
1382 5185 1465 5237 vel
1497 5188 1663 5239 etiam
1695 5202 1818 5256 qua!
1856 5188 2021 5243 idolis

446 5273 848 5337 sacriﬁcantur,
887 5275 1241 5342 degustarent
1277 5276 1500 5344 captivi,
1556 5287 1778 5347 propter
1834 5295 2023 5334 neces-

445 5366 660 5420 sitatem
686 5378 741 5420 et
772 5366 880 5421 vim
911 5369 1253 5437 corporalem
1282 5378 1476 5424 natura
1502 5370 1687 5425 cibum
1712 5374 2020 5428 necessario

446 5458 718 5525 exigente.
750 5458 869 5528 Ipse
896 5460 1040 5513 enim
1075 5461 1254 5529 inquit
1282 5459 1560 5527 Servatur,
1600 5481 1619 5512 ‹
1659 5461 1776 5516 Non
1806 5478 1928 5532 quae
1963 5465 2017 5517 in

449 5557 694 5600 ventrem
728 5549 930 5604 intrant
989 5552 1348 5620 coinquinant
1390 5554 1688 5617 hominem,
1748 5555 1843 5608 sed
1901 5572 2021 5625 quae

444 5636 823 5703 egrediuntur.
863 5658 882 5690 ι
942 5640 1113 5709 Igitur
1168 5642 1261 5710 qui
1312 5643 1467 5696 cibos
1538 5641 1785 5712 impuros
1831 5660 2021 5701 come-

443 5727 621 5781 derint
652 5730 833 5784 minus
880 5734 1206 5813 puniuntur,
1246 5735 1292 5788 si
1352 5736 1634 5789 servitutis
1687 5736 1818 5809 jugo
1866 5740 2018 5795 labo-

456 5826 634 5874 rantes
658 5828 712 5875 et
753 5823 970 5892 legitimi
1010 5825 1252 5885 alimenti
1289 5826 1473 5896 inopia
1522 5828 1719 5885 vetitos
1759 5832 1911 5889 cibos
1943 5841 2020 5889 te-

2127 3356 2229 3419 κάς
2262 3356 2376 3409 ἐσθ’
2415 3358 2503 3410 ὅτε
2557 3356 2770 3410 κελεύει
2822 3358 3037 3422 ποινὰς,
3075 3356 3192 3410 ἀλλ’
3224 3356 3287 3409 οὐ
3321 3358 3423 3419 τὰς
3478 3357 3716 3426 θανατη-

2128 3447 2329 3517 φόρους
2360 3449 2577 3512 ἐκεὶνας
2609 3449 2766 3519 φησὶ,
2794 3450 2857 3502 τὸ
2885 3449 2940 3502 δὲ
2976 3450 3327 3520 ὐπερορίσαι,
3357 3448 3390 3520 ἦ
3416 3452 3479 3504 ἐν
3514 3453 3710 3521 εἱρκτῇ

2127 3541 2466 3611 περιορίσαι,
2496 3544 2596 3611 τὴν
2632 3542 2744 3593 τῶν
2784 3542 3082 3609 ὀφθαλμῶν
3123 3542 3389 3613 ἐκκοπὴν,
3420 3545 3522 3613 τὴν
3548 3545 3715 3613 ἀφαί-

2129 3644 2280 3698 ρεσιν
2306 3630 2408 3697 τῆς
2438 3630 2645 3700 χειρὸς,
2681 3632 2776 3684 καὶ
2826 3630 2925 3700 τὴν
2958 3633 3129 3702 ἀλλην
3167 3633 3297 3703 περὶ
3324 3632 3386 3685 τὸ
3415 3635 3583 3704 σῶμα
3612 3636 3715 3686 λώ-

2126 3720 2250 3790 ϐην,
2272 3721 2313 3791 ἢ
2351 3721 2558 3775 δύναιτ’
2587 3724 2653 3776 ἂν
2681 3725 2774 3776 καὶ
2802 3725 3142 3795 ἐπιστροφῆς
3168 3725 3359 3796 καιρὸν
3395 3729 3711 3798 παρασχεῖν

2125 3812 2203 3882 τῷ
2255 3815 2675 3884 τιμωρουμένῳ,
2707 3818 2774 3886 τῇ
2831 3816 2925 3869 τοῦ
2984 3817 3179 3885 χρόνου
3237 3819 3579 3887 παρατάσει,
3612 3820 3712 3871 xui.

2125 3905 2235 3958 τῶν
2272 3907 2660 3977 ἐπταισμένων
2693 3910 3006 3978 μετάνοιαν.
3049 3910 3190 3961 Πᾶσι
3226 3910 3335 3979 γὰρ
3373 3914 3488 3974 τοῖς
3524 3911 3715 3981 νόμοις

2123 3993 2231 4045 τῶν
2256 3997 2472 4066 νεαρῶν
2492 3998 2587 4049 ἐπὶ
2612 3998 2674 4049 τὸ
2703 3997 3216 4069 φιλανθρωπότερον
3250 4001 3396 4054 δοκεῖ
3421 4003 3553 4066 τοὺς
3578 4019 3715 4074 προ-

2123 4084 2388 4149 λαϐόντας
2435 4088 2840 4158 ἑρμηνεύεσθαι
2884 4091 3104 4159 νόμους,
3146 4092 3242 4145 καὶ
3274 4092 3417 4147 οὕτω
3442 4094 3546 4159 τὰς
3574 4094 3714 4150 ἀπο-

2124 4175 2323 4243 φάσεις
2353 4176 2620 4242 γίνεσθαι.
2653 4179 2713 4230 Εἰ
2749 4178 2806 4230 δέ
2838 4172 2887 4231 οἱ
2931 4180 3202 4233 πολιτικοὶ
3233 4183 3389 4249 νόμοι
3417 4182 3567 4237 οὕτω
3614 4203 3708 4254 με·

2123 4263 2478 4318 ταποιοῦνται
2535 4264 2974 4337 φιλανθρωπίας,
3026 4270 3205 4341 πολλῷ
3246 4272 3452 4342 μᾶλλον
3508 4277 3559 4329 οί
3608 4278 3708 4343 τῆς

2135 4353 2467 4426 Ἐκκλησίας
2490 4375 2505 4390 ο
2543 4361 2839 4413 ἐκκόπτειν
2877 4363 2986 4432 γὰρ
3018 4361 3112 4415 τοῦ
3144 4364 3396 4433 σώματος
3433 4368 3544 4423 τῶν
3575 4372 3712 4442 Χρι-

2126 4447 2357 4500 στιανῶν
2387 4449 2514 4511 τοὺς
2557 4451 2872 4518 αίρετικοὺς
2914 4453 3302 4525 δεδιδάγμεθα,
3332 4461 3472 4528 πρὸς
3520 4463 3579 4515 δέ
3609 4463 3708 4517 καὶ

2124 4540 2251 4601 τοὺς
2292 4541 2515 4603 ἀτόποις
2562 4545 2917 4615 ἐνεχομένους
2955 4547 3291 4617 ἐγκλήμασι,
3337 4552 3706 4622 τιμωρεῖσθαι

2120 4630 2178 4683 δέ
2215 4631 2274 4682 ού
2307 4632 2731 4703 μεμαθήκαμεν,
2787 4636 2904 4689 ἀλλ’
2949 4638 3305 4706 ἀμεταθέτως
3350 4640 3597 4711 ἔχοντας,
3627 4642 3705 4709 τῷ

2122 4723 2388 4793 πολιτικῷ
2414 4726 2566 4796 νόμῳ
2603 4729 2981 4797 παραδιδόναι,
3016 4730 3092 4795 ὡς
3122 4733 3257 4800 πρὸς
3287 4734 3398 4786 τῶν
3424 4736 3706 4804 ἀρχόντων

2120 4814 2219 4876 τὰς
2251 4814 2369 4867 κατ’
2395 4817 2573 4869 αὐτῶν
2603 4818 2908 4886 ἀποφάσεις
2940 4823 3292 4890 ἐκφέρεσθαι.

2332 4909 2584 4962 ΚΕΦΑΛ.
2620 4908 2679 4963 l’.
2709 4911 2849 4979 Περὶ
2879 4916 3493 4982 μιαροφαγησάγτων.

2201 4997 2266 5053 '0
2298 4999 2456 5067 ἅγιος
2505 5001 2805 5072 Γρηγόριος
2856 5005 2886 5055 ὁ
2936 5004 3365 5075 Θαυματουργδς
3442 5012 3502 5061 ἐν
3551 5008 3628 5077 τῷ
3656 5023 3690 5060 α

2128 5090 2346 5151 κανόνι,
2379 5090 2452 5143 Ού
2504 5090 2735 5161 βαρεῖαν
2769 5095 3008 5161 ἐμποιεῖ,
3054 5093 3208 5164 φησὶ,
3252 5097 3350 5166 τὴν
3393 5097 3622 5167 βλάϐην,
3655 5098 3704 5149 εἰ

2124 5184 2236 5236 τῶν
2264 5184 2322 5236 ἐν
2349 5187 2462 5247 τοῖς
2511 5186 2807 5255 βαρϐάροις
2845 5182 3319 5257 ἀπηγορευμένων
3366 5191 3700 5261 βρωμάτων,

2121 5275 2276 5345 ῆκαὶ
2330 5276 2700 5330 εἰδωλοθύτων
2753 5278 3056 5345 ἐγεύσαντο
3116 5283 3165 5334 οἱ
3216 5284 3575 5352 αίχμάλωτοι,
3633 5282 3701 5334 δι’

2124 5367 2372 5438 ἀνάγκην
2404 5371 2499 5422 καὶ
2553 5369 2674 5439 βίαν
2714 5373 3062 5441 σωματικὴν,
3097 5374 3193 5442 τῆς
3239 5375 3458 5443 φύσεως
3492 5377 3703 5445 τραφῆ-

2122 5478 2211 5515 ναι
2249 5462 2597 5533 βιαζομένης.
2658 5463 2830 5528 Αὐτὸς
2881 5467 2988 5536 γὰρ
3012 5469 3248 5538 ἐἴρηκεν
3284 5471 3315 5521 δ
3353 5470 3566 5539 Σωτὴρ,
3617 5469 3701 5521 ὃτι

2130 5571 2152 5607 t
2178 5555 2251 5606 Ού
2267 5553 2335 5608 τὰ
2368 5556 2800 5626 εἰσπορευόμενα
2834 5559 2914 5622 είς
2938 5560 3039 5630 τὴν
3068 5562 3278 5615 κοιλίαν
3307 5563 3481 5615 κοινοῖ
3499 5562 3587 5613 τὸν
3613 5558 3701 5612 ἄν-

2123 5649 2363 5718 θρωπον,
2393 5650 2530 5704 ἀλλά
2585 5651 2653 5704 τὰ
2687 5653 3123 5722 ἐκπορευόμενα.
3167 5673 3185 5704 ›
3223 5655 3321 5706 Διά
3363 5672 3428 5722 γε
3464 5654 3573 5723 μὴν
3601 5654 3701 5718 τὴν

2127 5742 2499 5811 μιαροφαγίαν
2524 5738 2769 5812 ’ἡττόνως
2801 5746 3319 5815 ἐπιτιμηθήοονται,
3350 5748 3400 5799 εί
3448 5745 3547 5797 καὶ
3602 5728 3717 5806 τῆς⁴

2121 5836 2523 5905 νενομισμένης
2595 5834 2808 5906 τροφῆς
2881 5836 3087 5906 ἀπορίᾳ
3146 5836 3254 5892 τῶν
3312 5832 3700 5906 ἀπειρημένων
