4054 6494
256 512 267 515 -
352 468 427 531 :39
1358 472 1774 535 SYNTAGMA
1826 473 2549 542 ALPHABETICUM.—
2589 476 2666 545 M.
3575 485 3646 548 30

352 587 582 657 ἥψαντο,
628 583 881 648 δουλείας
933 584 1087 655 ζυγῷ
1118 585 1476 658 πιεζόμενοιο
1514 592 1565 644 εί
1611 591 1672 644 δὲ
1722 591 1940 660 τρυφὴν

2061 592 2329 662 ιὶεθτυιιιι
2401 596 2488 652 εἰη
2547 614 2677 654 vero
2726 599 2881 657 luxui
2938 603 3176 659 maxime
3227 603 3396 658 dediti
3447 602 3558 658 sint
3590 615 3645 658 et

355 680 484 749 περὶ
511 674 762 740 πλείονος
791 676 1111 749 ποιούμενοι
1137 679 1234 733 καὶ
1280 678 1649 753 ἀδδηφαγίαν,
1678 683 1801 736 οὐδὲ
1833 684 1944 737 τῶν

358 769 792 840 μεμολυσμένων
813 771 1142 841 ἀπέσχοντο,
1169 771 1583 844 διαϐέϐληνται,
1624 775 1707 827 διδ
1750 775 1816 846 δὴ
1848 777 1946 828 κα)⁵

355 863 714 934 σφοδρότερον
759 863 1283 935 ὲπιτιμηθήσονται.
1342 868 1512 938 Ζήτει
1558 868 1656 923 καὶ
1704 869 1761 923 ἐν
1792 867 1872 938 τῷ
1898 866 1946 923 α’

353 972 478 1022 κεφ.
502 952 601 1007 τοῦ
627 956 670 1007 Α
706 956 974 1026 στοιχείου
999 957 1204 1013 κανόνα
1229 959 1273 1025 ξ’
1297 959 1398 1031 τῆς
1429 960 1490 1013 ὲν
1525 958 1775 1032 ’Δγκύρᾳ
1820 978 1946 1014 συν-

351 1049 492 1103 ὁδου.

493 1140 744 1195 ΚΕΦΑΛ.
784 1139 889 1197 lA’.
923 1142 1063 1212 Περὶ
1102 1143 1303 1215 μίμων
1336 1145 1437 1200 καὶ
1461 1145 1801 1214 mam-(xciv.

430 1235 496 1288 Ὅ
530 1231 606 1303 ξγ¹
634 1234 734 1305 τῆς
786 1237 845 1289 ἑν
902 1236 1245 1309 Καρθαγένῃ
1312 1239 1535 1293 συνόδου
1578 1240 1761 1294 κανὼν
1813 1242 1944 1308 τοὺς

355 1326 555 1398 μίμους
586 1329 682 1380 καὶ
736 1331 1054 1399 σκηνικοὺς,
1088 1331 1155 1384 ἐκ
1181 1330 1282 1400 τῆς
1323 1331 1617 1402 ἑλληνικῆς
1670 1331 1936 1403 ὡρμημέο

349 1437 475 1483 νους
509 1419 832 1491 θρησκείας,
876 1422 971 1475 καὶ
1004 1421 1472 1493 βαπτισαμάνους,
1509 1425 1584 1496 μὴ
1635 1425 1947 1494 ἀναγκάζει-

352 1510 480 1565 σθαι
506 1507 663 1576 αὖθις
698 1514 995 1584 παρεγγυᾷ
1023 1513 1132 1568 ὑπὸ
1154 1514 1251 1567 τοῦ
1279 1515 1454 1585 δήμου
1483 1515 1555 1570 τὰ
1578 1516 1682 1585 τῆς
1704 1516 1944 1580 παλαιᾶς

2053 686 2363 754 voracitati,
2420 705 2598 760 neque
2639 691 2709 748 ab
2744 696 2978 764 impuris
3009 695 3416 762 abstinuerunt,
3464 697 3643 764 pmnis

2045 777 2272 831 obnoxii
2298 788 2467 846 sunt;
2502 793 2843 853 quapropter
2874 794 2927 840 et
2958 784 3194 856 graviori
3241 785 3514 855 supplicio
3541 801 3643 856 pu-

2045 867 2290 923 nientur.
2319 866 2515 936 Quaere
2573 873 2738 928 etiam
2792 875 2845 929 in
2876 876 2899 930 1
2942 877 3125 947 capite
3161 876 3365 932 littera:
3397 878 3439 931 A
3470 892 3642 933 cano-

2046 974 2170 1013 nem
2207 960 2239 1012 7
2268 959 2575 1035 Ancyranae
2606 965 2827 1036 synodi.

2362 1138 2516 1194 CAP.
2551 1138 2645 1196 XI.
2684 1140 2758 1196 De
2786 1144 2963 1198 mimis
2994 1153 3044 1199 et
3075 1145 3318 1201 scenicis.
3406 1134 3409 1135 ν

2116 1223 2571 1299 Carthaginensis
2602 1248 2726 1303 syn.
2753 1233 2824 1288 6'5
2867 1249 3046 1289 canon
3125 1238 3324 1293 mimos
3370 1244 3424 1290 et
3458 1236 3644 1294 sceni-

2045 1331 2139 1373 cos
2183 1334 2249 1374 ex
2271 1320 2588 1379 Graecorum
2617 1326 3014 1395 superstitione
3046 1343 3345 1384 conversos
3372 1340 3424 1411 et
3456 1329 3642 1400 bapti-

2044 1422 2199 1470 zatos
2228 1430 2258 1470 a
2287 1418 2491 1487 populo
2519 1418 2801 1489 antiquam
2857 1421 3120 1475 malitiam
3156 1436 3347 1477 rursus
3371 1422 3635 1477 exhibere

2045 1507 2165 1578 cogi
2217 1506 2541 1576 interdicit;
2588 1509 2717 1566 licet
2773 1521 3036 1582 tanquam
3069 1510 3306 1567 ofﬁcium
3344 1512 3559 1583 aliquod
3589 1521 3644 1567 et

355 1606 605 1671 μετιέναι
640 1606 867 1672 κακίας,
899 1607 949 1659 εί
985 1605 1083 1659 καὶ
1121 1605 1316 1677 ὥσπερ
1341 1624 1397 1660 τι
1424 1594 1825 1679 ’λειτούργημα
1848 1610 1944 1664 καὶ

2066 1600 2416 1657 nescusabile
2470 1601 2723 1658 debitum
2768 1603 2937 1659 etiam
2995 1603 3153 1658 inviti
3199 1603 3267 1658 ad
3319 1619 3383 1658 ea
3448 1605 3641 1659 munia

351 1699 730 1769 ἀπαραίτητον
757 1700 925 1770 χρέος
963 1701 1061 1754 καὶ⁵
1093 1699 1322 1763 ἄκοντες
1349 1701 1594 1755 εἴλκοντο
1627 1700 1803 1755 ταῦτα
1826 1703 1947 1757 ὲπι-

350 1790 692 1856 δείκνυσθαι,
723 1791 869 1845 κατά
893 1806 947 1845 τι
979 1791 1214 1845 παλαιὸν
1237 1792 1379 1856 ἔθος,
1411 1794 1470 1845 ὲν
1496 1794 1619 1858 ταῖς
1652 1793 1942 1863 μεγίσταις

353 1885 447 1934 καὶ
483 1882 722 1953 μάλιστα
772 1883 884 1936 τῶν
917 1883 1154 1948 πόλεων,
1183 1884 1316 1937 ἔνθα
1360 1885 1456 1938 καὶ
1487 1885 1556 1938 τὰ
1610 1886 1817 1957 θέατρα
1847 1881 1937 1958 ἦν.

2039 1689 2197 1760 juxta
2248 1692 2538 1763 antiquam
2594 1693 2837 1765 aliquam
2864 1695 3323 1750 consuetudinem
3346 1696 3644 1751 traheban-

2045 1790 2159 1849 tur,
2210 1785 2264 1839 in
2318 1787 2529 1856 magnis
2578 1789 2884 1858 pratsertim
2921 1787 3262 1853 civitatibus,
3297 1789 3389 1844 ubi
3429 1790 3641 1844 theatra

2045 1871 2293 1929 fuerunt.
2361 1874 2653 1945 Mimorum
2700 1892 2864 1947 porro
2901 1887 2954 1932 et
3004 1879 3372 1944 scenicorum,
3413 1881 3508 1951 qui
3564 1879 3645 1933 di-

352 1976 473 2030 Τῶν
498 1976 567 2045 δὴ
592 1975 775 2047 μίμων
799 1978 892 2029 καὶ
927 1977 1233 2048 σκηνικῶν,
1264 1976 1377 2030 τῶν
1406 1976 1647 2048 διάφορα
1670 1954 1941 2048 πρόσωπα

2061 1981 2234 2021 versas
2302 1967 2516 2023 scilicet
2586 1985 2859 2038 personas
2921 1969 3209 2024 imitantur
3264 1981 3319 2025 et
3380 1973 3645 2028 simulant

351 2068 556 2141 δηλαδὴ
617 2069 978 2140 μιμουμένων
1024 2069 1121 2124 καὶ
1178 2069 1630 2141 ύποκρινομένων
1689 2071 1941 2145 (σκηνὴν

351 2163 459 2233 γὰρ
493 2161 716 2231 λέγουσι
756 2163 860 2230 τὴν
890 2161 1234 2234 ὑπόκρισιν),
1271 2163 1400 2227 τοὺς
1438 2162 1539 2233 μὲν
1570 2161 1662 2216 ὑπ’
1691 2161 1818 2231 ὄψιν
1845 2162 1940 2216 τοῦ

349 2255 623 2325 βασιλέως
665 2254 839 2309 ταῦτα
897 2256 1403 2328 ὑποκρινομένους,
1450 2255 1710 2326 ἐντίμους
1757 2254 1942 2325 έχουσι

350 2350 445 2418 τῆς
476 2348 755 2413 πολιτείας
791 2351 842 2403 oi
867 2352 1024 2421 νόμοι
1048 2367 1066 2384 ο
1092 2349 1148 2404 οἴ
1165 2366 1230 2420 γε
1261 2349 1369 2421 μὴν
1396 2350 1454 2403 ιν
1477 2349 1825 2419 πανηγύρεσι
1849 2349 1942 2403 καὶ

349 2439 537 2510 δήμων
558 2440 749 2505 ἄλλαις
776 2441 1031 2510 συνάξεσι
1052 2442 1269 2510 γέλωτα
1300 2443 1411 2504 τοϊς
1442 2443 1611 2513 ὁρῶσι
1640 2441 1940 2509 κινοῦντες,

348 2537 459 2598 τοῖς
491 2535 589 2589 ἐπὶ
629 2535 838 2608 κόρρης
888 2537 1203 2608 ραπίσμασι
1255 2535 1353 2589 καὶ
1391 2535 1710 2609 ψοφήμασι,
1753 2535 1942 2606 ἄτιμοι

347 2629 454 2690 τοῖς
486 2627 674 2697 νόμοις
714 2627 1047 2699 λογίζονται.
1602 2624 1606 2630 ’

418 2718 587 2789 Ζήτει
628 2719 690 2772 ὲν
713 2720 794 2791 τῷ
822 2715 873 2790 η’
899 2737 1026 2789 κεφ.
1067 2718 1165 2774 τοῦ
1202 2721 1240 2773 Δ
1273 2720 1543 2791 στοιχείου
1583 2719 1786 2774 κανόνα
1815 2720 1940 2791 ρκθ¹

350 2807 446 2879 τῆς
478 2809 541 2861 ὲν
575 2809 912 2882 Καρθαγένῃ
936 2810 1184 2874 συνόδου,
1218 2810 1319 2865 καὶ
1343 2812 1402 2864 ὲν
1424 2808 1502 2880 τῷ
1533 2807 1585 2864 α’
1614 2826 1742 2880 imp.
1767 2809 1863 2864 τοῦ
1899 2809 1942 2865 Θ

353 2895 629 2966 στοιχείου
662 2900 866 2952 κανόνα
896 2899 979 2952 va.’
1010 2897 1112 2967 τῆς
1148 2905 1204 2965 ς’
1229 2900 1474 2953 συνόδου.

664 2988 915 3042 ΚΕΦΔΛ.
940 2989 1041 3044 ιΒν.
1082 2989 1224 3058 Περὶ
1253 2987 1634 3060 μισθώσεως.

1033 3083 1244 3152 Νόμοι.
1724 3081 1729 3087 ’

427 3174 564 3229 Ἐὰν
589 3175 761 3247 χωρὶς
779 3173 975 3237 αἰτίας
1003 3172 1320 3248 καταλείπῃ
1361 3173 1457 3228 τὸν
1482 3173 1655 3246 ἀγρὸν
1679 3175 1708 3228 ό
1738 3173 1945 3246 μισθω-

351 3269 612 3337 σάμενος,
644 3262 755 3333 πρδ
803 3264 1260 3336 συμπληρώσεως
1304 3264 1401 3320 τοῦ
1448 3266 1672 3338 χρόνου,
1720 3268 1943 3322 δίδωσιν

347 3361 476 3415 ὅλου
502 3358 600 3414 τοῦ
630 3358 828 3431 χρόνου
856 3360 951 3412 τὸν
982 3356 1200 3431 μισθόν.

426 3454 497 3509 ⁸0
528 3453 944 3526 μισθωσάμενος
969 3453 1140 3507 ἵππον
1169 3454 1265 3508 ἐπὶ
1286 3453 1348 3507 τὸ
1374 3454 1651 3526 βαστάσαι
1672 3473 1725 3509 τι
1758 3454 1944 3533 δῆλον,

348 3548 442 3601 καὶ
476 3545 781 3617 βαρύτερον
835 3545 1049 3609 ἐπιθεὶς
1080 3547 1197 3601 καὶ¹
1227 3546 1467 3619 βλάψας,
1500 3548 1752 3619 ἐνέχεται
1799 3548 1946 3620 ὑπὲρ

350 3638 446 3711 τῆς
486 3637 723 3709 βλάϐηςέ

429 3730 566 3785 Ἐὰν
602 3729 879 3800 χρήσηται
916 3746 1003 3794 τις
1034 3728 1191 3800 ἵππῳ
1234 3729 1341 3793 ἕως
1387 3729 1701 3801 ὡρισμένου
1724 3731 1944 3795 ςτόπου,

353 3825 498 3894 ὑπὲρ
540 3823 597 3877 δὲ
631 3822 824 3877 τοῦτον
860 3822 1148 3896 ἀπενέγκῃ
1180 3825 1212 3893 ἢ
1252 3822 1472 3897 πέμψῃ,
1505 3824 1608 3892 τὴν
1655 3808 1946 3894 συμϐᾶσαν

354 3919 439 3972 ἐπ’
469 3916 623 3986 αὐτῷ
657 3914 867 3987 βλάϐην
895 3917 928 3987 ἢ
977 3916 1233 3980 θάνατον,
1263 3916 1358 3970 τὸν
1391 3917 1744 3988 χρησάμενον
1788 3918 1944 3993 όρᾷν,

356 4013 446 4066 καὶ
473 4010 536 4064 τὸ
562 4010 800 4083 ἀζήμιον
832 4008 1110 4065 ποιεῖσθαι
1139 4009 1235 4063 τοῦ
1269 4012 1464 4083 κυρίου
1506 4009 1602 4064 τοῦ
1641 4009 1837 4067 ἵππου.

425 4191 505 4245 Οὐ
531 4191 760 4245 δύναται
785 4192 1046 4246 ὲκσαλεῖν
1075 4195 1286 4250 ἄκοντα
1310 4194 1406 4248 τὸν
1457 4194 1883 4266 μισθωσάμενον
1919 4196 1946 4246 ὁ

361 4283 662 4354 μισθώσας,
695 4285 803 4358 πρὸ
828 4285 921 4339 τοῦ
949 4286 1261 4357 ὡρισμένου
1286 4289 1508 4360 χρόνον,
1535 4288 1641 4341 κᾶν
1665 4288 1825 4347 ἄλλος
1850 4288 1946 4342 αὐ-

358 4374 448 4427 τοῦ
478 4374 703 4427 πλείονα
746 4376 1024 4450 είσαγὰγῃ
1077 4378 1439 4450 μισθώματα,
1475 4380 1572 4433 καὶ
1620 4379 1689 4432 ἂν
1738 4381 1948 4448 εὐγνω-

364 4469 499 4539 μονῇ
530 4470 738 4533 ἐκεῖνος
767 4469 899 4541 περὶ
928 4468 957 4522 ὃ
986 4464 1313 4542 ὡμολόγησε
1347 4471 1535 4525 δοῦναι
1568 4471 1857 4543 μίσθωμα.

542 4708 549 4715 Ι
663 4645 918 4702 ΚΕΦᾹΛ.
947 4646 1050 4703 II".
1088 4647 1226 4719 Περὶ
1258 4652 1620 4720 μνηστείας.

1034 4739 1259 4811 Νόμος.

438 4832 503 4888 '0
525 4831 624 4905 τὴν
659 4832 798 4887 ίδίαν
832 4834 1085 4905 μνηστὴν
1118 4838 1228 4907 πρὺ
1263 4835 1366 4907 τῆς
1398 4835 1563 4909 ἧὸης,
1602 4836 1723 4908 ἦτοι
1753 4835 1849 4890 τοῦ
1880 4841 1949 4906 ιγ’

362 4926 581 4995 χρόνου,
614 4925 870 4997 φθείρας,
904 4930 952 4981 εί
983 4930 1088 5000 μὲν
1117 4932 1167 4984 οἱ
1192 4930 1295 5001 τῆς
1326 4929 1502 5001 κόρης
1526 4932 1708 5001 γονεῖς
1737 4929 1799 4990 ού
1827 4929 1952 5000 βού-

363 5019 666 5089 λονταιτὴν
682 5020 944 5088 τοιαύτην
972 5021 1233 5079 διαλῦσαι
1260 5023 1590 5094 μνηστείαν,
1621 5024 1950 5091 ἁναμενέτω

365 5112 456 5166 τοῦ
490 5112 675 5183 γάμου
712 5113 808 5167 τὸν
853 5114 1072 5184 χρόνον.
1119 5115 1181 5168 Εἰ
1221 5115 1279 5169 δὲ
1313 5114 1401 5170 διὰ
1433 5114 1532 5187 τὴν
1583 5114 1792 5184 φθορὰν
1838 5115 1952 5169 δια-

367 5205 527 5260 λῦσαι
552 5207 859 5278 βούλονται,
888 5208 1399 5278 ἁπαρεμποδίστως
1421 5209 1456 5280 ἡ
1488 5226 1716 5280 τοιαυτη
1738 5208 1951 5269 λυέσθω

373 5300 657 5368 μνηστεία,
691 5302 789 5355 καὶ
816 5302 844 5354 ὁ
876 5301 1117 5371 φθορεὺς
1172 5301 1274 5372 τῆς
1324 5300 1461 5366 ἰδίας
1501 5301 1670 5356 αὑτοῦ
1713 5301 1952 5355 ὑποστάν-

373 5410 505 5456 σεως
552 5395 613 5447 τὺ
646 5395 834 5467 τρίτον
871 5396 1036 5465 μέρος
1074 5393 1152 5465 τῷ
1185 5395 1343 5466 μέρει
1389 5395 1582 5449 διδότω
1625 5395 1722 5463 τῆς
1756 5397 1949 5468 κόρης.

370 5488 526 5560 Ζήτει
563 5489 744 5551 καὶτὸ
782 5494 840 5549 ιε’
872 5507 1001 5558 κειρ.
1029 5487 1123 5542 τοῦ
1155 5488 1196 5542 Γ
1236 5489 1531 5561 στοιχείου.

711 5582 967 5636 ΚΕΦΑΛ.
996 5583 1096 5636 ΙΔ’.
1124 5581 1263 5650 Περὶ
1289 5581 1592 5652 μοιχείας.

453 5668 510 5723 Ὀ
559 5669 785 5742 Νύσσης
841 5673 1015 5743 μέγας
1066 5670 1375 5743 Γρηγὸριος
1412 5674 1470 5727 ὲν
1500 5673 1578 5747 τῷ
1623 5675 1695 5729 δι’
1740 5676 1952 5741 κανόνι,

2053 2057 2071 2120 ί
2108 2074 2332 2114 scenam
2364 2062 2511 2114 enim
2558 2061 2968 2116 simulationem
3002 2052 3200 2117 vocant
3227 2064 3244 2133 )
3274 2080 3371 2119 eos
3394 2067 3642 2133 quidem,

2050 2149 2142 2219 qui
2166 2150 2221 2205 in
2246 2151 2601 2223 imperatoris
2629 2165 2927 2225 conspectu
2950 2153 3065 2209 lucc
3087 2154 3369 2220 simulant,
3400 2157 3644 2212 honora—

2049 2244 2188 2299 biles
2240 2244 2492 2315 jndicant
2527 2247 2675 2318 leges
2729 2246 2958 2315 civiles;
2998 2245 3091 2317 qui
3125 2261 3254 2301 vero
3305 2247 3360 2302 in
3410 2264 3646 2320 congre-

2049 2335 2364 2406 gationibus
2394 2349 2447 2393 et
2482 2338 2607 2394 aliis
2662 2339 2988 2409 populorum
3027 2339 3392 2395 conventibus
3435 2342 3644 2399 mutuis

2050 2424 2371 2482 verberibus
2419 2427 2591 2482 risum
2629 2428 3037 2499 spectatoribus
3072 2439 3315 2495 movent,
3367 2445 3397 2484 a
3425 2430 3643 2502 legibus

2049 2517 2285 2576 infames
2309 2519 2655 2592 iudicantur.

2124 2696 2320 2765 Quaare
2354 2698 2410 2754 in
2441 2700 2474 2757 8
2500 2701 2681 2773 capite
2707 2701 2905 2777 litterae
2935 2703 2974 2756 Δ
3003 2717 3129 2760 can.
3168 2704 3271 2759 l29
3321 2701 3642 2775 Cartliagin.

2050 2806 2203 2863 syn.,
2238 2799 2295 2847 et
2352 2791 2407 2847 in
2459 2794 2642 2866 primo
2675 2795 2852 2864 capite
2905 2795 3106 2852 littera:
3134 2796 3179 2851 Θ
3208 2811 3333 2852 can.
3372 2797 3438 2854 51
3497 2807 3641 2854 sext.

2050 2883 2270 2956 synodi.

2464 2973 2623 3034 CAP.
2650 2976 2768 3036 Xll.
2800 2978 2876 3035 De
2908 2980 3224 3038 elocutione.

2750 3071 2937 3145 Leges.

2129 3163 2189 3221 Si
2223 3164 2530 3221 conductor
2553 3174 2680 3220 ante
2703 3174 2919 3236 tempus
2951 3167 3340 3226 conductionis
3364 3170 3642 3240 expletum

2052 3258 2171 3316 sine
2205 3273 2372 3315 causa
2406 3257 2639 3314 fundum
2683 3257 3020 3329 deseruerit,
3057 3261 3227 3317 totius
3255 3252 3535 3334 temporis
3559 3280 3647 3319 re-

2044 3352 2219 3407 ditum
2252 3352 2538 3422 persolvit.

2119 3443 2177 3500 Si
2213 3445 2336 3515 quis
2374 3461 2578 3516 equum
2608 3445 2938 3502 conduxerit
2993 3445 3062 3502 ad
3093 3457 3306 3503 certum
3344 3463 3488 3505 onus
3513 3464 3646 3520 por-

2050 3539 2565 3611 tandum,eumque
2592 3541 2839 3613 graviori
2882 3557 3052 3597 onere
3100 3540 3358 3613 imposito
3410 3540 3641 3609 laeserit,

2046 3648 2112 3687 ex
2142 3634 2346 3688 damno
2378 3642 2621 3690 tenetur.
3254 3702 3261 3707 θ

2122 3724 2178 3779 Si
2209 3727 2334 3793 quis
2368 3727 2434 3781 ad
2467 3726 2648 3782 locum
2683 3745 2856 3798 usque
2888 3730 3234 3801 designatum
3286 3731 3643 3785 commodato

2048 3819 2324 3886 accept-rit
2372 3834 2573 3889 equum
2604 3859 2619 3880 ,
2659 3821 2801 3875 ultra
2825 3829 3008 3877 autem
3040 3824 3192 3877 illum
3231 3825 3313 3876 vel
3349 3823 3523 3897 egerit
3560 3823 3644 3876 vel

2048 3912 2283 3977 miserit,
2312 3912 2379 3967 de
2414 3911 2616 3967 damno
2654 3912 2739 3966 vel
2787 3925 2987 3977 morte,
3012 3929 3135 3985 quae
3182 3914 3261 3968 illi
3321 3916 3644 3985 contingere

2048 4004 2276 4076 possint,
2326 4004 2525 4060 viderit
2574 4003 2714 4075 ipse,
2765 4006 2859 4076 qui
2919 4018 3112 4063 mutuo
3166 4008 3419 4078 accepit;
3454 4016 3529 4071 et,
3589 4019 3647 4062 ut

2047 4099 2173 4170 equi
2202 4099 2459 4154 dominus
2498 4099 2773 4154 indemnis
2814 4101 2906 4167 sit,
2940 4116 3136 4157 curare
3172 4111 3411 4154 tenetur.

2120 4190 2354 4245 Locator
2405 4202 2533 4246 ante
2555 4192 2917 4246 constitutum
2981 4202 3200 4261 tempus
3252 4193 3644 4247 conductorem
3748 4176 3753 4181 ’

2050 4283 2280 4337 invitum
2338 4283 2541 4353 ejicere
2578 4298 2685 4339 non
2760 4294 2980 4354 potest,
3040 4285 3170 4340 licet
3215 4284 3361 4339 alius
3409 4283 3648 4354 majores

2050 4376 2144 4431 illo
2165 4376 2377 4431 dederit
2400 4379 2734 4447 pensiones;
2760 4379 2805 4433 si
2835 4379 3071 4434 libenter
3098 4379 3263 4434 etiam
3296 4378 3645 4449 pensionem,

2046 4469 2115 4522 de
2147 4482 2254 4538 qua
2297 4470 2439 4538 pacti
2495 4478 2646 4533 sunt,
2704 4470 2939 4525 dederit.

2335 4558 2495 4631 183
2529 4557 2685 4616 CAP.
2718 4557 2865 4615 Xlll.
2896 4559 2972 4614 De
3001 4559 3361 4630 sponsalibus.

2777 4649 2909 4708 Lex.

2124 4745 2230 4814 Qui
2283 4761 2440 4803 suam
2487 4759 2750 4815 sponsam
2815 4754 2943 4800 ante
2995 4754 3214 4800 atatem
3254 4786 3267 4809 ,
3308 4730 3522 4802 scilicet
3582 4744 3649 4800 l5

2053 4854 2353 4906 annorum,
2387 4840 2566 4904 vitiat,
2600 4838 2647 4893 si
2687 4836 2910 4907 quidem
2962 4837 3194 4905 virginis
3227 4846 3484 4908 parentes
3533 4836 3652 4892 inec

2052 4933 2337 5004 sponsalia
2390 4931 2705 4987 dissolvere
2767 4931 2986 4992 nolunt,
3037 4929 3374 4984 matrimonii
3425 4938 3652 4997 tempus

2054 5035 2365 5097 exspectet.
2401 5025 2505 5080 Sin
2556 5040 2689 5080 vero
2724 5032 2947 5095 propter
2997 5022 3409 5093 corruptionem
3458 5021 3652 5077 velum

2054 5121 2382 5185 dissolvere,
2423 5120 2544 5176 sine
2596 5118 3001 5188 impedimento
3046 5115 3320 5187 ejusmodi
3370 5116 3651 5185 Sponsalts

2054 5214 2456 5275 dissolvantur,
2515 5222 2570 5267 ct
2626 5220 2925 5281 corruptor
2988 5209 3254 5280 suiipsius
3323 5209 3651 5264 substantia:

2059 5308 2276 5361 tertiam
2310 5307 2521 5376 partem
2550 5306 2781 5378 virginis
2812 5304 2954 5376 parti
2987 5304 3102 5360 det.
3146 5302 3343 5371 Quaere
3370 5313 3426 5357 et
3456 5302 3525 5357 15
3555 5318 3651 5363 ca-

2057 5408 2155 5473 put
2186 5399 2378 5454 littet'aa
2409 5398 2470 5453 Γ.

2468 5577 2622 5634 CAP.
2658 5575 2796 5634 XIV.
2828 5576 2905 5633 De
2935 5576 3226 5632 adulterio.

2127 5670 2358 5742 Magnus
2377 5670 2678 5742 Gregorius
2700 5670 2982 5742 Nyssenus
3005 5669 3060 5724 in
3078 5668 3239 5724 tertio
3257 5667 3378 5738 ejus
3400 5681 3611 5723 canone
3633 5705 3650 5732 ,

378 5760 596 5832 Ἤρεσε,
630 5763 788 5834 φησὶ,
827 5764 945 5817 τισὶ
986 5762 1094 5818 τῶν
1124 5763 1560 5836 ἀκριϐεστέρων,
1590 5767 1684 5820 καὶ
1721 5765 1783 5820 τὸ
1813 5763 1945 5821 κατὰ

2061 5764 2297 5831 Placuit,
2335 5764 2544 5836 inquit,
2571 5762 2926 5820 subtiliorum
2959 5759 3241 5815 nonnullis
3274 5759 3440 5831 etiam
3478 5759 3657 5814 forni-

378 5855 472 5920 τὴν
504 5857 765 5927 πορνείαν
807 5856 1192 5927 πλημμέλημα
1222 5857 1476 5928 μοιχείαν
1506 5855 1651 5912 εἶναι
1681 5858 1951 5929 νομίζειν,

381 5945 507 6013 θὸτι
560 5949 657 6011 μία
694 5949 845 6004 ἔστιν
896 5952 928 6015 ἡ
977 5947 1208 6029 νόμιμος
1268 5949 1503 6022 συζυγία
1564 5951 1662 6005 καὶ
1725 5951 1953 6020 γυναικὶ

2059 5857 2299 5913 cationis
2317 5864 2606 5926 peccatum
2635 5852 2971 5911 adulterium
3003 5868 3128 5909 esse
3155 5853 3653 5922 existimarc,quno

2061 5951 2209 6011 uiam
2239 5968 2349 6008 una
2381 5960 2468 6015 est
2500 5950 2744 6021 legitima
2773 5948 3109 6020 coniunctio,
3143 5960 3197 6008 ct
3227 5948 3476 6005 mulieris
3522 5962 3647 6003 cum

2674 6070 2714 6089 φ

2140 6244 2171 6261 κ
