4054 6436
294 364 354 428 33
437 390 454 406 ·
1281 366 1688 432 SYNTAGMA
1727 369 1852 428 ΑΗ

1956 368 2360 430 \BETICUM.
2401 393 2464 406 --
2506 363 2583 418 M.
2611 360 2628 379 '
3472 369 3542 434 34

287 480 343 533 οὐ
368 479 592 540 δέδοται.
623 485 766 537 κατὰ
798 482 888 536 τὸν
929 483 1220 537 κελεύοντα
1253 479 1320 552 ιη’
1362 482 1726 536 ἀποστολικὸν
1753 499 1850 536 και

1956 483 2317 551 apostolicmn
2379 499 2501 536 cau.
2543 483 2637 552 qui
2685 484 2863 553 jubet,
2919 500 3044 539 cum
3090 484 3262 553 ejecta
3312 484 3541 540 muliere

285 571 426 638 νόνα,
460 572 532 643 μὴ
564 575 816 642 ἱερᾶσθαι
849 577 940 630 τὺν
971 576 1368 646 διαϐεϐλημένῃ
1402 577 1624 642 γυναικὶ
1669 591 1852 628 συνοι-

286 665 495 730 κοῦντα,
536 666 596 720 ὂν
627 669 723 722 καὶ
777 668 934 740 ζήτει
983 670 1042 722 ὲν
1076 669 1154 738 τῷ
1177 669 1217 722 δ’
1257 668 1454 737 κεφαλ.
1506 667 1599 721 τοῦ
1636 667 1676 718 Γ
1705 683 1852 719 στοι-

286 760 448 827 χείου.

360 850 418 902 '0
440 849 495 902 δὲ
533 849 706 917 μέγας
732 847 1015 910 Βασίλειος
1067 853 1129 902 ὲν
1158 850 1234 920 τῷ
1257 851 1328 903 λδ*
1357 852 1565 916 κανόνι,
1594 851 1708 914 Τάς
1735 871 1854 922 μοι·

287 939 588 1005 χευθείσας,
622 943 778 1009 φησι,
805 942 901 995 καὶ
921 939 990 993 δι’
1025 941 1313 995 εὐλάϐειαν
1341 943 1436 995 καὶ
1465 944 1556 996 τὸν
1587 943 1690 1010 τῆς
1722 944 1851 1012 μελ-

286 1031 478 1100 λούσης
505 1031 737 1102 κρίσεως
766 1032 932 1101 φόϐον
967 1034 1064 1104 τὴν
1095 1035 1373 1105 ἁμαρτίαν
1422 1034 1854 1104 ἐξομολογουμέ-

285 1142 394 1186 νας,
424 1124 457 1194 ἦ
491 1126 585 1178 καὶ
631 1125 883 1179 ὁπωσοῦν
915 1126 1282 1197 ἐλεγχομένας
1319 1128 1425 1180 ὑπό
1461 1145 1521 1181 τε
1553 1127 1648 1180 τοῦ
1678 1128 1850 1193 ὄγκου

290 1217 437 1286 τυχὸν
505 1220 605 1288 τῆς
656 1218 916 1290 γαστρὸς,
971 1219 1004 1287 ἢ
1048 1221 1147 1274 καὶ
1195 1219 1304 1273 ἀπὸ
1365 1219 1462 1274 τοῦ
1517 1219 1578 1274 τδ
1655 1221 1852 1290 βρέφος

284 1309 588 1372 ἀποτεκεῖν,
647 1309 930 1380 ἀποδήμου
962 1309 1059 1364 τοῦ
1111 1311 1244 1364 ἰδίου
1280 1311 1432 1373 ὄντος
1487 1310 1705 1382 ἀνδρὸς,
1750 1310 1854 1364 οὐκ

283 1399 485 1464 ἔφασαν
512 1400 620 1452 δεῖν
651 1401 702 1454 οι
729 1401 977 1472 Πατόρες
1005 1402 1212 1464 ταύτας
1252 1401 1629 1472 δημοσιεύειν,
1661 1404 1727 1455 ὲκ
1755 1401 1852 1455 τοῦ

284 1491 404 1552 τοὺς
426 1491 626 1555 τόπους
641 1492 748 1546 τῶν
770 1493 1066 1562 ἐπιτιμίων
1086 1493 1420 1563 ἀναγκάζειν
1442 1495 1612 1560 αὐτὰς
1633 1495 1852 1560 διῖέναι,

283 1582 365 1634 τὸν
399 1582 494 1635 τοῦ
546 1583 968 1653 προσκλαίοντός
1013 1603 1177 1656 φημι,
1209 1587 1302 1641 τοῦ
1351 1588 1729 1658 ἀκροωμένου,
1755 1586 1855 1640 καὶ

284 1673 370 1728 τοῦ
399 1675 824 1744 ὕποπίπτοντος,
857 1679 948 1732 ἵνα
971 1681 1046 1749 μὴ
1077 1680 1312 1733 Θανάτου
1337 1680 1522 1734 αἰτίαν
1558 1680 1856 1750 παράσχω-

286 1784 381 1833 μεν
410 1767 811 1838 ἐλεγχθείσαις.
853 1771 914 1825 ’0
941 1771 1051 1840 γὰρ
1077 1772 1175 1840 τῆς
1202 1771 1458 1841 τοιαύτης
1481 1773 1623 1842 ἀνὴρ
1684 1770 1857 1836 ὲξιοῦο

1959 575 2314 628 matrimonio
2374 576 2733 646 conjunetum
2803 591 2912 630 non
2984 577 3099 630 ﬁeri
3158 577 3536 643 sacerdotem;

1953 682 2117 754 quem
2147 666 2311 721 etiam
2342 683 2557 736 quaeras
2585 669 2640 722 in
2671 669 2705 722 4
2729 684 2851 739 cap.
2887 670 2969 724 lit.
3002 671 3063 724 Γ.

2028 847 2256 917 Magnus
2291 846 2528 902 Basilius
2561 849 2614 902 in
2654 849 2723 903 54
2769 863 2916 914 can.,
2941 849 3228 905 Adulterio
3277 850 3538 920 pollutas,

1956 939 2161 1009 inquit,
2191 951 2245 994 et
2277 941 2348 994 ob
2379 942 2635 1010 pietatem
2667 953 2722 997 et
2750 943 2920 998 futuri
2941 944 3134 1014 judicii
3171 955 3371 1000 metum
3409 960 3540 1013 pec-

1953 1042 2137 1088 catum
2166 1035 2517 1100 conﬁtentes,
2567 1035 2652 1088 vel
2683 1037 3186 1104 quomodocunque
3231 1037 3536 1098 convictas,

1958 1124 2126 1178 veluti
2158 1124 2228 1179 ab
2264 1124 2405 1180 uteri
2446 1135 2682 1189 tumore,
2734 1127 2816 1181 vel
2853 1127 3018 1181 etiam
3050 1128 3120 1182 ab
3148 1129 3297 1182 edito
3355 1135 3538 1196 partu,

1954 1216 2081 1270 dum
2120 1217 2301 1269 mariti
2350 1231 2542 1272 earum
2591 1218 2752 1288 longe
2780 1219 3220 1288 peregrinantur.
3258 1219 3541 1287 publicare

1956 1323 2063 1361 non
2098 1308 2348 1363 siverunt
2391 1309 2579 1366 Patres
2630 1312 2829 1374 nostri,
2876 1325 3162 1378 pmnarum
3214 1313 3365 1366 locos
3416 1311 3538 1364 illas

1955 1398 2168 1468 ingredi
2222 1401 2490 1470 cogendo,
2549 1400 2730 1457 ﬂentis
2789 1403 3066 1463 videlicet,
3129 1402 3426 1466 audientis,
3483 1413 3539 1456 et

1955 1493 2218 1548 substrati
2240 1535 2255 1558 ,
2292 1509 2358 1548 ne
2388 1495 2657 1550 convictis
2691 1496 2887 1551 mortis
2920 1509 3143 1550 causam
3179 1495 3540 1564 praebeamus.

1956 1583 2107 1638 lllius
2137 1586 2283 1638 enim
2314 1586 2568 1650 maritus,
2592 1588 2764 1656 ipsam
2801 1597 2950 1642 extra
2981 1588 3230 1643 ecclesiae
3272 1587 3540 1642 ambitum

1954 1691 2246 1734 exeuntem
2274 1681 2487 1747 videns,
2524 1699 2648 1737 cum
2681 1683 2748 1738 iis
2773 1685 2868 1753 qui
2917 1685 3098 1754 pcenis
3139 1683 3536 1753 subjiciuntur,

1955 1780 2010 1825 et
2037 1770 2513 1826 maniiestioribus
2541 1774 2884 1828 testimoniis
2904 1790 3014 1828 non
3040 1789 3230 1844 egens.
3255 1775 3398 1844 quod
3428 1791 3544 1829 ma-

282 1872 378 1909 σαν
428 1861 527 1928 τῆς
579 1861 875 1930 ἐκκλησίας
922 1862 1066 1930 ὀρῶν
1122 1862 1262 1931 μετά
1309 1861 1420 1916 τῶν
1453 1863 1512 1915 ἐν
1551 1861 1852 1932 ἐπιτιμίοις

1956 1862 2196 1916 trimonii
2258 1863 2404 1932 leges
2466 1864 2714 1928 violavit,
2755 1866 2947 1919 statim
3000 1866 3150 1920 illam
3197 1867 3540 1922 interﬂciet:

281 1946 465 2013 ὄντων,
515 1952 609 2005 καὶ
643 1954 1120 2024 περιφανεστέρας
1169 1954 1229 2008 οὐ
1272 1953 1490 2025 δεηθεὶς
1542 1953 1854 2025 μαρτυρίας

283 2042 364 2096 τοῦ
395 2045 486 2096 τὸν
514 2048 692 2115 γάμον
737 2047 887 2116 αὐτῷ
924 2048 1272 2118 διορυγῆναι,
1307 2048 1512 2102 αὐτίκα
1557 2046 1855 2117 διαχρήσε-

287 2150 364 2189 ιαι
416 2136 663 2207 ταύτηνο
713 2137 930 2203 Macte;
987 2139 1098 2210 γὰρ
1130 2139 1318 2208 ζήλου,
1377 2137 1521 2194 κατά
1569 2137 1663 2193 τδν
1690 2135 1854 2190 Σολο-

283 2227 488 2293 μῶντα,
524 2230 692 2299 θυμὸς
739 2231 932 2301 ἀνδρὸς
984 2234 1152 2302 αὐτῆς
1179 2248 1194 2264 ο
1230 2233 1407 2306 ταύτῃ
1459 2247 1542 2286 τοι
1576 2234 1669 2285 καὶ
1700 2230 1854 2284 συνί-

1961 1955 2156 2024 plenus
2190 1955 2336 2010 enim
2390 1956 2529 2020 zelo,
2571 1956 2726 2026 juxta
2762 1956 3137 2022 Salomonem,
3176 1959 3395 2013 animus
3439 1959 3540 2013 viri

1963 2045 2159 2114 ipsius.
2216 2047 2452 2115 Ideoque
2503 2049 2811 2104 consistere
2845 2051 3070 2119 quidem
3117 2067 3242 2106 cum
3289 2051 3542 2105 fidelibus

1961 2139 2314 2202 ordinarunt,
2363 2147 2417 2193 et
2473 2155 2580 2194 una
2628 2142 2838 2210 precari
2875 2142 3086 2214 absque
3131 2144 3540 2209 communione,

1959 2227 2139 2283 donec
2168 2230 2444 2299 expletum
2478 2231 2646 2286 fuerit
2673 2235 3007 2302 pmnitenli?
3043 2243 3280 2304 tempus.

284 2322 513 2375 στασθαι
563 2325 679 2386 τοῖς
727 2326 939 2386 πιστοῖς
995 2325 1293 2391 ἐπέταξαν,
1343 2324 1441 2378 καὶ
1489 2321 1854 2394 συνεύχεσθαι
1889 2321 2064 2394 χωρὶς
2101 2320 2408 2390 κοινωνίας,
2439 2322 2600 2394 ἄχρις
2633 2325 2702 2379 ἂν
2731 2325 2758 2378 6
2809 2326 2913 2396 τῆς
2982 2325 3276 2397 μετανοίας
3349 2327 3546 2400 χρόνος

281 2419 616 2490 ἑκμτρηθῇ.

359 2511 452 2563 Ἐν
474 2511 531 2564 δὲ
560 2511 640 2581 τῷ
658 2510 759 2576 λζ’,
796 2512 857 2566 Ὀ
887 2512 1146 2587 ἀλλοτρίᾳ
1173 2517 1412 2586 γαμετῇ,
1445 2516 1479 2584 ἢ
1512 2530 1858 2585 μεμνηστευ-

2029 2508 2088 2562 In
2112 2507 2180 2562 37
2217 2523 2349 2562 vero
2385 2505 2527 2573 :Qui
2563 2507 2800 2564 alienam
2835 2525 3061 2565 uxorem
3095 2513 3178 2566 vel
3217 2513 3382 2567 alicui
3445 2515 3543 2567 dc-

287 2601 424 2674 μένῃ
454 2601 629 2672 ἑτέρῳ
661 2603 1160 2674 συμφθειρόμενος,
1193 2606 1310 2672 καὶ,
1363 2605 1501 2675 μετά
1531 2605 1591 2658 τὸ
1621 2605 1852 2675 ἀφαιρε-

1958 2610 2280 2669 sponsatam
2300 2603 2624 2674 corrumpit,
2645 2613 2699 2657 et
2729 2613 3020 2672 postquam
3046 2619 3108 2658 ea
3139 2605 3318 2660 ablata
3352 2605 3542 2670 fuerit,

284 2693 443 2761 θῆναι
491 2694 719 2764 ταύτην,
770 2698 984 2766 γαμετῇ
1056 2697 1410 2767 συνοικήσας,
1470 2697 1566 2751 ἐπὶ
1621 2696 1724 2765 μὲν
1786 2698 1852 2767 τῇ

1958 2705 2186 2745 uxorem
2219 2691 2394 2757 ducit,
2426 2695 2481 2748 in
2510 2695 2686 2764 prima
2716 2697 2934 2765 quidem
2967 2697 3220 2752 adulterii
3253 2699 3547 2753 accusabi-

216 2773 235 2789 “
287 2787 477 2856 πρώτῃ
531 2787 776 2856 μοιχείαν
804 2787 1210 2858 ὲγκληθήσεται
1235 2806 1253 2822 υ
1291 2787 1387 2841 ἐπὶ
1409 2788 1467 2841 δι
1491 2790 1561 2858 τῇ
1623 2787 1852 2859 δευτέρᾳ

1957 2791 2076 2850 tur;
2117 2783 2169 2837 in
2201 2788 2442 2841 secunda
2485 2797 2667 2843 autem
2727 2804 2854 2843 reus
2884 2803 2992 2844 non
3026 2799 3240 2860 agetur,
3278 2805 3454 2846 uxore
3509 2808 3541 2847 a

283 2875 611 2943 ἀνέγκλητος
643 2879 814 2942 ἔσται,
851 2880 1118 2951 ἐλευθέρᾳ
1148 2880 1286 2954 οὔσῃ
1319 2881 1535 2950 ἀνδρός.

1961 2875 2082 2930 viro
2117 2876 2310 2930 libera.

360 2964 454 3019 Ἐν
494 2967 553 3019 δὲ
594 2967 675 3038 τῷ
700 2969 799 3032 λθθ,
844 2970 904 3024 'll
947 2970 1028 3040 τῷ
1084 2971 1259 3042 μοιχῷ
1324 2971 1544 3035 συζῶσα
1607 2969 1852 3041 μοιχαλίς

2033 2967 2092 3021 ln
2124 2969 2193 3023 59
2223 2972 2411 3033 etiam,
2457 2968 2590 3035 Quae
2638 2971 2792 3033 vivit,
2839 2972 3036 3042 inquit,
3091 2990 3217 3030 cum
3266 2976 3540 3042 adultero,

283 3057 414 3124 ἐστι,
444 3058 603 3128 φησὶ,
647 3060 927 3114 τουτέστιν
957 3062 990 3131 ἠ
1028 3061 1380 3130 μοιχευθεῖσα
1427 3078 1555 3125 τινι,
1585 3061 1680 3114 καὶ
1714 3059 1852 3130 μετά

1962 3059 2212 3115 adultera
2248 3071 2368 3127 est;
2424 3063 2473 3116 id
2506 3075 2613 3127 est,
2667 3080 2792 3133 qua:
2847 3079 2971 3120 cum
3017 3067 3198 3137 aliquo
3234 3066 3576 3124 adulterata'

281 3150 515 3204 θάνατον
541 3150 634 3204 τοῦ
667 3153 898 3223 νομίμου
927 3129 1129 3224 ἀνδρὸς
1147 3129 1228 3220 τῷ
1265 3152 1440 3225 μοιχῷ
1465 3194 1478 3218 ,
1511 3155 1661 3222 νόμῳ
1693 3129 1852 3221 δῆθεν

1962 3161 2064 3213 est,
2113 3161 2168 3206 et
2212 3162 2334 3222 post
2367 3154 2590 3224 legitimi
2634 3157 2719 3210 sui
2757 3158 2938 3212 mariti
2984 3170 3216 3214 mortem
3265 3161 3540 3227 adultero,

282 3243 464 3311 γάμου
495 3245 751 3310 μιγεῖσα·
801 3244 859 3298 οὐ
895 3245 1006 3316 γὰρ
1053 3249 1422 3315 συγχωρεῖται
1461 3245 1640 3313 τούτῳ
1681 3259 1852 3296 συνοι-

1962 3243 2301 3298 matrimonii
2325 3245 2542 3300 scilicet
2572 3246 2709 3317 lege,
2744 3248 3038 3317 conjuncta
3067 3259 3172 3305 est.
3227 3249 3344 3306 Non
3390 3253 3538 3306 enim

281 3336 388 3386 κεῖν
435 3335 473 3405 τι
523 3334 771 3406 τοιαύτη,
805 3334 930 3390 οὔτε
982 3337 1137 3407 παρὰ
1189 3339 1298 3390 τῶν
1359 3339 1456 3407 τῆς
1501 3339 1852 3407 Ἐκκλησίας,

1961 3331 2052 3386 illa
2078 3348 2184 3387 una
2213 3349 2335 3389 cum
2366 3350 2432 3390 eo
2451 3337 2638 3391 vivere
2662 3339 3022 3405 permittitur,
3051 3355 3230 3409 neque
3258 3343 3328 3396 ab
3360 3343 3539 3397 eccle-

279 3427 397 3480 οὖτε
446 3429 599 3496 παρά
643 3428 752 3482 τῶν
793 3429 1090 3483 πολιτικῶν
1123 3430 1307 3499 νόμων
1332 3445 1348 3463 ·
1382 3431 1477 3483 καὶ
1523 3433 1574 3484 εί
1618 3431 1692 3501 μὴ
1721 3432 1852 3484 ἀπο-

1960 3423 2202 3479 siasticis
2224 3441 2403 3496 neque
2437 3442 2465 3479 a
2501 3427 2761 3485 civilibus
2793 3429 3032 3499 legibus,
3064 3440 3118 3485 et
3151 3432 3257 3486 nisi
3282 3433 3537 3500 desistat,

281 3519 463 3587 σταίη,
496 3518 556 3572 ού
587 3518 773 3572 λύεται
803 3519 1060 3592 ταύτηςή
1093 3521 1368 3590 ἁμαρτία,
1400 3521 1496 3575 καὶ
1535 3523 1585 3573 εί
1611 3521 1703 3573 τδν
1734 3522 1855 3592 χρόα

280 3625 364 3660 νον
387 3611 699 3663 ἐκτελέσειε
743 3610 850 3665 τῶν
875 3612 1193 3682 ἐπιτιμίων.
1225 3613 1389 3682 Ζήτει
1417 3613 1513 3666 καὶ
1538 3611 1600 3665 τὸ
1633 3618 1675 3665 ε’
1719 3629 1849 3682 κερ.

278 3699 367 3753 τοῦ
397 3702 438 3754 Γ
471 3703 770 3774 στοιχείου,
794 3703 929 3758 ἀλλά
953 3705 1017 3774 δὴ
1043 3707 1136 3759 καὶ
1165 3704 1227 3760 τὸ
1258 3713 1352 3768 ις’.

943 3800 1146 3867 Νόμοι.

352 3887 410 3940 ’0
441 3888 538 3939 ἐπὶ
559 3888 774 3960 μοιχεία
809 3891 1064 3957 γυναικὸς
1096 3888 1500 3959 κατηγορηθεὶς
1533 3889 1596 3942 ού
1626 3887 1854 3944 δύναται

280 3977 483 4049 ταύτην
513 3982 760 4050 γαμετὴν
789 3981 1114 4048 ἀγαγέσθαι.

341 4074 560 4136 Πάντας
616 4075 730 4127 ὅσοι
779 4074 878 4137 τὰς
912 4077 1177 4141 γυναῖκας
1233 4073 1414 4126 αὐτῶν
1459 4073 1851 4144 μοιχευομένας

280 4164 621 4232 εὑρίσκοντες
653 4165 728 4235 μὴ
758 4166 1069 4231 ἀπολύουσι,
1107 4167 1466 4236 τιμωρεῖιθαι
1529 4165 1848 4231 κελεύομεν.

281 4254 646 4324 Πορνοϐοσκός
710 4257 908 4308 ἑστινό
939 4254 1035 4326 τὴν
1082 4255 1276 4308 ἑαυτοῦ
1335 4256 1582 4324 γαμετὴν
1636 4271 1854 4325 μοιχευ-

280 4345 459 4400 θεῖσαν
499 4346 572 4416 μὴ
607 4345 906 4412 ἀπολύσας,
937 4348 999 4399 οὐ
1057 4347 1162 4416 μὴν
1193 4350 1218 4398 ὀ
1251 4346 1425 4415 ψιλῶς
1477 4346 1848 4409 ὑποπτεύσας.

339 4436 506 4489 Ἀλλά
525 4436 709 4501 τανῦν,
740 4439 835 4490 καὶ
863 4439 1000 4506 μετά
1033 4439 1132 4506 τὴν
1159 4438 1483 4506 καταδίκην,
1541 4437 1764 4490 δύναται
1819 4437 1848 4488 6

1957 3516 2079 3584 eju‘s
2106 3525 2392 3586 peccatum
2428 3533 2536 3573 non
2567 3520 2821 3582 solvitur,
2852 3520 2977 3576 licet
3010 3535 3297 3590 poenarum
3321 3533 3540 3594 tempus

1956 3605 2271 3675 perfecerit.
2303 3605 2498 3673 Quaere
2531 3619 2584 3664 et
2615 3609 2650 3664 ὅ
2683 3625 2808 3680 cap.
2839 3611 2924 3666 lit.
2953 3611 3016 3679 Γ,
3048 3613 3183 3682 quin
3218 3623 3275 3669 et
3308 3614 3396 3670 l6.

2631 3785 2817 3855 Leges.

2030 3875 2134 3942 Qui
2169 3876 2421 3932 adulterii
2483 3893 2608 3934 cum
2641 3879 2873 3934 muliere
2912 3879 3193 3936 commissi
3221 3893 3535 3946 accusatur,

1955 3967 2102 4022 illam
2141 3985 2366 4024 uxorem
2401 3971 2604 4027 ducere
2633 3986 2741 4026 non
2773 3982 2976 4042 potest.

2023 4058 2349 4132 Quicunque
2373 4077 2574 4118 uxores
2607 4079 2736 4119 suas
2760 4064 3075 4119 adulterare
3099 4065 3536 4136 deprehendunt,

1954 4160 2132 4208 etnon
2163 4155 2466 4220 dimittunt,
2488 4156 2668 4224 puniri
2685 4171 2778 4210 eos
2793 4157 3072 4226 juhemus.
3097 4157 3246 4212 Leno
3263 4160 3410 4213 enim
3427 4169 3535 4224 est,

1953 4245 2046 4313 qui
2081 4246 2358 4315 propriam
2388 4262 2543 4300 suam
2576 4262 2804 4301 uxorem
2848 4248 3210 4302 adulteratam
3273 4265 3382 4303 non
3453 4251 3538 4304 di-

1955 4337 2159 4403 mittit;
2218 4354 2326 4392 non
2359 4354 2488 4394 vero
2540 4341 2634 4410 qui
2690 4348 2903 4394 tantum
2939 4352 3250 4410 suspectam
3287 4343 3471 4397 habet.

2022 4429 2181 4484 Nunc
2217 4441 2421 4496 autem,
2467 4441 2521 4486 et
2555 4443 2678 4500 post
2709 4433 3254 4496 condemnationem,
3284 4434 3366 4488 vir
3396 4449 3536 4488 uxo-

274 4529 405 4599 ἀνὴρ
432 4529 724 4584 ἀναλαὸεῖν
755 4529 821 4582 ὲκ
850 4529 943 4582 τοῦ
971 4529 1340 4598 μοναστηρίου
1393 4529 1494 4598 τὴν
1543 4527 1848 4598 μοιχευθεῖ-

1958 4537 2068 4576 rem
2093 4537 2250 4575 suam
2276 4522 2578 4576 adulteram
2607 4537 2672 4575 ex
2698 4522 3038 4576 monasterio
3058 4523 3309 4591 accipere
3333 4533 3535 4593 potest,

276 4637 367 4673 σαν
391 4621 558 4674 αὑτοῦ
611 4621 864 4688 γυναῖκα,
909 4621 1049 4674 κατὰ
1099 4619 1199 4690 τὴν
1263 4619 1365 4690 ριξ¹
1412 4618 1850 4672 Ἰουστινιάνειον

275 4708 492 4776 νεαρὰν,
560 4707 889 4774 Κελεύομεν,
950 4708 1236 4775 λέγουσαν,
1311 4710 1410 4776 τὴν
1472 4707 1852 4778 μοιχευθεῖσαν

275 4803 529 4866 γυναῖκα,
563 4801 680 4862 ταῖς
705 4791 1116 4870 προσηκούσαις
1146 4799 1593 4869 ὑποϐαλλομένην
1615 4803 1848 4866 ποιναῖς,

277 4891 621 4960 μοναστηρίῳ
649 4889 1012 4960 ἐμϐάλλεσθαι
1051 4907 1064 4922 ·
1097 4890 1193 4944 καὶ
1219 4892 1268 4942 εἰ
1302 4889 1400 4959 μὲν
1425 4889 1558 4944 εἴσω
1583 4890 1787 4954 διετίας
1818 4890 1846 4944 ὁ

274 4982 406 5052 ἀνὴρ
437 4982 608 5051 αὐτὴν
641 4981 930 5036 ἀναλαϐεῖν
960 4981 1272 5053 βουληθείη.
1303 4981 1554 5046 ἐξουσίαν
1591 4982 1743 5052 αὐτῷ
1776 4982 1854 5036 δί-

274 5073 428 5142 δομεν
449 5072 610 5126 τοῦτο
646 5074 838 5136 ποιεῖν,
870 5075 962 5125 καὶ
1003 5073 1270 5125 συνοικεῖν
1291 5073 1454 5142 αὐτῇ,
1505 5072 1709 5140 μηδένα
1741 5073 1855 5125 κίν-

271 5163 422 5216 δυνον
453 5162 704 5217 ἐντεῦθεν
722 5163 1131 5234 εὐλαϐουμένῳυ
1164 5163 1224 5216 οὐ
1248 5163 1364 5232 γὰρ
1412 5162 1852 5226 καταϐλάπτεται

272 5256 499 5324 ὁγάμος
552 5255 637 5308 διὰ
685 5255 754 5308 τὰ
818 5256 876 5309 ὲν
937 5255 1013 5325 τῷ
1061 5255 1266 5323 μεταξὺ
1294 5256 1583 5323 γεγονότα.
1642 5255 1706 5307 Εί
1736 5255 1793 5308 δὲ
1823 5256 1852 5307 6

271 5351 668 5419 προειρημένος
699 5350 893 5420 χρόνος
925 5349 1209 5416 παρέλθοι,
1242 5348 1275 5418 ἢ
1307 5350 1334 5402 6
1361 5350 1523 5419 ἀνὴρ,
1558 5349 1688 5418 πρὶν
1715 5350 1851 5402 ἀνα-

271 5435 453 5490 λαϐεῖν
484 5440 672 5508 αὐτὴν,
700 5437 1068 5509 τελευτήσειε,
1102 5436 1400 5506 κελεύομεν
1454 5437 1853 5505 ἀποκείρεσθαι

271 5529 366 5598 τὴν
397 5529 650 5596 γυναῖκα,
683 5532 776 5583 καὶ
809 5529 869 5582 τὸ
903 5530 1195 5599 μοναχικὸν
1223 5529 1406 5599 σχῆμα
1433 5528 1755 5596 λαμϐάνειν.

346 5621 547 5690 Εἱπερὶ
566 5624 810 5692 μοιχείας
838 5624 866 5674 ὁ
893 5620 1030 5692 ἀνὴρ
1061 5623 1447 5691 κατηγορήσας
1475 5622 1572 5690 τῆς
1594 5621 1856 5687 γυναικὸς

274 5713 603 5781 ἀπελέγξειε,
632 5713 956 5786 τηνικαῦτα,
1009 5711 1292 5784 χωρισμοῦ
1349 5716 1670 5780 γενομένου,
1713 5714 1857 5783 ἔχειν

272 5808 357 5858 τὸν
399 5806 566 5876 ἄνδρα
598 5807 912 5878 κελεύομεν,
930 5809 1066 5878 πρὸς
1089 5810 1154 5878 τῇ
1189 5807 1294 5877 πρὸ
1322 5808 1498 5876 γάμου
1528 5808 1728 5877 δωρεᾷ,
1762 5808 1854 5860 καὶ

1949 4612 2106 4682 juxta
2146 4613 2246 4668 H7
2272 4611 2568 4668 Iustiniani
2600 4613 2896 4676 novellam,
2920 4629 3043 4685 qua!
3069 4614 3242 4670 dicit:
3274 4615 3542 4672 iubemus

1953 4702 2241 4758 mulierem
2308 4702 2612 4756 adulteram
2679 4703 2940 4771 congruis
3014 4704 3198 4774 poenis
3261 4705 3537 4760 subditam

1953 4796 2008 4850 in
2041 4796 2439 4851 monasterium
2467 4796 2666 4866 conjici
2698 4813 2713 4851 :
2747 4807 2803 4851 et
2837 4797 2882 4852 si
2923 4797 3065 4852 intra
3099 4799 3382 4854 biennium
3417 4816 3536 4854 ma«

1958 4888 2098 4942 ritus
2124 4887 2254 4941 velit
2287 4902 2407 4940 eam
2445 4885 2733 4950 reducere,
2774 4887 2975 4941 damus
2993 4889 3042 4941 ei
3073 4896 3398 4957 potestatem
3430 4889 3537 4944 hoc

1957 4977 2220 5041 faciendi,
2279 4986 2334 5030 et
2371 4991 2474 5028 una
2509 4990 2634 5029 cum
2679 4990 2744 5029 ea
2791 4975 3097 5041 habitandi,
3139 4977 3292 5031 nullo
3339 4978 3540 5033 exinde

1957 5071 2278 5124 imminente
2308 5069 2384 5122 illi
2423 5068 2689 5139 periculo.
2726 5066 2942 5122 Nullum
2972 5069 3120 5123 enim
3157 5069 3539 5138 praeiudicium

1955 5162 2156 5228 accipit
2219 5160 2636 5214 matrimonium
2682 5175 2746 5214 ex
2793 5161 2880 5215 his
2911 5177 3033 5230 qua:
3065 5161 3246 5215 medio
3289 5174 3539 5232 tempore

1955 5251 2098 5305 facta
2133 5260 2282 5306 sunt.
2320 5248 2414 5304 Sin
2469 5260 2650 5304 autem
2700 5251 3022 5318 praedictum
3061 5261 3278 5322 tempus
3307 5263 3539 5319 praeter-

1956 5343 2102 5404 ierit,
2165 5353 2258 5396 aut
2312 5341 2568 5405 maritus,
2637 5342 2957 5413 priusquam
3023 5342 3171 5396 illam
3241 5343 3535 5411 receperit,

1956 5435 2176 5501 obierit,
2210 5435 2470 5505 jubemus
2505 5447 2565 5488 ut
2599 5435 2896 5490 tondeatur
2932 5436 3154 5500 mulier,
3201 5444 3256 5489 et
3289 5435 3535 5490 habitum

1956 5528 2318 5582 monasticum
2355 5526 2570 5580 induat.

2043 5618 2201 5690 185
2243 5618 2299 5672 Si
2349 5618 2598 5671 adulterii
2631 5619 2712 5671 vir
2777 5633 3003 5673 uxorem
3053 5634 3210 5672 suam
3265 5618 3539 5672 damnans

1959 5711 2298 5775 convicerit,
2359 5719 2473 5764 tum
2535 5709 2884 5780 separatione
2945 5707 3085 5762 facta
3137 5707 3394 5778 jubcmus
3453 5709 3532 5760 vi-

1965 5820 2083 5858 rum
2106 5813 2305 5873 prmter
2330 5801 2682 5857 donationem
2722 5813 2848 5858 ante
2889 5803 3108 5870 nuptias
3142 5803 3338 5858 factam
3371 5804 3537 5858 etiam
