4054 6438
484 361 557 423 35
1394 368 1407 381 '
1681 355 2046 416 MATTHXEI
2079 354 2363 418 BLASTA
2378 359 2502 421 ltlS
3677 363 3747 429 36

485 478 667 531 dotem
700 476 939 534 habere:
970 488 1024 536 et
1057 479 1120 534 ad
1153 481 1276 545 hoc,
1301 477 1345 533 si
1372 474 1511 532 ﬁlios
1537 488 1650 530 non
1685 472 1903 537 habent,
1936 484 2055 526 tau—

2163 471 2256 540 τὴν
2281 479 2481 544 προῖκα
2500 494 2516 512 ⁸
2544 483 2635 533 καὶ
2658 482 2795 553 πρὸς
2816 483 3049 547 τούτοις,
3070 485 3117 537 εἰ
3148 482 3343 545 παῖδας
3367 482 3443 553 μὴ
3461 482 3595 553 ἒχοι,
3621 499 3745 534 τοσδ

485 581 598 623 tum
627 570 875 638 accipere
911 586 975 625 ex
1040 570 1144 626 alia
1191 570 1377 626 uxoris
1417 565 1742 629 substantia,
1796 574 2060 634 quantum

2170 562 2326 618 οὖτον
2347 566 2646 636 λαμϐάνειν
2673 574 2736 625 ὲκ
2765 573 2863 643 τῆς
2889 574 3057 644 ἄλλης
3101 574 3198 642 τῆς
3243 572 3500 640 γυναικὸς
3527 588 3745 642 περιου-

482 660 625 714 dotis
691 661 852 715 tertia
905 676 1033 730 pars
1090 676 1215 716 esse
1273 659 1638 729 cugnoscilur,
1681 666 1737 709 ut
1787 655 1903 723 eius
1940 670 2064 723 pro—

2168 657 2454 724 σίας,τὸσον
2472 662 2571 730 τῆς
2596 664 2822 733 προικὸς
2838 665 2898 717 τὸ
2916 664 3102 735 τρίτον
3133 665 3297 734 μέρος
3318 647 3460 717 εῖναι
3483 662 3750 731 γινώσκε-

487 751 705 817 prietati
739 763 792 805 et
821 753 921 806 dos
954 763 1008 805 et
1039 766 1068 805 a
1100 753 1258 807 nobis
1282 750 1503 806 deﬁnita
1546 763 1706 819 paena
1735 748 2057 817 applicetur.

487 840 542 893 Si
578 842 721 895 enim
761 843 901 897 ﬁlios
929 843 1183 898 habuerit
1208 858 1273 898 ex
1303 843 1423 911 ejus
1456 839 1829 904 matrimonio,
1869 850 1921 892 et
1966 839 2062 893 do-

486 944 595 987 tem
637 935 907 1002 aliamque
962 935 1205 989 mulieris
1258 933 1621 989 substantiam
1658 931 1786 985 filiis
1842 946 2063 985 conser-

489 1024 642 1089 vari,
695 1034 752 1079 et
819 1026 892 1079 ita
952 1025 1255 1080 adulterum
1321 1024 1564 1093 legitime
1602 1024 1907 1077 convictum
1955 1036 2062 1075 una

483 1132 606 1170 cum
643 1132 813 1171 uxore
863 1117 1067 1185 puniri.
1121 1116 1187 1171 Et
1228 1117 1278 1170 si
1323 1115 1543 1185 quidem
1588 1130 1808 1169 uxorem
1868 1114 2064 1167 habeat

481 1208 719 1274 adulter,
747 1224 868 1264 eam
899 1218 955 1264 et
986 1211 1165 1265 dotem
1190 1217 1246 1264 et
1276 1216 1405 1262 ante
1457 1206 1674 1275 nuptias
1713 1205 2059 1261 donationem

483 1300 765 1370 accipere:
812 1301 976 1355 aliam
1041 1316 1173 1355 vero
1204 1298 1389 1354 mariti
1442 1297 1828 1359 substantiam,
1870 1296 1912 1352 si
1955 1296 2064 1351 sint

482 1391 703 1461 quidem
755 1392 1116 1447 ascendentes
1172 1390 1260 1445 vel
1329 1390 1724 1445 descendentes
1774 1400 1944 1457 usque
1993 1385 2063 1441 ad

483 1484 704 1538 tertium
739 1483 992 1554 gradum,
1029 1484 1150 1537 illos
1173 1481 1292 1538 eam
1330 1482 1612 1551 accipere;
1644 1480 1728 1535 sin
1752 1490 1933 1535 autem
1958 1493 2062 1534 non

481 1575 612 1640 sint,
642 1590 765 1629 eam
798 1574 933 1630 ﬁsco
971 1572 1302 1645 adiudicari.

552 1753 834 1809 Adulteris
879 1751 1183 1807 verberatis
1219 1760 1271 1804 et
1305 1750 1483 1807 tonsis
1540 1764 1702 1804 nares
1734 1747 2067 1804 abscindan-

2163 766 2254 803 ται
2269 763 2283 779 ⁸
2307 750 2446 804 ὥστε
2469 756 2535 822 τῇ
2552 754 2717 808 αὐτοῦ
2738 754 3027 826 δεσποτεία
3055 757 3150 809 καὶ
3166 757 3267 825 τὴν
3300 757 3507 824 προῖκα
3535 754 3630 808 καὶ
3648 754 3748 821 τὴν

2165 838 2470 910 παρ’ἡμῶν
2491 842 2802 911 ὁρισθεῖσαν
2828 842 3018 913 ποινὴν
3041 841 3509 913 προσκυροῦσθαι.
3539 839 3602 891 Εί
3637 838 3742 907 γὰρ

2165 932 2360 994 παῖδας
2384 931 2497 1001 ἔχοι
2528 935 2593 986 ὲκ
2613 933 2707 987 τοῦ
2738 935 2908 1002 αὐτῆς
2930 935 3288 996 συνοικεσίου,
3314 933 3409 987 καὶ
3430 930 3529 1001 τὴν
3543 933 3746 1000 προῖκα

2165 1024 2260 1077 καὶ
2290 1025 2386 1095 τὴν
2409 1026 2578 1096 ἀλλην
2611 1026 2717 1096 τῆς
2747 1027 3005 1094 γυναικὸς
3054 1026 3373 1097 περιουσίαν
3421 1026 3534 1086 τοῖς
3586 1020 3747 1074 παισὶ

2166 1114 2551 1184 φυλάττεσθαι,
2603 1120 2699 1173 καὶ
2723 1119 2866 1172 οὕτω
2888 1119 2977 1173 τὸν
3017 1119 3203 1189 μοιχὸν
3232 1116 3481 1188 νομίμως
3528 1112 3748 1181 ἐλεγχό-

2169 1227 2348 1280 μενον,
2374 1210 2491 1281 ἅμα
2509 1214 2575 1283 τῇ
2603 1213 2822 1280 γυναικὶ
2839 1211 3225 1282 τιμωρεῖσθαι.
3254 1211 3367 1265 Καὶ
3400 1209 3452 1261 εἱ
3509 1205 3609 1276 μὲν
3630 1203 3745 1274 ἔχει

2137 1286 2192 1354 ’ὁ
2219 1301 2407 1372 μοιχὸς
2431 1303 2700 1373 γαμετὴν,
2737 1302 2835 1375 τὴν
2865 1304 3069 1374 προῖκα
3116 1301 3214 1356 καὶ
3258 1300 3358 1371 τὴν
3413 1297 3521 1368 πρὸ
3560 1297 3744 1364 γάμου

2166 1393 2376 1464 δωρεὰν
2405 1395 2543 1465 αὐτῇ
2569 1411 2635 1449 πε
2645 1394 2995 1465 ρισὼζεσθαι,
3028 1394 3128 1464 τὴν
3149 1393 3209 1448 δὲ
3246 1390 3415 1462 ἄλλην
3433 1387 3528 1443 τοῦ
3550 1387 3742 1458 ἀνδρὸς

2165 1483 2336 1553 αὐτῆς
2364 1482 2701 1554 περιουσίαν,
2722 1485 2771 1537 εἰ
2800 1484 2904 1555 μέν
2934 1486 3073 1537 εἰσιν
3097 1480 3339 1542 ἀνιόντες
3368 1478 3404 1549 ἢ
3437 1479 3745 1538 κατιόντες,

2166 1573 2272 1636 ἕως
2308 1573 2491 1641 τρίτου
2521 1573 2732 1643 βαθμοῦ
2765 1572 2971 1643 ταύτην
2992 1571 3294 1642 λαμϐάνειν
3316 1565 3513 1628 αὐτούς
3538 1579 3554 1596 ο
3609 1563 3662 1616 εί
3688 1561 3746 1615 δι

2171 1663 2271 1734 μὴ,
2302 1661 2752 1734 προσκυροῦσθαι
2781 1663 2986 1730 ταύτην
3005 1661 3084 1729 τῷ
3111 1658 3380 1730 δημοσίῳ.

2238 1754 2303 1807 Οί
2338 1753 2535 1824 μοιχοὶ,
2560 1752 2888 1822 τυπτόμενοι
2936 1751 3034 1805 καὶ
3080 1749 3491 1820 κουρευόμενοι,
3530 1744 3746 1815 ρινοκοο

482 1856 592 1901 tur.
630 1843 959 1900 lnternuutii
992 1858 1122 1897 vero
1154 1853 1208 1897 et
1262 1841 1413 1909 impii
1471 1841 1750 1911 huiusque
1793 1840 2061 1895 facinoris

2172 1843 2483 1898 πείσθωσαν
2514 1860 2533 1878 ο
2555 1845 2606 1897 ol
2635 1843 2693 1899 δὲ
2722 1842 2877 1914 μέσοι
2910 1843 3004 1896 καὶ
3037 1840 3306 1911 ὑπουργοὶ
3351 1837 3446 1890 τοῦ
3498 1832 3747 1888 τοιούτου

479 1936 785 1993 administri
819 1936 1089 1988 verberati
1120 1941 1171 1988 et
1196 1933 1341 1988 tonsi
1376 1935 1431 1987 in
1466 1940 1789 2001 perpetuum
1824 1930 2054 1984 mittan-

480 2039 570 2085 tur
610 2027 886 2083 exsilium.

550 2118 693 2186 Quin
743 2118 910 2172 etiam
944 2127 1001 2171 et
1049 2116 1122 2170 '52
1178 2114 1390 2170 novella
1442 2111 1798 2184 imperatoris
1857 2109 2061 2166 Leonis

479 2224 755 2280 congruas
814 2224 1005 2279 pinnas
1060 2207 1332 2262 adulteris
1378 2205 1514 2262 viris
1566 2213 1622 2261 et
1661 2202 1928 2259 adulteris
1987 2201 2064 2258 fe-

480 2303 648 2358 minis
677 2302 892 2356 statuit.

552 2392 855 2446 Triccsima
877 2399 1071 2447 octava
1097 2404 1229 2444 vero
1253 2390 1466 2445 novella
1501 2388 1809 2443 adulterum
1831 2395 1885 2440 ct
1908 2385 2063 2441 adul-

483 2497 661 2544 teram
690 2487 904 2541 narium
945 2485 1290 2542 abscissione
1331 2484 1510 2555 punit,
1535 2495 1590 2540 et
1622 2482 1888 2544 decernit,
1916 2481 2061 2551 quod

483 2579 719 2635 maritus
768 2578 1029 2634 adulterae
1059 2578 1242 2633 dotem
1278 2577 1563 2643 lueretur;
1596 2577 1742 2631 illam
1796 2584 1977 2630 autem
2006 2574 2061 2628 in

482 2671 825 2728 monasterio
859 2670 1093 2735 includi,
1152 2686 1256 2725 nec
1308 2680 1490 2726 tamen
1525 2670 1750 2724 invitam
1800 2664 2060 2731 tonderi;

483 2779 607 2835 quae
633 2779 762 2820 vero
794 2763 938 2818 ultra
978 2763 1162 2819 dotem
1195 2771 1327 2817 sunt
1358 2762 1648 2817 facultates
1679 2760 1799 2827 eius
1835 2759 1978 2812 Iilios
2005 2764 2062 2812 et

482 2857 886 2913 monasterium
924 2855 1207 2920 dividere;
1241 2857 1325 2910 sin
1379 2863 1561 2908 autem
1629 2869 1737 2907 non
1779 2852 1942 2907 habet
1995 2848 2063 2903 li—

483 2950 675 3013 heros,
704 2947 828 3018 ejus
860 2957 1120 3019 parentes
1162 2946 1244 3003 vel
1293 2947 1433 3001 alios
1463 2960 1531 3001 ex
1562 2945 1684 3015 eius
1711 2942 2059 3013 cegnatione.

557 3125 718 3181 Actio
767 3124 1025 3180 adulterii
1063 3123 1390 3191 intenditur,
1448 3139 1558 3178 non
1606 3122 1786 3179 solum
1820 3121 1891 3176 ob
1931 3121 2062 3190 legi-
2090 3164 2132 3219 ο

2161 1937 2508 2005 ἀσεϐήματος
2547 1935 2859 2004 γεγονότες,
2885 1933 3218 2002 τυπτόμενοι
3253 1930 3351 1983 καὶ
3413 1925 3750 1996 κουρευόμεα

2161 2047 2267 2091 νοι,
2295 2028 2535 2096 διηνεκεῖ
2565 2026 3133 2099 παραπεμφθήτωσαν
3159 2020 3368 2094 ἔξορίᾳ.

2244 2118 2404 2171 Ἀλλά
2450 2118 2546 2170 καὶ
2580 2117 2627 2187 ,ἡ
2647 2114 2726 2186 λβ¹
2757 2114 2927 2186 νεαρὰ
2955 2112 3047 2168 τοῦ
3081 2113 3345 2182 βασιλέως
3392 2111 3622 2175 Λέοντος
3653 2112 3755 2175 τὰς

2163 2208 2550 2279 προσηκούσας
2578 2208 2771 2271 ποινὰς
2791 2204 3089 2278 διορίζεται
3115 2206 3228 2268 τοῖς
3268 2204 3479 2274 μοιχοῖς
3507 2204 3604 2257 καὶ
3623 2205 3750 2266 ταῖς

2166 2303 2492 2374 μοιχαλίσιν.

2246 2394 2311 2447 Ἦ
2345 2394 2401 2446 δὲ
2425 2393 2506 2462 λη’
2541 2391 2703 2462 ῥινῶν
2731 2394 2938 2464 ἐκτομῇ
2968 2391 3060 2445 τὸν
3124 2392 3314 2462 μοιχὸν
3343 2391 3439 2445 καὶ
3467 2390 3566 2460 τὴν
3623 2406 3755 2459 μοι.

2163 2484 2356 2557 χαλίδα
2387 2484 2628 2546 κολάζει,
2668 2485 2763 2537 καὶ
2785 2483 3097 2555 διορίζεται,
3134 2482 3226 2536 τὸν
3283 2482 3383 2553 μὲν
3439 2481 3607 2552 ἀνδρα
3646 2483 3753 2548 τῆς

2168 2575 2552 2647 μοιχευθείσης
2591 2574 2897 2647 κερδαίνειν
2941 2575 3043 2646 τὴν
3092 2576 3320 2645 προῖκα,
3367 2574 3537 2642 αὐτὴν
3583 2573 3640 2627 δὲ
3694 2575 3753 2626 ὲν

2167 2667 2518 2738 μοναστηρίῳ
2547 2664 2978 2737 περιορίζεοθαι,
3012 2668 3107 2720 καὶ
3128 2667 3369 2721 ἄκουσαν
3409 2664 3485 2736 μὴ
3516 2666 3753 2718 ἀποκεί-

2170 2759 2360 2829 ρεσθαι
2388 2775 2403 2790 ο
2432 2760 2501 2812 τὰ
2518 2758 2575 2813 δὲ
2592 2759 2689 2828 τῆς
2710 2758 2939 2829 προικὸς
2965 2759 3221 2812 ἐπέκεινα
3266 2756 3569 2826 πράγματα
3617 2757 3755 2820 τοὺς

2165 2851 2360 2914 παῖδας
2383 2850 2550 2920 αὐτῆς
2583 2852 2679 2904 καὶ
2710 2850 2770 2904 τὸ
2825 2850 3190 2919 μοναστήριον
3239 2848 3595 2919 διανέμεσθαι
3620 2860 3636 2878 ·
3695 2846 3755 2917 ἢ.

2166 2942 2374 2996 παίδων
2403 2940 2479 3013 μὴ
2510 2926 2700 3004 ὄντων,
2723 2940 2851 3004 τοὺς
2872 2939 3067 3008 γονέας
3086 2939 3257 3011 αὐτῆς
3315 2939 3350 3009 ἢ
3403 2938 3546 2994 κατὰ
3589 2937 3756 3007 γένος

2167 3032 2347 3094 ἄλλως
2372 3031 2772 3100 προσήκοντας.

2249 3122 2315 3177 ἸΙ
2346 3121 2636 3193 μοιχείαού
2672 3121 2829 3192 μόνον
2858 3122 2950 3175 ἐπὶ
3000 3121 3176 3194 φθορᾷ
3224 3122 3459 3193 νομίμου
3499 3123 3761 3193 γαμετῆς

485 3219 637 3275 limae
666 3218 855 3274 uxoris
907 3226 1184 3287 stuprum,
1213 3219 1307 3273 sed
1353 3217 1517 3273 etiam
1558 3232 1722 3288 super
1765 3216 2063 3271 matrimo-

2170 3214 2423 3276 κινεῖται,
2441 3214 2577 3266 ἀλλὰ
2597 3213 2689 3266 καὶ
2715 3212 2808 3267 ἐπὶ
2831 3212 3160 3278 ἀσυστάτου,
3185 3214 3281 3267 καὶ
3337 3214 3601 3284 ἀθεμίτου
3649 3216 3761 3282 γ’ἆ-

485 3311 664 3375 nium,
695 3310 844 3379 quod
876 3309 1182 3365 consistere
1225 3323 1334 3363 non
1371 3317 1570 3379 potest,
1599 3316 1654 3364 et
1693 3308 2059 3380 illegitimum,

485 3403 543 3452 et
571 3395 876 3465 sponsalia,
897 3404 951 3450 et
976 3395 1427 3450 concubinatum.

558 3484 663 3553 Qui
694 3485 1004 3541 adulterum
1046 3500 1172 3541 cum
1228 3486 1452 3556 propria
1492 3501 1664 3541 uxore
1696 3486 1750 3540 in
1789 3486 1910 3557 ipso
1937 3495 2060 3542 actu

484 3577 875 3649 deprehendit,
911 3578 958 3633 si
1012 3577 1315 3647 contiugah
1359 3592 1487 3633 eum
1556 3579 1832 3645 occidere,
1862 3595 1970 3635 non
2001 3588 2064 3635 ut

484 3670 759 3725 homicida
794 3671 1063 3740 punitur;
1118 3671 1173 3725 in
1225 3686 1322 3725 sua
1357 3671 1504 3726 enim
1559 3674 1779 3741 propria
1808 3672 1974 3726 domo
2006 3673 2061 3727 in

484 3761 604 3829 ipso
642 3770 771 3815 actu
807 3761 1039 3815 maritus
1071 3760 1391 3815 adulterum
1418 3761 1730 3816 interficere
1766 3770 1963 3831 potest,
2009 3770 2063 3816 et

483 3852 634 3905 illum
685 3851 965 3907 scenicum
1019 3851 1104 3907 vel
1158 3851 1442 3906 infamem.
1476 3850 1688 3906 Marilis
1731 3863 1913 3907 autem
1953 3868 2061 3909 non

484 3942 807 3998 conceditur
839 3941 1120 3995 adulteras
1149 3956 1280 3995 suas
1325 3955 1526 3995 uxores
1560 3941 1893 3997 interﬁcere.

557 4116 795 4171 Diversae
830 4114 1027 4169 deinde
1077 4114 1224 4183 leges
1254 4113 1471 4181 iubent,
1513 4113 1801 4168 mulierem
1833 4128 1941 4169 non
1966 4115 2064 4170 ali-

485 4218 570 4263 ter
616 4205 971 4263 condemnari
1022 4217 1082 4260 ut
1125 4205 1454 4269 adulteram,
1501 4220 1661 4273 quam
1700 4220 1796 4274 per
1843 4217 2063 4275 apertas

482 4299 858 4371 probationes,
914 4297 969 4352 id
1027 4306 1133 4361 est,
1163 4312 1259 4368 per
1306 4299 1552 4367 quinque
1611 4307 1782 4353 testes
1812 4297 2062 4366 iurantes

486 4407 548 4448 se
576 4392 784 4447 vidisse
836 4391 891 4444 in
927 4391 1047 4459 ipso
1102 4396 1229 4443 actu
1285 4388 1403 4443 ﬁeri
1444 4388 1800 4443 adulterium.
1833 4388 1946 4445 Hac
1975 4407 2064 4445 ra—
2096 4394 2101 4399 ’

2172 3322 2300 3377 μου,
2338 3307 2434 3360 καὶ
2464 3305 2785 3377 μνηστείας,
2815 3304 2911 3359 καὶ
2940 3305 3351 3377 παλλακισμοῦ.

2251 3485 2310 3538 '0
2364 3484 2457 3537 τὸν
2516 3481 2702 3552 μοιχὸν
2747 3481 2887 3552 μετά
2934 3483 3034 3553 τῆς
3060 3484 3197 3547 ἰδίας
3241 3483 3500 3549 γυναικὸς
3526 3484 3585 3537 ἐν
3611 3501 3755 3557 συμο

2171 3576 2344 3646 πλοκῇ
2371 3574 2717 3635 καταλαϐὼν,
2755 3573 2852 3627 ἐὰν
2895 3573 3077 3645 συμϐῇ
3139 3574 3305 3628 αὐτὸν
3350 3575 3584 3636 ἀνελεῖν,
3648 3578 3754 3638 οὐκ

2169 3670 2456 3723 εὐθύνεται
2495 3667 2571 3730 ὡς
2593 3665 2918 3737 ἀνδροφόνος
2953 3682 2968 3698 ο
2999 3667 3058 3719 ἐν
3094 3667 3242 3738 μόνῳ
3272 3666 3379 3736 γὰρ
3400 3667 3479 3737 τῷ
3505 3667 3622 3737 ἰδίῳ
3673 3670 3755 3722 οἶ-

2169 3778 2252 3832 κῳ
2315 3759 2403 3811 ἐπ’
2456 3757 2761 3828 αὐτοφώρῳ
2818 3756 3045 3829 δύναται
3101 3757 3349 3826 φονεύειν
3385 3760 3478 3811 τὸν
3508 3760 3753 3828 μοιχὺνό

2170 3850 2332 3920 ἀνὴρ,
2369 3851 2463 3901 καὶ
2490 3848 2679 3901 τοῦτον
2700 3844 2959 3918 σκηνικὸν
2991 3846 3245 3916 ἥάτιμον
3281 3849 3431 3901 ὄντα.
3496 3850 3570 3902 Οὐ
3602 3850 3754 3904 δέδοη

2087 3999 2094 4008 ,
2170 3958 2258 3994 ται
2284 3939 2340 3991 δὲ
2366 3940 2477 3998 τοῖς
2506 3938 2731 4007 ἀνδράσι
2759 3937 3009 4005 φονεύειν
3034 3938 3131 4000 τὰς
3193 3939 3579 4010 μοιχευθείσας
3641 3946 3745 3995 αὐ-

2168 4035 2277 4090 τῶν
2306 4037 2592 4103 γυναῖκας.

2241 4127 2499 4197 Διάφοροι
2547 4127 2603 4179 δὲ
2651 4127 2810 4193 νόμοι
2877 4126 3241 4190 θεσπίζουσι,
3296 4129 3371 4198 μὴ
3418 4128 3591 4192 ἄλλως
3650 4131 3753 4196 τὴν

2169 4218 2403 4286 γυναῖκα
2440 4217 2823 4285 μοιχευθεῖσαν
2853 4219 3305 4288 κατακρίνεσθαι,
3339 4221 3390 4270 εί
3420 4220 3494 4289 μὴ
3531 4222 3619 4273 διὰ
3642 4239 3752 4290 φαε-

2169 4315 2339 4384 νερῶν
2372 4311 2723 4379 ἀποδείξεων,
2769 4316 3038 4379 τουτέστι,
3085 4315 3175 4368 διὰ
3234 4314 3397 4368 πέντε
3454 4315 3755 4384 μαρτύρων

2169 4405 2479 4475 όμνυόντων
2519 4405 2648 4459 ίδεῖν
2679 4405 2769 4459 ἐπ’
2793 4406 3094 4473 αὐτοφώρῳ
3125 4406 3226 4474 τὴν
3278 4405 3523 4475 μοιχείαν
3564 4406 3753 4459 τελου-

486 4485 634 4540 tione
667 4499 769 4538 inec
793 4497 988 4538 omnes
1021 4491 1257 4548 possunt
1289 4482 1544 4537 adulterii
1574 4484 1846 4539 actionem
1885 4486 2064 4540 inten-

2175 4498 2363 4567 μένην.
2397 4496 2557 4549 Κατά
2580 4495 2742 4550 τοῦτο
2781 4498 2888 4567 γὰρ
2914 4497 3037 4549 οὐδὲ
3069 4496 3271 4559 πάντες
3290 4496 3547 4548 δύνανται
3578 4499 3755 4548 κινεῖν

484 4575 656 4638 dere,
703 4576 797 4629 sed
847 4574 1096 4644 quinque
1156 4573 1332 4628 solum
1380 4588 1651 4643 personae,
1682 4575 1937 4638 maritus,
1968 4592 2057 4646 pa-

484 4676 568 4722 ter
602 4666 745 4734 eius,
778 4664 969 4730 frater,
1014 4673 1269 4734 patruus,
1293 4665 1641 4734 avunculus;
1672 4667 1744 4721 ita
1776 4668 1921 4723 enim
1950 4684 2064 4722 ma-

484 4760 568 4828 gis
614 4756 891 4812 credibilis
940 4757 1000 4810 ﬁt
1047 4755 1372 4824 quaestionis
1454 4764 1774 4827 praetextus.
1825 4758 1881 4813 Si
1932 4774 2063 4815 vero

485 4850 599 4905 sint
638 4849 913 4919 peregrini
946 4848 1038 4915 qui
1070 4856 1357 4911 accusant,
1391 4847 1436 4901 si
1461 4848 1682 4913 quidem
1717 4849 2064 4906 demonstra-

486 4942 688 5004 tionem
752 4939 1026 5002 adferant,
1081 4941 1300 4993 narium
1356 4938 1707 4995 abscissione
1760 4944 2063 5010 puniuntur

486 5034 720 5089 adulteri
747 5050 761 5099 ;
794 5033 880 5087 sin
914 5042 1096 5086 autem
1158 5040 1380 5102 propter
1412 5032 1734 5088 inimicitias
1764 5036 2064 5090 accusatio-

486 5143 610 5182 nem
652 5125 917 5180 dctulisse
943 5125 1366 5189 convincuntur,
1399 5126 1502 5196 ipsi
1560 5127 1806 5180 eamdem
1841 5142 2061 5196 pennam

486 5202 745 5272 subeunt.
772 5216 969 5272 Mulier
1009 5226 1213 5280 autem,
1239 5234 1357 5287 qua:
1390 5233 1451 5273 se
1482 5220 1786 5273 adulteram
1843 5221 1955 5287 ipsa
1993 5221 2065 5275 fa-

489 5318 654 5372 tetur,
686 5325 793 5363 non
845 5309 1286 5374 condemnatur;
1320 5310 1463 5379 quod
1499 5311 1663 5364 etiam
1712 5327 1914 5365 novum
1956 5325 2060 5367 est.

555 5402 659 5467 Qui
692 5402 828 5455 duas
866 5416 1063 5456 uxores
1092 5403 1275 5467 habet,
1320 5403 1642 5457 verberetur
1677 5422 1689 5457 :
1736 5404 1958 5471 expulsa
1995 5406 2063 5459 ab

488 5495 607 5564 ipso
669 5509 842 5548 uxore
903 5494 1336 5563 superiuducta,
1382 5505 1437 5548 et
1494 5494 1682 5550 liberis
1739 5513 1805 5549 ex
1853 5511 1914 5550 ea
1968 5512 2065 5551 na-

485 5587 579 5639 tis.

556 5677 661 5742 Qui
707 5677 846 5731 duas
877 5677 1079 5733 habere
1123 5692 1327 5733 uxores
1360 5679 1734 5749 prtesumpsit,
1759 5694 1865 5734 non
1925 5679 2061 5748 lege,

484 5772 580 5825 sed
613 5768 675 5822 fa
701 5781 757 5825 to
814 5770 1055 5835 consilii,
1110 5770 1368 5826 adulterii
1418 5771 1693 5842 supplicio
1740 5773 2057 5841 subiicitur.

2167 4588 2229 4642 τὸ
2266 4588 2366 4655 τῆς
2398 4589 2643 4657 μοιχείας
2672 4588 2946 4656 ἔγκλημα,
3010 4588 3150 4641 ἀλλά
3212 4590 3483 4656 πρόσωπα
3531 4587 3697 4640 πέντε
3735 4605 3751 4621 ·

2165 4679 2515 4749 ἀνὴρ,πατὴρ
2536 4679 2728 4747 αὐτῆς,
2752 4679 3003 4746 ἁδελφὸς,
3027 4679 3170 4744 θεῖος
3193 4680 3329 4751 πρὸς
3347 4678 3577 4748 πατρὸς,
3604 4680 3754 4742 θεῖος

2166 4769 2307 4839 πρὸς
2366 4767 2612 4839 μητρός,
2672 4768 2814 4821 οὕτω
2865 4768 2975 4838 γὰρ
3004 4771 3419 4841 εὐπιστοτέραή
3478 4772 3752 4839 πρόφασις

2163 4862 2264 4933 τῆς
2286 4861 2808 4933 ζητήσεωςγίνεται.
2826 4862 2889 4916 El
2910 4862 2965 4915 δὲ
2994 4862 3134 4927 ξένοι
3170 4862 3280 4913 εἷεν
3308 4864 3355 4914 οἱ
3387 4864 3754 4933 κατηγοροῦν-

2169 4970 2284 5016 τες,
2316 4954 2366 5005 εί
2395 4952 2493 5022 μὲν
2520 4951 2913 5016 ἀποδείξουσιν,
2939 4953 3145 5021 ἐκτομῇ
3176 4953 3282 5003 τῶν
3309 4953 3473 5023 ῥινῶν
3492 4955 3541 5005 οἱ
3570 4957 3753 5022 μοιχοὶ

2164 5041 2528 5113 τιμωροῦνται
2558 5059 2572 5073 ο
2639 5043 2705 5095 ἂν
2760 5042 2817 5095 δὲ
2875 5042 3367 5111 ἀπελεγχθῶσι,δι’
3419 5042 3619 5111 ἔχθραν
3649 5047 3752 5112 τὴν

2165 5134 2500 5204 κατηγορίαν
2534 5134 2919 5202 πεποιηκότες,
2951 5125 3099 5185 οὗτοι
3129 5132 3228 5202 τὴν
3253 5133 3510 5203 τοιαύτην
3558 5137 3752 5204 ποινὴν

2165 5226 2528 5292 ὑπομένουσιν
2561 5241 2574 5253 ·
2626 5223 2743 5275 ἀλλ’
2791 5223 2914 5275 οὐδὲ
2966 5222 3102 5292 αὐτὴ
3151 5225 3185 5292 ἡ
3218 5226 3358 5294 γυνὴ
3412 5225 3751 5295 ὁμολογοῦσα

2170 5317 2522 5386 μοιχευθῆναι
2559 5314 3004 5377 καταδικάζεται,
3054 5315 3192 5384 ὅπερ
3240 5317 3335 5369 καὶ
3369 5316 3486 5370 ἐστι
3517 5320 3720 5373 καινόν.

2249 5410 2311 5462 Ὀ
2339 5411 2434 5461 δύο
2459 5410 2708 5478 γαμετάς
2754 5407 2894 5476 ἔχων
2953 5407 3243 5461 τυπτέσθω
3277 5424 3295 5439 ’
3348 5409 3751 5480 ὲκδιωκομένης

2167 5502 2298 5568 παρ’
2331 5501 2497 5554 αὑτοῦ
2522 5502 2620 5570 τῆς
2647 5500 2979 5553 ἐπεισάκτου
3015 5500 3297 5570 γυναικὸς,
3327 5501 3465 5571 μετά
3512 5502 3624 5556 τῶν
3659 5520 3750 5556 τε-

2166 5591 2407 5660 χθέντων
2440 5590 2499 5655 ἐξ
2517 5592 2688 5660 αὐτῆς
2720 5590 2949 5645 παίδων.

2246 5681 2307 5732 "J
2363 5681 2458 5734 δύο
2513 5681 2762 5751 γαμετάς
2802 5680 2949 5753 ἔχειν
2998 5682 3281 5754 πειραθεὶς
3321 5684 3385 5737 οὐ
3414 5686 3587 5759 νόμῳ,
3615 5688 3749 5742 ἀλλὰ

2172 5773 2362 5844 paulo
2383 5774 2777 5845 προαιρέσεως,
2804 5774 3091 5828 ὑπόκειται
3124 5774 3203 5845 τῷ
3235 5775 3335 5845 τῆς
3363 5782 3605 5851 μοιχείας
3662 5782 3748 5849 ἑγ-
