4054 6436
292 383 352 445 31
1279 371 1687 433 SYN'I‘AGMA
1731 365 2346 428 ALPildelCUM.
2391 359 2558 424 —-M.
3408 431 3411 433 _
3463 358 3532 419 33

292 503 540 570 κλήματι.
579 496 641 551 Ὀ
668 497 900 568 μὲνγὰρ
953 495 1089 566 μετὰ
1147 493 1437 563 ἐλευθέρας
1495 490 1853 561 συμπλακεὶς,

1970 487 2072 552 Qui
2115 486 2260 539 enim
2317 501 2442 539 cum
2490 484 2705 546 Iiberta,
2737 485 2954 536 vivente
2987 481 3160 551 ipsius
3193 493 3389 538 uxore.
3421 493 3534 532 rem

285 593 451 662 ζώσης
473 591 571 658 τῆς
598 589 764 643 αὑτοῦ
788 588 1068 657 γυναικὸς,
1088 587 1162 649 ὼς
1189 585 1385 654 πόρνος
1414 583 1802 652 κατακρίνεται
1829 594 1843 608 ⁶

284 686 312 737 ὁ
342 685 396 737 δὲ
424 683 560 736 κατὰ
585 683 764 751 γάμου
793 679 1078 732 κοινωνίαν
1127 677 1388 747 δευτέραν
1425 675 1715 744 ἀγόμενος,
1773 673 1848 736 ὡς

290 774 464 844 μοιχὸς
486 775 833 841 τιμωρεῖται.

349 867 554 918 Εἱδέναι
589 865 644 916 δὲ
671 865 771 926 δεῖ,
810 863 892 916 ὃτι
944 861 1050 914 εἰσὶ
1114 861 1383 928 πρόσωπα
1433 857 1845 928 ἁμαρτάνοντα,

286 959 375 1012 καὶ
399 958 497 1010 οὐκ
526 955 835 1008 εύθύνονται
868 971 880 984 ·
906 955 934 1006 ὁ
996 952 1264 1022 μοιχεύων
1329 951 1427 1020 τὴν
1477 951 1715 1016 γυναῖκα
1755 945 1847 999 τοῦ

282 1048 570 1102 ἁποδούλου
605 1045 793 1108 αὑτοῦ,
818 1044 968 1108 καὶὴ
1019 1043 1288 1112 μοιχεύων
1349 1041 1689 1110 πολύφθορον
1752 1038 1849 1090 καὶ

285 1140 597 1194 πολύκοιτον
631 1137 924 1206 ὖπανδρον,
980 1136 1061 1204 τῷ
1095 1135 1193 1203 τῆς
1241 1133 1484 1203 μοιχείας
1543 1129 1849 1197 ἐγκλήματι

283 1233 372 1300 οὐχ
403 1231 708 1287 ὑπόκειται,
739 1231 788 1281 εί
819 1229 893 1297 μὴ
915 1227 990 1297 τῷ
1024 1227 1123 1295 τῆς
1170 1226 1428 1296 πορνείας
1449 1239 1466 1256 ο
1533 1222 1627 1276 καὶ
1683 1220 1712 1270 ὁ
1753 1219 1851 1288 μὲν

283 1324 412 1392 ἀνὴρ
438 1325 763 1392 τιμωρεῖται
785 1322 859 1378 ὼς
893 1320 1101 1388 μοιχὸς,
1133 1319 1166 1387 ἡ
1198 1317 1257 1370 δὲ
1295 1319 1431 1386 γυνὴ
1472 1315 1574 1368 οὐκ
1629 1312 1852 1366 εὐθύνε-

281 1432 387 1480 ται,
413 1417 500 1468 ὅτε
535 1415 771 1467 ἄκουσαν
797 1412 890 1466 καὶ
923 1410 1287 1481 βεδιασμένην
1319 1409 1492 1478 αὐτὴν
1542 1407 1686 1478 χειρὶ
1716 1423 1853 1476 κραι-

281 1508 440 1579 τήσῃ,
496 1507 542 1558 εἰ
585 1507 678 1558 καὶ
737 1503 875 1573 αὐτὴ
928 1502 1262 1572 ἐρυθριῶσα,
1319 1502 1378 1553 τὸ
1427 1499 1650 1568 γεγονὸς
1690 1497 1853 1560 εὐθὺς

280 1601 376 1654 οὐκ
401 1597 687 1668 ἀνήγγειλε
716 1595 794 1666 τῷ
823 1595 975 1666 ἀνδρὶ
993 1594 1184 1663 αὐτῆς.

306 1776 562 1830 ΚΕΦᾹΛ.
595 1776 696 1830 1Ε’.
742 1773 879 1841 Περὶ
905 1774 1332 1842 μοναστηρίων
1356 1773 1454 1826 καὶ
1509 1771 1818 1843 μοναχῶν.

353 1868 418 1924 ’0
445 1871 542 1940 τῆς
587 1867 883 1937 λεγομένης
920 1866 1143 1936 πρώτης
1182 1867 1276 1920 καὶ
1327 1867 1586 1936 δευτέρας
1629 1866 1848 1918 συνόδου

283 1961 461 2016 κανὼν
510 1959 724 2031 πρῶτος
753 1960 827 2027 μὴ
855 1959 1050 2022 ἐξεῖναι
1083 1957 1295 2010 κελεύει
1324 1957 1684 2027 μοναστήριον
1707 1957 1852 2008 οἰκο-

278 2055 458 2124 δομεῖν
486 2052 612 2105 ἄνευ
644 2050 870 2120 γνώμης
901 2049 995 2102 τοῦ
1057 2049 1381 2111 ἐπισκόπου,
1446 2049 1545 2116 τὴν
1596 2048 1851 2102 εἰωθυῖαν

279 2145 538 2214 πρότερον
562 2141 928 2203 ἐπιτελοῦντος
958 2140 1144 2209 εὐχὴν,
1171 2141 1228 2192 ὲν
1252 2139 1454 2209 βρεϐίῳ
1478 2140 1532 2192 δὲ
1553 2139 1685 2193 αύτό
1715 2156 1773 2192 τε
1791 2140 1852 2192 τὸ

283 2236 642 2304 μοναστήριον
676 2233 1074 2303 ἐγγράφεσθαι,
1107 2233 1202 2284 καὶ
1229 2233 1330 2285 ὅσα
1365 2231 1500 2301 πρὸς
1523 2231 1615 2284 τοῦ
1667 2233 1856 2302 δειμα·

285 2329 445 2396 μένου
476 2324 625 2395 αύτῷ
661 2326 988 2394 ἀφιέρωται,
1021 2324 1114 2376 καὶ
1146 2325 1208 2376 τὸ
1259 2323 1474 2392 βρέϐιον
1527 2323 1604 2393 τῷ
1634 2323 1854 2376 ὲπισκό-

283 2435 362 2487 πῳ
430 2415 963 2486 προσαποτίθεσθαι,
1031 2415 1106 2478 ὡς
1175 2416 1376 2484 μηκέτι
1433 2415 1696 2469 δύνασθαι
1761 2417 1853 2470 τὸν

279 2509 659 2580 ἀφιερώσαντα
687 2509 832 2563 ἔστιν
855 2508 1116 2562 ἃτούτων
1152 2507 1305 2572 αὖθις
1359 2507 1712 2572 ἐξιδιοῦσθαι.
1751 2501 1854 2562 Ὧν

284 2606 386 2673 γάρ
420 2603 770 2666 άπεεένωσεν
811 2603 1001 2654 ἑαυτὸν
1023 2601 1113 2655 διὰ
1139 2601 1239 2670 τῆς
1275 2604 1444 2671 μονῆς
1496 2602 1716 2664 ἀναθεὶς
1776 2601 1854 2672 τῷ

279 2692 418 2764 Θεῷ,
448 2692 562 2756 mi);
586 2685 697 2753 οἷός
716 2708 797 2757 τε,
821 2685 909 2744 οἷα
933 2691 1228 2759 δεσπότης,
1253 2690 1428 2743 ταῦτα
1473 2689 1698 2756 διέπειν,
1757 2689 1856 2759 οὐχ

277 2784 422 2846 ὅπως
447 2782 757 2848 καὶάλλοις
786 2781 1212 2852 διαπιπράσκων
1252 2799 1266 2848 ;
1309 2782 1370 2834 ού
1406 2781 1512 2851 μὴν
1535 2780 1656 2834 οὐδὲ
1683 2779 1854 2850 ἡγού-

282 2893 440 2946 μενον
458 2874 648 2928 ἑαυτὸν
672 2872 874 2944 ταύτης
900 2875 966 2945 ἐᾷ
992 2873 1314 2927 καθιστάναι
1333 2876 1484 2942 παρὰ
1506 2871 1732 2942 γνώμην
1759 2871 1854 2925 τοῦ

282 2969 605 3034 ἐπισκόπου,
628 2968 737 3021 οὐδ’
771 2968 955 3037 ἕτερον
980 2966 1097 3021 ἀνθ’
1131 2965 1329 3020 ἑαυτοῦ
1379 2963 1854 3035 προχειρίζεσθαι.

278 3061 336 3114 ΕΞ
353 3063 466 3130 γάρ
482 3061 548 3112 τά
569 3057 873 3130 ἀνθρώποις
901 3058 1249 3128 δεδωρημένα
1259 3058 1358 3110 οὐκ
1371 3055 1448 3108 ἔνι
1469 3057 1639 3127 χωρὶς
1656 3055 1857 3125 εὐπρο-

282 3153 466 3206 σώπου
499 3151 681 3214 αἰτίας
728 3154 819 3204 τὸν
839 3150 1228 3219 δωρησάμενον
1257 3148 1572 3214 ἀναλαϐεῖν,
1603 3147 1764 3218 σχολῇ
1787 3162 1851 3214 γε

279 3247 380 3300 τῶν
402 3244 839 3314 ὰνατεθειμένων
863 3242 979 3312 Θεῷ
993 3243 1092 3310 τὴν
1116 3243 1416 3312 κυριότητα
1443 3245 1470 3294 ὁ
1486 3243 1704 3303 ἀναθεὶς
1731 3240 1851 3296 ἰδιο-

281 3343 586 3411 ποιήσεται,
615 3339 689 3401 ὡς
716 3336 1056 3408 προσηγορίᾳ
1089 3337 1225 3406 μόνῃ
1284 3339 1381 3390 καὶ
1427 3336 1502 3408 μὴ
1564 3337 1854 3406 πράγματι

277 3432 372 3503 τὴν
404 3430 710 3499 ἀφοσίωσιν
741 3424 902 3482 εἶναι.

357 3525 415 3576 '0
453 3522 511 3574 δὲ
529 3520 604 3575 κδ’
634 3519 732 3588 τῆς
765 3521 806 3573 δ’
836 3521 1052 3575 συνόδου
1076 3519 1282 3588 κανὼν,
1330 3521 1408 3575 ἔτι
1440 3521 1496 3576 δὲ
1527 3521 1622 3576 καὶ
1646 3522 1745 3592 τῆς
1799 3527 1854 3586 ς’

279 3617 306 3669 ὁ
336 3618 446 3688 μθ’,
478 3616 549 3670 τὰ
582 3615 730 3680 ἅπαξ
751 3616 1153 3687 καθιερωθέντα
1186 3616 1546 3686 μοναστήρια,
1589 3615 1730 3668 κατὰ
1756 3614 1854 3684 τὴν

280 3709 506 3780 γνώμην
528 3709 620 3762 τοῦ
651 3708 974 3772 ἐπισκόπου,
1009 3708 1068 3761 ὃν
1097 3707 1218 3770 ἔθος
1244 3709 1411 3776 εὐχὴν
1470 3705 1853 3776 προκαταόάλ-

279 3800 463 3856 λεσθαι
492 3801 594 3871 τῆς
619 3801 955 3871 οἰκοδομίας,
988 3801 1178 3870 ὥσπερ
1207 3801 1330 3854 τινὰ
1369 3799 1619 3870 θεμέλιον
1684 3799 1857 3869 ἀρρα-

280 3895 368 3965 γῆ,
390 3895 743 3948 ἐπιτάττουσι
771 3894 951 3964 μένειν
977 3898 1056 3958 εἰς
1082 3894 1144 3947 τὺ
1185 3893 1432 3962 διηνεκὲς
1491 3893 1851 3963 μοναστήρια,

279 3987 371 4041 καὶ
391 3990 465 4040 τὰ
492 3988 840 4057 προσήκοντα
874 3987 1084 4050 τούτοις
1129 3975 1433 4055 πράγματά
1487 3982 1854 4052 φυλάττεσθαι

280 4077 634 4148 ἀνεκποίητα,
695 4077 790 4130 καὶ
843 4078 1039 4148 μηκέτι
1089 4076 1334 4146 γίνεσθαι
1396 4074 1571 4129 ταῦτα
1613 4075 1854 4143 κοσμικόι

278 4169 626 4239 καταγώγια·
652 4168 778 4230 τοὺς
823 4168 878 4221 δὲ
905 4167 1063 4222 τοῦτο
1092 4170 1166 4240 μὴ
1199 4167 1505 4240 τηροῦντας
1551 4165 1852 4230 κανονικῶς

281 4229 642 4326 εὐθύνεσθαι,
684 4261 1014 4332 ἱερωμένους
1240 4229 1441 4332 δηλαδὴ
1499 4258 1850 4330 καθαιρέσει,

279 4353 498 4416 λαῖκοὺς
523 4353 579 4406 δὲ
614 4353 1082 4422 ὑποδαλλομένους
1104 4353 1418 4424 άφορισμῷ.
1475 4352 1640 4421 Ζήτει
1673 4350 1766 4402 καὶ
1796 4350 1854 4404 ὲν

278 4447 352 4516 τῷ
399 4445 617 4517 ιβ’κεφ.
667 4444 759 4499 τοῦ
805 4446 846 4498 Ε
880 4444 1143 4517 στοιχείου
1184 4444 1386 4498 κανόνα
1421 4442 1485 4506 ιζ’
1508 4443 1607 4512 τῆς
1657 4443 1702 4505 ζ’
1731 4456 1855 4493 συν-

276 4537 416 4593 όδου.

355 4631 415 4684 '0
459 4631 521 4685 δὲ
554 4629 754 4698 ταύτης
799 4626 847 4682 κ’
872 4629 969 4682 οὐκ
1003 4629 1173 4682 οἴεται
1215 4629 1326 4682 δεῖν
1366 4627 1476 4682 ἀπό
1510 4645 1573 4698 γε
1620 4627 1716 4682 τοῦ
1758 4630 1854 4682 νῦν

277 4722 440 4776 διττλᾶ
468 4721 716 4788 γίνεσθαι
752 4721 1110 4791 μοναστήρια,
1148 4719 1379 4782 καὶτοῖς
1423 4723 1678 4790 μοναχοῖς
1706 4720 1856 4788 ἔγγι-

281 4831 379 4868 στα
444 4817 546 4876 τὰς
600 4812 934 4882 μοναζούσας
977 4813 1146 4865 οίκεῖν
1180 4828 1195 4842 ο
1250 4812 1548 4865 σκανδάλου
1599 4812 1708 4882 γὰρ
1761 4812 1856 4864 καὶ

281 4907 708 4974 προσκόμματος
766 4907 876 4968 τοῖς
907 4904 1118 4966 πολλοῖς
1166 4903 1338 4956 αῖτιον
1371 4902 1529 4957 τοῦτό
1565 4921 1652 4971 γε.
1706 4903 1852 4958 Ἀλλ’

278 4996 419 5057 ὃςοις
466 4997 630 5066 ἤρεσε
657 4996 795 5064 μετὰ
815 4995 920 5048 τῶν
953 4996 1099 5048 ἰδίων
1122 4996 1492 5059 ἀποτάξασθαι
1551 4997 1854 5064 συγγενῶν,

278 5088 324 5139 οἱ
353 5089 454 5157 μὲν
490 5087 678 5157 ἄνδρες
714 5089 794 5151 είς
825 5087 1056 5159 ἀνδρῶν,
1101 5087 1156 5141 αἱ
1186 5087 1244 5140 δὲ
1298 5090 1556 5155 γυναῖκες
1620 5090 1700 5150 εἰς
1754 5105 1853 5156 γυ-

277 5182 482 5233 ναικῶν
539 5182 846 5244 εἰσίτωσαν,
875 5182 1028 5253 φησὶ,
1081 5182 1447 5252 μοναστήρια.
1496 5183 1578 5235 Τά
1629 5182 1686 5235 δὲ
1726 5185 1855 5252 ἄχρι

279 5279 370 5326 καὶ
400 5275 642 5344 τήμερον
672 5274 1034 5343 διαρκέσαντα
1096 5275 1260 5328 διπλᾶ
1309 5277 1670 5346 μοναστήρια,
1717 5277 1857 5330 αἰδοῖ

279 5367 369 5418 τοῦ
411 5366 566 5420 ταῦθ’
617 5365 788 5429 οὕτως
836 5367 979 5436 ἔχειν
1027 5367 1382 5431 τυπώσαντος
1437 5367 1584 5420 θείου
1643 5370 1855 5439 Πατρὸς

279 5459 436 5527 ἡμῶν
475 5459 774 5523 Βασιλείου,
806 5457 1323 5528 οἱκονομείσθωταν,
1385 5459 1461 5513 ὡς
1531 5462 1738 5524 ἐκεῖνός
1791 5478 1854 5529 γε

278 5551 658 5605 διατάσσεται·
704 5552 1111 5604 συνδιαιτᾶσθαι
1151 5549 1208 5602 δὲ
1269 5551 1366 5605 καὶ
1415 5555 1854 5622 συναναστρέφε-

285 5642 410 5695 σθαι
439 5646 705 5714 μοναχοὺς
743 5645 1093 5713 μοναστρίαις
1123 5645 1189 5697 οὐ
1218 5644 1316 5708 δεῖ,
1350 5644 1444 5698 ἅτε
1468 5646 1730 5714 βλαϐερὸν
1763 5649 1856 5699 καὶ

282 5735 536 5803 ἀθέμιτον
572 5752 586 5765 ·
623 5735 746 5788 οὔτε
771 5735 1080 5806 παρρησίαν
1108 5735 1244 5806 πρὸς
1283 5736 1453 5799 αὑτὰς
1507 5737 1672 5807 ἔχειν,
1733 5739 1854 5792 οὔτε

287 5823 390 5880 ista
448 5826 820 5897 προσομιλεῖν,
886 5829 960 5896 μὴ
1012 5826 1094 5880 ὅτι
1120 5825 1263 5880 κατὰ
1302 5827 1470 5897 μόνας
1507 5829 1695 5892 αὐταῖς
1729 5847 1854 5882 συν-

1878 1835 1927 1894 Β

1950 580 2137 643 babct,
2173 588 2232 632 ut
2281 578 2584 632 fornicator
2639 576 3066 630 condemnatur.
3107 573 3210 638 Qui
3248 575 3302 625 in
3340 573 3536 625 matri-

1951 673 2139 727 monio
2161 671 2461 726 secundam
2484 668 2936 724 communionem
2968 667 3186 735 recipit,
3222 673 3280 718 ut
3313 664 3532 718 aiulter

1950 767 2198 836 punitur.

2022 859 2177 912 Scire
2225 864 2404 911 autem
2464 865 2704 926 oportet,
2742 857 2888 925 quod
2922 863 3052 910 sunt
3101 867 3370 922 persona},
3405 865 3529 918 qua:

1951 965 2198 1027 peccant,
2235 955 2398 1024 186
2451 963 2506 1007 et
2555 966 2674 1006 .non
2731 951 3087 1018 corriguntur
3119 963 3134 1000 :
3169 958 3384 1010 nempe,
3435 942 3534 1009 qui

1951 1050 2094 1104 servi
2125 1049 2208 1103 sui
2249 1061 2477 1102 uxorem
2509 1043 2782 1100 adulterio
2820 1042 2999 1104 vitiat,
3034 1047 3089 1094 et
3136 1039 3232 1106 qui
3265 1036 3529 1090 feminam

1953 1143 2070 1196 viro
2101 1141 2427 1210 subiectam,
2463 1154 2585 1207 qua:
2626 1153 2734 1191 non
2767 1149 2971 1206 paucos
3016 1134 3081 1186 ad
3125 1128 3526 1200 impudicitiam

1953 1235 2163 1300 allexit,
2187 1245 2240 1289 et
2270 1248 2394 1287 cum
2430 1232 2619 1285 multis
2651 1228 2967 1290 concubuit,
3010 1235 3245 1295 stuprat,
3275 1219 3530 1276 adulterii

1952 1329 2170 1385 crimini
2227 1342 2334 1381 non
2374 1323 2688 1393 subjicitur,
2742 1321 2837 1376 sed
2878 1314 3260 1373 fornicationis
3293 1321 3532 1367 tantum.

1954 1425 2021 1478 Et
2069 1423 2156 1476 vir
2209 1419 2433 1490 quidem
2483 1426 2742 1486 tanquam
2794 1413 3010 1467 adulter
3059 1410 3304 1480 punitur,
3334 1405 3534 1460 mulier

1952 1530 2084 1569 vero
2118 1529 2225 1568 non
2257 1511 2578 1581 corrigitur,
2611 1505 2832 1578 quando
2895 1503 3124 1558 invitam
3153 1511 3204 1556 et
3234 1500 3530 1570 impulsam

1954 1609 2100 1662 illam
2149 1607 2196 1658 vi
2237 1604 2450 1665 vicerit,
2490 1602 2617 1655 hcet
2670 1598 2758 1653 illa
2807 1596 3168 1660 erubescens,
3203 1592 3402 1646 marito
3431 1604 3534 1646 suo

1954 1700 2101 1770 quod
2133 1697 2340 1751 factum
2374 1703 2481 1758 est,
2512 1694 2696 1749 statim
2732 1705 2836 1744 non
2867 1686 3299 1742 annuntiaverit.

2131 1790 2286 1846 CAP.
2319 1786 2435 1843 XV.
2473 1787 2547 1840 De
2596 1783 2937 1838 monasteriis
2971 1791 3020 1835 et
3057 1779 3352 1834 monachis.

2024 1883 2226 1936 Primae
2257 1889 2311 1935 et
2345 1880 2602 1934 secunda:
2648 1878 2809 1932 dictas
2849 1873 3046 1944 synodi
3081 1888 3258 1927 canon
3327 1871 3537 1940 primus

1954 1972 2234 2030 interdicit
2298 1971 2695 2026 monasterium
2761 1966 3034 2021 aediﬁcare
3109 1965 3320 2033 absque
3393 1964 3536 2034 epis-

1953 2067 2075 2137 c0pi
2100 2064 2392 2126 sententia.
2425 2063 2667 2117 debitam
2699 2059 2880 2130 primo
2910 2057 3345 2113 benedictionem
3379 2073 3537 2126 pera-

1954 2159 2169 2230 gentis;
2201 2159 2254 2212 in
2284 2156 2438 2212 brevi
2474 2167 2658 2210 autem
2694 2162 2750 2207 et
2781 2153 2957 2222 ipsqu
3021 2150 3418 2204 monasterium
3448 2149 3536 2202 in-

1955 2250 2146 2315 scribi,
2178 2257 2232 2304 et
2263 2261 2604 2318 quaecunque
2649 2263 2678 2300 a
2739 2245 3026 2300 conditore
3075 2243 3153 2296 illi
3220 2242 3535 2303 donantur;

1953 2351 2009 2397 et
2042 2343 2205 2396 breve
2263 2344 2318 2397 in
2375 2341 2585 2396 aedibus
2617 2338 3022 2409 episcopalibus
3059 2335 3268 2406 reponi,
3320 2345 3378 2388 ut
3427 2350 3535 2387 non

1956 2435 2136 2504 possit
2163 2433 2254 2488 ille
2276 2433 2368 2503 qui
2403 2431 2698 2496 dedicavit,
2727 2429 2818 2484 illa
2844 2429 2899 2482 in
2936 2429 3216 2499 proprium
3249 2443 3409 2482 usum
3442 2427 3536 2481 ite-

1956 2541 2076 2581 rum
2109 2533 2452 2581 convertere.
2507 2522 2639 2589 Qum
2690 2524 2834 2576 enim
2891 2521 2996 2577 sibi
3047 2521 3172 2590 quis
3205 2519 3538 2587 abjudicavit

1959 2631 2056 2687 per
2106 2622 2502 2671 monasterium
2535 2615 2646 2670 Deo
2679 2613 2963 2675 addicens,
2995 2611 3275 2682 quomodo
3335 2621 3536 2680 potest,

1957 2723 2022 2763 ac
2047 2708 2092 2763 si
2143 2709 2325 2762 adhuc
2381 2717 2528 2762 esset
2587 2705 2864 2767 dominus,
2909 2704 3000 2759 illa
3064 2703 3454 2759 administrare
3484 2712 3540 2757 et

1958 2801 2083 2856 aliis
2113 2799 2409 2855 divendere
2433 2799 2456 2852 'l
2479 2797 2591 2853 Nec
2639 2798 2808 2852 etiam
2858 2797 3179 2851 monasterii
3219 2794 3536 2865 praefectura

1959 2894 2172 2962 absque
2225 2891 2468 2962 episcopi
2526 2890 2798 2945 sententia
2833 2889 2985 2943 illum
3035 2889 3278 2958 seipsum
3326 2888 3539 2942 consti-

1960 2995 2136 3049 tuere,
2162 3000 2264 3040 nec
2294 2984 2460 3038 alium
2485 2983 2604 3052 ejus
2629 2983 2748 3037 loco
2771 2981 3008 3052 deligere
3039 2982 3266 3051 patitur.
3294 2978 3537 3044 Etenim,

1960 3077 2008 3133 si
2058 3091 2182 3147 quae
2230 3075 2438 3129 homini
2506 3075 2776 3144 quispiam
2856 3073 3087 3141 largitus
3144 3081 3250 3135 est,
3303 3071 3540 3140 amplius

1961 3172 2180 3227 auferre
2235 3171 2353 3226 sine
2379 3184 2577 3234 causa,
2597 3169 2692 3238 qui
2725 3167 2972 3228 donavit,
3004 3165 3149 3219 haud
3179 3171 3396 3235 potest;
3427 3179 3540 3232 quo

1952 3265 2098 3334 jure,
2131 3279 2253 3332 qua:
2287 3263 2398 3317 Deo
2452 3262 2700 3317 dedicata
2737 3269 2890 3324 sunt,
2918 3258 2972 3312 in
3030 3273 3186 3312 suam
3219 3255 3539 3326 possessio-

1957 3372 2106 3422 nem,
2131 3358 2222 3427 qui
2253 3356 2499 3420 donavit,
2530 3354 2726 3423 rapiat,
2755 3360 3018 3422 tanquam
3048 3352 3273 3406 nomine
3301 3359 3537 3415 tantum,

1957 3463 2066 3503 non
2104 3464 2162 3503 re
2192 3447 2331 3502 iacta
2369 3446 2566 3500 luisset
2595 3443 2914 3500 dedicatio?

2027 3539 2334 3595 Vicesimus
2387 3547 2618 3607 quartus
2672 3552 2797 3607 syn.
2851 3550 2905 3589 :v
2958 3549 3157 3599 canon,
3205 3547 3373 3604 porro
3401 3546 3454 3589 et
3484 3549 3539 3589 vt

1956 3632 2152 3702 synodi
2183 3629 2276 3695 49,
2315 3643 2440 3697 quae
2491 3628 2660 3683 semel
2707 3628 2864 3695 juxta
2895 3625 3138 3695 episcopi
3198 3627 3537 3680 voluntatem

1958 3731 2280 3777 consecrata
2313 3729 2441 3777 ευιιι
2466 3719 2824 3781 monasteria,
2855 3731 2979 3772 cum
3011 3726 3158 3772 esset
3191 3717 3539 3772 consuetudo

1958 3815 2322 3886 precationem
2339 3813 2670 3883 praemittere
2687 3810 3072 3872 exstructioni,
3093 3819 3350 3879 tanquam
3365 3812 3540 3880 quod-

1959 3907 2083 3962 dam
2123 3904 2538 3959 fundamentum
2585 3898 2962 3970 infrangibile,
2998 3910 3264 3970 perpetuo
3316 3917 3538 3957 manere

1958 3999 2289 4055 monasteria
2310 3995 2590 4058 ordinant,
2611 4000 2665 4046 et
2685 4008 2794 4058 res,
2813 3995 3012 4062 quaead
3029 4006 3092 4048 ea
3115 3993 3410 4062 pertinent,
3425 4011 3533 4049 non

1955 4092 2276 4146 alienandas
2307 4087 2540 4151 servari,
2572 4101 2748 4156 eaque
2780 4101 2886 4140 non
2925 4086 3164 4156 amplius
3218 4085 3334 4143 ﬁeri
3365 4105 3538 4144 saecu-

1958 4184 2094 4238 laria
2129 4179 2442 4236 habitacula
2473 4194 2488 4232 :
2520 4193 2617 4233 eos
2651 4187 2858 4241 autem,
2889 4178 2982 4246 qui
3017 4179 3120 4232 hoc
3177 4195 3282 4234 non
3345 4181 3535 4236 obser-

1958 4284 2091 4329 vant
2122 4272 2387 4329 canonice
2419 4271 2601 4342 puniri
2632 4310 2647 4334 ,
2678 4280 2924 4326 sacratos
2949 4270 3174 4339 quidem
3204 4273 3534 4342 depositioni

1960 4365 2334 4435 subjiciendus
2368 4379 2492 4419 esse
2518 4382 2530 4428 ;
2561 4363 2733 4419 laicos
2763 4378 2893 4417 vero
2924 4365 3309 4433 segregationi.
3339 4367 3538 4432 Quaere

1958 4457 2122 4510 etiam
2155 4455 2209 4509 in
2267 4454 2335 4508 l2
2369 4468 2490 4522 cap.
2545 4451 2630 4507 lit.
2681 4451 2723 4506 Ε
2776 4467 3040 4507 canonem
3077 4455 3140 4508 l7
3173 4456 3419 4523 septima:
3450 4472 3538 4528 sy-

1884 4549 1928 4604 D
1959 4548 2112 4604 nodi.

2033 4639 2209 4708 Hujus
2241 4653 2370 4692 vero
2401 4636 2474 4692 20
2495 4651 2704 4691 canone
2732 4637 2931 4692 dehinc
2961 4639 3305 4696 interdicitur
3335 4641 3536 4711 duplex

1963 4731 2363 4785 monasterium
2387 4731 2442 4784 in
2478 4728 2673 4784 iisdem
2703 4729 2941 4793 aedibus,
2963 4739 3014 4784 ct
3041 4747 3207 4800 prope
3237 4735 3542 4792 monachos

1962 4823 2262 4877 monachas
2319 4818 2605 4876 habitare:
2639 4820 2773 4875 illud
2827 4823 2972 4875 enim
3010 4823 3248 4876 scandali
3281 4834 3333 4877 et
3364 4825 3538 4880 clien-

1964 4915 2138 4971 sionis
2187 4929 2408 4970 causam
2467 4913 2658 4969 multis
2712 4915 2934 4983 praebet.
2979 4914 3084 4969 Sed
3120 4916 3539 4987 quibuscunqno

1962 5009 2169 5079 placuit
2195 5024 2318 5062 cum
2354 5007 2596 5078 propriis
2647 5009 2894 5077 cognatis
2931 5009 3134 5064 mundo
3194 5012 3536 5078 renuntiare,

1963 5101 2064 5154 viri
2099 5101 2318 5170 quidem
2371 5100 2423 5152 in
2478 5099 2750 5165 virorum,
2784 5099 3001 5154 feminae
3038 5115 3170 5156 vero
3215 5101 3267 5156 in
3310 5103 3540 5160 femina-

1963 5209 2108 5259 rum,
2161 5193 2358 5261 inquit,
2389 5193 2722 5248 monasteria
2757 5193 3157 5262 ingrediantur.
3189 5194 3323 5260 Quae
3355 5205 3537 5250 autem

1961 5288 2249 5354 hucusque
2303 5294 2624 5352 [.ermauent
2659 5283 2903 5353 duplicia
2957 5285 3318 5349 monasteria,
3366 5287 3537 5341 divini

1960 5375 2136 5430 nostri
2164 5375 2342 5429 Patris
2388 5373 2578 5428 Basilii
2630 5374 2747 5430 ha:c
2779 5374 2854 5430 ita
2885 5389 2945 5430 se
2977 5375 3180 5430 habere
3231 5375 3539 5430 ordinantis

1961 5469 2288 5536 reverentia,
2342 5467 2824 5532 administrentur,
2890 5479 3051 5538 prout
3105 5469 3222 5537 ipse
3275 5469 3535 5523 instituit.

1965 5559 2140 5614 Simul
2161 5575 2290 5614 vero
2317 5560 2513 5628 degere
2536 5571 2588 5614 et
2609 5561 2816 5615 versari
2843 5564 3145 5616 monachos
3167 5572 3218 5616 ct
3241 5566 3538 5616 monachus

1960 5667 2068 5705 non
2105 5661 2316 5720 oportet
2342 5651 2590 5720 ;.quippe
2620 5652 2990 5718 periculosum
3024 5663 3075 5706 et
3111 5655 3359 5707 illicitum
3407 5655 3536 5709 illud

1962 5756 2066 5798 est.
2097 5743 2284 5812 Neque
2312 5744 2420 5801 illis
2445 5745 2784 5800 concedatur
2811 5746 3056 5807 licentia,
3089 5757 3148 5799 ut
3179 5747 3341 5800 simul
3371 5749 3537 5801 Collo-

1962 5837 2052 5905 qui
2102 5843 2326 5906 queant,
2376 5851 2550 5905 neque
2594 5851 2702 5892 una
2748 5851 2871 5891 cum
2924 5836 3029 5894 illis
3067 5837 3250 5892 cibum
3300 5853 3537 5902 (ξηροί-«ξς
