4054 6450
466 412 543 477 39
1677 395 2051 461 murum

2157 390 2502 455 .AS’l‘ARlS
3653 388 3723 457 40

462 531 519 573 et
549 533 674 588 qua:
699 517 822 570 vita!
872 516 1180 570 necessaria
1217 530 1244 569 a
1274 514 1407 568 viris
1450 513 1516 567 ad
1561 514 1840 583 regulares
1882 512 2040 567 femi-

2157 506 2351 561 :aOistv
2379 520 2395 537 ο
2454 505 2523 557 τὰ
2552 502 2649 559 ’δέ
2699 519 2763 570 γε
2823 498 3163 573 κομιζόμενα
3226 502 3347 565 ταῖς
3408 506 3723 563 κανονικαῑς

469 630 570 669 nas
597 611 942 672 deferuntur,
966 619 1123 663 extra
1151 616 1363 677 portam
1388 607 1503 661 haec
1526 606 1759 675 accipiat
1786 604 2037 676 praetecta

467 720 593 759 cum
626 702 732 756 alia
749 701 930 754 vetula
966 700 1258 753 monacha.
1290 697 1348 752 Si
1381 697 1507 767 quis
1538 696 1704 751 etiam
1736 695 2041 750 monachus

468 793 786 848 necessario
814 792 1030 859 negotio
1059 796 1345 857 cognatam
1373 802 1525 842 suam
1551 787 1728 842 visere
1749 786 2042 840 vehemen-

468 894 549 939 ter
578 883 873 945 desiderat,
901 888 1171 949 praesente
1205 876 1462 948 pralecta
1491 891 1616 932 cum
1663 890 1727 932 ea
1756 876 2041 944 colloqua-

468 985 557 1028 tur
586 975 787 1046 exiguo
813 983 867 1028 et
903 971 1051 1027 brevi
1085 985 1359 1035 sermone,
1384 977 1441 1025 et
1473 968 1660 1024 statim
1695 967 1766 1023 ab
1795 982 1859 1021 ea
1890 982 2042 1023 reco—

465 1066 580 1120 dat.

538 1244 781 1311 Quartus
809 1246 864 1297 t'v
887 1242 1083 1315 synodi
1115 1255 1293 1295 canon
1351 1236 1746 1293 monasterium
1774 1234 2043 1290 aediﬁcare

468 1336 551 1389 vel
605 1335 902 1388 oratoriam
954 1332 1203 1394 domum,
1248 1340 1447 1401 praeter
1500 1328 1740 1383 civitatis
1796 1325 2042 1397 episcopi

470 1425 820 1484 sententiam.
883 1422 1233 1477 inhonestum
1267 1420 1454 1487 ducit;
1502 1418 1808 1474 monachos
1835 1426 2039 1481 autem,

468 1519 563 1586 qui
595 1520 808 1570 sincere
861 1521 915 1566 ct
963 1527 1073 1567 non
1122 1519 1390 1582 pratestu
1433 1512 1796 1565 monasticam
1825 1509 2043 1578 elegere

472 1607 660 1664 vitam,
697 1604 855 1673 187
890 1602 1129 1671 quietem
1166 1615 1276 1656 non
1340 1600 1518 1655 obiter
1548 1600 1753 1654 habere
1777 1598 1958 1670 jubet.
1988 1607 2044 1653 et

472 1697 572 1752 soli
600 1697 811 1767 jejunio
837 1703 892 1749 et
914 1692 1153 1748 orationi
1184 1707 1402 1757 vacare.
1425 1700 1481 1748 et
1502 1693 1556 1749 in
1586 1693 1788 1763 quibus
1802 1690 2044 1746 ordinati

473 1800 602 1844 sunt
625 1789 761 1843 locis
786 1787 1004 1841 fortiter
1024 1800 1400 1857 perseverare.
1423 1785 1526 1852 Qui
1560 1786 1725 1856 igitur
1748 1786 1818 1840 ita
1834 1785 2041 1849 vivunt,

2140 599 2412 665 ἀναγκαῖα
2442 594 2541 647 τοῦ
2574 595 2689 664 βίου
2716 594 2855 664 πρὸς
2875 593 2985 646 τῶν
3014 592 3250 663 ἀνδρῶν,
3279 591 3481 661 ἐξωθεν
3509 592 3610 661 τῆς
3624 591 3725 645 θύ-

2142 698 2243 758 ρας
2275 689 2309 758 ἠ
2340 687 2624 757 ἡγουμένη
2656 686 2830 739 ταῦτα
2856 684 3345 756 παραλαμϐανὲτω
3373 682 3497 753 μεθ’
3527 680 3725 752 ἐτέρας

2143 779 2469 849 μοναστρίας
2494 778 2685 849 γραός.
2724 777 2792 833 Εἰ
2847 778 2907 833 δέ
2955 777 3054 830 καὶ
3084 775 3196 829 τῶν
3223 774 3474 844 μοναχῶν
3511 789 3595 836 τις
3627 774 3728 841 τὴν

2141 870 2265 924 καθ’
2287 864 2426 940 αἷμα
2449 871 2841 940 προσήκουσαν
2875 870 3006 922 ίδεϊν
3045 868 3178 937 περὶ
3209 867 3466 919 πλείστου
3485 868 3729 918 ποιεῖται

2140 963 2444 1030 ἀναγκαίου
2503 962 2828 1031 πράγματος
2876 960 3028 1028 πέρι.
3081 958 3185 1029 τῆς
3255 957 3569 1028 ἡγουμένης
3633 953 3729 1010 ὑπ’

2140 1054 2268 1124 bri/tv
2304 1054 2480 1127 ταύτῃ
2508 1051 2915 1123 προσομιλείτω
2962 1052 3031 1105 δι’
3088 1050 3288 1120 ὀλίγων
3340 1050 3436 1103 καὶ
3479 1047 3732 1119 σμικρῶν

2141 1145 2335 1213 λόγων,
2372 1144 2471 1198 καὶ
2502 1144 2712 1213 ταχέως
2748 1142 3124 1213 ὑποχωρείτω.

2226 1237 2285 1291 '0
2310 1236 2368 1290 δέ
2393 1236 2438 1289 δ’
2463 1239 2563 1307 τῆς
2582 1237 2627 1290 δ’
2662 1235 2885 1289 συνόδου
2924 1234 3107 1289 κανὼν
3138 1235 3499 1305 μοναστήριον
3519 1233 3731 1288 οἰκοδο·
3794 1279 3804 1288 .

2146 1327 2637 1400 με’ίνῆἐῦκτήριον
2662 1327 2762 1381 οὒκ
2790 1328 2849 1380 ἐν
2886 1325 3035 1393 καλῷ
3060 1325 3291 1393 τίθεται,
3326 1328 3478 1398 παρά
3503 1331 3731 1397 γνώμην

2144 1420 2238 1474 τοῦ
2268 1421 2367 1490 τῆς
2420 1420 2629 1484 πόλεως
2681 1421 2980 1473 ἐπισκόπου
3013 1439 3029 1454 ο
3101 1421 3214 1475 τῶν
3236 1420 3421 1490 μὲντοι
3476 1420 3734 1490 μοναχῶν

2144 1510 2273 1575 τοὺς
2326 1510 2636 1581 εἰλικρινῶς
2684 1512 2780 1565 καὶ
2832 1513 2910 1583 μὴ
2960 1514 3311 1585 προσχήματι
3364 1510 3459 1563 τδν
3514 1510 3732 1580 μονήρη

2150 1604 2437 1675 μετιόντας
2465 1603 2603 1674 βίον,
2638 1604 2740 1673 τὴν
2770 1606 3005 1677 ἡσυχίαν
3038 1606 3113 1677 μὴ
3142 1605 3200 1660 ἐν
3225 1604 3492 1675 παρέργῳ
3524 1602 3735 1655 τιθέναι

2147 1694 2385 1759 κελεύει,
2422 1695 2563 1769 μόνῃ
2582 1713 2643 1748 τε
2661 1698 3026 1768 προσανέχειν
3046 1701 3113 1770 τῇ
3147 1700 3374 1770 νηστεία
3406 1697 3497 1749 καὶ
3557 1711 3734 1764 προσ-

2149 1788 2302 1857 sum,
2339 1788 2434 1840 καὶ
2459 1788 2519 1839 ἐν
2547 1785 2631 1850 οἷς
2661 1786 3005 1853 ἀπετάξαντο
3027 1790 3212 1851 τόποις
3265 1783 3732 1859 προσκαρτερεῖν.

471 1896 690 1950 mquum
721 1890 889 1944 esset,
918 1887 979 1932 ut
1010 1892 1119 1946 pne
1143 1878 1266 1932 aliis
1290 1877 1575 1933 monachis
1605 1876 1892 1947 privilegia
1920 1888 2039 1931 sor-

2157 1879 2209 1933 Di
2230 1878 2361 1948 γοῦν
2384 1878 2528 1932 οὕτω
2568 1878 2811 1949 βιοῦντες
2839 1880 3037 1935 δίκαιοι
3070 1881 3137 1936 ἂν
3182 1875 3293 1935 είεν
3337 1882 3405 1934 τά
3458 1880 3736 1953 πρεσϐεῖα

472 1979 722 2030 tiantur:
761 1973 959 2027 cedant
1010 1972 1373 2026 nihilominus
1420 1970 1589 2026 etilli
1647 1969 1885 2040 regionis
1933 1967 2047 2038 epi-

471 2084 660 2137 scopo,
696 2065 1165 2135 quemadmodum
1227 2063 1446 2118 clericis
1486 2061 1643 2131 jubet
1693 2064 1872 2126 Iex,et
1910 2057 2047 2114 nihil

471 2161 815 2216 sacerdotale
853 2166 1246 2226 exsequantur,
1271 2156 1326 2209 in
1356 2155 1520 2209 aliam
1556 2153 1834 2222 regionem
1871 2152 2050 2207 disce-

472 2253 688 2314 dentes,
713 2251 925 2316 absque
946 2245 1191 2316 episcopi
1224 2243 1471 2313 pacilicis
1501 2250 1558 2298 et
1586 2242 2049 2299 commendatitiis

473 2341 695 2396 litteris.
731 2337 838 2405 Qui
888 2337 1112 2409 propria
1160 2336 1479 2404 relinquunt
1513 2335 1869 2397 monasteria,
1895 2343 1949 2388 et
1974 2334 2052 2389 ci-

475 2435 675 2487 vitates
706 2430 1046 2500 negligenter
1076 2437 1134 2482 et
1178 2427 1489 2482 inordinate
1513 2427 1968 2489 circumcursant,
1997 2436 2051 2480 et

475 2524 850 2581 ecclesiastica
878 2532 932 2575 et
954 2520 1135 2575 civilia
1164 2520 1380 2588 negotia
1405 2520 1761 2589 perturbant,
1795 2529 1855 2575 ut
1872 2534 2051 2590 neque

479 2618 666 2673 divina
692 2632 723 2670 a
754 2615 893 2679 suis,
917 2628 1099 2682 neque
1130 2613 1369 2667 humana
1397 2612 1699 2668 secundum
1727 2612 2051 2669 convenien-

475 2719 586 2766 tem
621 2709 872 2763 ordinem
926 2702 1304 2760 administrari
1348 2703 1575 2770 sinaut;
1612 2718 1736 2773 qua
1782 2705 1855 2757 ad
1885 2701 2049 2755 vitam

477 2802 692 2859 scilicet
715 2806 972 2870 spectant
1004 2811 1034 2851 a
1063 2795 1242 2859 laicis,
1266 2809 1296 2848 a
1326 2794 1618 2849 monachis
1657 2804 1839 2849 autem
1875 2802 1930 2848 et
1944 2794 2050 2847 cleo

477 2895 613 2950 ricis
642 2907 704 2947 es
734 2906 856 2961 qua:
881 2887 1138 2946 suntDeo
1157 2884 1439 2951 dedicata;
1468 2886 1571 2940 hos
1594 2884 1677 2940 vel
1704 2886 1907 2939 invitos
1936 2897 2053 2938 mo.

480 2985 741 3042 nasteriis
772 2981 979 3036 includi
1004 2979 1182 3049 jubet,
1208 2978 1316 3032 nisi
1343 2977 1564 3047 quidam
1588 2977 1656 3031 ad
1679 2977 2051 3032 necessariam

481 3079 664 3132 forsan
724 3073 965 3129 civilium
1018 3070 1364 3139 negotiorum
1432 3067 1965 3123 administrationem
2020 3080 2053 3121 a

481 3166 719 3224 civitatis
765 3163 1025 3234 episcopo
1070 3161 1284 3215 veniam
1328 3160 1611 3216 consecuti
1643 3159 1779 3225 sint,
1813 3162 1908 3230 qui
1940 3160 2051 3216 sci-

476 3260 608 3317 .icet
659 3273 692 3312 e
733 3255 951 3310 clericis
1006 3261 1067 3309 et
1117 3252 1276 3308 laicis
1334 3261 1469 3308 tunc
1498 3251 1895 3307 essistentibus
1937 3251 2055 3307 hac

478 3351 677 3406 melius
726 3346 1118 3402 administrare
1169 3352 1397 3398 norunt.
1469 3342 1724 3398 Decernit
1757 3342 1947 3406 etiam.
1996 3352 2057 3396 ut

480 3441 669 3495 nullus
699 3452 893 3494 servus
937 3451 968 3490 a
1015 3433 1479 3488 monasteriorum
1517 3432 1791 3502 praefectis
1840 3432 1908 3486 ad
1941 3447 2058 3487 ωυο

480 3531 754 3588 uasticam
825 3528 996 3581 vitam
1052 3524 1404 3587 admittatur,
1456 3531 1659 3592 praeter
1713 3521 1924 3578 domini
1970 3522 2058 3579 sui

480 3626 835 3688 voluntatem,
893 3634 965 3675 ne
1015 3631 1213 3672 nomen
1276 3615 1373 3670 Del
1428 3616 1874 3686 blasphematur;
1928 3631 2056 3672 eum

480 3730 633 3778 vero,
664 3713 762 3783 qui
794 3713 936 3765 hanc
964 3706 1337 3763 deﬁnitionem
1388 3705 1808 3774 transgreditur,
1839 3720 2060 3762 excon-

480 3803 875 3861 municandum
907 3815 1030 3856 esse
1058 3814 1073 3851 :
1102 3798 1343 3855 civitatis
1370 3812 1534 3867 porro
1571 3798 1896 3867 episcopum
1934 3813 2057 3855 eam

481 3910 760 3969 opozterc,
812 3908 979 3962 quam
1032 3906 1129 3969 par
1193 3898 1298 3955 est,
1354 3890 1816 3944 monasteriorum
1866 3905 2056 3944 curam

483 4003 694 4059 gerere,
753 4000 823 4039 ue
863 3998 1045 4037 rerum
1088 3981 1155 4034 ad
1197 3980 1321 4036 illos
1362 3980 1753 4049 pertinentium
1811 3982 2060 4036 molestia

483 4088 886 4134 monachorum
917 4074 1240 4144 perturbent
1287 4071 1550 4142 quietem.
1575 4075 1769 4138 Quaere
1801 4073 1874 4127 22
1904 4082 1961 4128 et
1991 4073 2063 4129 25

481 4170 661 4240 capita
691 4170 884 4223 littera:
924 4164 988 4221 E.

486 4482 559 4537 De
596 4483 750 4536 modo
787 4498 888 4552 qua
928 4480 1100 4547 accipi
1136 4481 1317 4535 debent
1359 4478 1443 4534 illi
1485 4481 1574 4550 qui
1616 4480 1822 4536 tonderi
1859 4482 2059 4536 volunt.

554 4643 742 4698 Canon
781 4651 962 4694 autem
998 4638 1067 4693 45
1101 4635 1319 4693 concilii
1360 4637 1499 4692 sexti
1534 4679 1548 4703 ,
1591 4637 1943 4706 Conceditur,
1980 4640 2065 4693 in-

487 4736 626 4805 quit,
656 4733 832 4789 cuivis
864 4729 1201 4793 Christiano,
1230 4729 1448 4783 etiamsi
1484 4729 1721 4800 graviter
1746 4731 2064 4800 deliquerit,

489 4837 692 4883 Statum
725 4823 1085 4879 monasticum
1119 4821 1349 4891 ingredi,
1378 4822 1475 4890 qui
1504 4822 1669 4876 vitam
1701 4824 1919 4893 quidem
1954 4839 2069 4893 p03—

488 4917 827 4973 nitentialem
861 4922 1120 4968 accurate
1148 4912 1305 4965 nobis
1336 4922 1692 4981 repraesentat
1721 4932 1734 4968 :
1768 4931 1893 4970 nam
1920 4916 2069 4970 velut

489 5013 747 5062 columna
782 5004 1034 5074 quaedam
1073 5003 1449 5072 paenitentiam
1485 5012 1714 5057 externo
1749 5003 2065 5068 habitu,vi-

490 5110 609 5159 ctu.
639 5097 993 5165 moribusque
1022 5094 1295 5163 exprimit,
1328 5105 1492 5163 atque
1522 5104 1736 5150 nosmet
1765 5094 1887 5164 ejus
1919 5112 2067 5152 sem-

492 5202 590 5258 per
624 5198 899 5239 memores
938 5190 1184 5252 praestat.
1221 5182 1410 5252 Neque
1441 5200 1577 5239 vero
1609 5195 1704 5239 aut
1738 5186 2065 5242 delictorum

494 5277 808 5343 multitudo,
843 5284 940 5330 aut
975 5286 1139 5329 etiam
1165 5276 1483 5346 magnitudo
1504 5276 1937 5346 desperationem
1972 5294 2070 5332 no-

495 5370 579 5423 his
618 5376 767 5421 creet
803 5384 819 5421 :
863 5380 1039 5435 neque
1078 5367 1274 5421 modus
1313 5368 1528 5421 vivendi
1574 5368 1823 5434 cuiquam
1863 5370 2067 5434 ohstet,

496 5457 793 5528 quominus
824 5458 970 5511 hunc
1000 5465 1114 5511 tam
1148 5469 1358 5527 gratum
1392 5459 1503 5513 Deo
1533 5473 1759 5528 scopum
1814 5461 2066 5531 attingat.

501 5549 648 5603 Dixit
678 5549 824 5602 enim
858 5549 1111 5603 Salvator
1138 5560 1326 5606 noster
1355 5569 1368 5605 :
1405 5569 1424 5601 ι
1460 5549 1617 5605 lllum
1644 5553 1739 5622 qui
1770 5552 1837 5607 ad
1868 5568 1955 5608 me
1981 5568 2072 5608 ve-

502 5638 603 5702 nlt,
634 5638 951 5705 neutiquam
981 5637 1195 5706 ejiriam
1229 5638 1396 5695 foras.
1439 5660 1457 5692 ι

574 5726 764 5779 Canon
793 5741 923 5781 vero
956 5727 1047 5793 40,
1108 5730 1407 5798 Quamvis,
1444 5732 1656 5803 inquit,
1689 5735 1852 5790 hosce
1885 5737 1977 5805 qui
2015 5745 2074 5789 ut

502 5815 610 5871 Deo
654 5816 1033 5885 iungerentur,
1078 5819 1191 5888 jam
1246 5824 1405 5877 rebus
1456 5807 1808 5880 saecularibus
1853 5827 2072 5897 Iungunt

2147 1970 2291 2025 κατά
2315 1970 2425 2025 τῶν
2450 1970 2627 2025 ἄλλων
2648 1972 2912 2041 φέρεσθαι
2946 1973 3199 2043 μοναχῶν
3222 1988 3236 2002 ·
3270 1972 3516 2024 ὑπείκειν
3549 1971 3736 2037 μέντοι

2148 2064 2245 2117 καὶ
2271 2063 2495 2129 τούτους
2530 2064 2610 2134 τῷ
2655 2063 2914 2136 ἐγχωρίῳ
2963 2066 3269 2135 ἐπισκόπῳ,
3334 2064 3528 2133 ῶσπερ
3567 2063 3738 2132 νόμος

2148 2157 2262 2220 τοϊς
2294 2156 2599 2226 κληρικοϊς,
2622 2158 2719 2211 καὶ
2751 2158 2919 2228 μηδὲν
2955 2159 3227 2229 ἱερατικὸν
3251 2158 3536 2229 πράττειν,
3594 2156 3740 2227 πρὸς

2150 2247 2348 2314 ἑτέραν
2374 2247 2714 2317 ἀπαίροντσς
2765 2250 3055 2321 ἐπαρχίαν,
3103 2250 3273 2321 χωρὶς
3312 2249 3645 2319 ἀπολυτικῆς
3699 2246 3736 2317 ἢ

2152 2340 2482 2409 συστατικῆς
2499 2338 2594 2393 τοῦ
2622 2341 2923 2395 ἐπισκόπου
2961 2343 3202 2415 γραφῆς.
3239 2342 3377 2405 Τοὺς
3412 2359 3474 2411 γε
3509 2340 3614 2413 μὴν
3666 2342 3742 2395 τὰ

2150 2433 2262 2486 ἴδια
2308 2431 2827 2503 καταλιμπάνοντας
2871 2438 3233 2507 μονασνήρια,
3276 2435 3372 2489 καὶ
3416 2434 3515 2497 τάς
3550 2433 3740 2496 πόλεις

2151 2528 2464 2599 ἀδιαφόρως
2488 2530 2586 2583 καὶ
2607 2529 2858 2593 ἀτάκτως
2884 2531 3224 2602 περιϊόντας,
3259 2532 3357 2585 καὶ
3382 2529 3453 2583 τὰ
3476 2529 3576 2601 τῆς
3607 2530 3741 2583 Ἐκο

2151 2616 2401 2686 κλησίας,
2435 2618 2572 2690 πρὸς
2598 2616 2657 2671 δέ
2688 2621 2782 2672 καὶ
2842 2619 2912 2672 τά
2969 2620 3222 2674 πολιτικὰ
3272 2619 3741 2692 διαταράσσοντας

2150 2710 2477 2779 πράγματα,
2517 2708 2590 2772 ὡς
2628 2710 2765 2781 μήτε
2789 2712 2854 2763 τά
2886 2709 3005 2764 θεῖα
3044 2711 3199 2782 μέρει
3228 2711 3304 2784 τῷ
3338 2712 3566 2776 ἐαυτῶν,
3596 2713 3741 2781 μήτε

2151 2802 2220 2855 τά
2246 2800 2568 2872 ἀνθρώπινα
2601 2802 2744 2856 κατά
2778 2820 2841 2870 γε
2856 2784 2969 2874 ’τὴν
2995 2805 3383 2877 προσήκουσαν
3412 2803 3565 2870 τάξιν
3601 2803 3741 2857 ἐῶνο

2150 2902 2251 2956 τας
2276 2892 2692 2964 διενεργεϊσθαι,
2718 2895 2821 2947 ὑπὸ
2853 2895 3060 2949 λαῖκῶν
3094 2896 3195 2965 μέν
3220 2897 3290 2949 τὰ
3320 2895 3572 2965 βιωτικὰ,
3624 2894 3738 2950 ὑπὸ

2151 2980 2207 3035 δέ
2234 2982 2487 3053 μοναχῶν
2503 2984 2600 3036 καὶ
2625 2984 2903 3053 κληρικῶν
2931 2985 3001 3039 τά
3038 2986 3116 3056 τῷ
3158 2985 3280 3058 Θεῷ
3314 2986 3739 3055 ἀνατεθειμένα,

2153 3074 2375 3147 τούτους
2422 3074 2517 3129 καὶ
2572 3076 2804 3141 ἄκοντας
2854 3078 2970 3140 τοῖς
3024 3078 3410 3149 μοναστηρίοις
3462 3078 3740 3146 ἐγκλείειν

2155 3164 2389 3225 κελεύει.
2418 3167 2469 3220 εί
2497 3167 2572 3237 μή
2626 3185 2767 3232 τινες
2786 3167 2893 3238 ἀρα
2949 3168 3027 3232 είς
3062 3169 3354 3224 πολιτικῶν
3395 3170 3748 3242 πραγμάτων

2159 3258 2464 3326 ἀναγκαίαν
2503 3258 2770 3328 διοίκησιν
2801 3261 3157 3329 ἐπιτραπεῖεν
3207 3260 3358 3331 παρὰ
3387 3261 3479 3314 τοῦ
3512 3261 3608 3332 τῆς
3642 3263 3746 3316 πό⁴

2157 3348 2295 3411 λεως
2349 3349 2673 3415 ἐπισκόπου,
2735 3349 2833 3404 ἆτε
2880 3352 2987 3404 τῶν
3048 3351 3353 3423 τηνικαῦτα
3396 3351 3674 3424 κληρικῶν
3710 3354 3746 3426 ἢ

2159 3442 2363 3496 λαῖκῶν
2392 3442 2799 3514 ἀσφαλέστερον
2851 3443 3023 3498 ταῦτα
3080 3444 3342 3499 διαθεῖναι
3389 3446 3465 3517 μὴ
3511 3445 3746 3515 ἀμαθῶς

2161 3530 2399 3603 ἔχοντες.
2444 3532 2762 3589 Ἐπιτάττει
2787 3535 2844 3589 δέ
2864 3536 2959 3589 καὶ
2989 3536 3197 3607 μηδένα
3223 3536 3409 3590 δοῦλον
3444 3537 3572 3602 τοὺς
3628 3539 3749 3592 τῶν

2164 3628 2539 3698 μοναστηρῗων
2571 3627 2919 3697 προεστῶτας
2946 3628 3282 3699 εἰσδέχεσθαι
3313 3629 3407 3682 ἐπὶ
3462 3627 3524 3680 τδ
3574 3628 3747 3697 μονά-

2163 3737 2253 3773 σαι
2285 3721 2435 3789 παρά
2466 3718 2695 3789 γνώμην
2732 3719 2826 3772 τοῦ
2878 3721 3006 3774 ἰδίου
3070 3720 3354 3785 δεσπότου,
3418 3718 3503 3772 ἵνα
3553 3718 3626 3790 μὴ
3680 3722 3748 3772 τὸ

2161 3812 2330 3881 ὄνομα
2359 3810 2452 3863 τοῦ
2489 3810 2624 3864 Θεοῦ
2658 3811 3067 3882 βλασφημῆται,
3090 3810 3181 3864 τδν
3215 3808 3271 3864 δέ
3314 3811 3406 3864 τὸν
3454 3811 3579 3878 ὅρον
3616 3827 3745 3862 του-

2162 3902 2278 3955 τονὶ
2330 3901 2762 3971 παραϐαίνοντα,
2800 3901 3165 3970 ἀκοινώτητον
3216 3896 3393 3953 εῖναι·
3436 3901 3526 3954 τόν
3558 3917 3623 3970 γε
3672 3900 3746 3973 δὴ
3800 3946 3803 3949 .

2163 3992 2265 4062 τῆς
2297 3992 2505 4054 πόλεως
2538 3993 2840 4044 ἐπίσκοπον
2890 3992 3089 4061 χρῆναι
3131 3990 3231 4062 τὴν
3287 3992 3515 4045 δέουσαν
3569 3996 3741 4047 ποιεῖς

2166 4083 2291 4137 σθαι
2337 4084 2594 4154 πρόνοιαν
2658 4081 2767 4134 τῶν
2804 4081 3202 4152 μοναστηρίων,
3251 4081 3341 4135 ἴνα
3402 4082 3478 4152 μὴ
3534 4086 3600 4153 τῇ
3633 4084 3748 4137 τῶν

2166 4174 2477 4244 προσόντων
2503 4175 2686 4236 αὐτοῖς
2711 4173 2930 4243 ὀχλήσει
2981 4171 3323 4241 πραγμάτων
3358 4174 3747 4244 συνταράττη-

2163 4283 2256 4320 ται
2273 4269 2390 4328 τοῖς
2424 4267 2680 4335 μοναχοϊς
2706 4266 2766 4317 τὸ
2801 4263 3120 4334 φιλήσυχον.
3152 4265 3316 4337 Ζήτει
3338 4265 3399 4317 τὸ
3435 4264 3519 4335 κβ¹
3556 4267 3650 4318 καὶ
3681 4268 3749 4319 τὸ

2166 4366 2243 4413 κε’
2286 4376 2412 4426 κεφ.
2444 4352 2538 4410 τοῦ
2568 4358 2608 4409 Ε
2635 4356 2923 4426 στοιχείου.

2238 4470 2377 4537 Περὶ
2439 4468 2543 4521 τοῦ
2578 4466 2703 4533 πῶς
2735 4470 2851 4537 χρὴ
2888 4468 3166 4536 δέχεσθαι
3200 4468 3347 4535 τοὺς
3380 4469 3672 4536 θέλοντας

2752 4539 3153 4606 (ἐπιχαρῆναι.

2250 4628 2392 4684 ’0δέ
2423 4635 2510 4699 μγ¹
2552 4629 2646 4697 τῆς
2690 4635 2742 4694 ς’
2769 4631 2988 4683 συνόδου
3044 4632 3244 4695 κανὼν,
3264 4633 3378 4685 Οὐκ
3420 4632 3748 4702 ἀπείρηται,

2169 4723 2325 4795 φησὶ,
2372 4724 2536 4777 παντὶ
2578 4724 2911 4794 Χριστιανῷ,
2952 4728 3045 4777 καὶ
3100 4726 3312 4793 μεγάλα
3374 4727 3746 4796 ἡμαρτηκότι,

2146 4816 2269 4896 ,τὴν
2294 4816 2593 4886 μοναδικὴν
2627 4816 2906 4884 μετελθεῖν
2934 4818 3233 4879 πολιτείαν,
3282 4816 3405 4886 ἥτις
3460 4820 3593 4885 ἡμῖν
3646 4817 3749 4887 τὴν

2170 4910 2229 4963 ἐν
2262 4909 2523 4979 μετανοίᾳ
2548 4908 2693 4979 ζωὴν
2720 4911 2817 4963 σὺν
2877 4910 3136 4979 ἀκριϐείᾳ
3187 4910 3559 4981 στηλογραφεῖ
3596 4926 3609 4939 ο
3660 4907 3751 4965 οἷα

2169 5017 2253 5064 τις
2279 5001 2387 5071 γὰρ
2418 5001 2587 5073 στήλη
2615 5002 2714 5071 τὴν
2740 4997 3030 5070 μετάνοιαν
3057 5003 3189 5072 ἡμῖν
3230 5002 3305 5070 τῷ
3355 5001 3555 5066 ἔξωθεν
3613 5003 3751 5073 σχή-

2174 5109 2325 5163 ματι,
2353 5093 2446 5144 καὶ
2489 5092 2567 5163 τῷ
2589 5091 2708 5163 βίῳ,
2758 5092 2852 5144 καὶ
2888 5096 3002 5154 τοῖς
3046 5092 3233 5162 ἤθεσιν
3280 5093 3611 5161 ὑπογράφει,
3653 5093 3751 5145 καὶ

2170 5184 2376 5254 ταύτης
2423 5186 2513 5238 ἀεὶ
2552 5183 2868 5254 μεμνῆσθαι
2914 5184 3350 5253 παρασκευάζει.
3403 5185 3498 5254 Μὴ
3538 5184 3673 5256 δῆτα
3715 5188 3747 5254 ἡ

2172 5277 2282 5330 τῶν
2335 5278 2694 5348 πταισμάτων
2756 5277 2965 5348 πληθὺς
3019 5278 3113 5329 καὶ
3148 5277 3205 5329 τὸ
3234 5278 3396 5347 βάρος
3439 5278 3747 5345 ἀπόγνωσιν

2175 5374 2305 5442 ἡμῖν
2335 5372 2663 5440 ἐμποιείτω·
2695 5370 2831 5441 μηδέ
2870 5386 2955 5432 τις
2980 5371 3180 5438 τρόπις
3208 5368 3462 5439 ἐμποδὼν
3510 5369 3751 5438 γενέσθω

2174 5469 2280 5515 τινὶ
2310 5464 2445 5533 πρὸς
2472 5465 2569 5532 τὴν
2605 5461 2697 5513 τνιῦ
2740 5461 3020 5529 θεοφιλοῦς
3050 5460 3242 5514 τούτου
3267 5461 3471 5514 σκοποῦ
3504 5461 3750 5531 ἀποπλή-

2178 5572 2367 5624 ρωσιν.
2405 5554 2465 5607 '0
2494 5555 2602 5625 γὰρ
2641 5554 2834 5624 Σωτὴρ
2863 5552 3020 5623 ἡμῶν
3045 5554 3234 5622 εἴρηκε
3265 5571 3278 5583 ·
3323 5553 3428 5606 Τὸν
3458 5554 3750 5623 ἐρχόμενον

2178 5646 2316 5717 πρός
2348 5662 2414 5715 με
2453 5646 2515 5697 οὐ
2551 5645 2625 5713 μὴ
2660 5645 2877 5698 ἐκϐάλω
2903 5645 3027 5710 ἔξω.

2257 5737 2317 5789 ὐ
2350 5736 2406 5789 δέ
2446 5744 2520 5807 μ’,
2553 5738 2611 5790 Εἰ
2639 5738 2733 5790 καὶ
2759 5737 2818 5790 τὸ
2839 5737 3135 5791 κολλᾶσθαι
3188 5735 3328 5806 Θεῷ,
3376 5737 3533 5804 φησὶ,
3587 5735 3755 5789 ποὶλὰ

2180 5823 2389 5894 χαίρειν
2429 5825 2687 5895 πρότερον
2708 5827 2821 5888 τοῖς
2851 5826 2946 5879 τοῦ
2986 5827 3102 5896 βίου
3136 5827 3449 5896 φράσαντας
3498 5826 3758 5897 πράγμα-
