4054 6460
214 403 226 415 ι
279 380 334 449 ιι
1264 386 1670 449 S't'NTAGMA
1712 384 2336 448 ALPIIABETICUM.
2381 411 2453 422 —
2487 380 2566 433 Μ.
2796 346 2809 356 “
3465 382 3538 446 42

278 523 341 571 σι,
395 501 493 573 τῆς
554 499 768 556 ἐκεῖθεν
822 499 1227 574 μακαριότητος
1286 501 1664 572 κληρονόμους
1728 497 1840 553 οἶδε

1964 499 2350 564 raledixerunt,
2412 500 2576 561 istius
2607 497 2886 554 felicitatis
2919 497 3008 554 hic
3041 499 3334 569 participes
3365 500 3547 558 facere

280 598 459 660 ποιεῖν,
489 594 606 649 ἀλλ’
648 593 1023 661 ἀνεξετάστως
1071 594 1133 646 οὐ
1167 593 1321 646 δέον·
1369 593 1493 646 οὐδὲ
1548 592 1704 663 παρὰ
1753 590 1846 644 τὸν

281 693 613 762 προσήκοντα
645 689 821 759 δήπου
869 689 968 758 τῆς
1026 686 1250 758 ἡλικίας
1311 686 1526 757 καιρὸν,
1568 682 1706 748 ’τοὺς
1750 683 1843 736 τὸν

284 784 478 855 μονήρη
517 783 633 853 βίον
667 782 1053 853 αἱρουμένους,
1103 780 1197 834 τὸν
1252 778 1354 847 τῆς
1401 777 1572 849 μονῆς
1602 795 1846 847 προστα-

280 876 469 931 τούντα
501 874 826 946 προσίεσθαι
876 874 976 927 δεῖ.
1019 872 1109 943 Τῷ
1159 871 1218 925 δὲ
1259 870 1635 940 πλατυνθῆναι
1688 887 1846 942 περι-

279 966 451 1034 φανῶς
475 964 574 1034 τὴν
598 962 906 1026 εὐσέϐειαν,
937 960 1014 1033 τῷ
1045 960 1290 1031 περιόντι
1336 957 1437 1027 τῆς
1485 959 1712 1028 χάριτος
1750 954 1845 1009 τοῦ

281 1060 427 1121 Θεοῦ,
458 1059 552 1112 καὶ
578 1057 844 1126 δεκαέτης
880 1053 960 1108 ὢν
1004 1072 1091 1118 τις
1122 1053 1199 1124 μὴ
1226 1050 1651 1120 άποϐεϐλήσθω,
1686 1049 1848 1120 μόνον

279 1156 321 1207 εἱ
340 1154 465 1215 τοὺς
485 1149 1159 1222 τρόπους.συμϐαίνοντας
1182 1147 1297 1217 ἔχοι
1324 1146 1404 1216 τῷ
1435 1143 1843 1214 ὲπαγγέλματι,

283 1247 348 1318 μὴ
380 1248 462 1299 ὅτι
494 1245 587 1299 καὶ
612 1244 675 1297 τὸ
705 1244 933 1297 δέκατον
966 1240 1360 1313 παριππεύσας
1394 1237 1536 1300 ἔτος.
1796 1273 1822 1295 .

351 1340 411 1394 '0
440 1339 496 1392 δὲ
522 1344 565 1392 ε’
597 1339 697 1409 τῆς
727 1336 1032 1407 λεγομένης
1072 1336 1174 1389 AB'
1207 1332 1432 1391 συνόδου
1478 1330 1686 1397 κανὼν,
1718 1330 1848 1393 τοὺς

277 1432 346 1502 τῷ
378 1431 605 1502 μονήρει
636 1430 961 1501 προσιόντας
984 1428 1108 1500 βίῳ,
1142 1427 1235 1481 ἐπὶ
1258 1425 1507 1498 τριετίαν
1533 1424 1592 1478 ὲν
1611 1425 1679 1495 τῇ
1711 1423 1844 1493 μονῇ

277 1521 658 1594 δοκιμάζεσθαι
689 1520 1004 1592 διωρίσατο,
1055 1521 1156 1592 τὴν
1207 1517 1489 1589 κοσμικὴν
1524 1513 1850 1588 περικειμέ-

278 1633 392 1681 νους
432 1616 513 1670 ἔτι
563 1615 796 1685 στολήν*
834 1613 1134 1685 ἀξιόχρεων
1181 1611 1239 1666 δὲ
1292 1612 1392 1682 τὴν
1425 1612 1485 1662 ὲν
1524 1608 1701 1680 τούτῳ
1747 1603 1846 1659 τοῦ

277 1712 465 1781 χρόνον
483 1711 611 1784 περὶ
628 1710 689 1764 τὺ
714 1707 1042 1777 ἐπάγγελμα
1072 1704 1337 1776 πρόθεσιν
1368 1701 1844 1771 ἐπιδειξαμένους,

171 1860 184 1869 ,
278 1803 572 1874 τηνικαῦτα
602 1804 662 1858 τὸ
711 1800 1009 1873 μοναχικὺν
1050 1796 1453 1868 ἀμφιέννυσθαι
1491 1796 1699 1866 σχῆμα.
1731 1793 1846 1856 Τὰς

1954 607 2170 663 aequum
2207 593 2298 654 sit,
2332 599 2384 645 at
2420 606 2548 645 vero
2585 592 2793 661 absque
2825 591 3081 648 examine
3114 592 3344 647 minime
3381 608 3548 663 Opor-

1956 692 2031 738 tet
2064 701 2077 737 :
2106 685 2217 738 imo
2249 698 2349 738 nec
2381 684 2515 738 citra
2548 683 2793 736 debitum
2823 684 3003 739 aetatis
3034 694 3251 754 tempus
3282 686 3423 755 illos,
3450 691 3547 758 qui

1952 775 2119 830 vitam
2155 774 2460 829 solitariam
2497 789 2661 842 agere
2698 774 2962 844 cupiunt,
3000 792 3031 829 a
3065 779 3322 845 praefecto
3357 794 3549 834 mona-

1953 866 2108 923 sterii
2143 866 2356 921 admitti
2392 865 2473 921 fas
2505 876 2609 921 est.
2637 865 3028 923 Verumtamen
3064 878 3124 924 ut
3156 871 3419 937 praeclare
3450 887 3549 927 au-

1951 968 2142 1030 geatur
2172 959 2370 1029 pictas,
2405 960 2879 1030 superabundanti
2912 962 3087 1032 gratia
3122 962 3217 1016 Dei
3251 965 3420 1017 etiam
3452 964 3548 1017 de—

1951 1052 2155 1107 cimum
2183 1053 2362 1107 aetatis
2387 1067 2594 1108 annum
2624 1068 2793 1124 agens
2819 1068 2888 1109 ne
2913 1054 3221 1123 rejiciatur,
3247 1056 3550 1111 dummodo

1950 1142 2148 1214 dignos
2177 1142 2521 1214 professione
2549 1161 2730 1201 mores
2761 1145 3000 1214 praebeat
3031 1162 3046 1213 ;
3080 1149 3191 1203 imo
3233 1163 3336 1204 nec
3382 1149 3430 1203 is
3457 1148 3551 1219 qui

1950 1239 2223 1295 decimum
2257 1240 2438 1295 adhuc
2468 1249 2778 1295 currentem
2814 1239 2995 1294 habet.

2024 1327 2228 1401 Synodi
2268 1345 2402 1385 vero
2475 1331 2665 1400 primae
2705 1338 2758 1384 et
2796 1329 3057 1413 secundae
3096 1330 3259 1386 dictae
3299 1345 3476 1387 canon
3522 1332 3556 1387 5

1951 1438 2048 1480 eos
2089 1424 2184 1494 qui
2227 1425 2294 1479 ad
2339 1423 2732 1479 monachatum
2777 1423 3088 1488 accedunt,
3125 1440 3224 1495 per
3258 1425 3553 1480 triennium

1950 1514 2009 1570 in
2050 1517 2415 1582 monasterio,
2451 1525 2612 1572 vcste
2652 1517 2873 1585 quidem
2902 1517 3153 1573 saeculari
3198 1520 3380 1574 adhuc
3421 1522 3559 1574 ami-

1950 1620 2090 1676 ctos,
2123 1611 2440 1681 probandos
2470 1611 2739 1668 decrevit.
2770 1611 3017 1683 Equum
3049 1621 3232 1668 tamen
3264 1628 3385 1669 esse
3411 1614 3559 1684 judi-

1950 1703 2128 1769 cavit,
2161 1704 2337 1774 utqui
2370 1720 2469 1775 per
2495 1704 2551 1760 id
2581 1706 2847 1776 temporis
2878 1706 3052 1761 animi
3084 1706 3169 1761 sui
3204 1707 3550 1777 propositum

1950 1796 2018 1852 de
2048 1795 2399 1867 professione
2432 1797 2959 1864 demonstraverint,
2991 1805 3110 1853 tum
3144 1799 3366 1854 demqu
3405 1798 3560 1853 habi—

278 1898 378 1968 γάρ
406 1899 667 1969 ἀκρίτους
703 1897 801 1950 καὶ
834 1893 1242 1965 ἁδοκιμάστους
1295 1888 1583 1958 άποταγὰς
1624 1888 1701 1952 ὡς
1730 1887 1850 1941 ἐπί-

1964 1898 2070 1944 Lum
2131 1890 2497 1945 monasticum
2560 1899 2873 1946 assumant.
2913 1890 3240 1949 lndiscretas
3292 1892 3438 1947 enim
3501 1901 3556 1946 et

278 2009 378 2046 παν
408 1993 568 2061 ῐσμεν
612 1991 679 2061 τῇ
715 1989 825 2043 τῶν
862 1987 1118 2058 μοναχῶν
1158 1985 1385 2056 εὐταξία
1419 1972 1846 2055 λυμαινομένας.

278 2086 333 2137 Οἱ
356 2084 488 2152 γοὺν
503 2080 789 2153 προπετῶς
812 2080 1041 2141 ἑαυτοὺς
1064 2079 1142 2149 τῷ
1169 2080 1402 2149 μονήρει
1426 2074 1853 2147 ὲπιρῤίπτοντες

278 2174 391 2244 βίῳ,
420 2174 516 2228 καὶ
544 2173 680 2245 πρὸς
703 2172 764 2225 τὸ
796 2172 976 2243 τραχὺ
1011 2170 1313 2240 μετέπειτα
1343 2167 1440 2221 καὶ
1470 2166 1734 2220 ἐπίπονον
1752 2162 1854 2233 τῆς

275 2269 559 2337 ἀσκήσεως
589 2265 940 2327 ἀπειπόντες,
972 2264 1068 2317 ἐπὶ
1099 2262 1196 2316 τὸν
1220 2261 1561 2332 φιλόσαρκον
1591 2259 1689 2311 καὶ
1734 2256 1851 2310 ὑλι-

274 2361 362 2415 κὸν
385 2361 505 2431 βίον
545 2358 745 2422 ἀθλίως
780 2357 944 2411 πάλιν
975 2354 1517 2425 ἐπαναστρέφουσιν.
1552 2351 1616 2404 Εί
1658 2349 1719 2403 δέ
1766 2365 1853 2412 τις

274 2451 397 2521 περὶ
430 2449 686 2503 πλείστου
714 2446 984 2518 πεποίητο
1013 2446 1082 2500 τά
1112 2446 1214 2517 τῆς
1243 2443 1533 2506 εὐλαϐείας
1579 2441 1678 2495 καὶ
1723 2441 1854 2510 ἁρε-

272 2543 366 2613 τῆς
396 2543 478 2606 ὡς
506 2542 568 2596 τὸ
602 2540 815 2611 φθάσαν
841 2539 935 2594 τοῦ
961 2539 1079 2610 βίου
1117 2538 1216 2591 τοῦ
1251 2536 1539 2609 μέλλοντος
1575 2535 1853 2605 ὑπάρχειν

273 2636 572 2706 ἐχέγγυον,
630 2635 727 2688 καὶ
778 2636 807 2688 ὁ
862 2633 1220 2703 ὲξαμηνιαῖος
1270 2630 1577 2700 ἀποχρήσει
1635 2626 1849 2695 καιρός.

283 2730 430 2783 Ἀλλ’
458 2728 578 2783 οὐδὲ
606 2728 716 2786 τῶν
747 2725 1230 2797 εἰσπραττομένων
1261 2723 1342 2777 ἔτι
1369 2723 1430 2776 τὸ
1465 2723 1714 2792 δόκιμον,
1739 2721 1852 2782 τοῖς

272 2823 405 2895 νόσῳ
430 2824 878 2895 περιπεπτωκόσι
918 2821 1136 2892 βαρείᾳ,
1165 2819 1266 2893 τὴν
1302 2818 1588 2873 τελείωσιν
1619 2815 1854 2887 ὑπερθε-

270 2916 387 2968 τέον
418 2915 520 2968 τοῦ
551 2917 848 2987 σχήματος.
879 2915 1020 2976 Τοὺς
1069 2912 1126 2967 δὲ
1174 2910 1328 2986 παρά
1358 2911 1535 2966 ταῦτα
1581 2909 1849 2982 δρῶντας,

269 3009 355 3064 τόν
375 3028 437 3063 τε
463 3010 561 3080 τῆς
587 3009 754 3080 μονῆς
781 3007 1172 3079 ἐξηγούμενον,
1194 3006 1364 3076 φημὶ,
1390 3006 1483 3060 καὶ
1511 3005 1605 3059 τὸν
1635 3003 1855 3072 εἰσαγόο

276 3121 459 3173 μενον,
482 3104 574 3157 τὸν
607 3102 706 3174 μὲν
744 3103 842 3174 τῆς
863 3102 1039 3173 ἀρχῆς
1064 3100 1374 3167 ἐκπίπτειν,
1400 3099 1494 3155 καὶ
1518 3098 1618 3171 τὴν
1639 3099 1849 3153 ὑποτα-

267 3194 365 3264 γὴν
391 3193 846 3265 ὑπεισέρχεσθαι,
872 3194 965 3246 τὸν
986 3193 1044 3246 δὲ
1071 3193 1152 3255 είς
1208 3192 1404 3263 ἑτέραν
1438 3189 1608 3263 μονὴν
1637 3189 1850 3260 άπάγε-
1874 3232 1921 3292 C

270 3285 409 3355 σθαι,
442 3286 617 3357 μηδὲν
654 3285 754 3357 τῆς
786 3284 1076 3356 ἀκριϐείας
1115 3283 1443 3356 ὑφιεμένην.

267 3577 403 3646 Περὶ
470 3574 595 3631 τῶν
648 3574 828 3647 χωρὶς
870 3573 1063 3645 εὐχῆς
1112 3575 1180 3647 τό
1226 3570 1565 3644 μοναχικύν
1622 3569 1854 3642 ἔνδυμα

786 3644 1329 3716 περιϐεϐλημένων.

336 3740 400 3794 Ei
436 3739 505 3794 δέ
554 3756 641 3804 τις
687 3740 784 3794 καὶ
840 3739 943 3809 τῆς
996 3737 1244 3811 τριετίας
1281 3735 1434 3798 ἐντὸς
1467 3733 1528 3788 τὺ
1557 3732 1855 3806 μοναχικδν

264 3835 359 3889 καὶ
410 3833 593 3904 χωρὶς
644 3831 820 3904 εὐχῶν
874 3831 1078 3904 ἔνδυμα
1136 3829 1525 3903 περιϐάλλοιτο
1543 3879 1561 3906 ,
1610 3825 1855 3898 μεγάλας

267 3925 454 3994 ὑφέξει
508 3925 682 3991 δίκας,
713 3926 765 3978 εί
796 3923 1172 3979 ἀποδύσασθαι
1218 3921 1381 3976 τοῦτο
1423 3920 1745 3992 βουληθείη,
1778 3918 1854 3982 ὡς

267 4016 485 4080 παίζων
515 4018 779 4088 ἀντικρυς
799 4017 858 4069 ὲν
876 4018 937 4070 οὐ
959 4016 1232 4077 παικτοῖςο
1265 4015 1364 4069 καί⁵
1386 4013 1535 4068 ἄκων
1565 4011 1676 4082 γάρ
1697 4009 1858 4065 τοῦτο

267 4110 708 4179 περιϐεϐλῆσθαι
745 4110 1256 4179 ἀναγκασθήσεται.

340 4206 404 4258 '0
453 4206 521 4259 δὲ
573 4201 616 4275 β’
655 4204 867 4273 ταύτης
932 4203 1007 4274 μὴ
1040 4203 1362 4273 ἀποκείρειν
1408 4183 1691 4257 ὁντιναοῦν
1732 4199 1858 4252 ἐπι-

266 4301 534 4367 σκήπτει,
570 4297 665 4350 καὶ
716 4296 777 4350 τὸ
826 4297 1122 4367 μοναχικὸν
1155 4297 1348 4367 σχῆμα
1393 4293 1763 4365 περιτιθέναι,
1792 4292 1860 4347 ἂν

267 4393 339 4463 μὴ
376 4393 661 4463 πρότερον
693 4391 723 4443 ὁ
775 4391 987 4461 μέλλων
1037 4391 1201 4444 αὐτὸν
1251 4391 1334 4452 είς
1379 4387 1664 4458 ὑποταγὴν
1715 4370 1861 4456 ἔχειν

264 4488 439 4556 παρῇ,
475 4478 528 4554 ᾧ
556 4485 653 4553 τῆς
685 4483 927 4555 ψυχικῆς
948 4481 1115 4538 αὐτοῦ
1154 4482 1434 4554 σωτηρίας
1469 4481 1724 4552 μελήσει,
1760 4497 1862 4536 κα-

1956 1983 2096 2038 citra
2142 1982 2528 2054 probationem
2575 1982 2752 2040 faetas
2796 1984 3239 2039 renuntiationes
3282 1995 3342 2040 ut
3385 1986 3558 2054 pluri-

1955 2089 2105 2130 mum
2152 2075 2333 2130 ordini
2379 2076 2687 2131 monastico
2731 2076 3073 2147 perniciosas
3118 2092 3239 2132 esse
3282 2076 3558 2147 comperi-

1956 2182 2099 2223 mus.
2144 2167 2354 2224 Idcirco
2405 2169 2502 2239 qui
2545 2176 2753 2224 temere
2799 2169 2854 2224 in
2900 2177 3101 2225 statum
3154 2172 3552 2226 monachorum

1957 2276 2078 2317 sese
2110 2263 2387 2331 ingerunt,
2420 2262 2584 2332 paulo
2618 2271 2745 2334 post
2782 2264 2962 2332 ipsum
2999 2264 3104 2334 piae
3137 2264 3556 2320 exercitationis

1956 2354 2201 2409 laborem
2246 2363 2602 2422 recusantes,
2645 2370 2869 2411 rursum
2915 2356 2981 2412 ad
3024 2366 3237 2426 gratam
3289 2357 3444 2411 carni
3493 2373 3558 2412 ac

1956 2448 2275 2502 saecularem
2291 2449 2458 2503 vitam
2489 2448 2691 2505 misere
2719 2449 2926 2505 reverti
2952 2451 3148 2506 solent.
3167 2451 3222 2506 Si
3254 2451 3557 2523 quislss

1956 2554 2090 2595 vero
2123 2556 2472 2610 summopere
2528 2543 2583 2597 in
2629 2540 2716 2598 his
2746 2557 2870 2613 qum
2901 2545 2967 2599 ad
3002 2544 3322 2615 religionem
3356 2559 3420 2600 ac
3448 2545 3558 2598 vir-

1957 2639 2127 2687 tutem
2174 2633 2483 2704 pertinent,
2537 2644 2713 2690 semet
2758 2635 3104 2701 exercuerit,
3153 2638 3292 2690 adeo
3342 2645 3402 2690 ut
3444 2636 3556 2690 vita

1956 2733 2209 2780 anteacta
2245 2725 2443 2781 futurae
2470 2741 2581 2780 non
2614 2742 2756 2781 vana
2783 2727 3008 2797 sponsio
3042 2729 3229 2795 fuerit,
3258 2728 3347 2783 vel
3377 2744 3559 2785 seme—

1958 2826 2072 2872 stre
2109 2826 2324 2887 tempus
2361 2817 2612 2874 suﬂiciet.
2647 2817 2923 2875 Caeterum
2960 2835 3063 2875 nec
3096 2820 3199 2886 iis,
3237 2821 3335 2891 qui
3376 2823 3559 2878 adhuc

1956 2910 2338 2981 probationem
2364 2919 2589 2982 agentes
2614 2912 2669 2967 in
2695 2928 2919 2982 gravem
2948 2915 3202 2969 morbum
3231 2914 3556 2977 inciderint.

1957 3004 2169 3061 ordinis
2198 3006 2608 3061 consummatio
2635 3004 2939 3061 differenda
2968 3014 3076 3061 est.
3104 3005 3206 3073 Qui
3237 3020 3368 3061 vero
3396 3023 3561 3063 secus

1956 3092 2216 3161 fecerint,
2248 3102 2379 3165 puta
2407 3094 2495 3150 vel
2527 3094 2844 3166 praefectum
2876 3097 3224 3161 monasterii,
3256 3099 3344 3153 vel
3371 3098 3565 3154 candi-

1957 3185 2144 3240 datum
2166 3227 2182 3253 ,
2213 3185 2365 3241 illum
2399 3186 2618 3257 quidem
2647 3187 2919 3258 regimine
2945 3189 3200 3245 excidere
3235 3192 3424 3246 statuit
3451 3234 3466 3259 ,
3502 3199 3562 3246 et

1958 3276 2165 3332 subditi
2211 3276 2585 3333 conditionem
2628 3278 2839 3347 subire,
2882 3259 3031 3335 hunc
3073 3292 3256 3336 autem
3309 3282 3363 3336 in
3410 3284 3561 3339 aliud

1959 3367 2357 3423 monasterium
2408 3369 2649 3439 abduci,‘
2679 3369 2775 3427 ubi
2829 3370 2966 3427 nihil
3017 3372 3217 3445 rigoris
3264 3375 3561 3432 monastici

1957 3460 2278 3517 remittitur.

2028 3571 2109 3628 De
2138 3572 2208 3629 iis
2235 3573 2327 3644 qui
2355 3573 2555 3646 absque
2585 3575 2829 3645 precibus
2859 3578 3215 3634 monasticam
3245 3579 3488 3635 habitum

2632 3646 2885 3703 induunt.

2029 3735 2355 3809 Quicunque
2377 3752 2510 3794 vero
2537 3737 2683 3794 intra
2714 3740 3013 3797 triennium
3049 3745 3424 3800 monasticum
3459 3745 3560 3800 ha-

1958 3840 2131 3897 bitum
2159 3848 2216 3895 et
2242 3837 2465 3910 quidem
2494 3837 2705 3907 absque
2731 3837 2990 3907 precibus
3017 3836 3217 3904 induit,
3247 3851 3562 3909 przegraves

1957 3948 2154 4006 poenas
2199 3933 2338 3999 luet,
2365 3930 2667 3987 dummodo
2716 3930 2868 3986 illum
2930 3946 3125 3987 rursus
3177 3947 3384 3987 exuere
3410 3933 3563 3999 velit,

1961 4037 2223 4097 tanquam
2256 4041 2381 4083 cum
2416 4025 2583 4080 rebus
2614 4024 2811 4081 ludens
2846 4024 3073 4081 minime
3104 4025 3365 4093 ludicris;
3398 4043 3562 4105 cogef

1960 4128 2052 4176 tur
2083 4121 2230 4176 enim
2262 4120 2333 4176 ad
2365 4119 2611 4175 habitum
2646 4119 2811 4175 istum
2845 4119 2927 4173 vel
2960 4119 3156 4175 nolens
3198 4120 3559 4179 induendum.

2036 4214 2205 4270 Cavct
2256 4214 2423 4269 etiam
2490 4212 2641 4267 illius
2677 4211 2871 4283 synodi
2908 4225 3087 4266 canon
3120 4211 3192 4278 2,
3261 4229 3330 4267 ne
3367 4224 3562 4270 tonsus

1963 4306 2195 4378 quilibet
2232 4304 2435 4360 amictu
2477 4302 2789 4359 monachaii
2829 4309 3037 4367 utatur,
3076 4303 3183 4358 nisi
3220 4304 3373 4373 prius
3415 4307 3562 4361 adsit

1962 4399 2058 4469 qui
2094 4397 2244 4452 illum
2282 4399 2335 4450 in
2369 4395 2717 4466 subiectione
2760 4401 2927 4464 atque
2972 4394 3169 4450 salutis
3202 4396 3402 4452 animae
3441 4397 3564 4468 ejus

1967 4507 2155 4547 curam
2220 4490 2423 4546 habere
2488 4489 2672 4550 debet.
2722 4487 2840 4559 ipse
2903 4487 3123 4557 quidem
3162 4488 3275 4559 jam
3338 4498 3466 4544 ante
3504 4491 3560 4546 in

261 4576 368 4640 λῶν,
449 4575 625 4638 αὐτὸς
686 4576 953 4646 πρότερον
995 4574 1210 4645 ξέργοις
1278 4574 1379 4643 τὴν
1438 4569 1642 4643 ἀρετὴν
1686 4570 1854 4641 ἀσκη-

1967 4584 2228 4654 operibus
2261 4582 2421 4637 bouis
2448 4580 2713 4652 praeclare
2746 4581 3113 4648 exercitatus,
3146 4581 3560 4654 discipulosque

264 4669 399 4733 θεὶς,
462 4671 570 4724 καὶ
608 4664 721 4732 οἷος
766 4668 904 4740 πρὸς
955 4667 1165 4739 ταύτην
1214 4666 1310 4721 καὶ
1368 4664 1495 4729 τοὺς
1538 4664 1644 4718 ὑπὸ
1696 4665 1859 4735 χεῖρα

263 4765 428 4833 ὲνάγε
440 4783 519 4820 ιν.

334 4859 485 4922 Τοὺς
515 4855 708 4926 μέντοι
734 4854 826 4909 διὰ
862 4853 1019 4908 νόσον
1072 4853 1106 4924 ἢ
1153 4853 1334 4924 λύπην
1363 4851 1858 4923 ἀποκειρομένους,

261 4950 346 5019 ἐφ’
484 4948 653 5013 δόξαν
686 4948 846 5019 μόνον
891 4945 1182 5009 εὐλαϐείας
1216 4945 1468 5000 ἐντεῦθεν
1520 4942 1857 5015 κτήσασθαι,

262 5045 357 5097 καὶ
381 5045 444 5097 ὲν
473 5046 595 5105 τοῖς
627 5041 782 5105 ἰδίοις
812 5037 969 5102 αὖθις
998 5038 1441 5110 παρεδρεύοντας
1468 5038 1665 5101 οἴκοις,
1692 5036 1861 5106 μηδὲν

266 5138 431 5204 μέλον
464 5136 660 5198 αὐτοῖς
705 5134 814 5188 τῶν
858 5133 1180 5205 άσκητικῶν
1227 5132 1472 5202 ἱδρώτων
1521 5131 1617 5183 καὶ
1655 5129 1859 5194 πόνων,

262 5230 498 5292 τούτους
541 5227 639 5299 μὲν
666 5229 746 5290 είς
770 5227 1056 5299 ὑποταγὴν
1091 5230 1148 5280 ὲν
1182 5225 1536 5297 μοναστηρίῳ
1563 5222 1856 5293 καθιστᾷν,

263 5323 321 5374 ἐν
357 5316 405 5392 ᾧ
454 5323 532 5376 ἂν
575 5322 604 5374 ὁ
650 5321 949 5386 ἐπίσκοπος
977 5321 1275 5391 δοκιμάσῃ·
1307 5320 1399 5372 τὸν
1432 5319 1489 5372 δὲ
1527 5317 1861 5390 παραλόγως

263 5414 432 5467 αὐτὸν
486 5411 870 5482 ἀποκείραντα
926 5410 1356 5482 καθαιρεῖσθαι,
1406 5404 1497 5463 οἷα
1534 5408 1646 5463 τῶν
1698 5407 1862 5463 θείων

264 5507 607 5577 παραϐάτην
654 5500 919 5570 κανόνων,
958 5505 1055 5560 καὶ
1111 5503 1210 5575 τὴν
1259 5502 1564 5575 μοναχικὴν
1604 5501 1861 5568 εὐταξίαν

267 5598 603 5667 συγχέοντα.
625 5596 725 5649 Διά
752 5598 862 5664 γὰρ
882 5595 979 5659 τὰς
1003 5595 1263 5663 ἀκρίτους
1286 5595 1492 5658 ταύτας
1515 5596 1607 5648 καὶ
1627 5595 1864 5665 ἐπισφα-

262 5690 373 5754 λεῖς
427 5689 797 5760 άποκάρσεις,
833 5688 993 5759 ὕϐρις
1025 5690 1125 5756 μὲν
1151 5688 1229 5759 τῷ
1260 5687 1543 5761 μοναχικῷ
1595 5690 1861 5761 προστρί-

262 5784 418 5837 ϐεται
453 5783 584 5853 βίῳ,
621 5784 755 5837 Θεὸν
782 5783 839 5836 δὲ
864 5783 1314 5853 βλασφημεῖσθαι
1364 5783 1680 5854 συμϐαίνει.
1718 5783 1862 5837 Ἀλλ’

262 5860 383 5932 δεδι
418 5880 449 5932 ὀ
486 5875 591 5945 τὴν
626 5878 792 5948 τρξχα
828 5876 964 5947 πρὸς
1002 5878 1123 5938 ταῖς
1154 5876 1499 5942 τελευταίαις
1536 5877 1857 5944 ἀναπνοαῖς,

538 5976 817 6039 Parnm.
859 5977 974 6037 Gn.
1023 5976 1257 6038 CXLV.

1967 4692 2101 4735 suos
2132 4678 2198 4733 ad
2229 4677 2489 4732 virtutem
2521 4674 2785 4730 incitandi
2817 4674 3048 4747 peritus.

2039 4858 2144 4926 Qui
2176 4871 2307 4913 vero
2337 4855 2422 4911 vel
2453 4855 2631 4910 morbi
2664 4855 2746 4910 vel
2770 4855 2949 4910 luctus
2982 4871 3148 4912 causa
3172 4857 3564 4925 detondentur,

1967 4962 2030 5011 ut
2068 4967 2271 5022 nempe
2308 4948 2510 5004 famam
2582 4949 2759 5004 solum
2799 4949 3019 5020 pietatis
3071 4953 3381 5020 acquirant,
3419 4963 3473 5008 et
3510 4956 3567 5009 in

1932 5040 2210 5118 "propriis
2247 5043 2457 5099 tedibus
2494 5056 2690 5097 rursus
2726 5042 3065 5107 mansitant,
3102 5044 3374 5113 religiosa:
3408 5062 3569 5101 excr-

1969 5137 2248 5194 citatiouis
2284 5135 2517 5191 sudores
2555 5141 2608 5189 et
2646 5134 2858 5189 labores
2892 5134 3031 5188 nihil
3069 5147 3359 5201 curantes,
3399 5137 3569 5194 hosce

1970 5232 2074 5288 sub
2101 5230 2385 5301 disciplina
2414 5228 2828 5283 constituendos
2851 5228 3100 5283 decernit
3126 5229 3178 5282 in
3210 5233 3567 5294 monasterio,

1971 5326 2025 5384 in
2066 5342 2178 5398 quo
2222 5327 2516 5395 episcopus
2558 5322 2791 5378 voluerit
2831 5340 2846 5390 ;
2886 5322 3038 5377 illum
3081 5333 3262 5377 autem
3308 5326 3403 5394 qui
3448 5329 3571 5380 sine

1969 5433 2132 5473 causa
2168 5426 2340 5473 semet
2375 5415 2594 5481 tondet,
2631 5424 2891 5484 tanquam
2924 5415 3245 5469 violatorem
3281 5430 3566 5470 sacrorum

1970 5526 2243 5568 canonum
2274 5517 2328 5564 et
2355 5508 2561 5564 ordinis
2593 5507 2881 5564 monastici
2911 5508 3383 5573 conturbatorem,
3412 5522 3569 5562 com-

1971 5599 2232 5655 munione
2266 5597 2614 5668 privandum.
2648 5597 2781 5653 Nam
2815 5608 3040 5669 propter
3071 5598 3413 5669 promiscuas
3446 5600 3571 5656 illas

1969 5702 2023 5748 et
2056 5694 2294 5748 incertas
2331 5701 2587 5747 tonsuras
2621 5691 2923 5762 ignominia
2955 5693 3082 5747 vitae
3104 5693 3455 5763 gmonasticae
3489 5692 3574 5750 af-

1972 5785 2219 5850 fricatnr,
2267 5765 2377 5855 imo
2425 5795 2478 5839 et
2528 5784 2700 5840 Deum
2751 5785 3119 5856 blaspbetnari
3170 5787 3461 5858 contingit.
3504 5790 3574 5844 At

1974 5893 2102 5935 vero
2126 5893 2259 5953 ,nec
2285 5878 2376 5934 illc
2416 5877 2511 5948 qui
2550 5878 2606 5935 in
2644 5886 2890 5937 extremo
2933 5880 3144 5948 halitu,
3178 5888 3244 5934 ut
3282 5871 3572 5939 monachis

3218 5973 3256 6037 2
