4054 6490
424 365 498 428 ιιι
1017 400 1027 409 -
1088 426 1095 434 ,
1620 357 1993 419 ΜᾹΤΤΗΑΞΙ

2118 354 2459 417 .ASTARIS
3617 350 3690 415 44

420 498 545 539 mos
573 489 676 547 est,
705 491 953 534 rasuram
984 474 1210 547 patitur,
1239 473 1366 529 licet
1392 487 1460 529 ex
1493 472 1853 545 respiratione
1884 473 2001 528 sola

2118 469 2179 531 It;
2213 485 2274 538 γε
2323 470 2387 538 δὴ
2428 468 2684 538 μοναχοῖε
2734 466 2876 531 ἔθος,
2925 465 3257 536 άποκαρεὶς,
3307 465 3355 520 εί
3405 468 3497 521 καὶ
3539 469 3689 542 μόνῳ

420 576 664 632 nondum
708 573 819 627 vita
865 569 1086 625 functus
1128 582 1251 624 esse
1292 566 1563 631 credatur,
1606 575 1659 621 et
1699 582 1819 636 quae
1865 567 2003 620 ﬁunt

424 667 648 723 minime
676 663 862 724 sentit,
889 660 1090 730 dignus
1119 666 1201 713 est
1226 655 1321 727 qui
1350 663 1501 710 veste
1528 655 1836 709 monacbali
1866 654 2003 707 ami-

349 816 355 823 ,
424 761 621 816 ciatur.
656 755 758 811 Sed
795 753 1040 808 habitum
1080 749 1400 807 smcularem
1437 762 1754 809 resumere,
1790 755 1887 801 aut
1919 746 2002 799 vi-

421 861 536 905 tam
584 862 779 903 rursus
830 843 1101 915 publicam
1150 854 1311 910 agere
1354 838 1458 908 ipsi
1502 837 1856 901 concedetur,
1900 834 2003 889 nisi

426 940 581 996 malit
625 937 1025 1008 injunctionum
1072 929 1308 986 vinculis
1354 928 1577 996 subjici.
1618 924 2005 980 Verumtamen

422 1036 514 1101 iis,
539 1033 633 1103 qui
660 1041 860 1087 temere
888 1026 1131 1082 habitum
1163 1021 1557 1079 monachorum
1585 1020 1879 1090 arripiunt,
1905 1018 2007 1071 hoc

428 1141 535 1182 non
568 1121 924 1195 permittitur.
1304 1174 1313 1178 ,

492 1216 681 1272 Canon
718 1222 898 1267 autem
940 1211 1004 1265 l9
1078 1206 1276 1278 synodi
1333 1204 1576 1274 septimae
1620 1199 2004 1271 omnibus-qui

423 1307 725 1367 solitariam
751 1306 918 1358 vitam
947 1302 1000 1356 in
1027 1299 1143 1354 atde
1168 1298 1351 1366 aliqua
1377 1310 1533 1352 sacra
1559 1307 1720 1363 agere
1741 1292 2001 1360 cupiunt,

425 1410 488 1457 ut
529 1414 623 1470 per
664 1394 910 1467 pecunia:
954 1390 1300 1461 largitionem
1347 1386 1738 1441 admissionem
1785 1385 1839 1436 in
1884 1398 2005 1437 eam

425 1504 525 1551 aut
587 1491 816 1547 omnino
901 1488 955 1542 in
1024 1484 1274 1547 ordinem
1340 1481 1772 1537 ecclesiasticum
1834 1478 2007 1544 impe-

428 1593 611 1650 trent,
665 1596 889 1654 prorsus
949 1576 1247 1633 interdicit.
1294 1574 1504 1644 Quippe
1549 1571 1686 1626 haud
1737 1569 1862 1624 licet
1898 1567 2009 1622 Deo

428 1681 642 1737 servire
682 1684 739 1732 et
774 1686 1115 1729 mammonae.
1164 1669 1279 1724 Imo
1317 1667 1476 1737 cujus
1519 1663 1847 1736 principium
1886 1677 2009 1732 pro-

2106 564 2186 633 τῷ
2246 565 2510 617 ἀναπνεῖν
2555 562 2618 615 τδ
2666 562 2739 632 μὴ
2775 561 2970 631 νεκρὸς
3023 557 3169 615 εἶναι
3224 562 3561 630 πιστεύεται,
3594 566 3689 620 καὶ

2106 656 2173 709 τὰ
2198 653 2453 723 ὲπάὑτῷ
2484 651 2790 722 τελούμενα
2819 652 3070 722 μηδόλως
3098 651 3306 718 συνεὶς,
3337 648 3446 716 οἶός
3478 656 3538 708 τέ
3571 656 3689 710 ἐστι

2102 750 2201 820 τὴν
2232 747 2531 818 μοναχικὴν
2553 747 2908 817 περιδυθῆναι
2929 746 3141 816 στολήν,
3164 748 3258 800 καὶ
3279 746 3376 818 τὴν
3404 748 3684 821 κοσμικὴν

2104 838 2259 903 αὖθις
2284 840 2634 902 ἐνδύσασθαι,
2670 839 2700 908 ἢ
2730 842 2787 891 ὲν
2812 838 2890 908 τῷ
2932 840 3123 909 κόσμῳ
3146 839 3358 907 διάγειν
3387 856 3688 912 συγχωρη-

2107 934 2356 1005 θήσεται,
2390 934 2439 986 εί
2479 931 2553 1002 μὴ
2582 932 2828 1000 βούλοιτο
2860 931 3081 999 δεσμοῖς
3113 931 3409 1000 ἐπιτιμίων
3442 933 3689 1003 ὑποὸλη-

2106 1028 2287 1097 θῆναι.
2333 1026 2411 1078 Ο)
2447 1023 2552 1094 μὴν
2583 1024 2705 1077 οὑδὲ
2738 1025 2851 1085 τοῖς
2898 1025 2962 1076 ὲκ
3013 1024 3344 1092 προπετείας
3375 1024 3436 1078 τὸ
3469 1042 3693 1096 μοναχι-

2105 1118 2202 1170 κδν
2245 1117 2432 1186 σχῆμα
2466 1115 2911 1185 περιτιθεμένοις
2956 1115 3115 1167 τοῦτο
3137 1115 3450 1185 δοθήσεται.

2194 1208 2250 1261 ὐ
2286 1209 2343 1261 δὲ
2398 1206 2463 1259 ιϐ’
2508 1206 2613 1274 τῆς
2648 1207 2692 1270 ζ’
2749 1205 2973 1259 συνόδου
3038 1206 3335 1277 ἀπειρήκει
3374 1208 3689 1261 παντάπασι

2106 1302 2219 1364 τοῖς
2248 1299 2341 1351 τὸν
2374 1299 2586 1368 μονήρη
2610 1297 2725 1367 βίον
2753 1298 2808 1350 ὲν
2836 1314 2895 1350 σε
2907 1298 3077 1366 μνὶίῳ
3108 1299 3388 1367 μετελθεῖν
3421 1299 3693 1370 προθεμέ-

2108 1409 2240 1456 νοις,
2265 1392 2354 1468 δια
2389 1392 2695 1461 χρημάτων
2724 1389 2824 1459 τὴν
2851 1393 2931 1452 εἰς
2964 1391 3032 1442 αὑ
3047 1391 3099 1442 τὸ
3138 1390 3414 1443 ποιεῖσθαι
3452 1393 3693 1445 είσέλευ-

2111 1502 2217 1542 σιν.
2250 1483 2363 1538 ἀλλ’
2394 1484 2504 1537 οὐδ’
2534 1484 2616 1547 είς
2646 1482 2835 1553 ἕτερον
2862 1482 3142 1550 ἱερατικόν
3167 1501 3220 1536 τι
3253 1483 3460 1553 τάγμα*
3489 1485 3551 1536 οὑ
3582 1486 3693 1553 γὰρ

2107 1568 2220 1629 οἷόν
2244 1592 2305 1626 τε
2338 1573 2462 1644 Θεῷ
2493 1571 2770 1626 δουλεύειν
2820 1574 2915 1624 καὶ
2963 1574 3224 1643 μαμωνᾷ’
3258 1575 3350 1627 καὶ
3379 1566 3439 1626 οὗ
3480 1576 3514 1645 ὴ
3550 1575 3693 1647 ἁρχὴ

2114 1667 2395 1737 ἀδόκιμος,
2451 1666 2592 1719 κατὰ
2617 1664 2710 1718 τὸν
2769 1665 2950 1733 μέγαν
3002 1666 3309 1733 Βασίλειον,
3364 1667 3552 1720 καὶτὸ
3585 1670 3695 1722 πᾶν

426 1775 558 1830 bum
604 1784 712 1825 non
756 1776 872 1833 est,
900 1764 1197 1821 secundum
1243 1775 1496 1831 magnum
1540 1755 2007 1821 Basilium,etiam

2118 1758 2441 1825 ἀπόϐλητον.
2475 1757 2580 1810 Τὸν
2609 1756 2667 1810 δι
2698 1756 2860 1811 τοῦτο
2880 1757 3348 1829 διαπραττόμενον
3370 1760 3694 1829 ἐπίσκοπον,

430 1866 609 1933 ipsum
675 1815 872 1913 totum.
900 1851 1324 1924 repudiandum.
1383 1849 1712 1920 Episcopum
1766 1860 1892 1901 vero
1928 1844 2011 1899 vel

2118 1848 2147 1919 ἦ
2178 1815 2508 1918 ἡγούμενον,
2538 1849 2572 1915 ἦ
2614 1847 2933 1902 παύσασθαι
2961 1815 3245 1919 κελεύείῆ
3282 1815 3691 1919 καθαιρεῖσθαιῖ

429 1953 680 2008 abbatem
702 1989 719 2014 ,
747 1947 841 2017 qui
890 1945 1035 2000 istud
1092 1940 1511 2014 perpetraverit,
1536 1947 1631 1994 aut
1656 1951 1873 1993 cessare
1919 1944 2015 1991 aut

2118 1943 2164 1996 εί
2190 1942 2247 1996 δὲ
2278 1939 2582 2011 ίερωσύνης
2617 1942 2645 1994 ό
2675 1939 2981 2010 ἡγούμενος
3017 1943 3258 2013 ἀμοιροῖ,
3289 1942 3694 2014 προϐέϐληνται

427 2041 631 2112 deponi
684 2039 859 2109 jubet.
907 2035 1214 2100 Caeterum,
1245 2033 1290 2088 si
1351 2031 1521 2087 abbas
1580 2029 1867 2084 sacerdotii
1921 2042 2016 2082 ex-

2118 2034 2225 2104 ’γὰρ
2259 2033 2373 2086 ἐσθ’
2402 2034 2492 2088 ὅτε
2518 2032 2626 2099 καὶ
2662 2035 2726 2086 ἐκ
2751 2033 3040 2096 τοιούτων,
3072 2033 3167 2086 τοῦ
3201 2036 3568 2104 μοναστηρίου
3603 2036 3698 2089 ὲκ-

431 2149 555 2205 pers
582 2127 939 2199 fuerit(quod
983 2127 1101 2182 fieri
1138 2140 1281 2195 saepe
1338 2124 1645 2187 videmus),
1677 2136 1706 2177 e
1742 2128 2016 2175 monaste-

2119 2124 2437 2191 ϐάλλεσθαι,
2473 2123 2572 2179 καλ⁵
2601 2123 2774 2195 ἑτέρῳ
2801 2125 2936 2193 πρὸς
2968 2124 3250 2194 ὑποταγὴν
3280 2126 3694 2197 παραδίδοσθαι.

429 2226 514 2280 rio
552 2221 772 2293 expelli,
814 2229 871 2274 et
911 2220 965 2273 in
1009 2218 1154 2272 aliud
1190 2214 1382 2271 deduci
1426 2212 1786 2279 subjectionis
1823 2225 2015 2268 causa.

430 2316 659 2372 Easdem
693 2326 887 2384 poenas
931 2310 1083 2366 dabit
1122 2318 1177 2365 et
1207 2306 1506 2372 abbatissa,
1535 2321 1656 2375 quae
1706 2304 1833 2360 talia
1883 2318 2014 2359 ausa

430 2409 616 2465 fuerit.
1280 2392 1285 2399 ί
1339 2448 1342 2452 λ

500 2502 852 2567 Quaecunque
888 2501 1067 2553 autem
1106 2502 1363 2563 parentes
1380 2506 1463 2546 .ex
1500 2491 1800 2546 liberorum
1837 2490 2014 2544 hatre-

432 2596 602 2649 ditate
647 2590 976 2645 monasterio
1020 2586 1292 2648 dedicant,
1334 2595 1585 2654 repetere
1630 2600 1822 2639 rursus
1865 2582 2014 2637 haud

430 2687 582 2751 licet;
612 2691 1005 2740 consecrantur
1029 2679 1176 2735 enim
1208 2680 1335 2741 Deo,
1367 2677 1483 2734 sive
1511 2678 1557 2731 is
1586 2680 1679 2748 qui
1709 2677 1927 2739 obtulit,
1958 2677 2012 2730 in

430 2777 771 2833 monasterio
809 2782 1056 2838 maneat,
1093 2773 1207 2825 sive
1241 2769 1366 2824 inde
1397 2768 1641 2824 discedat
1678 2784 1693 2821 :
1731 2769 1837 2822 nisi
1876 2766 2014 2821 forte

433 2870 552 2940 ejus
594 2869 689 2939 qui
737 2865 1074 2921 monasterio
1121 2860 1376 2933 praesidet
1419 2860 1575 2929 culpa
1624 2858 1822 2924 fuerit,
1866 2857 2012 2929 quod

431 2960 537 3016 iste
572 2959 878 3014 recesserit.

511 3048 675 3119 189
722 3046 959 3102 Coucilii
1010 3056 1161 3109 vero,
1191 3043 1338 3113 quod
1370 3042 1605 3112 primum
1638 3051 1693 3095 et
1709 3039 2011 3097 secundum

2116 2217 2290 2272 Τοῦτο
2338 2218 2395 2271 δὲ
2428 2217 2525 2272 καὶ
2559 2217 2844 2289 ἡγουμένη
2890 2217 3117 2271 τοιαῦτα
3154 2218 3477 2291 τολμήσασα
3507 2220 3699 2290 ὑφέξει

2114 2309 2178 2364 τὸ
2206 2309 2510 2381 ἐπιτίμιον.

2184 2486 2361 2542 ’Ᾱττα
2395 2486 2454 2541 δὲ
2481 2488 2532 2542 οί
2567 2491 2744 2556 γονεῖς
2769 2489 2833 2540 ὲκ
2862 2488 2957 2543 τοῦ
2993 2489 3201 2559 κλήρου
3234 2491 3344 2550 τῶν
3380 2491 3589 2546 πιίδων
3627 2496 3697 2564 τῇ

2118 2582 2256 2648 μονῇ
2318 2580 2695 2650 ἀφορίζουσιν,
2753 2584 3010 2654 ἀφαιρεῖν
3066 2581 3223 2647 αὖθις
3277 2587 3376 2638 οὑκ
3436 2584 3696 2650 ἔξεστινο

2114 2670 2420 2742 ἀφιέρωται
2457 2676 2566 2744 γὰρ
2596 2672 2674 2744 τῷ
2699 2674 2818 2745 Θεῷ
2852 2676 2956 2729 κάν
2982 2692 3041 2730 τε
3076 2676 3215 2748 μένῃ
3249 2677 3307 2730 ὲν
3330 2677 3407 2748 τῷ
3429 2695 3700 2750 μοναστη·

2117 2762 2237 2834 ρίῳ,
2263 2764 2367 2818 κάν
2389 2781 2449 2817 τε
2481 2764 2676 2838 ἐξέλθῃ
2701 2767 2726 2819 ό
2753 2765 2927 2821 ταῦτα
2962 2766 3373 2837 προσενεγκὼν
3404 2773 3452 2822 εἰ
3488 2768 3565 2840 μὴ
3588 2770 3701 2841 ἄρα

2115 2856 2251 2923 πρὸς
2288 2855 2384 2910 τοὺ
2440 2857 2757 2928 ἡγουμένου
2796 2861 2829 2930 ή
2868 2860 3017 2913 αίτία
3076 2858 3322 2932 συμδαίη
3373 2864 3474 2932 τῆς
3526 2863 3700 2934 μονῆς

2114 2948 2304 3003 τοῦτον
2336 2950 2722 3020 ὑποχωρῆσαι.

2198 3041 2259 3093 '0
2313 3040 2371 3095 δὲ
2422 3037 2476 3106 ς’
2506 3041 2606 3109 τῆς
2654 3040 2962 3113 λεγομένης
3014 3044 3243 3115 πρώτης
3297 3044 3699 3117 καὶδευτέρας

434 3149 688 3197 vocatur,
725 3150 899 3191 canon
939 3148 1170 3188 numero
1230 3141 1444 3193 sextus,
1507 3130 1782 3195 Monaclti,
1813 3130 2011 3200 inquit,

2118 3129 2368 3195 συνόδου,
2421 3132 2485 3184 Ol
2535 3132 2783 3201 μοναχοὶ,
2824 3132 2980 3201 φησι,
3016 3132 3170 3186 οὐδὲν
3198 3133 3330 3187 ίδιον
3361 3132 3505 3204 ἔχειν
3541 3134 3700 3204 ὀφεί-

438 3229 581 3286 nibil
640 3226 924 3296 proprium
991 3224 1193 3277 habere
1249 3221 1472 3285 debent,
1515 3229 1699 3289 utpote
1733 3221 1825 3289 qui
1852 3234 2011 3293 prop-

437 3335 521 3378 ter
574 3322 740 3373 vitam
796 3319 849 3372 in
903 3316 1124 3371 Christo
1178 3312 1564 3368 absconditam
1629 3312 1832 3367 mortui
1890 3312 2017 3367 facti

437 3422 566 3471 sunt
622 3411 847 3465 mundo.
905 3407 1013 3471 Sic,
1075 3406 1222 3462 enim
1272 3406 1334 3460 Β.
1365 3403 1543 3458 Lucas
1615 3418 1709 3457 eos
1764 3404 1861 3472 qui
1896 3403 2020 3458 vitae

438 3504 764 3560 monasticae
797 3501 1028 3556 formam
1060 3498 1350 3560 dederunt,
1384 3497 1602 3550 eminus
1632 3495 1790 3550 nobis
1825 3510 2022 3563 reprae-

439 3591 1002 3658 sentans,Fidelium,
1031 3588 1128 3655 ait,
1162 3602 1325 3642 nemo
1372 3602 1565 3641 eorum
1613 3587 1706 3656 qui
1771 3586 2021 3656 posside.

439 3689 555 3752 bat,
587 3685 883 3758 quidquam
920 3698 1082 3737 suum
1120 3695 1241 3736 esse
1289 3680 1527 3743 dicebat,
1558 3680 1649 3735 sed
1679 3679 1862 3751 omnia
1911 3679 2019 3735 illis

441 3790 600 3839 erant
647 3775 985 3833 communia.
1023 3773 1180 3828 Unde
1234 3773 1329 3841 qui
1388 3772 1913 3827 vitam‘solitariam
1963 3787 2022 3827 a-

444 3887 574 3944 gere
631 3870 849 3929 volunt,
890 3867 1045 3936 prius
1103 3867 1244 3919 bona
1309 3879 1409 3918 sua
1468 3865 1785 3931 disponere,
1816 3873 1872 3920 et
1900 3866 2023 3935 qui-

443 3965 549 4019 bus
600 3961 770 4016 velint
821 3957 1075 4027 personis
1108 3955 1477 4010 transmittere
1515 3955 1664 4018 licet,
1699 3956 1864 4011 modo
1911 3969 2018 4010 non

445 4055 559 4110 sint
639 4052 762 4123 jure
822 4048 972 4103 civili
1018 4046 1330 4118 prohibitaa,
1362 4054 1419 4101 ut
1496 4047 1757 4113 haeretici,
1790 4056 1844 4101 et
1905 4047 2020 4101 nati

449 4143 642 4213 spurii.
676 4142 974 4209 Postquam
1024 4138 1168 4193 enim
1222 4135 1455 4207 professi
1492 4136 1718 4206 fuerint,
1750 4140 2021 4194 bonorum

446 4236 696 4294 omnium
722 4233 788 4289 ad
816 4213 1208 4287 monasterium
1239 4231 1330 4301 jus
1370 4237 1422 4284 et
1455 4230 1758 4284 dominium
1802 4232 2021 4297 transit,

446 4343 627 4397 neque
697 4326 860 4380 ullam
929 4323 998 4379 de
1052 4323 1217 4377 rebus
1280 4321 1518 4392 propriis
1570 4336 1759 4376 curam
1838 4337 2024 4392 gerere

446 4420 529 4476 vel
577 4419 871 4488 disponere
920 4415 1001 4469 eis
1059 4413 1387 4484 permissum
1450 4421 1554 4467 est.
1613 4412 1671 4466 Si
1721 4414 1845 4482 quis
1894 4429 2025 4469 vero

2116 3223 2322 3290 λουσιν,
2379 3221 2476 3276 ἅτε
2540 3224 2916 3293 νεκρωθέντες
2969 3223 3051 3294 τῷ
3106 3225 3297 3294 κόσμῳ
3349 3225 3439 3280 διὰ
3486 3227 3585 3298 τὴν
3638 3229 3700 3282 ὲν

2116 3314 2340 3384 Χριστῷ
2390 3316 2787 3385 κεκρυμμένην
2822 3315 2990 3387 ζωήν.
3017 3317 3172 3370 Οὑτω
3221 3317 3332 3387 γὰρ
3358 3319 3385 3371 ό
3423 3319 3700 3390 μακάριος

2117 3411 2335 3473 Λουκᾶς
2360 3410 2486 3473 τοὺς
2519 3409 2618 3480 τὴν
2659 3412 2959 3479 μοναδικήν
2991 3412 3270 3467 πολιτείαν
3307 3413 3698 3476 τυπώσαντας.

2118 3501 2309 3574 δήλους
2335 3503 2467 3571 ἡμῖν
2494 3502 2784 3572 πόρῤωθεν
2838 3504 3124 3569 καθιστάς,
3153 3504 3275 3558 Τῶν
3291 3505 3701 3558 πιστευσάντων

2120 3598 2324 3667 ἔφησεν
2350 3595 2528 3658 οὐδείς
2557 3612 2610 3648 τι
2645 3595 2755 3648 τῶν
2787 3595 3144 3665 ὑπαρχόντων
3178 3597 3328 3665 αὑτῷ
3349 3597 3539 3664 ἔλεγεν
3565 3598 3700 3650 ἴδιον

2120 3687 2283 3755 εἶναι,
2317 3688 2436 3743 ἀλλ’
2472 3685 2542 3760 ἦν
2577 3687 2763 3749 αὐτοῖς
2795 3686 3016 3742 ἅπαντα
3050 3688 3225 3743 κοινά.
3262 3687 3572 3747 Ἔνθενιτοι
3606 3691 3701 3742 καὶ

2119 3783 2232 3841 τοῖς
2259 3779 2519 3850 μονάζειν
2549 3778 2831 3834 ἐθέλουσιν
2890 3779 3067 3844 ἔξεστι
3106 3781 3235 3850 περὶ
3277 3781 3386 3836 τῶν
3421 3782 3702 3853 ὑπαρχόνο

2119 3887 2229 3926 των
2262 3870 2449 3934 αὐτοῖς
2483 3870 2826 3924 διατίθεσθαι
2873 3874 3162 3939 πρετερον,
3213 3872 3304 3925 καὶ
3333 3865 3414 3935 οἷς
3443 3873 3510 3928 ἂν
3572 3874 3701 3944 βού-

2121 3961 2296 4016 λοιντο
2320 3959 2495 4015 ταῦτα
2530 3960 3006 4031 παραπέμπεσθαι
3034 3958 3372 4028 προσώποις,
3414 3961 3490 4030 μή
3522 3978 3701 4033 κεκω-

2123 4052 2376 4123 λυμένοις
2430 4053 2584 4121 παρὰ
2614 4049 2707 4102 τοῦ
2741 4049 2931 4118 νόμου,
2969 4045 3080 4104 οἷον
3129 4052 3429 4119 αἰρετικοίς
3458 4051 3491 4120 ἢ
3525 4052 3700 4116 νόθοις

2125 4143 2306 4200 παισί.
2348 4143 2506 4198 Μετὰ
2538 4142 2647 4212 γάρ
2703 4158 2788 4194 τοι
2838 4142 2900 4194 τὸ
2948 4142 3183 4210 μονάσαι
3235 4142 3345 4194 τῶν
3388 4143 3702 4212 προσόντων

2124 4235 2310 4298 αὑτοῖς
2341 4233 2561 4290 πάντων
2587 4234 2649 4286 τὺ
2683 4232 3050 4303 μοναστήριον
3091 4233 3207 4303 ἔχει
3237 4233 3333 4304 τὴν
3374 4234 3701 4303 κυριότητα,

2128 4331 2225 4381 καὶ
2268 4328 2421 4381 οὐδὲν
2474 4326 2749 4397 περὶτῶν
2785 4328 3006 4380 οἰκείων
3055 4326 3367 4397 φροντίζειν
3406 4327 3439 4397 ἥ
3480 4326 3704 4379 διατάτ-

2128 4419 2321 4473 τεσθαι
2350 4417 2567 4480 τούτοις
2593 4417 3091 4489 παρακεχώρηται.
3123 4415 3185 4470 Εἰ
3215 4416 3272 4470 δέ
3303 4434 3387 4479 τις
3418 4416 3700 4486 φωραθείη

448 4510 852 4579 possessionem
911 4503 1226 4574 quampiam
1283 4502 1335 4556 in
1397 4502 1653 4572 proprios
1705 4518 1838 4559 usus
1890 4519 2016 4559 ver-

2127 4511 2325 4581 κτῆσιν
2385 4509 2683 4582 ήντιναοῢν
2732 4510 3228 4579 ίδιοποιησάμενος,
3282 4509 3486 4579 ταύτην
3540 4509 3640 4579 μὲν
3673 4510 3704 4561 ό

450 4608 571 4651 tcns
638 4594 1100 4664 deprehendatur,
1144 4607 1268 4646 eam
1336 4592 1656 4647 monasterii
1734 4592 2024 4663 praefectus

449 4697 545 4742 aut
594 4687 757 4741 istius
806 4685 909 4740 loci
961 4685 1250 4753 episcopus
1301 4683 1542 4754 recipiat,
1579 4688 1639 4739 et
1664 4699 1849 4740 coram
1882 4687 2024 4740 mul-

450 4781 525 4835 tis
581 4780 810 4834 testibus
841 4775 1167 4838 divendens,
1197 4784 1256 4831 ut
1315 4790 1379 4831 ea
1454 4777 1670 4833 ratione
1736 4779 2028 4834 calumnia:

450 4885 674 4928 causam
728 4868 915 4935 evitet,
948 4878 1005 4921 et
1060 4866 1389 4936 pauperibus
1449 4882 1514 4923 ac
1583 4870 1853 4927 mendicis
1906 4871 2025 4926 dis-

452 4962 679 5016 tribuat.
718 4962 895 5029 Atque
950 4958 1174 5027 insuper
1238 4973 1362 5014 eum
1413 4960 1507 5030 qui
1558 4962 1722 5017 talem
1804 4979 2025 5033 posses-

452 5051 688 5110 sionem.
739 5050 820 5104 uti
895 5049 1142 5104 Ananias
1209 5050 1335 5111 iste,
1382 5053 1666 5121 surripere
1733 5054 2027 5110 meditatus

455 5153 562 5208 est,
617 5143 798 5197 debita
827 5143 1177 5197 correctione
1210 5144 1462 5212 castiget.
1499 5141 1661 5198 Hisce
1695 5154 1876 5199 autem
1904 5162 2026 5201 om-

450 5236 614 5290 nibus
676 5244 730 5289 et
760 5235 1080 5289 monialium
1141 5235 1375 5291 societas
1420 5236 1669 5295 obnoxia
1724 5239 1847 5293 erit.

519 5326 694 5381 Porro
746 5338 924 5381 autem
987 5327 1205 5382 concilii
1250 5328 1398 5395 sexti
1454 5343 1632 5383 canon
1684 5330 1748 5383 41
1802 5331 2026 5386 omnino

450 5416 816 5483 periculosum
877 5431 999 5472 esse
1048 5418 1266 5473 censuit
1303 5427 1356 5471 et
1403 5420 1753 5479 temerariutn
1824 5436 1854 5475 a
1896 5424 2021 5477 vita

453 5509 709 5576 victuque
754 5507 1032 5562 communi
1081 5506 1356 5573 recedere,
1391 5522 1455 5561 ac
1513 5510 1693 5563 statim
1766 5520 1938 5565 semet
1971 5512 2023 5566 in

449 5608 681 5665 angusta
752 5597 945 5651 cellula
1015 5598 1327 5663 includere,
1378 5599 1593 5668 sibique
1663 5602 1799 5655 adeo
1890 5602 2024 5672 ipsis

454 5690 577 5742 vita:
647 5689 909 5744 solitaria:
965 5698 1222 5744 auctores
1283 5706 1427 5744 esse.
1465 5689 1692 5759 Oportet
1753 5695 1935 5749 enim/
1970 5696 2023 5750 in

451 5780 810 5841 monasterio,
851 5780 942 5834 ubi
999 5768 1193 5849 magna
1261 5791 1343 5834 est
1410 5780 1643 5837 fratrum
1694 5782 2021 5856 frequentia,

2129 4605 2436 4675 ἡγούμενος
2469 4604 2569 4672 τῆς
2607 4603 2812 4674 μονῆς,
2846 4601 2880 4674 ἢ
2920 4606 2947 4655 ό
2994 4602 3095 4672 τῆς
3144 4601 3330 4673 χώρας
3380 4600 3702 4665 ἐπίσκοπος,

2129 4695 2308 4750 λαϐὼν
2343 4698 2438 4750 καὶ
2468 4696 2755 4764 πωλήσας,
2796 4694 3012 4746 πολλῶν
3063 4693 3361 4763 μαρτύρων
3393 4690 3480 4744 ἐπ’
3522 4690 3703 4758 ὕψεσι,

2128 4788 2228 4859 τὴν
2258 4786 2514 4841 ἐντεῦθεν
2543 4786 2804 4858 διαϐολήν
2852 4785 3283 4854 φυλαττόμενος,
3322 4787 3559 4853 πτωχοῖς
3608 4783 3705 4837 καὶ

2130 4880 2355 4948 ἀπόροις
2405 4879 2780 4949 διανειμάτωο
2832 4880 2924 4932 τὸν
2976 4878 3032 4931 δὲ
3074 4878 3177 4946 τὴν
3224 4876 3481 4946 τοιαύτην
3511 4878 3706 4945 κτῆσιν

2130 4971 2253 5026 κατ’
2274 4972 2496 5025 -ὲκεῖνον
2550 4970 2645 5023 τὸν
2683 4970 2936 5023 Ἀνανίαν
2989 4967 3264 5038 ὑποσυλᾷν
3304 4966 3703 5038 μελετήσαντα,

2129 5063 2205 5132 τῷ
2221 5064 2556 5134 προσήκοντι
2573 5062 2837 5133 ἐπιτιμίῳ
2859 5058 3510 5131 σωφρονισάτω.Τούτοις
3532 5060 3705 5110 πᾶσιν

2130 5156 2431 5219 ὑπεύθυνος
2458 5155 2555 5207 καὶ
2588 5155 2621 5224 ἡ
2650 5153 2762 5206 τῶν
2793 5150 3147 5223 μοναζουσῶν
3175 5150 3331 5203 ἔσται
3357 5151 3583 5222 φατρία.

2203 5333 2266 5387 '0
2286 5334 2343 5387 δὲ
2369 5332 2459 5404 μα’
2484 5333 2585 5405 τῆς
2607 5340 2663 5398 ς’
2682 5332 2901 5387 συνόδου
2951 5330 3224 5402 σφαλερὸν
3246 5330 3497 5401 ἡγήσατο
3523 5329 3705 5400 πάντη

2127 5425 2223 5479 καὶ
2274 5425 2487 5495 ίταμδν,
2536 5426 2664 5487 τοὺς
2716 5424 2816 5492 τῆς
2874 5421 3150 5493 κοσμικῆς
3202 5421 3703 5492 ἀνακεχωρηκότας

2128 5513 2253 5583 ἄρτι
2283 5514 2494 5586 διαίτης
2524 5514 2750 5577 ἑαυτοὺς
2804 5513 2966 5576 εὐθὺς
2998 5515 3056 5566 ὲν
3110 5513 3339 5582 οἰκίσκῳ
3371 5511 3703 5583 βραχυτάτῳ

2129 5604 2424 5672 ὲγκλείειν,
2453 5606 2548 5658 καὶ
2583 5606 2766 5674 σφίσιν
2791 5606 2977 5669 αὑτοῖς
3009 5605 3256 5674 γίνεσθαι
3302 5601 3397 5655 τοῦ
3428 5604 3701 5673 μονήρους

2131 5696 2246 5766 βίου
2313 5698 2653 5769 καθηγητὰς.
2728 5701 2818 5752 Δεῖ
2870 5700 2980 5770 γὰρ
3024 5699 3294 5770 πρότερον
3340 5697 3398 5749 ὲν
3452 5698 3703 5767 ἀδελφῶν

2130 5790 2391 5845 πλειόνων
2422 5792 2654 5863 σεμνείῳ
2690 5791 2751 5845 τὸ
2801 5793 2898 5862 τῆς
2953 5789 3238 5859 ὑποταγῆς
3287 5789 3571 5859 γινόμενον
3606 5788 3704 5842 ἐπὶ
