4054 6440
355 335 419 400 45
444 289 462 296 ,
1343 334 1754 399 SYNTAGMA
1795 332 2418 394 ALPHABETICUM.
2463 357 2530 367 -
2571 327 2648 381 Μ·
3542 334 3612 397 46

345 455 579 531 τριετίαν
608 451 976 519 ἐνδείξασθαι·
1016 447 1136 505 εἶτα
1169 451 1255 521 ἐφ’
1289 451 1479 522 ἕτερον
1507 450 1608 504 ἕνα
1637 446 1917 520 προσμεί-

2036 445 2268 500 inimum
2331 446 2397 500 ad
2457 444 2831 501 obediendum
2891 457 3271 515 comparatum
3309 464 3405 521 per
3435 452 3615 507 trien-

345 566 534 612 νσντας
560 547 773 619 χρόνον,
815 545 945 599 ἔνθα
984 545 1048 615 δὴ
1092 543 1189 599 καὶ
1228 543 1650 598 ὲπικλείσασθαι
1682 543 1912 601 εἴλοντο.

2026 539 2178 593 nium
2234 537 2549 593 ostendere:
2583 537 2782 593 deinde
2837 553 3042 594 annum
3101 541 3269 597 alium
3331 543 3387 598 in‘
3456 560 3620 599 man-

346 642 436 696 καὶ
475 641 575 709 τῆς
614 638 768 708 σφῶν
796 637 1023 707 γνώμης
1057 634 1423 705 ἀμεταθέτως
1453 635 1600 706 ἔχειν
1649 635 1926 704 ἄντικρυς

2036 630 2370 695 siuncula,in
2404 647 2512 701 qua
2553 632 2760 686 includi
2791 632 3107 700 voluerunt,
3143 635 3424 703 degentes,
3449 646 3503 693 et
3524 641 3617 692 lir-

346 731 714 803 ἐλεγχθείσης,
749 731 824 794 ὡς
856 731 916 783 οὐ
969 732 1134 801 κενῆς
1178 729 1288 801 ἄρα
1319 730 1500 799 δόξης,
1555 727 1674 782 ἀλλ’
1710 727 1914 798 ἀρετῆς

346 825 525 893 ὲφέσει
557 823 729 895 ταύτῃ
757 823 968 892 διάγειν
1015 825 1064 877 οί
1111 823 1348 877 τοιοῦτοι
1383 822 1746 893 προῄρηνται,
1799 819 1918 889 μετ’

345 917 646 987 ἐπιτροπῆς
670 916 766 969 τοῦ
799 915 941 969 κατὰ
969 915 1281 988 τῆν’χώραν
1313 916 1640 980 ἐπισκόπου,
1677 913 1921 973 ἐπικλει-

347 1011 617 1079 σαμένους
645 1011 846 1079 μένειν,
876 1011 971 1063 καὶ
1002 1009 1201 1079 μηκέτι
1227 1009 1323 1062 τοῦ
1368 1009 1617 1062 οἰκίσκου
1648 1008 1710 1061 τὸ
1739 1007 1922 1079 παρά-

347 1119 450 1154 παν
505 1100 726 1166 ἐξιέναι,
785 1104 834 1155 εί
873 1103 1058 1172 μήπου
1108 1103 1234 1156 κατ’
1278 1103 1530 1172 ἀνάγκην
1573 1101 1920 1156 ὲκϐιασθεῖέν

345 1214 488 1258 τινα,
533 1197 648 1267 ἢτοι
695 1195 782 1250 διὰ
831 1198 1018 1261 κοινὴν
1051 1197 1145 1250 τοῦ
1178 1197 1313 1250 λαοῦ
1370 1197 1735 1262 λυσιτέλειαν,
1768 1196 1800 1265 ἢ
1833 1196 1922 1251 διὰ

345 1288 521 1352 νόσον,
544 1289 668 1341 ὅσον
698 1289 797 1340 οὐκ
823 1287 922 1360 ήδη
956 1289 1056 1360 τὴν
1077 1289 1171 1342 τοῦ
1203 1290 1437 1344 θανάτου
1464 1290 1648 1360 ψῆφον
1682 1290 1923 1362 μηνύου-

349 1400 448 1434 σαν
481 1382 719 1435 ἔσεσθαι·
773 1381 907 1436 ἀλλὰ
963 1384 1059 1436 καὶ
1107 1385 1229 1436 τότε
1265 1384 1340 1454 μὴ
1385 1384 1514 1438 ἄνευ
1564 1382 1797 1454 γνώμης
1825 1384 1923 1438 τοῦ

349 1477 674 1530 ἐπισκόπου.
710 1477 774 1529 Et
823 1477 934 1545 γὰρ
984 1477 1048 1546 δὴ
1084 1477 1260 1540 ἄλλως
1315 1477 1554 1544 ἐξελθεῖν
1586 1477 1923 1548 βουληθεῖεν,

348 1571 444 1622 καὶ
478 1569 712 1634 ἄκοντας
749 1570 997 1624 εἰσωθεῖν
1036 1572 1118 1634 είς
1148 1572 1241 1624 τὸν
1272 1572 1519 1626 οἰκίσκον
1551 1572 1761 1626 ἐκεῖνον
1791 1572 1921 1642 χρὴ.

350 1666 445 1715 καὶ
475 1663 734 1732 ἀσφαλῶς
763 1663 1177 1736 καθειργνύειν,
1227 1666 1304 1727 ὡς
1339 1667 1537 1735 μηκέτι
1566 1667 1758 1736 ῥᾳδίαν
1784 1661 1926 1719 εἶναι

350 1757 504 1821 σφίσι
527 1755 622 1825 τὴν
654 1755 851 1822 ἔξοδον·
888 1757 1113 1826 προσέτι
1143 1759 1237 1811 καὶ
1262 1753 1543 1827 νηστείαις
1564 1759 1764 1821 αὐτοὺς
1788 1759 1928 1810 ὑπο-

350 1847 587 1906 ϐάλλειν.
639 1849 733 1900 καὶ
784 1849 1236 1919 σκληραγωγίαις
1293 1849 1684 1922 κατατρύχειν,
1733 1851 1810 1914 ὡς
1861 1849 1926 1904 ἂν

347 1936 494 1991 οὕτω
525 1938 889 2010 θεραπευθείη
927 1943 988 1992 τὸ
1019 1941 1122 2009 τῆς
1147 1939 1377 2011 γνώμης
1416 1941 1598 1994 αὐτῶν
1621 1939 1927 2011 εὐμετάϐο-

347 2032 462 2086 λον.
501 2050 519 2084 ι
549 2031 738 2096 Οὐδεὶς
765 2033 896 2104 γὰρ,
950 2033 1116 2104 φησὶν
1152 2035 1178 2086 ὁ
1201 2033 1414 2104 Σωτὴρ,
1443 2031 1622 2103 βαλὼν
1646 2032 1745 2103 τὴν
1770 2033 1929 2102 χεῖρα

349 2123 438 2178 ἐπ’
470 2127 732 2196 ἄροτρον,
771 2127 866 2180 καὶ
918 2128 1182 2197 στραφεὶς
1234 2130 1314 2190 εἰς
1353 2129 1422 2180 τὰ
1463 2126 1661 2191 ὀπίσω,
1701 2124 1925 2187 εὓθετός

348 2222 498 2274 ἑστιν
531 2223 611 2284 εἰς
638 2220 738 2291 τὴν
771 2219 1054 2290 βασιλείαν
1079 2221 1189 2273 τῶν
1212 2219 1480 2290 οὐρανῶν.
1515 2238 1533 2272 ι

897 2311 1042 2380 Περὶ
1077 2310 1398 2380 ἐρημιτῶν.

440 2402 496 2455 Ὀ
525 2401 579 2454 δὲ
615 2400 702 2470 μβ⁹
733 2402 857 2463 τοὺς
913 2399 1244 2471 λεγομένους
1277 2401 1572 2473 ἐρημίτας,
1600 2402 1694 2454 καὶ
1721 2401 1930 2471 μέλανα

351 2493 777 2564 περικειμένους
801 2494 1014 2564 ἱμάτια,
1041 2494 1142 2558 τάς
1164 2511 1225 2547 τε
1256 2493 1434 2564 κόμας
1465 2495 1555 2548 ἐπὶ
1587 2494 1720 2548 πολὺ
1747 2495 1931 2548 καθει-

352 2587 573 2656 μένους,
610 2585 704 2640 καὶ
739 2585 950 2656 ἀνδρῶν
985 2585 1188 2656 μεταξὺ
1223 2588 1320 2640 καὶ
1347 2587 1626 2655 γυναικῶν
1657 2589 1929 2657 ἀναστρε-

352 2679 667 2749 φομένους..
703 2683 799 2733 καὶ
828 2680 889 2732 τὸ
920 2682 1122 2733 οἰκεῖον
1163 2681 1500 2764 ἐπάγγελμα
1557 2681 1927 2752 καθυϐρίζον-

347 2790 472 2836 τας,
503 2773 724 2837 τούτους
752 2774 872 2845 ἦτοι
910 2775 1010 2836 τὰς
1037 2775 1214 2844 κόμας
1247 2774 1458 2828 κελεύει
1507 2775 1801 2843 περιελεῖν,
1834 2775 1928 2828 καὶ

350 2865 541 2935 σχῆμα
588 2867 882 2937 μοναχικὸν
914 2867 1245 2938 ἀνῃρῆσθαι,
1294 2867 1387 2922 καὶ
1419 2871 1478 2921 ὲν
1520 2868 1929 2938 φροντιστηρίῳ

352 2961 614 3026 μοναχοῖς
659 2958 1157 3029 συγκαταλεγῆναι,
1207 2959 1240 3030 ἢ
1281 2960 1354 3030 μὴ
1408 2959 1769 3029 αἱρουμένους
1819 2959 1932 3014 τῶν

352 3049 568 3103 πόλεων
593 3050 1020 3117 ἀπελαύνεσθαι,
1079 3051 1174 3104 καὶ
1205 3054 1341 3122 πρὸς
1366 3053 1468 3113 τὰς
1508 3051 1746 3122 ἐρημίας
1789 3054 1928 3106 ἀπο-

2029 739 2174 778 inum
2191 724 2359 777 animi
2382 724 2467 778 sui
2495 724 2833 794 propositum
2863 725 3022 795 plene
3039 741 3104 781 ac
3127 725 3359 784 ﬁrmiter
3391 729 3621 786 demon-

2027 824 2292 880 strantes,
2324 815 2464 872 adeo
2499 824 2559 872 ut
2593 815 2708 886 jam
2757 833 2864 873 non
2927 833 3082 873 vanae
3122 820 3331 889 glorire,
3381 823 3475 877 sed
3508 824 3620 876 vir-

2031 909 2167 964 tutis
2206 909 2386 980 gratia
2451 911 2621 964 vitam
2687 910 2835 967 illam
2894 911 3143 980 proﬁteri
3178 926 3617 982 praesumantur,

2030 1017 2154 1056 cum
2211 1016 2484 1057 consensu
2544 1001 2704 1058 istius
2751 1003 2854 1057 loci
2889 1006 3148 1080 episcopi.
3188 1007 3440 1064 inclusos
3498 1027 3614 1064 ma~

2031 1107 2188 1158 nere,
2220 1108 2398 1163 neque
2430 1093 2558 1148 dein
2595 1109 2661 1150 ex
2693 1094 2785 1148 illa
2819 1096 3110 1152 mansione
3137 1098 3372 1166 amplius
3405 1101 3621 1169 egredi,

2033 1186 2142 1242 nisi
2205 1185 2348 1241 forte
2413 1195 2608 1256 urgeat
2656 1188 2983 1251 necessitas,
3019 1187 3102 1242 vel
3175 1197 3399 1259 propter
3462 1205 3621 1244 com-

2033 1293 2256 1333 munem
2295 1278 2482 1348 populi
2524 1279 2845 1345 utilitatem,
2883 1280 2967 1333 vel
3017 1280 3290 1350 ejusmodi
3339 1283 3621 1345 morbum,

2033 1372 2128 1440 qui
2185 1383 2416 1426 mortem
2465 1380 2678 1425 tantum
2741 1388 2850 1426 non
2908 1371 3116 1427 instare
3171 1373 3397 1440 indicat;
3429 1376 3521 1428 sed
3571 1385 3626 1430 et

2033 1473 2166 1520 tunc
2199 1465 2421 1535 quidem
2451 1480 2561 1520 non
2587 1465 2708 1520 sine
2730 1480 3008 1521 consensu
3037 1466 3304 1536 episcopi.
3353 1465 3456 1534 Qui
3496 1484 3627 1523 vero

2035 1557 2172 1612 alias
2217 1557 2288 1612 ob
2326 1572 2525 1614 causas
2564 1559 2718 1613 exire
2762 1544 2974 1626 votuni,
3026 1559 3109 1614 vel
3149 1559 3350 1615 invitos
3399 1562 3450 1615 in
3483 1561 3630 1617 dicta

2039 1652 2326 1707 mansione
2350 1652 2594 1706 coerceri
2632 1658 2867 1722 oportet,
2903 1650 3050 1706 unde
3075 1650 3213 1721 ipsis
3241 1667 3518 1721 nunquam
3545 1651 3628 1706 fa-

2036 1746 2161 1801 cilis
2215 1745 2286 1800 sit
2341 1745 2544 1810 exitus;
2574 1753 2741 1814 atque
2783 1752 3051 1814 praeterea
3099 1742 3326 1814 ieiuniis
3360 1744 3628 1812 affligere,

2033 1848 2088 1895 et
2148 1839 2595 1894 correctionibus
2657 1852 2964 1903 macerare,
3005 1839 3082 1892 ita
3135 1846 3196 1892 ut
3256 1833 3361 1893 ltac
3413 1839 3631 1892 ratione

2028 1929 2343 2001 corrigatur
2374 1928 2544 1983 animi
2574 1943 2764 1984 eorum
2798 1928 3190 1985 inconstantia.
3231 1928 3434 1986 «Nemo
3459 1929 3628 1994 enim,

2032 2020 2216 2093 inquit
2269 2020 2523 2076 Salvator
2589 2029 2798 2085 noster,
2847 2021 2941 2090 qui
3000 2036 3220 2080 manum
3279 2031 3465 2075 aratro
3526 2019 3631 2073 im<

2032 2115 2203 2178 misit,
2260 2122 2312 2169 et
2350 2122 2536 2183 postea
2569 2120 2785 2182 tergum
2818 2113 3005 2181 vertit,
3047 2111 3248 2183 dignus
3317 2121 3410 2178 est
3463 2127 3631 2182 regno

2031 2206 2327 2262 caelorum.
2346 2224 2365 2256 ι

2617 2297 2693 2352 De
2788 2300 3040 2354 eremitis.

2104 2393 2244 2447 Tum
2297 2405 2474 2446 canon
2517 2389 2588 2445 42
2621 2390 2880 2448 eremitas
2936 2392 3032 2462 qui
3090 2405 3402 2460 vocantur,
3463 2407 3633 2465 quot-

2031 2498 2167 2558 quot
2233 2485 2408 2556 nigris
2461 2485 2708 2541 vestibus
2766 2484 2964 2550 induti,
3007 2495 3060 2540 et
3128 2487 3415 2556 promissis
3447 2489 3638 2543 admou-

2032 2578 2162 2634 dum
2201 2576 2420 2645 capillis
2473 2590 2596 2630 cum
2642 2573 2776 2630 viris
2833 2584 2888 2635 et
2939 2576 3262 2632 mulieribus
3319 2591 3645 2645 versantur;

2032 2685 2209 2740 coque
2262 2669 2662 2740 professionem
2705 2683 2860 2722 suam
2903 2669 3290 2732 dehonestent.
3329 2671 3493 2727 lmSt‘C
3539 2684 3635 2727 aut

2035 2763 2228 2833 positis
2292 2763 2470 2818 comis
2546 2762 2705 2832 jubet
2766 2761 3014 2817 habitum
3082 2765 3447 2819 monasticum
3532 2782 3630 2820 su-

2035 2869 2203 2922 mere,
2237 2864 2291 2909 et
2355 2855 2410 2909 in
2482 2857 2771 2913 mansione
2850 2854 3036 2925 aliqua
3124 2858 3267 2911 inter
3327 2858 3632 2912 monachos

2033 2947 2255 3014 referri,
2288 2957 2401 3014 aut,
2442 2949 2489 3004 si
2522 2949 2627 3005 hoc
2657 2952 3059 3015 recusaverint,
3096 2967 3163 3006 ex
3209 2951 3441 3006 urbibus
3477 2952 3628 3021 pelli,

2034 3053 2089 3097 et
2131 3043 2199 3098 ad
2246 3057 2466 3098 eremos
2521 3043 2786 3112 ablegari,
2828 3046 2974 3100 unde
3013 3045 3156 3108 falso
3216 3045 3322 3101 sibi
3377 3045 3631 3101 denomi-

349 3141 696 3215 πέμπεσθαι,
729 3143 790 3208 ἐξ
837 3137 912 3197 ὧν
940 3144 1035 3198 καὶ
1064 3143 1162 3216 τὴν
1191 3145 1514 3212 ἐπωνυμίαν
1545 3147 1759 3210 ἑαυτοῖς
1798 3145 1926 3215 ψευ-

2036 3137 2317 3193 nationem
2377 3137 2730 3193 aillnxerunt.

343 3235 457 3300 δῶς
488 3236 883 3292 ἁνεπλάσαντο.

429 3329 496 3381 'U
520 3328 580 3381 δὲ
635 3328 722 3397 μζν
757 3331 893 3399 μήτε
926 3333 1002 3384 ἐν,
1029 3331 1256 3403 ἀνδρῲῳ
1289 3332 1641 3405 μοναστηρίῳ
1668 3337 1931 3402 γυναῖκα,

349 3424 492 3492 μήτε
537 3423 643 3492 μὴν
665 3422 835 3492 ἄνδρα
886 3425 946 3476 ὲν
991 3425 1314 3496 γυναικείῳ,
1353 3425 1568 3479 κελεύει
1620 3427 1929 3482 καθεύδειν.

347 3513 560 3574 Παντὸς
599 3515 703 3586 γὰρ
738 3514 1033 3568 σκανδάλου
1057 3519 1150 3570 καὶ¹
1173 3517 1603 3588 προσκόμματος
1626 3519 1798 3573 ἀνωτέ
1808 3536 1933 3588 ρους

345 3602 490 3660 εἶναι
531 3606 614 3658 δεῖ
641 3609 766 3670 τοὺς
799 3607 1048 3670 πιστοὺς,
1082 3610 1177 3661 καὶ
1220 3608 1460 3680 μάλιστά
1493 3626 1557 3677 γε
1592 3611 1720 3672 τοὺς
1765 3629 1931 3680 μονα-

345 3701 620 3771 χοὺς,καὶ
658 3699 793 3769 πρὸς
847 3700 910 3753 τὸ
957 3698 1238 3770 εὔσχημον
1293 3719 1389 3755 και
1445 3702 1812 3772 εὐπρόσεδρον
1852 3703 1931 3774 τῷ

349 3793 544 3864 Κυρίῳ
577 3792 668 3844 τὸν
701 3793 912 3845 ἑαυτῶν
959 3792 1074 3862 βίον
1108 3792 1416 3864 ῥυθμίζειν,
1447 3793 1547 3846 καὶ
1598 3793 1926 3852 διευθύνειν,

349 3884 474 3947 Τοῖς
508 3885 562 3938 δὲ
604 3885 683 3948 εἰς
731 3884 890 3938 τοῦτο
925 3886 1130 3955 τόλμης
1190 3884 1330 3940 ίοῦσι
1385 3886 1674 3958 κληρικοῖς
1719 3905 1779 3940 τε
1835 3887 1930 3940 καὶ

345 3978 558 4043 λαῖκοῖς
592 3978 900 4050 ἀφορισμοῦ
955 3981 1049 4033 καὶ
1077 3981 1282 4051 ἀμφοῖν
1321 3983 1574 4052 τιμᾶται.

432 4159 495 4210 Ὁ
519 4158 576 4210 δὲ
612 4146 822 4227 afri;
866 4157 911 4224 ζ’
971 4159 1191 4212 συνόδου
1241 4160 1584 4230 ίερωμένοις,
1635 4163 1734 4214 καὶ
1765 4158 1846 4226 οἷς
1897 4164 1927 4215 ό

349 4250 468 4320 βίος
528 4251 890 4319 μονότροπος,
951 4251 1276 4320 ἐπιπλήττει
1331 4253 1454 4305 κατ’
1509 4253 1650 4307 ἰδίαν
1707 4255 1928 4322 γυναιξὶ

349 4341 748 4402 συνεσθίουσιν,
777 4344 824 4393 εἰ
853 4341 947 4393 καὶ
980 4341 1105 4394 καθ’
1135 4337 1274 4413 αἷμα
1317 4342 1530 4406 τούτοις
1561 4339 1722 4399 αὗται
1755 4365 1926 4418 προσ-

347 4435 598 4503 ήκουσιν.
639 4433 701 4486 Et
737 4433 792 4485 δὲ
831 4433 1033 4496 ταύτας
1084 4434 1434 4497 συνδείπνους
1483 4435 1668 4507 δεήσει
1715 4437 1919 4503 λαϐεῖν,

351 4529 425 4598 μὴ
458 4529 638 4591 ἄλλως
666 4528 698 4598 ἢ
743 4528 1022 4599 Θεοφὸρων
1059 4533 1458 4600 συμπαρόντων
1489 4532 1724 4604 ἀνδρῶν,
1768 4535 1801 4606 ἢ
1834 4534 1930 4588 καὶ
1960 4511 2010 4571 Ῐ)

347 4620 552 4688 τιμίων
605 4619 698 4672 καὶ
756 4619 998 4673 εὐλαϐὦν
1049 4620 1349 4686 γυναικῶν,
1407 4621 1494 4675 ἵνα
1546 4623 1641 4675 καὶ
1689 4624 1822 4677 αὐτὸ
1865 4624 1929 4677 τὺ

347 4711 632 4781 τραπέζης
661 4712 850 4775 αὐταῖς
887 4714 980 4765 καὶ
1010 4712 1158 4766 ἁλῶν
1185 4715 1463 4768 κοινωνεῖν
1489 4717 1624 4784 πρὶς
1653 4715 1925 4785 ὠφέλειαν

345 4805 433 4874 εῖη
491 4806 891 4877 πνευματικήν.
921 4823 941 4858 ι
981 4806 1107 4858 Εἴτε
1159 4805 1270 4877 γὰρ
1305 4805 1538 4873 ἐσθίετε,
1573 4807 1762 4877 φησὶν,
1814 4811 1924 4863 εῐτε

346 4899 563 4964 πίνετε,
589 4899 698 4952 εἴτε
729 4917 783 4953 τι
814 4902 1046 4964 ποιεῖτε,
1080 4899 1258 4953 πάντα
1294 4900 1376 4962 είς
1431 4899 1592 4966 δόξαν
1645 4901 1739 4955 τοῦ
1789 4902 1924 4956 Θεοῦ

348 4992 562 5044 ποιεῖτε
588 5005 637 5042 ἰ
683 4990 777 5043 καί
806 5007 820 5022 ⁸
859 5008 878 5042 ι
917 4991 1099 5044 Πάντα
1133 5007 1226 5061 μοι
1250 4992 1480 5056 ἔξεστιν,
1517 4992 1636 5046 ἀλλ’
1657 4995 1718 5046 οὐ
1749 4994 1925 5049 πάντα

349 5081 646 5152 συμφέρει.
682 5099 701 5134 ι
744 5081 906 5135 Ἀλλὰ
935 5083 1030 5136 καὶ⁵
1053 5082 1347 5153 λογισμοὺς
1373 5084 1661 5154 καθαίρειν
1703 5087 1924 5139 κελευό-

350 5175 514 5244 μεθα,
541 5175 710 5244 ἡγουν
740 5175 1052 5242 ὲκπλύνειν,
1084 5175 1118 5246 ἢ
1156 5176 1447 5246 καθαιρεῖν
1475 5177 1597 5248 ἤτοι
1639 5179 1922 5234 καταϐάλ-

345 5266 485 5329 λειν,
536 5267 630 5319 καὶ
679 5269 753 5337 μὴ
807 5268 904 5338 ὲᾷν
947 5268 1148 5331 αὐτοὺς
1194 5269 1352 5339 ἡμῶν
1406 5268 1921 5333 κατεξανίστασθαι.

357 5358 762 5430 ὀδοιποροῦντι
782 5359 839 5414 δέ
874 5377 980 5412 τινι
1007 5359 1230 5427 τούτων,
1264 5360 1361 5414 καὶ
1412 5364 1486 5432 μὴ
1521 5362 1848 5432 εὐποροῦντι

348 5450 671 5518 καταχθείη,
703 5451 797 5504 καὶ
820 5453 877 5505 ὲν
908 5453 1210 5523 πανδοκείῳ
1241 5453 1536 5508 καταλύειν
1560 5457 1662 5509 οὐκ
1691 5457 1925 5527 ἀπείρη-

349 5558 467 5606 ται,
514 5541 612 5612 τῆς
657 5544 846 5614 χρείας
897 5543 1062 5600 αὐτὸν
1113 5545 1572 5617 κατεπειγούσης,
1608 5547 1768 5618 μόνον
1820 5566 1924 5601 σω-

349 5633 564 5703 φρόνως
589 5636 682 5690 καὶ
731 5638 848 5706 μετ’
893 5637 1204 5700 εὐλαὸείας.
1259 5640 1323 5692 Οί
1369 5641 1554 5707 μέντοι
1583 5639 1800 5707 γυναιξὶ
1829 5642 1922 5693 καὶ

349 5724 562 5790 τέκνοις
592 5728 883 5792 συζῶντες,
939 5731 1034 5782 καὶ
1103 5730 1247 5782 κατὰ
1298 5731 1504 5800 κόσμον
1550 5730 1816 5799 βιοῦντες,
1856 5732 1914 5784 ού

351 5817 647 5874 κωλύονται
679 5820 896 5891 γυναιξὶ
931 5823 1254 5877 συνεσθίειν.
1286 5822 1365 5876 Οὐ
1402 5821 1512 5893 γὰρ
1560 5821 1910 5893 διαϐέϐληται

2110 3315 2317 3372 Adhtec
2387 3330 2566 3371 canon
2616 3315 2685 3370 47
2743 3329 2923 3386 neque
2999 3317 3288 3374 mulierem
3365 3319 3634 3387 permittit

2038 3408 2092 3464 in
2146 3411 2392 3466 virorum
2470 3410 2834 3475 monasterio,
2871 3424 3052 3478 neque
3122 3410 3177 3464 in
3233 3411 3490 3466 muliebri
3551 3413 3633 3465 vi-

2037 3518 2162 3560 rum
2233 3503 2496 3557 dormire.
2543 3502 2695 3556 Citra
2751 3500 3074 3557 scandalum
3130 3503 3277 3556 enim
3343 3519 3506 3557 omne
3575 3514 3632 3559 et

2036 3597 2427 3652 offendiculum
2506 3595 2698 3651 iideles
2765 3610 2890 3650 esse
2958 3597 3140 3660 decet,
3192 3597 3432 3664 maxime
3495 3613 3624 3654 vero

2037 3687 2393 3753 monachos;
2447 3696 2614 3758 atque
2675 3689 2742 3744 ad
2802 3689 2854 3743 id
2922 3691 3066 3759 quod
3119 3691 3377 3747 decorum
3441 3701 3526 3748 est
3575 3703 3631 3752 et

2036 3780 2266 3836 Domino
2306 3787 2546 3851 gratum,
2581 3781 2749 3837 vitam
2782 3796 2938 3836 suam
2991 3797 3325 3853 componere
3369 3799 3436 3839 ac
3491 3785 3628 3840 diri-

2033 3888 2181 3946 gere.
2205 3873 2328 3928 Illos
2355 3883 2559 3937 autem,
2581 3874 2674 3944 qui
2700 3875 2975 3930 contraire
2990 3876 3104 3932 ausi
3137 3876 3362 3946 fuerint,
3384 3888 3492 3934 tam
3520 3881 3633 3936 cle-

2034 3967 2179 4022 riuos
2241 3980 2408 4038 quam
2471 3965 2681 4034 laicos,
2729 3968 3304 4026 excommunicatione
3368 3978 3630 4044 utrosque

2035 4060 2183 4116 ferit.

2105 4158 2491 4213 Verumtamen
2525 4155 2719 4227 synodi
2749 4159 2997 4228 septimae
3031 4172 3206 4212 canon
3249 4158 3322 4212 22
3359 4161 3622 4216 sacerdo-

2033 4258 2134 4314 tes,
2161 4263 2265 4303 nec
2306 4262 2416 4302 non
2463 4256 2518 4303 et
2558 4247 2686 4303 illos
2713 4249 2806 4318 qui
2859 4250 3024 4304 vitam
3059 4260 3230 4320 agunt
3263 4253 3625 4308 monasticam

2027 4341 2242 4411 ’plectit,
2278 4341 2598 4410 quicunque
2634 4341 2894 4410 privatim
2943 4357 3066 4397 cum
3118 4343 3443 4400 mulieribus
3488 4361 3628 4404 con-

2032 4434 2308 4496 vit-antur,
2358 4433 2612 4502 quamvis
2639 4446 2764 4486 cum
2794 4432 2929 4501 ipsis
2955 4433 3227 4503 sanguine
3271 4434 3477 4505 juncta:
3506 4438 3626 4494 fue-

2038 4526 2172 4579 rint.
2211 4525 2264 4578 Si
2305 4538 2433 4579 vero
2462 4522 2634 4578 hasce
2662 4525 2916 4578 convivio
2946 4526 3200 4594 excipere
3227 4541 3388 4596 opus,
3429 4544 3497 4583 ne
3523 4530 3627 4585 hoc

2039 4617 2257 4688 quidem
2288 4617 2402 4682 ﬁat,
2436 4615 2542 4671 nisi
2579 4617 2950 4685 praesentibus
2975 4617 3109 4673 viris
3133 4618 3334 4674 divinis
3366 4621 3526 4697 190
3559 4639 3626 4678 ac

2038 4711 2306 4765 matronis
2359 4708 2685 4764 venerandis
2733 4722 2798 4762 ac
2839 4709 3117 4780 religiosis
3142 4749 3156 4778 ,
3191 4713 3342 4783 adeo,
3381 4715 3628 4783 ut.ejus‘

2037 4803 2161 4856 dem
2195 4814 2398 4856 mensa:
2437 4812 2500 4852 ac
2541 4797 2680 4853 salis
2732 4800 3164 4855 communicatio
3208 4800 3316 4856 illis
3366 4800 3423 4856 in
3473 4804 3625 4860 utili—

2042 4901 2214 4951 tatem
2246 4890 2589 4961 spiritualem
2639 4889 2820 4946 cedat.
2854 4911 2872 4942 ι
2919 4892 3046 4946 Sive
3090 4892 3235 4946 enim
3290 4895 3614 4958 comedatis,

2037 4987 2236 5057 inquit,
2270 4986 2388 5041 sive
2432 4983 2654 5051 bibatis,
2679 4999 2777 5039 seu
2824 4984 3039 5040 faciatis
3082 4987 3313 5056 aliquid,
3343 4990 3532 5043 omnia
3556 4992 3624 5044 ad

2035 5078 2130 5134 Dei
2169 5079 2400 5150 gloriam
2432 5077 2612 5132 facite.
2645 5097 2663 5128 ι
2704 5076 2775 5130 Et
2810 5093 2824 5130 :
2861 5095 2880 5129 ι
2923 5075 3122 5133 Omnia
3165 5080 3301 5134 mihi
3331 5081 3517 5149 licent,
3568 5093 3626 5136 at

2036 5187 2146 5228 non
2175 5170 2362 5228 omnia
2391 5169 2714 5239 expediunt.
2745 5188 2770 5220 ›
2810 5168 2923 5224 lmo
2953 5181 3008 5225 ct
3059 5173 3211 5241 ipsas
3257 5174 3622 5245 cogitationes

2035 5279 2270 5336 purgare
2319 5262 2600 5334 iubemur,
2660 5263 2872 5318 scilicet
2914 5273 3010 5318 aut
3079 5265 3288 5332 eluere,
3341 5274 3437 5320 aut
3491 5281 3625 5336 pur-

2035 5371 2184 5427 gare,
2231 5371 2328 5411 seu
2357 5364 2732 5426 prosternere.
2765 5371 2942 5425 neque
2973 5357 3291 5425 permittere
3334 5367 3396 5412 ut
3435 5359 3620 5416 denuo

2038 5451 2092 5504 in
2121 5462 2220 5503 nos
2242 5455 2557 5518 assurgunt.
2587 5447 2686 5502 Sin
2743 5463 2871 5504 vero
2917 5449 3114 5503 borum
3147 5451 3356 5522 aliquis
3393 5451 3499 5507 iter
3532 5450 3621 5508 fa-

2035 5544 2166 5606 ciat,
2209 5541 2531 5610 nesciatque
2585 5540 2810 5596 ubinam
2880 5542 3120 5612 hospitio
3183 5545 3508 5616 excipiatur,
3568 5548 3621 5604 ei

2033 5636 2178 5692 haud
2190 5635 2542 5690 interdictum
2557 5644 2643 5690 est
2657 5637 2712 5691 in
2726 5637 3001 5706 publicam
3027 5638 3251 5695 domum
3267 5641 3623 5712 descendere,

2035 5730 2373 5786 necessitate
2401 5743 2524 5784 eum
2557 5739 2809 5798 urgente,
2848 5733 3014 5787 modo
3045 5734 3252 5803 sobrie,
3281 5748 3337 5795 et
3361 5756 3485 5797 cum
3516 5745 3626 5798 Cir.

2025 5821 2452 5893 .cumspectione
2539 5836 2661 5879 sese
2729 5837 2902 5894 gerat.
2974 5827 3243 5885 Caeterum
3276 5830 3311 5888 ii
3361 5835 3455 5889 συὶ
3498 5852 3622 5890 cunt
