4054 6434
409 347 484 410 ²ξ7
1629 336 1683 394 Μ
1694 334 1834 391 ATT
1845 333 1892 392 li
1903 330 1998 391 ,ΕΙ

2114 329 2477 390 LASTABIS
3453 382 3456 386 .
3608 325 3677 390 ιδ

407 458 672 513 uxoribus
698 470 760 511 ac
793 454 980 509 liberis
1025 453 1141 507 suis
1195 464 1301 504 una
1335 445 1604 510 habitam,
1667 447 1989 499 saecularem

2114 440 2278 506 τοῦτο,
2313 443 2360 492 εἰ
2397 440 2513 511 μετ’
2538 440 2890 508 εὐχαριστίας
2933 438 3030 508 τῆς
3071 439 3206 506 πρὸς
3250 436 3380 489 Θεὸν
3412 435 3679 504 γίγνοιτο.

416 555 580 606 vitam
632 559 946 620 sequentes,
987 561 1111 601 cum
1150 543 1416 597 uxoribus
1445 536 1726 594 convivari
1771 535 1998 589 minime

415 643 792 713 prohibentur.
845 639 959 693 Hoc
1022 639 1169 691 enim
1231 634 1388 702 culpa
1451 640 1631 695 vacat,
1697 627 2045 682 dummodo'

419 741 513 791 tiat
573 752 698 792 cum
735 734 1036 803 gratiarum
1074 744 1201 798 erga
1261 728 1430 781 Deum
1480 725 1716 787 actione,
1773 729 1827 773 et
1886 733 1994 771 non

420 845 544 883 cum
577 823 1089 898 gesticulationibus
1137 818 1394 883 scenicis,
1429 824 1524 869 aut
1559 812 1828 869 satanicis
1867 824 1996 863 can-

2105 531 2199 583 καὶ
2231 530 2307 600 μὴ
2342 531 2481 598 μετὰ
2506 530 2818 598 θυμελικῶν
2845 529 3321 605 ἐπιτηδευμάτων,
3351 528 3443 579 καὶ
3469 542 3684 579 σατανι-

2108 621 2217 676 κῶν
2245 621 2534 692 ᾀσμάτων,
2564 622 2658 674 καὶ
2683 621 2961 692 πορνικῶν
2999 621 3372 689 λογισμάτων,
3405 613 3487 681 οἷς
3515 617 3681 687 ἐπέρ-

2103 730 2259 783 χεται
2296 713 2328 782 ἡ
2365 713 2682 784 προφητικὴ
2713 713 2842 784 ἀρά·
2876 731 2893 764 ι
2921 713 3059 765 Οὐαὶ
3084 716 3132 764 οἰ
3157 713 3296 782 μετὰ
3319 711 3552 780 κιθάρας
3585 706 3684 761 καὶ

2101 803 2405 874 ψαλτηρίου
2445 807 2538 858 τὸν
2572 802 2714 859 οῐνον
2750 805 3021 870 πίνοντες,
3063 824 3081 857 ι
3127 805 3218 856 καὶ
3249 803 3318 856 τὰ
3369 801 3521 871 ἑξῆς.

422 924 566 988 tieis,
595 929 649 976 et
697 917 1161 975 modulationibus
1207 910 1556 975 meretriciis,
1606 921 1729 977 quae
1765 899 2072 958 maledictio
2101 897 2293 954 isthaec
2324 899 2640 970 prophetica
2677 899 3029 970 prosequitur
3067 915 3080 952 :
3121 916 3139 949 ι
3183 895 3272 952 Vae
3316 897 3424 952 illis
3481 894 3574 964 qui
3611 893 3679 948 ad

428 1023 696 1077 citharam
744 1023 798 1071 et
858 1013 1178 1085 psalterium
1221 1009 1405 1063 vinum
1458 1005 1676 1066 bibunt,
1718 1021 1735 1054 ι
1774 1009 1828 1054 et
1867 1013 1990 1068 quae
2028 1004 2356 1066 sequuntur.

492 1109 750 1176 Quinimo
801 1119 980 1173 neque
1029 1099 1295 1172 permittit
1343 1096 1558 1150 concilii
1596 1091 1998 1160 Carthaginien-

419 1205 496 1257 sis
527 1217 652 1256 can.
712 1198 781 1252 '58
833 1194 1137 1251 monachos
1191 1199 1285 1245 aut
1348 1188 1582 1243 clericos
1653 1186 1875 1253 impune
1929 1179 1995 1233 ad

420 1289 766 1362 virgines-vel
801 1287 994 1341 viduas
1028 1285 1138 1336 Deo
1166 1287 1518 1336 consecratas
1554 1275 1835 1338 accedere,
1874 1271 1999 1324 abs-

423 1402 530 1456 que
578 1396 850 1438 consensn
921 1374 1191 1448 episcopi,
1231 1381 1348 1437 aut,
1380 1385 1448 1424 eo
1487 1370 1732 1430 absente,
1774 1364 2000 1432 Presby-

425 1476 794 1543 teri_alicujus
825 1489 838 1524 :
874 1484 978 1525 nec
1030 1477 1158 1522 tunc
1211 1463 1432 1534 quidem
1489 1460 1639 1516 solos
1688 1473 1811 1511 cum
1863 1455 1999 1510 solis

425 1570 650 1636 versari,
697 1567 790 1622 sed
819 1564 901 1618 vel
955 1559 1169 1616 clericis
1213 1557 1356 1621 aliis,
1409 1554 1490 1608 vel
1520 1549 1847 1606 Christianis
1895 1548 1997 1602 ho-

426 1663 600 1718 nestis
631 1675 693 1714 ac
735 1654 1003 1724 religiosis
1046 1648 1432 1720 praesentibus,
1471 1654 1529 1699 ut
1554 1643 1776 1697 tollatur
1815 1638 1996 1694 omnis

424 1754 687 1825 suspicio.
742 1768 758 1802 ι
797 1748 945 1803 Citra
993 1741 1316 1798 scandalum
1352 1738 1522 1800 enim,
1579 1731 1996 1802 aitApostolus,

2172 1086 2307 1144 Οὐδὲ
2355 1087 2382 1138 6
2439 1088 2538 1158 τῆς
2591 1086 2649 1140 ἐν
2706 1087 3039 1161 Καρθαγένῃ
3109 1088 3332 1142 συνόδου
3381 1086 3462 1158 λη’
3499 1088 3681 1142 κανὼν

2103 1176 2286 1246 ἐφίησι
2341 1178 2594 1248 μοναχοῖς
2638 1180 2670 1248 ἦ
2714 1180 2997 1249 κληρικοίς
3043 1183 3215 1245 ἀδεῶς
3263 1183 3491 1234 εἰσιέναι
3547 1183 3684 1250 πρὸς

2106 1269 2432 1339 παρθένους,
2462 1272 2494 1342 ἢ
2521 1274 2718 1343 χήρας,
2747 1274 2803 1326 αἶ
2835 1275 2898 1346 δὴ
2922 1275 2999 1346 τῷ
3019 1275 3138 1346 Θεῷ
3169 1276 3555 1346 καθιέρωνται,
3586 1273 3681 1326 τοῦ

2103 1361 2404 1415 ἐπισκόπου
2434 1364 2508 1434 μὴ
2537 1366 2985 1438 ἐπιτετραφότος,
3023 1369 3053 1438 ἢ
3079 1368 3173 1421 τοῦ
3203 1369 3602 1440 πρεσϐυτέρου,
3632 1369 3683 1420 εἰ

2103 1452 2312 1514 ἐκεῖνος
2363 1453 2568 1525 ἀπῄει·
2624 1456 2760 1511 ἀλλὰ
2817 1461 2910 1512 καὶ
2965 1459 3086 1512 τότε
3137 1461 3212 1530 μὴ
3249 1461 3444 1530 μόνους
3491 1460 3684 1529 μόναις

2103 1545 2474 1616 ἐντυγχάνειν,
2512 1548 2646 1603 ἀλλὰ
2683 1552 2966 1621 παρόντων
3000 1555 3030 1624 ἦ
3070 1554 3346 1625 κληρικῶν
3393 1554 3618 1623 ἐτέρων,
3651 1552 3682 1622 ἢ

2101 1638 2445 1707 Χριστιανῶν
2475 1641 2709 1711 ἐντίμων
2751 1645 2846 1697 καὶ
2891 1647 3153 1711 εὐλαὸὦν,
3189 1647 3329 1700 ὥστε
3371 1648 3552 1700 πᾶσαν
3577 1647 3681 1698 ὑπο

2105 1729 2265 1797 οψίαν
2295 1735 2727 1802 περιαιρεῖσθαι.
2773 1756 2790 1788 ι
2844 1737 3214 1808 Ἀπρόσκοποι
3242 1741 3370 1810 γὰρ,
3440 1741 3605 1808 φησὶν
3657 1741 3686 1792 6

425 1819 600 1903 estote
631 1852 685 1899 et
711 1839 912 1897 Judaais
955 1847 1008 1891 et
1047 1833 1253 1889 Graecis
1288 1839 1342 1885 et
1393 1827 1648 1882 Ecclesiae
1682 1823 1798 1876 Dei.
1844 1841 1862 1874 ›
1907 1819 2002 1874 Ju-

2120 1824 2460 1890 Ἀπόστολος,
2518 1828 2738 1896 γίνεσθε
2795 1832 2886 1883 καὶ
2943 1832 3242 1898 Ἰουδαίοις,
3293 1831 3388 1884 καὶ
3431 1832 3684 1900 Ἕλλησι,

426 1941 618 1991 bemur
659 1932 793 1988 adeo
829 1925 1175 1996 suspiciones
1223 1919 1395 1974 malas
1429 1916 1655 1978 evitare,
1688 1909 1839 1964 falsae
1875 1907 2005 1962 licet

425 2025 647 2081 fuerint.

681 2225 760 2279 De
800 2221 1031 2277 transitu
1065 2234 1090 2270 e
1122 2211 1445 2270 monasteria
1497 2209 1565 2262 ad
1595 2205 1765 2260 aliud.

499 2389 690 2444 (lanon
731 2394 913 2439 autem
971 2379 1272 2434 vicesimus
1307 2373 1517 2444 primus
1542 2366 1734 2438 synodi
1765 2361 2008 2433 septima:

432 2482 576 2536 haud
618 2477 886 2548 permittit
918 2468 1248 2526 monachum
1281 2471 1376 2518 aut
1409 2458 1703 2516 monialcm
1729 2451 2007 2525 propriam

431 2580 684 2630 deserere
726 2566 1097 2626 mansionem,
1140 2572 1193 2614 et
1223 2560 1276 2612 in
1309 2556 1469 2609 aliam
1503 2567 1561 2606 se
1590 2547 1864 2605 conferre.
1909 2541 2007 2598 Sin

433 2679 559 2720 vero
596 2664 700 2715 hoc
745 2659 861 2713 fieri
893 2655 1192 2722 conlingat,
1244 2647 1516 2703 laudabile
1554 2638 2010 2708 esseexistimat

431 2767 483 2810 ct
523 2753 741 2820 quidem
775 2746 1151 2802 necessarium
1209 2743 1374 2795 hosce
1415 2734 1653 2805 hospitio
1707 2729 1905 2799 excipi,
1941 2741 2010 2781 ne

434 2854 571 2902 lurte
605 2843 962 2899 smcularibus
990 2846 1042 2891 ct
1095 2834 1409 2905 promiscue
1443 2825 1756 2882 viventibus
1810 2836 1870 2877 se
1907 2820 2009 2874 im-

437 2939 674 2995 miscere
702 2943 1000 3002 cogantur;
1044 2926 1188 2984 haud
1214 2934 1392 2980 tamen
1425 2919 1592 2989 recipi
1620 2918 1740 2974 sine
1777 2925 2012 2969 consen-

433 3048 495 3084 su
547 3041 768 3083 suorum
817 3022 1226 3094 praefectorum.

504 3122 643 3177 Tum
681 3131 855 3174 canon
888 3116 921 3169 ὅ
951 3111 1143 3184 synodi
1189 3108 1380 3179 primae
1431 3111 1483 3160 et
1551 3099 1830 3162 secundas,
1886 3109 2008 3167 quae

2114 1917 2208 1970 καὶ
2258 1920 2324 1989 τῇ
2371 1920 2666 1992 Ἐκκλησία
2729 1923 2820 1975 τοῦ
2849 1924 3022 1977 Θεοῦ·
3065 1943 3083 1976 ι
3127 1926 3249 1977 ἐπεὶ
3302 1922 3528 1993 φεύγειν
3589 1924 3686 1985 τὰς

2113 2012 2356 2151 ἑτοχηράς
2404 2012 2702 2084 ὑπολήψεις
2740 2017 3215 2086 προστετάγμεθα,
3249 2018 3352 2071 κᾶν
3394 2011 3495 2069 ὦσι
3553 2015 3689 2086 ψευο

2146 2117 2246 2151 εις.

2146 2117 2246 2164 εις.

2114 2209 2257 2279 Περὶ
2313 2216 2695 2284 μεταϐάσεως
2923 2225 3337 2292 μοναστηρίου
3378 2227 3466 2292 εἰς
3498 2244 3689 2296 μονα-

2761 2307 3034 2358 crruptor.

2193 2373 2256 2476 ’θ
2281 2373 2338 2428 δὲ
2363 2380 2450 2428 κα⁹
2486 2377 2585 2476 τῇς
2617 2376 2904 2476 ζ’·συνόδου
2935 2381 3037 2434 οὐκ
3067 2381 3353 2453 ἐπιτρέπει
3386 2385 3622 2456 μοναχὸν
3655 2388 3687 2457 ἦ

2115 2465 2447 2566 μονάστριαν
2482 2465 2579 2535 τὴν
2636 2467 2846 2522 οἰκείαν
2882 2471 3322 2541 καταλιμπάνειν
3366 2475 3555 2546 μονὴν,
3595 2480 3691 2531 καὶ

2111 2554 2193 2615 εἰς
2223 2554 2416 2624 ἑτέραν
2460 2557 2703 2612 ἀπιέναι.
2743 2560 2967 2630 Συμὸὰν
2999 2562 3055 2614 δὲ
3090 2562 3253 2629 οὕτω,
3294 2565 3688 2637 ξενοδοχείσθαι

2115 2642 2234 2712 μέν,
2275 2646 2350 2708 ὡς
2386 2649 2706 2716 ἀναγκαῖον,
2741 2650 2808 2704 δι’
2847 2652 3068 2706 ἐπαίνου
3111 2655 3336 2722 τίθεται,
3365 2659 3451 2711 ἴνα
3486 2660 3558 2729 μὴ
3596 2678 3692 2714 κο-

2113 2739 2326 2806 σμικοίς
2358 2740 2452 2792 καὶ
2471 2739 2777 2811 ἀδιαφόρως
2803 2742 3007 2811 βιοῦσιν
3031 2745 3370 2802 ἐκϐιασθείεν
3389 2751 3686 2819 συμμίξαι·

2111 2829 2629 2900 προσλαμϐάνεσθαι
2658 2833 2714 2888 δὲ
2740 2834 2798 2887 οὐ
2825 2835 2962 2902 δῆτα
2986 2836 3116 2890 ἄνευ
3143 2839 3370 2912 γνώμης
3397 2841 3506 2894 τῶν
3532 2842 3688 2912 σφῶν

2111 2918 2457 2990 ἡγουμένων.

2193 3102 2254 3158 '0
2282 3103 2337 3157 δὲ
2362 3104 2412 3172 γ’
2440 3106 2538 3177 τῆς
2570 3107 2870 3179 λεγομένης
2893 3110 3118 3182 πρώτης
3146 3113 3242 3168 καὶ
3266 3113 3529 3186 δευτέρας
3565 3135 3694 3174 συν-

435 3224 682 3278 vocatur,
736 3200 1292 3265 excommunicationi
1344 3197 1663 3269 praefectum
1731 3188 1955 3261 subjicit
1985 3227 2001 3256 ,

2114 3195 2229 3251 όδου
2249 3174 2545 3270 άφορισμϋῷ
2561 3174 2653 3255 τὸν
2675 3174 2987 3272 ἡγούμενόν
3011 3174 3359 3278 ὑποτίθησιν.
3387 3174 3439 3262 εἰ
3466 3174 3540 3281 μί]
3563 3212 3692 3268 ἐπι-

435 3305 529 3376 qui
557 3301 902 3373 aufugientes
935 3294 1262 3356 monachos,
1292 3287 1388 3359 qui
1411 3287 1492 3343 ad
1523 3284 1670 3342 ovile
1691 3297 1854 3340 suum
1885 3295 2005 3351 per-

434 3400 632 3460 tinent,
669 3409 780 3449 non
819 3404 944 3448 cum
1007 3383 1290 3457 diligentia
1350 3377 1723 3452 requisiverit,
1767 3384 1823 3431 et
1853 3387 2010 3428 ovem

437 3488 742 3547 morbidam
775 3481 1187 3539 medicamentis
1211 3481 1457 3532 curatam
1494 3463 1580 3528 ad
1610 3485 1827 3528 sacrum
1862 3468 2010 3524 clau-

436 3596 610 3640 strum
671 3575 972 3634 reduxerit.
1049 3572 1187 3628 Nam
1260 3568 1308 3624 si
1375 3565 1738 3622 animantium
1797 3560 2013 3617 ratione

436 3673 744 3732 carentium
799 3673 1009 3740 pastor,
1065 3662 1162 3734 qui
1204 3674 1339 3732 terga
1400 3672 1620 3729 gregem
1659 3647 2013 3725 negligenter

438 3781 556 3822 sese
591 3763 746 3833 gerit,
779 3769 934 3815 certo
971 3756 1087 3811 luat
1121 3793 1137 3820 ,
1183 3751 1440 3822 quisquis
1474 3749 1658 3833 ovium
1680 3745 1890 3800 Christi
1931 3758 2015 3798 sa-

439 3828 617 3912 luteth
637 3868 747 3922 pra
775 3847 1028 3904 socordia
1059 3841 1369 3913 vilipendit,
1402 3828 1595 3908 quidni
1629 3831 2016 3904 indeprecabi-

441 3952 522 4003 les
560 3959 751 4014 pcnuas
799 3935 1328 3996 dabit?Monachus
1383 3944 1518 3985 vero
1567 3928 1641 3982 ita
1696 3933 2011 3988 revocatus,

443 4042 489 4096 si
539 4055 604 4092 eo
635 4035 813 4091 redire
867 4025 1250 4090 recusaverit,
1293 4022 1438 4077 unde
1485 4018 1773 4086 discessit,
1839 4016 1887 4071 si
1940 4015 2017 4069 ita

443 4130 701 4201 episcopo
742 4125 918 4180 visum
950 4118 1134 4184 fuerit,
1163 4115 1556 4188 segregabitur.

514 4309 646 4362 Dein
682 4318 858 4359 canon
905 4306 1136 4370 quartus
1203 4293 1565 4356 monachum,
1637 4289 1732 4360 qui
1799 4287 2018 4358 propria

443 4403 726 4459 mansione
758 4396 945 4452 relicta
982 4392 1038 4446 in
1089 4389 1254 4446 aliam
1278 4402 1336 4443 se
1365 4384 1597 4447 confert,
1634 4383 1716 4437 vel
1771 4381 1828 4436 in
1857 4381 2017 4435 habi-

443 4494 624 4551 taculo
653 4489 898 4546 saeculari
931 4486 1164 4555 turpiter
1193 4488 1560 4542 comrssatut‘,
1598 4476 1778 4545 ipsum
1834 4473 2014 4536 illum,
2048 4517 2092 4572 υ

442 4597 498 4643 et
532 4585 622 4655 qui
659 4578 978 4646 susceperit,
1013 4585 1275 4643 utrosque
1300 4569 1692 4627 communione
1715 4566 2014 4636 privandos

444 4675 709 4740 decernit,
746 4673 922 4727 donec
952 4669 1000 4723 is
1037 4667 1132 4737 qui
1163 4665 1473 4728 recesserit,
1500 4664 1555 4717 in
1595 4660 2013 4720 monasterium,

444 4769 591 4838 quod
637 4764 880 4833 improbe
934 4758 1202 4822 deseruit,
1232 4755 1394 4810 fuerit
1422 4770 1696 4810 reversus.
1753 4753 1850 4808 Sin
1884 4767 2015 4807 vero

442 4864 606 4916 istius
640 4857 744 4911 loci
787 4855 1082 4923 episcopus
1145 4849 1440 4903 monachos
1490 4847 1754 4916 quosdam
1816 4847 2018 4915 pietate

445 4956 532 5024 (ut
573 4952 651 5017 lit)
693 4946 1038 5017 percelebres
1067 4943 1133 4997 de
1180 4942 1487 5009 mansione}
1509 4941 1725 5010 propria
1771 4940 2019 4994 eximens

453 5050 505 5098 in
551 5043 674 5097 aliis
708 5036 1073 5104 constituerit,
1129 5044 1188 5089 ut
1220 5034 1491 5088 mansioni
1547 5033 1773 5101 praesint
1835 5031 2020 5101 (modo

451 5146 697 5202 utraeque
729 5131 805 5184 illi
841 5131 1095 5198 episcopo
1127 5124 1390 5194 subjectae
1421 5123 1668 5191 fuerint),
1702 5123 1788 5176 vel
1822 5123 2019 5176 domus

454 5231 678 5285 tutelam
731 5226 811 5279 eis
848 5222 1233 5280 commiserit:
1280 5219 1459 5275 istboc
1503 5217 1721 5286 quidem
1753 5231 1877 5270 cum
1927 5231 2020 5271 eos

450 5320 542 5389 qui
571 5317 895 5385 suscipiunt,
923 5325 1036 5369 tum
1070 5310 1371 5375 monachos
1393 5307 1540 5378 ipsos
1566 5307 1725 5375 culpa
1753 5308 1902 5361 omni
1931 5322 2021 5361 va-

453 5427 588 5466 cuos
627 5415 869 5479 prastat.

519 5505 660 5570 Quin
697 5504 806 5556 imo
844 5513 1020 5556 canon
1051 5497 1120 5552 80
1166 5495 1360 5567 synodi
1415 5494 1864 5566 Carthaginensis
1905 5492 2022 5561 epi-

449 5614 674 5668 scopum
717 5595 896 5666 puniri
929 5593 1060 5657 vult,
1102 5593 1194 5662 qui
1227 5591 1550 5645 monaclmm
1585 5591 1816 5643 alienum
1849 5586 2024 5642 susci-

452 5691 547 5758 pit,
593 5689 747 5758 191
783 5699 948 5756 atque
979 5691 1045 5740 ad
1099 5683 1348 5754 gradum.
1384 5673 1692 5737 cleriCalem
1743 5694 2026 5750 prornove-

454 5783 549 5848 rit,
580 5789 671 5835 aut
705 5779 938 5848 alicujus
977 5793 1037 5832 ex
1073 5777 1309 5847 propriis
1366 5775 1710 5830 monasteriis
1743 5773 2027 5844 praefectu-

2113 3290 2294 3360 μελῶς
2333 3292 2631 3364 άναζητοίη
2669 3296 2797 3360 τοὺς
2828 3297 2930 3366 τῆς
2975 3297 3176 3352 ἐαυτοῦ
3212 3300 3449 3372 ποίμνης
3490 3304 3690 3358 ἀποδι-

2111 3379 2449 3452 δράσκοντας
2486 3384 2774 3453 μοναχθίις,
2807 3386 2904 3440 καὶ
2933 3386 3072 3456 πρὸς
3103 3387 3197 3443 τὸν
3233 3389 3379 3459 ἱερὸν
3415 3392 3689 3464 ἐπανάγει

2113 3473 2302 3542 σηκὸν,
2335 3476 2402 3544 τῇ
2454 3475 2778 3548 καταλλήλῳ
2810 3478 3081 3550 θεραπείᾳ
3116 3481 3178 3534 τὸ
3209 3483 3501 3554 νενοσηκὸς
3529 3486 3693 3559 ἐπιῤ-

2115 3564 2289 3634 ῥωνὺς
2323 3566 2625 3636 πρόϐατον.
2658 3566 2726 3621 Εἰ
2761 3567 2871 3639 γὰρ
2921 3572 2951 3624 6
3004 3571 3162 3636 ζώων
3207 3572 3423 3643 ἀλόγων
3454 3578 3690 3648 ποιμὴν,

2114 3653 2334 3721 ἀμελῶς
2383 3657 2514 3725 περὶ
2571 3657 2632 3710 τὸ
2677 3658 2927 3728 ποίμνιον
2985 3660 3352 3732 διακείμενος,
3410 3668 3692 3736 τιμωρίαν

2113 3745 2428 3814 ἀναγκαίως
2456 3748 2670 3819 ὑπέχει,
2719 3752 2748 3804 6
2787 3744 2894 3804 τῶν
2939 3751 3032 3806 τοῦ
3063 3753 3302 3824 Χριστοῦ
3349 3756 3690 3828 θρεμμάτων

2115 3837 2213 3908 τὴν
2243 3840 2517 3909 σωτηρίαν
2553 3842 2682 3908 περὶ
2731 3841 3014 3912 ἐλαχίστου
3053 3844 3120 3897 δι’
3152 3847 3358 3900 οἰκείαν
3397 3849 3690 3921 ῥᾳστώνην

2115 3928 2420 3999 τιθέμενος,
2447 3932 2564 3995 πῶς
2591 3935 2694 3986 οὐκ
2719 3935 3095 4007 ἀπαραίτητον
3123 3940 3589 4012 εἰσπραχθήσεται
3611 3945 3693 4000 δί-

2119 4037 2257 4090 κην;
2297 4023 2564 4077 ’Δπειθῶν
2591 4026 2648 4078 δὲ
2669 4027 2696 4079 6
2723 4027 3166 4099 ἀνακαλούμενος
3201 4033 3433 4102 μοναχὸς
3463 4036 3691 4091 ἐπανιέ-

2120 4130 2207 4167 ναι
2231 4115 2351 4167 ὃθεν
2383 4115 2520 4185 δῆτα
2545 4119 2635 4171 καὶ
2664 4117 2954 4190 ἐξελήλυθε
2978 4122 3113 4193 πρὸς
3134 4124 3228 4177 τοῦ
3257 4125 3558 4179 ἐπισκόπου
3581 4129 3696 4198 ἀφ·

2119 4205 2490 4277 ορισθήσεται.

2201 4299 2262 4352 'O
2301 4300 2358 4353 δέ
2389 4302 2430 4354 δ’
2455 4303 2544 4355 τὸν
2582 4303 2894 4375 ἀποδράντα
2923 4305 3024 4376 τῆς
3065 4308 3202 4372 ἰδίας
3260 4311 3426 4382 μονῆς
3459 4315 3696 4383 μοναχὸν

2120 4392 2215 4445 καὶ
2258 4393 2396 4464 πρὸς
2435 4396 2634 4465 ἑτέραν
2665 4401 3190 4470 μετακεχωρηκότα,
3225 4403 3256 4472 ἢ
3311 4406 3391 4466 εἰς
3425 4407 3696 4475 κοσμικὸν

2121 4484 2372 4554 ἀσέμνως
2396 4487 2820 4556 εἰσκωμάσαντα
2840 4493 3204 4559 καταγώγιον,
3225 4493 3386 4548 αὐτόν
3409 4513 3465 4549 τε
3489 4497 3582 4550 καὶ
3599 4499 3696 4551 τὸν

2119 4575 2307 4628 τοῦτον
2363 4577 2761 4646 ὑποδεξάμενον
2810 4581 3189 4652 ἀφωρισμένον
3255 4579 3398 4637 εἶναι
3455 4588 3692 4655 κελεύει,

2119 4664 2224 4727 ἕως
2271 4666 2336 4719 ἂν
2392 4667 2420 4718 ὁ
2467 4670 2839 4740 ἁποφοιτήσας
2887 4672 3024 4740 πρὸς
3049 4673 3145 4744 τὴν
3179 4675 3367 4744 μονὴν,
3401 4669 3469 4747 ἧς
3503 4679 3689 4744 κακῶς

2119 4755 2459 4827 ἐξελήλυθεν,
2499 4760 2772 4834 ἐπανήκῃ.
2823 4762 2887 4816 Εἰ
2920 4765 3103 4832 μέντοι
3142 4767 3169 4818 6
3198 4767 3298 4836 τῆς
3341 4767 3529 4837 χώρας
3562 4771 3689 4822 ἐπί-

2123 4864 2346 4913 σκοπος,
2379 4849 2528 4904 ἐστιν
2573 4850 2666 4914 οὒς
2703 4852 2811 4908 τῶν
2847 4854 2934 4906 ἐπ’
2969 4855 3227 4926 εὐλαϐείᾳ
3277 4860 3694 4928 σεμνυνομένων

2125 4940 2392 5008 μοναχῶν,
2432 4941 2495 4993 ἐκ
2515 4941 2615 5012 τῆς
2643 4943 2849 4996 ἐαυτῶν
2883 4945 3141 5015 εἰληφὼς,
3171 4948 3253 5008 είς
3292 4949 3488 5018 ἑτέραν
3530 4952 3697 5018 ἐγκα-

2121 5032 2415 5100 ταστήσειε
2446 5035 2788 5104 προστασίαν
2815 5037 3008 5106 μονῆς,
3045 5039 3142 5090 καὶ
3177 5041 3505 5110 ἀμφοτέρων
3542 5042 3691 5112 αὐτῷ

2124 5122 2500 5193 ὑποκειμένων
2544 5125 2748 5196 δηλαδὴ
2795 5128 2906 5180 τῶν
2965 5129 3232 5200 μονῶν,ἢ
3279 5133 3371 5184 καὶ
3421 5139 3695 5204 κοσμικὴν

2123 5212 2300 5267 οἰκίαν
2349 5215 2631 5286 ἐπιτηρεῖν
2673 5217 2988 5290 διορίσαιτο,
3044 5221 3200 5275 τοῦτο
3255 5227 3349 5276 καὶ
3403 5227 3528 5289 τοὺς
3568 5229 3698 5280 ὑπο-

2124 5305 2446 5377 δεχομένους
2527 5307 2624 5360 καὶ
2674 5310 2800 5373 τοὺς
2849 5312 3116 5381 μοναχοὺς
3181 5314 3506 5378 ἀνευθύνους
3554 5314 3693 5370 εἶναι

2127 5400 2290 5452 ποιεῖ.

2213 5491 2270 5543 '0
2313 5491 2368 5544 δὲ
2401 5491 2453 5544 π’
2481 5494 2579 5564 τῆς
2618 5494 2675 5546 ἐν
2706 5493 3038 5570 Καρθαγένῃ
3071 5499 3290 5552 συνόδου
3340 5502 3697 5569 ἐπιτιμᾶσθαι

2125 5582 2218 5636 τὸν
2258 5585 2555 5638 ἐπίσκοπον
2583 5585 2744 5651 ἀξιοῖ,
2775 5587 2836 5650 ὃς
2865 5590 2956 5642 τὸν
2993 5591 3273 5662 ἀλλότριον
3302 5593 3698 5662 ὑποδεχόμενος

2133 5676 2366 5744 μοναχὸν
2406 5678 2484 5739 είς
2519 5677 2725 5747 βαθμὸν
2758 5680 3050 5752 καθίστησι
3095 5682 3376 5752 κλήρου,ῆ
3416 5687 3509 5737 καὶ
3538 5685 3700 5752 ἡγου-

2133 5769 2351 5840 μενείαν
2389 5770 2591 5825 οἰκείου
2635 5774 3024 5846 μοναστηρίου,
3063 5777 3192 5831 ἄνευ
3240 5778 3577 5848 ἁπολυτικῆς
3605 5790 3700 5843 τοῦ
