4054 6436
449 414 515 484 51
856 504 865 516 ,
1640 428 2007 499 timum

2130 441 2188 503 .A
2198 438 2471 506 ΞΤ.κῇῐὸ
3636 454 3707 522 52

446 550 608 597 aetate
635 544 1028 613 grandioribus
1059 556 1156 604 aut
1196 551 1486 622 praecipuis
1542 556 1893 623 monialium,
1940 565 2023 630 qui

2139 567 2324 629 τίδων,
2452 566 2520 621 τὰ
2551 567 2744 638 πρῶτα
2771 568 2877 622 τῶν
2904 556 2960 623 ἐν
2999 570 3065 641 τῇ
3098 560 3233 642 μονῇ
3267 574 3573 642 φερουσῶν,
3616 578 3717 632 καὶ

445 634 515 688 tle
554 634 689 704 ipsis
738 641 1134 707 respondeant;
1161 643 1397 698 maxime
1435 660 1565 700 vero
1591 647 1641 702 si
1671 650 1849 705 adhuc
1881 661 2031 708 tene-

440 742 531 782 rae
586 729 763 789 artatis
826 729 1078 796 fuerint,
1126 733 1219 802 qui
1263 736 1442 792 oculis
1497 738 1734 797 incautis
1806 742 2034 813 laqueus

445 819 667 888 quidem
700 829 782 876 est
825 823 968 877 haud
1000 824 1162 880 facile
1186 830 1617 896 praetereundus.
1678 832 1815 887 Nam
1877 835 2031 891 hisce

448 910 557 967 illis
595 925 789 982 praeter
823 915 1063 972 innatam
1133 919 1303 974 animi
1363 923 1587 977 feminei
1654 925 2028 983 lubricitatem

448 1004 679 1059 multttm
709 1006 776 1060 ad
812 1009 1134 1077 pravitatem
1187 1012 1404 1069 confert
1433 1016 1549 1085 ipsa
1577 1014 1855 1087 juventus.
1919 1022 2030 1078 Sed

447 1109 549 1150 nec
581 1096 850 1154 ullatenus
910 1111 1061 1156 extra
1118 1108 1512 1162 monasterium
1570 1121 1894 1179 pernoctare
1951 1116 2031 1171 eis

444 1188 794 1253 permissum.
862 1189 1150 1249 Monachis
1206 1209 1356 1259 vero,
1397 1182 1624 1272 urgente
1680 1205 2026 1273 necessitate,

446 1295 571 1334 cum
640 1283 1033 1357 benedictione
1098 1289 1338 1358 praefecti
1393 1295 1559 1348 etiam
1624 1311 1723 1366 per
1781 1313 1841 1353 se
1894 1300 2028 1355 solis

442 1375 631 1445 egredi
664 1377 839 1447 licet;
871 1382 1006 1451 quin
1035 1381 1449 1441 imointerdu‘m
1496 1397 1550 1443 et
1591 1400 1749 1446 extra
1781 1393 2028 1448 mansio-

438 1482 570 1522 nem
598 1481 946 1538 pernoctare.
992 1474 1116 1531 llaec
1147 1486 1330 1531 autem
1362 1479 1429 1534 de
1453 1480 1673 1537 feminis
1714 1482 1857 1539 dicta
1901 1494 2027 1554 puta

444 1558 518 1614 ob
558 1570 773 1618 aetatem
839 1573 1081 1621 teneram
1113 1570 1402 1639 suspectis,
1444 1587 1548 1627 non
1584 1573 1649 1628 de
1680 1575 1764 1640 iis,
1794 1591 2026 1645 quarum

445 1652 590 1707 nulla
625 1667 709 1710 est
737 1656 823 1711 vel
852 1659 924 1714 ob
954 1669 1169 1716 aetatem
1210 1662 1292 1718 vel
1332 1664 1662 1733 probitatem
1717 1668 1986 1737 suspicio.

520 1743 680 1815 192
743 1745 996 1819 Praecipit
1051 1760 1234 1807 autem
1287 1753 1511 1809 concilii
1571 1755 2025 1827 Carthaginiensis

2142 655 2400 725 μάλιστα,
2441 658 2491 709 εί
2528 659 2655 711 νέαν
2683 659 2909 726 ἄγουσιν
2940 661 3149 715 ἐκεῖναι
3177 661 3275 733 τὴν
3318 663 3558 733 ἠλικίαν,
3591 667 3716 735 ἥτις

2137 749 2232 801 καὶ
2258 745 2594 816 ἀφυλάκτοις
2624 750 2926 822 ὀφθαλμοῖς
2970 753 3138 823 παγίς
3168 756 3318 807 ἐστιν
3344 756 3443 827 οὑχ
3472 758 3716 827 ὑπερϐῆ-

2135 850 2223 895 ναι
2249 841 2408 912 ῥᾳδία
2433 857 2447 873 ο
2474 844 2566 897 καὶ
2605 844 2798 907 αὑταῖς
2837 844 3082 908 ταύταις,
3132 847 3270 918 πρὸς
3293 848 3370 917 τῷ
3406 849 3567 917 φύσει
3605 850 3709 902 όλιδ

2136 931 2324 1003 σθηρῷ
2357 931 2450 986 τοῦ
2494 936 2810 999 γυναικείου
2859 928 3233 1007 φρονήματος,
3261 939 3405 1007 μέγα
3437 940 3605 1011 μέρος
3633 944 3717 1004 είς

2134 1022 2332 1076 κακίαν
2358 1023 2453 1076 καὶ
2480 1025 2512 1091 ἡ
2536 1024 2726 1094 νεότης
2760 1025 3152 1095 συμϐάλλεται.
3211 1026 3354 1082 Ἀλλ’
3375 1028 3497 1083 οὐδὲ
3520 1032 3718 1095 vim";

2133 1116 2237 1182 ἔξω
2272 1120 2454 1188 μεῖναι
2496 1121 2594 1190 τῆς
2624 1116 2791 1192 μονῆς
2833 1124 3107 1191 συγχωρεῖ
3136 1121 3197 1175 τὸ
3226 1123 3515 1190 παράπαν.
3546 1125 3614 1178 Οῖ
3649 1142 3714 1193 γε

2134 1212 2243 1280 μὴν
2280 1211 2529 1282 μοναχοὶ,
2570 1213 2761 1283 χρείας
2806 1213 3289 1285 κατεπειγούσης..
3319 1214 3438 1283 μετ’
3460 1216 3714 1285 εὐλογίας

2131 1303 2227 1355 τοῦ
2266 1304 2594 1374 ἡγουμένου,
2642 1306 2738 1359 καὶ
2768 1305 2890 1358 καθ’
2920 1287 3150 1368 ἑαυτοὺς
3186 1307 3437 1375 προϊέναι
3471 1308 3571 1362 οὐκ
3604 1310 3717 1379 εῖρ-

2130 1411 2340 1463 γονται,
2376 1397 2600 1467 προσέτι
2639 1397 2733 1450 καὶ
2769 1400 2872 1468 τῆς
2913 1399 3083 1467 μονῆς
3147 1399 3304 1458 me;
3340 1398 3491 1453 ἔστιν
3513 1393 3573 1453 οὗ
3600 1400 3716 1453 δια-

2131 1486 2517 1559 νυκτερεῦσαι.
2574 1487 2763 1542 Ταῠτα
2813 1489 2871 1543 δὲ
2911 1490 3127 1561 εἴρηται
3159 1490 3289 1560 περὶ
3314 1490 3426 1543 τῶν
3452 1492 3713 1546 ὑπόπτων

2127 1578 2215 1633 διὰ
2263 1581 2365 1651 τὴν
2406 1581 2634 1649 νεότητα
2672 1582 2970 1651 γυναικῶν,
2999 1582 3060 1634 ον’)
3099 1581 3206 1654 μὴν
3245 1582 3581 1637 ἀνυπόπτων
3615 1582 3709 1637 διὰ

2128 1672 2306 1742 γῆρας
2336 1674 2432 1726 καὶ
2458 1674 2687 1743 ἀρετήν.

2212 1764 2275 1817 Ὀ
2296 1760 2354 1817 δὲ
2378 1764 2479 1834 τῆς
2509 1765 2568 1817 ιν
2586 1764 2921 1836 Καρθαγένῃ
2960 1763 3041 1834 μδ⁹
3067 1764 3167 1829 τὰς
3202 1765 3356 1834 ἱερὰς
3379 1766 3712 1835 ἐπισκήπτει

443 1848 623 1890 canon
656 1839 727 1892 Mi
754 1848 940 1896 sacras
968 1843 1208 1914 virgines
1237 1860 1267 1899 a
1298 1848 1615 1916 parentibus
1647 1860 1952 1919 separatas,
1991 1866 2020 1905 a

2130 1855 2457 1924 παρθένους,
2489 1855 2601 1909 τῶν
2648 1856 2901 1926 πατέρων
2945 1856 3349 1926 χωριζομένας,
3399 1857 3491 1928 ὑφ’
3523 1851 3599 1911 ὧν
3650 1859 3711 1911 ιν

443 1927 644 1994 quibus
692 1930 1120 2000 diligentissime
1165 1938 1563 2000 servabantur.
1610 1916 1877 2009 episcopi,
1917 1943 2023 2009 vel,

2130 1916 2800 2018 depalelthempoﬁwoi
2833 1951 2897 2019 τῇ
2935 1916 3041 2001 τοῦ.
3066 1916 3368 2002 ἐπισκόπου
3413 1916 3707 2022 προνοίᾳῆ

444 2017 536 2072 illo
568 2020 816 2085 absente,
836 2024 1140 2095 presbyteri
1162 2028 1501 2095 providentia
1529 2029 2025 2088 venerabilioribus

439 2109 659 2168 feminis
682 2114 1104 2173 cohabitationis
1126 2118 1297 2189 gratia
1322 2121 1716 2185 commendari,
1746 2132 1837 2177 aut
1862 2123 2023 2178 etiam

435 2203 686 2273 iuniores
736 2207 903 2264 simul
970 2209 1221 2266 habitare
1252 2229 1266 2265 :
1299 2211 1435 2268 adeo
1466 2221 1525 2266 ut
1561 2214 1722 2268 simul
1760 2214 2022 2281 viventes,

440 2297 653 2368 seipsas
685 2299 918 2357 invicem
952 2303 1248 2359 observent
1279 2305 1541 2360 continuo
1599 2320 1662 2360 ac
1689 2307 2020 2372 custodiant,

454 2406 634 2460 neque
694 2391 805 2448 huc
860 2394 1105 2465 illucque
1168 2397 1485 2467 devagando
1554 2398 2020 2453 existimationem

440 2495 507 2536 ac
532 2481 876 2538 honestatem
906 2484 1164 2542 Ecclesia:
1193 2487 1413 2543 laedant.
1452 2489 1837 2543 Verumtamen
1873 2491 2019 2559 apud

441 2587 544 2628 nos
557 2573 670 2641 jam
693 2574 934 2630 exolevit
961 2578 1277 2646 promiscua
1306 2579 1549 2634 virorum
1585 2578 2023 2648 feminarumque

432 2664 719 2732 juniorum
783 2668 1091 2739 habitatio,
1131 2671 1383 2740 quamvis
1441 2671 1700 2726 adhuciu
1777 2670 2021 2727 Erclesia

438 2754 638 2814 Latina
675 2770 954 2816 servetur.
1304 2756 1305 2759 “

509 2848 761 2907 Posthaec
816 2867 991 2907 canon
1054 2852 1157 2907 ηδ
1211 2858 1499 2925 episcopo,
1541 2864 1596 2909 et
1640 2853 1860 2924 quidem
1893 2852 2017 2917 50".

439 2954 643 2997 munus
695 2944 985 3011 committit
1036 2946 1275 3015 virgines
1334 2946 1595 3011 vetandi,
1642 2942 1789 3001 haud
1834 2954 2017 3000 tamen

438 3041 569 3090 ante
592 3033 663 3089 εδ
688 3036 868 3091 aetatis
900 3051 1127 3103 annum,
1159 3038 1261 3093 nisi
1289 3038 1428 3093 forte
1454 3046 1643 3106 urgeat
1700 3037 2018 3093 necessitas.

436 3124 776 3195 Abrogatum
808 3136 990 3181 autem
1024 3138 1111 3183 est
1140 3129 1313 3185 isthoc
1341 3130 1488 3185 dicto
1546 3143 1757 3185 canone
1790 3130 1860 3184 40
1888 3141 2013 3184 cono

436 3218 550 3274 cilii
582 3221 720 3275 sexti
749 3259 766 3283 ,
796 3235 907 3291 quo
936 3222 1252 3276 decernitur
1280 3221 1442 3277 etiam
1504 3222 1694 3278 decem
1749 3237 2014 3278 annorum

438 3326 638 3381 pueros
670 3314 991 3383 puellasque
1025 3314 1328 3369 detonderi.

515 3400 866 3459 Anatbemati
928 3415 1111 3461 autem
1172 3407 1360 3475 subdit
1416 3407 1636 3463 concilii
1692 3406 2028 3478 Gangrensis

438 3511 613 3551 canon
650 3496 718 3551 15
774 3498 1037 3553 mulieres
1097 3499 1242 3563 illas,
1292 3515 1415 3570 qua:
1467 3511 1689 3570 propter
1742 3501 2023 3571 pietatem,

438 3603 599 3659 quam
626 3597 838 3659 putant,
865 3605 1075 3645 comam
1102 3592 1346 3655 tondent,
1384 3602 1654 3663 quatenus
1675 3593 2028 3662 subjectionis

438 3682 745 3751 symbolum
781 3682 1129 3749 dissolvent;
1167 3686 1626 3753 quemadmodum
1664 3688 1863 3742 alicubi
1894 3687 2028 3740 dicit

441 3773 738 3844 Apostolus
766 3793 780 3829 :
815 3792 832 3826 ι
886 3774 1165 3830 Mulierem
1191 3786 1404 3845 oportet
1460 3787 1791 3847 potestatem
1825 3778 2027 3833 habere

445 3880 615 3935 super
643 3874 830 3935 caput,
869 3865 1084 3935 signum
1117 3867 1329 3921 scilicet
1365 3867 1722 3937 subiectionis
1753 3882 1868 3924 sua:
1895 3883 2028 3939 erga

445 3956 648 4021 virum,
679 3970 777 4011 seu
807 3956 1010 4012 crines.
1066 3975 1086 4008 ι
1124 3955 1189 4010 Ει
1217 3965 1449 4013 τυγςιιει
1482 3977 1502 4011 ι
1539 3957 1595 4014 Si
1628 3958 1837 4014 mulieri
1868 3968 2027 4029 turpe

445 4047 517 4105 sit
546 4048 758 4103 tonderi
789 4046 872 4103 vel
906 4049 1047 4114 radi,
1082 4048 1311 4105 veletur.
1350 4068 1369 4102 ι
1406 4049 1473 4105 Ει
1506 4067 1519 4104 :
1554 4071 1573 4103 ι
1613 4050 1826 4118 Mulier,
1853 4054 1899 4107 si
1927 4066 2023 4107 co-

445 4156 592 4196 mam
621 4141 750 4206 alat,
780 4139 947 4211 gloria
972 4138 1079 4211 ipsi
1141 4150 1225 4198 est
1249 4157 1437 4207 ;-c0ma
1496 4145 1641 4198 enim
1670 4144 1718 4198 ei
1753 4145 1878 4198 data
1938 4153 2025 4201 est

444 4246 546 4304 pro
578 4232 872 4290 velamine.
914 4252 933 4286 ι
971 4232 1084 4289 lmo
1145 4243 1342 4289 natura
1400 4233 1535 4290 adeo
1602 4235 1754 4291 novit
1810 4250 2022 4291 comam

442 4325 766 4382 mulieribus
799 4326 1129 4398 peculiarius
1153 4337 1481 4397 competere,
1515 4338 1575 4383 ut
1626 4335 1913 4399 nunquam“
1943 4330 2027 4386 eis

443 4418 724 4476 calvitium
753 4417 910 4475 ferat.
949 4419 1132 4475 Nihilo
1162 4428 1344 4475 tamen
1407 4421 1588 4476 secius
1646 4420 1844 4476 mulier
1902 4437 2025 4491 quae

443 4510 611 4565 vitam
650 4493 1009 4565 monasticam
1069 4509 1256 4581 elegit,
1317 4510 1485 4567 etiam
1546 4512 1762 4568 nolente
1795 4514 2017 4578 marito,

445 4601 777 4659 tondebitur.

729 4715 807 4772 De
835 4715 1102 4773 monachis
1129 4733 1192 4772 ac
1222 4717 1533 4772 monialibus
1567 4717 1753 4786 lapsis.

518 4882 709 4939 Canon
776 4880 1113 4949 Gangrensls
1176 4879 1395 4935 concilii
1461 4892 1690 4936 numero
1738 4881 1805 4937 l9
1868 4881 2023 4937 viros

451 4973 817 5043 feminasque,
878 4975 968 5040 qui
1027 4969 1388 5041 virginitatem
1453 4970 1712 5042 professi,
1769 4972 2025 5041 quamvis

450 5063 590 5121 stola
623 5061 760 5117 laica
801 5060 982 5117 adhuc
1009 5060 1183 5115 induti
1217 5059 1439 5125 fuerint,
1473 5063 1671 5117 nedum
1732 5063 1875 5117 inter
1940 5063 2026 5118 in-

450 5155 632 5211 clusos
658 5153 834 5217 relati,
868 5161 964 5208 aut
986 5152 1173 5207 habitu
1198 5148 1504 5211 monastico
1531 5154 1735 5219 amicti,
1758 5154 1803 5209 si
1840 5164 2022 5210 votum

450 5262 613 5304 suum
642 5245 850 5301 irritum
867 5244 1115 5311 fecerint,
1140 5254 1194 5301 et
1223 5244 1288 5299 ad
1320 5246 1538 5316 nuptias
1569 5247 1839 5316 legitimas
1861 5247 2027 5303 defle-

453 5340 660 5405 xerint,
696 5339 1037 5410 digamorum
1075 5336 1407 5404 definitioni,
1435 5328 1561 5394 sive
1601 5354 1774 5408 poenae
1830 5339 2024 5411 subjici

452 5431 716 5489 decernit.

525 5523 752 5595 Magnus
777 5520 939 5579 etiam
969 5524 1204 5581 Basilius
1263 5539 1473 5579 canone
1530 5536 1721 5589 sexto,
1780 5525 2025 5582 Canoni-

452 5632 668 5684 corum,
709 5617 807 5684 ait,
867 5617 1280 5682 fornicationes,
1339 5628 1535 5687 nempe
1591 5617 1913 5673 clericorum
1970 5629 2026 5675 et

454 5711 845 5766 monachorum
872 5718 928 5764 et
957 5725 1146 5764 earum
1175 5722 1298 5780 quae
1321 5723 1387 5765 ex
1416 5708 1666 5796 femineo.
1684 5725 1818 5766 sexu
1865 5723 2025 5766 exer-

452 5800 695 5856 citationi
725 5817 786 5858 se
809 5801 1032 5866 dedunt,
1060 5816 1156 5868 pro
1217 5801 1565 5856 matrimonio
1605 5803 1829 5858 minime
1864 5818 2026 5872 repu-

458 5896 559 5952 tari
589 5906 820 5968 oportet.
850 5894 969 5952 Non
1000 5896 1145 5954 enim
1181 5897 1233 5954 id
1269 5898 1410 5968 apud
1433 5914 1531 5957 nos
1559 5898 1846 5969 obtinebit,
1877 5901 2022 5971 quod

2130 2039 2225 2093 τοῦ
2250 2038 2653 2110 πρεσϐυτέρου,
2687 2038 2975 2111 ἀποδήμου
3005 2039 3162 2104 ὄντος
3201 2040 3436 2109 ἐκείνου,
3470 2043 3592 2101 ταῖς
3632 2058 3713 2094 τι·

2132 2129 2434 2201 μιωτέραις
2496 2130 2716 2200 γυναιξὶ
2771 2131 3171 2202 παρατίθεσθαι
3228 2134 3312 2195 είς
3366 2131 3706 2202 συνοίκησιν,

2130 2222 2162 2293 ἢ
2194 2223 2373 2285 πάσας
2403 2221 2500 2284 τὰς
2528 2223 2804 2293 νεωτέρας
2833 2222 2967 2291 ὁμοῦ
3002 2226 3270 2276 συνοικεῖν
3298 2239 3313 2254 ’
3350 2223 3437 2278 ἵνα
3465 2223 3710 2288 συζῶσαι

2125 2313 2393 2379 διηνεκῶς
2416 2314 2591 2383 ἔχοιεν
2618 2313 2853 2384 ἀλλήλας
2881 2315 3015 2385 όρᾷν
3055 2314 3150 2367 καὶ
3173 2314 3475 2383 διατηρεῖν,
3500 2315 3594 2366 καὶ
3628 2313 3706 2384 μὴ
3748 2324 3763 2335 ‘

2123 2404 2254 2475 τῇδε
2315 2405 2539 2456 κάκεῖσε
2597 2403 2913 2473 περιιοῦσαι
2958 2404 3058 2473 τὴν
3107 2403 3380 2474 ὑπόληψιν
3416 2403 3707 2473 βλάπτοιεν

2124 2495 2223 2547 καὶ
2253 2492 2553 2562 εὐκοσμίαν
2585 2488 3056 2564 τῆςἘκκλησίας.
3092 2495 3236 2548 Ἀλλ’
3285 2496 3318 2564 η
3363 2493 3474 2546 τῶν
3508 2492 3707 2546 νεωτὲ-

2127 2602 2238 2658 ρων
2269 2586 2482 2657 ἀνδρῶν
2522 2604 2583 2640 τε
2619 2589 2714 2641 καὶ
2743 2586 3025 2655 γυναικῶν
3060 2588 3146 2657 ἐφ’
3170 2587 3251 2640 ἑνὶ
3279 2587 3593 2652 συνοίκησις
3620 2584 3703 2637 οῖιι

2125 2694 2227 2749 κῳ,
2279 2676 2411 2748 παρ’
2436 2680 2570 2750 ἡμῖν
2605 2679 2704 2750 μὲν
2733 2679 2793 2732 ἐν
2819 2677 2896 2750 τῷ
2923 2680 3057 2743 τέως
3101 2679 3378 2750 ἠμέληται
3406 2718 3420 2745 ,
3457 2676 3608 2747 παρὰ
3644 2675 3705 2729 δὲ

2123 2773 2236 2834 τοῖς
2268 2770 2519 2832 Λατίνοις
2549 2773 2717 2823 είσέτι
2742 2771 3094 2841 φυλάττεται.

2203 2860 2262 2915 ’0
2293 2859 2349 2913 δὲ
2386 2864 2512 2930 ρκς’
2541 2861 2619 2931 τῷ
2642 2863 2930 2933 ὲπισκόπῳ
2958 2862 3051 2916 καὶ
3077 2860 3223 2933 μόνῳ
3270 2862 3370 2925 τὰς
3402 2861 3569 2931 κόρας
3599 2877 3702 2930 με-

2121 2952 2557 3023 τασχηματίζειν
2604 2952 2919 3023 ἀνατίθησι,
2979 2950 3119 3024 πλὴν
3171 2952 3248 3023 μὴ
3305 2952 3412 3021 πρὸ
3453 2951 3563 3005 τῶν
3618 2964 3701 3005 κε⁹

2121 3045 2280 3111 ἑτῶν,
2337 3048 2385 3099 εἰ
2442 3045 2627 3117 μήπου
2679 3044 2749 3099 δι’
2790 3046 3064 3113 ἀνάγκην.
3109 3043 3283 3098 Τοῦτο
3326 3044 3382 3097 δὲ
3428 3042 3700 3113 ἀνῄρηται

2122 3138 2274 3208 παρὰ
2327 3135 2424 3189 τοῦ
2474 3136 2768 3206 εἰρημένου
2827 3132 2883 3207 μ’
2939 3136 3168 3209 κανόνος
3214 3136 3314 3204 τῆς
3366 3131 3420 3196 ς’
3452 3132 3696 3196 συνόδου,

2123 3229 2401 3291 δικαετεῖς
2460 3226 2834 3299 διοριζομένου
2880 3226 3269 3298 ἀποκείρεσθαι
3327 3226 3421 3278 καὶ
3461 3224 3697 3294 ἄρρενας

2131 3321 2229 3374 καὶ
2256 3320 2500 3389 θηλείας.

2216 3411 2276 3465 '0
2314 3411 2371 3464 δὲ
2407 3410 2467 3464 ιε’
2496 3412 2597 3482 τῆς
2626 3413 2685 3464 ὲν
2718 3411 2946 3482 Γάγγρᾳ
2975 3407 3193 3462 συνόδου
3235 3407 3334 3470 τὰς
3361 3406 3447 3460 διὰ
3484 3406 3707 3474 νομιζο-

2133 3504 2300 3572 μένην
2323 3503 2631 3557 θεοσέὸειαν
2660 3501 3101 3571 ἁποκειραμένας
3134 3498 3244 3551 τῶν
3269 3498 3542 3566 γυναικῶν
3573 3498 3704 3549 ὑπο-

2132 3594 2317 3648 σὰλλει
2348 3595 2426 3665 τῷ
2448 3595 2775 3664 ἀναθέματι,
2799 3595 2916 3648 ἀνθ’
2947 3587 3022 3649 ὧν
3047 3591 3387 3661 παραλύουσι
3412 3591 3481 3641 τδ
3497 3589 3699 3657 σὺμϐο·

2127 3685 2221 3737 λον
2247 3684 2345 3753 τῆς
2375 3687 2653 3755 ὑποταγῆς
2678 3700 2694 3716 ·
2736 3684 2813 3747 ὣς
2852 3684 2954 3737 ποὺ
2982 3700 3146 3753 φησιν
3179 3683 3208 3734 ό
3250 3682 3589 3743 Ἀπόστυλος,
3617 3681 3700 3731 ὅτι

2139 3777 2408 3845 (Ὀφείλει
2440 3779 2473 3848 η
2495 3777 2633 3846 γυνὴ
2656 3776 2905 3843 ἐξουσίαν
2935 3775 3079 3844 ἔχειν
3104 3774 3193 3826 ἐπὶ
3218 3774 3319 3839 τῆς
3349 3771 3619 3840 κεφαλῆς,
3640 3770 3703 3823 τὸ

2130 3870 2360 3939 σημεῖον
2385 3868 2585 3939 δηλαδὴ
2623 3870 2722 3938 τῆς
2754 3868 2891 3938 πρὸς
2921 3866 3012 3920 τὸν
3040 3865 3209 3934 ἄνδρα
3242 3863 3547 3931 ὑποταγῆς,
3583 3863 3704 3933 ἦτοι
3766 3926 3781 3937 ,

2126 3959 2229 4024 τὰς
2255 3960 2505 4030 τρίχαςοι
2530 3961 2628 4014 καὶ
2651 3959 2860 4023 αὗθις-ι
2890 3959 2955 4012 Ei
2986 3958 3215 4027 αἰσχρὸν
3244 3956 3467 4023 γυναικὶ
3497 3955 3558 4007 τὸ
3588 3953 3701 4005 κεί-ι
3772 4016 3783 4033 ἱ

2129 4053 2381 4123 ρασθαιῆ
2412 4053 2701 4123 ξυρᾶσθαι,
2740 4049 3097 4104 καλυπτέσθω
3121 4066 3136 4081 ο
3176 4067 3194 4100 ι
3227 4051 3323 4101 καί
3349 4065 3362 4077 ·
3389 4066 3407 4098 ι
3442 4045 3584 4117 Γυνὴ
3606 4044 3703 4096 ἐὰν

2127 4146 2297 4216 κομᾷ,
2342 4145 2470 4211 δόξα
2521 4146 2660 4213 αὐτῇ
2699 4145 2871 4206 εστιν,
2909 4140 2992 4194 ὅτι
3038 4141 3072 4211 ἡ
3128 4139 3270 4209 κόμη
3327 4139 3445 4191 ἀντὶ
3482 4137 3705 4207 περισο-

2126 4236 2280 4289 λαίου
2344 4234 2553 4287 δέδοται
2585 4234 2749 4303 αὐτῇ.
2781 4250 2800 4284 r
2857 4231 2970 4284 Καὶ
3010 4232 3043 4300 ή
3106 4220 3269 4298 φύσις
3318 4228 3444 4298 ’γὰρ
3500 4228 3703 4280 οἰκεῖον

2125 4328 2302 4382 εἰδυῖα
2349 4325 2448 4395 τὴν
2499 4325 2679 4396 κόμην
2738 4326 2861 4386 ταῖς
2908 4321 3181 4391 γυναιξὶν,
3236 4321 3358 4374 οὐδὲ
3410 4320 3707 4388 φαλάκριιμ

2130 4439 2208 4492 μα
2261 4408 2488 4482 ταύταις
2538 4418 2851 4488 ἐργάζεται.
2899 4415 2961 4469 Ἡ
3014 4418 3196 4486 μέντοι
3249 4412 3545 4485 μοναδικὴν
3587 4411 3705 4464 ἑλο-

2128 4514 2265 4584 μένη
2309 4511 2610 4576 πολιτείαν,
2672 4511 2767 4562 καὶ
2812 4508 3039 4571 ἄκοντος
3080 4506 3177 4560 τοῦ
3232 4505 3451 4576 ἀνδρὸς,
3492 4506 3702 4558 ἀποκα-

2055 4607 2105 4664 D
2136 4608 2387 4679 ρήσεται.

2239 4719 2383 4789 Περὶ
2431 4717 2720 4788 μοναχῶν
2764 4716 3033 4787 ἁρῤἐνων
3074 4715 3174 4770 καὶ
3218 4714 3477 4781 θηλειῶν
3502 4713 3600 4765 ἐκ·

2733 4788 3096 4841 πιπτόντων.

2212 4885 2274 4938 '0
2299 4884 2358 4938 δὲ
2387 4882 2454 4936 ιθ¹
2479 4880 2580 4950 τῆς
2605 4881 2663 4933 ἐν
2700 4880 2946 4950 Ἀγκὺρα
2979 4879 3199 4932 συνόδου
3230 4877 3359 4940 τοὺς
3406 4874 3706 4945 παρθενίαν

2133 4975 2639 5045 ἐπαγγειλαμένους
2692 4974 2891 5044 ἄνδρας
2923 4990 2983 5025 τε
3040 4973 3133 5025 καὶ
3178 4972 3462 5041 γυναῖκας,
3508 4968 3703 5041 λαῖκὴν

2133 5069 2456 5140 ἀμπεχόνην
2499 5068 2580 5122 (tt.
2616 5067 3054 5136 περικειμένους,
3087 5064 3162 5135 μὴ
3201 5065 3388 5133 μέντοι
3429 5063 3707 5128 ἀποταξα-

2137 5164 2334 5233 μένους
2369 5162 2464 5215 καὶ
2501 5161 2793 5231 μοναχικὸν
2827 5158 3285 5230 ἐπανῃρημένους
3327 5154 3552 5226 ἔνδυμα,
3579 5156 3707 5210 τού-

2132 5271 2283 5319 τους,
2321 5252 2424 5324 τὴν
2457 5251 2796 5320 ἐπαγγελίαν
2833 5248 3195 5319 ⁴Ιιθιετηκότας,
3227 5250 3322 5300 καὶ
3358 5248 3494 5319 πρὸς
3525 5247 3704 5319 γάμον

2132 5346 2488 5409 ὲκκλίναντας
2518 5345 2777 5414 νόμιμον,
2809 5341 2886 5411 τῷ
2909 5341 3019 5394 τῶν
3042 5341 3292 5409 διγάμων
3320 5342 3431 5411 ὅρῳ
3458 5342 3552 5393 καὶ
3585 5342 3706 5393 ἐπι-

2130 5437 2299 5507 τιμίῳ
2317 5434 2718 5489 ὑποὸἀλλεσθαι
2739 5431 3054 5502 διορίζεται.

2216 5529 2276 5582 '0
2301 5529 2359 5581 δὲ
2395 5529 2573 5598 μέγας
2600 5524 2903 5590 Βασίλειος,
2927 5525 2983 5577 ὲν
3013 5522 3093 5593 τῷ
3122 5520 3180 5605 ς’
3210 5521 3418 5586 κανόνι,
3452 5520 3563 5584 Τὰς
3594 5520 3704 5572 τῶν

2133 5620 2442 5675 κανονικῶν
2495 5618 2776 5688 πορνείας,
2828 5616 2984 5687 φησι,
3026 5613 3307 5684 κληρικῶν
3350 5613 3553 5683 δηλαδὴ
3607 5613 3705 5667 καὶ

2135 5713 2409 5783 μοναχῶν,
2441 5712 2536 5765 καὶ
2578 5710 2688 5764 τῶν
2740 5709 3099 5777 ἀσκουμένων
3143 5705 3238 5760 τοῦ
3269 5705 3461 5774 θήλεος
3488 5706 3701 5773 γένους,

2132 5809 2210 5868 εἰς
2244 5805 2422 5875 γάμον
2454 5804 2515 5858 οὑ
2550 5804 2659 5874 χρὴ
2687 5800 3163 5870 καταλογίζεσθαι.
3197 5797 3275 5853 Οὐ
3304 5795 3414 5867 γὰρ
3440 5795 3583 5850 κατὰ
3613 5796 3706 5848 τὸν

2130 5903 2357 5975 λέγοντα
2414 5902 2689 5956 πολιτικὸν
2719 5900 2831 5960 ,καὶ
2864 5900 2946 5970 ἐφ’
2970 5900 3102 5969 ἡμῖν
3137 5897 3286 5951 ἔσται
3329 5894 3515 5965 νόμον,
3557 5894 3637 5947 ότι
3673 5899 3699 5947 ὁ
