4054 6438
361 391 428 454 53
1325 394 1737 458 SYNTAGMA
1772 395 1942 457 ALP]

2047 390 2399 464 BETICUM.
2437 422 2509 433 —
2548 386 2627 445 Μ·
3563 396 3635 463 54

360 503 489 577 πρὸς
511 502 802 576 ἐλευθέραν
840 504 1122 575 εἰσελθὼν,
1149 506 1225 579 μὴ
1255 510 1638 581 ποιησαμένην
1669 511 1841 581 πόρον
1863 510 1927 564 ἐκ

2047 513 2088 563 in
2123 507 2245 575 jure
2272 508 2422 589 civili
2454 498 2724 564 habetur:
2765 506 2866 575 Qui
2903 506 2968 562 ad
3006 507 3233 565 liberam
3296 508 3631 581 ingreditur,

358 598 446 652 τοῦ
475 596 603 651 ίδίου
634 597 913 670 σώματος,
936 599 998 653 ού
1020 599 1328 671 παλλακὴν,
1351 601 1489 655 ἀλλὰ
1505 602 1760 673 γαμετὴν
1784 602 1930 673 ἔχειν

359 689 519 745 δοκεῖ.
557 689 721 744 ’Δλλά
750 692 917 746 παντὶ
939 692 1127 765 τρόπῳ
1157 692 1396 766 διασπᾷν
1429 694 1613 749 αὐτῶν
1642 694 1740 765 τὴν
1774 694 1934 749 συνά-

361 798 543 851 φειαν,
590 783 642 837 εί
692 783 790 838 καὶ
839 784 1126 856 αἱροῦνται
1187 786 1292 854 τῆς
1355 789 1549 857 ἡδονῆς
1607 789 1930 854 ἀπολαύειν,

358 874 539 945 ἐπειδὴ
586 892 649 944 γε
689 876 796 947 τῆς
822 879 992 949 τιμῆς
1021 880 1440 936 ἐκπεπτώκασι.
1479 883 1652 936 Τοῦτο
1701 883 1810 953 γὰρ
1839 886 1934 938 καὶ

356 970 419 1038 τῇ
458 967 757 1041 Ἐκκλησία
792 971 1097 1041 λυσιτελὲς,
1146 975 1615 1046 ἀνακοπτομένων
1675 978 1771 1031 καὶ
1824 978 1932 1031 τῶν

355 1052 552 1116 λοιπῶν
610 1062 686 1135 μὴ
723 1064 951 1120 τοιαῦτα
1020 1066 1251 1141 τολμᾷν,
1282 1069 1412 1123 -καὶ
1460 1072 1574 1133 τοῖς
1627 1072 1933 1141 αἱρετικοῖς

357 1154 474 1210 καθ’
500 1156 659 1227 ἡμῶν
687 1159 749 1211 ού
775 1158 936 1213 δώσει
979 1160 1176 1233 λαϐὴν,
1229 1162 1306 1227 ὡς
1351 1163 1440 1218 διὰ
1479 1166 1581 1235 τὴν
1628 1165 1724 1220 τοῦ
1752 1166 1934 1238 ἁμαρ-

357 1247 534 1301 τάνειν
592 1248 775 1305 ἄδειαν
830 1253 1236 1324 ἐπισπωμένων
1301 1257 1442 1326 πρὸς
1508 1258 1743 1322 ἑαυτοὺς
1802 1259 1932 1323 τοὺς

302 1412 308 1416 η
356 1339 410 1405 ἐξ
470 1338 662 1411 ἐτέρας
715 1340 1041 1414 θρησκείας,
1100 1347 1369 1415 ἐφιέντων
1421 1348 1613 1413 αὐτοῖς
1668 1351 1933 1422 ἐμμένειν

312 1430 315 1431 ⁷
355 1435 415 1504 τῇ
470 1434 736 1506 ἁμαρτίᾳ,
798 1436 894 1490 καὶ
948 1439 1077 1502 τοὺς
1124 1438 1403 1511 ἀθέσμους
1442 1443 1658 1514 γάμους
1705 1444 1781 1517 μὴ
1823 1462 1934 1500 κω·

356 1525 612 1582 λυόντων.

430 1615 524 1671 Ἐν
566 1616 625 1671 δέ
674 1615 752 1689 τῷ
797 1624 887 1690 ιη’,
933 1620 997 1673 Ei
1050 1621 1144 1675 καὶ
1183 1621 1232 1674 oi
1263 1622 1323 1675 ἐν
1364 1624 1615 1697 Ἀγκύρᾳ
1657 1627 1929 1700 Πατέρες,

353 1708 504 1779 φησὶ,
550 1706 650 1770 τὰς
697 1710 1125 1773 ἐκπεπτωκυίας
1180 1710 1320 1781 μετά
1378 1713 1440 1766 τὸ
1497 1714 1931 1783 ἐπαγγείλασθαι

351 1797 717 1867 παρθενεύειν,
751 1801 890 1855 κατά
915 1801 1043 1865 τοὺς
1063 1800 1719 1875 διγάμουίέπιτιμεισθαι
1742 1807 1932 1880 κεκρί-

2037 618 2158 671 quae
2186 603 2439 673 corporis
2464 602 2549 657 sui
2580 609 2853 673 quaestum
2897 617 3005 657 non
3043 602 3188 665 fecit,
3222 602 3367 658 haud
3419 619 3632 659 concu-

2034 695 2219 750 binam
2278 696 2406 759 iste,
2442 695 2536 750 sed
2601 709 2828 749 uxorem
2863 682 3067 751 habere
3124 695 3361 750 videtur.
3424 695 3633 751 Verum

2034 787 2353 843 omnimodo
2378 790 2562 857 potius
2592 786 2852 842 dirimere
2884 788 3128 857 ipsorum
3159 788 3631 857 conjunctionem,

2035 877 2254 932 etiamsi
2305 878 2474 932 velint
2504 879 2780 948 voluptate
2804 879 2907 933 ista
2937 877 3064 940 frui,
3119 880 3377 948 quoniam
3428 879 3628 934 honori

2035 985 2139 1025 suo
2169 970 2519 1025 exciderunt.
2561 968 2676 1024 Hoc
2724 971 2871 1025 enim
2931 969 3191 1027 Ecclesiae
3258 971 3389 1027 utile
3443 969 3633 1036 fuerit,

2038 1063 2169 1117 dum
2203 1062 2388 1117 cateri
2418 1076 2487 1116 ne
2544 1061 2673 1116 talia
2716 1062 2982 1127 audeant,
3039 1063 3146 1117 hoc
3193 1071 3357 1134 pacto
3418 1062 3635 1117 inhibe-

2035 1163 2218 1216 antur,
2250 1168 2429 1224 neque
2473 1153 2693 1208 dabitur
2716 1154 2994 1210 haereticis
3022 1156 3315 1209 adversum
3346 1170 3444 1210 nos
3475 1169 3632 1216 ansa,

2033 1248 2191 1317 quasi
2223 1262 2321 1318 per
2350 1247 2630 1303 licentiam
2663 1248 2923 1318 peccandi
2952 1248 3181 1304 alterius
3237 1260 3403 1305 sectae
3453 1249 3634 1303 homi-

2032 1356 2133 1397 nes
2176 1341 2243 1396 ad
2278 1350 2495 1396 nosmet
2546 1340 2918 1404 traheremus,
2985 1342 3352 1411 permittendo
3406 1341 3634 1412 quidem

2033 1434 2185 1507 ipsos
2225 1436 2277 1490 in
2308 1435 2529 1491 delictis
2572 1424 2950 1507 perseverare,
2987 1446 3041 1491 et
3072 1434 3346 1507 legitimas
3412 1436 3635 1507 nuptias

2032 1529 2263 1583 minime
2297 1529 2667 1598 prohibendo.

2115 1619 2341 1690 Insuper
2400 1620 2455 1674 in
2505 1634 2716 1676 canone
2775 1619 2866 1685 18',
2944 1619 3206 1687 Quamvis
3260 1617 3474 1684 Patres,
3537 1618 3634 1683 ait,

2030 1712 2306 1783 Ancyrani
2328 1711 2572 1781 virgines
2619 1722 2744 1784 post
2774 1723 2962 1769 votum
2996 1712 3268 1769 castitatis
3297 1713 3478 1776 lapsas
3510 1726 3634 1767 cum

2031 1803 2444 1874 digamisjuxta
2502 1802 2810 1874 puniendos
2849 1802 3230 1870 decreverint;
3263 1804 3393 1874 quia
3450 1810 3634 1857 tamen

351 1904 528 1954 κασιν,
560 1890 675 1943 ἀλλ’
713 1891 838 1945 ἐπεί
891 1891 976 1945 τοί
1023 1908 1088 1961 γε
1142 1894 1213 1948 τὰ
1259 1896 1359 1965 τῆς
1400 1896 1760 1970 Ἑκκλησίας,
1791 1876 1928 1956 Θεοῦ

2047 1897 2132 1951 Dei
2168 1896 2346 1967 gratia
2368 1896 2479 1961 iam
2537 1895 2711 1951 crevit
2744 1894 3015 1961 Ecclesia,
3070 1895 3232 1950 hasce
3260 1896 3637 1950 adulterarum

351 1982 550 2067 χάριτι,
582 1982 926 2048 ἐπιδέδωκεν,
973 1978 1060 2038 οἶα
1111 1988 1429 2058 μοιχαλίὸας
1468 1987 1682 2044 δίκαιον
1727 1993 1932 2059 ταύτας

348 2074 695 2141 κολάζεσθαι,
729 2078 794 2130 ἐκ
823 2076 1101 2148 διαφόρων
1128 2080 1581 2150 ἐπιχειρημάτων
1608 2081 1702 2138 τὸν
1730 2085 1933 2139 οἰκεῖον

349 2167 773 2227 κατασκευάζων
800 2168 978 2238 λόγον.
1019 2170 1266 2235 Ἐκείνας
1300 2171 1358 2225 δέ
1383 2189 1585 2244 φαμεν,
1619 2175 1702 2241 αἳ,
1734 2176 1827 2230 τὸν
1857 2193 1932 2242 ιςσ

347 2259 380 2330 ἢ
410 2259 477 2324 ιζ’
505 2261 695 2332 χρόνον
716 2262 1067 2333 ἀμείῦουσαι,
1096 2263 1197 2335 τὴν
1225 2265 1470 2336 ἀγαμίαν
1496 2267 1764 2334 ἑκουσίως
1787 2271 1935 2342 ὠμο-

347 2349 634 2423 λογήκασι,
666 2353 839 2408 πολλὰ
899 2352 1116 2424 χαίρειν
1177 2358 1436 2414 εἰποῦσαι
1497 2359 1577 2431 τῷ
1623 2361 1824 2434 γάμῳ·
1870 2363 1934 2417 οὐ

352 2447 453 2518 μὴν
484 2448 554 2511 ἃς
576 2450 948 2519 προσάγουσιν
979 2450 1030 2503 οἱ
1059 2453 1260 2518 γονεῖς,
1296 2450 1330 2523 ἢ
1357 2453 1450 2507 καὶ
1477 2453 1527 2508 οί
1551 2453 1726 2520 ἄλλως
1759 2473 1935 2529 προσ⁴

349 2539 599 2611 ήκοντες,
653 2542 909 2613 βιωτικόν
941 2558 997 2597 τι
1046 2544 1301 2599 ἐντεῦθεν
1348 2547 1539 2618 σφίσιν
1580 2549 1766 2614 αὐτοῖς
1799 2549 1934 2604 διοι-

350 2631 632 2703 κούμενοι,
664 2634 738 2704 μὴ
772 2636 1138 2705 εὐποροῦντες
1190 2638 1354 2710 τυχὸν
1396 2640 1499 2711 τὴν
1540 2639 1688 2714 ύπέρ
1752 2641 1937 2698 αὐτῶν

350 2726 607 2780 ἁποτίσαι
641 2729 862 2798 προῖκα.
926 2728 1146 2795 Ταύτας
1199 2731 1264 2802 δὴ
1310 2730 1414 2794 τὰς
1466 2730 1544 2804 μὴ
1591 2733 1935 2805 ὁρμηθείσας

350 2816 584 2884 οἴκοθεν,
624 2820 685 2872 ού
714 2819 796 2874 δεῖ
824 2820 1020 2892 ῥᾳδίως
1055 2822 1476 2894 προσδέχεσθαι,
1507 2824 1615 2889 ἕως
1661 2824 1728 2879 ἂν
1758 2843 1938 2896 φανε-

352 2909 457 2978 ρῶς
483 2908 587 2980 τὴν
612 2910 746 2965 ίδίαν
767 2912 948 2967 αὐτῶν
977 2915 1358 2988 ἐρευνήσωμεν
1389 2917 1637 2988 γνώμην.
1673 2917 1815 2973 Ἀλλ’
1844 2919 1939 2975 ἐπὶ

350 3005 452 3059 τῶν
486 3006 837 3077 μοναξουσῶν
883 3011 978 3064 καὶ
1025 3012 1385 3082 ἀσκουμένων
1438 3012 1602 3068 τοῦτο
1637 3013 1737 3069 οὐκ
1775 3014 1939 3071 είωθε

352 3100 602 3169 γίνεσθαι
626 3117 641 3133 ο
672 3101 775 3156 κᾶν
797 3103 905 3173 γὰρ
934 3104 992 3156 ἐν
1013 3104 1200 3175 ἥττονι
1221 3108 1320 3175 τῆς
1345 3107 1662 3180 ὁρισθείσης
1688 3108 1767 3179 τῷ
1794 3108 1939 3182 ἁγίῳ

356 3195 449 3289 καλ,
478 3193 666 3289 ἁπαλῇ
704 3194 844 3289 πάνυ
873 3197 939 3267 τῇ
972 3196 1289 3289 ήλιικίᾳξτὴν
1319 3198 1595 3289 κοσμικὴν
1616 3200 1938 3289 ἀπόθωνται
1965 3228 2009 3289 c

350 3285 533 3355 τρίχα,
564 3283 755 3357 βεϐαία
782 3283 936 3339 ἔσται
965 3285 1081 3341 καὶ
1130 3286 1212 3350 είς
1244 3287 1305 3340 τὺ
1336 3286 1466 3355 ἐξῆς
1497 3286 1681 3342 αὐτῶν
1720 3289 1754 3360 ἡ
1803 3290 1937 3360 ὁμου

350 3375 526 3447 λογία.

429 3566 522 3621 Ἐν
557 3564 615 3620 δὲ
646 3565 724 3636 τῷ
766 3563 854 3627 ιθ’.
893 3566 1138 3638 ’Δνδρῶν
1174 3568 1254 3635 δὲ,
1278 3571 1464 3640 φησὶν,
1504 3568 1798 3638 ὁμολογίαν
1837 3569 1939 3623 οὐκ

351 3658 619 3731 ἔγνωμεν,
652 3660 792 3733 πλὴν
820 3660 870 3713 εί
907 3661 980 3732 μή
1005 3678 1156 3726 τινες
1187 3663 1417 3725 ἑαυτοὺς
1449 3662 1539 3734 τῷ-
1559 3663 1799 3733 τάγματι
1828 3662 1940 3718 τῶν

355 3752 1257 3826 μοναζόντων-ὲγκατηρίθμησαν,
1289 3755 1489 3818 οἵτινες
1537 3757 1683 3810 κατὰ
1717 3755 1779 3808 τὸ
1810 3772 1941 3809 σιω-

354 3847 608 3919 σπώμενον
640 3847 857 3901 δοκοῦσι
890 3849 987 3917 τὴν
1020 3848 1267 3919 ἀγαμίαν
1295 3848 1727 3919 παραδέχεσθαι.
1777 3848 1940 3904 Ἀλλὰ

354 3942 446 4000 καὶ
487 3939 716 4004 τούτους
747 3942 1062 4012 ἐρωτᾶσθαι
1094 3942 1369 4013 προσῆκε,
1400 3942 1497 3995 καὶ⁷
1538 3942 1792 4014 φανερῶς
1840 3942 1946 4014 τὴν

353 4032 602 4103 ἀγαμίαν
628 4032 932 4101 ὁμολογεῖν,
966 4032 1076 4099 ἵνα,
1119 4034 1215 4088 ἐὰν
1260 4032 1577 4104 ψεύσωνται
1608 4032 1707 4104 τὴν
1731 4033 1943 4105 ὁμολο-

352 4123 504 4194 γίαν,
538 4124 611 4188 ὡς
644 4125 1001 4195 πορνεύοντες
1031 4125 1456 4197 ἐπιτιμηθῶσιν.
1489 4126 1653 4180 Ἀλλά
1682 4143 1748 4197 γε
1780 4129 1874 4181 καὶ
1891 4127 1943 4182 ei

357 4215 430 4287 μὴ
456 4215 788 4287 ποιήσαντες
819 4218 1043 4290 μοναχοὶ
1079 4217 1340 4291 τοιαύτην
1364 4219 1688 4290 ὁμολογίαν,
1745 4224 1943 4293 ρακεν-

353 4306 514 4363 δύται
542 4311 701 4379 μόνον
723 4311 1027 4379 γεγονότες,
1061 4311 1554 4384 μεταμφιάσασθαι
1616 4315 1712 4368 καὶ
1741 4317 1822 4380 είς
1843 4315 1943 4385 γά-

359 4418 458 4473 μον
494 4401 669 4456 ὲλθεῖν
702 4405 762 4457 ού
791 4403 1072 4459 δύνανται.

440 4496 534 4550 Ἑν
577 4496 633 4549 δὲ
674 4497 754 4570 τῷ
816 4497 858 4562 ξ’
892 4496 990 4569 τὴν
1033 4498 1337 4569 παρθενίαν
1372 4500 1813 4572 ὁμολογήσασαν.
1845 4503 1942 4557 καὶ

2036 1989 2221 2060 poenis
2281 1988 2483 2058 subjici
2516 2003 2739 2058 aequum
2821 1987 3010 2058 ibique
3066 1988 3233 2043 variis
3289 1987 3630 2057 argumentis

2038 2085 2179 2141 hanc
2216 2084 2546 2140 sententiam
2576 2099 2731 2140 suam
2762 2084 3071 2140 conﬁrmat.
3098 2084 3202 2139 Eas
3233 2092 3415 2140 autem
3472 2085 3640 2140 intel-

2037 2173 2280 2245 ligimus,
2330 2190 2454 2246 qua:
2488 2190 2612 2230 cum
2641 2175 2914 2230 decimum
2948 2185 3163 2229 sextum
3210 2186 3305 2230 aut
3339 2174 3634 2246 septimum

2036 2265 2216 2322 aetatis
2275 2281 2483 2321 annum
2543 2275 2950 2337 transegerunt.
3002 2267 3354 2323 matrimonio
3408 2281 3637 2337 prorsus

2036 2358 2416 2416 renuntiantes
2440 2368 2635 2430 sponte
2665 2375 2768 2415 sua
2823 2360 3131 2416 castitatem
3164 2360 3428 2431 professae
3456 2370 3588 2417 sunt
3619 2378 3633 2417 :

2037 2468 2152 2510 non
2192 2468 2324 2508 vero
2379 2454 2538 2521 istas,
2598 2464 2738 2523 quas
2798 2463 3056 2524 parentes
3106 2454 3189 2510 vel
3258 2454 3447 2510 aﬂines
3503 2460 3639 2510 one-

2039 2554 2191 2610 runt,
2221 2544 2487 2601 steculare
2517 2545 2807 2616 quidpiam
2841 2545 3040 2602 exinde
3071 2545 3294 2602 sibimet
3321 2561 3636 2617 procuran-

2038 2646 2144 2704 tes,
2177 2653 2301 2694 cum
2334 2638 2439 2709 ipsi
2474 2637 2616 2695 forte
2648 2655 2755 2694 non
2790 2639 3027 2695 habeant
3060 2639 3216 2711 193
3251 2640 3393 2695 unde
3442 2655 3542 2711 pro
3570 2640 3639 2696 iis

2039 2729 2321 2786 eloca-ndis
2382 2729 2566 2785 dotem
2622 2730 2960 2802 persolvant.
3026 2729 3204 2788 Hasce
3269 2731 3456 2802 igitur,
3516 2746 3646 2801 quae

2042 2832 2197 2878 motu
2233 2822 2461 2893 proprio
2515 2837 2623 2877 non
2659 2823 2932 2891 feruntur,
2972 2822 3127 2879 facile
3173 2823 3460 2879 admittere
3490 2822 3639 2878 haud

2042 2915 2222 2982 decet,
2252 2915 2427 2970 donec
2485 2925 2674 2985 aperte
2715 2916 2996 2987 propriam
3031 2917 3274 2987 ipsarum
3307 2916 3637 2973 sententiam

2040 3009 2369 3072 perscrutati
2405 3008 2698 3066 fuerimus.
2737 3009 2814 3065 De
2849 3009 3184 3066 monialibus
3218 3021 3399 3067 tamen
3447 3017 3500 3066 et
3530 3010 3641 3064 vir-

2041 3099 2286 3172 ginibus,
2320 3117 2444 3171 quae
2497 3101 2792 3157 asceticam
2840 3101 3005 3158 vitam
3044 3103 3396 3173 profitentur,
3444 3100 3494 3157 id
3530 3115 3641 3155 non

2042 3193 2278 3249 obtinet.
2333 3194 2606 3262 Quamvis
2671 3196 2817 3250 enim
2847 3195 2903 3251 in
2970 3195 3167 3250 minori
3231 3195 3410 3250 adhuc
3471 3207 3636 3263 quam

2043 3294 2271 3342 sanctus
2302 3287 2395 3342 ille
2422 3286 2507 3343 vir
2536 3285 2815 3355 definivit,
2846 3296 2899 3343 et
2929 3286 3226 3342 admodum
3258 3285 3455 3340 tenella
3479 3292 3640 3339 aetate

2042 3364 2250 3433 crinem
2276 3379 2597 3434 saecularem
2620 3380 2998 3451 deposuerint,
3059 3381 3112 3434 in
3148 3388 3428 3450 posterum
3465 3390 3641 3447 usque

2045 3472 2202 3528 ﬁrma
2254 3472 2359 3528 erit
2392 3474 2637 3543 ipsarum
2671 3472 2971 3545 professio.

2113 3565 2340 3620 Canonc
2381 3575 2561 3620 autem
2596 3566 2686 3635 l9,
2757 3563 3042 3630 Virorum,
3094 3563 3293 3633 inquit,
3341 3557 3641 3632 professio-

2046 3669 2172 3711 nem
2246 3671 2357 3711 non
2400 3657 2673 3723 novimus,
2727 3657 2833 3713 nisi
2903 3666 3174 3728 quatenus
3240 3652 3637 3709 monachorum

2042 3747 2223 3802 ordini
2251 3756 2426 3803 semet
2455 3758 2844 3814 annumerant,
2876 3750 2965 3821 qui
2999 3749 3220 3820 quidem
3258 3748 3417 3802 tacite
3447 3746 3640 3801 viden-

2044 3849 2135 3896 tur
2193 3841 2512 3897 ccelibatum
2583 3842 2888 3913 suscipere.
2962 3842 3067 3899 Sed
3132 3850 3312 3895 tamen
3355 3849 3409 3895 et
3475 3839 3645 3894 hosce

2042 3935 2412 4008 interrogatos
2449 3943 2664 4006 oportet
2723 3943 2910 4005 aperte
2936 3934 3251 3991 cmlihatum
3271 3932 3533 4002 profiteri,
3557 3939 3640 3995 ut,

2042 4030 2090 4087 si
2124 4030 2345 4103 quando
2379 4029 2786 4100 professionem
2825 4029 3009 4085 datam
3042 4027 3253 4093 fallant,
3292 4035 3351 4081 ut
3399 4024 3641 4081 fornica-

2043 4122 2211 4180 tionis
2250 4120 2329 4176 rei
2358 4122 2676 4191 puniantur.
2705 4121 2824 4176 lmo
2849 4135 2980 4176 vero
3000 4117 3411 4189 monachi,qui,
3442 4117 3644 4189 pannis

2045 4225 2265 4273 tantum
2289 4216 2487 4285 induti,
2509 4216 2671 4271 talem
2693 4214 3094 4285 professionem
3120 4213 3365 4268 nondum
3390 4210 3640 4272 fecerint,

2044 4325 2225 4381 neque
2260 4321 2477 4365 mutare
2516 4308 2764 4365 habitum
2801 4316 3051 4379 possunt,
3089 4317 3269 4377 neque
3321 4305 3387 4361 ad
3419 4306 3643 4376 nuptias

2045 4400 2364 4473 procedere.
2849 4448 2852 4452 Α

2114 4490 2175 4546 ln
2203 4491 2271 4548 60
2291 4507 2418 4547 vero
2444 4506 2709 4547 eameam
2727 4505 2850 4562 quae
2884 4489 3249 4561 virginitatem
3268 4486 3511 4558 professa
3536 4497 3641 4557 est,

359 4586 704 4660 ἀθετήσασαν
756 4590 856 4660 τὴν
914 4593 1271 4661 ἐπαγγελίαν,
1321 4593 1413 4648 τὸν
1470 4595 1664 4665 χρόνον
1710 4594 1805 4648 τοῦ
1849 4596 1942 4649 ἐπὶ

2047 4593 2101 4639 et
2133 4599 2161 4637 a
2199 4583 2566 4654 promissione
2596 4583 2770 4654 lapsa,
2825 4582 3079 4638 adulterii
3130 4582 3383 4638 criminis
3427 4590 3646 4652 tempus

360 4681 460 4749 τῆς
523 4682 766 4753 μοιχείας
798 4684 1196 4755 ἁμαρτήματος
1258 4684 1569 4756 ἐκπληροῦν
1630 4684 1792 4754 ἀξιοῖ,
1844 4664 1978 4760 ἔτηθ

360 4772 566 4843 δηλαδὴ
598 4781 680 4829 ιε’.
714 4775 787 4829 Τὸ
818 4774 949 4829 αὐτὸ
990 4778 1085 4831 καὶ
1110 4777 1208 4831 ἐπὶ
1241 4776 1352 4831 τῶν
1376 4775 1745 4848 μοναζόντων,
1786 4780 1942 4852 φησὶ,

363 4867 624 4934 γινέσθω.

450 4956 614 5012 Ἀλλά
647 4958 740 5012 καὶ
783 4959 811 5012 ὁ
843 4959 984 5030 ἱερὸς
1011 4958 1401 5032 Χρυσόστομος
1436 4963 1494 5015 ἐν
1550 4963 1617 5033 τῇ
1652 4961 1788 5033 προς
1821 4959 1950 5015 Θεό·

364 5050 540 5122 δωρον
585 5048 632 5122 β’
672 5051 955 5123 ἐπιστολῇ,
987 5054 1093 5108 Τὸν
1127 5058 1235 5126 γαρ
1280 5053 1360 5126 τῷ
1407 5054 1739 5126 ἐπουρανίῳ,
1792 5053 1947 5124 φησι,

369 5141 711 5210 συναφθέντα
747 5144 987 5215 νυμφίῳ,
1021 5143 1213 5199 τοῦτον
1247 5145 1347 5215 μέν
1371 5146 1614 5215 ἀφεῖναι,
1642 5147 1864 5214 γυναικὶ
1895 5145 1952 5199 δὲ

370 5234 560 5288 ἑαυτὸν
584 5235 842 5304 συνάψαι,
879 5237 1130 5308 μοιχείας
1164 5238 1283 5290 ἐστὶ
1315 5239 1574 5308 πρᾶγμα,
1610 5236 1712 5291 κᾶν
1749 5239 1952 5308 μυριά-

371 5340 461 5388 κις
488 5325 649 5380 αὐτὸν
677 5327 741 5381 σὺ
773 5306 955 5396 γάμον
992 5306 1167 5400 καλῇς
1188 5345 1202 5359 ο
1241 5306 1444 5398 μᾶλλον
1476 5306 1539 5383 δέ
1568 5329 1663 5382 καὶ
1704 5306 1955 5399 μοιχείας

373 5416 529 5470 τοῦτο
556 5416 958 5489 χαλεπώτερον,
981 5421 1092 5491 ὅσῳ
1116 5419 1386 5491 κρείττων
1415 5420 1512 5475 ἀνθ
1523 5420 1723 5491 ρώπων
1748 5421 1777 5473 ὁ
1801 5420 1955 5484 Θεός.

375 5508 441 5563 Εί
487 5510 594 5581 γὰρ
647 5511 678 5580 ἡ
725 5510 865 5582 γυνὴ
907 5511 1004 5565 τοῦ
1035 5511 1166 5568 ἰδίου
1197 5511 1450 5584 σώματος
1491 5513 1595 5568 οὐκ
1625 5510 1956 5580 ἐξουσιάζει,

381 5599 497 5655 ἀλλ’
519 5602 545 5655 ὁ
572 5602 735 5674 ἀνὴρ,
766 5602 948 5675 πολλῷ
984 5604 1183 5675 μᾶλλον
1210 5607 1261 5660 οἱ
1292 5607 1350 5658 ἐν
1373 5605 1599 5677 Χριστῷ
1629 5605 1832 5670 ζῶντες
1859 5605 1959 5659 ούκ

380 5690 449 5744 ἂν
480 5688 588 5747 εἷεν
621 5694 776 5748 αὐτοὶ
797 5692 893 5749 τοῦ
925 5694 1179 5766 σώματος
1212 5696 1396 5750 αὐτῶν
1427 5696 1634 5766 κύριοι.

462 5782 526 5838 '0
549 5786 604 5839 δὲ
641 5783 721 5856 μδ¹
752 5785 853 5854 τῆς
893 5794 946 5851 ς’
977 5787 1196 5842 συνόδου
1224 5788 1317 5841 τὸν
1363 5785 1563 5843 ἁλόντα
1595 5790 1827 5862 πορνείᾳ
1859 5805 1956 5862 μο-

386 5880 565 5948 ναχὸν,
599 5883 691 5934 καὶ
725 5876 1062 5952 μεταμελείᾳ
1108 5883 1248 5953 μετά
1276 5881 1431 5937 τοῦτο
1483 5884 1831 5955 χρησάμενον
1866 5886 1959 5939 καὶ

828 5985 857 6003 ρ

2049 4677 2351 4748 adimplere
2405 4691 2625 4746 equum
2688 4689 2810 4732 esse
2840 4682 3049 4741 censet,
3104 4689 3280 4729 annos
3310 4671 3520 4729 scilicet
3557 4669 3647 4726 15.

2049 4772 2196 4827 ldem
2229 4770 2395 4825 etiam
2422 4768 2476 4822 in
2512 4768 2582 4823 iis
2617 4767 2713 4839 qui
2779 4768 3138 4825 monasticam
3207 4767 3374 4823 vitam
3411 4763 3646 4837 professi

2049 4872 2203 4932 sunt,
2240 4876 2417 4918 canon
2453 4860 2608 4925 dicit.
2645 4860 2762 4917 flat.

2122 4955 2296 5011 Porro
2329 4966 2385 5010 et
2422 4962 2648 5011 sanctus
2685 4955 3114 5028 Chrysostomus
3172 4957 3227 5011 in
3264 4955 3509 5011 secunda
3578 4956 3647 5011 ad

2054 5046 2404 5106 Theodorum
2432 5047 2683 5117 epistola,
2730 5048 2944 5104 caelesti
2976 5064 3181 5119 sponso
3203 5088 3220 5116 ,
3246 5050 3449 5120 inquit.
3478 5049 3644 5120 junc-

2059 5153 2195 5212 tum,
2225 5145 2380 5199 illum
2424 5143 2648 5215 quidem
2684 5142 3021 5215 relinquere,
3049 5143 3268 5198 mulieri
3301 5151 3487 5198 autem
3526 5159 3649 5199 sese

2058 5237 2397 5308 conjungere
2426 5235 2756 5292 adulterium
2780 5244 2884 5303 est,
2925 5235 3052 5292 licet
3109 5238 3309 5292 millies
3365 5237 3652 5294 matrima.

2060 5331 2209 5386 nium
2254 5338 2310 5385 tu
2358 5331 2473 5401 ipse
2504 5329 2612 5385 hoc
2668 5344 2856 5386 voces.
2917 5329 3050 5385 Illud
3116 5331 3260 5386 enim
3306 5338 3389 5385 est
3439 5331 3651 5387 adulte-

2061 5423 2147 5478 rio
2178 5429 2334 5476 tanto
2372 5420 2621 5492 gravius,
2685 5429 2895 5492 quanto
2957 5420 3276 5479 hominibus
3337 5422 3530 5477 melior
3566 5432 3652 5479 est

2063 5513 2234 5572 Deus.
2276 5514 2332 5571 Si
2362 5504 2509 5570 enf'm
2546 5514 2750 5571 mulier
2779 5513 2986 5586 proprii
3052 5514 3302 5586 corporis
3338 5530 3446 5570 non
3484 5514 3651 5572 habet

2062 5607 2525 5679 potestatem,sed
2576 5610 2677 5670 vir,
2713 5606 2887 5662 multo
2953 5605 3131 5677 magis
3160 5605 3221 5672 ii,
3250 5607 3343 5676 qui
3402 5604 3457 5661 in
3488 5605 3652 5663 Chri-

2064 5710 2149 5757 sto
2180 5700 2390 5765 vivunt,
2424 5715 2535 5756 non
2574 5711 2706 5757 sunt
2738 5700 2948 5773 pr0prii
2991 5701 3241 5771 corporis
3272 5700 3504 5755 domini.
3676 5767 3681 5773 ,

2136 5794 2314 5849 Sextae
2349 5809 2470 5865 syn.
2500 5793 2571 5850 44
2620 5795 2950 5850 monachum
3013 5792 3401 5851 fornicationis
3462 5796 3650 5851 convi-

2067 5877 2239 5954 ctum,
2268 5893 2322 5939 et
2357 5885 2675 5955 poenitentia
2708 5895 2758 5942 et
2788 5884 3137 5943 confessione
3192 5901 3375 5952 usum,
3414 5888 3650 5943 clemen-
