4054 6440
427 373 498 438 55
834 440 838 442 ,
1623 369 1979 433 ΜΑΤΤΗΕ]

2085 369 2452 432 LASTARIS
3614 367 3682 429 56

429 487 536 540 tius
573 483 778 555 aliquid
814 498 1000 555 agens,
1033 499 1138 540 non
1159 485 1330 554 magis
1353 499 1514 554 quam
1539 483 1878 539 fornicantcs
1905 498 1975 552 pu

2110 483 2532 553 λέξομοογήσει,
2581 482 3088 554 φιλανθρωπότερον
3139 501 3189 538 τι
3249 481 3450 548 ποιῶν,
3514 484 3683 554 μηδὲν

428 577 535 630 niri
573 577 748 646 jubet.
807 577 988 646 Atque
1021 577 1170 631 hunc
1207 576 1427 646 quidem
1460 591 1750 640 canoncm,
1800 575 2004 644 quippe

425 680 543 737 post
582 670 719 724 alios
755 669 984 734 editum,
1021 685 1082 722 ex
1106 668 1358 723 omnibus
1375 668 1610 721 arbitror
1629 667 1999 721 retinendum.

424 763 616 827 Qua-re
649 772 702 816 et
740 763 795 816 11
841 770 1004 830 caput
1041 761 1146 815 litt.
1177 762 1237 827 Γ,
1273 774 1324 815 et
1358 761 1410 814 in
1446 761 1513 814 ίὶ).
1537 761 1713 831 capite
1742 761 1933 814 littera:
1963 761 2001 812 Δ

425 872 688 911 canonem
718 856 750 909 4
782 858 972 927 synodi
1000 866 1230 925 quartte,
1285 865 1339 910 et
1367 855 1419 910 in
1451 855 1518 909 12
1546 856 1723 913 capite
1748 854 2002 924 littermE

426 964 690 1003 canonem
723 949 787 1002 17
827 949 1018 1020 synodi
1055 950 1108 1002 Ἰ.

1127 1210 1314 1280 Leges.

493 1304 823 1361 Monasteria
847 1321 954 1358 non
983 1305 1054 1358 ita
1079 1303 1405 1365 aiiencntur,
1431 1309 1490 1356 ut
1509 1310 1719 1356 sacrata
1743 1300 1914 1353 forma
1943 1298 1996 1352 in

423 1401 694 1467 privatum
738 1407 936 1451 statum
1007 1393 1462 1458 transformetur,
1492 1392 1728 1461 alioquin
1764 1400 1997 1458 potesta-

428 1501 535 1544 tem
571 1492 769 1544 habent
829 1489 1072 1558 episcopi
1108 1485 1418 1540 vindicandi
1487 1491 1542 1539 et
1583 1485 1637 1537 in
1705 1483 1989 1553 pristinam

420 1582 652 1636 formam
687 1581 1006 1635 reducendi.

489 1677 567 1728 Ex
598 1674 692 1728 151
726 1674 1022 1728 Iustiniani
1067 1671 1280 1727 novella
1314 1672 1496 1727 discas
1549 1669 1789 1739 quidem,
1847 1667 1994 1736 quod

419 1767 637 1836 regulas
661 1781 779 1834 qum
844 1764 1287 1819 afundatoribus
1320 1764 1376 1818 in
1429 1761 1777 1817 monasteriis
1833 1759 1989 1823 ﬁunt,

418 1865 503 1930 pie
534 1863 815 1931 suscipere
841 1862 1061 1927 debent,
1091 1861 1195 1915 nisi
1221 1859 1520 1915 canonibus
1547 1855 1988 1918 contrariantur;

418 1955 523 2008 illis
554 1954 697 2008 enim
725 1967 833 2006 non
867 1953 995 2006 licet
1060 1951 1308 2006 locorum
1377 1950 1667 2020 episcopos
1723 1942 1992 1998 canonico

407 2050 532 2116 jure
563 2047 776 2117 privare
807 2046 862 2100 in
893 2044 1265 2109 monasteriis,
1291 2057 1412 2113 qum
1440 2041 1508 2095 ab
1539 2040 1606 2096 iis
1631 2037 1990 2094 aediﬁcantur.

413 2140 604 2210 Neque
633 2138 906 2194 antistites
939 2137 1268 2192 monasteria
1327 2133 1659 2189 mdiﬁcantes
1692 2129 1992 2186 succeden-

409 2241 492 2288 tes
525 2230 798 2285 antistites
825 2229 927 2284 sub
982 2242 1140 2298 pmna
1199 2224 1440 2293 obligare
1497 2229 1754 2292 possunt,
1811 2231 1991 2284 neque

412 2323 579 2378 ullum
609 2323 757 2376 circa
791 2336 881 2376 res
947 2318 1219 2390 ejusmodi
1251 2317 1341 2385 jus
1375 2315 1574 2371 habere
1608 2329 1623 2379 ;
1651 2309 1991 2368 convertitur

407 2417 553 2470 etiim
595 2413 781 2484 iniqua
819 2410 1125 2483 segregatio
1154 2409 1208 2463 in
1233 2409 1450 2464 illorum
1479 2405 1657 2477 capita
1686 2444 1700 2460 .

483 2685 792 2755 Episcopus
847 2683 1096 2738 abbatem
1131 2682 1217 2737 vel
1275 2678 1758 2736 archimandritam
1795 2677 1992 2731 unius-

405 2777 677 2849 cujusque
715 2775 1033 2830 monasterii
1064 2789 1172 2828 non
1234 2773 1458 2827 omnino
1520 2770 1816 2825 secundum
1858 2783 1986 2838 gra~

403 2869 505 2925 dus
532 2875 882 2940 promoveat;
919 2867 1012 2922 sed
1045 2881 1205 2936 quem
1244 2865 1326 2918 vel
1362 2878 1553 2918 omnes
1586 2861 1867 2926 monachi,
1903 2860 1985 2914 vel

402 2961 494 3031 qui
529 2960 776 3016 melioris
798 2958 1246 3023 existimationis,
1282 2955 1563 3023 elegerint,
1596 2969 1761 3023 super
1806 2951 1986 3006 Evan-

400 3054 545 3122 gelio
580 3052 856 3122 jurantes,
906 3051 1050 3121 quod
1087 3065 1193 3104 non
1229 3065 1324 3119 per
1383 3047 1678 3102 amicitiam
1741 3045 1824 3098 vel
1861 3059 1984 3113 gra-

2109 576 2268 629 π).έον
2321 576 2432 628 τῶν
2485 577 2858 645 πορνευόντων
2915 577 3274 643 ἐπιτιμᾶσθαι
3312 576 3548 630 κελεύει.
3584 574 3679 631 Οἱ·

2110 684 2209 736 μαι
2260 667 2438 719 τοίνυν
2487 669 2700 720 τουτονὶ
2752 669 2843 720 τὸν
2905 670 3104 721 κανόνα
3154 669 3384 731 δεόντως
3437 674 3668 738 κρατεῖν

2107 750 2195 809 οἷα
2255 756 2365 808 τῶν
2432 757 2609 811 ἄλλων
2685 759 3166 830 μεταγενέστερον.
3235 761 3396 829 Ζήτει
3465 760 3561 812 καὶ
3620 761 3680 812 τὸ

2111 854 2177 901 ια’
2231 865 2355 916 κεφ.
2402 848 2495 901 τοῦ
2544 849 2584 900 Γ
2632 848 2926 918 στοιχείου,
2993 851 3082 902 καὶ
3155 852 3210 902 ἐν
3274 850 3353 918 τῷ
3418 852 3485 919 ιβ’
3549 868 3677 918 κεφ.

2104 939 2195 993 τοῦ
2247 943 2284 991 Δ
2343 939 2610 1009 στοιχείου
2660 940 2863 993 κανόνα
2925 941 2965 993 δ’
3024 942 3123 1010 τῆς
3177 942 3218 994 δ’
3263 943 3518 1007 συνόδου,
3585 943 3678 994 καὶ

2103 1033 2162 1082 ἐν
2220 1032 2294 1100 τῷ
2348 1031 2417 1101 ιβ’
2445 1049 2568 1100 κεφ.
2604 1031 2698 1085 τοῦ
2749 1034 2788 1085 Ε
2843 1034 3109 1103 στοιχείου
3150 1037 3351 1088 κανόνα
3401 1034 3466 1099 ιζ’
3499 1037 3598 1105 τῆς
3632 1036 3678 1099 ζ’

2106 1123 2347 1177 συνόδου.

2771 1219 2974 1285 Νόμοι.

2186 1307 2504 1376 Ἐκποίησις
2545 1310 2907 1378 μοναστηρίου
2974 1309 3050 1380 μὴ
3107 1311 3364 1378 γινέσθω,
3411 1313 3497 1379 ἐφ’
3527 1306 3570 1380 ᾦ
3614 1312 3675 1366 τὺ

2103 1397 2375 1467 ἱερατικὸν
2431 1400 2616 1469 σχῆμα
2658 1402 2738 1463 είς
2772 1401 3048 1469 ίδιωτικὴν
3091 1401 3674 1472 μετασχηματίζεσθαι

2099 1491 2394 1562 διαγωγὴν,
2418 1494 2538 1544 ἐπεὶ
2569 1493 2748 1545 ἄδειαν
2777 1493 2990 1562 ἔχουσιν
3012 1495 3063 1544 οἱ
3097 1493 3386 1545 ἐπίσκοποι
3414 1495 3670 1557 ἐκδικεῖν,

2100 1585 2193 1638 καὶ
2218 1587 2297 1646 είς
2329 1585 2390 1638 τὸ
2420 1586 2685 1654 πρότερον
2713 1585 3012 1652 ἐπανάγειν
3047 1587 3252 1655 σχῆμα.

2185 1677 2316 1731 Ἀπὸ
2369 1676 2427 1730 δὲ
2482 1677 2582 1743 τῆς
2615 1675 2728 1746 ρλα¹
2770 1677 3200 1731 Ἱουστινιανείου
3251 1680 3451 1746 νεαρᾶς
3486 1677 3672 1746 γνοίης

2097 1773 2182 1833 ἂν,
2217 1771 2296 1824 ὅτι
2329 1769 2396 1823 τὰ
2428 1769 2684 1838 γινόμενα
2717 1770 2864 1836 παρά
2894 1753 3000 1821 τῶν
3033 1769 3315 1839 κτητόρων
3342 1770 3401 1822 ἐν
3430 1772 3542 1832 τοῖς
3579 1787 3674 1837 μο-

2097 1863 2408 1934 ναστηρίοις
2465 1861 2669 1915 τυπικά
2706 1863 2955 1930 στέργειν
3002 1861 3330 1928 ὀφείλουσιν,
3393 1864 3441 1914 εί
3486 1862 3671 1930 μήπου

2094 1956 2208 2018 τοῖς
2253 1953 2478 2008 κανόσιν
2540 1952 2947 2006 ἐναντιοῦνταιο
3003 1954 3063 2005 οὐ
3101 1953 3210 2021 γὰρ
3245 1953 3455 2016 ἔξεστιν
3486 1952 3672 2016 αὐτοῖς

2092 2048 2382 2119 ἀπείργειν
2427 2047 2556 2110 τοὺς
2588 2047 2889 2116 ἐγχωρίους
2936 2037 3283 2108 ἐπισκόπους
3311 2046 3422 2098 τῶν
3461 2062 3674 2098 κανονι-

2093 2137 2206 2190 κῶν
2243 2137 2466 2190 δικαίων
2513 2137 2570 2189 ἐν
2611 2138 2726 2198 τοῖς
2750 2136 2881 2207 παρ’
2915 2136 3097 2188 αὐτῶν
3127 2135 3469 2203 κτιζομένοις
3501 2151 3670 2204 μονα-

2093 2228 2360 2298 στηρίοις.
2391 2228 2526 2282 Οὐδέ
2583 2228 2634 2280 oi
2681 2227 3054 2296 ἀνεγείροντες
3080 2228 3357 2297 ἀρχιερεῖς
3403 2225 3673 2296 μοναστή-

2092 2338 2184 2393 ρια
2229 2321 2598 2390 ἐπισκήπτειν
2640 2319 2758 2390 μετ’
2816 2320 3096 2388 ἐπιτιμίου
3125 2320 3382 2374 δύνανται
3407 2319 3518 2382 τοῖς
3547 2319 3670 2388 μετ’

2091 2411 2288 2474 αὐτοὺς
2322 2411 2666 2482 ἀρχιερεῦσι,
2731 2411 2856 2481 μηδ’
2905 2411 3088 2465 ὁτιοῦν
3130 2413 3209 2475 είς
3244 2412 3416 2467 ταῦτα
3458 2412 3670 2467 δίκαιον

2089 2508 2234 2576 ἔχειν
2252 2523 2266 2538 ·
2298 2506 2588 2574 στρέφεται
2614 2504 2724 2575 γὰρ
2750 2507 2777 2558 ὁ
2797 2505 3106 2577 παράλογος
3126 2505 3430 2575 ἀφορισμδς
3457 2506 3539 2568 είς
3565 2505 3666 2568 τὰς

2089 2597 2317 2650 ἐκείνων
2353 2594 2617 2664 κεφαλάς.

2170 2689 2231 2742 '0
2277 2687 2573 2749 ἐπίσκοπος
2623 2684 2713 2738 τὸν
2770 2684 2950 2739 esse»;
3003 2686 3036 2755 ἧ
3086 2685 3180 2739 τὸν
3233 2685 3667 2756 ἀρχιμανδρίτην

2088 2781 2318 2835 ἑκάστου
2345 2777 2711 2848 μοναστηρίου
2769 2778 2845 2848 μὴ
2879 2778 3100 2841 πάντως
3149 2778 3292 2831 κατά
3328 2778 3418 2831 τὸν
3456 2778 3664 2847 βαθμὸν

2090 2872 2496 2946 προϐαλλέσθω,
2530 2872 2645 2925 ἀλλ’
2670 2871 2729 2925 ὃν
2755 2872 2804 2924 οί
2833 2870 3052 2941 μοναχοὶ
3077 2869 3276 2934 πάντες
3324 2871 3356 2940 ἢ
3388 2871 3436 2924 oi
3463 2870 3665 2924 εύῦπό-

2089 2968 2283 3036 ληπτοι
2330 2959 2708 3028 ἐπιλέξωνται,
2744 2964 2836 3014 ἐπὶ
2862 2963 2970 3014 τῶν
3000 2963 3348 3030 Εὖαγγελίων
3389 2962 3661 3030 λέγοντες,

2087 3059 2161 3120 ὡς
2211 3059 2270 3111 οὺ
2321 3057 2408 3110 διὰ
2459 3057 2640 3126 φιλίαν
2671 3055 2704 3126 ἦ
2745 3056 2904 3124 χάριν
2935 3055 3099 3108 αὐτὸν
3129 3054 3488 3120 ἐπελέξαντο,
3523 3054 3663 3107 ἀλλά

399 3147 530 3200 tiam
573 3144 726 3198 illum
761 3145 1067 3213 elegerunt,
1124 3142 1217 3197 sed
1242 3139 1384 3210 quod
1419 3149 1618 3194 norunt
1654 3139 1804 3193 illum
1859 3153 1977 3191 esse

2085 3150 2446 3220 γινώσκοντες
2474 3148 2634 3202 αὑτὸν
2664 3149 2966 3218 όρθόδοξον,
2997 3149 3090 3198 καὶ
3125 3147 3400 3216 σώφρονα⁹
3439 3146 3534 3198 καὶ
3561 3146 3660 3214 τῆς

397 3239 522 3291 ﬁdei
560 3245 743 3300 rectm,
783 3245 837 3290 et
867 3235 989 3290 vita:
1027 3243 1213 3298 castae,
1275 3243 1330 3287 et
1368 3231 1842 3286 administratione
1894 3228 1974 3281 di-

397 3345 589 3396 gnum,
641 3337 693 3382 et
741 3329 834 3396 qui
865 3328 1261 3380 monachorum
1290 3323 1636 3393 disciplinam
1668 3330 1722 3375 et
1755 3336 1972 3374 onmem

395 3421 720 3483 monasterii
747 3429 948 3473 statum
971 3417 1254 3473 custodire
1285 3417 1478 3483 possit.
1499 3415 1700 3470 Eadem
1726 3414 1887 3468 etiam
1910 3413 1975 3466 de

396 3513 691 3566 mulierum
729 3510 1080 3564 monasteriis
1115 3518 1168 3563 et
1200 3507 1506 3563 asceteriis.

471 3602 631 3674 194
648 3602 960 3657 Ceutcsima
1005 3600 1271 3654 vicesima
1309 3601 1466 3653 tertia
1500 3613 1655 3662 vero,
1690 3597 1744 3650 lu
1791 3599 1975 3653 omni-

393 3698 519 3760 bus,
560 3697 759 3767 inquit,
794 3695 1163 3756 monastcriis.
1221 3709 1342 3765 quae
1369 3693 1618 3747 cocnobia
1684 3702 1972 3753 vorantur,

389 3791 544 3860 juxta
576 3789 793 3858 regulas
830 3789 1165 3842 monasticas
1193 3786 1477 3854 jubemus.
1513 3794 1567 3838 ut
1603 3785 1654 3838 in
1681 3800 1786 3838 una
1817 3788 1975 3838 domo

391 3897 581 3936 omnes
603 3881 871 3942 habitent,
901 3887 955 3932 et
983 3879 1350 3931 communiter
1381 3875 1676 3930 comedunt
1699 3886 1754 3930 et
1780 3876 1832 3929 in
1865 3891 1973 3930 una

392 3970 560 4024 domo
585 3983 777 4024 omnes
817 3968 1110 4038 separatim
1142 3966 1438 4029 dormiant,
1471 3975 1530 4019 ut
1557 3965 1802 4019 vicissim
1868 3965 1971 4019 sibi

393 4063 529 4132 ipsis
577 4069 740 4116 casta:
773 4060 896 4114 vita!
943 4059 1252 4128 exemplum
1299 4057 1613 4112 exhibeant.
1644 4055 1768 4111 llaec
1790 4066 1970 4112 autem

390 4153 576 4209 omnia
625 4161 680 4208 et
714 4155 777 4208 de
806 4151 1097 4207 mulierum
1132 4150 1482 4206 monasteriis
1511 4150 1898 4205 observentur.

461 4333 638 4404 Caput
661 4340 842 4388 autem
871 4332 991 4403 ejus
1019 4331 1290 4386 decimum
1327 4331 1607 4401 quintum,
1641 4329 1756 4385 Non
1796 4331 1976 4400 ingre-

392 4427 594 4493 dietur,
649 4426 848 4496 inquit,
910 4425 1137 4480 omnino
1196 4438 1375 4494 neque
1410 4423 1606 4478 mulier
1638 4424 1691 4477 in
1726 4424 1972 4477 virorum

2075 3245 2398 3314 διοικήσεως
2432 3241 2602 3306 ἀξιον,
2639 3241 2733 3294 καὶ
2768 3240 3065 3306 δυνάμενον
3113 3241 3352 3308 φυλάξαι
3391 3239 3488 3309 τὴν
3534 3241 3663 3290 ἐπι-

2077 3338 2294 3406 στήμην
2343 3335 2452 3388 τῶν
2517 3333 2793 3402 μοναχῶν,
2847 3334 2942 3386 καὶ
2996 3333 3095 3401 τὴν
3149 3330 3241 3384 τοῦ
3289 3331 3658 3401 μοναστηρίου

2077 3427 2438 3481 κατάστασιν.
2473 3425 2552 3476 Τὰ
2581 3423 2720 3476 αὐτὰ
2760 3423 2854 3476 καὶ
2891 3421 3018 3491 περὶ
3052 3421 3161 3474 τῶν
3199 3421 3528 3488 γυναικείων
3562 3438 3660 3488 μο-

2079 3519 2385 3589 ναστηρίων
2415 3515 2512 3570 καὶ
2538 3513 2906 3585 ἀσκητηρίων.

2078 3618 2089 3636 ”
2159 3611 2223 3664 Ἦ
2260 3610 2316 3663 δέ
2346 3616 2485 3679 ρκγ’,
2533 3609 2620 3661 Ἐν
2652 3607 2829 3660 ἅπασι
2866 3605 2921 3658 δὲ
2953 3607 3066 3666 τοῖς
3104 3603 3508 3674 μοναστηρίοις.
3558 3621 3662 3674 φη-

2079 3705 2186 3767 σὶν,
2217 3702 2360 3773 ειπερ
2389 3700 2683 3755 καλοῦνται
2727 3699 2994 3763 κοινόϐια,
3027 3697 3322 3766 κελεύομεν
3355 3697 3498 3749 κατὰ
3527 3697 3658 3758 τοὺς

2080 3792 2411 3862 μοναχικοῦς
2443 3791 2700 3854 κανόνας,
2733 3790 2790 3841 ἐν
2824 3790 2903 3841 ἐνὶ
2930 3787 3066 3856 οἴκῳ
3095 3787 3301 3849 πάντας
3339 3786 3531 3851 οίκεῖν,
3563 3786 3657 3838 καὶ

2077 3885 2272 3946 κοινῶς
2302 3883 2622 3954 τρέφεσθαι,
2654 3884 2748 3936 καὶ
2788 3882 2846 3933 ἐν
2877 3880 2956 3932 ἐνὶ
2987 3879 3124 3947 οίκῳ
3163 3879 3371 3940 πάντας
3420 3895 3656 3948 κεχωριο

2080 3978 2290 4046 σμένως
2321 3974 2624 4039 καθεύδειν,
2658 3972 2802 4026 ὥστε
2823 3972 3120 4041 ἀμοιϐαδὸν
3149 3971 3404 4041 ἀλλήλοις
3444 3988 3656 4041 μαρτυ-

2080 4068 2202 4136 ρίαν
2228 4066 2326 4134 τῆς
2356 4064 2632 4134 σώφρονος
2661 4063 2944 4131 διαγωγῆς
2979 4063 3238 4132 παρέχειν
3266 4063 3486 4124 αὐτούς.
3515 4063 3657 4116 Ταῦ-

2076 4175 2145 4209 τα
2175 4156 2231 4210 δὲ
2265 4156 2441 4210 πάντα
2461 4153 2710 4224 καὶπερὶ
2739 4153 2804 4206 τὰ
2839 4152 2948 4206 τῶν
2977 4152 3252 4221 γυναικῶν
3288 4153 3654 4220 φυλάττεσθαι

2082 4249 2444 4319 μοναστήρια.

2149 4340 2222 4393 Τὸ
2275 4339 2331 4391 δὲ
2392 4337 2457 4391 ιε’
2489 4337 2697 4406 ταύτης
2737 4336 3054 4406 κεφάλαιον,
3101 4336 3215 4389 Οὐκ
3259 4337 3654 4401 εἰσελεύσεται,

2079 4431 2268 4501 φησιν,
2297 4429 2423 4483 οὔτε
2458 4428 2598 4500 γυνὴ
2632 4431 2985 4483 παντάπασιν
3015 4431 3094 4493 είς
3131 4429 3346 4500 ἀνδρῶν
3380 4431 3652 4499 μοναστή-

390 4518 816 4582 monasterium,
871 4532 1048 4585 neque
1096 4516 1263 4570 vir.in
1296 4515 1617 4580 mulierum,
1676 4515 1762 4568 vel
1824 4529 1968 4583 pra:-

2085 4541 2218 4594 ptov,
2249 4521 2374 4576 οὗτε
2407 4523 2548 4592 ἀνὴρ
2575 4521 2657 4586 είς
2681 4523 3017 4588 γυναικεῖον,
3063 4522 3095 4591 ἢ
3126 4524 3396 4592 προφάσει
3434 4524 3654 4593 μνήμης

389 4619 540 4666 textu
579 4609 856 4664 memoria:
903 4609 1136 4677 alicujus
1170 4609 1393 4672 mortui,
1441 4608 1534 4677 qui
1594 4607 1704 4662 illic
1758 4608 1970 4676 positus

388 4715 494 4769 est,
526 4704 610 4758 vel
648 4703 810 4757 aliam
843 4703 913 4757 ob
948 4717 1216 4766 causam;
1259 4717 1437 4770 neque
1488 4702 1532 4757 si
1571 4702 1694 4770 quis
1747 4703 1968 4756 fratrem

392 4800 558 4861 forte,
595 4797 682 4850 vel
724 4810 995 4857 sororem,
1030 4795 1114 4848 vel
1144 4793 1382 4863 aliquem
1439 4809 1502 4848 ex
1533 4810 1634 4850 suo
1667 4809 1864 4863 genere
1914 4795 1970 4849 in

390 4891 725 4945 monasterio
759 4905 817 4944 se
859 4889 1060 4944 habere
1115 4887 1334 4942 dixerit.
1383 4887 1498 4941 Non
1559 4897 1642 4942 est
1705 4889 1852 4943 enim
1912 4887 1966 4942 in

391 4982 556 5036 terris
587 4981 846 5048 cognatio
877 4977 1189 5040 monachis,
1226 4986 1413 5046 utpote
1453 4977 1542 5046 qui
1585 4977 1861 5033 cmlestem
1892 4976 1970 5030 vi-

392 5087 500 5126 tam
531 5071 782 5127 bemulati
820 5079 970 5125 sunt.
1008 5069 1211 5124 Deinde
1247 5084 1420 5139 neque
1451 5069 1549 5122 viri
1591 5069 1642 5121 in
1677 5068 1966 5122 mulierum

392 5163 845 5218 monasteriorum
882 5161 1151 5232 sepulcris
1177 5168 1525 5228 reponantur,
1565 5175 1739 5227 neque
1774 5158 1968 5211 mulie-

393 5271 481 5308 res
513 5256 566 5309 in
599 5256 841 5309 virorum
880 5253 1229 5309 monasteriis
1263 5253 1644 5314 inhumeutur,
1695 5266 1760 5303 ne
1797 5265 1862 5302 ex
1897 5264 1963 5302 eo

395 5355 606 5400 natura:
645 5345 710 5399 ad
745 5345 979 5414 scipsam
1019 5344 1175 5398 detur
1227 5357 1536 5411 regressus,
1603 5349 1660 5393 ut
1685 5355 1808 5410 qua:
1856 5354 1963 5393 non

391 5437 476 5492 t'as
513 5445 596 5492 est
628 5446 772 5507 agat,
811 5445 862 5490 et
897 5436 1126 5490 delicate
1174 5450 1233 5490 se
1261 5443 1433 5503 gerat,
1468 5443 1521 5486 et
1572 5432 1745 5497 ludat,
1796 5443 1850 5486 et
1882 5448 1966 5486 res

391 5529 605 5583 divinas
636 5528 838 5598 injuria
889 5528 1107 5582 alliciat.

464 5622 522 5675 Si
565 5637 670 5690 qua
734 5621 932 5676 mulier
976 5629 1159 5674 autem
1196 5619 1250 5672 in
1296 5617 1586 5672 mulierum
1634 5616 1964 5671 monasterio

395 5714 702 5781 sepelieada
753 5714 825 5768 sit
858 5715 875 5782 (
907 5714 1083 5768 virum
1116 5712 1264 5766 enim
1302 5725 1409 5763 non
1446 5709 1527 5763 fas
1581 5724 1704 5764 esse
1749 5709 1963 5780 judica-

399 5802 582 5871 mus),
616 5804 736 5860 illos
789 5803 966 5859 solum
1014 5803 1106 5872 qui
1139 5803 1340 5857 lectum
1374 5800 1556 5857 ferunt
1598 5810 1651 5856 et
1702 5800 1960 5865 fossorcs,

2074 4613 2217 4677 τινὸς
2241 4612 2671 4683 τελευτήσαντος
2703 4612 2986 4666 κάνταῦθα
3029 4607 3312 4682 κειμένου,
3343 4615 3375 4684 ἢ
3405 4615 3496 4667 διά
3533 4633 3656 4668 τινα

2074 4704 2270 4776 ἑτέραν
2298 4704 2479 4757 αἰτίαν
2500 4703 2658 4772 -ζοὺδὲ
2693 4705 2746 4756 εῐ
2765 4721 2847 4766 τις
2876 4703 3105 4774 ἀδελφὸν
3133 4705 3298 4775 τυχὸν
3323 4705 3354 4775 ἦ
3393 4705 3651 4773 ἀδελφὴν,

2072 4799 2108 4870 ἦ
2139 4813 2260 4850 τινα
2297 4795 2407 4848 τῶν
2439 4798 2504 4848 ἐκ
2535 4794 2630 4848 τοῦ
2657 4795 2846 4864 γένους
2884 4795 3030 4864 ἔχειν
3073 4797 3130 4849 ἐν
3175 4802 3252 4865 τῷ
3300 4799 3653 4868 μοναστηρίῳ

2073 4889 2293 4958 φήσειε.
2339 4885 2641 4953 Σδγγένεια
2690 4885 2799 4955 γὰρ
2841 4889 2953 4950 τοῖς
2983 4889 3235 4957 μοναχοϊς
3286 4889 3377 4941 ἐπὶ
3406 4889 3508 4957 γῆς
3551 4889 3652 4941 οὐκ

2073 4983 2212 5044 ἔστι,
2247 4982 2362 5042 τοῖς
2397 4996 2461 5046 γε
2503 4978 2594 5031 τὸν
2637 4981 2693 5030 ἐν
2737 4979 2987 5048 οὐρανοῖς
3033 4977 3313 5047 ζηλώσασι
3368 4979 3505 5049 βίον.
3543 4981 3652 5033 Καὶ

2076 5077 2218 5146 μήτε
2243 5073 2524 5142 ἀνδρες,ἐν
2546 5072 2844 5141 γυναικείῳ
2884 5073 3238 5142 μοναστηρίῳ
3266 5073 3458 5140 τάφοις
3485 5091 3652 5127 κατα-

2071 5163 2430 5227 τιθέσθωσαν,
2483 5164 2620 5232 μήτε
2677 5165 2936 5230 γυναῖκες
2979 5163 3036 5215 ἐν
3072 5163 3345 5231 ἀνδρικοῖς
3383 5181 3652 5234 μοναστη-

2076 5257 2212 5325 ρίοις
2273 5254 2818 5325 κατορυττέσθωσαν,
2869 5254 2956 5307 ἵνα
3007 5253 3082 5325 μὴ
3129 5255 3361 5325 πάροδος
3397 5257 3649 5311 ἐντεῦθεν

2072 5346 2285 5412 γένοιτο
2333 5347 2401 5414 τῇ
2439 5343 2599 5412 φύσει
2638 5345 2773 5415 πρὸς
2815 5343 3036 5412 ἑαυτὴν,
3091 5342 3127 5397 ἃ
3175 5344 3250 5414 μὴ
3287 5345 3444 5414 θέμις
3491 5345 3646 5414 δρᾷν,

2069 5438 2282 5507 τρυφᾷν
2321 5453 2381 5488 τε
2417 5436 2510 5489 καὶ
2538 5433 2778 5500 παίζειν,
2813 5435 2906 5488 καὶ
2936 5435 3006 5488 τὰ
3041 5436 3160 5488 θεῖα
3189 5437 3490 5506 πράγματα
3519 5453 3647 5490 κατ·

2072 5528 2375 5596 αισχύνειν.

2153 5618 2290 5671 Ἀλλ’
2323 5621 2371 5670 εἰ
2400 5620 2492 5670 καὶ
2514 5618 2649 5687 γυνή
2680 5635 2762 5680 τις
2786 5618 2844 5670 ἐν
2874 5617 3170 5687 γυναικείῳ
3193 5617 3495 5670 θάπτεσθαι
3521 5619 3648 5687 μέλ-

2067 5710 2147 5764 λοι
2183 5710 2555 5779 μοναστηρίῳ,
2582 5711 2771 5780 (ἄνδρα
2805 5711 2915 5778 γὰρ
2946 5709 3046 5762 οὐκ
3068 5709 3263 5777 εὐαγὲς
3289 5703 3432 5762 εἶναι
3463 5712 3647 5779 κρίνο-

2071 5805 2214 5873 μεν),
2257 5802 2382 5865 τοὺς
2430 5802 2528 5872 τὴν
2585 5803 2771 5874 κλίνην
2824 5804 3086 5873 φέροντας
3134 5803 3350 5873 μόνους,
3393 5803 3643 5867 καὶτοὺς
