4054 6452
244 1506 258 1563 ί

224 1568 248 1653 ἱ

271 371 330 433 57
1248 365 1662 427 SYNTAGMA
1709 367 2336 460 ALPHABETICUM.
2373 403 2439 414 —
2480 320 2564 427 ΜΣ

3483 372 3556 440 53

273 485 560 556 ὀρύξαντας
609 483 892 553 εἰσφοιτᾷν
939 483 1027 537 ἐπ’
1053 484 1220 538 αὒτό’
1256 489 1355 541 καὶ
1406 487 1506 552 τὰς
1541 487 1640 558 μὲν
1681 506 1847 558 μονα-

1981 493 2035 547 id
2068 494 2201 547 illud
2244 495 2530 560 accedere,
2582 503 2636 549 et
2675 493 2935 550 mulieres
2981 492 3204 563 quidem
3255 495 3565 552 monarbzs

271 580 367 652 χὰς
416 583 473 633 tv
517 578 595 649 τῷ
648 579 765 648 ἰδίῳ
819 579 1001 649 μένειν
1037 582 1412 652 καταγωγίῳ·
1443 584 1614 653 μόνην
1656 583 1713 637 δὲ
1744 584 1844 652 τὴν

1983 603 2013 640 n
2046 587 2277 657 pr0prio
2306 602 2530 641 manere
2553 586 2868 642 habitacula
2900 603 2914 654 ;
2945 587 3120 641 solam
3150 598 3334 640 autem
3387 587 3558 640 ostia-

271 673 506 745 θυρωρὸν
536 673 630 726 καλ⁵
658 672 757 743 τὴν
781 674 1113 743 ἡγουμένην,
1137 674 1192 727 εί
1212 690 1277 740 γε
1310 672 1625 744 βουληθείη,
1647 678 1842 747 παρεῖ-

1981 675 2099 730 iam
2129 684 2186 731 et
2218 675 2551 731 abbatissam
2585 679 2898 741 recti-ieeur,
2930 676 2978 731 si
3003 676 3151 742 velit,
3178 677 3444 731 interesse
3493 678 3560 730 iis

273 785 356 820 ναι
390 769 497 829 τοῖς
520 768 861 839 γινομένοις·
896 768 991 822 καὶ
1026 767 1222 821 θᾶττον
1247 768 1489 831 ἐκείνους
1519 767 1846 833 τελέσαντας

1981 782 2077 837 [una
2112 767 2250 821 ﬁunt
2281 781 2297 822 :
2323 775 2378 821 et
2409 768 2552 833 illos,
2589 783 2713 822 cum
2749 769 2986 838 primum
3038 768 3335 838 exsequias
3386 782 3554 838 quam

276 858 339 911 τὰ
362 859 486 930 περί
506 856 606 930 τὴν
632 857 805 925 ὁσίαν,
834 857 995 922 εὐθὺς
1025 858 1265 921 ἀπιέναι,
1303 859 1441 928 μήτε
1472 858 1846 930 θεασαμένους

1981 859 2246 914 elerrime
2295 859 2649 929 perfecerint,
2682 859 2864 913 statim
2918 861 3197 926 recedere,
3261 875 3363 915 nec
3431 860 3557 912 ullis

271 951 416 1012 τινὰς
435 949 551 1002 -τῶν
588 948 959 1019 μοναζουσῶν,
994 951 1135 1022 μήτε
1167 950 1262 1004 ὑπ’
1291 949 1474 1004 αὐτῶν
1527 950 1845 1015 θεαθέντας.

1981 966 2072 1006 ιεο
2130 950 2263 1006 visis
2319 951 2665 1014 monialium,
2733 967 2914 1021 neque
2961 952 3031 1007 iis
3082 951 3152 1006 ab
3178 962 3365 1006 earum
3421 950 3555 1007 ullis

272 1042 442 1115 Τρίτα
491 1043 548 1096 δὲ
607 1042 902 1106 ποιοῦντας
954 1045 1051 1097 καὶ
1101 1045 1321 1111 έννατα,
1382 1044 1457 1108 ὥς
1488 1062 1552 1114 γε
1592 1043 1656 1117 δὴ
1686 1045 1848 1115 νόμος

1981 1043 2286 1112 :onspectis.
2319 1041 2509 1098 Tertio
2532 1058 2687 1121 _vero
2715 1051 2767 1097 et
2803 1059 2945 1098 nono
3008 1043 3094 1098 die
3128 1043 3541 1106 cnnvenientes,

273 1141 325 1192 ἰν
356 1137 642 1192 τεθνεῶσίν
672 1139 843 1203 ἐστιν,
882 1137 978 1192 καὶ
1033 1137 1350 1202 ἀκολούθως
1400 1137 1846 1210 τεσσαρακοστὰ,

1981 1148 2125 1191 ιτοιιι
2155 1137 2212 1192 in
2243 1146 2584 1192 mortuorum
2607 1136 2891 1206 exsequiis
2918 1151 3039 1191 mos
3067 1136 3327 1200 obtinuit,
3378 1149 3545 1205 porro

273 1228 361 1279 καὶ
408 1226 575 1281 λοιπὰ
617 1227 762 1282 κατὰ
805 1229 931 1292 τοὺς
959 1229 1325 1299 τεταγμένους
1373 1231 1601 1298 καιροὺς
1638 1229 1851 1300 μνημό-

1981 1240 2011 1284 ει
2040 1239 2162 1300 post
2179 1228 2540 1299 quadraginta
2561 1228 2678 1284 dies
2735 1228 3033 1283 memorias
3055 1243 3245 1283 eorum
3280 1228 3349 1283 ad
3381 1235 3554 1281 statu—

276 1338 424 1380 συνα,
456 1321 502 1373 εἰ
533 1319 630 1390 μὲν
658 1325 970 1389 γυναικεῖον
1019 1321 1106 1390 εἴη
1150 1323 1210 1375 τὸ
1250 1326 1637 1395 μοναστήριον,
1665 1324 1852 1392 γυναῖ-

1986 1338 2075 1376 um
2109 1331 2326 1392 tempus
2395 1321 2703 1376 celebrant.
2739 1319 2796 1374 Si
2831 1320 3125 1375 mulierum
3168 1321 3241 1375 sit
3272 1328 3557 1375 monaste-

276 1429 371 1475 κας
394 1414 609 1467 ἅπαντα
640 1415 904 1483 πράττειν
932 1431 944 1445 ·
980 1418 1027 1468 εἰ
1055 1416 1108 1469 δὲ
1142 1416 1404 1487 ἀνδρῷον,
1442 1416 1665 1486 ἄνδρας.

1981 1417 2123 1481 ium,
2149 1416 2334 1471 omnia
2355 1415 2597 1471 faciunto
2624 1416 2908 1484 mulieres,
2941 1416 3027 1470 sin
3069 1425 3253 1470 autem
3286 1416 3558 1481 virorum,

257 1501 261 1505 ’
1905 1555 1935 1585 ,
1963 1509 2090 1565 viri.

344 1598 436 1665 Μὴ
471 1596 671 1660 πολλὰς
716 1598 773 1651 δὲ
821 1594 960 1652 εἶναι
1001 1597 1102 1661 τὰς
1142 1600 1222 1661 εἰς
1261 1599 1322 1652 τὸ
1350 1599 1718 1670 μοναστήριον
1740 1600 1854 1652 εἰσ-

2063 1602 2184 1657 Νοη
2232 1602 2433 1659 multos
2487 1618 2609 1659 esse
2655 1604 2710 1658 in
2768 1601 3165 1658 monasterium
3208 1599 3416 1666 aditus,
3461 1601 3557 1656 scd

278 1689 447 1755 ὁδους,
484 1689 615 1742 ἀλλὰ
643 1689 771 1760 μίαν
797 1691 830 1763 ἢ
867 1691 960 1744 δύο
987 1692 1168 1761 τυχὸν,
1197 1693 1490 1761 ἐφεστάναι
1527 1710 1585 1744 τε
1614 1694 1682 1763 τῇ
1708 1692 1850 1765 πύλῃ

1981 1713 2131 1752 mum
2183 1705 2279 1751 aut
2325 1696 2559 1751 alterum
2595 1694 2808 1763 forsan,
2843 1689 2914 1750 ἐι
2944 1694 3374 1763 adstarejanuae
3403 1694 3554 1749 viros

278 1782 478 1853 ἄνδρας
509 1781 893 1852 γεγηρακότας
923 1783 1023 1836 καὶ
1051 1785 1358 1861 σώφρονας,
1394 1784 1556 1855 οἵπερ
1588 1784 1713 1839 οὔτε
1739 1787 1853 1848 τοῖς

1961 1800 2121 1840 Senes
2170 1793 2222 1839 et
2244 1793 2457 1851 cautos,
2489 1788 2583 1857 qui
2616 1785 2835 1857 quidem
2887 1800 3065 1855 neque
3092 1784 3399 1840 monachos
3430 1785 3563 1839 abs-

284 1874 537 1944 μοναχοῖς
579 1875 1031 1945 συγχωρήσουσιν
1066 1876 1327 1947 ὲκφοιτᾷν
1354 1876 1448 1930 τοῦ
1483 1877 1852 1947 μοναστηρίου

1981 1895 2063 1948 [ue
2104 1878 2348 1960 praefecti
2396 1878 2677 1934 voluntate
2737 1876 2923 1948 egredi
2970 1878 3323 1947 permittant,
3375 1892 3560 1946 neque

278 1967 446 2036 χωρὶς
494 1966 719 2036 γνώμης
771 1966 864 2019 τοῦ
919 1967 1250 2037 ἡγουμένου,
1313 1966 1437 2021 οὔτε
1493 1971 1609 2032 τοῖς
1656 1968 1855 2035 ἔξωθεν

278 2059 451 2122 ἀδεῶς
477 2057 727 2124 γίνεσθαι
752 2058 899 2114 κατὰ
925 2061 987 2115 τὸ
1013 2062 1378 2134 μοναστήριον
1416 2061 1633 2133 νύκτωρ
1668 2079 1728 2115 τε
1758 2062 1856 2117 καὶ

285 2152 408 2224 μεθ’
440 2153 688 2223 ἡμέραν.

358 2245 422 2298 ’0
462 2247 540 2308 εις
574 2245 666 2299 τὸν
699 2245 993 2317 μοναχικδν
1024 2245 1321 2318 ἐρχόμενος
1353 2245 1488 2316 βίον,
1517 2248 1564 2301 εἰ
1598 2248 1697 2318 μὲν
1719 2246 1858 2317 γνὼ-

284 2355 443 2410 ριμος
500 2337 608 2407 εἴη,
667 2338 749 2393 ὅτι
804 2339 1035 2411 οὐδεμιᾷ
1092 2339 1379 2395 ὑπόκειται
1421 2340 1586 2413 τύχῃ,
1642 2339 1856 2407 τοῦτον,

281 2429 483 2484 ὁπόταν
507 2428 780 2502 δοκιμάσῃ
806 2430 835 2484 ὁ
868 2429 1193 2501 ἡγούμενος,
1233 2431 1296 2485 τὸ
1337 2432 1633 2504 μοναχικδν
1668 2431 1859 2504 σχῆμα

280 2521 688 2593 περιὼλλέτω·
719 2521 769 2576 εἰ
813 2523 871 2577 δὲ
900 2523 1201 2591 ἄγνωστος,
1232 2527 1313 2589 εἰς
1343 2526 1588 2595 τριετίαν
1632 2525 1859 2597 δοκιμαά

279 2613 445 2679 ζὲτω,
469 2618 565 2672 καὶ
590 2616 638 2670 εἰ
662 2614 810 2684 ἄξιος
837 2615 1076 2689 κριθείη,
1109 2618 1510 2686 ἀποκειρέσθω,
1546 2618 1715 2688 μηδὲν
1747 2619 1860 2673 δει-

278 2711 365 2763 νὸν
390 2710 591 2765 παθεῖν
619 2708 991 2781 ὑφορώμενος,
1023 2713 1071 2766 εἰ
1095 2712 1318 2785 ῥχλησις
1349 2712 1489 2783 μετὰ
1517 2711 1695 2767 ταῦτα
1727 2729 1861 2782 συμο

279 2800 405 2874 ϐαίη
471 2803 631 2875 Ζήτει
683 2804 848 2874 νόμον
897 2803 992 2858 καί
1032 2804 1090 2860 ὲν
1126 2803 1206 2875 τῷ
1251 2802 1319 2877 ιβ’
1355 2821 1480 2875 κεφ.
1523 2803 1618 2858 τοῦ
1647 2806 1686 2858 Δ
1716 2821 1861 2859 στοι-

281 2894 453 2965 χείου.

346 2988 584 3061 Προνοίᾳ
616 2988 712 3043 τοῦ
772 2989 1073 3046 ἐπισκόπου
1114 2991 1254 3062 μήτε
1301 2982 1531 3064 μοναχοὶ
1583 2992 1720 3064 μήτε
1765 3008 1862 3063 μο-

280 3084 537 3152 νάστριαι
566 3082 709 3136 κατὰ
737 3083 836 3146 τὰς
866 3085 1051 3149 πόλεις
1072 3085 1572 3156 περιερχέσθωσαν,
1605 3083 1742 3139 ἀλλὰ
1772 3085 1862 3140 διὰ

1965 1971 2225 2041 impunes
2275 1982 2432 2028 extra
2495 1970 2896 2028 monasterium
2964 1980 3296 2042 pernoctare
3344 1979 3399 2027 et
3430 1986 3562 2040 per-

1960 2075 2207 2116 nuanere.

2031 2261 2136 2332 Qui
2161 2263 2464 2322 monachus
2486 2278 2610 2321 esse
2635 2263 2787 2330 velit,
2814 2262 2862 2319 si
2880 2263 3103 2337 quidem
3127 2263 3195 2318 de
3222 2277 3289 2319 eo
3314 2267 3557 2330 constet,

1959 2358 2111 2429 quod
2140 2357 2275 2413 nulli
2323 2357 2561 2413 fortuna:
2587 2357 2894 2414 conditioni
2934 2355 3218 2428 subjectus
3250 2354 3344 2421 sit,
3377 2352 3563 2419 illum,

1959 2451 2182 2524 quando
2225 2448 2628 2507 examinaverit
2676 2447 2996 2521 praefectus,
3048 2446 3422 2504 monasticum
3458 2447 3560 2500 ba-

1961 2545 2141 2602 bitum
2176 2542 2406 2608 induat;
2478 2541 2563 2598 sin
2599 2551 2783 2597 autem
2830 2556 2940 2596 non
2973 2546 3212 2606 constet,
3256 2553 3355 2610 per
3389 2536 3565 2592 trien-

1962 2635 2460 2706 nium'probetur,
2511 2643 2567 2690 et
2608 2634 2657 2690 si
2709 2633 2915 2705 dignus
2961 2640 3275 2696 censeatur,
3335 2631 3568 2685 tondea-

1960 2741 2070 2798 tur,
2097 2729 2237 2786 nihil
2269 2744 2436 2801 grave
2464 2727 2579 2800 pati
2607 2733 2934 2799 suspectus,
2970 2726 3017 2781 si
3044 2734 3171 2796 post
3225 2725 3344 2780 haec
3391 2736 3566 2793 nego-

1963 2826 2099 2881 tium
2166 2819 2390 2892 aliquod
2421 2818 2708 2876 acciderit.
2750 2817 2953 2885 Quane
2980 2818 3158 2890 legem
3191 2816 3249 2872 in
3290 2814 3357 2871 12
3384 2812 3568 2884 capite

1961 2921 2156 2977 littera:
2184 2919 2245 2977 Δ.
2658 2979 2666 2988 ,

2068 3015 2324 3088 Episcopi
2353 3015 2728 3086 praecautione
2765 3028 2945 3086 neque
2962 3011 3221 3069 monachi
3245 3025 3425 3082 neque
3447 3023 3570 3064 mo-

1965 3109 2156 3164 nachae
2185 3124 2283 3179 per
2313 3108 2567 3164 civitates
2600 3107 2886 3173 oberrent,
2918 3104 3015 3161 sed
3049 3120 3147 3169 per
3174 3092 3566 3174 apocrisiarios

281 3175 387 3229 τῶν
435 3176 872 3247 ἀποκρισιαρίων
905 3176 1002 3241 τὰς
1030 3179 1353 3246 ἀποκρίσεις
1390 3178 1573 3231 αὐτῶν
1617 3177 1863 3231 ποιείτω·-

1981 3200 2364 3272 responsiones
2390 3215 2520 3257 snas
2549 3201 2705 3276 dent,
2737 3199 2792 3254 in
2822 3198 3176 3255 monasteriis
3207 3196 3326 3252 suis
3351 3207 3570 3267 perma-

286 3283 402 3333 σαν,
444 3268 504 3319 ἐν
535 3269 648 3331 τοῖς
679 3268 1062 3339 μοναστηρίοις
1090 3269 1369 3339 μένοντες.
1396 3269 1561 3339 Ζήτει
1592 3271 1688 3323 καὶ
1711 3269 1769 3323 ὲν
1789 3268 1866 3340 τῷ

286 3355 331 3422 ζ’
361 3375 494 3424 κεφ.
521 3356 615 3412 τοῦ
639 3360 687 3412 Κ
715 3360 1008 3430 στοιχείου.

358 3451 427 3505 Εἴ
457 3469 558 3515 τιςι
580 3451 687 3505 τῶν
731 3451 982 3522 μοναχῶν
1037 3452 1098 3507 τὸ
1137 3454 1506 3525 μοναστήριον
1551 3453 1872 3509 καταλιπὼν

287 3547 361 3606 εἰς
392 3542 665 3614 κοσμικὸν
706 3543 953 3614 μετέλθοι
975 3544 1113 3615 βίον,
1137 3538 1294 3611 οὗτος
1327 3546 1427 3618 τῆς
1459 3547 1752 3618 στρατείας
1775 3550 1873 3603 καὶ

284 3638 384 3707 τῆς
429 3639 622 3706 τιμῆς,
673 3637 730 3690 εῐ
775 3654 899 3691 τινα
955 3639 1250 3708 ἐκτήσατο,
1286 3639 1599 3709 γυμνωθεὶς
1648 3639 1871 3710 πρῶτον

287 3734 420 3802 πρδς
447 3730 545 3785 τοῦ
575 3732 843 3802 ἐγχωρίου
872 3731 1173 3786 ἐπισκόπου
1205 3733 1303 3786 καὶ
1335 3716 1432 3784 τοῦ
1456 3731 1739 3800 ἄρχοντος,
1772 3727 1873 3785 αὗο

286 3822 368 3885 θις
403 3821 529 3892 μεθ’
555 3813 630 3876 ὧν
658 3821 1000 3893 ἐπεκτήσατο
1026 3820 1372 3894 πραγμάτων
1403 3824 1463 3877 ὲν
1492 3821 1568 3894 τῷ
1596 3838 1873 3893 μοναστη-

290 3916 387 3988 ρίῳ
415 3918 519 3971 καὶ
545 3914 696 3969 ἄκων
722 3914 1098 3986 ὲμδαλλέσθω.

353 4011 420 4065 Οἰ
449 4009 546 4063 τὸν
583 4008 794 4082 μονήρη
826 4008 941 4079 βίον
971 4009 1385 4082 ἐπανῃρημένοι
1425 4007 1553 4065 οὔτε
1605 4028 1875 4082 κουρατο-
1912 4064 1916 4069 .

290 4102 565 4174 ροῦουσιν,
593 4099 720 4154 οὔτε
771 4100 1252 4171 ιπιτροπεύουσιν,
1286 4101 1413 4156 οὔτε
1453 4102 1613 4167 δίκας
1666 4103 1874 4176 ἑτέρων

285 4196 561 4266 λέγουσιν,
604 4194 714 4249 οὐδ’
742 4195 808 4251 ἂν
844 4197 1130 4265 συγγενεῖς
1162 4190 1299 4252 ὦσιν
1325 4198 1375 4252 οἰ
1407 4197 1511 4263 τὰς
1537 4197 1694 4264 δίκας
1719 4199 1873 4271 ἔχον-

287 4304 397 4354 τες,
429 4287 576 4359 πλὴν
597 4287 741 4358 ὑπὲρ
768 4287 868 4358 τῆς
902 4287 1039 4353 ἰδίας
1061 4290 1159 4342 καί¹
1186 4289 1359 4364 μόνης
1385 4289 1583 4363 μονῆς,
1623 4293 1722 4348 καλ⁵
1750 4293 1872 4347 τότε

288 4380 602 4435 συναινέσει
624 4378 724 4433 τοῦ
757 4380 1092 4451 ἡγουμένου.

367 4475 501 4530 Ἐὰν
536 4473 773 4544 μοναχδς
798 4473 1078 4548 καταλίπῃ
1103 4473 1169 4529 τδ
1198 4473 1331 4531 ἴδιον
1356 4477 1744 4549 μοναστήριον,
1777 4475 1875 4531 καὶ

1973 3300 2191 3350 nentes.
2227 3293 2421 3361 Quaere
2466 3293 2632 3350 etiam
2669 3292 2725 3347 in
2757 3291 2788 3344 7
2820 3289 3001 3361 capite
3033 3289 3230 3344 littera:
3258 3289 3331 3342 Κ.

2081 3475 2141 3532 Si
2176 3476 2301 3547 quis
2337 3473 2646 3530 monachus
2676 3471 3075 3530 monasterium
3104 3466 3415 3538 reliquerit,
3440 3476 3493 3521 et
3515 3465 3570 3520 in

1974 3570 2297 3627 sacularem
2347 3567 2517 3623 vitam
2554 3564 2860 3630 transierit,
2921 3565 3027 3619 iste
3044 3560 3242 3616 militia
3271 3567 3325 3614 et
3360 3557 3573 3612 honore

1976 3664 2063 3734 (si
2093 3677 2261 3733 quem
2297 3658 2587 3727 habuerit)
2618 3657 2889 3726 Spoliatus
2915 3654 3097 3725 primo
3123 3669 3155 3707 a
3180 3651 3287 3707 loci
3308 3650 3572 3721 episcopo

1975 3763 2031 3811 et
2059 3752 2336 3825 praefecto,
2372 3750 2571 3806 deinde
2604 3762 2730 3803 cum
2774 3747 2844 3803 iis
2897 3761 3039 3816 quas
3068 3743 3318 3815 possidet
3379 3743 3573 3808 rebus,

1975 3850 2030 3906 in
2072 3845 2410 3903 monasterio
2442 3841 2529 3901 vel
2556 3840 2771 3898 invitus
2797 3838 3141 3896 detineatur.

2047 4028 2151 4097 Qui
2177 4022 2544 4084 monasticam
2580 4031 2946 4094 susceperunt
2980 4021 3174 4085 vitam,
3208 4033 3389 4091 neque
3417 4032 3576 4073 cura-

1978 4129 2127 4177 tores
2176 4120 2332 4183 ﬁant,
2387 4129 2566 4189 neque
2596 4124 2833 4181 tutores,
2870 4127 3052 4193 neque
3090 4110 3323 4166 aliorum
3378 4123 3577 4165 causas

1977 4218 2165 4282 agant,
2186 4222 2369 4281 neque
2404 4207 2448 4265 si
2477 4206 2695 4278 cognati
2728 4205 2860 4270 sint,
2885 4204 2981 4276 qui
3025 4203 3178 4258 litem
3207 4201 3430 4267 habent,
3467 4201 3575 4256 nisi

1977 4313 2080 4371 pro
2104 4312 2209 4354 suo
2249 4296 2368 4353 solo
2403 4296 2765 4362 monasterio,
2805 4300 2858 4352 et
2917 4302 3050 4350 tunc
3080 4306 3302 4363 quoque
3329 4289 3575 4362 praefecti

1978 4405 2280 4448 consensu.

2091 4485 2152 4540 Si
2192 4482 2501 4539 monachus
2527 4478 2816 4554 proprium
2854 4477 3257 4537 monasterium
3292 4475 3578 4547 reliquerit

286 4572 366 4632 εἰς
399 4568 596 4640 ἕτερον
624 4565 781 4641 ἔλθῃ,
830 4558 899 4620 εἷ’
928 4584 1054 4623 τινα
1087 4568 1399 4639 πράγματα,
1448 4571 1509 4649 ἐν
1549 4569 1639 4643 τῷ
1667 4571 1870 4643 καιρῷ,

1981 4586 2036 4636 et
2063 4579 2119 4635 in
2150 4577 2298 4635 aliud
2327 4575 2632 4642 transierit,
2687 4586 3053 4644 quascunque
3098 4586 3191 4629 res
3231 4585 3329 4642 per
3354 4569 3408 4625 id
3439 4577 3579 4625 tem-

289 4659 410 4715 καθ’
437 4660 500 4714 δν
530 4659 590 4713 τὸ
622 4658 988 4729 μοναστὴριον
1019 4658 1441 4728 καταλέλοιπεν,
1475 4660 1622 4733 ἔχειν
1655 4660 1883 4736 φανείη,

288 4754 365 4825 τῷ
398 4749 609 4824 πρώτῳ
643 4752 1019 4825 μοναστηρίῳ,
1045 4754 1127 4818 εἰς
1155 4752 1186 4807 δ
1211 4752 1457 4825 εἰσῆλθε,
1482 4753 1656 4811 ταῦτα
1686 4755 1880 4828 διαφέ-

169 4908 181 4919 .
294 4862 407 4916 ρειν
434 4844 756 4913 κελεύομεν.
816 4894 833 4909 ,

262 4953 269 4957 ·
367 4934 818 5007 ’Δπαγορεύομεν
849 4937 965 5000 τοῖς
985 4935 1206 5007 γονεῦσι
1267 4938 1397 5004 τοὺς
1423 4939 1623 5005 παῖδας
1658 4958 1881 5014 μοναχι-

290 5028 387 5083 κδν
437 5028 861 5099 ἐπιλεγομένους
907 5028 1023 5101 βίον
1086 5031 1153 5085 ὲκ
1195 5030 1302 5085 τῶν
1342 5031 1559 5103 εὐαγῶν
1616 5034 1881 5105 ἀφέλκειν

295 5122 700 5194 μοναστηρίων,
731 5121 765 5193 ἥ
806 5122 908 5192 τῆς
935 5124 1073 5188 ἰδίας
1101 5124 1652 5189 αὐτοὺςοὰποκλείειν
1678 5127 1880 5202 κληρο-

296 5216 511 5285 νομίας,
542 5216 591 5267 εἰ
625 5216 722 5271 καὶ
738 5213 890 5270 αἰτία
921 5232 1007 5281 τις
1034 5217 1142 5290 πρὸ
1161 5235 1257 5272 του
1289 5218 1589 5292 μοναχικοῢ
1628 5239 1882 5294 παρηκο-

296 5305 533 5376 λούθησε
560 5306 700 5378 βίου.

379 5399 442 5454 '0
482 5401 691 5469 μέλλων
713 5402 941 5458 εἰσιέναι
967 5405 1048 5468 είς
1075 5405 1441 5478 μοναστήριον
1462 5406 1788 5463 διατιθέσθω
1814 5408 1883 5462 τὰ

300 5490 424 5546 κατ’
452 5492 613 5547 αὐτὸν
639 5495 748 5565 πρὸ
777 5495 877 5565 τῆς
904 5496 1111 5551 εἰσόδου
1142 5496 1309 5551 αὐτοῦ
1336 5513 1350 5528 ·
1387 5499 1518 5555 ἐπεὶ
1540 5500 1885 5572 προσκυροῦ-

300 5601 393 5637 ται
424 5585 506 5656 τῷ
533 5587 882 5660 μοναστηρίῳ
912 5588 982 5642 τὰ
1006 5588 1172 5644 αὐτοῦ
1203 5589 1407 5656 πάντα,
1448 5591 1499 5645 εἰ
1542 5593 1637 5645 καὶ
1669 5592 1744 5664 μὴ
1780 5595 1881 5665 ῥη-

300 5677 412 5741 τῶς
441 5678 661 5749 φήσειεν
684 5680 1000 5750 εἰσαγαγεῖν
1026 5681 1188 5748 αὐτὰ,
1221 5681 1319 5736 καὶ
1345 5681 1535 5738 οὐκέτι
1573 5684 1729 5740 ἔσται
1757 5687 1883 5741 κατ’

306 5768 502 5823 οὐδένα
524 5773 723 5842 τρόπον
750 5773 941 5846 κύριος
970 5770 1173 5830 αὗτῶνζ

386 5860 456 5916 '0
488 5862 576 5920 ἐπὶ
598 5867 757 5921 παισί
794 5867 1035 5938 μονάσας
1073 5869 1297 5946 δύναται
1333 5872 1427 5927 καὶ
1456 5871 1596 5943 μετὰ
1622 5870 1682 5925 τὸ
1717 5871 1883 5943 μονά-

1982 4689 2108 4746 pus,
2132 4685 2243 4745 quo
2268 4669 2666 4727 monasterium
2694 4667 3005 4739 reliquerit,
3041 4666 3249 4723 habere
3277 4664 3576 4732 videbitur,

1983 4767 2054 4824 ad
2082 4765 2503 4830 monasterium,
2544 4763 2601 4819 in
2632 4761 2780 4834 quod
2818 4761 2890 4819 ab
2920 4761 3084 4818 initio
3118 4761 3416 4833 ingressus
3461 4765 3572 4823 est,

1981 4875 2078 4917 eas
2108 4858 2387 4929 pertinere
2417 4856 2705 4928 iubemus.

2058 4952 2218 5024 195
2242 4930 2629 5007 interdicimus
2646 4948 2992 5019 parentibus,
3007 4963 3077 5005 ne
3097 4947 3238 5003 ﬁlios
3254 4961 3387 5002 suos
3406 4945 3577 5001 vitam

1954 5096 1961 5102 ,
1984 5045 2353 5100 monasticam
2380 5040 2650 5113 eligentes
2679 5054 2709 5094 a
2737 5039 2947 5096 sanctis
2976 5036 3333 5093 monasteriis
3357 5037 3576 5091 abstra-

1985 5137 2141 5203 bant,
2170 5137 2260 5192 vel
2333 5134 2659 5190 haereditate
2698 5147 2800 5190 sua
2838 5132 2966 5187 illos
2995 5132 3390 5198 submoveant,
3444 5129 3575 5186 licet

1984 5239 2115 5288 ante
2144 5230 2313 5286 vitam
2349 5226 2713 5283 monasticam
2745 5239 2915 5281 causa
2933 5223 3119 5294 aliqua
3150 5222 3483 5279 accesserit.

2056 5412 2160 5480 Qui
2191 5409 2596 5467 monasterium
2628 5406 2993 5478 ingressurus
3011 5409 3116 5467 est,
3144 5415 3268 5471 quae
3309 5416 3410 5458 sua
3442 5411 3577 5459 sunt

1984 5514 2112 5561 ante
2146 5506 2460 5576 ingressum
2484 5502 2605 5573 eius
2634 5506 2892 5559 testetur,
2925 5495 3192 5566 quoniam
3219 5508 3415 5549 omnes
3447 5496 3577 5566 ejus

1985 5597 2278 5655 facultates
2303 5596 2371 5652 ad
2399 5592 2795 5650 monasterium
2829 5588 3245 5673 adjudieantur,
3278 5587 3385 5641 etsi
3455 5604 3570 5645 non

1985 5704 2249 5762 expresse
2279 5685 2521 5761 affirmet
2549 5701 2608 5741 se
2632 5686 2757 5742 illas
2781 5680 3180 5747 intr-eduxisse,
3206 5695 3309 5737 nec
3333 5684 3579 5754 amplius

1988 5782 2101 5837 ullo
2126 5779 2290 5835 modo
2320 5780 2427 5834 erit
2459 5778 2678 5833 illarum
2714 5776 2999 5831 dominus.

2012 5876 2023 5885 ‘
2059 5872 2187 5942 Qui,
2235 5886 2358 5929 cum
2400 5869 2602 5927 habeat
2641 5868 3178 5935 libetos,monachus
3211 5868 3292 5934 ﬁt,
3341 5865 3392 5922 ei
3419 5866 3568 5937 licet,
