4054 6456
500 413 572 475 δτι
1729 434 2057 501 ΜΑΤΤΙΜ

2186 444 2569 511 LASTARIS
3703 466 3776 529 64

497 530 688 585 Patres
721 549 914 603 graves
947 538 1018 594 ob
1046 555 1246 599 causas
1267 559 1335 600 eo
1365 549 1631 616 temporis
1661 551 2057 622 diSpensatiom

497 626 595 654 iam
633 628 715 654 ..ηὲ
760 640 882 654 οη...
971 630 1078 654 Μ--
1130 624 1192 654 ³.-
1222 652 1319 654 ,,_,
1385 638 1399 654 1
1516 641 1527 654 ι

2186 561 2246 615 δι’
2282 566 2460 630 αἰτίας
2495 566 2625 633 ἴσως
2649 569 2951 635 λυσιτελεῖς
2990 573 3067 645 τῷ
3103 577 3222 630 τότε
3261 579 3436 651 καιρῷ
3463 584 3530 654 τῇ
3557 585 3774 641 οἰκονο-

496 626 598 675 ista
633 628 715 679 nsi
758 640 909 685 sunt.
971 630 1081 686 Nos
1130 624 1331 691 ‘tamen
1385 638 1814 712 haudquaquam
1866 662 2079 718 oportet

496 715 871 778 apostolorum
905 728 958 773 et
990 719 1216 778 Patrum
1266 728 1591 785 traditiones
1621 732 1909 802 abrogare.
1978 741 2078 796 In-

494 805 613 856 nuit
645 821 776 861 vero
803 809 1009 865 dictum
1039 819 1402 883 apostolicum
1438 837 1710 880 canonem
1747 828 1816 884 69
1846 841 1900 886 et
1931 833 2078 891 hunc
2110 870 2115 874 -

492 894 673 963 ipsum
703 902 919 956 concilii
953 902 1270 966 Laodiceni.

564 1009 720 1066 CAP.
752 1009 819 1068 V.
860 1016 1017 1083 Quod
1045 1026 1358 1106 κοπίζει-ραι
1386 1029 1440 1084 in
1475 1030 1726 1093 Sabbatis
1757 1053 1853 1118 aut
1898 1041 2008 1097 Do-

1035 1107 1242 1148 mmicts
1258 1112 1534 1165 jejunare.

564 1170 764 1237 Quaere
798 1191 924 1249 cap.
967 1181 1037 1236 3'7
1073 1185 1271 1244 littera:
1302 1190 1370 1248 Κ.

489 1282 645 1341 CAP.
679 1289 1299 1387 V‘I‘Z-grt‘otljejunantcs
1332 1325 1365 1360 a
1391 1309 1525 1365 cibis
1567 1315 1829 1371 abstinere
1859 1319 2067 1387 debent,

699 1361 846 1414 haud
876 1361 1057 1420 tamen'
1086 1375 1245 1440 quasi
1269 1376 1324 1430 in
1342 1361 1404 1432 se,
1423 1388 1861 1442 essecrabilibus.

563 1446 703 1506 Vide
736 1453 769 1508 9
806 1471 926 1526 cap.
972 1460 1169 1518 littera:
1205 1465 1268 1531 Β,
1304 1479 1358 1524 et
1404 1474 1571 1530 etiam
1617 1478 1669 1533 in
1699 1479 1733 1532 Ξ
1778 1496 1897 1553 cap.
1935 1484 2083 1540 litte-'

488 1554 564 1594 rte
595 1540 636 1596 E
686 1559 953 1605 canonem
979 1552 1049 1608 35
1069 1558 1249 1628 magni
1287 1558 1495 1620 Basilii.

481 2181 621 2252 legis
649 2199 734 2242 est
760 2190 977 2259 jubere,
1011 2207 1221 2265 vetare,
1258 2207 1598 2273 permittere,
1634 2214 1853 2279 punire.

555 2274 728 2347 Leges
771 2296 883 2338 non
915 2284 983 2339 de
1014 2287 1394 2359 singularibus
1439 2274 1730 2371 feruntur,
1766 2308 1861 2362 sed
1919 2324 2073 2367 com-

481 2369 746 2427 mnniter.

551 2458 1001 2534 Jorisprudentia
1028 2486 1060 2528 a
1087 2473 1303 2546 justiti:
1332 2495 1533 2540 nomen
1561 2484 1765 2561 habet;
1804 2501 1892 2550 est
1919 2497 2067 2555 enim

477 2566 571 2609 ars
603 2554 734 2612 boni
762 2568 817 2615 et
835 2564 1001 2633 aequi.

550 2645 629 2702 De
655 2649 721 2703 iis
755 2668 878 2722 qua;
918 2654 1268 2729 frequentius
1293 2667 1608 2741 obtingunt,
1638 2691 1748 2734 non
1784 2695 1908 2751 quas
1941 2699 2068 2755 pero

478 2752 628 2804 raro,
662 2740 810 2810 leges
836 2746 1027 2804 inferri
1053 2766 1305 2822 oportet:
1361 2740 1594 2830 minime
1652 2768 1719 2823 de
1749 2740 1818 2826 iis
1874 2740 2061 2842 rebus,

474 2828 682 2895 quibus
712 2848 822 2889 uno
855 2845 1066 2897 tantum
1093 2844 1318 2904 incasu
1376 2828 1635 2912 accidere
1695 2859 1882 2918 datur.
1924 2828 2062 2924 Nam

475 2921 824 2992 Iegislatores
861 2931 1004 2989 baud
1033 2941 1332 2997 attendunt
1356 2949 1527 3003 semel
1553 2956 1609 3004 et
1645 2952 1753 3008 bis.

547 3014 723 3086 Leges
790 3024 1134 3095 primigenia:
1182 3033 1239 3088 in
1304 3042 1596 3109 sequiores
1660 3047 2057 3114 decucuntur,

473 3112 904 3173 constitutiones
936 3136 1066 3178 vero
1096 3132 1444 3187 recentiores
1474 3137 1740 3206 majorem
1774 3141 1884 3196 vim
1913 3143 2058 3199 obti-

472 3212 605 3255 nent
635 3218 804 3273 quam
840 3211 993 3276 prius
1012 3213 1155 3272 latae.

544 3292 619 3347 De
650 3297 852 3366 quibus
884 3302 969 3357 lex
996 3308 1147 3363 nulla
1184 3316 1497 3385 conscripta
1537 3333 1642 3383 εει.
1705 3322 1870 3395 longa
1928 3344 2065 3384 con-

471 3389 710 3442 suetudo
741 3405 840 3458 per
904 3398 1219 3467 complures
1264 3418 1438 3462 annos
1485 3414 1840 3482 comprobata
1891 3420 2061 3478 vicem

469 3475 610 3545 legis
634 3481 806 3549 subit,
835 3484 1068 3557 ejusque
1094 3491 1204 3546 vim
1236 3496 1470 3555 obtinet.

539 3570 835 3643 Perpcram
859 3577 1110 3648 judicata
1137 3598 1235 3643 aut
1263 3605 1530 3661 expressa
1564 3611 1746 3667 neque
1802 3601 1913 3669 lex,
1965 3620 2061 3662 ne-

466 3677 574 3733 que
602 3675 839 3736 tempus,
871 3686 1053 3743 neque
1078 3685 1426 3738 consuetudo
1457 3697 1575 3742 rata
1611 3689 1770 3746 facit.

846 3785 1005 3846 CAP.
1036 3789 1175 3849 VIII.
1214 3795 1292 3852 De
1314 3804 1676 3869 possessione.

1155 3902 1347 3977 Leges.

535 3979 734 4041 Decem
770 3990 854 4045 vel
879 3992 1044 4049 etiam
1070 3995 1266 4066 viginti
1305 4017 1577 4062 annorum
1610 4014 1956 4085 praescriptio
1980 4016 2056 4084 ei,

464 4079 555 4144 qui
584 4080 728 4135 mala
760 4083 867 4140 fide
914 4091 1240 4161 possederit,
1295 4095 1440 4152 baud
1485 4102 1715 4169 prodest
1747 4120 1761 4158 :
1819 4079 1931 4163 imo
1958 4079 2060 4166 nec

460 4172 786 4233 tricennalis
810 4217 826 4244 ,
869 4181 976 4238 nisi
1009 4186 1195 4254 quiete
1232 4192 1559 4258 possederit,
1608 4198 1931 4271 nullamque
2001 4204 2054 4258 in

459 4260 583 4320 τοι-ο
615 4265 765 4324 litem
787 4275 1142 4333 sustinuerit.
1182 4280 1318 4339 Vide
1363 4285 1612 4343 etiamin
1669 4260 1854 4363 capite
1880 4293 1914 4350 9
1965 4297 2059 4353 lit-

456 4362 591 4413 tera:
613 4360 675 4416 Δ.

533 4448 711 4509 Omne
767 4459 1058 4516 servitium
1123 4472 1179 4520 et
1233 4466 1593 4528 ususl‘ructus
1638 4473 1741 4542 eis,
1805 4475 1902 4546 qui
1942 4493 2051 4534 non

2183 656 2284 727 μία
2318 658 2492 731 ταύτῃ
2542 662 2871 733 ἐχρήσαντο.
2918 664 3082 736 Ἥμϊν
3135 668 3190 722 δὲ
3214 671 3314 725 οὐκ
3340 673 3641 743 ἀναγκαῖον
3675 680 3777 745 τὰς

2179 749 2548 816 ἀποστολικὰς
2571 756 2665 807 καὶ⁸
2699 757 2974 826 πατρικὰς
3025 759 3244 815 ἀθετεῖν
3290 767 3642 836 παραδόσεις,
3673 772 3764 823 τὸν

2182 842 2418 913 ρηθέντα
2463 846 2840 917 αἰνιττόμενος
2879 850 2956 918 ξθ¹
2983 852 3350 910 ἀποστολικδν
3413 862 3635 928 κανόνα,
3682 860 3778 919 καὶ

2178 936 2271 988 τὸν
2305 937 2404 1005 τῆς
2435 938 2496 990 έν
2522 939 2819 1014 Λαοδικείᾳ
2852 944 3076 998 συνόδου
3113 950 3350 1005 τουτονί.

2179 1048 2434 1105 ΚΕΦᾹΛ.
2466 1051 2545 1108 Ε’.
2566 1054 2718 1135 Δ’Ὀτι
2762 1059 2833 1135 or?
2862 1056 2968 1135 δεζ
2988 1066 3323 1135 νηστεύειῂ
3348 1065 3419 1119 ἐν
3468 1066 3594 1135 τοῖς
3627 1067 3778 1125 Σάϐ-

2557 1125 2698 1178 ϐασι
2728 1128 2827 1180 καὶ
2864 1128 2998 1195 ταῖς
3030 1125 3388 1201 Κιιριακαῖς.
3500 1175 3505 1179 ς

2249 1212 2411 1283 Ζήτει
2446 1214 2506 1268 τδ
2538 1214 2617 1280 λζ’
2642 1217 2942 1285 κεφάλαιον
2979 1223 3073 1276 τοῦ
3108 1225 3158 1278 Κ
3191 1229 3483 1298 στοιχείου.
3578 1216 3582 1221 ⁴

2181 1325 2433 1413 ΚΕΦΑΞΚ.
2464 1329 2557 1407 (τί.
2591 1329 2722 1411 Ὀςι
2751 1332 2895 1413 τρὺς
2917 1339 3334 1413 νῃστειξονςτας
3374 1345 3486 1412 οὐχ
3523 1346 3605 1413 ὡς
3623 1348 3777 1413 ,βδε-

2342 1401 2381 1450 λ
2391 1396 2586 1452 υκτῶν
2616 1401 2737 1454 τῶν
2752 1396 3090 1473 βρώμάὲων
3115 1396 3598 1479 ἀπέχεξγθαῖδεῒῖ

2252 1488 2413 1556 Ζήτει
2442 1491 2502 1542 τὸ
2525 1491 2569 1544 θ’
2597 1493 2792 1562 κεφαλ.
2829 1495 2924 1549 τοῦ
2971 1499 3012 1550 Β
3055 1502 3351 1570 στοιχείου,
3399 1507 3495 1559 καλ¹
3529 1510 3590 1561 ἐν
3618 1510 3695 1577 τῷ
3729 1488 3778 1577 β’

2179 1592 2303 1646 κεφ.
2336 1579 2431 1633 τοῦ
2476 1581 2518 1636 Ε
2554 1586 2824 1655 στοιχείου
2867 1586 2963 1641 τὸν
2994 1590 3081 1660 κγ’
3139 1592 3342 1647 κανόνα
3392 1597 3486 1651 τοῦ
3530 1601 3777 1669 μεγάλου

2180 1671 2497 1731 Βασιλείου.

2586 1771 2841 1827 ΚΕΦΑΛ.
2886 1775 2964 1829 Ζ’.
3001 1775 3141 1843 Περὶ
3171 1778 3385 1847 νόμου.

2176 2222 2239 2277 τὸ
2265 2225 2520 2292 κωλύειν,
2558 2230 2618 2283 τὸ
2640 2233 2979 2303 ἐπιτρέπειν,
3014 2236 3075 2290 τὸ
3108 2240 3498 2310 τιμωρεῖσθαι.

2248 2318 2325 2371 Οὐ
2356 2320 2487 2391 περὶ
2533 2320 2628 2376 τοῦ
2684 2324 3048 2396 καθέκαστον,
3084 2330 3228 2386 ἀλλὰ
3277 2334 3476 2400 κοινῶς
3523 2336 3572 2390 οἱ
3607 2335 3773 2408 νόμοι

2175 2406 2441 2468 τίθενται.

2256 2501 2317 2558 Ὀ
2348 2507 2516 2577 νόμος
2545 2508 2654 2564 ἀπὸ
2699 2509 2801 2582 τῆς
2853 2512 3205 2588 δικαιοσύνης
3249 2517 3591 2592 ὠνόμασται,
3647 2522 3772 2580 ἔστι

2170 2591 2282 2664 γὰρ
2316 2597 2485 2669 τέχνη
2525 2599 2620 2655 τοῦ
2649 2602 2816 2658 καλοῦ
2858 2607 2954 2661 καὶ
2985 2608 3081 2662 τοῦ
3142 2611 3283 2667 τσου.

2242 2687 2384 2753 Τοὺς
2432 2692 2668 2769 νόμους,
2698 2696 2809 2751 ἀπὸ
2839 2697 2951 2753 τῶν
2981 2697 3057 2765 ὡς
3089 2703 3182 2763 ἐπὶ
3222 2705 3285 2759 τὸ
3333 2707 3591 2763 πλεῖστον
3625 2727 3766 2781 συμ-

2169 2778 2489 2852 ϐαινόντων,
2518 2785 2579 2839 οὐ
2608 2786 2717 2859 μὴν
2741 2789 2852 2843 τῶν
2884 2794 3131 2859 σπανίως
3154 2796 3480 2865 εἰσάγεσθαι
3509 2802 3609 2869 δεῖ,
3637 2778 3766 2858 οὐδὲ

2165 2870 2275 2925 ἀπὸ
2300 2873 2410 2928 τῶν
2429 2875 2751 2946 δυναμένων
2802 2882 2861 2935 ἐν
2888 2884 2971 2937 ένὶ
3007 2885 3286 2957 συμϐῆναι
3323 2889 3524 2962 θέματι
3547 2910 3561 2924 ο
3611 2913 3764 2968 παρ-

2163 2963 2333 3035 ορῶσι
2365 2967 2473 3038 γὰρ
2507 2970 2558 3022 οἱ
2587 2971 2882 3041 νομοθέται
2915 2975 2975 3029 τὸ
2998 2976 3150 3045 ἅπαξ
3185 2978 3218 3049 ἢ
3253 2980 3357 3045 δίς.

2236 3053 2300 3110 Ol
2328 3059 2757 3132 προγενέστεροι
2783 3064 2939 3134 νόμοι
2974 3067 3056 3130 είς
3085 3069 3214 3132 τοὺς
3246 3075 3762 3146 μεταγενεστέρους

2163 3142 2411 3200 ἕλκονται
2436 3162 2451 3179 ⁸
2484 3149 2542 3201 αί
2565 3150 2622 3204 δὲ
2643 3157 3109 3230 μεταγενέστεραι
3152 3162 3426 3229 διατάξεις
3464 3142 3763 3248 ἰσχυρότεέ

2095 3249 2136 3305 c
2174 3254 2264 3308 ραι
2288 3238 2396 3291 τῶν
2431 3240 2537 3313 πρὸ
2564 3244 2741 3297 αὐτῶν
2768 3248 2929 3304 εἰσιν.

2253 3330 2343 3383 Ἐν
2378 3325 2460 3395 οἷς
2490 3334 2591 3387 οὐκ
2627 3334 2777 3390 ἐστιν
2804 3338 3083 3411 ἔγγραφος
3119 3345 3306 3415 νόμος,
3339 3350 3372 3420 ἡ
3417 3352 3606 3422 μακρὰ
3631 3371 3766 3410 συν-

2166 3420 2347 3491 ήθεια,
2403 3425 2495 3477 ἐπὶ
2554 3426 2782 3492 πολλοὺς
2838 3432 3123 3498 ἐνιαυτοὺς
3158 3437 3577 3511 δοκιμασθεῖσα,
3629 3448 3763 3503 ἀντὶ

2166 3515 2334 3586 νόμου
2364 3521 2579 3588 κρατεῖ,
2613 3521 2773 3586 τάξιν
2802 3523 3002 3593 ἔχουσα
3038 3527 3228 3597 νόμου.

2234 3607 2316 3661 Τὰ
2346 3609 2534 3674 κακῶς
2564 3612 2828 3682 κριθέντα
2859 3618 2953 3669 καὶ
2982 3620 3331 3687 τυπωθέντα,
3391 3624 3517 3679 οὔτε
3566 3629 3760 3699 νόμος,

2164 3694 2289 3751 οὕτε
2313 3698 2528 3770 χρόνος,
2564 3702 2691 3756 οὔτε
2720 3708 2984 3776 συνήθεια
3012 3709 3245 3780 βεϐαιοῖ.

2555 3816 2811 3875 ΚΕΦΑΛ.
2850 3820 2933 3876 II'.
2966 3824 3108 3893 Περὶ
3144 3826 3357 3897 νομῆς.

2853 3936 3062 3995 Νόμοι.

2853 3954 2939 3991 ιγο
2986 3954 3062 3995 οι.

2236 4021 2363 4078 Ὅτι
2405 4022 2663 4080 δεκαετία
2716 3954 3094 4098 ἤείκοσέετία
3136 4034 3198 4088 οὗ
3239 4034 3427 4107 βοηθεῖ
3477 4038 3556 4108 τῷ
3606 4042 3755 4113 κακῇ

2162 4114 2350 4169 πίστει
2385 4120 2700 4191 νεμομένῳ,
2732 4124 2780 4176 εἰ
2809 4124 2885 4195 μὴ
2917 4126 2951 4198 ἡ
2979 4130 3403 4195 τριακονταετία
3436 4132 3532 4183 καὶ
3564 4133 3752 4201 μόνον,

2159 4209 2321 4282 εἴπερ
2343 4212 2661 4277 ἁδιακόπως
2680 4215 2933 4286 ἐνέμετο,
2955 4220 3052 4272 καὶ
3072 4220 3297 4292 ὄχλησιν
3326 4225 3384 4276 ὲν
3407 4223 3756 4296 δικαστηρίῳ

2162 4298 2239 4372 μὴ
2269 4301 2562 4374 ὑπέμεινε.
2611 4306 2780 4376 Ζήτει
2819 4310 2916 4362 καὶ
2940 4311 2999 4367 ἐν
3032 4312 3113 4384 τῷ
3142 4311 3188 4366 θ’
3218 4329 3347 4383 κεφ.
3401 4312 3498 4368 τοῦ
3530 4315 3569 4368 Δ
3603 4331 3753 4369 στοι-

2158 4392 2331 4464 χείου.

2230 4487 2387 4541 Πᾶσα
2405 4486 2624 4542 δουλεία
2653 4489 2747 4545 καὶ
2780 4492 2933 4546 πᾶσα
2974 4493 3174 4565 χρῆσις
3230 4496 3326 4550 ἐπὶ
3379 4498 3492 4553 τῶν
3547 4501 3623 4572 μὴ
3656 4519 3753 4556 κε-

455 4555 751 4615 usurpant,
794 4562 1022 4623 propter
1055 4555 1234 4626 ipsum
1265 4563 1534 4632 temporis
1558 4564 1879 4635 decursum,
1911 4584 2051 4637 υττε-

455 4636 707 4661 Αλλιὲι...-
763 4641 969 4661 --ηελμη
1048 4645 1063 4661 ι
1284 4650 1323 4661 ..
1449 4654 1462 4661 -
1619 4656 1652 4661 --

2186 4578 2475 4649 ςρημένων,
2531 4580 2623 4634 διὰ
2685 4584 2788 4650 τῆς
2827 4582 2925 4638 τοῦ
3217 4555 3623 4661 παραδρομῖίςί
3656 4594 3752 4648 ἐπὶ

454 4636 709 4692 sentibus
756 4641 979 4709 quidem
1031 4645 1363 4718 decennali,
1412 4654 1743 4713 absentibus
1793 4636 2049 4731 praescri-

452 4728 643 4798 ptione
676 4731 946 4791 vicennali
977 4736 1278 4799 amittitur.

528 4820 633 4886 Qui
661 4828 953 4885 servitium
989 4832 1119 4904 jure
1144 4835 1360 4893 obtinet
1388 4855 1587 4910 pecora
1615 4845 1669 4899 in
1695 4861 1829 4918 agro
1866 4849 2049 4906 alieno

452 4910 768 4984 adaquandi
803 4935 870 4975 ac
900 4925 1189 4994 pascendi,
1225 4931 1519 4989 servitium
1553 4910 2048 5013 etiam'usurpare

450 5016 637 5077 potest
683 5011 817 5069 inibi
848 5018 1129 5086 tugurium
1160 5023 1462 5082 excitandi.

518 5099 625 5167 Qui
655 5118 725 5159 ex
756 5105 940 5179 alieno
971 5125 1125 5180 agro,
1157 5115 1368 5173 sciente
1396 5119 1646 5190 domino,
1691 5140 1889 5195 aquam
1936 5136 2048 5185 tra-

448 5193 616 5259 xerit,
650 5200 939 5254 servitium
974 5203 1078 5258 sibi
1115 5204 1169 5259 in
1218 5222 1352 5279 agro
1396 5211 1491 5268 illo
1542 5216 1790 5274 vindicat
1842 5238 2046 5279 usuca-

448 5285 616 5355 pione
651 5291 936 5361 triennali,
966 5296 1191 5354 domino
1217 5301 1440 5359 interim
1476 5321 1587 5364 non
1618 5312 1969 5381 prohibente.

523 5474 673 5530 Bona
708 5479 934 5535 mobilia
956 5482 1001 5537 si
1029 5484 1156 5554 quis
1190 5502 1288 5557 per
1320 5489 1628 5549 triennium
1675 5497 1884 5571 absque
1906 5517 2045 5585 que-

451 5562 566 5618 rela
595 5570 924 5636 possederit,
950 5574 1052 5643 ipsi
1085 5579 1289 5635 cedunt
1313 5588 1633 5655 occupanti.

762 5687 928 5760 199
968 5690 1232 5752 INITIUM
1266 5697 1595 5757 LITTEBE
1625 5704 1688 5762 Ξ.

717 5803 871 5861 CAP.
904 5806 946 5864 I.
977 5808 1056 5862 De
1080 5811 1326 5869 tollendis
1360 5815 1681 5874 simulacris.

526 5888 734 5961 Synodi
795 5896 1254 5974 Carthagincnsis
1306 5921 1485 5964 canon
1547 5908 1617 5965 58
1660 5922 1823 5978 atque
1875 5914 2041 5971 etiam

2158 4671 2260 4740 μὲν
2290 4672 2601 4741 παρόντων,
2643 4674 2927 4750 δεκαετίᾳ,
2968 4680 3067 4735 ἐπὶ
3102 4681 3158 4736 δὲ
3182 4684 3456 4751 ἀπόντων,
3499 4687 3750 4744 εἰκοσαε-

2154 4761 2247 4833 τίᾳ
2285 4762 2612 4819 ἀπόλλυται.

2239 4851 2296 4904 ’0
2321 4851 2462 4923 ἔχων
2486 4854 2737 4910 δουλείαν
2763 4856 2859 4911 τοῦ
2894 4857 3140 4923 ποτίζειν
3166 4863 3262 4915 καὶ
3289 4861 3510 4932 βόσκειν
3562 4866 3623 4920 ὲν
3669 4868 3749 4940 τῷ

2153 4942 2313 5014 ἀγρῷ
2347 4960 2442 4997 σου
2479 4945 2800 5018 θρέμματα,
2828 4949 3053 5005 δύναται
3101 4953 3339 5008 κτᾶσθαι
3367 4954 3617 5012 δουλείαν
3645 4958 3745 5012 τοῦ

2153 5036 2212 5087 ὲν
2240 5033 2392 5105 αὑτῷ
2421 5039 2597 5091 ποιεῖν
2619 5040 2887 5112 καλύϐην.

2238 5129 2298 5182 Ὀ
2330 5128 2401 5182 δι’
2446 5130 2734 5202 ἀλλοτρίου
2792 5134 2966 5205 ἀγροῦ
3010 5135 3189 5191 ἕλκων
3218 5137 3387 5209 ὕδωρ,
3412 5141 3616 5206 εἰδότος
3648 5143 3743 5198 τοῦ

2150 5220 2411 5276 δεσπότου
2448 5222 2544 5276 τοῦ
2589 5223 2787 5295 ἀγροῦ,
2826 5229 3022 5280 κτᾶται
3059 5230 3201 5284 κατὰ
3260 5232 3358 5285 τοῦ
3415 5233 3588 5301 ἀγροῦ
3622 5236 3745 5289 δου-

2152 5311 2302 5368 λείαν
2357 5315 2416 5369 ὲν
2443 5314 2520 5386 τῷ
2547 5320 2930 5391 νενομισμένῳ
2951 5322 3199 5391 τριετίας
3230 5326 3431 5396 χρόνῳ,
3455 5326 3532 5397 μὴ
3566 5328 3738 5382 κωλύ-

2154 5423 2354 5469 σαντος
2384 5409 2549 5462 αὐτὸν
2578 5410 2677 5463 τοῦ
2705 5410 2975 5465 δεσπότου
3001 5412 3098 5467 τοῦ
3134 5416 3330 5486 ἀγροῦ.

2223 5501 2305 5554 Τὰ
2337 5505 2533 5570 κινητᾶ
2556 5505 2890 5576 πράγματα,
2911 5508 3007 5560 ἐπὶ
3037 5510 3288 5581 τριετίαν
3309 5512 3740 5588 ἀνεπιφωνήτως

2152 5595 2524 5666 κρατούμενα,
2559 5597 2941 5662 δεσπόζονται.

2454 5734 2461 5739 ν
2509 5711 2698 5767 ΑΡΧΗ
2738 5714 2876 5768 ΤΟΥ
2910 5716 2950 5769 Ξ
2979 5718 3380 5775 ΣΤΘΙΧΕΙΟΥ.

2295 5824 2547 5881 ΚΕΦΑΛ.
2591 5827 2669 5884 A'.
2720 5832 2859 5899 Περὶ
2894 5831 3133 5899 ξοάνων
3168 5835 3592 5904 καθαιρέσεως.
3728 5847 3741 5917 ί

2236 5916 2294 5971 '0
2316 5916 2413 5984 τῆς
2443 5919 2503 5973 ὲν
2529 5920 3108 5987 Καρθαγένησυνόδου
3133 5925 3315 5982 κανὼν
3342 5933 3447 5987 νη’.
3481 5931 3573 5983 καὶ
3607 5929 3736 5988 ιλιέν⁷
