4054 6442
490 337 558 397 (⁵1
1679 328 2047 391 MATTH/EI
2092 325 2517 387 BLASTARIS

3674 318 3752 382 63

491 446 767 501 contraria
791 443 1089 499 decurrens
1128 442 1337 499 zodiaci
1360 440 1549 498 circuli
1581 441 1802 512 signum
1825 440 2063 510 primum

2167 453 2303 499 τιος.
2354 436 2444 488 Ἐν
2474 429 2517 501 ᾧ
2549 432 2647 504 τὴν
2682 430 2932 485 ἐναντίαν
2981 428 3077 482 τοῦ
3138 427 3339 488 παντὸς
3396 425 3699 481 διιππεύιοιν
3724 430 3752 480 6

493 541 681 601 intrat.
733 538 881 608 quod
949 536 1331 605 teqttinoetiale
1389 544 1679 605 punctum,
1711 541 1767 589 et
1795 533 2069 587 mensium

492 626 842 695 principium,
884 634 939 679 et
979 625 1179 678 circuli
1240 635 1426 693 caput.
1483 634 1538 678 et
1584 638 1839 678 carceres
1873 635 2070 675 cursus

495 718 836 785 planetarum
875 717 1069 769 harum
1123 730 1306 768 rerum
1347 714 1580 769 studiosi
1624 725 1947 781 nuncupare
1979 725 2070 764 so-

495 806 626 866 lent,
666 814 830 872 atque
875 803 1012 857 adeo
1044 803 1262 871 signum
1312 803 1560 871 proxime
1603 801 1940 871 precedens,
1973 813 2070 854 seu

382 956 423 971 γ’
494 897 694 966 pisces.
729 909 969 949 mensem
1004 894 1281 956 ultimum,
1333 894 1554 953 signum
1607 903 1974 963 postremum,
2016 902 2071 946 et

491 988 699 1057 periodi
722 987 1032 1055 planetariae
1048 987 1250 1040 exitum
1277 986 1391 1041 sive
1409 994 1628 1039 metam.
1646 984 1900 1039 Martium
1924 985 2071 1039 enim

494 1080 764 1132 mensium
794 1080 1035 1148 primtttn
1070 1092 1189 1132 esse
1219 1079 1521 1143 credimus,
1558 1079 1815 1148 quoniam
1855 1075 2071 1147 Moyses

490 1171 565 1224 ait
588 1185 654 1225 eo
687 1172 948 1239 temporis
988 1169 1221 1238 iussisse
1261 1170 1449 1235 Deum,
1487 1180 1543 1225 ut
1579 1173 1805 1228 arbores
1830 1183 1882 1227 et
1909 1172 2070 1225 liores

490 1269 543 1315 et
572 1261 819 1330 gramina
843 1261 1260 1315 revirescercnt.
1288 1258 1554 1315 Videmus
1573 1276 1704 1316 sane
1731 1262 1830 1315 hac
1863 1272 2072 1315 natura

489 1347 834 1411 cmtditione,
868 1363 976 1402 non
1010 1350 1210 1417 quavis
1244 1348 1351 1403 alia
1382 1350 1786 1403 ordinationem
1826 1351 2067 1405 divinam

489 1440 797 1508 adimpleri.
832 1438 1221 1494 Verumtamen
1252 1442 1463 1497 mensis
1500 1441 1591 1495 ille
1628 1442 1876 1506 Martius,
1906 1443 2067 1497 sicuti

489 1533 669 1585 caeteri
698 1547 889 1585 omnes
915 1541 1024 1585 tam
1055 1532 1371 1588 nominibus
1402 1549 1565 1602 quam
1603 1548 1832 1588 numero
1855 1535 2068 1589 dierum

490 1625 631 1693 apud
662 1636 846 1694 gentes
886 1624 1025 1688 illas,
1061 1640 1198 1694 quas
1240 1641 1400 1695 supra
1440 1628 1576 1690 dixi,
1616 1627 1826 1697 pariter
1874 1628 2070 1683 distin-

488 1726 755 1786 guuntur.
780 1717 1188 1787 Equinoctium
1225 1719 1448 1789 insuper
1470 1720 1585 1789 ipsa
1611 1719 1850 1776 universi
1875 1732 2067 1776 natura

488 1811 782 1875 quotannis
839 1811 1028 1863 eodem
1111 1819 1357 1878 tempore
1421 1812 1692 1877 restituit,

490 1902 770 1967 quantitas
832 1916 1012 1954 annua
1059 1901 1319 1955 eximiam
1373 1903 1800 1972 aequabilitatem
1829 1936 1833 1941 ι
1863 1919 1974 1974 prae
2003 1920 2063 1959 se

490 1991 649 2045 ferat.
692 1992 760 2044 At
786 2008 913 2046 vero
944 2008 1211 2049 numerus
1264 1995 1475 2049 dierum
1519 2006 1574 2050 et
1629 1998 1924 2057 mensium.
1954 2011 2065 2066 quo

490 2098 597 2136 una
630 2099 754 2138 cum
788 2084 1051 2139 Romanis
1079 2087 1305 2152 utimur,
1337 2086 1505 2158 (quod
1536 2094 1590 2141 et
1614 2088 1730 2142 aliae
1753 2099 1941 2157 gentes
1977 2103 2068 2143 so-

489 2173 623 2241 lent)
645 2190 825 2244 neque
854 2176 986 2230 hora
1007 2177 1196 2230 eadem
1215 2192 1313 2231 nec
1331 2178 1418 2232 die
1437 2179 1656 2247 quidem
1681 2181 1869 2232 eodem
1897 2180 2068 2248 :Ptltti-

490 2268 735 2321 noctium
768 2268 1018 2321 accidere
1052 2270 1273 2336 patitur.
1338 2267 1609 2335 Quoniam
1662 2272 1809 2324 enim
1851 2280 2065 2341 tempus

490 2374 736 2412 annuum
760 2367 958 2427 praeter
984 2361 1100 2414 dies
1130 2360 1238 2414 565
1289 2365 1453 2415 etiam
1485 2370 1736 2432 quartam
1769 2363 1940 2419 ferme
1956 2364 2060 2418 diei

490 2459 701 2516 partem
725 2452 970 2514 asciscit,
1004 2453 1051 2506 si
1105 2454 1325 2521 quando
1347 2455 1734 2523 aequinoctium
1770 2457 1917 2510 circa
1949 2471 2066 2509 me-

492 2542 684 2595 ridiem
704 2536 1007 2613 co.:'tingat,
1031 2561 1175 2599 anno
1204 2559 1465 2616 sequente
1486 2549 1635 2603 circa
1655 2565 1912 2605 occasum
1932 2553 2065 2606 solis

492 2631 604 2693 ﬁet,
635 2648 888 2704 annoque
917 2637 1043 2690 huic
1071 2639 1320 2706 proximo
1350 2640 1496 2696 circa
1534 2651 1748 2697 noctem
1786 2644 2018 2698 mediam
2047 2662 2063 2699 :

490 2735 656 2792 atque
696 2727 768 2779 ita
814 2742 997 2797 porro.
1049 2729 1280 2796 Rursus,
1327 2734 1455 2801 quia
1498 2734 1553 2788 id
1600 2736 1745 2805 quod
1777 2738 1920 2791 ultra
1949 2738 2066 2791 dies

492 2816 599 2872 565
643 2830 917 2887 superest,
971 2831 1219 2890 quartam
1271 2825 1377 2879 diei
1425 2835 1633 2895 partem
1679 2840 1874 2885 exacte
1918 2829 2065 2885 haud

493 2912 774 2965 contineat
795 2951 808 2974 ,
850 2914 945 2968 sed
984 2917 1361 2970 trecentesima
1392 2919 1503 2973 fere
1528 2920 1794 2989 particula
1825 2922 2065 2986 deﬁciat.

490 3009 554 3052 ut
608 3001 662 3053 in
731 3004 1087 3071 sequentibus
1142 3007 1475 3065 luculentius
1525 3013 2062 3068 demonstrabimus:

2174 525 2349 596 ἥλιος,
2382 524 2444 577 τὸ
2476 522 2694 594 πρῶτον
2726 524 2953 592 ἄρχεται
2982 520 3077 574 τοῦ
3110 520 3379 585 ζωδιακοῦ
3419 521 3621 574 κύκλου
3646 521 3753 574 δω-

2174 617 2573 687 δεκατημόριον
2630 615 2881 677 εἰσιέναι,
2944 613 2971 666 ὃ
3023 615 3086 684 δὴ
3119 615 3210 667 καὶ
3271 614 3755 686 ίσημερινδν,καὶ

2179 710 2363 779 μηνῶν
2396 710 2595 781 ἀρχὴν,
2618 711 2711 763 καὶ
2744 710 2990 779 κεφαλὴν
3033 709 3129 761 τοῦ
3183 708 3408 773 κύκλου,
3438 710 3532 760 καὶ
3559 709 3754 776 ἄφεσιν

2172 805 2271 857 τοῦ
2297 804 2499 874 δρόμου
2529 803 2639 856 τῶν
2675 801 2985 870 πλανητῶν,
3020 802 3066 852 οἱ
3095 801 3222 868 περὶ
3250 799 3425 853 ταῦτα
3454 799 3751 868 ὲσχολακό-

2173 912 2264 957 τες
2289 895 2502 963 φιλοῦσι
2534 895 2720 949 καλεῖν
2749 910 2762 924 ·
2796 894 2857 946 τὸ
2878 895 2934 948 δὲ
2964 892 3069 964 πρὸ
3100 895 3312 960 τούτου,
3359 894 3546 964 μηνῶν
3587 893 3755 963 ισχα·

2174 1005 2287 1049 τον,
2317 989 2408 1040 καὶ
2430 987 2738 1041 τελευταῖον
2767 986 3268 1055 δωδεκατημόριον,
3315 986 3412 1039 καὶ
3449 986 3603 1049 τέλος
3650 984 3753 1054 τῆς

2173 1079 2284 1133 τῶν
2332 1080 2623 1149 πλανητῶν
2680 1080 2958 1149 περιόδου.
3016 1079 3120 1132 Τὸν
3151 1080 3397 1148 Μάρτιον
3444 1079 3500 1132 δὲ
3534 1079 3754 1150 πρῶτον

2202 1166 2222 1188 τ
2393 1172 2420 1183 ~
2699 1171 2710 1186 ο
2996 1164 3023 1187 τ-
3251 1175 3272 1186 ..
3322 1171 3346 1183 ~
3577 1189 3595 1198 _
3691 1168 3705 1187 ι
3735 1187 3755 1199 α

2173 1188 2313 1225 emt
2350 1190 2494 1241 μηνα
2521 1188 2874 1241 πιστεύομεν,
2902 1173 2961 1237 ἐξ
2990 1187 3065 1225 ων
3088 1172 3122 1224 ὁ
3145 1172 3384 1239 hiemen;
3408 1170 3650 1242 εἴρηκεν,
3675 1186 3752 1232 ω,

2173 1263 2486 1315 κελεύσειεν
2505 1265 2530 1314 ὁ
2548 1264 2682 1326 Θεὸς
2716 1263 2836 1316 κατ’
2867 1265 3045 1318 ἐκεῖνο
3069 1262 3164 1316 τοῦ
3195 1262 3392 1332 καιροῦ
3419 1263 3514 1316 τάκ
3534 1264 3751 1333 δένδρα,

2172 1354 2267 1405 καὶ
2298 1352 2367 1405 τὰ
2394 1352 2552 1421 ἄνθη,
2580 1353 2674 1409 καὶ
2711 1353 2809 1416 τὰς
2839 1356 2972 1415 πόας
3003 1353 3431 1421 ἀναϐλαστῆσαι.
3498 1351 3754 1422 Ὀρῶμεν

2171 1443 2230 1496 δὲ
2265 1445 2363 1497 ούκ
2397 1447 2452 1497 ὲν
2485 1446 2676 1515 ἑτέρῳ,
2716 1444 2833 1497 ἀλλ’
2866 1447 2923 1499 ὲν
2952 1445 3131 1515 τούτῳ
3161 1446 3311 1514 νόμῳ
3366 1442 3603 1511 φύσεως,
3649 1442 3748 1495 τοῦ

2171 1535 2305 1588 Θεοῦ
2339 1536 2717 1605 πληρούμενον
2747 1535 2809 1591 τὸ
2837 1537 3145 1605 ἐπίταγμα.
3188 1535 3246 1589 Ὀ
3279 1535 3376 1603 μὲν
3400 1531 3493 1588 οὖν
3518 1536 3755 1606 εἰρημέ-

2170 1644 2257 1688 νος
2293 1625 2418 1696 μὴν,
2451 1626 2643 1695 ὥσπερ
2672 1626 2780 1695 ἄρα
2808 1627 2903 1681 καὶ
2929 1627 2979 1685 oi
3004 1625 3181 1679 λοιποὶ
3210 1626 3435 1691 πάντες,
3466 1626 3565 1695 οὐχ
3588 1622 3754 1697 ἦττον

2171 1720 2284 1780 τοῖς
2314 1718 2571 1787 ὀνόμασιν
2603 1718 2636 1787 ἢ
2673 1716 2752 1787 τῷ
2779 1718 2999 1788 ἀριθμῷ
3018 1717 3128 1770 τῶν
3165 1716 3393 1785 ἡμερῶν
3421 1718 3752 1786 διαφέρουσι

1794 1827 1860 1866 eo
1923 1815 2063 1882 quod
2101 1800 2141 1853 Β
2171 1810 2302 1880 παρ’
2335 1809 2589 1872 ἑκάστοις
2637 1809 2746 1864 τῶν
2795 1810 3108 1879 εἰρημένων
3163 1809 3354 1863 ἐθνῶν.
3400 1809 3514 1878 Τήν
3548 1825 3609 1878 γε
3641 1809 3753 1879 μὴν

2171 1900 2459 1972 ἰσημερίαν
2493 1903 2526 1972 ἡ
2589 1900 2687 1969 μὲν
2725 1900 2821 1954 τοῦ
2848 1896 3058 1964 ’παντὸς
3090 1901 3258 1972 φύσις
3326 1901 3421 1954 τὸν
3464 1902 3627 1955 αὐτὸν
3663 1902 3755 1954 ἀεὶ

2166 1998 2359 2068 χρόνον
2393 1994 2518 2049 καθ’
2550 1995 2783 2047 ἕκαστον
2822 1993 2943 2056 ἔτος
2994 1995 3160 2057 ποιεῖ,
3186 1990 3274 2060 ιτῷ
3330 1992 3533 2062 πολλὴν
3560 1991 3751 2061 φέρειν

2167 2090 2252 2142 ἀεὶ
2282 2086 2417 2157 πρὸς
2446 2087 2608 2141 ἑαυτὸ
2638 2085 2739 2154 τὴν
2777 2085 3002 2156 ἰσότητα
3027 2086 3085 2137 τὸ
3107 2083 3509 2138 τοίὲνιαυσίου
3550 2083 3747 2153 χρόνον

2166 2178 2463 2248 διάστημα.
2498 2177 2561 2231 '0
2600 2177 2833 2246 ἀριθμὸς
2889 2177 3076 2245 μέντοι
3137 2176 3248 2229 τῶν
3287 2175 3511 2246 ἡμερῶν
3543 2192 3602 2228 τε
3656 2180 3752 2229 καὶ

2171 2267 2381 2339 μηνῶν,
2409 2270 2437 2323 ὅ
2461 2286 2519 2322 τε
2555 2270 2671 2332 τοῖς
2704 2268 2889 2330 ἄλλοις
2917 2266 3125 2331 εἰωθὼς
3149 2268 3353 2334 ἔθνεσι,
3403 2269 3499 2321 καί⁵
3530 2262 3575 2336 ᾧ
3606 2268 3750 2321 κατὰ

2148 2353 2486 2433 ’Ῥωμαίους
2522 2363 2686 2431 ἡμεῖς
2738 2360 3022 2431 χρώμεθα,
3071 2361 3198 2414 alite
3230 2361 3328 2432 τὴν
3373 2360 3547 2432 αὐτὴν
3575 2361 3745 2432 ὥραν.

2166 2455 2290 2509 οὔτε
2337 2455 2436 2525 τὴν
2487 2453 2655 2525 αὐτὴν
2704 2455 2917 2526 ἡμέραν
2965 2458 3243 2525 συγχωρεῖ
3287 2454 3560 2523 γίνεσθαι.
3590 2455 3750 2506 Ἐπεὶ

2167 2550 2277 2620 γὰρ
2306 2549 2367 2601 τὸ
2412 2548 2688 2602 ἐνιαύσιον
2721 2547 2974 2618 μέγεθος,
3015 2548 3153 2617 πρὸς
3201 2550 3324 2612 ταῖς
3349 2547 3454 2612 τξε’
3488 2548 3748 2618 ἡμέραις.

2168 2642 2262 2695 καὶ
2285 2640 2545 2711 τέταρτον
2572 2639 2799 2709 ἔγγιστα
2832 2640 3270 2710 προσλαμϐάνει,
3320 2640 3449 2693 ὅταν
3553 2642 3585 2707 ἠ
3630 2640 3750 2708 ἰση-

2171 2733 2337 2804 μερία
2364 2734 2493 2803 περὶ
2523 2733 2896 2804 μεσημϐρίαν,
2915 2732 2977 2786 τὸ
3006 2732 3107 2802 μὲν
3132 2734 3263 2800 ἑξῆς
3296 2731 3414 2795 ἔτος
3443 2732 3598 2784 ἔσται
3621 2732 3750 2802 περὶ

2167 2826 2319 2881 δύσιν
2358 2827 2535 2896 ἡλίου,
2588 2827 2652 2880 τὸ
2703 2827 2761 2880 δὲ
2801 2825 2953 2895 ἑξῆς,
3004 2825 3136 2898 περὶ
3188 2824 3361 2896 μέσας
3390 2823 3613 2889 νύκτας,
3650 2826 3749 2878 καὶ

2167 2916 2310 2970 οὕτω
2332 2918 2494 2988 μέχρι
2517 2917 2744 2981 παντός.
2785 2918 2939 2970 Ἐπεὶ
2960 2919 3005 2971 δ’
3034 2910 3247 2987 αὖθιςή
3274 2917 3369 2970 ἐπὶ
3397 2916 3502 2983 τξε’
3530 2916 3750 2987 ἡμέρας

2167 3007 2401 3061 ἑπουσία
2452 3009 2551 3078 οὐχ
2600 3009 2722 3063 δλον
2747 3008 3007 3078 τέταρτον
3052 3009 3272 3081 ἡμέρας
3311 3008 3578 3080 περιέχει,
3610 3008 3749 3064 ἀλλὰ.

494 3088 651 3144 nobis
685 3097 869 3145 tamen
895 3093 948 3146 in
973 3109 1074 3149 usu
1107 3095 1180 3149 sit
1216 3112 1482 3154 numerus
1512 3106 1621 3153 tam
1655 3102 1866 3156 dierum
1899 3118 2062 3171 quam

2170 3099 2321 3169 παρὰ
2352 3100 2694 3170 τριακοστὸν,
2712 3098 2801 3163 ιὼς
2832 3099 3115 3171 προϊόντες
3153 3099 3543 3172 ἀκριϐέστερον
3574 3101 3753 3166 δείξο-

488 3181 763 3236 mensium
791 3182 1188 3252 Romanorum,
1218 3188 1463 3260 adeoque
1493 3191 1737 3262 quolibet
1776 3194 2064 3264 quadrien—

486 3269 585 3321 nio
610 3285 780 3325 unum
810 3273 953 3328 diem
984 3275 1332 3346 adjiciamus,
1365 3289 1427 3336 ut
1452 3297 1632 3339 annus
1656 3295 1890 3354 quartus
1924 3300 2067 3341 sem-

490 3375 589 3429 per
614 3362 685 3449 sit
719 3367 1023 3435 completus
1051 3387 1065 3423 :
1093 3384 1321 3427 necesse
1347 3382 1436 3429 est.
1468 3375 1521 3428 in
1560 3375 1718 3430 annis
1741 3377 1852 3433 500
1889 3378 2093 3449 aequi»

492 3439 739 3506 noctit'nn
772 3471 880 3511 uno
917 3457 1007 3513 die
1031 3461 1313 3530 anticipet.
1334 3461 1420 3518 «Ut
1438 3468 1672 3537 exempli
1698 3470 1897 3537 gratia,
1930 3439 2067 3541 quo-

484 3544 636 3598 niam
671 3545 775 3601 hoc
798 3547 918 3615 ipso
958 3558 1209 3620 tempore
1249 3555 1637 3623 aequinoctium
1670 3558 1758 3613 die
1779 3572 1974 3617 octavo
1999 3575 2064 3618 ac

484 3636 708 3693 decimo
737 3637 919 3693 Martii
964 3644 1175 3699 mensis
1196 3644 1480 3717 obtingere
1509 3661 1902 3722 computatur,
1939 3664 2063 3726 post

488 3742 667 3782 annos
696 3730 905 3785 abhinc
957 3741 1234 3791 trecentos
1277 3740 1331 3792 in
1368 3741 1659 3808 septimum
1699 3752 1755 3798 et
1788 3746 2060 3802 decimum

482 3816 633 3872 diem
662 3820 885 3886 incidet,
911 3823 1032 3878 dein
1059 3834 1181 3894 post
1210 3828 1349 3884 alios
1382 3839 1654 3890 trecentos
1695 3836 1749 3890 in
1788 3837 1931 3893 diem
1964 3840 2063 3893 de-

480 3910 691 3964 cimum
734 3924 973 3979 sextum,
1014 3917 1330 3987 pariterque
1372 3923 1426 3975 in
1462 3935 1812 3993 perpetuum.
1847 3931 2064 3986 Accidit

478 4002 632 4055 enim
670 4005 1057 4073 aequinoctium
1098 4018 1342 4080 tempore
1370 4013 1739 4074 Nabonassari
1769 4019 1943 4077 Martii
1975 4025 2062 4080 die

486 4092 683 4159 quinto
708 4105 761 4148 et
796 4096 1057 4152 vicesimo
1080 4103 1222 4155 cirra
1253 4119 1556 4173 vesperam,
1587 4119 1642 4164 et
1659 4119 1902 4182 tempore
1931 4114 2060 4169 Phi.

490 4185 620 4252 lippi
651 4186 847 4242 Aridtei
881 4191 1027 4246 circa
1070 4195 1352 4251 meridiem
1380 4202 1559 4267 quarti
1586 4211 1639 4256 et
1674 4203 1922 4259 vicesimi
1951 4207 2059 4262 diei

486 4277 698 4331 mensis
726 4278 996 4346 ejusdem.
1030 4285 1191 4338 Anno
1235 4296 1442 4354 autem,
1488 4306 1598 4359 quo
1655 4292 1908 4350 Christus
1961 4312 2060 4366 pro

488 4363 646 4419 nobis
702 4369 1038 4425 redimendis
1073 4388 1270 4440 passus
1307 4385 1412 4441 est,
1474 4379 1632 4436 istius
1655 4383 1744 4438 die
1796 4363 2059 4441 vicesimo

2169 3204 2289 3258 μεν,
2317 3188 2477 3257 ἡμεῖς
2514 3188 2572 3241 δὲ
2609 3187 2689 3258 τῷ
2739 3188 2849 3241 τῶν
2881 3190 3107 3260 ἡμερῶν
3155 3189 3252 3244 καὶ
3300 3190 3491 3260 μηνῶν
3522 3190 3747 3261 ἀριθμῷ

2165 3280 2309 3333 κατὰ
2334 3279 2656 3349 ’Ῥωμαίους
2680 3279 2970 3351 χρώμεθα,
3002 3281 3078 3345 ὡς
3097 3280 3194 3335 τοῦ
3229 3283 3497 3353 τετάρτου
3522 3282 3610 3337 ἀεὶ
3649 3299 3745 3336 τε-

2164 3370 2310 3426 λείου
2338 3371 2790 3442 προσγινομινου,
2823 3373 2918 3426 καὶ
2941 3373 3095 3443 παρὰ
3126 3373 3289 3428 τοῦτο
3308 3374 3450 3428 κατὰ
3471 3375 3745 3446 τέσσαρας

2164 3463 2442 3526 ἐνιαυτοὺς
2483 3463 2615 3532 μίαν
2658 3464 2873 3535 ἡμέραν
2917 3466 3040 3529 ταῖς
3089 3462 3192 3530 τξέ
3251 3466 3637 3538 προστίθεμεν,
3681 3467 3746 3533 ἐξ
3838 3469 3855 3481 ⁸

2165 3554 2413 3624 ἀνάγκης
2442 3555 2542 3626 τὴν
2583 3556 2878 3627 ἰσημερίαν
2910 3554 3201 3626 συμϐαίνει
3251 3558 3310 3612 ὲν
3340 3562 3452 3623 τοῖς
3482 3564 3526 3612 τ’
3556 3559 3743 3617 ἐνιαυ-

2162 3649 2275 3710 τοίς
2313 3647 2420 3718 πρὸ
2453 3648 2582 3717 μιᾶς
2610 3647 2822 3720 ἡμέρας
2860 3648 3134 3716 γίνεσθαι.
3192 3643 3318 3704 Οἷον
3348 3651 3474 3703 ἐπεὶ
3507 3651 3648 3704 κατὰ
3679 3651 3743 3702 τὸ

2164 3739 2397 3811 παρδνή
2449 3740 2716 3812 ἰσημερία
2763 3741 3167 3810 ιπιλελόγισται
3202 3744 3333 3813 ἡμῖν
3381 3745 3638 3814 γινομένη
3672 3747 3739 3816 τῇ

2160 3833 2609 3904 ὀκτωκαιδεκάτῃ
2634 3832 2727 3887 τοῦ
2772 3833 3017 3904 Μαρτίου
3046 3834 3238 3905 μηνὸς,
3270 3836 3409 3907 μετά
3447 3837 3741 3903 τριακόσια

2163 3925 2259 3996 ετη
2281 3926 2430 3978 ἔσται
2460 3927 2525 3995 τῇ
2550 3925 3014 3998 ἑπτακαιδεκάτη·
3044 3921 3163 3980 εἶτα
3194 3927 3331 3996 μετὰ
3351 3927 3519 3999 ἕτερα
3546 3929 3744 3982 sonuit:-

2163 4021 2329 4088 τα,τῇ
2360 4018 2559 4087 δεκάτῃ
2576 4018 2734 4090 ἕκτῃ,
2749 4020 2844 4073 καὶ
2860 4017 3033 4083 οὕτως
3055 4019 3161 4077 ἀεί.
3189 4020 3299 4075 Kal.
3315 4021 3424 4091 γὰρ
3447 4023 3589 4077 κατὰ
3607 4025 3739 4085 τοὶς

2162 4111 2389 4182 χρόνους
2426 4110 2855 4181 Ναϐουνασάρου
2900 4111 3226 4181 περὶιλῆξιν
3279 4114 3546 4185 ἐσπερίαν
3574 4114 3739 4181 ἐτύγ-

2162 4219 2324 4273 χανεν
2350 4200 2481 4255 οὖσα
2507 4202 2608 4271 τῆς
2633 4202 2729 4256 τοῦ
2765 4203 3012 4270 Μαρτίου
3043 4206 3303 4275 πέμπτης
3337 4206 3431 4260 καὶ
3458 4206 3736 4276 εἰκοστῆςο

2162 4295 2221 4348 ὲν
2248 4293 2304 4347 δὲ
2329 4295 2441 4359 τοῖς
2459 4294 2729 4348 Φιλίππου
2753 4294 2848 4348 τοῦ
2888 4295 3181 4367 ’Δρίδαίου,
3221 4298 3351 4367 περὶ
3384 4299 3740 4370 μεσημϐρίαν

2161 4390 2261 4459 τῆς
2286 4388 2552 4461 τετάρτης
2579 4388 2676 4441 καὶ
2718 4388 2980 4457 εἰκοστῆς
3008 4389 3200 4446 αὐτοῦ.
3247 4389 3438 4445 Ἠνίκα
3457 4392 3515 4446 δὲ
3541 4394 3570 4446 ὁ
3602 4393 3741 4463 Χριφ

484 4454 645 4509 tertio
673 4456 818 4510 circa
847 4469 1058 4514 noctem
1086 4463 1352 4530 mediam;
1379 4478 1569 4524 nostro
1588 4481 1766 4528 autem
1789 4484 2049 4547 tempore,

2167 4454 2283 4544 στος
2300 4480 2393 4533 τὸν
2415 4454 2683 4551 σωτήριον
2697 4480 2839 4551 ὑπὲρ
2857 4454 3015 4550 ἡμῶν
3036 4480 3317 4553 ὑπήρχετο
3337 4483 3592 4551 θάνατον,
3607 4454 3740 4552 περὶ

478 4550 546 4597 ut
577 4547 1015 4604 demonstratum
1047 4564 1156 4618 est,
1192 4557 1641 4618 duodevicesimo
1667 4566 1789 4636 ejus
1811 4567 1923 4624 die.

557 4733 909 4788 Hebraeorum
940 4733 1126 4802 ﬁgitur
1173 4737 1471 4810 doctiores,
1527 4745 1715 4818 illique
1780 4754 2058 4824 praecipue

474 4823 577 4893 qui
612 4820 855 4876 Judaeam
906 4821 1206 4893 incoluere,
1258 4839 1315 4884 ut
1355 4828 1626 4902 Josepbus
1677 4820 1838 4908 atque
1870 4820 2053 4913 Philo,

480 4913 689 4970 summi
746 4913 966 4983 utrique
1016 4916 1373 4987 philosophi,
1434 4922 1610 4993 legale
1659 4927 1872 4987 Pascha
1929 4945 2058 4991 ante

471 5004 869 5071 aequinoctium
898 5005 1317 5078 haudquaquam
1354 5012 1739 5075 celebrandum
1761 5036 1884 5078 esse
1907 5024 2060 5095 judi-

473 5095 705 5149 cabant.
738 5096 907 5150 Aiunt
935 5099 1084 5153 enim
1117 5101 1206 5157 isti
1241 5113 1365 5172 post
1401 5107 1791 5176 aequinoctium
1827 5130 2053 5173 vernum

472 5182 631 5237 circa
682 5184 922 5241 medium
980 5188 1143 5258 primi
1178 5194 1384 5249 mensis
1431 5197 1499 5250 ab
1540 5201 1800 5258 omnibus
1850 5208 2057 5274 pariter

477 5279 777 5334 mactanda
811 5294 933 5335 esse
959 5280 1283 5354 διαϐατήρια
1309 5288 1425 5343 sive
1449 5291 1720 5351 sacriﬁcia
1746 5299 2052 5363 paschalia.

474 5367 590 5435 Qui
626 5386 754 5426 vero
793 5372 848 5426 in
880 5375 981 5428 hac
1011 5390 1067 5430 re
1102 5376 1354 5448 imperite
1384 5395 1450 5435 ac
1491 5385 1695 5441 rustice
1735 5402 2053 5458 versantur,

474 5462 687 5528 passim
725 5478 821 5533 per
845 5474 1116 5546 terrarum
1148 5471 1338 5524 orbem
1373 5471 1630 5543 dispersi,
1668 5492 1911 5535 mensem
1939 5486 2054 5546 ντί-
2084 5484 2087 5485 ⁷

477 5566 636 5605 suum
686 5568 814 5607 eum
872 5570 996 5611 esse
1039 5544 1107 5612 ex
1155 5560 1372 5615 inscitia
1418 5565 1792 5633 suspicantur.
1844 5571 1899 5623 in
1940 5544 2055 5641 quo

484 5642 877 5710 aequinoctium
947 5660 1175 5700 vernum
1230 5647 1408 5702 solum
1464 5650 1582 5707 ﬁeri
1622 5656 1926 5726 contingit;
1984 5677 2081 5715 an.

476 5733 707 5801 quidem
760 5744 885 5791 ante
940 5738 1349 5810 aequinoctium,
1382 5757 1523 5799 anne
1568 5757 1692 5815 post
1740 5749 1872 5804 illud
1930 5753 2051 5808 luna

2180 4572 2353 4643 μέσην
2375 4571 2546 4624 νύκτα
2569 4572 2668 4641 τῆς
2690 4568 2776 4640 κγ’
2812 4572 2907 4633 τοῦ
2938 4572 3107 4628 αὐτοῦ
3153 4576 3342 4644 μηνός·
3368 4576 3452 4645 ἐφ’
3493 4577 3652 4647 ἡμῶν
3680 4578 3739 4630 δὲ

2164 4666 2365 4729 νῦν,ὼς
2382 4665 2700 4737 δεδήλωται,
2719 4667 2846 4736 περί
2862 4669 3065 4737 πουτὴν
3082 4667 3314 4741 δεκάτην
3333 4669 3525 4738 ὀγδόην
3544 4670 3734 4726 αὑτοῦ.

2231 4759 2296 4810 Oi
2325 4759 2422 4828 μὲν
2449 4757 2540 4810 οὖν
2563 4757 2881 4830 λογιώτεροι
2903 4761 3015 4814 τῶν
3057 4761 3347 4833 Ἐϐραίων,
3371 4763 3464 4816 καὶ
3500 4766 3736 4833 μάλιστα
3782 4778 3804 4795 ⁸

2159 4851 2209 4903 οἱ
2239 4850 2336 4920 τὴν
2381 4848 2639 4903 Ἰουδαίαν
2683 4851 2983 4920 οἰκοῦντες,
3044 4848 3157 4918 οἷος
3208 4849 3278 4925 ἦν
3323 4854 3585 4924 Ἰώσηπος
3640 4861 3737 4914 καὶ

2159 4941 2357 5006 Φίλων,
2386 4941 2582 5012 ἄνδρες
2606 4942 2928 5013 φιλοσοφίας
2951 4945 3176 5017 ἁπάσης
3210 4948 3296 5000 ἐπ’
3339 4949 3509 5018 ἄκρον
3540 4951 3739 5021 ἐληλα-

2161 5032 2339 5097 κότες,
2373 5033 2474 5086 οὐκ
2499 5032 2669 5104 ᾤοντο
2700 5034 2812 5088 δεῖν
2835 5035 2942 5105 πρὸ
2977 5034 3077 5104 τῆς
3110 5037 3402 5106 ἰσημερίας
3423 5039 3485 5092 τὸ
3510 5042 3737 5110 νομικὸν

2161 5123 2319 5191 ἄγειν
2338 5125 2553 5196 Πάσχα.
2576 5125 2744 5179 Αὐτοὶ
2768 5130 2878 5199 γὰρ
2899 5122 3046 5183 οὗτοί
3077 5146 3212 5194 φασι
3241 5130 3357 5183 δεῖν
3376 5132 3446 5186 τὰ
3471 5131 3736 5205 διαϐατή-

2166 5231 2259 5286 ρια
2281 5214 2431 5268 θύειν
2460 5217 2660 5288 ἐπίσης
2690 5218 2936 5284 ἅπαντας
2981 5221 3120 5289 μετὰ
3154 5222 3445 5293 ἰσημερίαν
3485 5223 3731 5294 ἐαρινὴν,

2166 5305 2458 5376 μεσοῦντος
2510 5308 2607 5360 τοῦ
2655 5310 2875 5379 πρώτου
2919 5311 3111 5380 μηνός.
3165 5315 3229 5367 0i
3255 5315 3312 5368 δὲ
3341 5317 3733 5386 ἀγροικότερον

2160 5394 2520 5463 διακείμενοι,
2553 5395 2649 5449 καὶ
2679 5399 2930 5469 πανταχῆ
2959 5402 3056 5471 τῆς
3101 5403 3427 5473 οἰκουμένης
3470 5404 3735 5476 διεσπαρο

2167 5487 2341 5554 μένοι,
2376 5487 2594 5559 πρῶτον
2615 5487 2676 5552 ἐξ
2704 5490 2948 5559 ἀμαθίας
2975 5492 3123 5562 μῆνα
3149 5495 3649 5565 ὑπολαμϐάνοντες,
3673 5498 3732 5552 ἐν

2160 5572 2205 5644 ᾧ
2232 5576 2330 5647 τὴν
2363 5579 2588 5649 ἐαρινὴν
2616 5581 2862 5648 γίνεσθαι
2902 5585 3194 5654 συμϐαίνει
3223 5590 3385 5657 μόνον
3410 5591 3730 5660 ἰσημερίαν,

2162 5669 2273 5722 εἴτε
2301 5669 2355 5721 δὲ
2382 5674 2489 5740 περ’)
2524 5672 2752 5743 ταύτης,
2812 5673 2923 5728 εἴτε
2958 5680 3097 5747 μετὰ
3136 5679 3340 5750 ταύτην
3365 5684 3391 5733 ὁ
3420 5682 3737 5751 πλησιφαὴς

2163 5759 2380 5827 ἀπαντᾷ
2409 5759 2506 5829 τῆς
2533 5761 2759 5831 σελήνης
2786 5768 3187 5838 σχηματισμὸς,
3215 5771 3322 5822 οὐδ’
3351 5771 3530 5825 ὁτιοῦν
3569 5772 3733 5843 μέλον
