4054 6460
306 334 369 391 ϐυ
1329 328 1741 389 SYNTAGMA
1756 327 2409 391 «ALPHABETICUM.
2441 355 2511 364 —
2532 326 2601 378 ΙΙ.
3502 333 3572 398 70

304 440 491 505 αὐτοῖς,
522 435 646 491 οὔτε
690 438 797 509 μὴν
825 438 875 491 εἰ
914 437 1087 509 μήπω
1124 437 1386 509 καθαρῶς
1414 440 1508 493 τοῦ
1543 440 1642 512 τῆς
1686 442 1863 509 ίσημε-

1983 439 2193 497 lumine
2234 442 2413 511 pleno
2486 441 2714 509 fulgeat,
2777 453 2970 509 parum
3046 440 3302 508 solliciti,
3370 459 3565 514 parum

306 534 420 604 ρέας
455 533 682 602 σημείου
713 532 886 602 ἐπέϐη
916 533 944 585 6
992 531 1167 603 ἥλιος,
1195 532 1253 584 ἐν
1277 532 1454 602 τούτῳ
1485 533 1876 605 άσυντηρὴτως

302 625 391 678 καὶ
419 625 519 694 πρὸ
546 622 646 692 τῆς
681 624 977 694 ἰσημερίας
1011 624 1306 677 ἐπετέλουν
1362 623 1419 677 τὸ
1482 625 1700 695 Πάσχα.
1739 625 1878 695 Περὶ

300 711 372 770 ὧν
408 733 493 786 μοι
524 712 673 769 δοκεῖ
702 716 796 771 καὶ
825 718 852 768 6
884 714 925 780 ζ’
962 714 1070 768 τῶν
1133 715 1296 768 θείων
1347 715 1668 769 ἀποστόλων
1694 715 1878 769 κανὼν

300 797 650 882 διορίζεσθαι,
680 809 990 889 ἀφορισμὸν
1023 805 1561 879 καταψηφιζόμενος,
1587 810 1641 862 εἷ
1665 826 1749 873 τις
1768 809 1878 862 τῶν

298 902 390 956 τοῦ
425 903 650 974 κλήρου,
669 903 767 974 τὴν
791 902 955 971 ἀγίαν
980 900 1074 955 τοῦ
1102 902 1294 974 Πάσχα
1316 904 1538 973 ἡμέραν
1567 902 1708 972 μετά
1745 902 1877 957 ’1ου-

296 995 454 1048 δαίων
484 994 591 1066 πρὸ
648 993 749 1064 τῆς
795 993 1021 1066 ἐαρινῆς
1042 994 1318 1048 τελέσειεν
1352 995 1674 1067 ἰσημερίας.
1716 996 1874 1051 Ἐπεὶ

297 1086 400 1159 γάρ
428 1087 486 1140 ού
511 1087 912 1159 διεζευγμένως
937 1090 965 1142 6
991 1087 1177 1143 κανὼν
1206 1089 1574 1159 ἐπιτιμᾶσθαι
1598 1088 1870 1159 θεσπίζει,

293 1182 378 1235 τὸν
429 1182 565 1251 μετά
624 1181 921 1245 Ἰουδαίων,
958 1181 991 1253 ἢ
1044 1183 1153 1253 πρὸ
1186 1183 1285 1252 τῆς
1313 1182 1540 1253 ἐαρινῆς
1580 1184 1874 1254 ἰσημερίας

294 1270 632 1344 ἐορτάζοντα,
691 1274 752 1327 τὸ
802 1275 1099 1346 εἰρημένον
1131 1274 1345 1330 ἄνωθεν
1376 1278 1519 1329 νοεῖν
1547 1276 1867 1347 ὑποτίθησι.

294 1365 582 1435 Συμϐαίνει
608 1365 689 1431 δέ,
723 1367 978 1438 πέμπτον
1012 1370 1111 1439 τῆς
1159 1368 1395 1439 σελήνης
1422 1367 1626 1422 κύκλον
1658 1369 1872 1440 διερχο-

294 1459 477 1528 μένης,
515 1452 681 1525 ᾧτινι
718 1459 776 1526 ἐξ
813 1461 1060 1534 ἀνάγκης
1085 1463 1113 1515 6
1135 1460 1384 1524 εἰκοστὸς
1409 1460 1597 1530 ὄγδοος
1616 1462 1870 1533 θεμέλιος

291 1550 477 1604 ἕπεται
518 1550 683 1621 (οὕτω
737 1552 847 1624 γὰρ
894 1555 1007 1619 τοῖς
1044 1553 1267 1618 πολλοῖς
1316 1555 1345 1607 6
1393 1555 1732 1627 περιττεύων
1760 1556 1871 1613 ἀπὸ

288 1645 392 1699 τῶν
419 1647 585 1716 αὐτῆς
613 1646 829 1701 κύκλων
852 1648 962 1701 τῶν
978 1649 1207 1720 ἡμερῶν
1229 1647 1465 1721 ἀριθμὸς
1484 1650 1866 1725 ὀνομάζεται),

292 1739 380 1793 ita).
400 1740 529 1811 περί
588 1758 691 1795 που
728 1742 825 1811 τὴν
853 1740 945 1796 τοῦ
978 1742 1229 1814 Μαρτίου
1282 1744 1763 1814 ἑπτακαιδεκάτην
1807 1744 1869 1799 τὺ

290 1832 590 1903 πλησιφαές
629 1835 875 1905 ἀκριϐῶς
930 1836 1454 1909 ύπολευκαινούσης,
1487 1836 1737 1902 ἐκείνους
1766 1837 1868 1908 μὲν

289 1923 733 1995 ἀνεπιστημόνως
774 1926 914 1979 πάνυ
948 1927 1046 1981 καὶ
1081 1927 1373 1999 προπετῶς
1414 1927 1723 1998 τηνικαῦτα
1766 1929 1868 1999 τὴν

288 2016 473 2088 ἐορτὴν
496 2016 653 2086 ἄγειν
676 2036 690 2050 ο
724 2016 885 2072 τοῦτο
906 2019 1015 2093 γάρ
1043 2021 1129 2095 ἔτι
1159 2023 1257 2076 καὶ
1294 2022 1391 2078 νῦν
1426 2023 1649 2095 δρῶμεν
1682 2040 1868 2095 παρα-

293 2108 459 2179 νόμως
478 2110 789 2176 ποιοῦντας,
823 2114 952 2177 τοὺς
980 2116 1107 2178 ταῖς
1152 2115 1458 2186 ἡμετέραις
1490 2117 1714 2172 πόλεσιν
1745 2118 1869 2173 ἐπι-

287 2200 671 2272 χωριάζοντας.
714 2204 909 2275 Ἡμεῖς
937 2205 997 2259 δέ
1024 2206 1085 2260 τὸ
1112 2207 1271 2271 ἀδεὲς
1298 2209 1433 2280 ἡμῖν
1478 2209 1669 2275 αὐτοῖς
1706 2227 1866 2280 περι-

290 2292 626 2363 ποιούμενοι,
674 2293 772 2348 καὶ
802 2295 881 2355 ὡς
931 2297 1030 2366 οὐχ
1064 2298 1189 2353 ὅσια
1219 2299 1392 2370 δρῶσι
1426 2282 1600 2355 πολλά
1650 2302 1866 2374 χαίρειν

289 2386 468 2449 αὐτοῖς
504 2387 829 2458 φάσκοντες,
858 2390 949 2444 ἐπὶ
978 2391 1069 2446 τὸν
1096 2392 1226 2464 ἑξῆς
1286 2393 1612 2465 σεληνιακὸν
1646 2397 1870 2467 ἐπειγό-

290 2480 424 2550 μεθα
460 2481 628 2551 μῆνα,
661 2482 722 2537 ὃν
760 2486 816 2539 αί
850 2482 945 2539 τοῦ
993 2486 1277 2557 ’Δπριλίσυ
1337 2489 1598 2561 ἀριθμεῖν
1654 2491 1865 2562 ἡμέραι

288 2573 618 2644 πεφύκασιν,
658 2577 822 2662 ἡνίκα
848 2577 945 2632 καὶ
974 2578 1175 2651 μακρῷ
1227 2579 1307 2650 τῷ
1354 2579 1463 2635 τῶν
1499 2583 1724 2652 ἡμερῶν
1750 2583 1868 2638 δια-

286 2667 519 2738 στήματι
564 2666 764 2739 διέχειν
820 2669 1110 2740 συμϐαίνει
1165 2671 1263 2724 τοῦ
1322 2672 1453 2744 παρ’
1498 2674 1778 2739 Ἰουδαίοις
1804 2675 1867 2729 τὸ

287 2757 551 2830 ἡμέτερον
573 2759 787 2830 Πάσχα.
818 2760 976 2816 Οὖτω
1009 2763 1117 2836 γὰρ
1147 2765 1196 2817 οί
1225 2764 1360 2819 θεῖοι
1403 2766 1646 2834 Πατέρες
1683 2769 1866 2837 σοψῶς

284 2848 415 2919 ἄγαν
452 2850 551 2903 καὶ
576 2850 972 2922 ἡκριϐωμένως
1010 2855 1326 2927 ἐσκόπησαν
1378 2856 1507 2922 τοὺς
1544 2858 1654 2913 τῶν
1704 2859 1865 2914 θείων

285 2943 600 2999 ἀποστόλων
661 2945 923 3017 θεσμοὺς.
956 2950 1159 3013 παντὸς
1182 2950 1386 3021 μᾶλλον
1409 2944 1862 3025 οἰκονομούμενοι

283 3034 338 3087 τὸ
368 3035 591 3105 βέϐαιον
613 3036 780 3109 ἔχειν,
810 3040 869 3093 ού
903 3040 1012 3113 μὴν
1042 3044 1090 3096 εί
1126 3043 1269 3113 μετὰ
1308 3045 1407 3117 τὴν
1449 3047 1675 3118 ἐαρινὴν
1716 3050 1863 3104 ἐκεί-

1981 539 2171 597 etiam,
2200 551 2270 589 an
2322 534 2406 591 sol
2451 535 2633 604 ipsum
2665 533 2896 613 solstitii
2927 543 3193 604 punctum
3240 536 3402 607 plane
3432 542 3565 595 atti-

1981 627 2121 695 gerit
2152 643 2324 683 necne
2364 645 2378 680 :
2409 627 2657 695 adeoque
2689 637 2895 683 temere
2926 628 3092 683 etiam
3125 639 3252 684 ante
3315 632 3567 702 azquino-

1981 719 2154 774 etium
2187 718 2396 775 Pascha
2424 719 2837 775 concelebrant.
2868 719 2941 774 De
2974 720 3127 775 hisce
3155 721 3266 776 illis
3300 723 3568 792 septimus

1979 811 2203 882 quidem
2227 828 2404 867 rauon
2433 820 2751 868 sanctorum
2783 812 3186 881 apostolorum.
3223 823 3279 868 ut
3312 815 3448 869 milii
3481 812 3565 870 vi-

1979 908 2159 972 detur,
2212 906 2484 972 decernit,
2531 906 3160 962 excommunicatiouent
3208 909 3563 971 denuntians.

1977 997 2023 1053 si
2066 998 2188 1067 quis
2214 1014 2280 1053 ex
2310 998 2507 1053 ordine
2543 999 2784 1054 clericali
2825 1015 3046 1054 sacrum
3096 998 3385 1055 Paschalis
3417 1000 3561 1055 diem

1976 1101 2107 1148 ante
2139 1107 2374 1147 vernum
2428 1091 2820 1162 aequinoctium
2870 1109 2993 1146 cum
3031 1091 3236 1148 luti-(eis
3275 1109 3381 1148 una
3423 1094 3565 1148 cele-

1975 1186 2241 1245 braverit.
2276 1186 2739 1257 Quandoquidem
2772 1186 2919 1241 enim
2961 1203 3136 1242 canon
3171 1203 3294 1241 eum
3329 1202 3561 1241 censura
3598 1196 3611 1203 ί

1977 1280 2292 1334 feriendum
2345 1295 2469 1335 esse
2499 1288 2730 1336 statuat.
2788 1296 2895 1333 non
2957 1280 3180 1349 quidem
3241 1280 3565 1349 disjuuctim

1974 1372 2079 1442 qui
2122 1370 2325 1426 festum
2379 1372 2464 1427 vel
2518 1387 2643 1426 cum
2695 1370 2902 1427 Judaais
2984 1373 3157 1440 egerit
3190 1410 3206 1434 ,
3289 1374 3374 1425 vel
3436 1381 3566 1425 ante

1973 1462 2368 1532 aequinoctium
2404 1478 2673 1528 vernum;
2706 1461 2803 1518 sed
2835 1462 3261 1534 (connecteudo)
3307 1478 3427 1518 cum
3467 1460 3566 1516 Ju-

1971 1554 2107 1609 daais
2158 1563 2288 1609 ante
2338 1554 2736 1624 mquinoctium
2785 1569 3046 1618 Veritum,
3108 1555 3156 1607 id
3199 1553 3344 1623 quod
3403 1570 3567 1625 supra

1970 1645 2214 1702 diximus
2244 1646 2393 1715 ipsos
2430 1645 2771 1701 intellexisse
2805 1647 3008 1716 arguit.
3057 1644 3289 1713 Quando
3330 1662 3461 1702 vero
3495 1647 3564 1701 ad

1971 1737 2181 1808 cyclum
2215 1750 2378 1793 suum
2408 1735 2662 1806 quintum
2695 1736 2823 1791 luna
2848 1737 3223 1806 pcrvenit,cui
3246 1738 3567 1794 necessario

1898 1794 1943 1852 Β
1976 1828 2138 1898 202
2160 1828 2456 1898 respondet
2477 1829 2800 1883 vicesimum
2831 1838 3090 1885 octavum
3121 1831 3563 1897 fundamentum,
3642 1886 3647 1888 .

1972 1935 2068 1977 seu
2099 1920 2352 1992 θεμέλιος
2384 1918 2489 1995 (sic
2529 1920 2675 1975 enim
2709 1920 2961 1991 plerique
3011 1921 3224 1975 dierum
3272 1937 3562 1977 numerum

1972 2016 2275 2086 appellant,
2303 2001 2397 2086 qui
2433 2030 2500 2069 ex
2546 2015 2719 2085 eyelis
2766 2015 2912 2070 lunae
2948 2013 3265 2084 superﬂuus
3291 2016 3422 2085 est),
3473 2026 3562 2071 at-

1973 2122 2083 2179 que
2111 2108 2255 2164 circa
2292 2109 2438 2162 diem
2463 2107 2760 2178 septimum
2789 2122 2853 2162 ac
2884 2106 3160 2162 decimum
3194 2106 3376 2162 Martii
3401 2108 3565 2179 pleno

1972 2207 2121 2255 certe
2151 2199 2308 2255 vultu
2340 2198 2805 2267 candet,.ludaeos
2849 2200 3049 2255 inscite
3072 2200 3367 2255 admodum
3401 2211 3454 2256 et
3487 2210 3569 2255 te.

1971 2307 2124 2348 mere
2159 2291 2360 2348 festum
2392 2301 2509 2347 tum
2537 2307 2802 2364 peragere
2834 2292 3126 2364 contingit.
3160 2293 3304 2358 Quin
3329 2292 3442 2350 imo
3470 2293 3568 2347 lio-

1971 2385 2174 2456 dieque
2197 2385 2251 2442 id
2280 2383 2463 2441 facere
2520 2400 2813 2456 perperam
2861 2386 2983 2441 illos
3029 2386 3308 2452 videmus,
3363 2388 3459 2456 qui
3511 2387 3567 2444 in

1972 2477 2178 2533 nostris
2207 2477 2524 2532 civitatibus
2550 2479 2777 2548 degunt.
2815 2477 2924 2533 Nos
2967 2486 3148 2534 autem
3197 2480 3343 2548 quod
3384 2489 3563 2535 tutum

1971 2570 2376 2640 indubiumque
2410 2578 2500 2625 est
2522 2554 2688 2625 'nobis
2715 2580 3056 2638 asserentes,
3082 2581 3140 2626 et
3174 2569 3380 2627 Judwis
3412 2572 3566 2628 hisce

1970 2660 2063 2730 qui
2100 2660 2244 2715 haud
2281 2661 2367 2731 pie
2416 2657 2649 2723 faciunt,
2684 2659 2909 2730 longum
2964 2664 3151 2716 valere
3179 2661 3457 2732 iubentes,
3497 2663 3563 2717 ad

1970 2751 2222 2822 proxime
2248 2759 2573 2822 sequentem
2608 2767 2856 2807 mensem
2888 2753 3138 2808 lunarem
3171 2754 3562 2811 contendimus

1971 2842 2162 2913 (quem
2198 2842 2316 2897 dies
2344 2841 2550 2911 Aprilis
2575 2843 2854 2912 complere
2895 2842 3120 2914 solent).
3149 2844 3373 2913 quando
3397 2847 3562 2917 longo

1970 2934 2192 3007 quidem
2227 2933 2443 2988 dierum
2493 2933 2785 2989 intervallo
2823 2933 3034 2991 Pascha
3082 2946 3333 2992 nostrum
3384 2954 3417 2994 a
3459 2938 3563 2994 Ju-

1969 3029 2130 3085 daico
2162 3028 2371 3085 distare
2406 3029 2699 3097 contingit.
2725 3029 3035 3087 Prudenter
3063 3035 3201 3087 adeo
3225 3050 3289 3090 ac
3321 3035 3561 3107 diligen-

282 3143 372 3197 την
394 3131 453 3181 τὸ
483 3128 681 3201 Πάσχα
731 3131 1041 3187 τελέσουσιν
1090 3134 1407 3208 ἰσημερίαν,
1438 3140 1863 3208 συνεορταστέον

1971 3133 2054 3179 tcr
2092 3122 2269 3177 sancti
2307 3120 2498 3178 Patres
2532 3132 3016 3179 sacrosanctorum
3055 3126 3429 3195 apostolorum
3458 3127 3561 3182 de-

284 3218 480 3285 αὐτοῖς.
517 3220 697 3276 Τοῦτο
746 3222 855 3294 γὰρ
889 3225 986 3279 καὶ
1012 3226 1043 3278 6
1089 3226 1188 3297 τῆς
1220 3229 1278 3281 ἐν
1319 3229 1623 3303 Ἀντιοχείᾳ
1646 3232 1865 3302 πρῶτος

283 3308 621 3382 ἀπαγορεύει
667 3314 871 3381 κανὼν,
925 3315 1269 3387 ἐξεπίτηδες,
1303 3318 1380 3386 ὡς
1411 3319 1584 3385 ἔοικε,
1615 3321 1710 3375 τὸν
1737 3323 1864 3378 νοῦν

284 3401 600 3473 ἑρμηνεύων
630 3403 724 3456 τοῦ
780 3405 1143 3460 ἀποστολικοῦ
1193 3407 1347 3463 τοῦδε
1380 3411 1628 3476 κανόνος,
1650 3412 1734 3465 ὅτι
1767 3413 1864 3470 δύο

285 3478 489 3565 τίθησιν
521 3495 620 3549 ἐπὶ
651 3495 746 3550 τοῦ
790 3498 981 3569 Πάσχα
1005 3499 1329 3573 διορισμοὺς
1367 3505 1397 3558 6
1439 3504 1640 3569 κανὼν,
1670 3509 1719 3559 εἰ
1769 3508 1866 3561 καὶ⁸

279 3584 413 3642 οὕτω
439 3589 533 3644 τὸν
578 3589 737 3658 λόγον
787 3596 1095 3663 προήγαγε.
1129 3595 1255 3660 Τοῖς
1297 3596 1575 3662 Ἰουδαίοις
1606 3599 1754 3669 ἡμᾶς
1786 3600 1864 3671 μὴ

284 3683 677 3752 συνεορτάζειν,
706 3683 801 3737 καὶ
822 3683 923 3757 τὴν
952 3686 1175 3759 ἐαρινὴν
1193 3688 1519 3759 περιμένειν
1544 3691 1862 3762 ἰσημερίαν.

279 3764 367 3836 οἷς
403 3772 587 3844 ἕτεροι
618 3774 712 3829 δύο
744 3775 803 3841 ἐξ
837 3777 1086 3850 ἀνάγκης
1110 3779 1585 3851 ἐπηκολούθησαν,
1617 3780 1774 3848 ἄγειν
1801 3800 1861 3836 τε

280 3864 370 3936 τὴν
416 3868 616 3939 ἑορτὴν
658 3867 826 3932 εὐθὺς
860 3872 928 3941 τῇ
965 3870 1162 3945 πρώτῃ
1226 3872 1366 3942 μετά
1413 3872 1512 3944 τὴν
1562 3873 1859 3946 ἰσημερίαν

283 3962 622 4032 πανσελήνῳ,
664 3964 761 4016 καὶ
797 3964 937 4034 μετά
967 3963 1178 4037 ταύτην
1218 3966 1294 4037 μὴ
1335 3967 1395 4020 ἐν
1427 3966 1724 4040 οίᾳδὴποτε
1750 3968 1861 4023 τῶν

283 4055 495 4126 ἡμερῶν
525 4056 740 4123 ἁπλῶς,
798 4056 914 4110 ἀλλ’
952 4059 1010 4112 ἐν
1039 4061 1107 4130 τῇ
1144 4060 1336 4132 πρώτη
1370 4062 1508 4132 μετὰ
1528 4062 1631 4131 τὴν
1661 4063 1862 4116 πανσέ-

282 4141 428 4215 ληνον
454 4145 622 4208 εὐθὺς
642 4146 744 4215 τῆς
779 4147 1076 4218 ἑϐδομάδος
1111 4149 1318 4221 ἡμέρᾳ.
1370 4151 1481 4206 Καὶ
1507 4153 1555 4206 οἱ
1582 4153 1681 4224 μὲν
1704 4152 1857 4207 ἄλλοι

280 4237 379 4289 τῶν
401 4237 702 4312 διορισμῶν
733 4238 816 4293 ἔτι
837 4243 935 4294 καὶ
960 4241 1054 4294 νῦν
1082 4241 1319 4312 βεϐαίως
1365 4243 1757 4315 διατηροῦνται
1778 4260 1792 4276 ⁸
1822 4248 1856 4319 ἠ

279 4326 331 4380 δὲ
358 4331 492 4400 μετὰ
527 4331 629 4400 τὴν
656 4332 993 4403 πανσέληνον
1024 4333 1285 4396 πολλάκις
1331 4335 1466 4405 ἡμῖν
1498 4336 1856 4407 ὑπερτίθεται

281 4422 551 4495 Κυριακὴ,
622 4424 701 4496 τῷ
751 4424 848 4478 δύο
890 4425 1288 4495 προστίθεσθαι
1339 4428 1558 4499 ἡμέρας
1615 4431 1853 4487 ἐκάστου

1972 3225 2121 3271 creta
2166 3216 2561 3279 observabant,
2594 3224 2652 3270 ut
2686 3215 2790 3271 ltoc
2839 3231 2950 3285 pra:
2991 3218 3209 3275 caeteris
3248 3227 3432 3274 ratum
3461 3220 3554 3276 lir-

1970 3323 2231 3380 mumque
2306 3323 2429 3364 esse
2459 3316 2790 3373 statuerent,
2836 3322 2905 3363 ne
2975 3309 3102 3378 quis
3156 3325 3282 3365 cum
3351 3310 3559 3369 Judaeis

1967 3400 2221 3471 quamvis
2250 3407 2375 3469 post
2405 3400 2803 3467 aequinoctium
2873 3415 3107 3454 vernum
3159 3400 3427 3457 Paschale
3476 3403 3553 3459 [ευ

1969 3503 2116 3548 stum
2144 3491 2445 3563 agentibus
2504 3507 2609 3545 una
2658 3491 2920 3547 celebret.
2966 3492 3180 3563 Quippe
3213 3493 3316 3549 ltoc
3343 3495 3555 3564 primus

1964 3595 2117 3640 vetat
2150 3584 2345 3657 synodi
2367 3584 2728 3641 Antiochense
2748 3598 2950 3648 canon,
2976 3585 3234 3640 consulto
3261 3594 3318 3640 ut
3341 3587 3553 3641 videtur

1965 3691 2192 3732 sensum
2255 3675 2544 3745 explicans
2594 3676 2828 3730 canonis
2882 3676 3058 3746 ipsius
3121 3676 3430 3747 aposmlici,
3487 3693 3554 3732 eo

1965 3766 2110 3837 quod
2140 3754 2281 3821 duas
2314 3764 2664 3822 deﬁnitiones
2690 3766 2758 3821 de
2789 3763 3061 3822 Paschate
3089 3767 3555 3833 statuat,ctiamsi

1964 3857 2114 3913 hunc
2164 3856 2219 3911 in
2276 3856 2500 3911 modqu
2554 3865 2869 3927 proponat;
2905 3855 3130 3912 Nosmet
3186 3872 3309 3912 cum
3350 3854 3554 3914 Judmis

1966 3966 2074 4005 una
2106 3948 2309 4004 festum
2361 3948 2536 4005 nullos
2573 3963 2774 4020 agere,
2817 3957 2874 4005 et
2901 3950 3298 4021 mquinoctium
3331 3952 3555 4007 vernale

1964 4053 2287 4115 exspectare
2316 4052 2557 4114 oportet.
2603 4042 2685 4097 Ex
2717 4043 2920 4113 quibus
2953 4042 3076 4098 dua:
3117 4043 3238 4098 alim
3270 4043 3553 4099 delinitio-

1963 4153 2061 4192 nes
2085 4135 2396 4195 necessario
2432 4134 2828 4205 sequebantur,
2862 4135 3115 4190 videlicet
3156 4135 3548 4190 celebrandum

1960 4246 2085 4288 esse
2135 4229 2337 4284 festum
2392 4228 2573 4299 primo
2626 4229 2815 4284 statim
2852 4228 3163 4298 pleniluuio
3211 4239 3333 4297 post
3379 4230 3555 4298 aequi-

1961 4325 2231 4388 noctium,
2268 4323 2575 4394 etquidem
2608 4331 2730 4392 post
2762 4321 2895 4376 illud
2930 4337 3042 4377 non
3099 4322 3432 4390 simpliciter
3462 4324 3554 4377 die

1961 4416 2182 4490 quovis,
2244 4415 2338 4470 sed
2405 4415 2494 4470 die
2553 4414 2881 4485 septimanae
2940 4416 3119 4484 primo
3186 4414 3550 4484 plenilunium

280 4512 423 4578 ἔτους
444 4516 524 4585 τῷ
552 4514 747 4586 Πάσχα
774 4514 852 4586 τῷ
867 4516 1100 4587 νομικῷ,
1122 4518 1216 4570 καὶ
1245 4518 1364 4589 μετ’
1393 4520 1614 4584 ἐκείνας
1644 4523 1737 4575 ἐπὶ
1758 4524 1859 4595 τὴν

1966 4511 2211 4580 proxime
2257 4518 2544 4578 sequente.
2595 4508 2803 4562 Caetera
2848 4508 3070 4579 quidem
3119 4514 3338 4563 decreta
3383 4509 3552 4564 etiam

281 4606 557 4678 Κυριακὴν
583 4606 860 4680 ἔρχεσθαι.
889 4609 1097 4680 Συνέϐη
1140 4609 1198 4663 δὲ
1220 4628 1381 4666 τουτο
1414 4613 1519 4667 οὐκ
1547 4614 1607 4680 ἐξ
1634 4616 1860 4684 ἀγνοίας

279 4699 585 4773 ἢάπειρίας
618 4701 727 4756 τῶν
772 4700 1148 4757 θεσπισάντων
1180 4704 1440 4775 Πατέρων
1467 4707 1561 4761 τὸν
1606 4709 1734 4781 περὶ
1762 4710 1857 4765 τοῦ

281 4790 461 4862 Πάσχα
489 4791 707 4846 τουτονὶ
736 4790 923 4863 νόμον,
968 4792 1107 4847 ἀλλά
1150 4792 1229 4865 τῷ
1273 4794 1457 4865 δρόμῳ
1485 4797 1587 4869 τῆς
1627 4800 1857 4874 σελήνης

281 4882 342 4938 τά
368 4888 465 4956 τῆς
484 4885 665 4949 αίτίας
697 4885 1026 4959 ἀναφέρεται
1047 4886 1280 4959 ταύτης.
1307 4886 1533 4962 Ἐπειδὴ
1561 4891 1672 4964 γὰρ
1700 4888 1858 4959 αὖθις

278 4978 336 5031 τὸ
362 4980 633 5033 ἐνιαύσιον
663 4981 871 5051 κίνημα
899 4980 968 5035 δι’
992 4980 1218 5053 ἡμερῶν
1239 4981 1676 5040 ἀποκαθίσταται
1697 5004 1856 5057 τρια-

279 5071 468 5126 κοσίων
519 5072 787 5142 ἐξήκοντα
833 5072 998 5129 πέντε
1034 5075 1129 5128 καὶ
1159 5077 1598 5148 τεταρτημορίου
1641 5079 1854 5151 ἡμέρας

282 5159 521 5231 ἔγγιστα,
547 5162 623 5226 ὦς
645 5162 883 5235 εἴρηται,
922 5163 978 5216 αἱ
1002 5162 1058 5217 δὲ
1112 5163 1275 5236 μέσαι
1306 5165 1407 5237 τῆς
1439 5166 1667 5240 σελήνης
1714 5172 1854 5224 κατά

285 5255 446 5324 μῆκος
498 5254 726 5327 πάροδοι
784 5255 887 5310 οὐκ
944 5256 1420 5313 ἀποκαθίστανται
1447 5258 1508 5314 ἐν
1535 5259 1679 5325 ὅλοις
1705 5261 1852 5317 ἔτεσι

285 5345 482 5429 ιθ¹ιτοῖς
532 5347 671 5401 κατά
705 5330 1029 5421 προσθήκην
1082 5347 1179 5403 τοῦ
1210 5350 1477 5423 τετάρτου
1511 5352 1853 5425 ἀριθμουμέ-

284 5454 400 5504 νοις,
427 5440 565 5494 άλλά
594 5442 744 5512 παρὰ
776 5442 908 5511 μιᾶς
936 5442 1150 5515 ἡμέρας
1174 5440 1446 5515 ἐξηκοστά
1468 5445 1663 5517 πρῶτα
1696 5446 1848 5517 τρία,

283 5532 366 5583 καὶ
411 5532 636 5604 δεύτερα
696 5533 993 5607 τριάκοντα
1040 5536 1180 5590 ἐπτά
1203 5552 1217 5568 ·
1251 5536 1446 5592 τούτου
1476 5538 1637 5610 χάριν
1690 5539 1747 5592 ἐν
1773 5539 1849 5595 τδ⁹

283 5622 561 5686 ἐνιαυτοῖς,
597 5626 695 5697 οὐχ
727 5626 873 5689 ὅλοις
892 5627 1077 5694 πάλιν,
1114 5627 1231 5682 ἀλλ’
1256 5630 1678 5701 ἐλαττουμένοις
1709 5632 1848 5703 ἡμέ-

287 5728 377 5776 ρας
403 5715 572 5782 οὐδὲν,
598 5717 868 5788 ἑξηκοστά
897 5719 1091 5791 πρῶτα
1117 5720 1193 5798 νζν
1218 5722 1315 5774 καὶ
1344 5720 1577 5793 δεύτερα
1607 5720 1708 5794 νβ’,
1727 5725 1846 5796 ἡτοι

289 5804 408 5874 μίαν
432 5809 644 5880 ἡμέραν
674 5812 986 5885 ἔγγιστα,ἡ
1018 5812 1284 5887 εἰρημένη
1323 5815 1532 5886 γίνεται
1564 5817 1845 5893 ἀποκατά-

1964 4603 2238 4673 hodieque
2291 4610 2612 4659 constanter
2643 4603 3016 4658 observantur
3039 4643 3054 4668 ,
3088 4602 3231 4657 diem
3277 4618 3411 4658 vero
3441 4604 3553 4657 Do-

1958 4696 2220 4752 minicam
2278 4694 2645 4767 plenilunium
2693 4696 2948 4766 proxime
3010 4705 3336 4765 sequentem
3405 4712 3554 4766 saepe

1957 4790 2182 4848 diﬁ‘erre
2250 4789 2516 4851 solemus.
2568 4803 2634 4845 eo
2685 4789 2834 4860 quod
2884 4769 3191 4844 duos'dies
3236 4793 3543 4857 quotannis

1955 4885 2215 4941 Pascbati
2240 4883 2402 4954 legali
2445 4882 2759 4955 adjicimns,
2789 4890 2843 4936 et
2882 4890 3011 4954 post
3034 4881 3159 4937 illos
3195 4882 3262 4936 ad
3299 4881 3549 4937 Domini-

1956 4994 2082 5035 cum
2145 4977 2488 5033 accedimus.
2536 4974 2784 5046 Contigit
2845 4983 3028 5029 tamen
3080 4975 3227 5030 istud
3281 4975 3427 5030 haud
3481 4992 3548 5031 ex

1955 5071 2180 5127 inscitia
2214 5080 2271 5125 et
2320 5067 2635 5140 ignorantia
2686 5066 2936 5130 Patrum,
2972 5070 3066 5137 qui
3113 5069 3217 5123 hoc
3264 5068 3433 5124 modo
3477 5068 3548 5125 de
3630 5096 3640 5107 -

1953 5162 2223 5219 Paschate
2274 5160 2670 5227 decernebant,
2727 5160 2824 5216 sed
2877 5162 3064 5230 potius
3121 5160 3224 5218 hoc
3276 5161 3547 5234 quidquid

1953 5262 2038 5314 est
2065 5257 2237 5327 eulpae
2259 5256 2313 5310 in
2338 5255 2483 5310 lunae
2507 5269 2706 5309 cursus
2740 5254 3093 5309 referendum
3127 5263 3234 5310 cst.
3267 5253 3539 5322 Quoniam

1953 5353 2103 5408 enim
2152 5359 2337 5405 motus
2418 5363 2639 5404 annuus
2693 5347 2893 5405 diebus
2947 5349 3217 5404 trecentis
3260 5349 3544 5421 sexaginta

1952 5444 2223 5516 quinque,
2249 5452 2306 5497 et
2328 5450 2524 5511 quarta
2550 5440 2666 5496 fere
2696 5440 2804 5496 diei
2830 5450 3004 5511 parte,
3057 5442 3140 5496 uti
3175 5442 3381 5499 dictum
3431 5455 3538 5507 εει,

1950 5536 2260 5609 perﬁcitur,
2296 5534 2441 5589 luna:
2488 5543 2672 5589 autem
2716 5545 2906 5591 motus
2939 5538 3102 5592 medii
3143 5538 3197 5591 in
3241 5537 3537 5608 longitudi-

1948 5645 2078 5686 nem
2112 5644 2225 5685 non
2262 5631 2629 5684 restituantur
2649 5643 2845 5685 exaCte
2876 5630 2932 5684 in
2967 5628 3348 5685 novemdecim
3376 5632 3539 5687 annis

1952 5723 2241 5796 completis
2282 5721 2438 5788 iuxta
2477 5723 2807 5794 quadrantis
2838 5722 3175 5779 additiouem
3232 5735 3543 5795 supputati-

1949 5818 2056 5889 dis,
2107 5815 2244 5888 quin
2288 5813 2470 5872 desint
2517 5814 2607 5888 (ad
2655 5815 2870 5890 cyclum
2908 5814 3322 5888 complendum)
3367 5816 3535 5873 unius
