4054 6462
426 351 491 415 71
1621 346 1987 410 ΜᾹΤΤΗᾸΞΙ
2024 345 2449 404 ΒΙΑΞΤΑΒΙΞ
3631 345 3702 409 72

424 467 533 523 diei
588 474 701 522 tros
752 466 1106 537 sexagesima:
1163 466 1372 537 primas.
1437 476 1489 520 et
1536 466 1758 535 triginta
1805 473 2016 533 septem

2142 481 2340 527 ςτασις.
2382 464 2484 516 Διά
2513 462 2575 533 δὴ
2605 463 2764 517 τοῦτο
2789 464 2990 534 ἀρτίως
3013 462 3106 516 δύο
3138 462 3277 533 μετά
3306 462 3405 534 τὴν
3431 463 3702 536 πανσέλη-

423 570 606 630 partes
633 559 927 624 secundm;
956 559 1162 613 idcirco
1196 559 1247 613 in
1285 560 1450 613 annis
1482 558 1586 613 504
1631 574 1742 611 nou
1773 556 2019 625 comple-

427 656 499 707 tis
534 653 753 722 quidem
798 652 924 712 illis,
975 652 1068 705 sed
1099 650 1490 705 deﬁcientibus
1520 650 1687 703 unius
1725 648 1832 701 diei
1856 662 2021 701 sexa-

425 745 647 815 gesimis
680 745 871 813 primis
897 743 965 796 57
992 756 1047 798 et
1074 743 1433 813 sexagesimis
1480 742 1744 797 Secundis
1785 741 1855 795 ΒΞ
1905 741 2021 795 sive

428 838 602 891 ferme
634 836 724 889 die
753 851 886 899 uno,
912 835 1056 889 dicta
1092 834 1373 889 revolutio
1407 835 1710 905 peragitur.
1742 832 2021 900 Quamob-

430 947 544 984 rem
575 938 697 998 apte
730 936 855 997 post
882 928 1245 997 plenilunium
1299 929 1406 983 duo
1440 928 1556 983 dies
1591 927 1761 982 additi
1810 937 1939 982 sunt
1966 926 2021 980 in

430 1023 624 1092 legalis
668 1020 951 1077 Paschalis
995 1021 1438 1092 investigatione,
1481 1036 1607 1076 cum
1666 1037 1774 1075 non
1809 1028 2023 1090 poterat

430 1116 792 1188 plenilunium
810 1125 1000 1169 exacte
1030 1115 1298 1183 attingere
1320 1114 1463 1169 diem
1493 1113 1700 1168 mensis
1722 1128 1751 1166 a
1769 1112 2025 1168 Pati-ibus

432 1210 748 1273 deﬁnitam;
779 1210 1005 1277 quippe,
1048 1216 1110 1262 ut
1153 1207 1422 1272 diximus,
1458 1208 1511 1261 in
1568 1208 1729 1261 annis
1782 1206 1883 1260 501
1933 1205 2020 1259 die

434 1316 545 1355 uno
562 1300 808 1369 proxime
827 1299 1034 1353 deticit.
1050 1298 1217 1352 istam
1244 1302 1563 1352 varietatem
1582 1307 1759 1355 status
1780 1296 2021 1351 Pascha—

443 1392 513 1445 tis
547 1391 689 1453 dies,
718 1397 773 1444 et
799 1398 981 1443 motus
1007 1388 1369 1442 luminarium
1401 1387 1616 1442 creavit
1640 1402 1661 1440 τ
1690 1402 1813 1456 quae
1835 1394 2025 1440 tamen

438 1482 692 1551 religioni
725 1480 952 1534 minime
984 1488 1163 1545 nocet,
1194 1480 1304 1535 imo
1332 1483 1516 1549 potius
1562 1479 1791 1533 multum
1849 1479 2024 1547 juvat.

438 1574 572 1627 lude
602 1573 747 1627 enim
788 1573 1055 1641 temporis
1104 1571 1453 1626 intervallum
1516 1571 1824 1626 evidentius
1859 1586 2028 1641 appa-

443 1675 546 1729 ret,
576 1666 720 1720 inter
752 1664 944 1732 legalis
966 1672 1019 1718 et
1048 1664 1221 1718 nostri
1254 1664 1543 1718 Paschalis
1572 1664 2027 1729 celebrationem,

2098 555 2211 609 ’νον
2236 555 2441 625 ἡμέραι
2472 556 2822 626 εὑρίσκονται
2855 555 3281 627 προστιθέμεναι
3316 556 3376 608 ἒν
3398 554 3461 627 τῇ
3483 556 3580 609 τοῦ
3615 574 3703 610 νο-

2127 647 2286 717 μικοῦ
2339 648 2528 717 Πάσχα
2569 634 2807 717 εὑρέσῖει,
2842 649 2944 717 τῆς
2983 649 3321 715 πανσελήνου
3364 648 3439 720 μὴ
3468 648 3705 718 δυναμέ-

2124 756 2221 807 νης
2265 739 2594 792 καταλαϐεῖν
2644 741 2852 810 ἀρτίως
2903 740 2999 810 τὴν
3047 740 3360 809 ὁρισθεῖσαν
3424 740 3563 820 τότε
3594 739 3709 802 τοῖς

2125 829 2376 899 Πατράσι
2411 831 2616 901 ποστὴν
2641 830 2734 883 τοῦ
2767 830 2956 899 μηνὺς,
2983 830 3404 899 ἐλαττουμένης,
3447 829 3522 891 ὡς
3555 829 3710 898 εἴρη-

2124 922 2235 987 ται,
2267 923 2323 973 ἐν
2374 921 2709 991 τριακοσίοις
2762 921 3057 990 τέσσαρσιν
3117 923 3286 983 ἔτεσι,
3330 921 3460 990 μίαν
3494 920 3708 990 ἡμέραν

2126 1014 2372 1083 ἔγγιστα.
2411 1016 2521 1067 Καὶ
2542 1013 2800 1083 τοιαύτην
2830 1014 2924 1083 μὲν
2953 1013 2980 1064 ὁ
3011 1014 3203 1084 χρόνος
3224 1016 3352 1082 περὶ
3378 1013 3475 1084 τὴν
3496 1014 3710 1083 ἡμέραν

2126 1106 2223 1161 τοῦ
2283 1107 2475 1176 Πάσχα
2519 1108 2614 1158 καὶ
2658 1106 2820 1176 ἡτῶν
2846 1107 3151 1175 φωστὴρων
3209 1105 3423 1175 κίνησις
3449 1106 3546 1175 τὴν
3570 1106 3714 1158 άνωο

2131 1198 2330 1269 μαλίαν
2361 1199 2631 1267 πεποίηκε
2650 1214 2664 1227 ο
2696 1201 2761 1269 τῇ
2785 1198 3043 1270 εὐσεόείᾳ
3072 1214 3134 1265 γε
3172 1198 3280 1269 μὴν
3305 1196 3711 1251 οὐδοπωστιοῦν

2129 1291 2287 1346 τοῦτο
2319 1291 2660 1359 λυμαίνεται,
2690 1290 2772 1343 ὅτι
2811 1290 2885 1361 μὴ
2924 1292 3018 1345 καὶ
3048 1290 3116 1342 τὰ
3146 1289 3379 1359 ,μεγάλα
3408 1289 3712 1360 συμϐάλλε-

2130 1396 2243 1432 ται.
2302 1379 2753 1449 Περιφανεστέρα
2809 1380 2915 1448 γὰρ
2962 1380 3212 1433 ἐντεῦθεν
3242 1381 3274 1449 ἡ
3302 1379 3581 1444 διάστασις
3608 1379 3717 1433 δεί-

2130 1493 2324 1529 κνυται
2348 1476 2445 1545 τῆς
2474 1494 2531 1528 τε
2558 1475 2650 1528 τοῦ
2681 1476 2908 1545 νομικοῦ
2938 1477 3031 1529 καὶ
3064 1477 3158 1529 τοῦ
3182 1477 3459 1547 ἡμετέρου
3492 1476 3715 1545 τελετῆς

2133 1568 2346 1637 Πάσχα,
2378 1568 2439 1621 οὐ
2472 1568 2600 1638 μιᾶς
2626 1570 2867 1638 ἡμέρας,
2888 1568 2963 1630 ὡς
3010 1569 3153 1632 τότε,
3183 1568 3320 1622 ἀλλά
3352 1569 3522 1638 τριῶν
3556 1585 3720 1639 μεσοο

2132 1660 2414 1714 λαὸουσῶν
2457 1660 2830 1731 τούλάχιστον.
2867 1660 2967 1715 Διά
2997 1661 3104 1731 γὰρ
3143 1660 3303 1715 τοῦτο
3357 1663 3572 1723 πάντως
3617 1662 3716 1715 καὶ

443 1754 681 1823 sumptis
725 1769 835 1806 non
869 1768 999 1818 uno,
1037 1753 1181 1822 quod
1221 1760 1334 1806 tum
1363 1751 1592 1816 factum,
1617 1752 1711 1806 scd
1746 1753 1921 1805 tribus
1960 1752 2029 1806 ad

2142 1750 2235 1820 τὴν
2265 1751 2479 1820 ἡμέραν
2519 1751 2569 1803 οί
2605 1750 2847 1821 Πατέρες
2883 1750 3305 1821 μετενηνόχασιν
3336 1751 3431 1804 ἐπὶ
3464 1751 3562 1819 τὴν
3596 1751 3716 1803 Κυ-

444 1845 730 1899 minimum
791 1843 992 1898 diebus
1048 1842 1410 1896 intermediis.
1461 1842 1635 1907 Quam
1683 1842 1753 1897 ob
1809 1858 2031 1897 causam

2142 1842 2369 1913 ριακὴν·
2405 1841 2451 1893 εί
2484 1840 2530 1893 δ’
2560 1841 2618 1892 ἐν
2649 1842 2903 1911 κυριακῇ
2926 1841 2989 1892 τὸ
3035 1830 3261 1911 νομικὸν
3292 1841 3447 1912 τύχοι
3492 1844 3715 1912 Πάσχα,

445 1938 639 1989 Patres
705 1934 848 1989 diem
909 1934 1221 2003 paschalem
1291 1934 1517 1988 omnino
1577 1934 1631 1988 in
1688 1934 2027 1989 Dominicam

447 2025 873 2088 transtulerunt,
922 2034 1089 2095 atque
1146 2039 1275 2078 cum
1325 2026 1379 2079 in
1440 2026 1777 2081 Dominicam
1825 2025 2031 2081 incidat

445 2121 656 2175 Pascha
722 2120 914 2190 legale,
967 2128 1217 2174 nostrum
1276 2120 1329 2173 in
1383 2119 1723 2174 Dominicam
1779 2123 2030 2187 proxime

445 2224 761 2282 sequentem
814 2213 1209 2267 removendum
1244 2228 1367 2267 esse
1423 2224 1751 2277 sanxerunt,
1804 2228 2024 2282 aequum

447 2304 771 2373 bonumque
805 2318 927 2356 esse
952 2301 1291 2370 iudicantes,
1324 2311 1383 2355 ut
1416 2302 1655 2355 invisum
1682 2303 1792 2356 Deo
1852 2303 2034 2357 infau-

445 2407 706 2464 ﬁlumque
757 2396 957 2449 festum
978 2409 1377 2458 aversaremur,
1428 2404 1591 2464 atque
1641 2395 1806 2464 longo
1857 2395 2033 2449 inter-

445 2487 593 2539 vallo
616 2485 827 2541 Pascha
861 2496 1111 2540 nostrum
1171 2486 1239 2540 ab
1274 2486 1384 2541 isto
1415 2487 1592 2540 modis
1631 2487 1890 2541 onmibus
1938 2484 2027 2540 di-

449 2580 885 2647 stingueremus.
916 2578 1041 2632 Haec
1073 2588 1252 2633 autem
1284 2578 1334 2632 in
1360 2578 1715 2648 sequentibus
1741 2579 1921 2635 fusius
1947 2594 2039 2635 os-

451 2672 739 2726 tendemus
772 2672 888 2739 (ubi
921 2681 975 2725 et
998 2671 1213 2727 tabulas
1246 2671 1501 2725 dabimus
1528 2672 1925 2741 aequinoctium
1973 2685 2040 2726 ac

2135 1935 2228 1987 ἐπὶ
2258 1933 2356 2001 τὴν
2379 1933 2507 2004 ἑξῆς
2540 1934 2886 2002 μεταϐαίνειν
2926 1932 3267 2003 διωρίσαντο,
3304 1934 3405 2001 τὴν
3447 1933 3718 2002 θεομάχον

2135 2026 2228 2078 καὶ
2257 2024 2515 2096 ἀνέορτον
2546 2025 2726 2079 αὐτῶν
2759 2024 2951 2095 ἑορτὴν
2989 2025 3138 2094 ἡμᾶς
3172 2024 3560 2094 ἐκτρέπεσθαι,
3619 2026 3718 2077 καὶ

2138 2115 2333 2186 μακρῷ
2360 2115 2438 2185 τῷ
2463 2115 2802 2185 διαστήματι
2856 2116 2957 2183 τὴν
2987 2114 3267 2185 ἡμετέραν
3301 2116 3519 2185 ἐκείνης
3580 2117 3719 2167 πᾶσι

2133 2210 2353 2278 τρόποις
2384 2206 2827 2271 ἀποδιῖστασθαι,
2858 2207 2916 2258 ἐν
2941 2206 3093 2276 καλῴ
3138 2206 3352 2259 κεῖσθαι
3376 2212 3381 2218 ”
3403 2206 3718 2275 σκοπήσαν-

2132 2318 2243 2364 τες,
2273 2301 2457 2352 Ταῦτα
2477 2298 2534 2352 δὲ
2557 2298 2973 2368 πλατυκώτερον
2998 2300 3131 2368 ἡμῖν
3157 2299 3411 2365 προϊοῦσι
3437 2298 3718 2367 δειχθήσεο

2131 2411 2245 2459 ται,
2280 2394 2407 2447 ἔνθα
2444 2393 2541 2446 καὶ
2573 2392 2797 2445 κανόνια
2821 2392 3180 2453 ἐκτέθεινται,
3204 2393 3306 2462 τήν
3329 2410 3388 2444 τε
3423 2392 3719 2461 ἰσημερίαν

2135 2486 2233 2539 καὶ
2261 2486 2361 2548 τὰς
2393 2484 2767 2555 πανσελήνους
2812 2484 3271 2556 ὁλοσχερέστερον
3318 2483 3720 2553 ἐρμηνεύοντα,

2136 2578 2234 2631 καὶ
2259 2578 2315 2631 ιν
2350 2577 2523 2641 ποίοις
2554 2575 2701 2630 ἔτεσι
2727 2577 2978 2648 φανερῶς
2999 2577 3033 2647 ἡ
3057 2577 3165 2631 τῶν
3185 2575 3457 2645 συξυγιῶν
3483 2574 3722 2646 διαφορὰ

2137 2669 2434 2723 δείκνυται.

452 2767 757 2833 plenilunia
795 2781 994 2822 crasso
1019 2769 1178 2821 modo
1208 2766 1559 2838 indicantes),
1592 2776 1709 2824 tum
1754 2769 1919 2824 etiam
1963 2767 2281 2823 docebimus
2344 2767 2675 2836 quibusnam
2748 2765 2803 2820 in
2853 2765 3015 2821 annis
3087 2764 3381 2821 admodum
3434 2764 3723 2820 manifesta

450 2854 522 2908 sit
558 2855 1007 2924 conjunctionum
1035 2855 1368 2912 differentia.

523 2950 793 3004 Cmterutn
828 2957 880 3001 et
907 2949 1045 3004 utile
1071 2949 1237 3004 fuerit
1263 2949 1591 3020 disquirere,
1624 2967 1787 3023 quam
1819 2951 1891 3008 ob
1912 2967 2040 3008 cau-

453 3055 571 3095 sam
625 3048 749 3110 post
800 3055 1028 3094 vernum
1067 3042 1459 3112 aequinoctium
1507 3044 1717 3101 Pascha
1760 3046 2040 3101 celebrare

447 3132 761 3202 jubcamur.
792 3130 954 3200 203
982 3130 1110 3185 Fuit
1159 3132 1347 3202 igitur,
1395 3136 1616 3203 quando
1654 3135 1799 3191 Deus
1828 3150 1895 3192 ex
1927 3152 2040 3192 non

2221 2952 2382 3006 Ἀλλά
2402 2950 2513 3021 γὰρ
2545 2951 2711 3006 καλὸν
2736 2950 2802 3004 ἂν
2831 2951 2916 3022 εἴη
2949 2953 3245 3020 σκοπῆσαι,
3282 2953 3379 3005 καὶ
3424 2952 3565 3013 τίνος
3594 2954 3720 3009 ἐνε-

2140 3061 2238 3098 κεν
2267 3044 2385 3114 μετ’
2417 3044 2711 3115 ἰσημερίαν
2740 3045 2962 3115 ἐαρινὴν
2988 3044 3050 3097 τὸ
3071 3045 3262 3115 Πάσχα
3293 3044 3466 3098 τελεῖν
3490 3062 3726 3115 προστε-

2139 3132 2413 3203 τάγμεθα.
2470 3133 2597 3186 "Ott
2625 3150 2708 3187 τοι
2752 3135 2817 3187 ἐκ
2869 3132 2962 3186 τοῦ
2992 3132 3069 3205 μὴ
3095 3133 3247 3196 ὄντος
3273 3135 3354 3198 είς
3383 3133 3444 3188 τὸ
3465 3130 3606 3188 εἶναι
3630 3137 3725 3191 τὸν

451 3237 578 3277 esse
614 3222 685 3277 ad
724 3237 848 3277 esse
887 3223 1152 3277 mundum
1208 3224 1416 3290 eduxit,
1455 3241 1484 3280 a
1521 3225 1611 3281 die
1642 3228 1820 3294 primo
1864 3241 2039 3299 usque

2143 3226 2350 3296 κόσμον
2396 3225 2817 3296 παραγαγόντος
2864 3224 2960 3278 τοῦ
3010 3223 3170 3290 Θεοῦ,
3220 3224 3329 3278 ἀπὸ
3371 3224 3473 3294 τῆς
3499 3223 3727 3296 πρώτης

453 3317 520 3368 ad
558 3323 771 3369 sextum
804 3314 1012 3385 justum
1062 3315 1477 3385 aequinoctium,
1540 3318 1628 3374 die
1670 3330 1835 3390 atque
1879 3320 2043 3376 etiam

455 3415 616 3463 nocte
674 3422 747 3461 ne
792 3406 1080 3462 minimum
1123 3406 1343 3477 quidem
1388 3408 1497 3466 alia
1535 3411 1696 3477 aliam
1727 3422 2042 3482 superante.

455 3499 721 3567 Quamvis
757 3500 905 3554 enim
937 3499 1055 3555 dies
1077 3509 1310 3571 quartus
1334 3500 1687 3560 luminarium
1709 3506 2047 3561 creationem

452 3595 611 3649 laetus
638 3594 869 3658 viderat.
905 3593 1152 3649 nondum
1188 3600 1372 3650 tamen
1404 3595 1510 3652 illis
1541 3596 1732 3652 datum
1776 3606 1898 3655 erat
1951 3615 2049 3655 an-

451 3700 617 3739 nuam
642 3684 1065 3751 revolutionem,
1103 3685 1252 3756 quod
1282 3701 1428 3743 nunc
1458 3688 1515 3744 in
1554 3698 1748 3746 natura
1795 3691 1895 3763 itit,
1925 3707 2051 3763 per-

452 3790 632 3843 agere.
666 3774 916 3845 Namque
943 3775 1026 3831 sol
1076 3778 1316 3846 primum
1351 3778 1536 3835 statim
1566 3781 1849 3837 cardinem
1878 3786 2049 3856 aequi-

450 3863 740 3918 noctialem
774 3865 1019 3929 subiens,
1047 3866 1102 3920 in
1134 3868 1303 3936 gradu
1337 3870 1516 3939 primo
1552 3872 1740 3926 arietis
1780 3874 2046 3942 substitit,

455 3959 585 4011 luna
625 3970 754 4010 vero
803 3957 859 4009 in
900 3966 1057 4026 parte
1102 3973 1197 4028 per
1225 3958 1557 4016 diametrum
1608 3964 1860 4033 opposita
1906 3967 2050 4023 illico

456 4049 718 4114 distabat,
787 4049 1070 4104 cardinem
1132 4053 1556 4120 autumnalem,
1610 4042 2048 4125 aequinoctialem

459 4141 707 4209 quidem,
756 4143 871 4196 sive
913 4142 1109 4198 libram
1159 4146 1395 4211 intrans,
1442 4163 1620 4217 neque
1658 4150 1884 4206 omnino
1923 4159 2051 4207 ante

458 4233 629 4285 solem
662 4230 986 4301 prosiliens,
1033 4244 1303 4302 quantum
1340 4235 1431 4289 die
1479 4235 1575 4289 illo
1626 4239 1829 4291 moveri
1875 4239 2047 4294 licuit.

457 4323 671 4391 Quippe
710 4324 858 4377 haud
911 4324 1071 4377 aliter
1109 4324 1227 4381 ﬁeri
1276 4327 1476 4396 potuit,
1526 4336 1586 4381 ut
1623 4330 1842 4398 plenum
1884 4330 2052 4401 jubar

457 4427 645 4470 exacte
676 4427 919 4470 servaret
956 4416 1252 4486 (quatenus
1286 4417 1429 4475 Deus
1462 4420 1619 4476 nobis
1668 4422 1909 4475 ostendit
1960 4437 2049 4477 se-

460 4515 572 4560 met
604 4522 632 4559 a
686 4508 958 4577 principio
1011 4507 1397 4579 imperfectum
1453 4512 1587 4565 nihil
1633 4510 1877 4584 fecisse),
1943 4515 2047 4570 ista

2148 3320 2364 3389 ἡμέρας
2404 3318 2531 3390 άχρι
2569 3318 2667 3388 τῆς
2699 3318 2937 3389 ἑϐδόμης
2962 3319 3199 3389 ἀκριϐὴς
3229 3318 3478 3396 ὑπῆρχεν
3531 3320 3731 3390 ἰσημε-

2152 3408 2264 3479 ρία,
2324 3410 2463 3479 μήτε
2520 3409 2619 3478 τῆς
2652 3409 2893 3479 ἡμέρας,
2949 3410 3089 3479 μήτε
3139 3409 3250 3480 μὴν
3282 3412 3382 3479 τῆς
3406 3408 3600 3472 νυκτὸς
3626 3410 3730 3481 τὴν

2148 3500 2365 3571 ἐτέραν,
2404 3498 2540 3571 μηδὲ
2581 3498 2644 3552 τὸ
2671 3501 2962 3571 ἀκαριαῖον
3010 3499 3467 3571 πλεονεκτούσης.
3513 3496 3576 3553 Et
3615 3500 3730 3570 γὰρ

2148 3592 2244 3647 καὶ
2277 3592 2308 3661 ἡ
2341 3591 2580 3662 τετάρτη
2607 3591 2716 3648 τῶν
2760 3592 3009 3664 ἡμερῶν,
3063 3593 3177 3646 τῶν
3229 3595 3540 3664 φωστὴρων
3567 3591 3735 3664 ηὔχει

2151 3687 2400 3758 θεωμένη
2430 3688 2530 3757 τὴν
2551 3688 2789 3757 γένεσιν,
2820 3688 2936 3742 ἀλλ’
2961 3689 3062 3743 οὐκ
3092 3683 3164 3761 ἦν
3183 3689 3369 3754 αὐτοῖς
3394 3691 3736 3761 ἐπιτετραμ-

2154 3780 2316 3852 μένον
2363 3782 2458 3834 καὶ
2497 3780 2595 3853 τὴν
2642 3782 2891 3835 ἐναντίαν
2920 3782 3080 3848 ίέναι,
3121 3781 3194 3845 ὥς
3220 3799 3285 3850 γε
3306 3783 3370 3853 δὴ
3396 3782 3585 3850 τανῦν,
3631 3783 3730 3837 τοῦ

2152 3874 2372 3936 παντός.
2436 3874 2496 3926 Ὀ
2528 3876 2627 3944 μὲν
2673 3875 2782 3945 γὰρ
2809 3874 2979 3946 ἡλιος,
3032 3875 3094 3928 τὸ
3145 3876 3366 3945 πρῶτον
3413 3877 3733 3947 ίσημερινδν

2152 3963 2314 4026 εὐθὺς
2349 3965 2543 4035 τμῆμα
2571 3965 2664 4018 τοῦ
2709 3965 2979 4030 ζωδιακοῦ
3033 3965 3304 4033 ὑπελθὼν,
3340 3967 3398 4019 ἐν
3428 3969 3493 4037 τῇ
3538 3965 3733 4039 πρώτῃ

2151 4055 2246 4109 τοῦ
2273 4055 2431 4126 κριοῦ
2457 4055 2638 4127 ἵδρυτο
2671 4056 2867 4129 μοίρᾳ·
2902 4056 2933 4126 ἡ
2966 4056 3026 4110 δέ
3065 4074 3129 4125 γε
3161 4058 3383 4129 σελήνη,
3413 4058 3469 4110 ὲν
3493 4062 3560 4129 τῇ
3589 4060 3736 4115 κατὰ

2151 4146 2441 4215 διάμετρον
2464 4146 2654 4198 τούτου
2682 4146 2836 4217 χώρᾳ
2861 4147 3207 4217 παραχρῆμα
3234 4148 3498 4214 διΐστατο,
3523 4149 3585 4200 τὸ
3607 4149 3737 4217 φθι-

2152 4239 2453 4308 νοπωρινὸν
2479 4239 2601 4309 μὲν,
2656 4240 2976 4310 ἰσημερινὸν
3010 4240 3067 4292 δὲ
3097 4242 3191 4293 καὶ
3226 4240 3391 4311 αὕτη.
3422 4241 3515 4295 τὸν
3544 4241 3735 4309 ζυγὸν,

2152 4331 2536 4394 διιππεύουσα,
2592 4331 2729 4401 μηδέ
2763 4330 2935 4402 βραχῦ
2977 4331 3070 4384 τοῦ
3118 4332 3271 4402 ἡλίου
3302 4334 3735 4403 προεκπηδῶσα,

2152 4422 2225 4484 ὡς
2256 4422 2388 4491 γοῦν
2420 4421 2632 4490 πέφυκε
2661 4422 2879 4492 τρέχειν
2935 4422 3032 4492 τὴν
3087 4424 3350 4493 τήμερον.
3412 4425 3487 4478 Οὐ
3518 4427 3628 4494 γὰρ
3669 4421 3737 4497 ἦν

2155 4514 2328 4576 ἄλλως
2374 4515 2435 4566 τὸ
2467 4513 2777 4583 πλησιφαὲς
2815 4514 3063 4585 ἀκριϐῶς
3115 4517 3253 4586 αὐτῇ
3303 4517 3735 4587 περισώξεσθαι,

460 4599 588 4653 licet
619 4598 795 4667 portio
819 4614 943 4668 quae
974 4601 1041 4655 ad
1076 4615 1177 4655 nos
1203 4604 1570 4671 convertitur,
1622 4605 1680 4659 in
1725 4616 1896 4661 totum
1928 4606 2039 4677 qui-

2158 4607 2324 4679 μηδὲν
2350 4607 2540 4671 ἀτελὲς
2569 4606 2626 4673 ἐξ
2653 4607 2828 4677 ἀρχῆς
2865 4608 2958 4661 τοῦ
2989 4608 3125 4662 Θεοῦ
3160 4611 3296 4681 πρὸς
3338 4613 3483 4682 ἡμᾶς
3516 4613 3738 4667 ὑποδει-

461 4691 584 4744 dem
617 4689 944 4755 illuminata,
993 4701 1223 4762 propter
1261 4704 1447 4751 motus
1494 4698 1816 4752 varietatem
1866 4699 2048 4754 varias

458 4782 623 4835 etiam
651 4781 849 4849 phases
901 4784 1060 4839 nobis
1096 4787 1377 4843 exhibeat.
1415 4788 1629 4844 Idcirco
1680 4791 1842 4845 ambo
1886 4790 2053 4846 lumi-

460 4872 614 4926 naria
645 4874 1010 4942 aequabiliter,
1051 4892 1148 4933 seu
1181 4880 1366 4948 potius
1430 4881 1701 4938 invariate
1760 4900 1866 4939 una
1920 4900 2047 4940 cum

461 4967 719 5022 universo
749 4967 1108 5036 circumacta,
1143 4975 1298 5041 quasi
1350 4990 1533 5029 rerum
1587 4978 1948 5033 creandarum
1984 4981 2049 5035 il-

464 5075 586 5114 nem
622 5073 686 5112 ac
728 5066 1259 5120 consummationem
1291 5070 1705 5137 exspectabant.
1731 5069 1827 5125 Die
1871 5082 2051 5126 autem

464 5164 624 5209 sexto
698 5170 861 5209 manu
921 5155 1109 5213 divina
1165 5158 1436 5213 formatur
1495 5162 1679 5227 homo,
1724 5164 2054 5232 mquinoctio

465 5250 644 5304 adhuc
674 5250 902 5320 pulchre
930 5249 1240 5320 eﬂ'ulgente,
1284 5255 1527 5323 lunaque
1556 5255 1867 5321 splendoris
1899 5257 2055 5325 copia

464 5341 580 5396 fere
613 5344 728 5412 pari
764 5342 932 5398 solem
959 5352 1148 5396 contra
1173 5343 1433 5398 enitente.
1468 5343 1621 5399 llaud
1660 5338 1807 5400 enim
1839 5362 2055 5419 aequum

462 5445 604 5497 erat,
663 5434 897 5504 primum
948 5434 1222 5487 hominem
1281 5444 1406 5488 ante
1455 5436 1848 5504 aequinoctium
1883 5441 2058 5495 creari

465 5526 749 5595 (cutnjam
780 5526 1021 5581 tenebris
1051 5527 1425 5580 obruerentur
1464 5528 1697 5593 omnia),
1753 5532 1843 5599 qui
1893 5546 2057 5601 prop-

469 5628 552 5671 ter
594 5635 846 5688 magnam
906 5619 990 5673 sui
1029 5634 1152 5672 cmn
1185 5620 1303 5673 luce
1336 5620 1742 5688 cognationem,
1793 5624 1955 5678 etiam
1991 5627 2058 5679 ab

470 5710 589 5764 istis
652 5713 741 5779 qui
790 5711 949 5765 alieni
1005 5711 1281 5765 fuerunta
1322 5713 1543 5782 pietatis
1596 5714 1739 5773 luce.
1803 5718 1920 5784 φῶς
1950 5734 2057 5772 non

472 5802 587 5855 sine
636 5803 845 5857 ratione
902 5806 1204 5873 appellatus
1238 5815 1337 5860 cst.
1392 5806 1496 5861 Sed
1530 5806 1822 5864 luminaria
1870 5811 2057 5867 mundi

2158 4702 2386 4763 κνύντος
2438 4703 2824 4770 πεποιηκέναι,
2857 4703 2907 4754 εί
2964 4703 3058 4756 καὶ
3091 4703 3152 4756 τὸ
3183 4706 3564 4775 τετραμμένον
3601 4711 3741 4780 πρὸς

2155 4793 2248 4845 τὸν
2278 4793 2432 4863 ἦλιον
2465 4794 2636 4863 αὐτῆς
2668 4793 2815 4849 ἅπαν
2869 4794 3056 4866 μέρος,
3105 4796 3282 4850 διόλου
3319 4804 3741 4872 πεφωτισμένον

2156 4890 2445 4958 τυγχάνον,
2486 4890 2563 4960 τῷ
2588 4889 2828 4958 διαφόρῳ
2849 4891 2947 4960 τῆς
2974 4894 3246 4962 κινήσεως
3274 4895 3498 4949 ποικίλα
3529 4898 3597 4950 τά
3628 4898 3740 4954 τῶν

2157 4983 2455 5054 φωτισμῶν
2485 4986 2620 5054 ἡμῖν
2642 4984 2933 5052 ὑποφαίνει
2958 4986 3236 5057 σχήματα.
3270 4987 3527 5058 Ὀμαλῶς
3557 4991 3743 5048 τοίνυν

2156 5079 2254 5130 καλ¹
2282 5076 2450 5148 ἄμφω
2488 5077 2557 5130 τὰ
2615 5077 2793 5146 φῶτα,
2850 5079 3052 5149 μᾶλλον
3082 5079 3140 5133 δὲ
3171 5083 3447 5152 ἀκινήτως
3497 5085 3633 5154 ὁμοῦ
3663 5086 3741 5156 τῷ

2159 5172 2322 5224 παντὶ
2349 5170 2774 5240 συγκινούμενα,
2801 5171 2862 5224 τὺ
2894 5173 3049 5233 τέλος
3076 5174 3241 5228 οἱονεὶ
3290 5175 3388 5245 τῆς
3419 5176 3514 5230 τοῦ
3539 5180 3742 5242 παντὸς

2154 5265 2523 5335 δημιουργίας
2555 5264 2839 5336 ἀνέμενον.
2869 5265 2948 5336 Τῇ
2977 5283 3039 5335 γε
3083 5267 3188 5337 μὴν
3234 5269 3391 5341 ἕκτῃ,
3423 5273 3577 5338 χερσὶ
3602 5271 3740 5325 Θεοῦ

2156 5358 2183 5409 ὁ
2222 5356 2507 5422 ἄνθρωπος
2530 5357 2850 5421 πλάττεται,
2877 5359 3163 5428 ἰσημερίας
3185 5360 3356 5412 είσέτι
3382 5360 3545 5414 καλὸν
3567 5363 3707 5415 ἐπαν
3723 5392 3743 5403 -
3832 5365 3841 5373 '

2160 5449 2380 5519 οούσης,
2415 5451 2509 5503 καὶ
2535 5448 2634 5518 τῆς
2666 5448 2897 5520 σελὴνης
2927 5450 3005 5519 τῷ
3028 5451 3243 5520 δαψιλεῖ
3269 5454 3366 5523 τῆς
3391 5454 3585 5524 αἴγλης
3608 5456 3744 5526 πρὸς

2156 5542 2249 5594 τὸν
2279 5542 2430 5612 ἥλιον
2461 5541 2762 5611 ἱσταμένης
2821 5543 2878 5610 ἐξ
2912 5544 3211 5611 ἐφαμίλλου
3264 5547 3470 5615 σχεδόν.
3525 5547 3597 5599 Οὐ
3634 5549 3745 5620 γὰρ

2155 5626 2223 5699 ἦν
2248 5630 2414 5697 εἰκὸς,
2442 5631 2473 5701 ἢ
2505 5632 2593 5683 τὸν
2628 5633 2843 5702 πρῶτον
2869 5633 3157 5707 ἄνθρωπον
3186 5637 3290 5707 πρὸ
3313 5640 3411 5708 τῆς
3447 5641 3746 5710 ἰσημερίας

2160 5722 2494 5792 πλασθῆναι,
2544 5723 2711 5792 ἡνίκα
2780 5727 2957 5797 σκότῳ
2992 5729 3059 5780 τὰ
3091 5729 3268 5781 πάντα
3327 5731 3655 5801 ἐκρύπτετο,
3687 5734 3746 5795 ὃς

2159 5812 2248 5866 διὰ
2308 5816 2405 5883 τὴν
2440 5816 2640 5891 πολλὴν
2673 5821 2808 5890 πρὸς
2840 5820 2901 5873 τὸ
2950 5821 3066 5889 φῶς
3125 5822 3459 5893 οἰκειότητα,
3506 5826 3600 5877 καὶ
3633 5828 3745 5890 τοῖς
