4054 6450
434 380 515 454 75
1636 383 2005 445 MATTHIEI
2049 384 2472 445 BLAS’I‘ARIS
3602 386 3678 453 76

440 500 695 573 sepulcro
713 498 1091 557 exoriebatur.
1110 496 1379 565 Quoniam
1405 497 1570 567 igitur
1589 496 1802 553 Pascha
1819 497 2013 566 legale,

2139 500 2362 569 νομικὸν,
2395 500 2471 563 ὡς
2527 500 2768 570 εἴρηται,
2808 501 2998 571 Πάσχα
3038 501 3100 556 ιδ’
3151 503 3249 572 τῆς
3306 502 3542 575 σελήνης
3572 504 3700 577 μετ’

439 591 613 661 quod,
649 598 708 645 ut
733 590 937 645 dictum
963 599 1068 655 est,
1095 589 1309 644 decima
1336 597 1533 659 quarta
1555 588 1681 643 luna
1702 597 1829 658 post
1848 587 2025 657 tequi-

442 681 685 736 noctium
747 681 1074 743 celebratur,
1112 695 1140 732 a
1172 680 1261 734 die
1304 678 1367 733 2t
1406 679 1582 733 Martii
1618 695 1792 747 usque
1828 680 1895 733 ad
1960 677 2026 732 l8

443 770 646 838 Aprilis
700 767 941 838 divagari
994 766 1131 822 solet
1201 786 1213 821 :
1269 777 1518 822 nostrum
1567 782 1698 821 vero
1739 764 2024 819 Dominira

441 862 691 930 proxime
741 868 1003 928 sequente
1056 859 1291 923 obtinet,
1346 871 1512 925 atque
1561 859 1725 912 etiam
1781 857 1863 911 sol
1899 871 2022 909 cum

443 953 657 1008 dierum
710 962 822 1005 tum
872 952 1305 1021 scptimanarum
1367 951 1575 1003 arbiter
1605 951 1695 1015 sit,
1736 950 2025 1017 utriusque

445 1047 581 1101 adeo
644 1047 930 1100 luminaris
1001 1046 1188 1116 cyclos
1249 1053 1615 1113 supputantes
1688 1040 2027 1110 propositum

444 1138 701 1192 facillime
762 1138 1111 1207 indagamus.
1177 1137 1465 1205 ldpropter
1526 1135 1661 1203 cycli
1723 1132 2026 1186 constitue-

443 1229 643 1282 bantur
674 1229 817 1281 iunaa
835 1227 1055 1296 quidem
1090 1226 1178 1290 19,
1211 1226 1343 1279 solis
1374 1239 1504 1278 vero
1538 1218 1630 1276 28.
1658 1221 1808 1292 Cycli
1846 1228 2027 1273 autem

445 1322 589 1376 lunae
616 1336 644 1373 a
679 1319 963 1383 Januario,
997 1321 1152 1386 quasi
1178 1317 1335 1386 juxta
1368 1324 1576 1370 naturae
1599 1315 1770 1383 legem
1808 1311 2027 1366 initium

448 1423 692 1480 sumunt,
730 1411 803 1465 ita
834 1421 888 1465 et
933 1410 1346 1463 fundamentum
1379 1407 1535 1475 ejus;
1570 1404 1702 1458 solis
1728 1416 1858 1455 vero
1892 1400 2029 1470 cycli

451 1522 480 1558 a
513 1503 785 1573 principio
836 1499 1089 1556 Octobris
1147 1498 1444 1569 incipiunt.
1475 1496 1593 1551 Non
1631 1505 1812 1549 autem
1873 1494 2032 1562 inop-

452 1603 748 1664 portunum
793 1606 917 1648 reor
951 1592 1114 1659 etiam
1152 1590 1382 1646 istarum
1418 1603 1600 1642 rerum
1628 1600 1825 1640 causas
1864 1597 2028 1639 enar-

454 1703 510 1741 1'3
520 1704 597 1741 re.

683 1824 863 1886 Quare
892 1819 1028 1891 cyclt'
1049 1819 1262 1872 lunares
1300 1829 1403 1872 amt
1447 1829 1667 1870 numero
1699 1813 1788 1869 l9.

530 1959 612 2015 Ad
650 1959 714 2016 i9
748 1959 912 2030 igitur
942 1957 1077 2028 cyrli
1121 1956 1266 2011 luna:
1298 1970 1473 2025 usque
1513 1955 1837 2020 ascendunt,
1864 1962 2031 2023 atque

454 2053 558 2106 hac
589 2053 805 2106 ratione
854 2048 1059 2103 mensis
1091 2047 1300 2102 lunaris
1327 2051 1481 2116 juxta
1516 2044 1815 2100 rotundum
1844 2047 2030 2101 ealcu-

454 2145 566 2197 lum
612 2151 694 2196 est
747 2142 957 2196 dierum
1014 2140 1084 2197 29
1131 2154 1255 2195 cum
1314 2138 1546 2192 semisse
1604 2154 1619 2191 :
1673 2137 1921 2206 adeoque
1973 2137 2028 2192 iu

455 2235 633 2306 spatio
664 2250 850 2289 annuo
882 2233 1174 2286 duodecim
1211 2246 1428 2286 menses
1479 2231 1699 2284 lunares
1729 2228 2031 2284 coniiciunt

455 2332 574 2385 dies
608 2329 736 2392 554,
767 2342 888 2396 quae
915 2341 945 2380 a
990 2324 1096 2379 565
1129 2323 1322 2378 diebus
1350 2336 1473 2376 cum
1519 2320 1851 2390 quadrante.
1890 2335 2031 2389 quos

457 2426 541 2480 sul
585 2434 734 2477 motu
771 2438 871 2477 suo
902 2435 1105 2497 annuo.
1129 2419 1358 2489 peragit,
1392 2417 1586 2471 diebus
1621 2416 1872 2469 undecim
1902 2430 2029 2469 cum

457 2517 760 2583 quadrante
790 2513 1067 2567 differunt.
1091 2510 1477 2565 Novemdecim
1507 2518 1685 2562 autem
1729 2507 2031 2562 revolutio-

459 2625 592 2664 num
627 2607 888 2665 solarium
930 2613 1165 2674 tempus,
1205 2604 1351 2672 quod
1416 2601 1534 2656 dies
1582 2600 1807 2670 quidem
1863 2599 2028 2653 eiﬁcit

460 2700 633 2763 6939,
671 2715 776 2754 una
837 2712 958 2751 cum
1011 2696 1244 2751 semisse
1299 2702 1356 2747 et
1427 2695 1766 2762 quadrante,
1811 2705 2032 2745 menses

459 2793 744 2850 duodecim
776 2792 995 2845 lunares
1024 2789 1078 2842 in
1105 2787 1229 2850 528,
1261 2787 1515 2855 explicat,
1553 2786 1669 2839 sive
1711 2784 1828 2837 dies
1865 2781 2030 2848 6726,

461 2893 627 2952 atque
654 2882 878 2947 insuper
900 2877 1015 2931 dies
1050 2891 1186 2945 quos
1215 2874 1454 2929 diximus
1476 2870 1786 2939 superﬂuos
1826 2871 1943 2926 sive
1968 2871 2027 2924 ti

460 2988 585 3028 cum
640 2971 943 3039 quadrante
985 2966 1040 3021 in
1085 2965 1224 3020 alios
1280 2977 1499 3017 menses
1545 2964 1765 3015 lunares
1802 2970 2031 3033 septem,

460 3064 578 3120 sive
616 3062 731 3116 dies
768 3058 911 3123 906,
962 3073 1085 3113 cum
1148 3055 1399 3110 semisse.
1460 3053 1587 3109 Dies
1637 3067 1771 3108 vero
1826 3061 2033 3119 septem

462 3171 585 3210 cum
647 3153 973 3224 quadrante,
1001 3149 1093 3215 qui
1134 3150 1315 3202 adhuc
1346 3146 1678 3209 redundant,
1716 3146 1772 3198 in
1822 3144 2034 3213 integro
2064 3188 2108 3246 Ο

463 3249 618 3319 cyclo
650 3241 1269 3300 enncaCaidecaeteridis
1299 3248 1683 3309 supputantur,
1710 3248 1766 3291 ut
1797 3253 1916 3290 mox
1949 3252 2039 3290 os-

462 3337 731 3392 tendetur.
751 3333 1017 3399 Quoniam
1044 3329 1379 3396 enim,juxta
1419 3327 1795 3391 Ptolemaeum,
1831 3327 2036 3382 mensis

465 3430 672 3483 lunaris
706 3442 811 3481 non
864 3434 1075 3479 tantum
1128 3421 1320 3476 diebus
1364 3420 1433 3474 29
1477 3431 1716 3483 constat,
1756 3431 1921 3489 atque
1967 3419 2036 3474 50

462 3521 690 3576 minutis
721 3518 935 3589 primis,
964 3515 1079 3571 sive
1108 3515 1212 3568 diei
1250 3513 1502 3577 dimidio,
1534 3512 1631 3567 sed
1675 3513 1900 3581 insuper
1930 3513 2037 3564 mi-

468 3624 601 3669 nuto
654 3626 760 3666 uno
799 3625 921 3665 cum
968 3607 1199 3664 semisse
1233 3620 1296 3659 ac
1342 3614 1498 3674 parte
1545 3604 1703 3657 tertia
1739 3603 1902 3656 unius
1934 3601 2039 3655 mi-

469 3706 607 3767 nuti,
649 3704 752 3757 hoc
800 3711 907 3767 est,
954 3701 1164 3754 minuto
1205 3713 1331 3763 uno,
1373 3706 1428 3750 et
1478 3694 1735 3750 secundis
1764 3693 1853 3747 50.
1883 3691 2039 3758 Quod

469 3797 557 3851 ille
592 3794 809 3863 quidem
849 3789 1087 3844 ostendit
1138 3804 1237 3858 per
1276 3800 1494 3839 menses
1544 3783 1639 3852 qui
1694 3781 1890 3851 integri
1932 3781 2040 3835 de-

468 3898 702 3943 currunt
753 3885 894 3938 inter
939 3881 1097 3935 binas
1160 3879 1408 3947 eclipscs.
1448 3875 1642 3930 lsthaac
1676 3874 1811 3928 nitu.
1851 3873 2038 3927 minu-

467 3995 580 4039 tum
624 3994 816 4038 unum,
847 3985 895 4029 et
946 3972 1192 4030 semissis
1248 3979 1301 4023 et
1349 3979 1505 4040 parte
1565 3966 1720 4021 tertia
1769 3967 1932 4018 unius
1985 3965 2037 4017 in

459 4076 574 4145 jam
608 4072 767 4125 dictis
805 4066 910 4121 2'55
952 4063 1392 4118 revolutionibus
1445 4058 1584 4111 lunae
1631 4059 1932 4111 ascendunt
1971 4055 2038 4109 ad

468 4169 675 4222 minuta
727 4162 901 4230 prima
931 4157 1059 4221 430,
1096 4166 1148 4209 et
1191 4152 1432 4222 secunda
1484 4151 1574 4212 50,
1608 4148 1809 4217 quibus
1850 4147 2041 4201 ordine

465 4258 658 4314 divisis
715 4255 841 4318 420,
896 4250 1126 4306 reddunt
1177 4245 1292 4300 dies
1339 4246 1389 4297 7.
1438 4242 1508 4295 At
1561 4240 1778 4294 residua
1833 4238 2038 4291 minuta

467 4352 642 4422 prima
678 4345 741 4400 l0
768 4354 821 4399 et
851 4341 1089 4397 secunda
1119 4335 1189 4393 50
1236 4332 1448 4389 etiiccre
1479 4328 1879 4400 nequeuntdiei
1904 4344 2041 4396 qua-

466 4446 749 4504 drantem;
779 4438 976 4493 desunt
1030 4431 1174 4487 enim
1236 4429 1441 4481 minuta
1473 4423 1648 4493 prima
1699 4431 1951 4489 quatuor,
1985 4428 2040 4474 et

2134 592 2429 661 ἰσημερίαν
2460 591 2722 652 τελεῖται.
2766 593 2875 645 ἀπὸ
2900 594 2997 662 τῆς
3025 593 3112 648 κα¹
3143 594 3237 647 τοῦ
3260 592 3508 664 Μαρτίου
3540 599 3704 666 μέχρι

2130 681 2230 749 τῆς
2257 679 2327 752 ιη’
2347 680 2443 735 τοῦ
2489 682 2766 752 Ἀπριλίου
2800 684 2990 747 είωθδς
3037 685 3357 755 ἐμπίπτειν,
3387 686 3446 737 τὸ
3472 687 3528 738 δὲ
3563 687 3704 756 ήμέ-

2129 790 2287 843 τερον
2327 774 2390 843 τῇ
2430 773 2568 842 μετὰ
2598 772 2758 826 τοῦτο
2800 775 3053 847 Κυριακῇ
3074 815 3119 837 ,,
3139 776 3472 844 δημιουργὸς
3503 777 3564 830 δὲ
3595 778 3705 831 τῶν

2130 863 2353 933 ἡμερῶν
2386 880 2443 915 τε
2473 863 2565 915 καὶ
2598 863 2908 932 ἑϐδομάδων
2964 869 2991 919 6
3023 866 3194 936 ἥλιος,
3228 868 3558 935 ἀμφοτέρων
3595 867 3706 922 τῶν

2132 954 2325 1021 φώτων
2350 955 2475 1017 τοὺς
2502 954 2737 1019 κύκλους
2753 938 3239 1026 διαμετρούμενος,
3258 958 3318 1010 τὸ
3340 959 3704 1026 προκείμενον

2132 1048 2195 1098 ὲκ
2218 1044 2311 1097 τοῦ
2353 1046 2553 1116 ῥᾴστου
2582 1046 2861 1115 Οηρῶμεν.
2903 1048 3108 1101 Κύκλοι
3133 1048 3312 1101 τοίνυν
3348 1050 3613 1114 ἐτέθησαν
3636 1052 3704 1117 τῇ

2134 1136 2233 1203 μὲν
2262 1135 2460 1209 σελήνῃ
2503 1136 2593 1201 ιϐ’,
2619 1140 2764 1192 ὀκτὼ
2788 1140 2961 1194 δὲκαὶ
2989 1142 3164 1196 είκοσι
3198 1143 3276 1212 τῷ
3304 1145 3474 1214 ἡλίῳ·
3517 1146 3710 1198 κάκεῖ-

2132 1244 2210 1279 νοι
2238 1229 2338 1297 μὲν
2369 1229 2478 1281 ἀπὸ
2507 1230 2600 1282 τοῦ
2645 1231 2974 1302 Ἰανουαρίου
2999 1234 3151 1306 νόμῳ
3174 1236 3391 1304 φύσεως
3423 1237 3705 1306 ἄρχονται,

2131 1317 2320 1389 ὥσπερ
2339 1320 2404 1390 δὴ
2434 1322 2530 1374 καὶ
2557 1325 2585 1376 6
2612 1323 2818 1393 ταύτης
2849 1325 3102 1396 θεμέλιος
3122 1345 3136 1359 ·
3162 1329 3211 1381 oi
3234 1329 3291 1382 δέ
3320 1346 3382 1397 γε
3407 1329 3501 1382 τοῦ
3552 1327 3706 1400 ἡλίου

2130 1410 2230 1481 τὴν
2263 1413 2442 1482 ἀρχὴν
2464 1412 2559 1466 τοῦ
2606 1415 2942 1487 Ὀκτωὸρίου
2974 1419 3133 1488 ἔσχον
3176 1421 3385 1490 ἀρχήν·
3424 1420 3708 1490 οὐδέτερον

2130 1501 2340 1644 (ἔλόγως
2360 1498 2604 1571 οἶμαι,εἰ
2634 1508 2730 1558 καὶ
2755 1506 2853 1570 τὰς
2879 1506 3061 1570 αἰτίας
3082 1506 3290 1562 τούτων
3315 1508 3476 1580 ἔργον
3505 1508 3709 1573 διεξελ-

2171 1594 2253 1644 εἶν

2171 1594 2253 1645 εἶν

2343 1818 2445 1872 Διὰ
2475 1820 2534 1873 τι
2559 1822 2628 1873 ιϐ’
2659 1816 2768 1886 τῆς
2803 1820 3080 1889 σελήνης
3102 1822 3221 1876 εισι
3247 1821 3479 1879 κύκλοι.

2202 1955 2382 2025 Μέχρι
2412 1954 2511 2024 μὲν
2536 1953 2631 2007 οὖν
2659 1954 2767 2007 τῶν
2798 1952 2862 2008 ιο¹
2883 1956 2931 2008 oi
2958 1956 3056 2026 τῆς
3088 1954 3320 2023 σελήνης
3350 1954 3711 2019 ἀναϐιϐάζον·

2130 2063 2223 2100 ται
2256 2046 2481 2100 κύκλοι·
2506 2046 2594 2099 διὰ
2623 2046 2813 2099 τοῦτον
2846 2046 2939 2099 τὸν
2966 2046 3165 2118 τρόπον
3195 2050 3222 2100 ό
3257 2045 3571 2118 σεληνιακὸς
3601 2048 3712 2116 μὴν

2131 2141 2288 2201 τέως,
2330 2139 2474 2192 κατὰ
2525 2138 2587 2190 τὸ
2629 2138 2948 2209 πρόχειρον,
3005 2138 3074 2192 δι’
3119 2139 3343 2208 ἡμερῶν
3377 2138 3587 2205 γίνεται
3628 2135 3710 2190 κθ⁹

2134 2231 2230 2283 καὶ
2283 2229 2572 2298 ἡμισείας·
2611 2227 2788 2299 ταύτῃ
2842 2244 2924 2280 τοι
2962 2228 3058 2280 καὶ
3107 2229 3224 2280 κατ’
3260 2226 3503 2280 ἐνιαυτὸν
3531 2228 3581 2278 οἱ
3611 2227 3712 2295 τῆς

2136 2321 2366 2390 σελήνης
2396 2319 2462 2388 ιβ’
2500 2319 2694 2388 μῆνες,
2746 2322 2825 2380 είς
2872 2320 3089 2389 ἡμέρας
3134 2317 3427 2371 ποσοῦνται
3460 2318 3585 2380 τνδ’,
3628 2321 3715 2368 ὲν-

2132 2410 2370 2464 δεουσῶν
2403 2409 2542 2480 πρὸς
2573 2410 2672 2472 τὰς
2722 2409 2832 2474 τξε¹
2881 2412 2976 2463 and.
3015 2410 3107 2463 τοῦ
3149 2409 3583 2481 τεταρτημορίου
3611 2409 3715 2479 τῆς

2136 2505 2372 2573 ἡμέρας,
2392 2501 2473 2565 ,ἃς
2498 2504 2527 2555 6
2555 2502 2707 2573 ήλιος
2750 2502 2871 2555 κατ’
2916 2502 3166 2555 ἐνιαυτὸν
3195 2503 3454 2564 ποιεῖται.
3485 2503 3714 2572 ἡμερῶν

2136 2592 2205 2648 ια’
2252 2594 2349 2646 καὶ
2399 2593 2689 2665 τετάρτου.
2732 2594 3242 2657 Ἐννεακαιδεκάκις
3272 2594 3329 2647 δὲ
3386 2597 3450 2665 τῇ
3508 2596 3715 2665 ήλιακῇ

2133 2685 2347 2748 κινήσει
2379 2683 2665 2753 γινόμενος
2717 2686 2745 2737 6
2803 2683 3069 2750 ἐνιαυτὸς,
3130 2685 3224 2738 καὶ
3266 2686 3436 2739 ποιῶν
3499 2687 3719 2756 ἡμέρας

2137 2774 2318 2841 ,ςεῇλίγ
2369 2776 2504 2845 πρὸς
2554 2774 2632 2845 τῷ
2667 2776 2857 2845 ἡμίσει
2892 2778 2988 2830 καὶ
3032 2777 3297 2846 τετάρτῳ.
3335 2779 3463 2841 τοὺς
3514 2779 3613 2848 μὲν
3646 2775 3715 2848 ιβ’

2138 2864 2493 2934 σεληνιακοὺς
2527 2864 2702 2933 μῆνας
2733 2868 2812 2926 είς
2851 2872 2972 2937 σκη¹
3012 2867 3361 2936 περιίστησιν
3391 2869 3449 2923 ὲν
3475 2869 3717 2939 ήμέραις

2138 2959 2352 3033 ,ςψκςπ
2374 2958 2471 3022 τὰς
2497 2958 2554 3011 δὲ
2583 2960 2706 3030 είρη
2717 2962 2885 3027 μένας
2912 2963 3171 3030 περιττὰς
3195 2963 3434 3032 ἡμέρας,
3464 2963 3583 3031 ήτοι
3611 2963 3713 3026 τὰς

2139 3051 2209 3105 ια’
2234 3053 2330 3104 καὶ
2367 3051 2429 3104 τὸ
2461 3051 2509 3103 δ’
2541 3053 2620 3115 είς
2654 3054 2877 3122 ἑτέρους
2916 3055 3279 3123 σεληνιακοὺς
3318 3054 3493 3124 μῆνας
3545 3056 3712 3119 ἑπτὰ,

2140 3148 2363 3218 ἔχοντας
2392 3148 2607 3219 ἡμέρας
2636 3147 2726 3213 σς⁹
2756 3151 2851 3202 καὶ
2887 3151 3167 3218 ἡμίσειαν.
3193 3152 3316 3205 Ἔτι
3340 3151 3394 3203 δὲ
3431 3152 3718 3220 εὑρίσκον-

2140 3256 2233 3291 ται
2256 3240 2679 3308 περιττεύουσαι
2706 3242 2911 3310 ἡμέραι
2942 3241 2986 3305 ζ’
3014 3244 3109 3297 καὶ
3133 3241 3393 3312 τέταρτον
3411 3259 3424 3273 ·
3455 3242 3593 3297 ἀλλὰ
3620 3246 3719 3298 καὶ

2142 3327 2303 3387 αὗται
2336 3335 2400 3403 τῇ
2436 3331 2530 3386 τοῦ
2559 3333 2764 3386 κύκλου
2795 3336 2895 3400 τῆς
2931 3335 3568 3405 ἐννεακαιδεκαετηρίδος
3592 3336 3719 3389 ὀλό-

2142 3440 2265 3491 τητι
2325 3424 2772 3490 συνυπάγονται,
2826 3423 2901 3486 ὡς
2946 3423 3314 3495 δειχθήσεται.
3371 3425 3525 3478 Ἐπεὶ
3583 3426 3717 3497 γὰρ,

2144 3518 2289 3571 κατὰ
2317 3517 2409 3570 τὸν
2433 3515 2787 3585 Πτολεμαῖον,
2828 3518 2951 3585 οὐχ).
2998 3517 3079 3569 κο¹
3104 3517 3330 3587 ἡμερῶν
3357 3521 3452 3573 καὶ
3489 3518 3531 3570 λ’
3568 3521 3721 3589 πρώ-

2143 3624 2253 3660 των
2282 3605 2497 3660 λεπτῶν
2547 3606 2727 3676 μόνον,
2777 3607 2897 3676 ἤτοι
2937 3607 3196 3677 ήμισείας
3227 3609 3462 3677 ἡμέρας.
3493 3611 3521 3662 6
3554 3610 3720 3681 σελη-

2143 3699 2330 3763 νιακὸς
2385 3699 2596 3766 γίνεται
2652 3699 2778 3768 μὴν,
2812 3698 2948 3752 ἀλλὰ
2979 3702 3074 3754 καὶ
3103 3700 3292 3769 ἑτέρου
3343 3700 3546 3755 λεπτοῦ
3596 3703 3721 3766 ἑνὸς

2142 3792 2387 3861 ἡμίσεως
2408 3790 2503 3843 καὶ
2519 3791 2725 3859 τρίτου,
2755 3792 2923 3859 ήγουν
2947 3790 3065 3854 ὲνὺς
3095 3790 3314 3861 πρώτου
3338 3792 3434 3846 καὶ
3461 3791 3504 3844 ν’
3528 3792 3719 3847 δευτέ-

2144 3899 2286 3952 ρων·
2340 3882 2634 3936 καὶτοῦτο
2681 3882 3034 3936 ἀποδείκνυσι
3089 3883 3180 3936 διὰ
3237 3884 3350 3936 τῶν
3416 3870 3720 3955 γένομένων

2141 3975 2279 4028 ὅλων
2307 3975 2492 4044 μηνῶν
2520 3975 2628 4028 ἀπὸ
2660 3974 2953 4044 ἐκλείψεως
2985 3977 3063 4037 εἰς
3096 3976 3343 4046 ἔκλειψιν
3365 3993 3381 4009 ·
3413 3962 3606 4045 ταῦτα,
3654 3977 3721 4031 τὸ

2142 4064 2222 4127 ἓν,
2261 4066 2425 4131 λέγω,
2448 4065 2668 4127 λεπτὸν,
2715 4066 2811 4118 καὶ
2849 4066 2910 4118 τὸ
2958 4066 3155 4137 ἥμισυ,
3182 4070 3275 4122 καὶ
3318 4068 3381 4122 τὸ
3414 4070 3620 4138 τρίτον,
3659 4069 3720 4124 ὲν

2143 4161 2264 4220 ταῖς
2297 4157 2613 4227 είρημέναις
2663 4157 2771 4209 σλε⁸
2805 4158 2907 4225 τῆς
2944 4159 3178 4229 σελήνης
3214 4160 3488 4228 περιόδοις
3527 4162 3723 4214 ἀναϐι-

2144 4247 2447 4314 ϐαζόμενα,
2482 4248 2701 4300 ποιοῦσι
2724 4248 2896 4301 λεπτὰ
2925 4250 3117 4315 πρῶτα
3146 4251 3245 4315 υλ’,
3271 4252 3366 4303 καὶ
3392 4251 3620 4321 δεύτερα
3649 4249 3716 4316 ν’,

2144 4340 2288 4407 ἅπερ
2313 4340 2525 4391 ἅπαντα
2547 4339 2637 4390 ἐπὶ
2661 4339 2727 4391 τὰ
2750 4338 3015 4407 ἐξήκοντα
3034 4340 3388 4411 μεριζόμενα,
3419 4344 3489 4395 τὰ
3512 4343 3611 4411 μὲν
3635 4350 3719 4397 υκ¹

2145 4430 2389 4483 ποιοῦσιν
2417 4432 2629 4500 ἡμέρας
2678 4432 2839 4485 ἑπτά.
2873 4433 2953 4485 Τὰ
2989 4433 3048 4486 δὲ
3093 4433 3495 4504 ὑπολειπόμενα
3526 4436 3721 4505 πρῶτα

466 4536 535 4591 10
569 4530 850 4595 secunda;
899 4524 1045 4595 quod
1083 4532 1136 4578 et
1185 4520 1325 4575 ratio
1374 4515 1563 4585 exigit,
1614 4522 1881 4582 quau-nus
1926 4513 2034 4565 cui-

2150 4522 2304 4584 δέκα,
2337 4522 2432 4573 καὶ
2466 4523 2806 4590 πεντήκοντα
2838 4524 3089 4593 δεύτερα,
3130 4525 3190 4576 οὐ
3224 4524 3481 4578 δύνανται
3523 4530 3722 4596 τέταρ-

468 4631 601 4685 libet
670 4615 1265 4679 enneacaideeaeteridi
1323 4612 1561 4674 desunt,
1628 4611 1787 4665 sicuti
1854 4606 2037 4665 Ptole-

468 4733 637 4783 maeus
678 4711 1092 4769 demonstravit,
1130 4705 1339 4758 minuta
1396 4702 1570 4771 prima
1620 4700 1654 4754 5
1695 4710 1750 4753 et
1793 4696 2040 4752 secunda

467 4812 559 4867 '57.
617 4808 777 4875 Quod
826 4816 953 4856 vero
1017 4799 1197 4853 adhuc
1255 4794 1634 4848 desiderantur
1695 4806 1861 4845 unum
1926 4787 2038 4857 prio

467 4919 617 4961 mum
666 4899 937 4954 minutum
984 4900 1037 4945 et
1077 4889 1314 4944 secunda
1354 4883 1446 4951 27,
1479 4899 1656 4954 neque
1691 4882 1794 4936 hoc
1830 4880 2040 4933 ratione

464 5003 632 5051 caret.
662 4989 778 5045 Non
828 4985 972 5040 enim
1031 4988 1219 5036 exacte
1277 4975 1531 5045 congruit
1564 4989 1688 5029 cum
1741 4972 1895 5042 cyclo
1934 4985 2038 5024 an-

467 5100 579 5142 nuo
642 5079 921 5151 quadrans
973 5074 1074 5129 iste
1107 5070 1235 5131 diei,
1296 5071 1388 5122 sed
1451 5076 1607 5137 parte
1655 5063 2034 5117 trecentesima

467 5180 761 5242 discrepat,
799 5167 876 5220 uti
922 5163 1051 5218 alibi
1083 5161 1341 5216 diximus.
1368 5158 1577 5211 idcirco
1622 5154 1807 5225 cyclus
1831 5153 2037 5206 lunaris

466 5282 531 5321 cx
558 5260 864 5319 necessario
893 5264 1100 5312 tantum
1130 5255 1183 5306 in
1220 5250 1286 5305 l9
1318 5248 1476 5303 annis
1508 5257 1750 5315 quantus
1781 5246 1851 5298 sit
1883 5244 2038 5297 inno-

470 5357 658 5420 tescit;
689 5352 889 5421 quippe
931 5359 1196 5401 excessus
1227 5342 1318 5395 ille
1341 5339 1435 5408 qui
1469 5338 1523 5389 in
1565 5336 1724 5388 annis
1756 5335 2037 5387 lunaribus

467 5448 763 5516 reperitur,
788 5441 967 5512 spatio
1002 5439 1069 5492 l9
1100 5447 1370 5489 annorum
1394 5431 1460 5484 ad
1490 5431 1705 5485 easdem
1741 5430 2038 5498 completas

465 5535 832 5593 revolutiones
877 5531 1038 5592 redit,
1068 5525 1346 5593 efﬁcitque
1394 5520 1573 5574 dictas
1617 5519 1871 5588 periodos
1908 5518 2035 5583 935,

471 5641 692 5695 prorsus
751 5619 1050 5690 completas
1105 5614 1348 5681 nihilque
1423 5608 1681 5679 superﬂui
1751 5608 2034 5671 habentes,

467 5723 627 5783 prout
680 5711 865 5784 cyclus
914 5708 1005 5763 ille
1057 5704 1313 5772 requirit.
1364 5701 1478 5754 lloc
1542 5709 1807 5754 vocarunt
1852 5710 2034 5751 autem

469 5808 731 5879 temporis
768 5802 1071 5874 periodum,
1110 5806 1378 5868 quatenus
1429 5794 1493 5847 ad
1528 5809 1688 5848 unam
1728 5790 2032 5846 revolutio-

2146 4629 2236 4665 τον
2273 4613 2488 4681 ἡμέρας
2543 4614 2765 4680 ποιῇσαι
2792 4629 2807 4645 ·
2844 4613 3094 4668 λείπουσι
3147 4616 3259 4685 γὰρ
3303 4615 3476 4670 λεπτὰ
3523 4619 3719 4687 πρῶτα

2146 4709 2411 4773 τέσσαρα,
2446 4704 2542 4757 καὶ
2585 4704 2817 4774 δεύτερα
2860 4705 2993 4758 δέκα
3013 4722 3029 4738 ·
3078 4708 3172 4758 καὶ
3199 4705 3360 4759 τοῦτο
3388 4708 3530 4761 κατὰ
3561 4709 3720 4776 λόγον

2144 4797 2232 4851 διὰ
2260 4798 2320 4849 τὸ
2348 4798 2519 4851 ἐνδεῖν
2562 4798 2767 4868 ἑκάστῃ
2813 4799 3437 4868 ἐννεακαιδεκαετηρίδι,
3477 4800 3553 4862 ὡς
3578 4802 3721 4853 ἀπο-

2144 4888 2413 4942 δέδεικται
2444 4888 2521 4957 τῷ
2554 4888 2896 4958 Πτολεμαίῳ,
2930 4889 3145 4942 λεπτῶν
3174 4890 3408 4959 πρώτων
3434 4892 3605 4961 τριῶν
3623 4894 3722 4945 καὶ

2144 4978 2412 5040 δευτέρων
2448 4979 2548 5042 λζ’.
2579 4980 2644 5034 Εί
2677 4981 2733 5031 δὲ
2755 4983 2845 5033 καὶ
2884 4982 2964 5033 ἔτι
2999 4981 3242 5033 λείπουσι
3275 4982 3470 5034 λεπτὸν
3502 4985 3721 5053 πρῶτον

2146 5068 2226 5131 ἓν,
2260 5072 2354 5123 καὶ
2388 5068 2471 5131 κζ’
2510 5070 2762 5138 δεύτερα,
2799 5073 2900 5124 οὐκ
2927 5071 3031 5133 ἔξω
3060 5070 3219 5136 λόγου
3249 5073 3343 5125 καὶ
3367 5072 3547 5136 τοῦτο,
3579 5076 3717 5129 διότι

2145 5159 2266 5228 οὐχὶ
2298 5157 2560 5228 τέταρτον
2605 5161 2820 5228 ἡμέρας
2856 5160 3150 5229 ὁλόκληρον
3187 5162 3584 5233 συναπαρτίζει
3624 5164 3718 5216 τὸν

2146 5248 2419 5301 ἐνιαύσιον
2470 5249 2693 5311 κύκλον,
2747 5250 2883 5303 ἀλλὰ
2921 5253 3074 5317 παρὰ
3107 5253 3428 5319 τριακοστὸν
3478 5256 3717 5324 ἡμέρας,

2143 5339 2217 5401 ὡς
2252 5342 2311 5394 ἐν
2343 5340 2524 5403 ἄλλοις
2559 5343 2887 5410 εἰρήκαμεν.
2926 5343 3033 5394 Καὶ
3071 5341 3215 5396 οὕτω
3265 5345 3363 5412 μὲν
3392 5346 3423 5396 6
3459 5346 3719 5414 σεληνια-

2144 5431 2237 5491 κὸς
2260 5430 2456 5492 κύκλος
2485 5430 2544 5493 ἐξ
2575 5432 2824 5500 ἀνάγκης
2857 5434 2914 5482 ὲν
2941 5435 3124 5500 μόνοις
3151 5434 3481 5503 γνωρίζεται
3506 5435 3572 5488 ιο⁸
3603 5437 3715 5489 Ets-

2147 5537 2255 5585 σιν,
2284 5521 2360 5584 ὼς
2400 5522 2494 5574 καὶ
2538 5521 2633 5573 τοῦ
2681 5522 3097 5590 περιττεύοντος
3122 5524 3227 5577 τῶν
3258 5528 3379 5577 κατ’
3410 5526 3528 5588 ἒτος
3557 5527 3721 5589 σελη-

2144 5615 2346 5669 νιακῶν
2376 5612 2639 5682 περιόδων
2673 5613 2761 5665 διὰ
2790 5606 3110 5669 ’δεκαεννέα
3135 5616 3314 5684 μόνων
3341 5618 3476 5669 ἑτῶν
3507 5619 3588 5680 εἰς
3613 5620 3716 5681 τὰς

2142 5705 2401 5767 τοιαύτας
2449 5703 2687 5768 ἐντελεῖς
2735 5706 3018 5774 περιόδους
3068 5706 3556 5778 ἀναϐιϐαζομένω,
3620 5711 3720 5763 καὶ

2144 5796 2324 5860 πάσας
2348 5796 2447 5861 τὰς
2496 5796 2793 5867 εἰρημένας
2825 5796 2932 5850 σλε¹
2982 5799 3268 5863 ποιοῦντος
3299 5801 3474 5871 πάντη
3511 5799 3721 5856 ἀνελλι-
