4054 6438
393 376 463 441 77
1174 410 1177 411 κ
1379 369 1793 434 SYNTAGMA
1828 339 2453 434 ALPHABETICUM.
2494 397 2563 406 —
2592 364 2657 424 II.
3578 369 3646 432 7.3

389 492 528 552 πείς.
562 486 659 540 καὶ
690 478 860 556 μηδέν
892 496 946 537 τι
969 482 1158 537 λοιπὸν
1188 483 1421 554 ἐχούσας
1460 481 1738 550 περιττὸν,
1783 479 1975 551 ὥσπερ

2081 498 2207 536 nem
2258 483 2469 552 redigat
2502 482 2865 549 diti‘erentias,
2905 496 3027 552 qua:
3056 481 3110 536 in
3140 479 3379 536 motibus
3409 481 3653 541 lumina-

386 575 455 650 ἦν
481 578 557 649 τῷ
594 577 779 646 κύκλῳ
810 579 987 646 τούτῳ
1024 575 1244 636 σκοπός.
1275 573 1582 628 Ἑκάλεσαν
1623 572 1678 624 δὲ
1715 571 1803 624 τὺν
1837 571 1966 639 χρό-

2084 574 2221 624 rium
2250 575 2632 627 observantur.

389 687 479 726 νον
503 672 693 726 τοῦτον
744 669 1077 740 περιοδικὺν,
1105 668 1182 730 ὡς
1209 668 1288 729 είς
1334 667 1463 737 μίαν
1511 664 1964 719 ἀποκατάστασιν
1986 663 2195 731 ἄγοντα
2223 665 2322 728 τὰς
2348 666 2615 736 διαφορᾶς
2645 665 2756 718 τῶν
2799 664 3071 735 κινήσεων
3121 665 3230 718 τῶν
3281 666 3476 735 φώτων
3539 670 3650 738 ἀμ,-

392 772 530 834 φοῖν.

426 859 527 914 Διὰ
556 860 612 913 τι
637 861 797 912 εἰσιν
824 854 1181 910 είκοσιοκτὼ
1213 858 1268 908 οί
1306 855 1414 908 τοῦ
1451 855 1633 921 ἡλίου
1673 856 1924 915 κύκλοις

461 956 552 1013 Ei;
584 951 671 1022 κη’
701 953 756 1005 δὲ
794 951 1029 1013 κύκλους
1075 950 1290 1003 ἄνεισιν
1338 951 1366 1001 ὁ
1405 949 1499 1001 τοῦ
1539 949 1691 1018 ἡλίου
1739 950 1964 1018 δρόμος,

2283 850 2442 923 205
2472 855 2648 917 Quare
2676 854 2812 924 cycli
2844 855 2970 909 soh’s
3005 856 3112 910 sint
3151 855 3432 910 XXVIII.

2145 945 2288 999 Solis
2320 959 2500 999 autem
2532 962 2731 1000 cursus
2759 948 2810 999 in
2835 948 3018 1016 cyclos
3041 948 3111 1001 28
3144 949 3466 1017 porrigitur,
3507 964 3647 1018 quo-

388 1047 472 1098 ϐτι
506 1047 561 1097 αἱ
601 1043 707 1107 τξε⁹
737 1046 829 1096 καὶ
866 1045 1129 1111 τέταρτον
1159 1042 1376 1111 ἡμέρας
1414 1040 1510 1094 τοῦ
1557 1041 1750 1108 χρόνου
1781 1040 1968 1094 ποιοῦ-

392 1154 479 1189 σιν
495 1135 792 1202 ἑϐδομάδας
816 1131 916 1203 νβ’,
950 1136 1044 1187 καὶ
1074 1135 1391 1203 περιττεύει
1418 1132 1543 1185 καθ’
1572 1133 1807 1184 ἕκαστον
1835 1133 1966 1202 χρό-

394 1244 483 1280 νον
513 1227 695 1296 ἡμέρα
725 1226 844 1295 μία,
898 1227 996 1277 καὶ¹
1045 1226 1188 1276 κατὰ
1218 1226 1490 1292 τέσσαρας
1522 1223 1751 1293 χρόνους
1809 1221 1968 1285 αὖθις

395 1320 555 1389 ἑτέρα
590 1319 706 1388 μία.
747 1318 909 1370 Ὅθεν
953 1321 1047 1368 καί
1086 1317 1375 1383 ζητοῦντες
1402 1317 1587 1383 εὑρεῖν
1613 1314 1721 1366 ἀπὸ
1747 1317 1848 1382 τῆς
1874 1312 1967 1366 τοῦ

395 1412 546 1480 ἡλίου
604 1415 870 1477 κινήσεως
915 1409 1015 1476 τὴν
1065 1410 1164 1477 τῆς
1220 1407 1515 1476 ἑϐδομάδος
1553 1407 1790 1475 ἡμέραν,
1845 1406 1966 1458 καθ’

396 1503 629 1555 ἕκαστον
656 1500 853 1554 κύκλον
892 1498 1059 1553 αὑτοῦ
1115 1501 1330 1570 ἡμέραν
1379 1499 1511 1568 μίαν
1555 1498 1971 1568 προσλαμϐάνο·

400 1610 523 1663 μεν,
560 1594 653 1645 καὶ
707 1592 842 1661 μετὰ
886 1593 1164 1660 τέσσαρας
1204 1591 1455 1660 χρόνους,
1507 1591 1668 1660 χάριν
1696 1593 1791 1643 τοῦ
1825 1589 1971 1658 βισέ-

2076 1037 2221 1089 niam
2272 1040 2399 1089 anni
2447 1039 2559 1092 dies
2587 1038 2691 1092 565
2724 1054 2845 1093 cum
2895 1040 3203 1108 quadrante
3255 1042 3519 1108 colligunt
3555 1056 3648 1095 se-

2077 1132 2347 1197 ptitnanas
2402 1131 2491 1193 5:2,
2537 1141 2591 1184 et
2632 1131 2898 1184 redundat
2931 1118 3228 1201 quotannis
3261 1135 3379 1187 dies
3412 1150 3541 1191 una.
3597 1144 3651 1188 et

2076 1234 2200 1290 post
2260 1223 2405 1275 alios’
2472 1224 2731 1292 deinceps
2799 1233 3038 1293 quatuor
3113 1241 3255 1278 unus
3310 1226 3450 1282 dies.
3498 1226 3654 1280 Unde

2075 1328 2200 1367 cum
2234 1313 2493 1380 indagare
2522 1315 2651 1368 libet
2674 1331 2739 1368 ex
2779 1324 2926 1369 motu
2976 1316 3110 1369 solis
3133 1316 3275 1369 diem
3303 1318 3648 1385 septimanae,

2078 1421 2175 1474 pro
2228 1408 2423 1476 quovis
2456 1409 2610 1479 cyclo
2641 1410 2809 1463 solari
2870 1410 3013 1463 diem
3066 1426 3239 1464 uuam-
3288 1412 3563 1473 addimus.
3598 1421 3654 1466 et

2080 1508 2203 1568 post
2235 1509 2470 1567 quatuor
2499 1515 2672 1554 annos
2711 1513 2935 1570 propter
2965 1503 3268 1557 bissextum
3306 1505 3468 1557 aliaat
3514 1522 3528 1558 :
3571 1513 3654 1558 at—

2079 1610 2186 1660 que
2240 1595 2311 1648 ita
2356 1596 2540 1665 (cycli)
2574 1600 2851 1652 currentis
2899 1601 3188 1668 qmcsitum
3242 1600 3387 1654 diem
3435 1603 3654 1655 inveni-

396 1703 549 1752 κτον,
575 1686 766 1755 ἑτέραν
794 1686 924 1754 μίαν
948 1701 962 1714 ·
993 1687 1087 1737 καὶ
1108 1682 1548 1752 συμποσοῦντες,
1576 1684 1677 1752 τὴν
1700 1683 1972 1753 ζητουμέι

2081 1699 2212 1738 mus.
2257 1684 2387 1739 D.es
2421 1695 2603 1740 autem
2666 1688 3039 1744 redundantes
3073 1691 3126 1744 in
3168 1693 3321 1747 nullo
3361 1692 3472 1747 alio
3503 1710 3653 1748 anno

397 1795 497 1849 νην
519 1778 728 1849 ἡμέραν
750 1777 1099 1847 εὑρίσκομεν.
1129 1778 1194 1830 Δί
1239 1772 1333 1829 οὖν
1364 1776 1784 1845 περιττεύουσαι
1809 1770 1969 1828 αὗται

2091 1789 2309 1847 ntegras
2348 1780 2686 1848 septintanas
2721 1784 2943 1851 ex-plere
3011 1793 3245 1852 queunt,
3287 1786 3360 1839 ita
3397 1795 3456 1840 ut
3491 1787 3547 1840 in
3585 1787 3652 1841 ti-

398 1872 456 1923 ὲν
474 1871 643 1922 οὐδενὶ
672 1870 841 1939 ἑτέρῳ
875 1871 1052 1938 χρόνῳ
1078 1869 1409 1936 ὁλοκλήρους
1439 1867 1743 1934 ἑϐδομάδας
1775 1869 1961 1934 ἀπαρ-

2081 1886 2191 1922 nem
2213 1872 2340 1924 anni
2368 1874 2692 1939 seplimanre
2709 1875 2872 1927 etiam
2895 1876 3018 1930 linis
3040 1877 3266 1943 incidat,
3286 1889 3648 1948 prmterquam

398 1963 544 2014 τίσαι
572 1961 849 2024 δύνανται,
879 1961 955 2021 ὡς
984 1961 1043 2010 ἐν
1073 1959 1149 2027 τῷ
1174 1959 1318 2011 τέλει
1349 1958 1443 2010 τοῦ
1473 1960 1665 2026 χρόνου
1699 1959 1790 2011 καὶ
1822 1960 1973 2019 τέλος

398 2051 693 2120 ἑϐδομάδος
741 2051 1052 2121 εὑρεθῆναι,
1092 2051 1138 2111 εί
1183 2049 1258 2118 μὴ
1293 2051 1350 2101 ὲν
1395 2047 1475 2117 τῷ
1527 2053 1611 2116 κη’
1643 2046 1848 2112 κύκλῳ.
1904 2048 1971 2098 Ai

397 2145 506 2213 γὰρ
546 2141 628 2211 κη’
668 2145 875 2212 ἡμέραι
912 2140 1208 2210 ἑϐδομάδες
1260 2141 1496 2208 γίνονται
1552 2142 1844 2207 τέσσαρες,
1878 2139 1973 2190 καὶ

398 2238 470 2290 τὰ
499 2233 585 2304 κη’
624 2237 861 2302 τέταρτα
892 2236 1002 2286 τῶν
1053 2232 1304 2304 ἡμερῶν,
1350 2231 1589 2301 ἑϐδομὰς
1637 2230 1794 2292 αὖθις
1851 2230 1971 2300 μία,

397 2328 536 2394 ὅπερ
564 2328 622 2379 ἐν
665 2326 836 2393 ἑτέρῳ
885 2326 984 2394 οὐχ
1013 2319 1126 2377 οἷόν
1171 2339 1230 2376 τε
1275 2325 1551 2393 συμϐῆναι
1587 2323 1791 2388 κύκλῳ,
1828 2325 1875 2373 εἰ
1900 2322 1975 2393 μὴ

401 2419 458 2470 ὲν
481 2417 559 2487 τῷ
591 2416 675 2487 κη’
714 2418 746 2487 ἦ
781 2420 835 2470 ὲν
863 2418 941 2489 τῷ
968 2418 1050 2479 δὶς
1081 2413 1190 2487 κη’,
1220 2415 1392 2487 ἥτρὶς
1421 2421 1507 2485 κη’
1542 2416 1638 2468 καὶ
1660 2417 1811 2483 ἑξῆς.
1847 2410 1975 2466 Ἐὰν

395 2509 456 2562 δὲ
486 2512 741 2563 ἐπέκεινα
766 2512 874 2563 τῶν
904 2511 970 2563 ιθ¹
1005 2510 1105 2577 τῆς
1137 2509 1370 2577 σελήνης
1410 2509 1650 2571 κύκλων,
1678 2509 1710 2578 ἢ
1740 2509 1849 2559 τῶν
1887 2505 1973 2577 κη’

304 2650 307 2657 ε
360 2652 369 2657 .
399 2602 494 2654 τοῦ
519 2603 695 2672 ἡλίου,
741 2601 1091 2670 ὲθελήσωμεν
1120 2603 1356 2652 ἐκτεῖναι
1390 2600 1483 2650 τὸν
1524 2598 1781 2669 ἀριθμὲιν,
1813 2599 1974 2667 εὐρε-

399 2694 627 2761 θήσεται
660 2694 719 2745 τὸ
749 2693 1080 2763 ζητούμενον
1103 2694 1160 2744 ἐν
1188 2694 1300 2753 τοῖς
1328 2693 1590 2742 ἐπέκεινα
1624 2688 1870 2749 κύκλοις,
1897 2685 1973 2748 ὡς

403 2786 496 2839 καὶ
526 2789 584 2839 ὲν
608 2786 684 2857 τῷ
710 2784 757 2838 α’
785 2786 819 2858 ἦ
853 2784 897 2855 β’
925 2786 959 2855 ἢ
990 2790 1039 2853 γ’
1075 2784 1263 2854 κύκλῳ
1294 2782 1720 2850 ἐπεγινώσκετο.

400 2900 500 2953 Διὰ
529 2902 587 2953 τί
610 2900 728 2953 ἀπὸ
773 2899 878 2953 τοῦ
926 2898 1292 2964 Ἰανουαρίων
1331 2899 1383 2950 οἱ
1415 2894 1525 2963 τῆς
1565 2896 1839 2962 σελήνης
1872 2895 1974 2948 κύ-ιι

646 2990 650 2995 '
724 2975 859 3023 κλοι
891 2968 989 3022 καὶ
1022 2971 1281 3034 θεμέλιοι
1312 2967 1623 3035 ἄρχονται.

482 3065 615 3116 Ἀπὸ
645 3063 699 3115 δὲ
727 3062 819 3114 τοῦ
867 3060 1193 3129 Ἰανουαρίου
1227 3060 1395 3128 μηνὸς
1439 3058 1532 3110 τόν
1559 3074 1617 3110 τε
1647 3057 1849 3112 κύκλον
1875 3061 1973 3128 τῆς

401 3160 630 3228 σελήνης
667 3158 762 3209 καὶ
798 3156 890 3207 τὸν
936 3154 1185 3221 θεμέλιον
1223 3154 1487 3221 ψηφίζειν
1538 3152 1845 3222 ἀρχόμεθα,
1892 3153 1973 3204 ὅτι

402 3254 466 3319 τῇ
508 3251 605 3323 μὲν
630 3250 865 3318 τετάρτῃ
924 3247 1022 3316 τῆς
1067 3246 1367 3315 ἑϐδομάδος
1407 3247 1592 3315 ἡμέρᾳ
1644 3247 1672 3298 ὅ
1717 3263 1774 3297 τε
1823 3245 1977 3313 ἥλιος

405 3345 497 3396 καὶ
551 3343 582 3410 ἡ
647 3341 844 3411 σελήνη
905 3338 984 3410 τῷ
1037 3337 1360 3408 δημιουργῷ
1407 3338 1557 3406 λόγῳ
1588 3338 1670 3398 εἰς
1723 3339 1784 3390 τὸ
1836 3332 1976 3389 εἶναι

404 3435 788 3504 παρήχθησαν,
816 3434 891 3503 τῷ
917 3433 974 3485 δὲ
1001 3431 1482 3499 πεντεκαιδεκάτῳ
1504 3430 1689 3500 δρόμῳ
1714 3427 1806 3482 τοῦ
1833 3429 1980 3481 κατᾶ

404 3533 494 3583 τὸν
523 3528 768 3596 Μάρτιον
816 3526 960 3596 μῆνα
1000 3523 1327 3593 σεληνιακοῦ
1371 3524 1566 3592 μηνὸς,
1596 3523 1724 3592 ἄρτι
1759 3522 1979 3592 πρῶτον

404 3622 854 3681 ἀνατετὰλκασιν,
885 3619 983 3672 ἅτε
1013 3622 1113 3688 τῆς
1153 3618 1386 3687 σελήνης
1418 3615 1997 3677 πεντεκαιδεκαταίας

404 3717 565 3779 εὐθὺς
614 3714 710 3767 καὶ
752 3712 964 3773 τελείας
1019 3708 1411 3778 ἀναφανείσης,
1465 3708 1632 3776 μηδὲν
1692 3707 1882 3770 ἀτελὲς
1922 3705 1980 3772 ὲξ

404 3810 581 3877 ἀρχῆς
614 3807 706 3859 τοῦ
743 3805 881 3858 θεοῦ
910 3805 1270 3870 πεποιηκέναι
1303 3802 1635 3872 θελήσαντος
1658 3818 1671 3831 ’
1713 3799 1800 3852 ἵνα
1840 3801 1979 3869 μετὰ

400 3902 465 3955 τὸ
492 3899 645 3954 δῦναι
676 3898 767 3950 τὸν
796 3893 947 3967 ἥλιον
987 3894 1135 3967 πρωῒ
1170 3895 1551 3956 ἁνατείλαντα,
1600 3894 1693 3946 καὶ
1744 3893 1843 3963 τὴν
1899 3893 1978 3954 είς

402 3995 650 4059 ἐξουσίαν
667 3994 814 4061 αὐτῷ
832 3990 1082 4043 δοθεῖσαν
1103 3990 1319 4060 ἡμέραν
1341 3989 1471 4057 ὅλην
1491 3987 1976 4056 καταφωτίσαντα,

403 4088 531 4156 ὃλην
576 4083 669 4136 καὶ
718 4084 856 4151 αὐτὴ
900 4080 1226 4150 καταυγάσῃ
1272 4079 1374 4147 τὴν
1408 4077 1734 4142 ὑπεξούσιον
1783 4077 1990 4129 νύκτα..

418 4176 548 4228 Ἀπὸ
569 4177 670 4239 τῆς
709 4180 773 4226 ιε’
797 4174 890 4226 οὖν
918 4172 1010 4225 τοῦ
1048 4173 1295 4238 Μαρτίου
1332 4171 1526 4240 μέχρις
1574 4170 1696 4223 ὅλου
1743 4168 1842 4222 τοῦ
1882 4171 1979 4221 Δε-

405 4267 668 4335 κεμϐρίου
754 4265 920 4333 μῆνες
968 4264 1319 4332 εὑρίσκονται
1371 4263 1587 4328 ήλιακο“ι
1642 4261 1741 4326 μὲν
1788 4262 1830 4311 θ’
1883 4260 1979 4311 καὶ

400 4362 624 4431 ἥμισυς,
650 4360 937 4428 διαφόρους
967 4356 1194 4425 ἡμερῶν
1217 4356 1449 4415 ’ἕκαστος
1484 4354 1794 4422 ποσότητας
1823 4352 1977 4422 ἔχον-

400 4469 527 4515 τες*
559 4453 610 4506 οἱ
642 4452 700 4505 δὲ
742 4453 841 4520 τῆς
885 4449 1153 4518 σελήνης,
1205 4446 1273 4498 δι’
1313 4446 1537 4515 ἡμερῶν
1581 4446 1667 4497 ἀεὶ
1697 4444 1979 4512 γινόμενοι

2000 3217 2047 3274 C

2081 1965 2132 2016 in
2170 1964 2262 2015 illo
2292 1965 2361 2017 23
2403 1966 2578 2033 ryclo.
2632 1966 2766 2019 Nam
2804 1968 2920 2023 dics
2953 1969 3022 2022 28
3056 1974 3300 2024 continu!
3339 1973 3658 2040 septimana:

2077 2068 2343 2124 quatuor,
2370 2066 2536 2127 atque
2564 2075 2627 2111 ex
2665 2058 2735 2111 28
2767 2061 3168 2128 quadrantibus
3217 2062 3432 2117 dierum
3475 2065 3654 2119 oritur

2077 2148 2383 2215 septimana
2436 2165 2566 2205 una.
2595 2149 2751 2214 Quod
2796 2153 2846 2203 in
2880 2152 2989 2205 alio
3016 2155 3172 2221 cyclo
3203 2155 3519 2223 contingere
3554 2174 3654 2211 ne-

2076 2237 2197 2304 quit
2232 2253 2396 2305 quam
2430 2238 2482 2290 in
2524 2239 2614 2301 ‘28,
2648 2248 2744 2293 aut
2770 2241 2824 2293 in
2857 2242 2940 2294 bis
2989 2242 3081 2306 ΞΒ,
3117 2244 3197 2296 vel
3236 2254 3317 2296 ter
3346 2245 3438 2310 23,
3496 2256 3549 2299 ει
3577 2248 3657 2302 sic

2077 2329 2354 2396 deinceps.
2385 2328 2481 2383 Sin
2543 2346 2673 2385 vero
2737 2334 2950 2400 placeat
2994 2334 3078 2385 vel
3138 2335 3348 2402 cyclum
3391 2336 3534 2392 lunae
3588 2340 3656 2395 19

2079 2421 2158 2473 vel
2198 2418 2268 2473 28
2295 2421 2428 2473 solis
2475 2420 2618 2474 ultra
2643 2423 2960 2487 extendere,
3009 2424 3310 2493 reperietur
3361 2427 3657 2495 quaesitum

2080 2513 2132 2564 in
2165 2513 2333 2582 cyclis
2361 2515 2740 2580 sequentibus,
2786 2532 2893 2584 qua
2943 2517 3156 2570 ratione
3218 2518 3273 2571 in
3317 2517 3515 2587 primo,
3564 2527 3660 2576 aut

2076 2604 2345 2668 secundo,
2380 2614 2475 2659 aut
2506 2607 2664 2661 tertio
2716 2607 2867 2675 cyclo
2899 2608 3158 2663 innotuit.

2078 2896 2256 2964 Quare
2291 2899 2433 2951 (una:
2462 2899 2599 2969 cycli
2630 2906 2680 2954 et
2715 2897 3065 2982 [undqmenta
3099 2916 3134 2955 α
3182 2912 3355 2955 ηιεηδε
3390 2894 3663 2958 Januario

2730 2981 3012 3039 tucoptant.

2150 3067 2193 3113 A
2223 3059 2485 3115 Januario
2506 3070 2689 3116 autem
2717 3062 2927 3131 cyclum
2952 3071 3008 3115 ct
3047 3060 3464 3119 fundamentum
3489 3066 3654 3118 etiam

2079 3154 2223 3208 lunae
2249 3153 2617 3224 computando
2647 3154 2963 3222 incipimus,
2989 3157 3248 3222 quoniam
3268 3165 3464 3226 quarta
3492 3157 3663 3224 septi-

2084 3262 2255 3300 mana:
2275 3248 2361 3299 die
2405 3247 2638 3316 primum
2667 3249 2868 3301 summi
2893 3248 3104 3316 opilicis
3135 3255 3302 3303 verbo
3343 3251 3511 3304 creati
3539 3250 3664 3305 fue-

2084 3340 2314 3395 rbntsol
2339 3350 2393 3393 et
2423 3341 2573 3405 luna,
2598 3339 2686 3394 die
2722 3356 2853 3394 vero
2880 3340 2949 3395 15
2996 3341 3201 3397 mensis
3253 3343 3433 3397 Martii
3486 3343 3663 3415 (men-

2081 3449 2195 3487 sem
2251 3432 2493 3503 intellige
2566 3432 2858 3506 lunarem)
2918 3435 3158 3505 primum
3243 3436 3657 3491 exoriebantur.

2083 3525 2239 3579 Luna
2293 3526 2502 3580 scilicet
2537 3536 2647 3579 tum
2680 3526 2891 3579 decima
2955 3529 3149 3595 quinta
3192 3542 3256 3582 ac
3287 3529 3447 3597 plena
3496 3527 3662 3583 cﬂ‘nlo

2082 3616 2198 3685 sit(
2230 3616 2303 3668 ita
2340 3616 2485 3670 Deus
2515 3616 2651 3669 nihil
2682 3616 2985 3685 quidquam
3018 3613 3048 3671 ιι
3080 3618 3349 3687 principio
3386 3617 3655 3686 imperfe-

2082 3716 2230 3762 ctum
2253 3720 2442 3762 creare
2467 3706 2680 3775 voluit),
2703 3714 2765 3760 ut
2789 3716 2911 3775 post
2932 3707 3066 3763 solis
3090 3723 3348 3764 occasum
3372 3710 3466 3778 qui
3496 3696 3660 3766 mane

2083 3808 2239 3855 ortus
2269 3800 2466 3861 fuerat,
2500 3812 2555 3854 et
2603 3809 2773 3855 totum
2830 3802 2973 3856 diem
3001 3802 3105 3857 sibi
3140 3804 3499 3858 commissum
3536 3805 3661 3860 illu-

2083 3902 2375 3958 straverat,
2435 3894 2563 3949 luna
2613 3905 2829 3948 noctem
2895 3895 2996 3948 sibi
3055 3894 3441 3950 demandatam
3485 3908 3657 3954 totam

2084 3987 2441 4040 illuminarct.
2507 3986 2786 4056 ldpropter
2835 3994 2863 4041 a
2914 3985 2981 4040 i5
3013 3985 3218 4047 Martii.
3257 4001 3435 4058 usque
3465 3990 3531 4044 ad
3567 3991 3662 4046 De-

2084 4079 2357 4133 cembrem
2405 4080 2734 4148 completum
2806 4079 3154 4148 reperiuntur
3192 4095 3408 4136 menses
3448 4084 3661 4139 solarcs

2084 4171 2119 4225 9
2162 4186 2286 4225 cum
2334 4170 2584 4236 dimidio,
2616 4172 2708 4241 qui
2755 4173 2975 4241 quidem
3009 4174 3190 4240 quoad
3220 4189 3511 4228 numerum
3549 4176 3663 4231 die-

2086 4280 2206 4319 rum
2242 4264 2385 4317 inter
2415 4279 2476 4317 se
2520 4264 2782 4317 variant:
2823 4279 3038 4319 menses
3089 4279 3218 4319 vero
3267 4268 3507 4334 lunares,
3567 4271 3659 4337 qni

2083 4366 2347 4425 perpetuo
2374 4364 2505 4409 sunt
2541 4355 2752 4408 dierum
2775 4354 2846 4409 29
2877 4370 3004 4410 cum
3056 4358 3307 4421 semisse,
3340 4372 3451 4411 non
3479 4360 3658 4414 solum

2087 4452 2219 4500 sunt
2248 4461 2480 4500 numero
2510 4445 2733 4500 tetidem
2778 4462 3015 4510 menses,
3045 4448 3141 4502 sed
3200 4450 3470 4504 accedunt
3503 4450 3665 4505 insu-

406 4551 491 4601 κθ¹
529 4548 625 4601 καὶ
645 4545 925 4614 ἡμισείας,
946 4545 1009 4596 οὐ
1042 4545 1204 4610 μόνον
1238 4541 1407 4610 μῆνες
1438 4537 1676 4607 ὁρῶνται
1708 4538 1977 4602 τοσοῦτοι,

2091 4552 2187 4607 per
2241 4537 2360 4592 dies
2419 4538 2506 4593 Η.
2543 4536 2680 4590 Nam
2711 4535 3009 4592 Ianuarius
3038 4547 3091 4591 et
3126 4538 3461 4596 Februarius
3494 4545 3660 4599 simul

401 4643 535 4699 ἀλλὰ
564 4643 699 4711 πρὸς
731 4637 937 4700 τούτοις
970 4638 1064 4689 καὶ
1105 4635 1312 4705 ἡμέραι
1347 4630 1759 4701 περιττεύουσιν
1790 4637 1881 4685 ια’.
1917 4630 1979 4684 ’0

401 4736 512 4806 γὰρ
573 4731 898 4802 Ἰανουάριος
936 4730 1035 4783 καὶ
1081 4729 1109 4780 ὁ
1159 4723 1529 4794 Φεϐρουάριος
1581 4724 1977 4792 συντιθέμενοι,

400 4828 555 4881 οὐδὲν
601 4825 763 4876 πλέον
806 4823 1030 4892 φέρουσι
1064 4816 1398 4885 σεληνιακῶν
1437 4815 1531 4869 δύο
1564 4816 1774 4885 μηνῶν.
1824 4813 2009 4866 Ἐπεὶ-

400 4917 496 4972 οὗν
519 4920 582 4989 τῇ
612 4913 706 4968 τοῦ
743 4911 1075 4978 Ἰανουαρίου
1105 4908 1155 4963 α’
1183 4910 1211 4962 ὁ
1237 4908 1577 4980 περιττεύων
1598 4907 1708 4959 τῶν
1740 4911 1810 4959 ια’
1839 4906 1980 4977 ἡμε·

407 5009 517 5078 ρῶν
550 5003 781 5075 ἀριθμὸς
828 5001 1016 5072 σαφῶς
1047 4998 1287 5067 ἀνεφάνη
1332 4998 1470 5067 μετά
1503 4999 1598 5049 τὸν
1632 4995 1983 5064 ἀπαρτισμὸν

400 5101 497 5155 τοῦ
533 5098 737 5151 τελείου
789 5098 887 5161 τῆς
935 5093 1169 5161 σελήνης
1218 5091 1446 5155 κύκλου,
1503 5089 1821 5157 ἀναγκαίως
1873 5088 1981 5139 ἀπὸ

398 5188 495 5249 τοῦ
533 5190 862 5261 Ἰαννουαρίου
886 5190 912 5241 ὃ
934 5206 992 5240 τε
1018 5188 1220 5249 κύκλος
1245 5186 1436 5254 αὐτῆς,
1471 5185 1566 5236 καὶ
1587 5186 1615 5235 ὁ
1640 5181 1979 5252 περιττεύων

402 5290 633 5360 ἀριθμὸς
660 5287 909 5355 ἄρχεται,
939 5282 1189 5352 θεμέλιος
1218 5279 1327 5332 τῶν
1350 5276 1576 5349 ἡμερῶν
1615 5275 1699 5329 τοῦ
1730 5272 1854 5343 ἑξῆς
1881 5277 1979 5327 αύο

401 5384 500 5452 τῆς
540 5379 741 5433 κύκλου
773 5378 865 5428 καὶ⁵
897 5373 971 5427 ὢν
1002 5375 1097 5427 καί
1127 5371 1484 5439 καλούμενος·

400 5493 503 5546 Διά
534 5492 587 5543 τί
622 5488 739 5544 ἀπὸ
779 5485 887 5539 τοῦ
931 5485 1290 5550 Ὀκτωϐρίου
1315 5484 1369 5535 οἱ
1410 5479 1627 5534 κύκλοι
1656 5478 1764 5534 τοῦ
1794 5478 1977 5547 ἡλίου

1020 5555 1305 5623 ἄρχονται
1316 5592 1330 5606 .

485 5653 618 5706 Ἀπὸ
664 5653 720 5704 δὲ
768 5651 863 5704 τοῦ
909 5647 1251 5719 Ὀκτωϐρίου
1301 5646 1402 5708 τὰς
1453 5644 1564 5697 τῶν
1615 5642 1835 5703 κύκλων
1884 5641 1979 5695 τοῦ

401 5747 555 5815 ἡλίου
586 5745 766 5814 φαμὲν
793 5725 1064 5813 ’ἄρχεσθαι
1100 5741 1406 5811 περιόδους,
1447 5740 1530 5792 ὅτι
1568 5738 1646 5806 τῷ
1688 5735 1748 5790 ιε’
1792 5736 1981 5807 δρόμῳ

401 5843 497 5896 τοῦ
525 5840 775 5913 Μαρτίου
813 5836 1004 5908 μηνὸς,
1035 5833 1422 5896 ἀνατείλαντος
1463 5830 1558 5885 τοῦ
1601 5831 1777 5901 ἡλίου,
1814 5827 1978 5901 μέχρι

2086 4629 2291 4698 sumpti
2328 4629 2673 4683 constituunt
2721 4641 2913 4683 exacte
2959 4630 3100 4686 duos
3155 4647 3373 4688 IIICIISCS
3419 4634 3661 4691 lunares.

2085 4716 2354 4790 Quoniam
2400 4724 2566 4792 igitur
2619 4723 2794 4791 primo
2824 4724 2911 4777 die
2954 4721 3201 4778 Januarii
3257 4726 3507 4779 undecim
3559 4727 3664 4782 iste

2085 4818 2300 4871 dierqu
2330 4832 2594 4871 excessus
2620 4818 2906 4871 evidenter
2957 4827 3207 4886 apparet,
3240 4817 3332 4886 qui
3378 4830 3498 4886 post
3529 4835 3662 4873 exa-

2083 4920 2231 4969 ctum
2293 4920 2465 4965 totum
2503 4910 2716 4980 cyclum
2752 4910 2913 4973 inme,
2963 4912 3276 4964 necessario
3311 4925 3340 4965 a
3367 4909 3658 4976 Januario,

2083 5010 2139 5056 ct
2190 5002 2377 5071 cyclus
2412 4998 2530 5068 ejus
2565 5009 2619 5053 et
2659 5014 2923 5052 numerus
2981 5000 3295 5053 redundans
3350 5001 3658 5069 incipiunt,

2085 5094 2180 5162 qui
2212 5091 2630 5145 fundamentum
2665 5090 2878 5143 dierum
2912 5088 3110 5157 reliqui
3159 5089 3293 5159 cycli
3325 5088 3468 5144 lunae
3498 5097 3553 5146 et
3576 5099 3664 5146 est

2083 5196 2138 5239 et
2182 5183 2506 5254 appellatur.

2156 5475 2332 5541 Quam
2383 5471 2444 5527 ob
2477 5485 2694 5525 causam
2737 5467 2869 5552 εμείί
2911 5468 3038 5522 solis
3088 5466 3152 5520 ab
3193 5466 3409 5523 Octobri
3453 5470 3591 5545 incig

2784 5550 2953 5591 mam.

2783 5557 2953 5609 piam.

2160 5638 2239 5693 Ab
2268 5634 2490 5692 Octobri
2537 5644 2718 5688 autem
2749 5633 3026 5704 cyclorum
3065 5632 3327 5687 solarium
3361 5632 3663 5687 revolutio-

2088 5748 2185 5786 nes
2217 5729 2461 5784 inchoari
2520 5728 2780 5792 dicimus,
2835 5726 2960 5795 quia
3017 5726 3161 5779 adie
3205 5724 3420 5778 decimo
3469 5727 3665 5795 quinto

2087 5823 2266 5879 Martii
2312 5822 2592 5879 exoriente
2639 5823 2754 5878 sole
2786 5884 2793 5891 ,
2824 5835 2997 5891 usque
3059 5817 3125 5873 ad
3164 5816 3455 5873 Octobrem
3514 5835 3668 5873 meno
