4054 6436
427 356 500 420 79
1609 358 1974 418 ΜΑΤΤΗίΕΙ

2075 359 2159 418 LA
2169 356 2440 418 STARIS
3586 361 3652 420 8’)

428 485 542 524 sem
577 471 694 524 dies
725 472 996 526 mensium
1025 488 1148 526 cum
1201 473 1396 527 dit'blls
1421 472 1736 537 septimanae
1764 484 1974 538 permu«

2089 467 2184 519 τοῦ
2227 467 2557 533 Ὀκτωϐρίου
2594 467 2783 537 μηνὸς,
2813 466 3233 536 ἐνηλλαγμένως
3259 468 3314 520 al
3339 468 3447 521 τῶν
3472 473 3659 538 μηνῶν

425 562 582 616 latim
619 561 922 617 decurrunt
961 581 974 616 :
1013 564 1100 616 die
1132 574 1310 617 autem
1353 564 1530 631 primo
1569 560 1845 625 Octobris,
1898 576 1987 613 re-

421 661 573 721 perta
603 652 764 706 etiam
831 653 1134 721 septimana
1175 655 1227 706 in
1262 655 1438 722 primo
1477 654 1638 706 istius
1695 651 1818 713 die,
1865 649 1989 702 inde

421 758 475 802 et
503 748 838 802 exordimur.
884 746 1019 799 Nam
1082 755 1277 814 praeter
1314 746 1602 799 Octobrem
1635 742 1817 795 nullus
1847 741 1986 794 alius

421 841 628 896 mensis
673 842 725 892 in
765 839 937 907 prima
981 839 1112 894 solis
1163 838 1384 905 periodo
1441 838 1668 904 primam
1708 834 1792 888 sui
1838 833 1981 886 diem

420 947 546 984 rum
611 931 784 998 primo
825 929 913 982 die
969 928 1285 992 septimanae
1338 926 1732 979 coincideutem
1802 924 1979 976 habet.

415 1025 500 1075 Ab
531 1023 637 1075 isto
661 1022 826 1090 igitur
858 1034 1042 1073 mense
1072 1018 1411 1086 incipientes.
1437 1017 1770 1084 reliquorum
1791 1013 1983 1066 ordine

419 1114 688 1167 mensium
717 1113 833 1165 dies
864 1109 934 1164 28
959 1099 1122 1180 2δ6
1147 1110 1474 1168 omittimus,
1504 1117 1695 1174 utpote
1743 1107 1982 1174 integras

415 1204 784 1257 hebdomadas
806 1204 1231 1264 eonstitttentes;
1259 1201 1375 1252 dies
1396 1213 1522 1252 vero
1547 1198 1638 1266 qui
1663 1203 1981 1266 supersunt,

415 1296 740 1363 accipimus.
772 1294 946 1347 donec
979 1297 1043 1346 ad
1075 1293 1247 1351 illum.
1283 1306 1442 1358 quem
1482 1290 1802 1358 quaerimus,
1864 1301 1980 1354 per-

418 1386 686 1440 veniatur.
730 1383 885 1449 Quod
921 1391 1101 1437 autem
1157 1383 1259 1436 hoc
1283 1381 1563 1449 contingat
1594 1379 1645 1431 in
1679 1378 1852 1446 primo
1885 1390 1978 1444 cy-

415 1478 501 1530 clo
556 1475 903 1528 revolutionis
944 1474 1162 1534 solaris,
1212 1471 1369 1525 facile
1418 1483 1577 1523 exeo
1637 1465 1978 1535 intelligitur,

415 1568 560 1633 quod
589 1582 616 1618 a
646 1565 732 1617 die
763 1566 828 1618 15
860 1565 1058 1624 Martii.
1091 1579 1199 1632 quo
1231 1562 1313 1617 sol
1342 1562 1560 1630 quidem
1611 1569 1830 1613 creatus
1869 1565 1975 1620 est,

417 1675 592 1726 usque
627 1657 693 1710 ad
740 1655 1110 1724 Septembrem
1147 1665 1421 1717 exactum,
1464 1658 1823 1705 numerentur
1853 1663 1974 1700 cum

416 1752 592 1804 tribus
651 1749 784 1812 illis,
814 1749 907 1818 qui
941 1748 1108 1802 solem
1168 1757 1350 1800 natum
1383 1751 1799 1814 prmeesserant,
1857 1740 1976 1793 dies

413 1843 539 1896 ‘203.
590 1841 685 1894 Isti
739 1840 1082 1894 constituunt
1125 1837 1514 1907 septimanasQ
1568 1841 1688 1904 post
1745 1831 1975 1900 viginti;
2011 1820 2049 1874 Β

415 1939 615 2003 quippe
651 1934 852 1999 septies
875 1934 945 1986 9.0
968 1931 1100 1985 dant
1135 1929 1260 1994 HO,
1296 1941 1348 1983 et
1388 1928 1590 1997 septies
1635 1925 1668 1979 9
1690 1924 1783 1986 65,
1815 1922 1979 1974 adeo-

413 2043 518 2093 que
560 2027 770 2094 primus
819 2024 934 2077 dies
975 2020 1228 2077 Octobris
1283 2019 1339 2074 in
1389 2019 1628 2088 primum
1657 2014 1979 2085 septimanae

411 2119 554 2170 diem
601 2115 816 2168 incidit.

695 2379 968 2445 Quomodo
1011 2377 1268 2446 reperitur
1299 2375 1475 2444 cyclus
1519 2371 1682 2425 Iunce.

483 2473 714 2540 Quando
745 2481 926 2524 tamen
965 2469 1105 2521 luna:
1152 2467 1361 2536 cyclum
1411 2463 1657 2518 invenire
1713 2457 1971 2517 volueris,

413 2571 599 2620 datum
650 2579 850 2618 annum
894 2575 1152 2614 maturum
1203 2558 1390 2628 digitis
1426 2571 1582 2625 cape,
1614 2563 1670 2608 et
1715 2558 1972 2620 supputa.

413 2655 695 2711 Slatuatur
734 2663 936 2715 autem,
966 2649 1197 2718 exetnpli
1230 2648 1426 2717 gratia,
1485 2659 1722 2714 praesens
1756 2643 1842 2695 hic
1879 2656 1977 2693 an-

413 2763 518 2801 nus
565 2745 724 2800 6845.
756 2743 1024 2808 Quoniam
1075 2748 1322 2807 respectu
1389 2736 1454 2790 19
1488 2735 1764 2806 cyclorum
1833 2731 1974 2783 lunae

408 2841 613 2910 pariter
664 2853 785 2892 sese
819 2836 1021 2888 habent
1051 2832 1264 2891 numeri
1306 2830 1408 2884 190
1445 2839 1498 2882 et
1525 2826 1679 2891 l800,
1709 2822 1972 2878 subtrahe

409 2941 493 2983 ter
526 2927 628 2984 190
659 2943 719 2979 ex
762 2925 920 2978 6845.
969 2925 1104 2977 Dein
1149 2937 1215 2976 ex
1247 2921 1470 2974 residuo
1504 2914 1852 2978 H45,rdeme
1879 2926 1970 2964 se-

407 3023 524 3077 xies
566 3018 690 3082 100,
734 3017 1112 3082 relinquentur
1162 3013 1196 3066 5
1227 3025 1324 3080 pro
1375 3009 1528 3078 cyclo
1590 3007 1755 3070 lunae,
1793 3003 1876 3056 vel
1927 3001 1972 3054 si

406 3113 608 3183 placet,
670 3123 826 3163 serva
877 3106 1054 3159 solum
1092 3103 1222 3156 anni
1263 3101 1494 3154 minoris
1528 3114 1684 3152 num.
1717 3096 1808 3160 45,
1848 3093 1968 3163 qui-

2091 562 2298 633 ἡμέραι
2325 563 2462 631 πρὸς
2493 562 2592 625 τὰς
2623 563 2721 630 τῆς
2767 563 3058 628 ἑϐδομάδος
3100 563 3398 629 ἐφέροντο·
3428 565 3493 630 τῇ
3522 563 3578 616 δὲ
3609 560 3657 618 α’

2090 652 2186 705 τοῦ
2234 651 2568 719 ὐκτωϐρίου
2621 653 2942 722 εὑρεθείσης
2990 654 3082 705 καὶ
3134 653 3236 720 τῆς
3275 653 3569 722 ἑϐδομάδος
3598 654 3656 707 ἑν

2089 746 2155 812 τῇ
2193 743 2240 796 α’
2269 745 2376 796 τῶν
2422 746 2592 813 αὐτῆς
2637 745 2884 812 ἡμερῶν,
2937 744 3148 796 ἐκεῖθεν
3209 749 3303 797 καὶ
3349 747 3654 815 ἀρχόμεθα.

2089 834 2275 895 Οὐδεὶς
2302 836 2412 901 γάρ
2431 835 2540 886 τῶν
2563 834 2746 902 μηνῶν
2770 834 2976 904 ἕτερος,
3009 835 3089 886 ὅτι
3114 835 3187 904 μὴ
3216 833 3371 903 μόνος
3397 837 3425 887 ὁ
3453 835 3656 888 Ὀκτὼ-

2087 923 2263 992 ϐριος,
2295 926 2436 976 κατὰ
2477 925 2578 994 τὴν
2609 925 2840 994 πρώτην
2892 925 2985 978 τοῦ
3039 926 3191 995 ἡλίου
3251 928 3504 995 περίοδον
3554 927 3653 996 τὴν

2087 1013 2309 1084 πρώτην
2348 1015 2455 1067 τῶν
2487 1016 2652 1068 αὑτοῦ
2690 1015 2914 1084 ήμερῶν
2959 1019 3022 1084 τῇ
3066 1017 3259 1087 πρώτῃ
3293 1019 3390 1086 τῆς
3415 1017 3652 1085 ἑϐδομά-

2084 1107 2172 1169 δος
2198 1107 2313 1176 ἔχει
2343 1109 2782 1176 συμπίπτουσαν.
2828 1110 2922 1163 Ἐκ
2956 1108 3146 1162 τούτου
3190 1109 3369 1161 τοίνυν
3411 1109 3648 1178 ἀρχόμεο

2085 1217 2187 1261 νοι,
2221 1199 2453 1252 ἑκάστου
2486 1199 2594 1251 τῶν
2637 1200 2765 1267 ἑξῆς
2815 1201 3002 1270 μηνῶν
3030 1201 3130 1262 τὰς
3168 1200 3267 1269 μὲν
3316 1197 3400 1268 κη’
3433 1199 3648 1267 ἡμέρας

2082 1290 2289 1357 ἐῶμεν.
2349 1291 2424 1354 ὼς
2475 1289 2806 1361 ὁλοκλήρους
2866 1291 3166 1359 ἑϐδομάδας
3217 1291 3648 1361 ὰπαρτιζούσας,

2081 1383 2180 1443 τὰς
2202 1381 2257 1434 δὲ
2284 1381 2541 1434 ἐπέκεινα
2580 1385 2785 1435 τούτων
2819 1383 3191 1452 λαμϐάνομεν,
3212 1385 3317 1445 ἕως
3348 1384 3413 1436 ἂν
3443 1386 3522 1445 είς
3552 1383 3652 1453 τὴν

2082 1474 2297 1540 ἡμέραν
2325 1472 2591 1543 ἔλθωμεν,
2634 1475 2764 1543 περ)⁵
2792 1469 2858 1546 ἦς
2889 1474 2987 1545 τὴν
3021 1475 3247 1544 ζήτησιν
3279 1477 3495 1546 ἔχομεν.
3526 1476 3653 1528 Ὅτι

2078 1565 2133 1618 δὲ
2164 1565 2304 1618 κατὰ
2331 1564 2424 1616 τὸν
2470 1566 2687 1635 πρῶτον
2715 1569 2814 1636 τῆς
2844 1567 3203 1636 δημιουργίας
3231 1567 3327 1620 τοῦ
3354 1567 3504 1639 ήλίου
3551 1567 3650 1621 κύ‹

2079 1657 2206 1709 κλον
2234 1655 2374 1708 οὕτω
2410 1656 2742 1724 συνήντησε,
2763 1658 3104 1727 καταμαθεῖν
3128 1660 3374 1721 εὐπετές.
3406 1659 3539 1710 Ἀπὸ
3552 1660 3653 1726 τῆς

2082 1741 2143 1796 ιε’
2171 1743 2265 1795 τοῦ
2288 1742 2558 1812 Μαρτίου,
2592 1744 2649 1796 ὲν
2733 1743 2832 1813 τὴν
2854 1746 3070 1812 γένεσιν
3098 1745 3254 1815 ἔσχεν
3284 1748 3311 1798 ὁ
3338 1745 3512 1815 ήλιος,
3549 1745 3649 1816 μέο

2078 1851 2200 1904 χρις
2231 1832 2352 1885 ὅλου
2381 1832 2477 1885 τοῦ
2504 1833 2901 1903 Σεπτεμϐρίου,
2936 1835 3074 1904 μετὰ
3097 1836 3206 1889 τῶν
3229 1837 3336 1906 πρὸ
3367 1835 3463 1888 τοῦ
3491 1836 3646 1902 ήλίου

2078 1924 2243 1993 τριῶν
2275 1924 2498 1992 ἡμερῶν
2519 1923 2722 1994 ἡμέραι
2748 1925 2995 1992 γίνονται
3021 1933 3126 1994 σγ’,
3163 1928 3366 1990 αἵτινες
3398 1928 3648 1980 ποιοῦσιν

2078 2015 2382 2083 ἑϐδομάδας
2427 2016 2586 2070 ἐννέα
2631 2017 2727 2070 καὶ
2773 2019 3007 2072 εἴκοσιν·
3061 2020 3292 2082 ἑπτάκις
3325 2021 3434 2090 γὰρ
3467 2019 3534 2072 τὰ
3569 2019 3645 2072 εί·-

2078 2123 2232 2159 κοσιν
2258 2107 2455 2161 ἑκατὸν
2489 2109 2924 2178 τεσσαράκοντα,
2981 2111 3078 2165 καὶ
3117 2112 3349 2175 ἑπτάκις
3374 2113 3442 2166 τὰ
3466 2112 3646 2177 ἑννέα,

2076 2198 2342 2266 ἐξήκοντα
2386 2199 2548 2269 τρίαο
2602 2200 2790 2254 λοιπὸν
2837 2203 2870 2270 ή
2924 2201 3116 2272 πρώτη
3165 2201 3258 2256 τοῦ
3307 2202 3645 2273 Ὀκτωϐρίου

2075 2289 2292 2357 ἐγένετο
2323 2290 2417 2343 κα)⁸
2441 2291 2633 2361 πρώτη
2661 2291 2760 2359 τῆς
2785 2293 3103 2358 ἑϐδομάδος.

2218 2381 2346 2444 Πῶς
2377 2381 2410 2432 ὀ
2434 2379 2544 2448 τῆς
2567 2382 2843 2449 σελήνης
2869 2383 3212 2450 εὑρίσκεται
3240 2385 3488 2450 κύκλος.

2157 2469 2300 2523 Ἀλλ’
2334 2470 2499 2540 ήνίκα
2529 2472 2621 2524 τὸν
2654 2474 2754 2542 τῆς
2785 2474 3016 2544 σελήνης
3061 2474 3260 2529 κύκλον
3292 2477 3473 2545 εὑρεῖν
3519 2477 3642 2529 ἑθε-

2074 2558 2326 2628 λήσειας,
2358 2562 2473 2626 τοῖς
2507 2562 2790 2626 δακτύλοις
2829 2563 2938 2616 τῶν
2965 2565 3163 2634 χειρῶν
3199 2566 3262 2618 τὸ
3293 2566 3645 2635 ἐνιστάμενον

2073 2649 2193 2710 ἔτος
2241 2648 2508 2718 λάμϐανε.
2535 2651 2755 2705 Κείσθω
2788 2653 2852 2721 δὴ
2891 2655 2953 2706 τὸ
2997 2655 3083 2722 ἐφ’
3109 2656 3269 2726 ήμῶν
3293 2662 3513 2725 ,ςωμγ’,
3545 2655 3644 2709 καὶ

2071 2739 2196 2790 ἐπεὶ
2216 2740 2314 2808 τὴν
2344 2739 2513 2810 αὐτὴν
2541 2741 2834 2808 ἀναλογίαν
2867 2744 3051 2813 ἔχουσι
3078 2747 3156 2816 τῷ
3190 2746 3254 2798 ιϐ’
3286 2747 3506 2816 ἀριθμῴ
3532 2749 3643 2800 τῶν

2071 2830 2170 2898 τῆς
2227 2831 2458 2901 σελήνης
2515 2832 2730 2885 κύκλων
2789 2835 2818 2886 ὃ
2880 2852 2940 2888 τε
2986 2834 3070 2905 pl,’
3110 2837 3202 2890 xui.
3241 2838 3269 2889 ὁ
3312 2836 3440 2904 ,οὒκ
3475 2839 3648 2906 ἄφελε

2073 2921 2291 2989 πρῶτον
2335 2923 2398 2974 ἑκ
2447 2922 2634 2992 τρίτου
2678 2924 2770 2977 τὸν
2822 2927 2956 2996 ,αξη
3000 2924 3135 2981 Εἶτα
3172 2929 3281 2981 τῶν
3341 2931 3647 2998 μεινάντων

2072 3008 2258 3081 ,αρμγ’
2289 3012 2506 3081 ἀφελὼν
2535 3014 2721 3079 ἑξάκις
2765 3017 2858 3069 τδν
2902 3021 3008 3088 ριιθ,
3044 3018 3188 3083 ἔξεις
3232 3019 3300 3072 τὰ
3330 3020 3647 3088 περιλειπό-

2075 3119 2213 3170 μενα
2245 3101 2394 3172 τρία,
2435 3106 2581 3176 ἅπερ
2614 3109 2755 3161 είσὶν
2786 3110 2813 3161 ὀ
2857 3110 3054 3172 κύκλος
3077 3110 3175 3180 τῆς
3207 3112 3458 3180 σελήνης.
3489 3113 3550 3164 Et
3583 3113 3644 3166 δὲ

347 3186 352 3191 ’
406 3173 510 3260 bus
548 3173 722 3271 adjice
749 3199 833 3260 17,
858 3212 979 3266 quae
1008 3194 1226 3262 quidem
1255 3197 1549 3260 supersunt
1579 3197 1702 3256 post
1725 3185 1970 3252 proxime

2075 3192 2276 3260 βούλει,
2316 3173 2593 3265 κράτησον
2623 3199 2683 3250 τὸ
2715 3200 2912 3269 μικρὸν
2945 3200 3065 3263 ἔτος
3093 3173 3273 3271 μύνον,
3305 3173 3424 3273 ήτοι
3449 3204 3518 3256 τὰ
3549 3204 3642 3272 μγ⁹

408 3299 612 3364 lapsam
641 3285 1195 3346 hecatentaeteridem
1229 3298 1244 3336 :
1278 3291 1334 3336 et
1363 3282 1505 3334 hanc
1530 3291 1823 3338 summam,
1845 3283 1973 3344 puta

407 3387 498 3451 60,
556 3383 739 3438 divide
777 3395 872 3450 per
908 3379 999 3443 19,
1033 3373 1253 3430 residua
1283 3371 1318 3425 ὅ
1355 3371 1654 3426 ostendunt
1694 3367 1853 3436 plane
1883 3380 1975 3434 cy-

405 3477 551 3531 clum
587 3475 753 3530 lunae.

545 3653 818 3722 Quomodo
867 3649 1130 3706 invenitur
1187 3645 1593 3717 fundamentum
1647 3639 1809 3695 luuw.

473 3741 651 3818 Hujus
683 3755 862 3799 autem
895 3743 1311 3798 fundamentum
1348 3743 1605 3793 accurate
1640 3731 1851 3788 tenebis
1872 3768 1888 3795 ,
1923 3729 1970 3784 si

403 3843 566 3896 modo
602 3835 1052 3904 undecuplaveris
1083 3833 1195 3901 jam
1233 3832 1511 3884 inventum
1557 3827 1701 3881 lunae
1731 3823 1968 3895 cyclum,

403 3941 458 3985 et
517 3939 627 3982 tum
663 3927 778 3980 dies
815 3934 922 3978 tres
980 3921 1245 3991 producto
1303 3919 1396 3974 isti
1466 3917 1757 4005 adjiciens,
1820 3913 1969 3967 illam

402 4033 674 4076 summam
726 4015 980 4070 diviseris
1023 4011 1241 4086 ρει-50.
1279 4010 1601 4065 Servabitur
1662 4008 1807 4060 enim
1870 4022 1975 4060 nu-

406 4125 592 4164 merus
623 4107 876 4162 residuus
909 4120 1006 4175 pro
1044 4105 1398 4158 fundamento
1433 4103 1598 4157 lunze.
1628 4100 1758 4155 Ideo
1785 4108 1967 4152 autem

403 4199 736 4268 adjiciuntur
797 4204 908 4249 tres
961 4193 1048 4248 isti
1079 4195 1212 4257 dies,
1271 4193 1526 4261 quoniam
1590 4192 1643 4244 in
1696 4189 1761 4244 19
1812 4189 1970 4244 annis

403 4289 708 4358 completis,
763 4299 821 4341 ut
856 4286 1060 4340 dictum
1097 4295 1201 4349 est,
1234 4298 1343 4336 non
1373 4297 1562 4337 revera
1603 4280 1970 4335 restituuntur

401 4391 585 4435 motus
613 4381 758 4434 luna:
787 4380 838 4433 in
873 4378 1292 4446 longitudinem,
1317 4378 1410 4429 sed
1447 4374 1644 4429 desunt
1679 4370 1965 4427 uniusdiei

2081 3285 2315 3352 πρόσθες
2347 3286 2439 3338 καὶ
2469 3287 2537 3342 τὰ
2575 3285 2638 3352 ιζ’
2668 3291 2734 3342 τὰ
2773 3291 3210 3360 περισσεύσαντα
3239 3293 3347 3346 ἀπὸ
3371 3294 3468 3362 τῆς
3491 3310 3639 3365 παρ-

2073 3375 2334 3440 ελθούσης
2356 3379 2888 3450 ἑκατονταετηρίδος,
2936 3383 3029 3436 καὶ
3057 3381 3125 3436 τὰ
3151 3383 3287 3453 ὁμοῦ
3316 3385 3575 3452 γινόμενα
3595 3384 3643 3452 ξ’

2073 3466 2235 3534 ὕφελε
2259 3469 2351 3521 ἐπὶ
2379 3470 2486 3522 τῶν
2515 3469 2601 3532 ιϐ’,
2617 3473 2710 3523 καὶ
2733 3471 2801 3524 τὰ
2825 3473 3257 3542 καταλειφθέντα
3276 3474 3404 3544 τρία
3422 3474 3644 3543 δηλοῦσι⁹

2069 3560 2288 3630 τρανῶς
2320 3559 2420 3629 τῆς
2453 3560 2685 3631 σελήνης
2708 3563 2800 3616 τὸν
2825 3565 3041 3618 κύκλον.

2177 3650 2308 3717 Πῶς
2339 3655 2372 3705 ὁ
2397 3650 2508 3718 τῆς
2537 3653 2809 3720 σελήνης
2839 3655 3183 3722 εὑρίσκεται
3218 3655 3510 3724 θεμέλιος.

2142 3745 2248 3797 Τὸν
2267 3744 2321 3797 δὲ
2349 3745 2552 3816 ταύτης
2587 3746 2844 3815 θεμέλιον
2871 3745 3116 3814 ἀκριϐῶς
3149 3748 3290 3819 είσῃ,
3325 3747 3421 3801 ἐάν
3451 3765 3557 3817 περ
3581 3747 3646 3802 ὃν

2071 3831 2232 3908 εὗρες
2295 3838 2468 3907 αὐτῆς
2520 3837 2720 3892 κύκλον
2774 3838 3311 3904 ἑνδεκαπλασιάσας,
3359 3839 3454 3894 καὶ
3490 3842 3643 3912 τρεῖς

2070 3930 2286 4001 ἡμέρας
2321 3932 2529 3994 τούτοις
2556 3934 2832 4000 προσθεὶς,
2863 3935 3063 4006 ὑφέλῃς
3098 3937 3190 3989 ἐπὶ
3221 3936 3332 3988 τῶν
3359 3937 3401 3990 λ’
3428 3939 3520 3991 καὶ
3548 3940 3640 3992 τὸν

2072 4021 2504 4093 καταλειφθέντα
2545 4026 2801 4096 ἀριθμὸν,
2847 4027 2923 4090 ὡς
2958 4027 3207 4096 θεμέλιον
3258 4030 3360 4099 τῆς
3407 4034 3642 4102 σελήνης

2073 4115 2374 4187 κρατήσῃς.
2411 4117 2478 4169 Δί
2519 4117 2573 4170 δὲ
2613 4121 2765 4187 τρεῖς
2797 4114 2957 4174 αὗται
2998 4121 3201 4190 ήμὲραι
3231 4124 3639 4191 προστίθενται,

2069 4205 2157 4258 διὰ
2182 4205 2243 4258 τὸ
2294 4206 2368 4277 μὴ
2411 4207 2886 4265 ἀποκαθίστασθαι
2929 4212 3030 4274 τὰς
3083 4213 3180 4283 τῆς
3233 4213 3462 4284 σελήνης
3499 4217 3641 4271 κατὰ

2071 4294 2252 4365 μῆκος
2294 4297 2561 4366 παρόδους
2609 4299 2668 4352 ἑν
2718 4301 2862 4365 ὅλοις
2894 4301 2962 4354 ιθ⁹
2999 4302 3198 4364 ἔτεσιν.
3251 4305 3328 4368 ὡς
3380 4306 3638 4376 είρηταιο

2071 4385 2208 4438 ἀλλά
2243 4387 2393 4457 παρὰ
2430 4389 2559 4458 μιᾶς
2589 4390 2802 4460 ήμέρας
2837 4393 3111 4464 ἑξηκοστὰ
3141 4395 3336 4464 πρῶτα
3363 4402 3511 4468 τρία,
3544 4401 3640 4454 καὶ

401 4473 609 4525 minuta
639 4471 812 4540 prima
857 4467 924 4534 δ’,
954 4480 1008 4523 et
1035 4468 1276 4522 secunda
1297 4461 1415 4527 ‘57",
1443 4467 1580 4520 adeo
1619 4475 1678 4518 ut
1705 4464 1758 4518 in
1787 4463 1966 4532 spatio

2075 4477 2299 4549 δεύτερα
2326 4478 2622 4548 τριάκοντα
2651 4481 2813 4547 ἑπτὰ,
2854 4461 2995 4537 ὥστε
3033 4486 3114 4548 είς
3144 4461 3638 4556 τριακοσίους-τέσ-

402 4577 666 4616 annorum
707 4560 814 4614 ’504
863 4559 1049 4629 cyclus
1097 4562 1238 4613 lunze
1275 4556 1391 4610 fere
1422 4557 1510 4610 die
1556 4569 1669 4608 uno
1720 4553 1960 4608 deliciat.

402 4652 550 4706 lianc
579 4653 648 4704 ob
672 4667 892 4704 causam
924 4665 1065 4703 almo
1098 4649 1285 4702 mundi
1323 4647 1460 4701 δρας)
1524 4647 1704 4699 nullus
1727 4645 1843 4700 dies
1875 4658 1968 4697 ac-

400 4746 567 4798 cessit
591 4742 726 4812 cycli
754 4741 962 4795 lunaris
1012 4739 1468 4808 undeeuplatione
1508 4758 1523 4794 :
1560 4741 1686 4795 inde
1716 4744 1865 4808 ivero
1898 4735 1965 4791 ad

399 4851 599 4888 animm
643 4834 783 4888 6235
812 4832 931 4886 dies
963 4848 1106 4885 unus
1139 4831 1526 4901 ailjiciebatur,
1561 4841 1616 4887 et
1649 4833 1776 4886 hinc
1801 4846 1965 4900 porro

399 4940 545 4978 anno
619 4923 757 4976 6537
791 4925 912 4987 duo,
970 4923 1208 4992 indeque
1246 4923 1312 4976 ad
1361 4939 1563 4977 annum
1622 4923 1754 4979 6841
1795 4933 1906 4977 tres
1946 4939 1961 4976 :

399 5026 562 5085 atque
593 5016 871 5083 deinceps,
892 5015 1048 5084 juxta
1079 5031 1302 5085 compar
1337 5017 1468 5070 dicti
1497 5017 1757 5084 temporis
1797 5015 1966 5068 inter-

399 5107 623 5168 vallum,
657 5115 892 5174 quatuor
923 5106 1039 5160 dies
1073 5108 1350 5160 accedent.
1391 5107 1774 5160 Verumtamen
1823 5120 1964 5175 prae-

399 5204 553 5249 sente
594 5196 698 5248 hoc
732 5205 993 5264 tempore,
1033 5197 1076 5248 si
1100 5197 1310 5266 eyelnm
1347 5197 1488 5250 luna:
1523 5199 1588 5251 17
1627 5207 1681 5250 et
1714 5197 1782 5249 18
1807 5207 1856 5248 et
1897 5196 1964 5252 19

400 5283 846 5350 nudeeuplaveris
901 5293 954 5334 et
994 5294 1229 5350 quatuor
1285 5285 1402 5338 dies
1459 5285 1746 5353 adjeceris,
1800 5300 1961 5354 quem

397 5371 533 5424 velis
571 5373 774 5427 mensis
809 5372 1018 5426 lunaris
1055 5374 1199 5429 diem
1238 5375 1341 5430 hoc
1374 5386 1533 5444 pacto
1593 5379 1834 5447 reperire
1865 5395 1962 5448 ρο-

400 5463 549 5519 teris.

777 5635 851 5691 De
884 5639 1028 5707 cyclo
1069 5641 1193 5695 solis
1259 5643 1585 5700 inveniendo.

466 5721 726 5781 Similiter
780 5741 833 5782 et
863 5732 929 5787 de
963 5732 1112 5790 sole:
1148 5749 1351 5790 annum
1384 5737 1498 5807 jam
1535 5751 1845 5798 currentem
1876 5745 1960 5799 di-

2071 4583 2243 4636 σαρας
2291 4569 2572 4633 ἐνιαυτοὺς
2607 4571 2736 4640 μίαν
2781 4573 2994 4644 ἡμέραν
3043 4575 3270 4644 ἔγγιστα
3306 4579 3399 4633 τὸν
3432 4579 3635 4634 κύκλον

2069 4655 2419 4710 ἐλαττοῦσθαι
2453 4658 2555 4728 τῆς
2595 4659 2848 4730 σελήνης.
2892 4665 2987 4716 Διὰ
3017 4665 3078 4736 δὴ
3106 4666 3261 4720 τοῦτο
3286 4668 3375 4721 ἐπὶ
3413 4670 3512 4740 μὲν
3541 4671 3633 4724 τοῦ

2069 4746 2240 4814 ,εῇκσ
2267 4748 2423 4814 ἔτους
2455 4751 2549 4804 τοῦ
2576 4753 2786 4821 κόσμου
2815 4756 3040 4825 οὐδεμία
3096 4760 3280 4828 ήμέρα
3315 4761 3390 4831 τῷ
3419 4764 3636 4818 ἑνδεκα-

2071 4839 2402 4912 πλασιασμῷ
2427 4843 2518 4896 τοῦ
2543 4843 2744 4897 κύκλου
2776 4848 2875 4915 τῆς
2902 4847 3128 4918 σελήνης
3153 4853 3506 4919 προσετίθετο
3524 4871 3538 4884 ·
3573 4857 3634 4907 τὸ

2069 4931 2166 4984 ἀπ’
2204 4931 2411 4985 ἑκείνου
2458 4933 2514 4987 δὲ
2560 4934 2686 5006 ἄχρι
2716 4937 2810 4989 τοῦ
2841 4937 3017 5005 ,ςσλγ’
3061 4939 3214 5003 ἔτους
3267 4941 3365 5010 μία
3433 4961 3635 5012 προσε-

2067 5022 2199 5091 τέθη
2218 5039 2234 5054 ⁸
2264 5025 2512 5078 ἐντεῦθεν
2536 5027 2592 5079 δὲ
2616 5027 2776 5096 μέχρι
2801 5029 2895 5082 τοῦ
2922 5029 3103 5099 ,ςφλζθ
3131 5030 3307 5097 ἔτους,
3331 5033 3446 5087 δύου
3477 5031 3633 5099 αὖθις

2069 5111 2125 5164 δὲ
2155 5113 2280 5183 ἄχρι
2306 5114 2398 5167 τοῦ
2423 5114 2620 5186 ,ςωμα’
2647 5120 2794 5186 τρεῖς
2816 5136 2828 5149 ·
2858 5121 3135 5175 είσέπειτα
3155 5123 3234 5191 δὲ,
3267 5126 3407 5179 κατὰ
3432 5129 3490 5179 τὸ
3521 5129 3632 5181 ἴσον

2068 5202 2164 5256 τοῦ
2203 5205 2496 5274 εἰρημένου
2532 5209 2724 5277 χρόνον
2767 5209 3064 5282 διάστημα,
3096 5213 3362 5282 τέσσαρες
3396 5235 3628 5286 προστεο

2067 5291 2346 5363 θήσονται.
2384 5297 2530 5366 Πλὴν
2569 5303 2662 5352 καὶ
2715 5301 2859 5354 κατὰ
2889 5302 2947 5354 τὸ
2986 5304 3180 5373 παρὸν.
3221 5305 3311 5358 τὸν
3339 5307 3401 5371 ιζ’
3439 5309 3528 5360 τὸν
3560 5316 3629 5380 ιη’

2065 5389 2158 5440 καὶ
2200 5387 2290 5440 τὸν
2338 5389 2399 5440 ιθ⁰
2448 5390 2648 5444 κύκλον
2679 5392 2780 5460 τῆς
2815 5394 3044 5464 σελήνης
3093 5397 3628 5466 ἑνδεκαπλασιάζων,

2067 5482 2340 5549 τέσσαρας
2375 5483 2585 5552 ἡμέρας
2617 5488 2968 5556 προσθήσεις,
2998 5495 3092 5541 καὶ
3126 5490 3267 5544 οὓτω
3296 5491 3393 5562 τὴν
3425 5497 3630 5566 ποστὴν

2067 5572 2160 5625 τοῦ
2191 5574 2514 5641 σεληνιακοῦ
2553 5577 2734 5646 εὑρεῖν
2769 5578 2833 5631 ἂν
2867 5579 3154 5652 δυνηθείης
3192 5585 3380 5652 μηνός.

2223 5662 2352 5728 Πῶς
2389 5668 2441 5718 ol
2466 5667 2571 5721 τοῦ
2599 5669 2777 5736 ἡλίου
2810 5672 3025 5726 κύκλοι
3054 5674 3457 5740 εὑρίσκονται.

2151 5752 2423 5818 Ὡσαύτως
2456 5760 2548 5812 καὶ
2573 5760 2662 5812 ἐπὶ
2688 5760 2779 5814 τοῦ
2823 5763 3001 5830 ἡλίου,
3026 5767 3300 5836 κράτησον
3328 5768 3445 5830 ταῖς
3475 5770 3633 5838 χερολ⁸
