4054 6460
320 452 380 521 81

1300 459 1716 523 SYNTAGMA
1745 459 2370 524 ALPHABETICUM.
2411 487 2480 501 —
2521 460 2589 514 Π.

3509 466 3580 530 82

319 569 377 623 τὸ
401 567 593 641 τρέχον
621 566 824 641 ἀρτίως
850 574 1049 641 ,ςωμγ’
1082 567 1203 634 ἔτος
1225 585 1242 605 ⁵
1287 573 1387 627 κιίί⁷
1434 574 1560 628 ἐπεὶ
1588 574 1617 627 6
1649 573 1898 639 είκοστδς

2008 573 2129 643 gitis
2158 582 2415 629 accurate
2444 584 2729 645 computa,
2770 574 3020 631 videlicet
3049 574 3210 640 68l3,
3241 585 3297 631 et
3321 575 3583 647 quoniam

319 659 498 729 δγδοος
525 660 633 713 τῶν
661 660 875 714 κύκλων
894 660 990 715 τοῦ
1024 661 1173 734 ἡλίου
1196 662 1433 737 ἀριθμὸς
1459 664 1719 734 ἀναλογεῖ
1733 665 1813 737 τῷ
1833 683 1893 721 τε

323 749 405 805 σῖτ’
435 752 528 804 κα)⁵
555 751 634 823 τῷ
663 749 791 821 ,βω’,
818 750 986 822 ἄφελε
1017 755 1082 808 ὲκ
1108 755 1365 827 δευτέρου
1387 755 1480 810 τὸν
1503 756 1634 826 ,βω’,
1662 756 1893 811 καὶτῶν

324 844 793 912 περιλειπομένων
841 849 1024 914 ,ασμῇ
1070 844 1230 909 αὖθις
1269 846 1438 917 ἄφελε
1480 848 1742 920 τετράκις
1799 847 1894 901 τὸν

324 942 409 988 σπ’
434 952 451 969 ·
478 934 594 990 εἷτα
649 936 757 989 τῶν
788 937 1092 1009 μεινάντων
1129 945 1249 1009 ρκγ’
1281 939 1547 1011 τετράκις
1598 939 1894 1012 ἀφελόντος

323 1044 416 1080 σου
439 1027 530 1081 τὸν
555 1034 664 1098 κη’,
689 1027 1084 1102 ἄνεξάντλητος
1126 1030 1279 1103 μένει
1302 1033 1331 1087 6
1364 1037 1455 1101 ια’,
1482 1033 1542 1099 ὅς
1565 1033 1715 1089 ἔστιν
1742 1034 1773 1088 6
1795 1031 1892 1089 τοῦ

323 1119 471 1192 ἡλίου
495 1120 717 1186 κύκλος.

967 1215 1232 1287 Ἄλλως.

394 1324 466 1378 Ἦ
490 1325 587 1379 καὶ
620 1325 796 1381 οὕτωσ
834 1328 1114 1398 κράτησαν
1164 1330 1235 1386 τὰ
1270 1330 1448 1401 μικρὰ
1479 1330 1577 1405 ἐτη
1610 1331 1712 1403 τῆς
1744 1351 1894 1406 παρα

319 1413 482 1484 ούσης
530 1416 1067 1489 ὲκατονταετηρίδος,
1103 1421 1226 1491 ἡτοι
1259 1422 1330 1477 τὰ
1372 1427 1491 1494 μγ’,
1518 1423 1758 1494 πρόσθες
1793 1426 1892 1480 ttat

319 1505 386 1559 τὰ
416 1507 844 1576 καταλειφθέντα
867 1511 969 1581 τῆς
993 1512 1376 1585 παρελθούσης
1404 1514 1505 1585 κδ’,
1527 1518 1626 1571 καὶ
1650 1518 1722 1572 τὰ
1749 1516 1890 1590 ὁμοῦ

302 1595 575 1665 ’γινόμενα
611 1596 943 1670 ξζ’,μέρισον
969 1600 1063 1655 ἐπὶ
1111 1602 1181 1657 τὰ
1232 1608 1357 1675 κη’⁶
1412 1605 1510 1659 καὶ
1559 1607 1632 1660 τὰ
1680 1607 1893 1662 τούτων

321 1685 576 1743 ἐλάττονα
605 1694 696 1757 ια’,
719 1691 749 1744 6
774 1688 973 1756 κύκλος
1000 1692 1123 1749 ἐστὶ
1150 1693 1250 1749 τοῦ
1280 1694 1459 1768 ἡλίου.

978 1890 1253 1961 Ἑτέρως.
1928 1923 1975 1983 Β

401 2002 566 2056 Ἀλλὰ
594 2003 705 2075 γὰρ
739 2005 876 2075 μηδὲ
901 2008 1106 2078 ταύτην
1143 2009 1470 2085 ἄπαξιὼσῃς
1502 2012 1609 2085 τὴν
1640 2013 1891 2083 μέθοδον,

322 2094 415 2149 καὶ
441 2094 612 2165 ῥᾷστα
639 2097 731 2149 τὸν
761 2097 1193 2170 ἐπιζητούμενον
1216 2102 1418 2157 κύκλον
1439 2104 1534 2157 καὶ
1563 2104 1894 2175 ἀμφοτέρων

325 2184 577 2253 συνήσεις
624 2184 734 2237 τῶν
785 2185 1001 2254 φώτων.
1045 2190 1107 2243 '0
1148 2187 1214 2244 ιθ⁹
1244 2192 1447 2257 κύκλος
1485 2193 1589 2266 τῆς
1635 2195 1892 2266 σελήνης,

323 2277 416 2328 καὶ
454 2276 485 2328 6
515 2280 601 2346 κη’
630 2275 828 2340 κύκλος
857 2278 952 2332 τοῦ
985 2280 1139 2350 ἡλίου
1175 2283 1428 2355 ἀλλήλοις
1456 2286 1895 2353 πολυπλασιαζό-

325 2382 497 2435 μενοι,
515 2369 606 2422 τδν
635 2374 686 2437 φ’
714 2370 811 2423 καὶ
831 2368 911 2442 λβ¹
935 2374 1265 2442 συνάγουσιν
1292 2377 1550 2447 ἀριθμὸν,
1571 2378 1722 2450 ἄλφα
1745 2381 1895 2434 τισὶν

324 2458 742 2529 ὀνομαζόμενον,
766 2464 919 2534 παρὰ
943 2466 1005 2519 τδ
1036 2466 1370 2537 συνάγεσθαι
1393 2470 1494 2539 τήν
1522 2470 1697 2541 αὐτὴν
1730 2472 1896 2526 ποσό·

323 2565 462 2620 τητα
486 2553 599 2616 τοῖς
629 2553 688 2620 ἑξ
714 2547 789 2608 ὧν
807 2555 869 2608 τὺ
901 2556 1048 2627 ἄλφα
1079 2561 1343 2630 στοιχεῖον
1365 2559 1675 2628 σύγκειται.
1706 2561 1898 2634 Τούτῳ

322 2646 508 2699 τοίνυν
557 2649 651 2701 καὶ
702 2649 764 2702 τὸ
819 2650 1097 2723 πλήρωμα
1160 2654 1270 2708 τῶν
1318 2654 1539 2709 κύκλων
1588 2656 1900 2723 ἀκολούθως

327 2738 685 2807 συνέρχεταισ
714 2740 743 2792 6
793 2741 894 2811 μὶν
938 2743 1047 2815 γὰρ
1096 2744 1262 2809 εὐθὺς
1312 2744 1379 2800 ιθ¹
1413 2750 1442 2801 6
1488 2748 1590 2818 τῆς
1641 2749 1896 2820 σελήνης,

323 2825 509 2895 δγδοος
530 2829 587 2884 δὲ
618 2832 712 2883 καὶ
748 2835 994 2898 εἰκοστὸς
1037 2839 1066 2889 6
1110 2838 1206 2890 τοῦ
1239 2836 1391 2909 ἡλίου
1424 2840 1660 2908 γίνεται.
1690 2843 1901 2895 Οὐκοῦν

327 2919 552 2989 μερισον
607 2922 674 2975 τὰ
731 2921 840 2977 ἀπδ
885 2926 1120 2989 κτίσεως
1153 2928 1363 3000 κόσμου
1402 2931 1498 3001 ετη
1535 2932 1628 2985 ιπι
1675 2934 1750 2987 τὰ,
1779 2914 1901 3003 φιϐ’

323 3009 467 3065 οὕτω
489 3028 504 3042 υ
545 3016 843 3079 δωδεκάκις
880 3017 947 3071 τὰ
982 3021 1337 3086 πεντακόσια,
1386 3022 1765 3094 ἑξακισχίλιω
1795 3027 1902 3081 δω-

325 3104 550 3168 δεκάκις
600 3108 670 3160 τὰ
720 3107 785 3175 λ’,
818 3111 1112 3178 τριακόσια
1146 3112 1448 3184 ἑξήκοντα’
1490 3115 1790 3183 δωδεκάκις
1832 3121 1901 3174 τὰ

326 3195 433 3259 δύο,
480 3195 591 3249 κδὀ
629 3200 765 3268 ὁμοῦ
798 3203 972 3271 ιςτπδ
992 3218 1008 3234 ’
1042 3203 1208 3258 λοιπὰ
1252 3202 1371 3272 υξα¹
1406 3206 1544 3275 πρὸς
1568 3207 1632 3260 τὸ
1658 3209 1902 3279 σήμερον

323 3289 487 3355 τυχὸν
535 3291 723 3359 ,ςωμέ
756 3292 897 3356 ἔτος.
931 3294 1043 3348 Καὶ
1077 3294 1144 3348 ἄν
1184 3295 1286 3366 μὲν
1313 3301 1405 3350 τὸν
1444 3297 1649 3360 κύκλον
1676 3299 1778 3370 τῆς
1813 3317 1901 3355 σε-

324 3376 491 3447 λήνης
516 3378 707 3450 ἐθέλῃς
737 3382 936 3453 εὑρεῖν,
974 3386 1202 3453 μέρισον
1229 3386 1299 3440 τὰ
1342 3388 1460 3452 υξα¹
1489 3389 1587 3443 ἐπὶ
1610 3390 1679 3443 τὰ
1725 3392 1790 3444 ιθ¹
1812 3390 1904 3445 οὖ-

323 3484 429 3533 τως
450 3488 467 3502 ο
508 3470 555 3523 κ’
580 3471 647 3524 τὰ
690 3473 841 3537 δέκα,
873 3480 953 3527 σ’·
987 3482 1035 3529 κ’
1064 3477 1133 3531 τὰ
1171 3477 1240 3542 θ’,
1270 3485 1394 3550 ρπ”
1435 3479 1481 3534 δ’
1502 3482 1572 3535 τὰ
1605 3487 1658 3548 ι’,
1701 3489 1789 3553 μ’·
1817 3501 1906 3537 τε-

324 3564 524 3627 τράκις
547 3567 613 3614 τὰ
651 3560 716 3626 θ’,
747 3563 837 3630 λςί
857 3582 871 3596 ο
904 3567 1038 3636 όμοῦ
1077 3567 1222 3635 υνς’,
1266 3568 1433 3632 λοιπὰ
1474 3577 1539 3627 ε’.
1575 3571 1763 3626 Ταῦτα
1805 3573 1907 3627 πέ-

328 3672 498 3720 φυκεν
524 3658 552 3709 6
586 3656 683 3726 τῆς
702 3659 933 3728 σελήνης
961 3659 1183 3724 κύκλος.
1203 3664 1303 3716 Ἂν
1327 3662 1382 3717 δὲ
1404 3663 1499 3717 τοῦ
1522 3664 1677 3736 ἡλίου
1710 3663 1903 3736 ζητῇς,

328 3745 497 3810 οὕτως
517 3762 534 3779 ⁸
558 3748 780 3812 δεκάκις
801 3750 869 3804 τὰ
903 3748 972 3814 κ’,
1013 3749 1058 3805 σ¹
1079 3767 1092 3782 °
1123 3753 1348 3818 δεκάκις
1386 3756 1455 3809 τὰ
1483 3762 1557 3824 η’,
1589 3755 1647 3810 π’
1671 3773 1684 3788 ο
1717 3757 1907 3823 ἑξάκις

326 3842 393 3893 τὰ
420 3840 495 3910 η’,
535 3846 646 3913 μη’,
690 3842 828 3911 ὁμοῦ
875 3842 1028 3916 υμη’,
1072 3843 1239 3900 λοιπὰ
1285 3852 1378 3918 ιγ’,
1424 3846 1463 3903 ἃ
1497 3847 1564 3921 δὴ
1598 3848 1847 3918 πέφυκεν
1876 3851 1907 3905 6

334 3933 532 3998 κύκλος
564 3933 660 3989 τοῦ
688 3935 862 4006 ἡλίου.
1582 3940 1588 3947 ’

662 4071 798 4141 Πῶς
821 4077 1169 4145 εὑρίσκεται
1196 4080 1234 4149 ἡ
1267 4078 1558 4149 ινδικτος.

401 4186 564 4242 οὕτω
591 4189 684 4245 καὶ
715 4189 807 4242 ἐπὶ
836 4190 936 4260 τῆς
965 4190 1202 4246 ίνδίκτου
1226 4193 1406 4247 ποίει¹
1434 4192 1504 4249 τὰ
1526 4193 1629 4264 μὲν
1656 4194 1767 4251 ἀπὸ
1788 4195 1913 4251 κτί-

334 4276 710 4347 σεωςκόσμου
734 4278 827 4350 ἐτη
863 4279 1115 4337 ἀναλύων
1154 4281 1250 4338 int
1293 4281 1363 4337 τὰ
1393 4287 1476 4350 ιε’,
1520 4283 1590 4338 τὰ
1618 4283 1677 4338 δὶ
1717 4286 1912 4358 μικρὰ,

340 4369 477 4434 μετὰ
511 4370 835 4444 προσθήκης
865 4372 1004 4427 ὲτῶν
1032 4380 1075 4426 ε’
1115 4374 1356 4445 μερίζων
1395 4370 1554 4441 αὖθις
1601 4376 1696 4432 επὶ
1721 4377 1791 4435 τὰ
1832 4384 1915 4436 ιε’.

339 4459 398 4514 El
429 4463 543 4531 γὰρ
584 4465 679 4519 καὶ
728 4467 841 4528 τοῖς
887 4465 958 4521 τὰ
997 4466 1269 4538 Ἑλλήνων
1299 4467 1562 4540 φρονοῦσι
1619 4468 1919 4542 Ῥωμαίοις

1999 678 2262 719 numerus
2294 662 2365 717 28
2396 666 2676 736 cyclorum
2719 666 2855 721 solis
2909 668 3203 736 respondet
3233 674 3285 720 et
3349 681 3586 721 numero

1996 753 2126 817 280.
2156 764 2211 810 et
2240 770 2473 810 numero
2499 754 2664 821 2800,
2691 757 2847 811 aufer
2881 757 2964 813 bis
2986 757 3131 812 2800
3147 774 3213 813 ex
3248 757 3411 820 6813,
3434 767 3489 811 et
3517 773 3584 811 ev

1999 844 2352 899 manentibus
2388 843 2529 899 1245
2564 860 2761 901 rursus
2801 847 2961 902 deme
2990 856 3189 916 Quater
3225 846 3368 909 280;
3398 856 3511 900 tum
3556 862 3587 899 ιι

2001 937 2237 994 residuis
2273 939 2522 993 numeris
2555 937 2680 1005 125,
2716 939 2763 993 si
2804 938 3022 995 auferas
3049 949 3248 1010 quater
3278 939 3587 998 28.1mm:-

1998 1028 2080 1084 bit
2108 1042 2372 1084 numerus
2405 1028 2569 1099 207
2608 1030 2967 1088 inexhaustus
3030 1031 3120 1094 11,
3162 1031 3254 1087 aui
3309 1031 3445 1086 solis
3494 1043 3589 1098 cy-

2000 1121 2124 1176 clus
2152 1119 2279 1178 erit.

2691 1210 2884 1268 Aliter.

2070 1319 2170 1377 Vel
2189 1321 2355 1376 etiam
2396 1322 2500 1377 hoc
2543 1323 2704 1377 modo
2734 1340 2748 1378 :
2782 1338 2940 1378 serva
2994 1339 3281 1379 numerum
3315 1324 3587 1377 minorem

1999 1428 2273 1469 annorum
2305 1415 2580 1470 currentis
2628 1414 3186 1480 hecatontaeteiidos,
3244 1416 3358 1470 sive
3380 1418 3470 1477 45,
3538 1425 3594 1470 et

1997 1504 2176 1575 adiice
2198 1517 2396 1571 annos,
2452 1506 2547 1575 qui
2586 1515 2884 1576 supersunt
2913 1506 2981 1562 de
3004 1505 3278 1576 praeterita
3308 1506 3402 1572 21,
3437 1523 3591 1561 sum-

2000 1609 2256 1665 mamque
2287 1595 2415 1651 inde
2443 1596 2730 1652 collectam
2761 1598 2830 1652 67
2856 1598 3061 1667 partire
3097 1613 3195 1669 per
3238 1599 3349 1658 28;
3391 1613 3589 1652 nume-

1999 1700 2096 1740 rus
2128 1694 2255 1755 post
2289 1685 2617 1744 divisionem
2648 1689 2928 1755 residuus,
2994 1704 3192 1759 nempe
3238 1691 3587 1755 undecimus.

1999 1779 2106 1833 erit
2142 1778 2330 1850 cyclus
2351 1778 2513 1837 solis.

2627 1895 2752 1949 Alio
2784 1896 2961 1955 modo.

2065 1999 2171 2056 Sed
2196 2017 2297 2058 nec
2322 2000 2429 2059 ista
2461 2005 2761 2060 methodus
2794 2010 3102 2077 respuenda
3150 2020 3257 2077 est,
3296 2027 3402 2079 qua
3440 2010 3599 2065 nullo

1996 2091 2216 2160 negotio
2246 2095 2536 2164 utriusque
2566 2098 2859 2152 luminaris
2880 2102 3095 2170 cyclum
3145 2112 3356 2170 captes.
3393 2102 3594 2172 Cyclas

1998 2183 2067 2238 19
2096 2185 2241 2238 lunae
2275 2198 2331 2239 et
2368 2188 2554 2257 cyclus
2584 2187 2654 2241 28
2678 2188 2815 2244 solis
2838 2190 2892 2245 in
2937 2206 2995 2246 se
3041 2192 3278 2248 invicem
3315 2196 3460 2247 ducti
3491 2210 3594 2247 nu-

2000 2291 2212 2331 merum
2255 2276 2362 2332 532
2399 2278 2733 2347 producunt,
2775 2295 2936 2351 quem
2978 2285 3226 2339 nonnulli
3288 2286 3447 2352 alpha
3502 2302 3595 2355 ap-

1999 2366 2226 2438 pellant,
2264 2371 2394 2438 quia
2425 2369 2615 2424 eadem
2648 2386 2865 2426 summa
2885 2387 2951 2427 ex
2985 2374 3144 2429 istius
3172 2378 3324 2431 vocis
3354 2378 3598 2433 elemen-

2002 2461 2071 2513 tis
2096 2459 2389 2515 conﬂatur.
2422 2460 2558 2516 Cum
2592 2462 2683 2515 illo
2721 2463 2884 2534 igitur
2916 2476 2969 2519 et
3006 2467 3466 2536 complementum
3499 2484 3594 2538 cy-

2000 2551 2210 2606 clorum
2248 2565 2510 2621 perpetuo
2553 2546 2876 2623 concurrit;
2933 2572 3060 2610 nam
3097 2559 3162 2613 10
3227 2561 3479 2627 protinus
3511 2564 3599 2614 lu.

2000 2657 2084 2696 na:
2109 2642 2297 2712 cyclus
2341 2643 2422 2708 lit,
2467 2655 2520 2698 et
2548 2645 2618 2699 28
2671 2646 2860 2717 cyclus
2906 2650 3061 2702 SOIIS.
3117 2649 3445 2706 Dividantur
3473 2656 3597 2707 ideo

2002 2736 2128 2788 anni
2170 2734 2241 2788 ab
2291 2736 2424 2791 orbe
2483 2737 2706 2791 condito
2740 2750 2836 2807 per
2886 2738 2992 2793 532
3049 2742 3102 2795 in
3138 2742 3285 2798 hunc
3320 2745 3544 2800 modum
3580 2764 3597 2801 :

2001 2824 2294 2883 duodecim
2346 2827 2508 2881 ducta
2555 2828 2609 2882 in
2663 2828 2767 2885 500
2826 2830 3037 2886 feriunt
3088 2832 3252 2897 6000.
3315 2846 3381 2890 et.
3417 2837 3470 2889 in
3526 2836 3599 2892 50

2004 2918 2132 2979 560.
2193 2929 2247 2974 et
2314 2920 2383 2974 12
2432 2920 2486 2974 in
2537 2920 2700 2975 221.
2764 2923 2839 2977 Ex
2889 2925 3091 2993 quibus
3154 2927 3320 2981 conﬁt
3381 2943 3597 2983 summa

2005 3011 2169 3066 6584.
2208 3009 2448 3067 Residua
2473 3023 2596 3081 post
2626 3013 2957 3069 divisionem
3017 3028 3150 3072 sunt
3201 3017 3326 3072 461.
3365 3018 3484 3073 Jam
3548 3021 3597 3075 si

2004 3105 2199 3174 cupias
2263 3119 2362 3174 pro
2414 3105 2671 3174 praesenti
2760 3121 2908 3161 anno
2964 3107 3108 3163 6745
3178 3111 3323 3165 lunae
3376 3113 3594 3182 cyclum

1999 3195 2348 3263 'adinveuire,
2388 3197 2571 3251 divide
2599 3196 2700 3252 461
2737 3214 2832 3264 per
2864 3198 2932 3252 10
2967 3202 3021 3253 in
3051 3201 3195 3256 hunc
3238 3204 3458 3258 modum
3483 3221 3500 3270 ;
3525 3205 3598 3258 20

1929 3258 1973 3316 c
2008 3291 2173 3344 ducta
2198 3291 2253 3344 in
2287 3258 2356 3345 10
2388 3294 2698 3359 producunt
2722 3258 2828 3348 200
2856 3302 2912 3346 et
2946 3294 3017 3347 50
3045 3295 3097 3348 in
3124 3294 3158 3351 9
3190 3295 3329 3360 180;
3356 3258 3601 3366 itemque

2003 3379 2039 3435 4
2105 3381 2158 3436 in
2202 3380 2268 3435 10
2294 3380 2385 3447 40,
2430 3395 2485 3437 et
2533 3384 2568 3437 4
2608 3384 2662 3436 in
2706 3382 2741 3437 9
2794 3384 2885 3439 36.
2927 3382 3041 3437 Hoc
3090 3395 3196 3449 est,
3263 3387 3431 3442 simul
3468 3388 3598 3442 456.

2004 3470 2241 3528 Residua
2296 3483 2419 3542 post
2466 3474 2811 3538 divisionem.
2870 3478 3129 3532 nimirum
3185 3478 3240 3543 5,
3273 3488 3405 3534 sunt
3457 3480 3603 3533 lunae

2007 3564 2451 3636 cyclus.Cyclum
2489 3574 2670 3620 autem
2707 3567 2842 3621 solis
2867 3566 2973 3621 hoc
3002 3567 3502 3634 modoindagabis:
3533 3569 3600 3624 10

2007 3655 2062 3711 in
2098 3656 2168 3710 20
2197 3656 2438 3711 είιίεἰυιιι
2472 3657 2602 3721 200,
2643 3658 2698 3712 in
2726 3657 2760 3711 8
2784 3658 2876 3718 80.
2901 3670 3065 3727 atque
3094 3657 3127 3711 6
3174 3660 3228 3713 in
3258 3659 3292 3715 8
3325 3659 3417 3713 48.
3453 3660 3600 3724 Quo-

2007 3765 2131 3804 rum
2172 3764 2388 3804 summa
2447 3749 2574 3806 668.
2619 3748 2863 3805 Residua
2926 3765 3054 3805 vero
3098 3752 3166 3805 15
3211 3754 3425 3823 cyclum
3463 3756 3600 3810 solis

2010 3846 2345 3896 monstrant.

2389 4063 2667 4137 Quomodo
2696 4065 2965 4123 invenitur
2980 4066 3225 4127 indictio.

2086 4175 2195 4235 Pro
2230 4177 2537 4237 indictione
2582 4178 2748 4237 etiam
2807 4180 3080 4250 captanda
3141 4181 3248 4237 hoc
3276 4179 3444 4236 modo
3471 4195 3604 4252 ope-

2016 4286 2164 4329 rare.
2193 4269 2385 4333 Annos
2418 4271 2488 4326 ab
2512 4269 2648 4327 orbe
2685 4270 2912 4327 condito
2963 4270 3145 4327 divide
3179 4285 3275 4341 per
3309 4271 3396 4337 l5,
3421 4281 3478 4327 et
3505 4287 3606 4328 an-

2017 4374 2123 4417 nos
2145 4360 2392 4417 minores
2423 4359 2626 4416 additis
2649 4358 2900 4431 quinque
2930 4373 3124 4415 rursus
3158 4359 3362 4429 partire
3386 4376 3482 4431 per
3510 4362 3605 4417 15.

2021 4455 2136 4512 Etsi
2166 4454 2314 4511 enim
2363 4454 2508 4525 apud
2532 4453 2833 4520 Romanos,
2854 4455 2951 4525 qui
2973 4452 3235 4524 gentilem
3255 4454 3607 4521 superstitio-

336 4550 633 4622 ἐξεύρηται
668 4552 732 4608 τὺ
774 4555 876 4627 τῆς
911 4555 1146 4612 ίνδίκτου
1199 4558 1296 4621 καὶ
1342 4559 1727 4632 ιπινιμὴσεως
1767 4560 1907 4626 ἔθος¹

2023 4563 2150 4604 nem
2183 4546 2498 4618 sepiebant,
2530 4544 2770 4601 obtinuit
2800 4544 3122 4599 indictionis
3149 4552 3206 4599 et
3236 4546 3609 4616 ἐπινεμέσεως

337 4644 423 4699 διὰ
452 4648 519 4700 τὸ
547 4648 801 4717 φανερῶς
847 4649 942 4704 ἐπὶ
979 4651 1265 4712 τοσούτοις
1308 4652 1656 4711 ἐναλλάττειν
1699 4655 1919 4726 χρόνοις

339 4738 434 4802 τὰς
460 4739 572 4793 τῶν
600 4739 905 4810 ἀνθρώπων
937 4742 1177 4814 ἡλικίας,
1209 4743 1327 4798 ἀλλ’
1351 4744 1549 4800 ἔλαθον
1587 4746 1818 4813 ἑαυτοὺς
1848 4748 1917 4820 τῇ

338 4829 570 4902 ἀληθεία
591 4833 689 4885 καὶ
706 4824 852 4887 οὗτοι
880 4834 1319 4904 συνενεχθέντες,
1342 4836 1567 4899 καὶτοῖς
1595 4835 1674 4907 τῷ
1696 4837 1922 4909 μεγάλῳ

340 4919 533 4975 Monet
572 4924 1088 4996 ἀναγεγραμμένοις
1120 4927 1229 4981 ἀπὸ
1261 4927 1496 4991 κτίσεως
1538 4930 1748 4993 κόσμου
1784 4948 1924 5003 συμ-

344 5015 714 5087 φθεγγόμενοι
750 5018 986 5089 χρόνοις.

555 5129 687 5199 Πῶς
712 5131 782 5187 τὸ
808 5135 1060 5201 νομικὸν
1083 5135 1429 5203 εὑρίσκεται
1455 5134 1698 5206 Πάσχα.

427 5247 597 5304 Ἀλλὰ
621 5249 716 5303 καὶ
738 5249 832 5303 ἐπὶ
851 5249 951 5320 τὴν
977 5248 1200 5321 εὕρεσιν
1230 5249 1333 5321 ήδη
1363 5247 1458 5304 τοῦ
1497 5249 1727 5320 νομικοῦ
1753 5249 1927 5321 ίωμεν

347 5340 564 5412 Πάσχα.
648 5341 1180 5397 Ἐνδεκαπλασίασον
1244 5341 1338 5396 τὸν
1406 5341 1717 5412 τηνικαῦτα
1780 5341 1926 5396 διῖπο

351 5435 587 5488 πεύοντα
635 5435 735 5507 τῆς
791 5434 1028 5506 σελήνης
1080 5434 1326 5500 κύκλον,
1378 5432 1666 5506 προστίθει
1711 5434 1927 5499 τούτοις

352 5525 573 5597 ἡμέρας
599 5526 679 5595 ἐξ,
715 5527 817 5591 τὰς
851 5529 1255 5597 συνισταμένας
1284 5527 1352 5580 ἔκ
1372 5526 1468 5580 τοῦ
1501 5526 1803 5598 εἰρημένου
1836 5526 1929 5580 λε·

356 5616 491 5670 πτοῦ
518 5617 634 5683 ἑνὸς
665 5619 763 5673 καὶ
811 5619 1050 5690 ἡμίσεως
1082 5620 1177 5674 καὶ
1206 5620 1418 5690 τρίτου,
1467 5619 1614 5689 ἄπερ
1657 5618 1784 5674 κατ’
1830 5620 1929 5672 ἐπ·

356 5710 542 5763 ἐκεινα
568 5711 673 5765 τῶν
703 5708 786 5765 κθ¹
815 5714 909 5766 καὶ
939 5711 1199 5783 ἡμισείας
1229 5711 1456 5782 ἡμερῶν
1492 5710 1632 5781 ἔχων
1659 5710 1933 5764 δέδεικται

359 5801 388 5852 6
413 5800 513 5868 τῆς
541 5801 769 5873 σελήνης
799 5805 1049 5873 μηνιαῖος
1079 5802 1302 5867 κύκλος.
1322 5803 1457 5858 Ἀπὸ
1504 5802 1564 5857 δὲ
1589 5800 1686 5857 τοῦ
1732 5802 1799 5868 ιζ’
1828 5800 1932 5857 κύ-

358 5891 485 5944 κλου
523 5889 682 5964 μέχρι
708 5892 803 5948 τοῦ
832 5890 896 5949 ιθ¹
919 5892 1135 5965 ἡμέρας
1162 5893 1493 5964 προσθήσεις
1523 5893 1667 5950 ἑπτά
1686 5909 1701 5926 ’
1728 5892 1954 5948 πλείων⁹

2022 4632 2184 4708 ritus,
2213 4641 2474 4712 quoniam
2492 4639 2652 4715 juxta
2685 4637 2739 4693 id
2770 4637 3039 4708 temporis
3088 4637 3437 4694 intervallum
3466 4641 3609 4695 insi-

2022 4734 2201 4808 gniter
2249 4734 2616 4788 immutantur
2671 4730 2956 4786 hominum
3017 4739 3228 4797 aetates,
3288 4732 3611 4788 nesciebant

2022 4838 2205 4883 tamen
2246 4825 2349 4896 ipsi
2383 4834 2559 4880 semet
2574 4822 2643 4878 ad
2669 4823 2956 4879 veritatem
2992 4820 3278 4887 accedere,
3311 4830 3368 4878 et
3417 4825 3608 4893 quoad

2023 4935 2199 4978 annos
2215 4919 2285 4978 ab
2305 4918 2440 4974 orbe
2462 4916 2686 4973 condito
2717 4930 2845 4973 cum
2905 4926 3106 4986 magno
3173 4911 3326 4972 Mose
3369 4931 3610 4973 consen-

2022 5014 2149 5069 tire.

2309 5123 2588 5194 Quomodo
2615 5123 2877 5195 reperitur
2905 5123 3115 5181 Pascha
3146 5123 3336 5195 legale.

2098 5242 2400 5314 Pergamus
2429 5247 2614 5297 autem
2646 5237 2716 5295 ad
2752 5237 2963 5296 Pascha
2991 5237 3167 5310 legale
3192 5228 3613 5295 inveniendum.

2028 5336 2256 5409 Cyelum
2285 5333 2433 5390 lunae
2459 5331 2573 5403 jam
2605 5339 2925 5387 currentem
2956 5330 3326 5401 undecuplato
3360 5345 3376 5384 :
3410 5329 3614 5399 quibus

2029 5427 2300 5482 addantur
2331 5423 2449 5480 dies
2468 5437 2587 5488 sex,
2611 5420 2704 5493 qui
2726 5435 2794 5477 ex
2847 5420 2998 5477 dicto
3052 5421 3266 5476 minuto
3316 5434 3431 5473 uno
3486 5434 3613 5473 cum

2030 5518 2261 5573 semisse
2293 5527 2359 5569 ac
2406 5521 2562 5584 parte
2588 5511 2746 5567 tertia
2800 5510 3071 5574 conﬁunt,
3128 5525 3268 5580 quas
3315 5508 3616 5580 particulas

2031 5619 2376 5667 menstruum
2408 5606 2553 5660 lunae
2598 5603 2816 5675 cyclum
2864 5605 3008 5658 ultra
3052 5601 3124 5657 28
3175 5602 3296 5657 dies
3355 5616 3481 5655 cum
3529 5616 3619 5656 se-

2033 5704 2203 5760 misse
2246 5696 2450 5755 habere
2503 5696 2612 5767 iam
2660 5704 2946 5753 ostensum
2978 5704 3084 5750 est.
3117 5693 3272 5749 Alios
3308 5701 3491 5747 autem
3546 5695 3616 5748 ad

2033 5790 2418 5862 complendum
2445 5803 2738 5844 numerum
2774 5786 2845 5843 50
2877 5786 3126 5857 adjicies,
3168 5784 3281 5841 imo
3313 5801 3345 5841 a
3372 5786 3527 5858 cyclo
3551 5784 3615 5840 17

2035 5888 2103 5945 ad
2139 5885 2228 5953 l9,
2253 5880 2462 5955 septem
2485 5881 2604 5939 dies
2631 5899 2646 5937 :
2672 5895 2797 5939 nam
2818 5879 2876 5936 in
2904 5879 3014 5937 illis
3030 5876 3202 5951 cyclis
3225 5878 3415 5949 plures
3433 5877 3621 5949 requis-
