4054 6446
440 473 511 535 83
1628 485 1681 544 Μ
1691 488 1997 547 ΛΤΤΙΙἉΕΙ

2108 487 2455 546 “.ASTARIS
3607 471 3677 536 84

438 589 651 635 runtur.
688 583 817 637 Dein
853 598 912 636 cx
951 586 1196 640 omnium
1229 601 1514 661 aggrcgato
1550 594 1723 663 alajice
1770 597 1885 652 dics
1914 599 2002 660 δυ,

2109 603 2217 667 γὰρ
2259 601 2291 668 ἡ
2337 599 2560 650 ἐκείνων
2608 595 2837 663 πραότης
2890 593 2944 643 ἐν
2976 591 3183 647 τούτοις
3227 586 3551 654 συνάγεται·
3584 600 3680 637 και

437 683 490 726 et
524 675 790 729 duntaxat
848 687 1124 732 reservato
1180 682 1395 735 residua
1445 685 1654 739 minora
1700 705 1861 756 quam
1909 690 1997 754 '50,

437 765 640 830 quibus
665 765 935 818 addantur
967 778 1078 819 tum
1110 769 1224 820 dies
1252 770 1448 835 Martii,
1481 776 1652 827 donec
1711 777 1777 827 ad
1811 795 1999 830 nume-

438 870 557 906 rum
593 855 663 907 50
712 859 1044 919 perveneris.
1091 856 1183 910 Sin
1233 873 1362 911 vero
1410 876 1600 915 omnes
1650 863 1825 918 Martii
1883 868 2001 921 dies

441 945 586 998 haud
625 945 915 1007 suﬂiciant,
959 947 1096 999 adde
1129 956 1183 1000 et
1228 964 1291 1000 ex
1338 950 1505 1014 Aprili
1556 956 1814 1019 usquead
1849 957 1998 1009 illum

434 1037 599 1099 dicm,
650 1037 741 1104 qui
802 1052 1086 1089 numcrum
1146 1036 1309 1090 istum
1359 1038 1431 1092 50
1459 1041 1872 1109 adimpleverit;
1928 1046 2000 1098 ita

374 1160 384 1195 ς
434 1128 654 1184 dabitur
683 1127 892 1187 Pascha
921 1130 1106 1198 legale,

1014 1397 1177 1466 ποθ
1207 1397 1395 1452 Aliter.

506 1483 592 1539 Uti
636 1485 860 1553 poteris,
907 1484 954 1539 si
1016 1488 1212 1554 placet,
1275 1496 1331 1541 et
1373 1490 1472 1542 hac
1520 1490 1792 1544 methodo.
1850 1489 2002 1542 Adde

436 1578 799 1631 fundamento
822 1578 964 1631 lunae
994 1578 1048 1630 in
1072 1578 1158 1630 die
1188 1580 1364 1647 primo
1387 1580 1475 1634 die
1499 1579 1746 1634 Januarii
1784 1590 2001 1649 reperto

431 1678 655 1737 epactas
698 1677 808 1723 tres
843 1670 919 1738 (at
963 1669 1008 1722 si
1053 1670 1178 1723 luna
1207 1671 1417 1740 cyclum
1472 1672 1536 1725 17
1586 1675 1844 1742 attigerit,
1879 1675 2003 1729 inde

433 1762 500 1816 ad
534 1761 600 1815 19
641 1777 811 1830 usque
832 1772 1053 1827 epactas
1079 1772 1315 1829 quatuor
1339 1763 1694 1818 fundamento
1724 1766 1998 1838 adjicies),

2110 687 2320 750 ἑνώσας
2354 687 2596 750 ἁπάσας,
2649 686 2844 739 ἔκϐαλε
2893 684 2991 745 τὰς
3041 679 3430 750 τριακοντάδας
3482 679 3680 730 καὶτὰ

2111 781 2529 847 περιλειφθέντα
2579 780 2777 848 ἥττονα
2826 775 2935 827 τῶν
2993 774 3036 824 λ’
3090 774 3326 838 κάτασχε
3385 769 3552 836 μόνα·
3584 772 3678 821 καὶ

2108 870 2318 931 τούτοις
2350 869 2631 939 προστίθει
2676 867 2771 928 τὰς
2801 866 2895 918 τοῦ
2927 863 3173 932 Μαρτίου
3218 863 3448 932 ἡμέρας,
3483 862 3677 929 μέχρις

2110 961 2175 1013 ἂν
2203 963 2281 1023 είς
2310 961 2398 1013 τὸν
2432 966 2473 1010 ν’
2520 960 2678 1031 ἔλθῃς
2730 957 2985 1027 ἀριθμὸν.
3018 956 3079 1009 Ei
3117 956 3172 1008 δὲ
3218 954 3317 1006 ούκ
3352 954 3678 1020 ἀρκέσουσιν

2109 1056 2165 1107 al
2188 1053 2281 1105 τοῦ
2312 1051 2555 1121 Μαρτίου
2592 1052 2785 1113 πᾶσαι,
2828 1047 3061 1115 πρόσθες
3093 1047 3187 1099 καὶ
3219 1047 3311 1097 ἐπὶ
3343 1044 3438 1096 τοῦ
3483 1043 3676 1109 Ἀπρι-

2110 1145 2247 1206 λίου,
2274 1144 2367 1195 καὶ
2401 1143 2521 1196 κατ’
2553 1141 2769 1207 εκείνην
2812 1140 2911 1207 τὴν
2960 1138 3164 1204 ποστὴν
3202 1135 3296 1186 τοῦ
3333 1133 3519 1201 una;
3555 1133 3677 1200 ἥτις

2110 1237 2468 1303 ἀνεπλήρωσε
2516 1236 2609 1286 τὸν
2660 1230 3025 1302 πεντηκοστὸν
3055 1227 3309 1297 ἀριθμὸν,
3348 1226 3458 1297 ίσθι
3491 1224 3553 1277 τὸ
3591 1241 3678 1275 νο-

2113 1329 2275 1397 μικὸν
2299 1328 2578 1395 γινόμενον
2607 1324 2816 1395 Πάσχα.
2900 1330 2906 1336 ’

2756 1418 2820 1469 Ἀ
2829 1418 3008 1479 λλως.

2180 1512 2241 1563 Εἰ
2266 1511 2320 1563 δὲ
2341 1512 2490 1563 δοκεῖ
2521 1526 2603 1561 σοι
2633 1510 2728 1561 καὶ
2766 1507 2990 1575 ἑτέρως,
3022 1502 3301 1573 προστίθει
3338 1500 3415 1569 τῷ
3450 1504 3505 1550 ἐν
3532 1503 3596 1566 τῇ
3628 1496 3675 1549 α’

2107 1602 2203 1655 τοῦ
2268 1599 2604 1665 ’ῐανουαρίου
2662 1597 2941 1665 εὑρεθέντι
3000 1592 3237 1662 θεμελίῳ
3296 1594 3392 1656 τῆς
3446 1591 3676 1657 σελήνης

2109 1693 2355 1754 ὲπακτὰς
2383 1697 2454 1756 γ’,
2486 1689 2586 1758 τῆς
2618 1689 2672 1741 δὲ
2709 1687 2936 1755 σελήνης
2985 1688 3066 1747 είς
3110 1686 3201 1736 τὸν
3247 1684 3314 1745 ιζ’
3365 1682 3676 1749 ἀφιγμένης

2109 1784 2329 1848 κύκλον,
2362 1784 2457 1836 καὶ
2486 1780 2745 1849 ἀνιούσης
2777 1780 2937 1847 μέχρι
2965 1777 3073 1829 τῶν
3114 1774 3200 1835 ιθ’,
3228 1774 3498 1842 τέσσαρας
3543 1775 3677 1822 επα-

433 1861 489 1905 et
524 1854 570 1906 si
618 1869 876 1907 numerus
905 1852 1067 1907 fuerit
1098 1853 1270 1923 major
1301 1854 1390 1914 30.
1432 1855 1655 1909 detrahe
1678 1856 1769 1919 50,
1816 1867 1871 1911 et
1902 1873 1996 1925 ap-

2110 1876 2243 1938 κτὰς
2272 1876 2347 1942 τῷ
2378 1873 2615 1942 θεμελίῳ
2650 1872 2930 1940 προστίθει
2952 1885 2968 1900 ⁸
3004 1872 3096 1921 καὶ
3130 1870 3223 1921 ἐὰν
3256 1867 3416 1919 πλέον
3445 1866 3554 1916 τῶν
3575 1862 3620 1914 λ’
3649 1866 3678 1915 ὁ

433 1958 575 2012 pone
615 1944 846 1996 residuis
875 1959 1039 2013 porro
1068 1959 1096 1998 a
1128 1945 1302 2012 primo
1335 1944 1423 1998 die
1444 1943 1713 2008 Januarii,
1745 1938 1873 2000 dum
1909 1963 2002 2000 nu-

2113 1938 2346 2037 ἀριθμὸς
2369 1938 2616 2033 γένηται,
2649 1938 2811 2030 ὖςρελε
2837 1964 2904 2014 τὰ
2930 1960 2996 2024 λ’,
3028 1962 3120 2014 καὶ
3146 1962 3254 2019 τοῖς
3281 1977 3344 2010 πε
3355 1956 3678 2027 ριλειφθείσι

435 2050 621 2088 merus
653 2034 721 2088 30
752 2035 1110 2102 compleatur.
1158 2035 1213 2089 Si
1245 2050 1377 2089 vero
1397 2036 1513 2090 dies
1561 2036 1742 2090 Martii
1780 2053 2002 2093 numero

2108 2034 2387 2128 προστίθει
2434 2057 2541 2108 ἀπὸ
2590 2054 2691 2123 τῆς
2736 2052 2784 2108 α’
2819 2053 2914 2106 τοῦ
2949 2052 3218 2120 Μαρτίου,
3271 2051 3461 2118 μέχρις
3493 2048 3556 2100 ἂν
3581 2048 3609 2100 ὁ
3633 2052 3678 2100 ν’

432 2124 765 2194 complendo
797 2140 955 2192 pares
990 2140 1096 2177 non
1146 2125 1371 2188 fuerint,
1431 2134 1657 2181 cancros
1726 2143 1794 2182 cx
1833 2128 2003 2197 Aprili

430 2218 691 2287 adjunge,
729 2232 903 2284 usque
930 2216 1077 2269 illum
1113 2216 1255 2270 diem
1299 2217 1390 2285 qui
1419 2216 1488 2272 50
1517 2233 1803 2273 numerum
1827 2219 2005 2288 perfe-

432 2311 573 2361 cerit
603 2325 618 2361 :
646 2309 898 2375 sciasque
931 2308 1034 2361 hoc
1068 2308 1245 2374 ipsum
1277 2324 1400 2364 esse
1447 2309 1653 2366 Pascha
1702 2311 2004 2366 secundum

429 2397 602 2475 legem
639 2399 1049 2457 celebrandum.

1114 2605 1301 2661 Aliter.

501 2693 618 2752 Hoc
643 2696 807 2751 etiam
838 2696 1026 2761 modo,
1059 2697 1105 2752 si
1162 2699 1298 2752 velis
1336 2714 1349 2749 :
1394 2698 1536 2752 lunae
1588 2697 2001 2756 fundamentum

431 2788 488 2842 in
509 2789 689 2857 primo
708 2789 795 2843 die
808 2786 1060 2843 Januarii
1084 2790 1291 2844 mensis
1309 2799 1585 2860 repertum
1602 2801 1853 2858 servato;
1879 2792 2006 2848 huic

428 2878 568 2933 adde
621 2894 690 2932 ex
726 2879 916 2933 diebus
947 2878 1146 2943 Martii,
1179 2895 1353 2949 usque
1382 2881 1510 2934 dum
1574 2879 1705 2935 ﬁant
1766 2881 1885 2938 dies
1909 2881 2003 2948 Π,

427 2969 515 3022 νει
540 2970 586 3024 si
617 2969 692 3022 illi
732 2969 833 3023 soli
869 2970 1011 3023 haud
1047 2969 1250 3024 faciant
1297 2970 1453 3033 satis,
1494 2971 1721 3026 adnecte
1769 2986 1836 3025 ex
1884 2972 2002 3026 dle-

430 3058 535 3113 bns
589 3058 905 3127 Aprilibus;
963 3068 1129 3127 atque
1190 3059 1356 3112 etiam
1412 3075 1537 3114 cum
1589 3061 1715 3115 luna
1763 3061 1819 3114 in
1850 3062 2003 3131 cyclo

428 3146 495 3201 i7
532 3147 599 3203 ad
633 3147 697 3200 l9
731 3162 901 3216 usque
961 3159 1323 3215 procurreret,
1374 3159 1656 3203 nnmcrato
1707 3151 1822 3205 dies
1871 3152 1941 3205 48
1985 3169 1999 3206 :

2104 2152 2333 2222 ἀριθμὸς
2382 2149 2668 2219 πληρωθῇ.
2715 2148 2780 2200 El
2834 2146 2892 2199 δὲ
2945 2144 3039 2197 τοῦ
3090 2144 3340 2211 Μαρτίου
3376 2141 3676 2193 πᾶσαιοὺκ

2105 2242 2505 2311 ἀνεπλήρωσαν
2531 2240 2625 2292 τὸν
2664 2239 2730 2300 ν’,
2765 2236 3000 2307 πρόσθες
3046 2236 3145 2297 τὰς
3184 2235 3381 2296 λοιπάς
3428 2233 3536 2285 ἀπὸ
3576 2231 3673 2285 τοῦ

2117 2333 2421 2403 Ἀπριλίου,
2472 2331 2568 2384 καὶ
2605 2330 2725 2383 κατ’
2756 2330 2971 2395 ἐκείνην
2999 2328 3097 2395 τὴν
3121 2326 3325 2394 ποστὴν
3353 2324 3450 2377 τοῦ
3484 2324 3678 2393 μηνὸς,

2108 2426 2231 2497 ἥτις
2258 2425 2617 2495 ἀνεπλήρωσε
2642 2422 2734 2477 τὸν
2759 2421 2825 2485 ν’,
2859 2419 3184 2487 τελούμενον
3208 2418 3445 2486 γίνωσκε
3484 2417 3679 2483 Edax:

2102 2517 2200 2575 τοῦ
2227 2520 2416 2588 νόμου.

2757 2608 2825 2660 Ἀ
2835 2608 3019 2668 λλιος.

2178 2706 2244 2759 El
2278 2704 2334 2757 δὲ
2373 2701 2578 2772 βούλει,
2614 2699 2709 2752 καὶ
2760 2696 2934 2750 οὕτω·
2983 2696 3261 2763 κράτησον
3309 2690 3402 2744 τὸν
3436 2692 3493 2742 ὲν
3518 2691 3583 2757 τῇ
3626 2688 3685 2743 α’

2101 2795 2199 2849 τοῦ
2236 2792 2569 2861 Ἰανουαρίου
2605 2790 2775 2859 μηνὸς
2800 2788 3096 2858 εὑρεθέντα
3115 2788 3215 2855 τῆς
3248 2783 3479 2853 σελήνης
3515 2782 3681 2847 θεμέ-

2102 2887 2217 2941 λιον
2238 2902 2253 2918 ’
2286 2884 2460 2953 τούτῳ
2486 2880 2768 2952 προστίθει
2800 2881 2865 2932 ὲκ
2888 2878 2997 2931 τῶν
3027 2876 3121 2930 τοῦ
3155 2874 3402 2945 Μαρτίου
3433 2871 3677 2942 ἡμερῶν.

2102 2979 2209 3041 ἓως
2237 2977 2301 3031 ἂν
2326 2978 2594 3045 γένωνται
2640 2972 2851 3042 ἡμέραι
2897 2970 3007 3039 μζ’,
3039 2969 3072 3039 ἢ
3124 2960 3350 3020 ἐκείνων
3399 2966 3574 3033 μόνων
3604 2963 3681 3033 μὴ

2104 3068 2472 3141 ὲξαρκουσῶν,
2504 3065 2787 3137 προστίθει
2825 3064 2920 3117 καὶ
2948 3062 3057 3115 ἀπὸ
3091 3061 3203 3113 τῶν
3228 3060 3319 3112 τοῦ
3360 3058 3677 3128 Ἀπριλίου·

2106 3163 2246 3233 πλὴν
2271 3162 2363 3215 τὸν
2396 3160 2463 3224 ιζ’
2491 3159 2689 3213 κύκλον
2717 3159 2817 3226 τῆς
2856 3155 3087 3222 σελήνης
3120 3151 3368 3219 θεούσης,
3403 3151 3563 3221 μέχρι
3585 3147 3680 3201 τοῦ

428 3242 682 3308 sciasque
709 3240 760 3295 id
792 3249 1004 3308 tempus
1028 3240 1278 3294 Paschati
1310 3241 1466 3309 legali
1485 3241 1748 3296 debitum.
1774 3243 2002 3309 Quando

2109 3242 2845 3318 ἐννέακαιδεκάτου,ὴμὲρας
2862 3245 3083 3314 ἅρίθμει
3111 3242 3218 3313 μη¹,
3244 3244 3406 3295 κάκεῖ
3432 3242 3493 3293 τὸ
3525 3258 3682 3310 νομι-

427 3345 609 3386 autem
648 3335 790 3388 lunae
822 3332 1233 3387 fundamentum
1275 3334 1396 3401 plus
1438 3349 1598 3401 quam
1630 3336 1699 3388 26
1743 3338 1860 3391 dies
1916 3338 2011 3391 ha-

427 3422 629 3486 buerit,
667 3439 732 3476 ne
761 3423 942 3491 capias
970 3439 1160 3477 Omnes
1191 3425 1307 3477 dies
1336 3423 1533 3487 Martii,
1572 3427 1665 3480 scd
1708 3443 1874 3482 unum
1909 3445 2002 3484 so.

427 3515 566 3581 lum,
594 3524 756 3586 atque
786 3532 848 3568 ex
880 3516 1048 3586 Aprili
1079 3516 1150 3575 47
1175 3515 1293 3572 dies
1320 3516 1589 3585 perﬁcito.

499 3790 615 3843 Hoc
640 3801 897 3858 praeterea
930 3800 981 3846 te
1005 3791 1147 3847 scire
1170 3793 1410 3863 expedit,
1449 3803 1576 3862 puta
1637 3796 1997 3865 plenilunium

428 3883 576 3940 circa
610 3882 817 3937 Pascha
847 3884 1018 3953 legale
1048 3885 1099 3937 in
1119 3901 1348 3940 numero
1369 3887 1439 3938 45
1471 3888 1731 3956 reperiri;
1756 3890 1834 3943 sic
1857 3891 1999 3943 enim

429 3975 734 4041 completur
762 3991 905 4030 unus
933 3977 1137 4030 mensis
1166 3975 1374 4031 lunaris
1393 3991 1515 4029 cum
1550 3978 1801 4033 seruisse.
1838 3978 2003 4032 Simi-

429 4064 552 4121 liter
581 4073 634 4117 et
664 4066 714 4118 in
748 4063 976 4132 reliquis
1008 4063 1276 4118 methodis
1332 4065 1634 4134 praedictis,
1680 4080 1802 4134 qua:
1835 4068 2006 4120 conli-

429 4157 582 4211 ciunt
606 4171 892 4210 numerum
925 4156 1016 4222 50,
1056 4172 1161 4210 non
1185 4157 1274 4211 die
1313 4157 1382 4211 50
1412 4158 1504 4211 scd
1555 4156 1622 4211 48
1649 4159 1776 4211 luna
1821 4158 2008 4213 decre-

428 4263 585 4307 scere
608 4249 814 4317 incipit.
841 4249 1019 4318 Hujus
1048 4257 1230 4302 autem
1260 4249 1555 4316 anomalia,
1582 4259 1641 4302 ut
1664 4250 1866 4303 dictum
1896 4256 1999 4314 est,

427 4341 592 4394 etiam
625 4342 763 4396 duos
783 4341 921 4395 alios
950 4343 1068 4395 dies
1102 4341 1298 4410 poscit,
1319 4339 1561 4411 adeoque
1586 4340 1857 4411 colligitur
1876 4341 2005 4397 hinc

428 4431 520 4499 Π,
545 4434 671 4487 inde
703 4449 967 4489 numerus
998 4433 1087 4489 50.

658 4635 734 4690 De
750 4635 1011 4689 Paschate
1032 4633 1337 4690 Christiano
1375 4636 1772 4691 adinveniendo.

503 4745 595 4800 Sic
624 4746 843 4815 quidem
892 4749 1131 4814 reperire
1166 4748 1314 4809 licet,
1368 4765 1610 4817 quonam
1676 4750 1883 4805 mensis
1919 4750 2007 4805 die

429 4839 600 4906 legale
627 4840 836 4893 Pascha
870 4837 1168 4906 contingat.
1207 4844 1353 4907 Opus
1387 4849 1565 4894 autem
1604 4852 1685 4894 est
1715 4851 1773 4893 ut
1803 4840 2009 4893 intelli-

437 4942 533 4993 gas
560 4925 722 4978 ctiam
760 4925 981 4993 quinam
1007 4928 1323 4994 septimanae
1345 4932 1459 4982 dies
1484 4944 1608 4982 cum
1640 4930 1743 4983 isto
1769 4945 2007 4984 concur-

433 5027 537 5079 rat,
555 5018 690 5070 adeo
714 5028 770 5069 ut
787 5017 982 5070 exinde
1000 5020 1296 5086 procedens
1319 5021 1384 5072 ad
1406 5021 1545 5073 diem
1572 5019 1933 5080 Dominicum.
1951 5030 2006 5076 et

431 5110 572 5161 diem
604 5110 753 5161 illum
798 5111 999 5163 mensis
1025 5112 1110 5165 hic
1142 5127 1331 5166 rursus
1357 5112 1651 5179 accipiens,
1672 5122 1885 5178 tempus
1904 5111 2009 5166 Pa-

429 5202 635 5254 schalis
657 5201 954 5255 Christiani
985 5203 1296 5258 celebrandi
1330 5205 1644 5273 dignoscas.
1705 5204 1870 5259 Sume
1904 5206 2006 5274 igi-

430 5302 520 5345 tur
545 5291 758 5360 cyclum
784 5292 1111 5361 solis,eique
1134 5304 1356 5362 epactas
1380 5309 1516 5361 quas
1539 5294 1778 5350 diximus
1807 5296 2003 5364 adiice,

430 5383 561 5435 ιιὶιιι.
583 5398 679 5451 pro
699 5387 893 5450 quovis
913 5386 1281 5453 quadriennio
1309 5402 1494 5449 uitam,
1522 5401 1644 5453 quae
1663 5388 1773 5441 sint
1803 5399 2006 5457 epactac

429 5472 762 5537 bissmttilcs,
808 5485 920 5527 tum
954 5477 1119 5529 etiam
1148 5477 1204 5528 ll
1242 5477 1363 5529 illas
1421 5481 1689 5532 mensium
1743 5490 1999 5547 quatuor,

431 5564 680 5618 \itleliret
714 5568 782 5620 ab
808 5568 1027 5621 Octobri
1060 5584 1234 5636 usque
1255 5570 1318 5621 ad
1345 5566 1686 5636 Ianuarium,
1728 5573 1818 5625 ubi
1851 5589 2003 5625 men-

430 5655 507 5705 sis
537 5655 607 5705 50
634 5655 826 5708 dichus
869 5665 1087 5707 constat
1113 5669 1126 5717 ;
1162 5668 1273 5709 tres
1304 5666 1485 5709 autem
1511 5672 1541 5710 a
1574 5674 1763 5713 mense
1790 5660 2002 5713 dierum

430 5745 516 5801 51.
548 5744 651 5797 Sed
682 5762 707 5795 ιι
734 5745 1033 5799 Februario
1072 5763 1140 5800 ne
1170 5749 1445 5818 accipias;
1480 5749 1567 5804 hic
1594 5751 1738 5804 enim
1785 5753 2002 5819 penitus

430 5837 774 5890 absorbetur.
840 5838 906 5890 Et
974 5840 1019 5891 si
1096 5838 1150 5891 in
1215 5838 1408 5894 Martio
1482 5842 1749 5908 reperitur
1793 5843 1999 5897 Pascha

431 5928 777 6001 lcgalcmapc
822 5930 939 5985 dics
982 5946 1150 6001 usque
1184 5933 1249 5987 ad
1304 5932 1435 5989 illud
1493 5934 1723 5989 l'ascha.
1759 5935 1813 5990 Si
1875 5952 2000 5991 vero

2116 3345 2211 3399 κδν
2229 3344 2553 3413 τελούμενον
2585 3340 2823 3407 γίνωσκε
2852 3338 3063 3405 Πάσχα.
3087 3335 3253 3386 Πλὲον
3277 3333 3333 3384 δὲ
3367 3331 3473 3383 τῶν
3504 3332 3678 3384 εἴκοσι

2109 3439 2202 3490 καὶ
2226 3435 2285 3498 ἒξ
2308 3433 2529 3502 ἡμερῶν
2552 3431 2766 3499 ἔχοντος
2790 3428 2884 3481 τοῦ
2916 3425 3164 3494 θεμελίου
3197 3424 3291 3489 τῆς
3326 3423 3572 3489 σελήνης,
3603 3422 3679 3491 μὴ

2103 3526 2347 3596 λάμϐανε
2384 3524 2481 3586 τὰς
2502 3522 2599 3575 τοῦ
2633 3520 2878 3590 Μαρτίου
2909 3519 3085 3578 πάσας
3116 3517 3348 3586 ἡμέρας,
3377 3513 3510 3606 ἀλλά
3550 3515 3683 3606 μίαν

2104 3618 2308 3688 μόνηνο
2353 3616 2417 3667 ἐκ
2459 3613 2516 3665 δὲ
2556 3612 2649 3665 τοῦ
2718 3608 2994 3680 Ἀπριλίου
3030 3607 3419 3677 άναπλήρωσον
3448 3605 3550 3667 τὰς
3587 3603 3662 3672 μζ

2102 3709 2341 3778 ἡμέραςο
3238 3745 3253 3751 —

2174 3800 2267 3850 Δεῖ
2297 3797 2354 3850 δέ
2397 3812 2455 3847 σε
2488 3793 2648 3848 τοῦτο
2690 3793 2912 3857 είδέναι,
2962 3788 3037 3851 ὡς
3088 3793 3119 3861 ή
3168 3788 3310 3843 κατὰ
3355 3788 3419 3840 τὸ
3456 3786 3680 3855 νομικὸν

2105 3891 2292 3958 Πάσχα
2328 3887 2535 3956 κυρίως
2588 3884 2924 3953 πανσέληνος
2986 3885 3043 3935 ὲν
3090 3881 3170 3952 τῷ
3223 3880 3305 3951 με’
3362 3882 3680 3950 εὑρίσκεται

2102 3979 2321 4052 ἀριθμῷ
2345 3995 2362 4011 ⁶
2402 3978 2543 4031 οὕτω
2592 3978 2698 4045 γὰρ
2765 3973 3173 4044 ἀναπληροῦται
3211 3969 3292 4035 εἷς
3332 3975 3427 4025 καὶ
3473 3972 3678 4041 ἥμισυς

2106 4071 2426 4139 σεληνιακδς
2473 4071 2602 4137 μήν.
2666 4068 2942 4127 Ὡσαύτως
2972 4067 3068 4118 καὶ
3115 4066 3205 4117 ἐπὶ
3243 4064 3351 4116 τῶν
3408 4064 3680 4132 ρηθεισῶν

2104 4164 2309 4232 ἑτέρων
2342 4161 2602 4231 μεθόδων,
2637 4159 2694 4212 αἳ
2718 4159 3013 4225 συνάγουσι
3042 4158 3132 4209 τὸν
3155 4154 3199 4207 ν’
3222 4156 3321 4208 ούκ
3347 4157 3438 4209 επὶ
3464 4155 3679 4217 τούτου,

2105 4254 2221 4307 ἀλλ’
2257 4253 2348 4305 ἐπὶ
2377 4251 2473 4304 τοῦ
2507 4250 2597 4320 μη⁹
2632 4248 2869 4318 ἀριθμοῦ
2895 4252 2929 4320 ἡ
2966 4248 3164 4318 σελήνη
3198 4246 3406 4315 φθίνειν
3439 4247 3683 4316 ὑπάρχε-

2106 4342 2297 4397 ται.⁹11
2334 4344 2387 4395 δὲ
2420 4341 2703 4409 ἀνωμαλία
2748 4339 2978 4408 ταύτης,
3030 4340 3103 4400 ὡς
3143 4340 3380 4407 εἴρηται,
3432 4338 3526 4390 καὶ
3576 4337 3680 4398 τὰς

2109 4434 2304 4503 ἐτέρας
2345 4433 2439 4484 δύο
2480 4429 2867 4499 προστέθεικεν
2900 4428 3141 4498 ὴμέραςο
3185 4432 3282 4481 καὶ
3314 4427 3547 4480 ἐνταῦθα
3581 4428 3682 4498 μὲν

2107 4527 2200 4579 τὸν
2230 4523 2316 4594 pi,“
2348 4524 2671 4590 συνάγουσιν
2700 4520 2955 4591 ἀριθμὸν,
2988 4522 3107 4573 ἐκεῖ
3139 4519 3197 4572 δὲ
3223 4520 3315 4573 τὸν
3345 4518 3409 4574 v'.

2182 4639 2386 4702 Ὅπως
2418 4638 2483 4689 τὸ
2512 4636 2939 4702 Χριστιανικὸν
2977 4634 3323 4702 εὑρίσκεται
3366 4631 3605 4701 Πάσχα.

2184 4751 2295 4804 Καὶ
2321 4748 2466 4801 οὕτω
2510 4750 2608 4819 μὲν
2642 4751 2675 4818 ἡ
2719 4753 2774 4801 ἐν
2805 4749 2882 4819 τῷ
2918 4747 3124 4817 νομικῷ
3153 4747 3344 4814 Πάσχα
3376 4747 3547 4816 ποστὴ
3588 4749 3681 4799 τοῦ

2118 4842 2285 4913 μηνὸς
2316 4843 2501 4910 ἡμέρα
2535 4841 2867 4908 εὑρίσκεται.
2910 4842 3002 4892 Δεῖ
3028 4840 3081 4890 δέ
3121 4838 3398 4913 σεείδέναι
3434 4840 3527 4891 καὶ
3552 4843 3681 4893 ποία

2112 4933 2282 5004 ταύτῃ
2340 4933 2663 5001 συνέρχεται
2731 4935 2830 4996 τῆς
2887 4910 3198 4998 ἑϐδομάδος
3230 4931 3446 5001 ἡμέρα,
3487 4930 3562 4992 ὡς
3615 4932 3682 4983 ἂν

2113 5025 2324 5077 ἐκεῖθεν
2374 5026 2466 5077 ἐπὶ
2505 5024 2602 5091 τὴν
2637 5023 2923 5092 Κυριακὴν
2977 5022 3292 5090 ἐρχόμενος,
3329 5021 3426 5073 καὶ
3476 5021 3574 5090 τὴν
3621 5023 3681 5091 ἐν

2110 5117 2249 5185 αὐτῇ
2283 5114 2374 5168 τοῦ
2426 5115 2592 5184 μηνὸς
2636 5111 2788 5175 αὖθις
2824 5111 3260 5178 καταλαμϐάνων
3308 5111 3535 5180 ποστὴν,
3567 5114 3686 5165 ἐκεῖ

2108 5208 2171 5259 τὸ
2200 5207 2583 5272 Χριστιανικδν
2615 5205 2938 5272 τελούμενον
2970 5204 3159 5271 Πάσχα
3200 5204 3497 5272 γινώσκῃς.
3530 5200 3684 5270 Κράο

2112 5312 2273 5365 τησον
2306 5294 2396 5351 οὖν
2428 5296 2519 5348 τὸν
2559 5295 2755 5347 κύκλον
2804 5293 2894 5345 τοῦ
2936 5292 3127 5359 ἡλίουσ
3178 5292 3460 5361 προστίθει
3505 5292 3683 5363 τούτῳ

2112 5386 2210 5446 τὰς
2241 5384 2539 5453 λεγομένας
2564 5386 2613 5434 ἐς
2638 5384 2831 5446 ακτάς,
2862 5383 2980 5451 ἢτοι
3026 5382 3163 5434 κατὰ
3190 5380 3230 5433 δ’
3272 5383 3494 5452 χρόνους
3530 5381 3681 5452 μίαν,

2110 5475 2314 5537 αἵτινές
2356 5478 2462 5527 εἰσι
2493 5474 2584 5525 τοῦ
2629 5475 2878 5543 βισέκτου
2901 5488 2921 5502 ο
2952 5472 3069 5526 εἶτα
3100 5475 3200 5534 τὰς
3232 5476 3423 5527 ’ἕνδεκα
3453 5475 3545 5526 τοῦ
3591 5491 3680 5527 τε-

2109 5573 2411 5638 τραμήνου,
2456 5569 2623 5634 ᾗγουν
2675 5566 2784 5617 ἀπὸ
2830 5565 2921 5617 τοῦ
2983 5565 3312 5634 Ὀκτωϐρίου
3365 5565 3529 5633 μέχρι
3584 5564 3679 5617 τοῦ

2122 5658 2475 5729 Ἰανουαρίου,
2508 5655 2615 5707 ἀπὸ
2656 5654 2750 5707 τοῦ
2779 5654 2995 5724 ἔχοντος
3034 5656 3202 5725 μηνὸς
3240 5656 3453 5724 ἡμέρας
3483 5652 3550 5716 λ’,
3580 5655 3677 5708 δύο

2107 5747 2420 5818 λαμϐάνων,
2448 5749 2595 5818 τρεῖς
2632 5747 2687 5799 δὲ
2712 5745 2818 5799 άπὸ
2845 5746 2938 5799 τοῦ
2966 5747 3178 5817 ἔχοντος
3200 5746 3301 5801 λα’.
3333 5747 3465 5799 ’Λπὸ
3497 5745 3554 5799 δὲ
3581 5748 3672 5799 τοῦ

2105 5840 2476 5909 Φεϐρουαοίου
2531 5838 2606 5909 μὴ
2651 5838 2919 5908 λάμϐανε,
2955 5839 3041 5892 διὰ
3092 5840 3153 5890 τὸ
3204 5838 3448 5907 ἐσχάτως
3514 5840 3674 5891 αὐτὸν

2107 5932 2529 5987 κεκολοϐὦσθαι.
2566 5932 2675 5985 Καὶ
2708 5931 2756 5983 εἰ
2789 5930 2885 6003 μὲν
2908 5932 2963 5986 ἐν
2989 5930 3067 6001 τῷ
3098 5930 3327 6002 Μαρτίῳ
3358 5929 3672 6000 εὑρίσκεται
