4054 6450
472 396 549 460 83
1461 405 1873 470 SYNTAGMA
1928 411 2044 471 AL]

2148 412 2554 478 ABETICUM.
2602 442 2675 456 -
2713 415 2787 469 Π·
3384 434 3392 442 ’
3672 428 3752 493 86

474 514 540 567 τὸ
566 513 756 584 Πάσχα
783 515 845 568 τδ
876 516 1123 584 νομικὸν,
1153 516 1285 572 λάϐε
1327 517 1423 573 καὶ
1465 520 1567 585 τὰς
1607 523 1774 593 μέχρι
1807 525 1904 577 τοῦ
1937 525 2044 579 Πά-

2157 530 2212 583 ἰη
2251 529 2448 599 Aprili,
2503 533 2697 604 accipe
2745 542 2799 589 et
2847 548 2912 590 ex
2964 535 3162 592 Martio
3212 537 3390 593 solum
3436 549 3546 596 tres
3599 541 3737 598 dies.

471 623 575 674 σχα
606 608 800 659 τούτου
829 608 1044 677 ἡμέρας
1066 625 1080 640 ⁸
1111 612 1160 662 εί
1192 609 1249 663 δὲ
1279 613 1337 664 ἑν
1367 609 1445 680 τῷ
1485 611 1769 685 Ἀπριλιῳ,
1796 614 1926 669 λάϐε
1948 616 2043 668 καὶ

2148 631 2201 675 et
2220 637 2284 675 ex
2299 623 2474 691 Aprili
2495 633 2629 694 quot
2650 641 2896 697 eousque
2918 628 3109 684 haberi
3135 632 3452 700 contingat:
3474 643 3528 687 et
3548 633 3740 703 collige

470 697 579 750 ἀπὸ
614 698 704 750 τοῦ
736 698 985 768 Μαρτίου
1040 699 1207 769 μόνας
1244 703 1420 772 τρεῖς,
1461 702 1557 757 καὶ
1591 704 1692 767 τὰς
1717 703 1813 758 τοῦ
1855 706 2044 774 Ἀπρι-

2152 714 2206 767 in
2229 728 2500 770 summam
2530 732 2748 784 omnes,
2806 736 2972 789 quam
3032 722 3215 776 divide
3276 739 3373 793 per
3429 726 3642 790 7;tum
3687 722 3734 779 si

470 789 610 852 λίου,
644 788 766 844 ὅσαι
813 790 976 859 μέχρι
1026 790 1120 844 τοῦ
1155 794 1346 862 Πάσχα
1384 793 1755 861 εὑρίσκονται,
1788 798 1884 851 καὶ
1915 796 2044 851 ἑνώ-

2152 820 2258 859 nna
2309 806 2426 863 dies
2485 812 2835 873 remanserit,
2885 812 3167 868 Dominica
3217 816 3342 881 erit,
3393 815 3737 872 Dominicam

471 897 569 943 σας
599 881 836 944 ἁπάσας,
863 882 1132 935 άνάλυσον
1166 883 1264 936 ἑπὶ
1295 883 1365 935 τὰ
1386 881 1453 949 ζ’,
1478 885 1575 937 καὶ
1601 888 1651 939 εί
1681 888 1779 957 μὲν
1814 889 1914 958 μία
1949 907 2044 943 πει

2152 894 2458 964 proximam
2488 900 2868 967 exspectanti;
2905 901 2953 957 si
2995 902 3135 968 duo,
3185 902 3319 959 feria
3358 906 3629 969 secunda,
3686 908 3735 961 si

471 970 777 1042 ριλειφθείη
817 972 1025 1043 ἡμέρα,
1084 972 1324 1043 ὑπάρχει
1378 976 1633 1045 Κυριακὴ
1657 1019 1673 1042 ,
1732 979 1826 1030 καὶ
1864 978 1947 1031 δεῖ
1985 996 2044 1032 σε

2154 993 2286 1051 tres,
2340 988 2526 1051 tertia,
2587 998 2641 1043 et
2681 991 2761 1046 sic
2799 992 3059 1063 deinceps
3098 1010 3274 1062 usque
3333 996 3398 1049 ad
3455 1006 3667 1064 septem
3718 1016 3732 1051 :

468 1062 799 1130 προσμένειν
826 1062 925 1134 τὴν
956 1064 1297 1133 ἐρχομένην·
1349 1065 1399 1116 εί
1444 1063 1501 1117 δὲ
1546 1065 1660 1129 δύο,
1695 1066 1959 1138 δευτέρω
1995 1068 2044 1120 εί

2156 1086 2211 1132 et
2236 1089 2505 1147 Oporteta
2538 1080 2768 1151 singulis
2790 1082 2859 1138 ad
2900 1084 3240 1140 Dominicam
3278 1088 3596 1157 procedere.
3640 1089 3738 1144 Illo
3774 1118 3781 1127 -

467 1151 523 1205 δὲ
556 1154 725 1222 τρεῖς,
760 1153 943 1224 τρίτη,
978 1156 1074 1207 καὶ
1108 1154 1237 1223 ἑξῆς
1268 1157 1435 1226 μέχρι
1465 1158 1572 1212 τῶν
1606 1160 1773 1214 ἑπτά.
1810 1161 1919 1213 Καὶ
1950 1160 2043 1229 ἀφ’

2152 1177 2334 1223 autem
2375 1169 2465 1225 die
2495 1174 2722 1239 mensis,
2760 1175 2814 1229 in
2860 1193 2970 1245 quo
3014 1151 3298 1235 Dominica
3353 1180 3566 1245 incidit.
3614 1181 3739 1237 dico

469 1221 730 1313 ἑκάστης,
762 1221 859 1297 ἐπὶ
886 1221 985 1315 τὴν
1019 1221 1309 1317 Κυριακην
1339 1221 1611 1321 άπαντᾷν,
1640 1251 1736 1303 καὶ
1770 1251 1829 1303 ἑν
1858 1221 2044 1325 ἐκείνῃ

2324 1221 2329 1222 ν
2380 1221 2461 1225 ε--
2495 1221 2722 1239 --,---_--,
2862 1221 2969 1245 ηπ
3017 1221 3298 1235 ...............
3353 1221 3566 1245 ...........

2151 1259 2528 1319 Christianum
2550 1263 2764 1321 Pascha
2786 1270 3129 1340 contingere.

467 1335 534 1405 τῇ
570 1335 758 1405 ἡμέρᾳ
789 1337 884 1390 τοῦ
913 1338 1104 1406 μηνὸς,
1135 1337 1223 1407 ιφν
1253 1339 1321 1410 ἣν
1344 1341 1378 1410 η
1412 1341 1673 1414 Κυριακὴ
1703 1342 2048 1414 εὑρίσκεται,

469 1428 596 1499 λέγε
628 1430 689 1483 τὸ
715 1431 1105 1501 Χριστιανικδν
1138 1429 1283 1486 εἶναι
1316 1432 1530 1504 Πάσχα.

728 1544 932 1612 Ὅπως
970 1547 1317 1615 εὑρίσκεται
1345 1547 1386 1615 ή
1428 1548 1789 1617 Ἀπόκρεως.

2315 1550 2565 1615 Quonam
2586 1562 2744 1625 pacto
2774 1555 3081 1622 reperiatur
3106 1554 3559 1626 Carnisprivium.

540 1659 693 1715 Μετὰ
721 1660 779 1713 δὲ
808 1662 869 1714 τὸ
897 1661 1081 1732 εὑρεῖν
1103 1662 1203 1731 τὴν
1233 1662 1453 1733 ἡμέραν
1479 1664 1575 1717 τοῦ
1603 1666 1795 1735 μηνὸς,
1829 1664 1955 1720 καθ’
1977 1665 2044 1737 ἢν

2223 1662 2527 1733 Postquam
2559 1664 2703 1719 diem
2740 1667 2948 1721 mensis
2970 1666 3345 1733 adinveneris,
3382 1683 3493 1737 quo
3527 1666 3739 1724 Pascha

471 1754 531 1807 τὸ
554 1754 662 1807 τῶν
689 1755 1031 1825 Χριστιανῶν
1063 1755 1256 1825 Πάσχα
1286 1757 1521 1825 γίνεται,
1556 1759 1839 1829 προστίθει
1869 1761 2044 1832 ταύτῃ

2151 1756 2592 1812 Christianorum
2622 1757 2915 1825 contingit,
2958 1758 3135 1827 adjice
3166 1757 3243 1812 illi
3271 1759 3412 1815 alios
3457 1770 3568 1814 tres
3595 1761 3737 1828 dies,

469 1848 616 1915 τρεῖς
647 1847 869 1915 ἡμέρας
911 1847 1128 1917 ἑτέρας,
1167 1848 1443 1918 τέσσαρας
1471 1849 1551 1914 δὲ,
1584 1853 1631 1902 εί
1667 1853 1696 1904 ὁ
1723 1850 1917 1921 χρόνος
1958 1853 2044 1923 βί-

2152 1849 2264 1902 imo
2293 1859 2553 1919 quatuor,
2579 1850 2626 1903 si
2653 1864 2832 1906 annus
2862 1850 3033 1905 fuerit
3064 1849 3364 1906 bissextilis
3392 1869 3406 1906 :
3459 1859 3511 1905 et
3542 1852 3586 1905 si
3614 1852 3737 1905 illo-

471 1951 661 2001 σεκτος
694 1938 801 2005 είη,
835 1937 929 1992 καὶ
958 1935 1167 2002 ἑνώσας
1217 1938 1458 2005 ἁπάσας,
1505 1940 1554 1993 εί
1599 1941 1700 2011 μὲν
1739 1944 1766 1994 ὁ
1808 1942 2044 2013 ἀριθμὸς

2150 1953 2285 1995 rum’
2303 1940 2467 1995 simul
2499 1949 2847 2010 sumptorum
2873 1955 3139 1995 numerus
3171 1942 3225 1994 in
3266 1938 3525 1994 Martium
3556 1944 3737 2003 cadat,

468 2026 676 2081 τούτων
704 2029 785 2091 είς
815 2029 908 2083 τὸν
940 2030 1184 2100 Μάρτιον
1208 2031 1422 2098 πίπτει,
1447 2032 1602 2103 ζήτει
1630 2033 1732 2103 τὴν
1758 2032 2044 2105 Ἀπόκρεω

2152 2032 2379 2103 exquire
2412 2032 2851 2102 Carnisprivium
2894 2032 2963 2087 ad
3000 2032 3259 2087 eumdem
3314 2047 3546 2087 numero
3592 2032 3736 2085 diem

471 2122 530 2172 ὲν
562 2121 628 2192 τῇ
660 2120 934 2191 ίσαρίθμῳ
964 2120 1059 2174 τοῦ
1092 2121 1431 2193 ἰανουαρίου
1465 2126 1656 2197 ἡμέρᾳ
1676 2142 1691 2158 ·
1729 2126 1782 2177 εί
1811 2126 1869 2179 δὲ
1899 2128 2044 2180 Exci-

2148 2124 2437 2182 Januarii:
2481 2127 2567 2178 sin
2597 2138 2730 2180 vero
2765 2124 2856 2179 ille
2886 2123 2940 2177 in
2971 2123 3146 2192 Aprili
3172 2138 3358 2178 mense
3406 2123 3736 2191 reperiatur,

467 2233 556 2279 νος
586 2218 644 2269 ὲν
673 2215 755 2285 τῷ
779 2216 1048 2286 Ἀπριλίῳ
1099 2218 1440 2288 εὑρίσκεται,
1487 2221 1681 2273 σκόπει
1721 2220 1933 2292 ταύτην
1984 2224 2043 2274 ὲν

2148 2230 2334 2287 quaere
2365 2215 2417 2267 in
2444 2213 2766 2269 Februario.
2802 2212 2962 2276 Quod
2991 2212 3162 2266 facies
3216 2214 3318 2265 hoc
3346 2211 3512 2267 modo
3553 2210 3740 2266 :Fun-

468 2307 546 2378 τῷ
576 2307 950 2379 Φεϐρουαρίῳ.
982 2309 1184 2362 Σκόπει
1209 2309 1265 2375 δὲ
1291 2312 1385 2363 καὶ
1415 2309 1559 2363 οὕτω
1579 2328 1594 2343 ο
1626 2312 1719 2364 τὸν
1754 2313 2044 2382 ἐνιστάμε-

2148 2312 2467 2364 damentum
2495 2321 2741 2378 praesens
2790 2306 2934 2360 luna:
2962 2320 3138 2374 usque
3158 2305 3223 2358 ad
3280 2303 3737 2374 pentecontadem

470 2419 559 2455 νον
590 2402 689 2471 τῆς
725 2402 958 2472 σελήνης
993 2401 1246 2473 θεμέλιον
1286 2404 1417 2474 ἄχρι
1476 2406 1569 2457 καὶ
1613 2404 2044 2473 πεντηκοντάδος

470 2497 729 2559 ἐκτενεῖς,
762 2496 1216 2566 προσεπιϐάλλων
1248 2495 1397 2565 αὐτῷ
1426 2496 1527 2559 τὰς
1556 2497 1665 2551 ἀπὸ
1686 2497 1786 2567 τῆς
1818 2498 2045 2567 πρώτης

467 2586 560 2640 τοῦ
590 2587 919 2656 Ἰανουαρίου
963 2589 1058 2642 καὶ
1107 2589 1296 2658 πρόσω
1332 2591 1569 2661 ἡμέρας,
1604 2590 1699 2641 καὶ
1735 2587 1831 2641 τοῦ
1879 2594 1921 2640 ν’
1960 2606 2046 2642 τε-

466 2678 822 2750 λευτήσαντος
846 2679 1079 2750 ἀριθμοῦ
1107 2682 1189 2745 είς
1217 2682 1538 2751 οἱανδήποτε
1570 2682 1868 2751 ἑϐδομάδος
1899 2679 2041 2751 ἠμέ-

470 2791 588 2844 ραν,
623 2774 687 2842 τῇ
717 2773 845 2841 ἑξῆς
870 2775 1126 2844 κυριακῇ
1161 2774 1270 2843 τὴν-
1291 2774 1578 2845 Ἀπόκρεω
1606 2775 1835 2844 βεϐαίως
1865 2774 2047 2826 ἐπιτέ-

465 2864 751 2919 λει.’Ᾱλλὰ
794 2866 894 2934 τῆς
935 2865 1165 2936 σελήνης
1210 2868 1290 2928 εἰς
1333 2864 1427 2918 τὸν
1468 2872 1561 2929 κς·’
1587 2866 1684 2918 καὶ
1730 2864 2046 2934 περαιτέρω

465 2956 712 3023 θεμέλιον
736 2957 1059 3028 προϊούσης,
1102 2973 1236 3026 μιαν
1270 2956 1438 3026 μόνην
1484 2959 1549 3011 ἑκ
1582 2957 1676 3011 τοῦ
1704 2957 2043 3028 Ἰανουαρίου

464 3048 634 3123 λήψῃ,
666 3050 765 3112 τὰς
802 3050 857 3104 δέ
888 3067 952 3118 γε
1006 3048 1201 3111 λοιπὰς
1231 3048 1297 3101 ὲκ
1325 3048 1419 3102 τοῦ
1456 3050 1829 3120 Φεϐρουάριον
1851 3064 1865 3078 ·
1902 3047 2047 3102 οὕτω

465 3142 520 3195 δὲ
560 3143 664 3211 τὴν
703 3143 1010 3212 Ἀπάκρεω,
1124 3142 1339 3207 πίπτει,
1370 3142 1683 3213 γνωρίσεις.
1723 3143 1785 3195 Εἰ
1836 3141 1934 3211 μὲν
1965 3143 2047 3204 είς

463 3235 554 3286 τὸν
577 3234 925 3303 Ἰανουάριον,
952 3236 1013 3287 τὸ
1040 3237 1229 3303 Πάσχα
1257 3234 1475 3295 πάντως
1506 3232 1659 3286 ἔσται
1686 3233 1778 3286 τὸν
1800 3233 2047 3304 Μάρτιον

467 3325 549 3389 (τὸ
578 3324 687 3376 τῶν
715 3324 1057 3393 Χριστιανῶν
1097 3324 1263 3395 φημι)
1286 3339 1301 3354 ’
1351 3323 1401 3377 εί
1445 3321 1502 3375 δὲ
1533 3324 1614 3386 εἰς
1647 3323 1735 3377 τὸν
1765 3323 2044 3394 Φεϐρουά-

2146 2403 2428 2467 extendes,
2453 2401 2614 2469 eique
2649 2398 2817 2453 addes
2834 2398 2951 2454 dies
2981 2397 3146 2467 209
3162 2413 3190 2451 a
3211 2398 3388 2467 primo
3410 2394 3656 2451 Januarii
3687 2408 3741 2450 et

2147 2510 2349 2567 porro,
2386 2505 2551 2563 atque
2574 2501 2705 2547 tunc
2735 2493 2791 2546 in
2817 2505 3204 2561 quamcunque
3239 2489 3559 2559 septimanae
3594 2489 3738 2544 diem
3844 2546 3855 2556 ,

2145 2588 2367 2642 desinat
2419 2600 2683 2640 numerus
2714 2583 2805 2649 50,
2842 2582 3126 2639 Dominica
3182 2581 3433 2652 proxime
3479 2588 3742 2650 sequente

2146 2677 2583 2748 Carnisprivium
2628 2691 2822 2731 secure
2883 2674 3182 2730 celebrato.
3249 2672 3637 2728 Verumtamen
3690 2669 3739 2726 si

2148 2772 2275 2826 luna
2305 2772 2372 2825 ad
2428 2770 2847 2825 fundamentum
2895 2767 2967 2822 26
3007 2768 3093 2822 vel
3160 2766 3392 2821 ulterius
3453 2763 3740 2833 procedat,

2150 2880 2321 2920 unum
2349 2863 2529 2917 solum
2554 2861 2697 2916 diem
2721 2875 2785 2915 ex
2823 2858 3089 2913 Januario
3129 2857 3362 2919 eximes,
3397 2863 3739 2923 casterosquc

2146 2955 2214 3008 de
2247 2951 2583 3017 Februario;
2613 2959 2778 3019 atque
2806 2947 2880 3002 ita
2916 2962 3154 3017 quonam
3191 2945 3281 3000 die
3301 2943 3741 3013 Carnisprivium

2147 3046 2420 3117 obtingat,
2444 3043 2671 3100 nescius
2701 3041 2845 3096 haud
2875 3039 3071 3096 fueris.
3098 3038 3156 3094 Si
3187 3036 3411 3108 quidem
3437 3036 3490 3090 in
3537 3033 3744 3090 Janua-

2148 3142 2291 3195 rium
2337 3138 2498 3194 cadat
2540 3133 3004 3204 Carnisprivium,
3061 3131 3275 3188 Pascha
3324 3128 3739 3198 (Christianum

2149 3230 2303 3304 puta)
2338 3233 2392 3285 in
2419 3244 2611 3285 mense
2650 3226 2847 3282 Martio
2881 3225 3271 3288 celebrabitur,
3299 3222 3344 3278 si
3377 3222 3435 3276 in
3492 3219 3740 3276 Februa-

2154 3324 2320 3385 rium,
2348 3321 2454 3375 hoc
2492 3332 2681 3374 mense
2725 3316 2900 3386 Aprili
2933 3331 2947 3369 :
2981 3313 3145 3369 modo
3194 3313 3285 3367 hic
3325 3316 3404 3365 tot
3452 3310 3571 3365 dies
3609 3308 3741 3362 sub-

472 3433 584 3486 ριον
611 3414 772 3486 αὕτη,
823 3417 997 3469 ἐκεῖνο
1026 3415 1118 3469 τὸν
1166 3414 1482 3483 ’Δπρίλιον’
1532 3414 1831 3487 ἀφαίρεσιν
1883 3414 2042 3486 μόνον

2149 3415 2409 3482 traxeris,
2444 3420 2583 3486 quot
2620 3411 2735 3469 illic
2760 3408 3046 3474 addidisti,
3081 3405 3298 3464 scilicet
3330 3414 3467 3472 tres,
3525 3402 3631 3469 vel,
3694 3403 3739 3457 si

464 3506 731 3563 τοσούτων
800 3508 984 3562 ἐνθάδε
1050 3508 1220 3561 ποιῶν
1256 3509 1510 3580 ἡμερῶν,
1543 3510 1689 3563 ὅσων
1721 3511 1841 3562 ἐκεῖ
1871 3525 2043 3580 προσ-

466 3599 639 3669 θήκην
658 3636 675 3661 ,
725 3599 891 3670 τριῶν
915 3599 1136 3673 δηλαδὴ,
1166 3602 1216 3654 εί
1241 3602 1298 3653 δὲ
1328 3601 1578 3670 βίσεκτον
1608 3600 1717 3670 εἴη,
1739 3599 2043 3668 τεσσάρων.

480 3689 643 3742 Ἀλλὰ
677 3690 766 3742 καὶ
801 3688 863 3742 τὸ
893 3690 1119 3761 νομικὸν
1150 3691 1402 3745 ἐντεῦθεν
1444 3694 1637 3760 Πάσχα
1685 3689 2040 3757 γινώσκεται,

469 3784 534 3851 τῇ
565 3780 702 3850 αὐτῇ
734 3779 833 3848 μὲν
863 3782 954 3835 ἀεὶ
990 3781 1092 3850 τῆς
1139 3781 1435 3850 ἑϐδομάδος
1480 3781 1668 3851 ἡμέρᾳ
1706 3781 2043 3848 συμπίπτον,

469 3876 589 3944 ﬁve
641 3874 1007 3946 πεντηκοστὸς
1040 3874 1274 3945 ἀριθμὸς
1313 3874 1405 3927 ἐπὶ
1450 3872 1550 3944 τῆς
1604 3873 1891 3942 Ἀποκρέω
1938 3871 2045 3926 δεί-

470 3982 649 4032 κνυσι,
682 3966 799 4037 μετ’
827 3966 1117 4036 ἀφαίρεσιν
1146 3965 1205 4019 δὲ
1251 3964 1534 4020 κάνταῦθα
1577 3963 1744 4035 τριῶν
1774 3963 1806 4034 ἢ
1844 3963 2044 4017 τεσσά-

475 4075 581 4128 ρων
606 4057 698 4112 τοῦ
740 4060 911 4131 μηνδς
934 4059 1177 4132 ἡμερῶν.

2148 3512 2453 3568 bissextum
2510 3508 2699 3574 fuerit,
2731 3514 2989 3577 quatuor.
3042 3502 3149 3559 Sed
3201 3510 3257 3557 et
3314 3499 3488 3570 legale
3532 3498 3743 3552 Pascha

2149 3603 2349 3660 exinde
2380 3600 2701 3667 innotescit,
2738 3606 3015 3668 quatenus
3057 3607 3276 3664 semper
3322 3592 3517 3646 eodem
3566 3589 3740 3658 septi-

2148 3710 2328 3752 mana:
2352 3694 2442 3748 die
2472 3692 2690 3757 incidit,
2711 3704 2875 3761 quem
2904 3701 3172 3741 numerus
3196 3683 3268 3740 50
3297 3698 3329 3737 a
3359 3680 3741 3751 Carnisprivio

2149 3791 2366 3857 signat;
2417 3782 2617 3841 ablatis
2667 3790 2724 3840 et
2762 3780 2854 3838 hic
2896 3778 3075 3836 tribus
3128 3776 3215 3835 vel
3243 3783 3481 3847 quatuor
3535 3773 3746 3830 mensis

2151 3878 2373 3935 diebus.
