4054 6474
360 376 449 442 tm
1331 377 1737 437 SYNTAGMA
1779 379 1920 455 ALP

2027 381 2400 443 .BETICUM.
2446 408 2513 419 --
2539 377 2611 433 Π·
3512 380 3613 447 102

359 489 489 544 κατὰ
534 487 633 558 τὴν
681 485 847 555 αὐτὴν
884 484 1060 554 ὥραν,
1106 484 1228 537 οὗτε
1272 487 1416 540 κατὰ
1449 490 1547 555 τῆν
1581 487 1752 556 αὐτὴν
1791 489 1920 558 ὴμέ-

2028 491 2108 545 vel
2136 491 2328 544 eodem
2363 491 2451 547 die
2481 490 2681 545 accidit
2710 491 3102 562 aequinoctium
3158 494 3295 548 ﬁeri.
3334 490 3602 561 Quoniam

356 598 453 653 ραν
500 578 786 648 συμϐαίνει
829 577 916 630 ἀεὶ
958 575 1057 647 τὴν
1106 577 1402 648 ἰσημερίαν
1453 577 1722 643 γίνεσθαι.
1767 581 1920 635 Ἐπεὶ

2031 582 2179 638 enim
2215 593 2429 652 tempus
2464 599 2707 639 annuum
2743 597 2938 654 praeter
2969 587 3086 641 dies
3109 588 3217 644 565
3241 589 3406 646 etiam
3442 602 3610 657 prope

355 675 457 742 γὰρ
501 673 535 740 ἠ
583 669 852 732 ἐνιαύσιος
905 668 1143 739 ποσότης
1192 670 1327 738 πρὸς
1365 672 1490 732 ταῖς
1547 671 1654 735 τξε¹
1685 673 1920 742 ἡμέραις

2030 683 2281 742 quartam
2342 684 2550 744 partem
2611 677 2719 731 diei
2786 678 3059 747 requirit,
3123 680 3170 733 si
3238 697 3383 736 nunc
3444 683 3610 744 fuerit

355 763 446 816 καὶ
508 762 769 831 τέταρτον
823 759 1055 828 ἔγγιστα
1110 759 1523 829 προσλαμϐάνει
1547 802 1563 828 ,
1628 763 1756 815 ὅταν
1891 765 1924 834 ἡ

356 854 611 922 ἰσημερία
672 852 800 922 περὶ
859 851 1243 921 μεσημϐρίαν,
1318 851 1381 905 τὸ
1444 854 1543 920 μὲν
1610 854 1739 920 ἑξῆς
1805 855 1926 920 ἔτος

351 944 499 999 ἔσται
552 944 682 1014 περὶ
731 943 880 997 δύσιν
929 944 1106 1014 ἡλίου,
1153 943 1216 997 τὸ
1270 944 1328 998 δὲ
1391 946 1518 1014 ἑξῆς
1559 949 1690 1015 περὶ
1754 947 1925 1016 μέσας

351 1038 564 1102 νύκτας,
598 1040 692 1092 καὶ
728 1035 870 1090 οὕτω
904 1035 1065 1109 μέχρι
1116 1037 1334 1099 παντός.
1374 1036 1659 1091 Ἐντεῦθεν
1698 1038 1808 1107 γάρ
1833 1042 1926 1094 καὶ

353 1130 496 1199 ήτοῦ
523 1130 774 1200 βισέκτου
815 1129 999 1199 ἡμέρα
1026 1130 1107 1193 εἰς
1138 1127 1179 1182 δ’
1219 1131 1501 1192 ἐνιαυτοὺς
1542 1131 1925 1198 προσαπαρτί-

350 1222 519 1286 ζεται.
557 1222 712 1275 Ἐπεὶ
753 1221 797 1274 δ’
825 1216 984 1285 αὖθις
1034 1222 1068 1292 ἡ
1126 1223 1219 1276 ἐπὶ
1276 1218 1384 1285 τξε’
1425 1222 1665 1291 ἡμέραις
1691 1222 1923 1273 ὲπουσία

345 1314 443 1383 οὐχ
462 1315 581 1366 ὅλον
599 1315 861 1382 τέταρτον
882 1314 1098 1384 ἡμέρας
1126 1315 1394 1385 περιέχει,
1425 1314 1563 1367 ἀλλὰ
1589 1316 1741 1385 παρὰ
1765 1333 1922 1385 τρια-

349 1408 645 1472 κοσιοστὸν,
679 1409 841 1478 ἡμεῖς
862 1409 919 1461 δὲ
959 1408 1038 1478 τῷ
1069 1409 1177 1461 τῶν
1204 1408 1427 1479 ἡμερῶν
1456 1410 1550 1463 καὶ
1576 1407 1767 1478 μηνῶν
1798 1410 1923 1478 ἀρι-

349 1500 469 1569 Θμῴ
507 1500 647 1554 κατά
691 1501 999 1571 Ῥωμαίους
1044 1500 1330 1571 χρώμεθα,
1381 1501 1457 1564 ὼς
1509 1501 1604 1553 τοῦ
1655 1502 1920 1571 τετάρτου

348 1591 433 1645 ἀεὶ
460 1590 667 1645 τελείου
705 1592 1163 1663 προσγινομένου,
1203 1591 1298 1646 καὶ
1323 1592 1411 1645 διά
1437 1591 1600 1647 τοῦτο
1630 1593 1772 1647 κατὰ
1798 1595 1920 1647 τέσ-

352 1701 522 1754 σαρας
573 1686 852 1749 ἐνιαυτοὺς
886 1685 1017 1754 μίαν
1064 1685 1282 1755 ⁴ἡμέραν
1315 1687 1436 1750 ταῖς
1482 1687 1587 1752 τξε⁹
1621 1688 1920 1757 προστίθε-

353 1793 470 1844 μεν,
527 1776 810 1847 συμσαίνει
842 1775 900 1842 ἐξ
938 1778 1189 1846 ’ἀνάγκης
1235 1780 1375 1847 μετὰ
1406 1784 1451 1831 τ’
1492 1781 1778 1843 ἐνιαυτοὺς
1815 1780 1921 1849 πρὸ

2027 767 2416 833 aequinoctium
2454 767 2602 823 circa
2662 770 2968 834 meridiem,
3025 786 3172 825 anno
3207 785 3471 839 sequente
3501 775 3610 828 erit

2029 859 2179 911 circa
2216 874 2473 913 occasum
2505 862 2658 928 solis,
2689 872 2744 916 et
2786 879 2935 918 anno
2990 865 3152 918 tertio
3206 869 3350 919 circa
3388 876 3606 920 noctem

2030 951 2288 1018 mediam,
2321 963 2376 1008 et
2431 956 2511 1008 sic
2545 955 2598 1008 in
2630 954 2924 1009 inﬁnitum.
2980 956 3121 1011 liinc
3173 959 3317 1012 enim
3365 968 3610 1028 quatuor

2027 1039 2190 1093 annis
2221 1040 2530 1108 completur
2554 1041 2671 1097 dies
2697 1044 3016 1099 bissextilis.
3048 1045 3258 1100 Deinde
3284 1063 3436 1110 vero,
3469 1063 3609 1116 quo-

2030 1128 2176 1182 niam
2230 1130 2592 1197 appendicula
2655 1146 2777 1199 qua:
2815 1135 2878 1186 ad
2933 1134 3050 1188 dies
3085 1135 3192 1189 565
3226 1138 3460 1195 accedit.
3500 1152 3607 1190 non

2026 1220 2273 1274 continet
2330 1221 2601 1291 integrum
2662 1224 2769 1278 diei
2831 1210 3223 1294 quadrantem,
3268 1229 3361 1282 sed
3421 1228 3610 1281 deﬁcit

2026 1322 2180 1382 parte
2219 1315 2627 1378 trecentesima,
2660 1327 2715 1371 et
2744 1332 2846 1371 nos
2869 1300 3092 1386 quidein
3127 1335 3359 1373 numero
3391 1322 3604 1374 dicrnm

2027 1419 2092 1456 ac
2127 1404 2395 1458 mensium
2441 1420 2471 1458 a
2508 1405 2719 1463 Latinis
2771 1418 3000 1479 accepto
3034 1411 3260 1474 utimur,
3287 1412 3446 1480 quasi
3474 1429 3603 1482 qua-
3680 1436 3691 1441 -

2025 1493 2194 1546 drans
2236 1492 2344 1547 diei
2407 1493 2650 1564 perfecte
2705 1513 2923 1567 semper
2978 1500 3317 1568 expleretur,
3360 1500 3609 1569 adquue

2024 1582 2273 1650 quolibet
2310 1586 2673 1653 quadriennio
2708 1588 2852 1642 diem
2895 1605 3064 1643 unum
3112 1590 3248 1660 ipsis
3282 1591 3388 1646 ’565
3417 1593 3610 1661 adjici-

2027 1689 2173 1738 mus,
2201 1676 2472 1746 contingit
2499 1680 2816 1734 necessario
2852 1692 2976 1749 post
3006 1699 3179 1738 annos
3215 1682 3321 1739 500
3360 1688 3610 1753 a-qnino-

2024 1767 2195 1819 ctium
2240 1767 2403 1823 unico
2425 1768 2514 1821 die
2541 1773 2815 1838 praeverti.
2851 1764 2941 1839 Ut,
2975 1776 3213 1844 exempli
3250 1779 3449 1846 gratia,
3506 1781 3609 1832 hoc

351 1870 479 1937 μιᾶς
511 1868 727 1939 ἡμέρας
781 1868 1027 1937 γίνεσθαι
1084 1867 1187 1937 τὴν
1246 1869 1575 1940 ἰσημερίαν·
1627 1865 1758 1932 οἷον,
1795 1872 1920 1925 ἐπεὶ

2029 1858 2147 1928 ipso
2186 1867 2450 1923 tempore.
2496 1864 2885 1932 :equinoctium
2921 1868 3126 1921 accidit
3159 1869 3247 1922 die
3291 1869 3359 1924 18
3402 1870 3605 1937 \iartii,

349 1962 485 2014 κατὰ
518 1961 580 2013 τὸ
606 1960 782 2030 παρὸν
818 1962 851 2029 ἡ
899 1960 1160 2031 ἰσημερίαι
1201 1960 1411 2030 γίνεται
1436 1964 1507 2035 τῇ
1550 1962 1620 2033 ιη’
1648 1964 1920 2035 Μαρτίου,

352 2053 486 2123 μετὰ
519 2052 563 2106 τ’
592 2052 689 2120 ἔτη
719 2051 874 2106 ἔσται
903 2055 970 2122 τῇ
1025 2050 1109 2117 ιζ’,
1139 2047 1261 2105 εἶτα
1322 2053 1463 2122 μετὰ
1488 2054 1652 2125 ἔτερα
1685 2055 1924 2108 τοσαῦτα

347 2148 407 2215 τῇ
441 2152 543 2210 ις’,
595 2148 689 2200 καὶ
738 2145 914 2209 οὕτως
954 2145 1066 2200 ἀεί.
1108 2146 1176 2199 ’11
1230 2144 1327 2213 μὲν
1358 2141 1452 2199 οὖν
1491 2146 1636 2199 κατὰ
1663 2148 1721 2199 τὸ
1751 2146 1924 2219 βρνς¹

349 2237 460 2299 Ero;
494 2237 606 2290 ἀπὸ
632 2238 864 2301 κτίσεως
894 2240 1101 2306 κόσμου
1133 2237 1328 2307 ὲαρινὴ
1364 2239 1630 2309 ἰσημερία
1675 2241 1919 2295 ἐπιλελόο

349 2347 531 2397 γισται
558 2332 688 2402 ἡμῖν
713 2334 966 2399 γεγονυῖα
987 2329 1236 2401 Μαρτίου
1262 2329 1342 2394 κζ’
1362 2334 1505 2385 κατὰ
1533 2349 1671 2401 μεση
1682 2333 1756 2402 μϐ
1765 2334 1886 2403 ρίαν
1905 2349 1919 2364 ’

348 2420 484 2486 λέγω
538 2421 595 2474 δὲ
648 2421 1018 2491 μεσημϐρίαν,
1078 2422 1222 2475 κατὰ
1274 2425 1367 2478 τὸν
1415 2425 1481 2478 δι’
1507 2425 1922 2492 Ἀλεξανδρείας

350 2510 746 2582 μεσημϐρινὸν.
798 2512 921 2564 Τῶν
961 2511 1020 2564 δὲ
1064 2508 1214 2576 ἑξῆς,
1247 2513 1368 2566 ὅσαι
1415 2515 1514 2583 μὲν
1540 2518 1652 2578 τοῖς
1681 2514 1723 2568 τ’
1745 2516 1920 2570 ἔτεσιν

347 2600 595 2671 ἀλλήλων
622 2601 996 2672 διαφέρουσιν,
1020 2604 1226 2674 ἑκάστη
1268 2605 1372 2672 πρὸ
1402 2607 1532 2674 μιᾶς
1560 2605 1661 2677 τῆς
1689 2608 1796 2678 πρὸ
1823 2609 1923 2661 αύ-

345 2695 437 2765 τῆς
463 2696 679 2766 ἡμέρας
711 2698 849 2751 κατά
879 2697 978 2767 τὴν
1005 2699 1175 2770 αὐτὴν
1203 2701 1353 2767 ὤραν
1383 2699 1624 2773 γίνεται,
1665 2699 1741 2763 ὡς
1770 2717 1910 2771 προ-

328 2787 607 2842 τέτακται
642 2790 699 2842 έν
729 2789 807 2860 τῷ
837 2791 1225 2861 διαγράμματι
1248 2809 1264 2824 ο
1308 2795 1364 2845 αἰ
1394 2793 1451 2844 δὲ
1483 2791 1687 2861 μεταξὺ
1717 2792 1923 2846 τούτων

348 2883 656 2952 ἰσημερίαι,
691 2887 807 2947 τοῖς
843 2884 1048 2954 μεταξὺ
1076 2887 1411 2956 διαστήμασι
1464 2886 1711 2956 δηλονότι
1741 2887 1923 2954 γίνον-

343 2990 446 3029 ται.
472 2976 544 3028 El
587 2976 643 3029 δὲ
695 2977 788 3030 καὶ
821 2978 1134 3049 σαφέστερα
1189 2979 1370 3051 βούλει
1420 2978 1626 3047 γνῶναι
1666 2978 1760 3031 τοῦ
1790 2979 1923 3048 χρό-

346 3082 432 3119 νου
466 3069 701 3137 σημεῖα,
767 3070 825 3121 ἐν
889 3069 987 3139 μὲν
1051 3071 1166 3131 τοῖς
1226 3071 1441 3140 χρόνοις
1488 3069 1921 3140 Ναϐουνασάρου

344 3159 469 3227 περὶ
497 3159 659 3229 λῆξιν
683 3159 948 3232 ἐσπερίαν
975 3157 1044 3233 ἦν
1077 3163 1111 3233 ἡ
1142 3163 1409 3234 ίσημερία
1427 3163 1528 3232 τῆς
1550 3163 1649 3216 τοῦ
1670 3163 1921 3233 Μαρτίου

344 3228 605 3321 πέμπτης
667 3253 762 3306 καὶ
825 3228 1110 3325 είκοστῆς,
1173 3228 1339 3310 εἶδέ
1387 3228 1500 3319 τοῖς
1534 3228 1803 3309 Φιλίππου
1831 3228 1996 3310 τοῦθ
2030 3247 2173 3302 diem
2218 3248 2330 3304 diei
2383 3249 2454 3305 24
2510 3228 2757 3320 ejusdem
2813 3228 2978 3322 ΕΠ
3029 3254 3238 3308 mens“
3291 3270 3305 3308 ³

345 3405 457 3466 Ἔτη
475 3407 582 3456 ἀπὸ
603 3407 806 3466 κτίσεως
828 3408 1048 3473 Κόσμου.
1155 3410 1424 3476 ’ἰσημερίαι
1443 3412 1568 3460 κατὰ
1587 3410 1669 3459 τὸν
1689 3411 1921 3476 Μάρτιον.

572 3534 773 3605 δρνς’.
849 3575 866 3591 .
945 3574 962 3591 .
1041 3574 1058 3590 .
1135 3573 1155 3591 .
1233 3575 1248 3591 .
1331 3576 1346 3591 .
1426 3534 1584 3600 ,κζ’.

565 3627 766 3695 δυνς·’.
844 3668 861 3684 .
940 3667 957 3685 .
1035 3669 1052 3684 .
1137 3670 1153 3685 .
1236 3667 1252 3683 .
1330 3670 1346 3686 .
1425 3635 1588 3692 .κς”.

550 3721 1569 3791 ρψνςθ........κε’.

549 3812 1566 3880 ,ενς’........κδ¹.

550 3907 767 3972 ,ετνς’.
841 3946 858 3961 .
938 3946 955 3963 .
1031 3949 1048 3965 .
1127 3946 1145 3963 .
1224 3948 1242 3967 .
1319 3946 1335 3963 .
1415 3912 1576 3977 οκγι.

562 4005 761 4068 εχνς’.
837 4040 853 4056 .
929 4039 948 4057 .
1020 4041 1045 4060 .
1121 4042 1139 4058 .
1218 4040 1235 4058 .
1314 4038 1332 4056 .
1412 3998 1545 4072 .κβ¹

571 4089 1537 4158 εὒνς’·ο......κα

568 4189 1533 4248 ςσνς¹........κ’

571 4276 1532 4346 ςφνς¹........ιθ

574 4375 1534 4439 ςωνς’........ιη

2029 1957 2150 2018 post
2187 1966 2361 2007 annos
2392 1952 2501 2007 500
2540 1954 2675 2010 illud
2705 1957 2901 2011 incidit
2940 1959 2994 2011 in
3037 1959 3129 2025 17,
3168 1969 3279 2014 tum
3314 1973 3440 2031 post
3469 1963 3609 2017 alios

2027 2043 2132 2099 500
2166 2045 2221 2098 in
2255 2045 2343 2111 16,
2383 2058 2549 2117 atque
2574 2049 2646 2101 ita
2667 2059 2954 2119 perpetuo.
2975 2047 3392 2122 Equinoctium
3424 2057 3611 2123 itaque

2026 2153 2126 2207 pro
2157 2152 2303 2192 anno
2336 2139 2404 2192 ab
2433 2141 2567 2193 orbe
2590 2141 2815 2195 condito
2848 2144 2989 2197 4156
3045 2146 3257 2200 calculo
3276 2147 3435 2200 nobis
3462 2163 3613 2201 cont-

2029 2227 2291 2297 probatur
2329 2228 2589 2283 incidisse
2615 2231 2671 2284 in
2711 2230 2890 2286 Martii
2925 2232 2996 2284 27
3055 2237 3204 2290 circa
3281 2238 3606 2305 meridiem;

2028 2319 2624 2391 meridiemhinquam,
2653 2323 2807 2391 juxta
2842 2327 3206 2381 meridianum
3240 2331 3608 2386 Alexandria).

2028 2414 2358 2467 Cmterorum
2408 2428 2542 2472 vero
2578 2419 3061 2485 aequinoctiorum,
3100 2439 3223 2490 qua:
3258 2424 3496 2477 invicem
3531 2425 3612 2477 di-

2030 2516 2174 2561 stant
2194 2506 2299 2562 500
2339 2510 2522 2571 annis,
2579 2514 3010 2582 unumquodque
3041 2515 3185 2568 circa
3239 2516 3484 2571 eamdem
3521 2518 3614 2569 lm-

2028 2614 2167 2665 ram,
2203 2608 2258 2651 at
2283 2616 2394 2653 uno
2425 2600 2514 2654 die
2544 2603 2710 2657 citius
2745 2603 2996 2668 obvenit,
3032 2615 3092 2659 ut
3127 2607 3183 2661 in
3216 2607 3487 2662 laterculo
3513 2624 3613 2677 ap-

2028 2693 2205 2762 posito
2234 2693 2594 2748 constitutum
2649 2703 2753 2748 est.
2786 2694 3146 2763 JEquinoctia
3201 2707 3382 2753 autem
3441 2700 3615 2754 inter-

2029 2783 2206 2838 media
2244 2785 2409 2837 etiam
2464 2787 2815 2840 interntediis
2879 2786 2989 2841 diei
3047 2789 3241 2857 spatiis
3292 2789 3409 2844 sive
3455 2789 3613 2845 horis

2028 2876 2186 2930 ﬁunt.
2244 2876 2300 2930 Si
2355 2885 2540 2932 tamen
2582 2878 2714 2932 libet
2770 2880 2933 2948 paulo
2971 2882 3292 2936 accuratius
3342 2884 3612 2953 tempori-.4

2029 2978 2308 3023 momenta
2346 2972 2514 3033 scire,
2569 2972 2751 3038 primo
2795 2973 3015 3040 quidem
3049 2991 3196 3029 anno
3237 2974 3614 3034 Nabonasan’i

2028 3066 2177 3119 circa
2213 3082 2494 3137 vesperam
2529 3079 2822 3124 exeuntem
2884 3072 3277 3141 requinoctium
3318 3084 3437 3127 erat
3470 3073 3613 3127 Mar-

2030 3158 2091 3212 tii
2125 3156 2214 3213 die
2247 3158 2342 3224 25,
2371 3163 2467 3214 sed
2499 3170 2748 3230 tempore
2775 3160 3011 3232 Philippi
3035 3162 3241 3219 Aridaei
3272 3164 3421 3219 circa
3447 3167 3613 3221 meri-

3367 3262 3614 3324 tempore

2026 3399 2060 3448 Α
2074 3396 2162 3449 nni
2184 3398 2244 3448 ab
2268 3400 2391 3452 orbe
2424 3398 2644 3450 condito.
2869 3400 3185 3466 Equinoctia
3209 3404 3333 3454 circa
3362 3403 3613 3455 Martium.

2238 3530 2381 3584 M56
3186 3533 3259 3591 27

2247 3623 2396 3680 4456
3182 3626 3256 3683 26

2235 3715 2378 3771 4756
3035 3728 3038 3731 ⁷
3185 3717 3262 3774 25

2237 3807 2382 3863 5056
3185 3810 3260 3866 24

2239 3900 2381 3958 5356
3184 3900 3261 3958 23

2236 3993 2380 4051 5956
3185 3995 3259 4051 22

2239 4088 2382 4145 5956
3188 4088 3258 4143 2i

2245 4178 2387 4237 6256
3040 4216 3047 4221 -
3181 4178 3256 4234 20

2238 4270 2378 4326 6556
3185 4274 3254 4339 19

2236 4362 2379 4418 6856
3182 4365 3253 4423 18

361 4527 629 4598 ’Δριδαίου
662 4527 792 4600 περὶ
827 4526 1175 4599 μεσημϐρίαν
1215 4527 1316 4598 τῆς
1358 4526 1435 4581 κδ’
1468 4523 1634 4581 αὐτοῦ
1667 4540 1685 4558 ’
1719 4525 1780 4577 ἒν
1834 4517 1920 4585 αἷς

2028 4537 2160 4577 vero
2204 4522 2423 4591 quando
2467 4522 2726 4580 Christus
2780 4533 2956 4578 morte
3004 4537 3102 4578 sua
3147 4532 3381 4580 mortem
3434 4525 3608 4596 ipsam

348 4618 400 4673 δὲ
436 4622 670 4691 ἡμέραις
699 4623 726 4672 ὁ
771 4622 1006 4692 Χριστὸς
1037 4619 1118 4691 τῷ
1157 4620 1345 4690 οἰκείῳ
1402 4620 1619 4688 θανάτῳ
1674 4617 1766 4670 τὸν
1823 4615 1920 4668 θά-

350 4730 501 4766 νατον
549 4714 838 4776 ὲϐανάτου,
886 4714 1080 4783 τρίτην
1129 4714 1222 4767 καὶ
1282 4713 1540 4782 εἰκοστὴν
1606 4713 1917 4779 διανύοντος

349 4807 531 4869 αὐτοῦ,
564 4807 695 4875 περὶ
721 4806 896 4877 μέσην
923 4806 1138 4876 ἐκείνην
1160 4807 1257 4877 τὴν
1282 4806 1455 4865 νύκτα
1478 4822 1493 4837 ⁸
1529 4805 1617 4858 ὅτε
1641 4805 1697 4859 δὲ
1724 4807 1784 4859 τὸ
1808 4807 1919 4859 τῶν

351 4899 604 4970 Πατέρων
665 4899 815 4953 τουτὶ
864 4901 1112 4954 κανόνιον
1176 4899 1447 4968 ἐγεγόνει,
1513 4903 1577 4970 τῇ
1629 4905 1678 4952 α’
1726 4898 1918 4953 τούτου

350 4993 441 5045 καὶ
472 4999 518 5045 κ’
549 4993 618 5046 τὰ
644 4993 741 5061 τῆς
776 4994 1068 5063 ἰσημερίας
1107 4994 1326 5062 ἀπήντα
1347 5009 1362 5023 ο
1397 4992 1492 5044 νῦν
1538 4992 1583 5045 δ’
1614 4993 1703 5062 ἐφ’
1733 4993 1914 5062 ἡμῶν,

348 5081 416 5146 ὡς
440 5078 759 5155 δεδήλωται,
789 5086 821 5155 ἡ
867 5082 935 5156 ιη’
980 5085 1188 5155 ταύτην
1225 5087 1535 5158 ὁλοσχερῶς
1563 5088 1668 5156 ὁρᾷ
1697 5086 1922 5155 γινομέ-

351 5192 462 5245 νην.
494 5177 766 5249 Τοιαύτην
795 5178 1110 5248 ἀνωμαλίαν
1151 5179 1182 5249 ὴ
1219 5179 1313 5232 ἐπὶ
1363 5183 1428 5251 τῇ
1465 5178 1574 5232 τῶν
1607 5179 1916 5249 φωστήρων

353 5272 557 5342 κινήσει
587 5272 897 5344 βραχυτάτη
927 5272 1165 5343 ἔλλειψις
1195 5272 1338 5326 κατὰ
1382 5271 1581 5341 μικρὸν
1622 5282 1919 5342 προσγινο-

357 5364 487 5434 μένη
523 5366 779 5430 άπέτεκε,
812 5366 1000 5419 καὶτὰ
1048 5364 1204 5434 ιρῶτα
1233 5363 1619 5432 ὁπισθὸρμητα
1668 5362 1918 5430 γίνεσθαι

357 5459 778 5527 παρεσκεύασεν.
813 5458 887 5511 Οὐ
941 5458 1047 5526 μὴν
1097 5456 1247 5524 παρὰ
1278 5455 1436 5508 τοῦτο
1481 5457 1800 5524 μεταποιεῖν
1829 5454 1920 5508 τὸν

358 5546 460 5599 τῶν
495 5550 749 5619 Ματέρων
798 5551 1062 5621 προσήκει
1114 5550 1342 5601 κανόνα·
1369 5545 1515 5627 ,οὔτε
1561 5547 1671 5615 γὰρ
1716 5540 1828 5599 οἷόν
1861 5563 1920 5599 τε

359 5640 620 5694 συνθεῖναι
646 5643 854 5712 ἕτερον,
882 5640 1024 5694 οὓτω
1071 5639 1256 5708 σαφῶς
1301 5638 1589 5691 δεικνύντα
1638 5641 1753 5701 τοῖς
1783 5639 1919 5692 πᾶσι

358 5734 476 5797 τοὺς
528 5737 846 5806 εἰρημένους
880 5739 1009 5803 περὶ
1045 5735 1106 5786 τὸ
1158 5736 1349 5804 Πάσχα
1381 5732 1723 5802 διορισμούς.
1760 5733 1921 5786 Ἀλλά

361 5827 448 5878 καί⁵
482 5826 964 5903 ἢνΰέθελὴσάιμεν,
1013 5827 1088 5891 ὦς
1142 5844 1309 5895 τινες,
1352 5825 1699 5895 μεταθεῖναι,
1766 5827 1921 5880 δυσὶν

2027 4616 2296 4676 enecavit.
2335 4615 2424 4670 die
2460 4616 2639 4669 Martii
2695 4617 2965 4685 vergentis
3016 4615 3110 4682 2'5,
3143 4617 3212 4670 ad
3251 4628 3467 4672 noctem
3499 4635 3614 4675 me-

2029 4708 2208 4770 diam;
2274 4708 2399 4762 dein
2461 4710 2684 4778 quando
2749 4711 2891 4764 hanc
2943 4711 3182 4764 tabulam
3243 4710 3432 4768 Patres
3480 4729 3614 4768 con-

2025 4808 2384 4863 struxerunt,
2420 4799 2597 4852 Martii
2660 4800 2726 4855 21
2781 4802 2871 4856 die
2918 4802 3109 4857 aderat
3150 4814 3484 4859 momentum
3535 4821 3610 4859 ze-

2027 4893 2380 4962 quinoctiale.
2453 4891 2609 4948 Nunc
2679 4903 2861 4947 autem
2952 4896 3092 4964 apud
3164 4912 3290 4961 nos,
3330 4905 3387 4950 ut
3443 4913 3607 4968 supra

2032 4993 2393 5039 monstratum
2430 4995 2555 5047 est,
2609 4986 2729 5040 dies
2789 4986 2854 5041 18
2908 4986 3067 5040 istius
3117 4989 3325 5045 mensis
3361 4991 3613 5059 aequino-

2028 5076 2196 5130 ctium
2233 5074 2492 5130 crassiori
2530 5077 2695 5131 modo
2727 5090 2946 5147 captum
2974 5079 3144 5134 videt.
3171 5078 3451 5149 Ejusmodi
3476 5096 3610 5137 ano-

2030 5174 2251 5228 maliam
2281 5174 2362 5226 vel
2397 5173 2657 5228 minimus
2687 5175 2833 5229 circa
2871 5184 3077 5229 motum
3122 5177 3477 5230 luminarium
3517 5176 3614 5230 de-

2030 5264 2232 5329 fectus,
2273 5266 2529 5334 quamvis
2558 5282 2667 5319 non
2703 5267 2797 5320 ditt
2829 5271 2903 5322 sit
2928 5269 3075 5338 quod
3111 5270 3427 5338 contigerit,
3455 5285 3613 5324 crea-

2029 5360 2128 5426 vit,
2154 5359 2395 5427 fecitque
2426 5359 2717 5413 luminaria
2776 5370 2923 5415 retro
2976 5361 3193 5415 cedere.
3250 5359 3367 5413 Non
3423 5370 3603 5413 tamen

2030 5469 2150 5508 eam
2185 5454 2255 5506 ob
2278 5467 2501 5507 causam
2557 5467 2826 5507 canouem
2882 5455 3032 5507 illum
3068 5452 3290 5507 Patrum
3318 5452 3609 5504 immutare

2030 5555 2279 5616 oportet:
2317 5558 2492 5613 neque
2521 5546 2666 5598 ettim
2699 5547 2865 5600 alium
2901 5546 3142 5600 condere
3187 5545 3337 5604 licet,
3371 5542 3463 5610 qui
3498 5552 3606 5593 tam

2031 5638 2312 5693 evidenter
2338 5648 2741 5693 commonstret
2776 5641 2939 5692 etiam
2977 5637 3237 5691 omnibus
3289 5635 3473 5688 'dictas
3506 5631 3609 5684 Pa-‘

2032 5731 2239 5786 ειειιιιιὶε
2262 5729 2774 5787 determinationes.
2800 5732 3186 5785 Verumtamen
3213 5728 3317 5783 etsi
3348 5724 3607 5790 velimus,

1996 5877 2001 5881 .
2031 5825 2178 5895 quod
2203 5825 2415 5878 faciunt
2458 5824 2727 5892 nonnulli,
2775 5826 2924 5879 hunc
2951 5824 3268 5889 immutare,
3300 5829 3469 5891 atque
3498 5817 3608 5873 ini-
