4054 6454
508 374 611 440 103

511 597 697 636 mcre:
737 592 1096 649 prmlerquam
1129 582 1274 649 quod
1301 598 1368 636 ne
1404 583 1491 634 vix
1551 581 1815 650 possibile
1836 588 1917 634 est
1952 595 2074 632 om-

515 673 675 724 nibus
699 687 795 740 per
818 681 990 724 totum
1020 681 1290 726 terrarum
1339 673 1524 728 orbem
1582 688 1759 726 rerum
1792 685 2072 725 sacrarum

511 762 948 816 moderatoribus
1009 764 1340 831 persuadere
1401 773 1458 817 ut
1517 761 1830 817 methodum
1879 775 2070 814 norant

507 853 815 915 addiscant,
842 855 1009 907 altera
1044 855 1272 922 rejecta,
1311 856 1476 909 etiam
1501 855 1587 908 hic
1608 862 1732 922 pOst
1749 865 1923 905 annos
1944 849 2071 911 ⁸504,

506 959 814 1015 rursusque
845 952 971 1014 post
994 948 1134 1001 alios
1167 946 1295 1010 504,
1325 956 1488 1013 atque
1522 961 1685 1014 porro
1715 944 1768 996 in
1799 942 2072 996 inﬁnitum

507 1035 651 1088 idem
675 1051 833 1090 error
860 1047 1151 1106 sequetur,
1185 1045 1349 1107 atque
1377 1052 1518 1106 opus
1575 1037 1680 1089 erit
1713 1032 1950 1086 tabulam
1973 1045 2074 1083 sa:-

509 1127 630 1192 pius
664 1125 978 1180 immutare.
1031 1125 1378 1196 Quapropter
1429 1128 1600 1180 multo
1655 1126 1852 1180 melius
1883 1125 2069 1187 fuerit,

507 1217 814 1270 nullatenus
839 1218 1138 1272 innovare:
1173 1233 1296 1271 nam
1326 1218 1636 1272 istiusmodi
1657 1217 1934 1271 innovatio
1960 1230 2070 1268 non

502 1307 678 1361 solum
712 1323 818 1362 non
852 1319 1030 1378 potest
1080 1310 1332 1364 eumdem
1380 1325 1622 1364 errorem
1679 1309 1941 1373 devitarc,
1975 1308 2070 1362 sed

501 1407 557 1449 et
581 1397 867 1452 turbarum
920 1414 1031 1454 non
1083 1401 1435 1454 minimarum
1467 1401 1547 1454 'in
1608 1397 1852 1454 Ecclesia
1902 1413 2068 1453 causa

501 1490 629 1542 crit.
668 1485 735 1544 Ut
773 1505 908 1545 vero
947 1505 1122 1545 canon
1166 1491 1256 1546 ille
1295 1507 1443 1547 nunc
1490 1507 1550 1547 se
1606 1490 1791 1553 habet,
1836 1505 1900 1544 ea
1948 1505 2070 1560 qua:

505 1583 778 1652 praecipue
807 1582 954 1638 circa
982 1584 1192 1639 Pascha
1224 1585 1473 1640 obtinere
1501 1591 1738 1652 oportet,
1764 1583 1816 1636 in
1854 1582 1946 1635 illo
1979 1581 2071 1636 ﬁr-

503 1676 662 1729 miter
719 1678 1108 1744 observantur,
1164 1677 1371 1734 scilicet
1425 1679 1570 1749 quod
1623 1686 1748 1745 post
1827 1681 2072 1747 θεᾳυίηο-

500 1767 707 1834 ctintn,
758 1770 866 1822 into
931 1770 1091 1823 etiam
1147 1775 1270 1840 post
1326 1771 1508 1825 lunam
1543 1772 1930 1840 aequinoctium
1981 1786 2068 1826 se-

1688 375 2052 438 MATTIL'EI
2097 376 2512 436 BLASTAlliS

510 491 648 543 'inm
709 498 990 545 sumentes
1025 490 1094 545 ab
1126 505 1270 544 anno
1301 490 1458 556 6841,
1493 491 1608 544 dies
1637 490 1772 544 adeo
1801 489 1940 543 duos
1971 488 2063 543 dc—

2173 489 2336 539 αὖτὸν
2385 488 2620 556 ἡμέραις
2653 487 3106 553 ὕποϐιϐάσαντες,

3665 383 3766 448 104

3159 491 3460 562 ἀρξάμενοι
3514 494 3760 563 δηλονότι

2177 579 2285 634 ἀπὸ
2317 581 2410 632 τοῦ
2438 580 2633 651 ,ςωμα’
2658 580 2835 644 ἔτους,
2869 583 3005 652 πρὸς
3029 583 3106 650 τῷ
3134 585 3266 654 μηδὲ
3293 585 3501 645 πάντας
3529 587 3760 639 δυνατὸν

2177 667 2316 723 εἶναι
2345 673 2469 732 τοὺς
2493 669 2598 724 ἀνά
2636 673 2818 725 πᾶσαν
2860 673 2960 743 τὴν
3006 677 3334 744 οἰκουμένην
3362 677 3429 728 τὰ
3485 678 3758 745 Χριστιαο

2177 763 2284 815 νῶν
2335 764 2735 833 πρεσϐεύοντας
2781 767 2970 817 πεῖσαι
3025 766 3360 836 μεταμαθεῖν
3425 768 3618 828 αὐτὸν,
3676 767 3759 819 ἔτι

2176 855 2268 906 καὶ
2301 855 2438 922 μετὰ
2468 851 2540 905 τδ¹
2594 854 2758 908 πάλιν
2785 854 2902 925 ἐτη,
2939 857 3034 909 καὶ
3087 855 3242 918 αὖθις
3307 858 3447 928 μετὰ
3486 858 3757 920 τοσαῦτα,

2177 946 2271 998 καὶ
2304 945 2394 997 ἀεὶ
2415 943 2588 1007 οὕτως
2618 947 2650 1014 ἡ
2682 945 2819 1015 αὐτὴ
2849 946 3323 1017 παρακολουθήσει
3351 948 3631 1016 ἁμαρτία,
3665 950 3760 1000 καὶ

2174 1035 2356 1104 δεήσει
2375 1036 2637 1098 πολλάκις
2661 1037 2852 1090 τοῦτον
2887 1041 3228 1108 μεταποιεῖν,
3261 1038 3404 1091 ὥστε
3429 1038 3656 1105 βέλτιον
3682 1038 3759 1108 μὴ

2175 1130 2537 1194 καινοτομεῖν.
2569 1127 2633 1180 Ἦ
2664 1132 2772 1196 γὰρ
2829 1129 3052 1198 τοιαύτη
3105 1131 3430 1200 καινοτομία
3485 1131 3548 1182 οὐ
3595 1130 3759 1198 μόνον

2173 1216 2234 1268 οὐ
2266 1217 2552 1286 δυνήσεται
2588 1217 2662 1286 μὴ
2719 1221 2787 1289 τῇ
2823 1222 2959 1290 αὐτῇ
2999 1220 3162 1275 πάλιν
3211 1223 3536 1291 περιπεσεῖν
3570 1222 3756 1289 ἁμαρ-

2171 1307 2284 1376 τίᾳ,
2317 1308 2452 1361 ἀλλὰ
2497 1311 2592 1362 καὶ
2632 1312 2878 1372 στάσεως
2923 1312 2985 1364 ού
3048 1312 3277 1382 μετρίας
3341 1314 3407 1382 τῇ
3442 1313 3757 1380 Ἐκκλησία

2173 1399 2462 1467 γενήσεται
2495 1401 2774 1470 πρόξενος.
2821 1403 2936 1456 Νῦν
2959 1404 3016 1456 δὲ
3047 1406 3144 1456 καὶ
3198 1403 3372 1466 οὕτως
3403 1404 3629 1473 ἔχοντος
3658 1404 3754 1456 τοῦ
3792 1396 3796 1402 ’

2171 1489 2415 1552 κανόνος,
2451 1492 2518 1544 τὰ
2571 1493 2908 1563 καιριώτερα
2948 1493 3058 1547 τῶν
3105 1494 3477 1563 ὀφειλομένων
3528 1496 3664 1564 περὶ
3696 1497 3755 1546 τὸ

2171 1575 2361 1645 Πάσχα
2415 1580 2721 1646 τηρεῖσθαι,
2783 1581 2850 1634 δι’
2901 1583 3068 1634 αὑτοῦ
3137 1583 3371 1652 βεϐαίως
3421 1583 3751 1652 τηροῦνται,

2169 1664 2230 1716 τὸ
2258 1667 2378 1736 μετ’
2413 1671 2709 1740 ἰσημερίαν
2741 1671 3006 1740 δηλονότι,
3040 1675 3133 1726 καὶ
3161 1675 3222 1726 τὸ
3249 1676 3385 1743 μετὰ
3415 1675 3519 1741 τὴν
3551 1676 3756 1726 πανσέ-

2170 1754 2350 1826 ληνον,
2409 1760 2510 1828 τὴν
2552 1761 2669 1829 μετ’
2735 1763 3066 1832 ίσημερίαν,
3115 1765 3185 1816 τὰ
3236 1763 3336 1832 τῆς
3391 1763 3593 1833 ἑορτῆς
3646 1766 3752 1816 ὑπὸ

499 1868 779 1925 qnentem,
831 1858 956 1914 festi
996 1859 1156 1916 istius
1181 1863 1445 1915 solemnia
1478 1861 1548 1915 ab
1573 1861 1830 1915 omnibus
1875 1871 1929 1915 et
1972 1877 2063 1915 eo-

2171 1847 2409 1910 πάντων,
2443 1853 2538 1902 καὶ
2577 1853 2638 1904 ὲν
2663 1853 2740 1920 τῷ
2767 1855 2918 1924 αὺτῷ
2946 1855 3140 1923 χρόνῳ,
3167 1856 3261 1908 καὶ
3293 1859 3360 1924 τῇ
3388 1858 3532 1926 αὐτῇ
3562 1860 3751 1927 ἡμέρα

503 1950 624 2001 dem
654 1958 898 2018 tempore
933 1953 1233 2020 eodemque
1269 1950 1357 2006 die
1390 1952 1512 2006 sine
1541 1951 1775 2005 dissidio
1803 1965 2070 2021 peragan-

499 2049 610 2092 tnr.
643 2038 936 2104 Pi-zrterea,
970 2041 1014 2095 si
1048 2052 1195 2096 recte
1219 2041 1398 2110 quoad
1422 2043 1605 2096 omnia
1630 2057 1688 2097 se
1721 2042 1943 2097 haberet
1971 2057 2066 2111 pe-

497 2130 737 2186 riodicus
764 2132 853 2185 ille
876 2147 1078 2196 canon,
1120 2148 1495 2201 saepenumero
1519 2143 1698 2187 tamen
1727 2135 2070 2203 contingeret

495 2221 704 2274 Pascha
753 2235 782 2272 a
816 2220 977 2276 nobis
1031 2223 1293 2289 postridie
1343 2222 1467 2277 testi
1510 2221 1819 2277 Judaeorum
1881 2225 2070 2278 obser-

499 2311 637 2363 vari.
666 2310 826 2366 Nunc
885 2323 1068 2368 autem
1121 2324 1244 2383 post
1273 2324 1385 2370 tres
1416 2315 1530 2368 dies
1560 2315 1626 2368 ad
1661 2316 1948 2369 minimum
1997 2316 2066 2370 ab

497 2402 742 2467 ipsorum
791 2403 930 2457 festo
975 2413 1223 2458 nostrum
1291 2404 1624 2460 celebratur.
1693 2405 1850 2471 Quod
1897 2406 2064 2460 etiam

496 2496 667 2563 magis
697 2499 951 2551 convenit
985 2499 1184 2552 canoni
1220 2501 1546 2570 apostolico,
1579 2501 1672 2570 qui
1708 2503 1902 2556 statuit
1956 2502 2062 2557 Pan

493 2588 626 2639 sclia
649 2589 844 2641 eodem
880 2598 1126 2658 tempore
1151 2605 1272 2644 cum
1307 2589 1507 2645 Judanis
1533 2592 1755 2644 minime
1780 2591 2063 2644 celebran-

490 2680 618 2730 dum
651 2694 773 2734 esse
801 2698 814 2734 :
839 2689 893 2735 et
925 2696 1062 2734 sane
1093 2697 1252 2736 error
1287 2683 1389 2738 iste
1428 2682 1579 2736 circa
1612 2682 1845 2744 Pascha,
1902 2681 2059 2750 (μιωί

490 2788 556 2824 ex
581 2773 856 2836 consulto,
891 2776 1017 2829 facit
1050 2785 1106 2828 ut
1133 2786 1471 2845 praeceptum
1501 2775 1633 2829 illud
1670 2774 1844 2842 magis
1873 2774 2064 2828 obser-

491 2873 672 2916 vetur.
698 2861 817 2917 Jam
848 2877 978 2917 vero
1005 2876 1381 2934 opportunum
1439 2880 1562 2920 esse
1595 2878 1720 2918 reor
1750 2862 2064 2918 sanctiones

489 2953 655 3007 etiam
690 2953 1028 3008 necessarias
1054 2968 1506 3008 commemorare.

563 3041 783 3098 Primus
830 3046 1017 3114 itaque
1065 3046 1283 3099 concilii
1335 3046 1659 3102 Antiocheni
1690 3060 1888 3113 canon,
1947 3047 2062 3101 Hoc

2169 1936 2441 1990 τελεῖσθαι
2469 1939 2864 2006 ἁστασιάστως.
2889 1945 3010 1996 Ἔτι
3039 1943 3097 1998 δδ
3127 1946 3177 1997 εί
3208 1943 3385 2015 ὀρθῶς
3417 1944 3570 2016 εἶχεν
3594 1952 3623 1999 ὁ
3648 1965 3748 1999 πε-

2173 2029 2404 2098 ριοδικὸς
2456 2024 2613 2094 οὗτος
2668 2034 2808 2087 κατὰ
2863 2039 3045 2091 πάντα
3092 2040 3295 2102 κανὼν,
3347 2039 3622 2102 πολλάκις
3684 2041 3750 2094 ἂν

2169 2121 2479 2187 συνέϐαινε,
2508 2125 2612 2196 τὴν
2639 2123 2768 2196 ἑξῆς
2792 2127 2950 2192 εὐθὺς
2993 2131 3206 2200 ἡμέραν
3232 2131 3333 2200 τῆς
3369 2131 3605 2184 ἐκείνων
3630 2133 3752 2203 ὲορο

2167 2215 2269 2282 τῆς
2310 2215 2439 2284 ἡμῖν
2486 2215 2547 2269 τὸ
2580 2217 2770 2286 Πάσχα
2815 2219 3126 2273 τελεῖσθαιο
3173 2221 3267 2275 νῦν
3301 2221 3357 2276 δὲ
3393 2222 3544 2290 μετὰ
3600 2224 3751 2291 τρεῖς

2167 2305 2516 2374 τούλάχιστον
2550 2308 2766 2378 ἡμέρας
2793 2309 2894 2378 τῆς
2934 2311 3158 2364 ἐκείνων
3202 2313 3397 2382 ἑορτῆς
3433 2314 3466 2383 ή
3499 2314 3748 2384 ἡμετέρα

2166 2395 2421 2450 τελεῖται.
2459 2396 2639 2469 Ὀπερ
2681 2399 2764 2452 ἔτι
2827 2401 3027 2468 μᾶλλον
3059 2403 3140 2472 τῷ
3176 2404 3527 2474 ἀποστολικῷ
3559 2406 3745 2457 κανόνι

2167 2485 2490 2554 συμϐαίνει,
2547 2489 2626 2558 τῷ
2682 2490 3039 2562 διοριζομένῳ
3089 2493 3163 2565 μὴ
3209 2495 3318 2547 δεῖν
3368 2497 3428 2548 εν
3469 2495 3546 2565 τῷ
3594 2497 3745 2566 αύτῷ

2165 2575 2342 2646 χρόνῳ
2373 2581 2486 2642 τοῖς
2518 2579 2792 2642 Ἰουδαίοις
2814 2581 2877 2658 τὲ
2912 2584 3103 2654 Πάσχα
3148 2585 3323 2637 τελεῖν
3347 2597 3362 2612 °
3399 2589 3496 2638 καὶ
3527 2590 3558 2658 ἡ
3602 2605 3741 2656 συμ-

2167 2668 2436 2736 ϐεϐηκυῖα
2474 2672 2603 2741 περὶ
2643 2672 2708 2724 τὸ
2737 2646 2930 2742 Hegio.
2969 2646 3270 2746 διαμαρτία
3312 2669 3506 2747 ὥσπερ
3547 2646 3744 2744 ’ἐξεπί-

2163 2757 2319 2827 τηδες
2349 2763 2495 2813 ποιεῖ
2512 2763 2600 2814 τὸν
2617 2761 2859 2816 τοιοῦτον
2877 2763 3137 2818 ὲπιπλέον
3157 2765 3322 2834 νόμον
3349 2767 3740 2833 φυλάττεσθαι.

2177 2849 2320 2902 Ἀλλ’
2351 2851 2452 2904 οὐκ
2514 2853 2748 2924 ἄκαιρον
2797 2849 2953 2925 οἶμαι
2998 2859 3094 2910 καὶ
3152 2858 3262 2911 τῶν
3294 2859 3606 2929 ἐπικαίρων
3640 2860 3739 2929 ἤδη

2167 2940 2472 3011 μνησθῆναι
2497 2945 2786 3014 χρησμῶν.

2243 3031 2304 3084 '0
2334 3038 2384 3084 α’
2412 3035 2510 3104 τῆς
2573 3037 2630 3086 ἐν
2675 3035 2973 3109 Ἀντιοχείᾳ
3031 3039 3252 3092 συνόδου
3309 3044 3517 3105 κανὼν,
3553 3043 3736 3112 Ὀρον,

489 3139 725 3202 decreti,
760 3137 859 3202 ait,
897 3137 1142 3207 synodus
1200 3136 1421 3192 Nicaana
1456 3137 1649 3204 edidit,
1696 3138 2058 3196 Constantino

2165 3127 2353 3196 φησὶν,
2377 3126 2691 3198 ἐξενήνοχεν
2718 3131 2752 3199 ἡ
2779 3131 2837 3182 ὲν
2866 3131 3070 3201 Νικαίᾳ
3111 3131 3306 3202 πρώτη
3354 3133 3604 3200 σύνοδος,
3644 3135 3737 3186 ὑπ’

491 3231 738 3300 piissimo
781 3231 1112 3297 imperatore
1163 3239 1455 3298 praesente,
1502 3244 1572 3283 ne
1600 3227 1901 3284 Christiani
1950 3246 2058 3285 una

2165 3217 2288 3286 ὄψιν
2331 3218 2426 3271 τοῦ
2452 3219 2712 3284 εὐσεϐοῦς
2745 3221 3009 3289 βασιλέως
3048 3225 3488 3292 Κωνστιιντίνου,
3512 3227 3615 3294 τὴν
3645 3225 3736 3279 τοῦ

488 3335 611 3374 cum
648 3317 851 3374 Judaeis
881 3332 1036 3373 sacra
1065 3317 1354 3374 Paschatis
1395 3321 1665 3375 solemnia
1695 3322 2056 3383 celebrarent,

487 3413 583 3465 scd
623 3413 803 3480 potius
829 3413 906 3464 uti
939 3412 1150 3480 legibus
1180 3426 1244 3466 ac
1301 3413 1595 3478 sententia,
1631 3412 1704 3466 ita
1748 3421 1802 3465 et
1847 3414 2058 3466 dierum

485 3505 801 3557 discrimine
840 3504 908 3558 ab
942 3505 1063 3559 istis
1107 3503 1606 3572 distinguerentur.
1656 3503 1901 3558 Clericos
1929 3517 2059 3558 vero

485 3596 574 3661 qui
613 3593 980 3650 deﬁnitionem
1007 3596 1156 3649 illam
1206 3594 1422 3649 violare
1459 3596 1578 3648 ausi
1625 3593 1850 3659 fuerint,
1891 3601 2060 3670 atque

489 3685 558 3738 ita
592 3685 848 3755 populum
871 3685 1069 3741 docere
1097 3688 1568 3756 praesumpserint,
1623 3684 1926 3739 sacerdotis
1967 3681 2058 3752 ja-

484 3788 641 3831 ctura
673 3778 870 3831 multat
901 3795 916 3831 :
947 3785 1062 3831 tum
1093 3780 1258 3832 etiam
1288 3777 1382 3843 qui
1412 3791 1538 3830 cum
1575 3777 1724 3830 hisce
1751 3777 2058 3829 communi-

485 3868 752 3930 caverint,
779 3876 902 3936 post
935 3869 1336 3937 depositionent
1377 3869 1588 3921 honore
1632 3866 1726 3936 qui
1757 3879 1912 3918 extra
1965 3879 2058 3919 sa-

484 3973 639 4012 crum
684 3959 924 4014 tribunal
975 3960 1042 4012 ad
1095 3959 1243 4028 ipsos
1295 3958 1548 4027 pertinet,
1604 3958 1865 4012 cathedra
1924 3970 2055 4026 puta

486 4048 717 4118 aliisque
737 4050 1056 4120 privilegiis,
1082 4049 1256 4104 exuit.
1287 4047 1421 4102 Nam
1453 4049 1545 4117 qui
1569 4049 1640 4103 ob
1661 4049 1920 4103 delictum
1949 4067 2053 4104 non

487 4154 766 4210 praegrave
797 4141 1109 4198 sacerdotio
1138 4156 1240 4195 suo
1267 4142 1550 4205 excidunt,
1577 4157 1687 4195 non
1712 4141 1895 4196 statim
1952 4141 2055 4196 ho-

486 4245 617 4285 nore
649 4231 744 4286 illo
779 4231 923 4286 circa
964 4239 1190 4284 externa
1216 4231 1520 4300 prii/antur.

551 4412 740 4466 Canon
772 4425 954 4464 au.em
979 4409 1047 4464 66
1065 4411 1254 4482 synodi
1277 4421 1440 4467 sexta'
1456 4427 1487 4466 a
1506 4411 1596 4466 die
1613 4412 2054 4472 Resurrectionis

483 4521 655 4573 usque
683 4503 748 4556 ad
773 4502 1105 4557 Dominicam
1138 4513 1455 4574 sequentem
1503 4506 1731 4574 psalmis
1756 4516 1808 4560 et
1832 4508 2051 4576 hymnis
2083 4529 2126 4581 ι)

480 4604 536 4651 et
565 4594 796 4649 canticis
835 4595 1217 4665 spiritualibus
1257 4610 1454 4649 vacare
1482 4595 1667 4651 tideles
1693 4599 1972 4664 admonet,
1999 4607 2053 4652 et

482 4687 883 4758 hippodromiis
938 4687 1376 4756 spectaculisque
1431 4688 1662 4756 publicis
1727 4693 2055 4758 praetermis-

482 4781 580 4841 sis,
617 4779 670 4831 in
703 4780 879 4833 sacris
908 4777 1253 4846 frequentius
1283 4778 1511 4843 versari,
1554 4794 1659 4848 qua
1685 4779 1752 4834 de
1801 4797 1966 4835 causa
2021 4796 2052 4834 ιι

482 4871 742 4922 servitute
767 4868 964 4923 diaboli
1004 4870 1214 4922 liberati
1258 4885 1468 4923 sumus.
1523 4869 1719 4924 Verum
1749 4874 1895 4926 enim
1925 4887 2053 4926 vero

481 4961 852 5015 Christianum
899 4971 1109 5030 oportet
1167 4976 1442 5028 nunquam
1495 4976 1603 5014 non
1647 4971 1889 5030 paratum
1925 4977 2053 5016 esse

481 5054 546 5105 ad
581 5053 929 5120 suscipienda
953 5067 1108 5106 sacra
1143 5052 1396 5122 mysteria
1428 5068 1442 5104 :
1469 5053 1543 5106 ita
1593 5053 1814 5121 quidem
1849 5053 1961 5118 (let,
1994 5061 2052 5106 ut

483 5160 587 5195 una
625 5157 745 5196 cum
776 5144 995 5197 Christo
1025 5157 1406 5212 reSurganius,
1429 5152 1589 5210 atque
1626 5142 1695 5196 de
1726 5143 1838 5195 vita
1874 5142 1966 5195 vili
1999 5153 2054 5196 ct

482 5245 699 5288 terrena
729 5237 796 5290 ad
829 5237 1310 5291 ultramundanam
1345 5245 1398 5290 et
1443 5236 1786 5304 spiritualem
1818 5249 2050 5290 convcr-

479 5329 747 5383 mtionem
783 5329 1120 5384 attollamur.

553 5546 684 5601 \‘ide
711 5549 872 5603 etiam
912 5552 964 5604 in
992 5567 1115 5620 cap.
1145 5553 1168 5604 1
1206 5552 1402 5604 litterae
1435 5550 1477 5602 Θ
1508 5564 1775 5604 canonem
1811 5550 1873 5604 οι
1913 5568 2047 5605 con—

477 5654 508 5694 c
533 5643 585 5694 lii
618 5643 1085 5712 Carthaginiensis.

447 5777 450 5780 ’
549 5777 714 5848 218
755 5778 944 5832 Canon
999 5791 1178 5833 autem
1227 5779 1296 5834 89
1351 5780 1539 5850 synodi
1587 5787 1754 5835 sextae
1797 5775 2046 5832 ﬁdelibus

2162 3311 2316 3378 ἁγίου
2353 3311 2544 3380 Πάσχα
2565 3313 2786 3383 τελετὴν
2813 3313 2888 3384 μὴ
2921 3313 3138 3383 σύναμα
3167 3320 3279 3378 τοῖς
3305 3315 3591 3379 Ἰουδαίοις
3613 3323 3738 3382 τοὺς

2159 3401 2521 3472 Χριστιανοὺς
2568 3403 2744 3471 ἄγειν,
2784 3405 2899 3458 ἀλλ’
2933 3405 3122 3476 ὥσπερ
3163 3411 3274 3471 τοῖς
3320 3411 3513 3481 νόμοις
3544 3414 3737 3483 καὶτῷ

2161 3498 2508 3566 φρονήματι,’
2531 3497 2677 3552 οὕτω
2715 3500 2810 3551 καὶ
2854 3499 2932 3569 τῷ
2965 3501 3331 3556 διαλλάττοντι
3371 3506 3487 3559 τῶν
3513 3509 3736 3577 ἡμερῶν

2157 3587 2362 3642 τούτων
2385 3589 2824 3644 ἀποδιίστασθαι.
2859 3591 3000 3656 Τοὺς
3026 3593 3082 3646 δὲ
3108 3595 3199 3646 τὸν
3237 3597 3361 3663 ὅρον
3393 3601 3604 3652 ἐκεῖνον
3631 3617 3736 3652 πα-

2159 3680 2377 3749 ραλύειν
2419 3681 2731 3751 τολμῶντας
2775 3684 3092 3754 κληρικοὺς,
3145 3691 3240 3742 καὶ
3284 3689 3437 3744 οὕτω
3467 3693 3558 3744 τὸν
3610 3709 3735 3744 Ααον

2160 3773 2532 3841 πειρωμένους
2568 3773 2860 3841 διδάσκειν,
2927 3780 2996 3847 τῇ
3040 3780 3326 3848 ἀφαιρέσει
3384 3781 3582 3853 ζημιοῖ
3635 3783 3733 3846 τῆς

2160 3862 2498 3934 ἱερωσύνης·
2546 3865 2684 3932 πρὸς
2734 3866 2816 3930 δὲ,
2863 3871 2959 3923 καὶ
3005 3871 3130 3932 τοὺς
3171 3871 3492 3940 τολμῶντας
3522 3877 3733 3939 τούτοις

2162 3956 2302 4024 μετὰ
2355 3957 2456 4026 τὴν
2501 3957 2819 4028 καθαίρεσιν
2863 3964 3162 4023 κοινωνεῖν,
3205 3964 3264 4016 ού
3314 3965 3430 4032 μὴν
3473 3968 3607 4020 ἀλλὰ
3641 3971 3734 4022 καὶ

2156 4047 2255 4115 τῆς
2281 4046 2386 4113 ἔξω
2422 4047 2515 4100 τοῦ
2550 4049 2796 4119 βήματος
2839 4052 3252 4123 ἀλλοτριοῦσθαι
3288 4061 3487 4128 τιμῆς,
3529 4061 3626 4130 τῆς
3675 4064 3731 4111 ὲν

2155 4140 2220 4206 τῇ
2261 4137 2500 4210 καθέδρα
2529 4139 2752 4210 δηλαδὴ,
2785 4144 3010 4213 καὶτῆς
3047 4146 3235 4216 ἄλλης.
3279 4149 3342 4201 Ol.
3370 4152 3486 4219 γὰρ
3511 4153 3600 4204 διὰ
3641 4152 3732 4220 μέ-

2155 4245 2306 4298 τριον
2333 4233 2583 4300 πταῖσμα
2614 4233 2711 4303 τῆς
2734 4235 3038 4307 ἱερωσύνης
3087 4238 3437 4311 ἀφῃρημένοι
3471 4245 3570 4314 τῆς
3607 4243 3730 4296 περὶ

2153 4321 2226 4371 τά
2255 4319 2360 4384 ἔξω
2385 4323 2553 4392 τιμῆς
2584 4325 2685 4377 ούκ
2715 4325 3014 4392 εἴργονται.

2239 4408 2301 4464 ’0
2327 4410 2411 4475 Ec,“
2427 4413 2525 4482 τῆς
2549 4417 2602 4476 ς’
2625 4414 2846 4468 συνόδου
2867 4416 2976 4468 άπὸ
2993 4416 3092 4483 τῆς
3109 4417 3486 4490 ἀναστασίμου
3517 4421 3727 4490 ἡμέρας

2155 4499 2284 4570 ἄχρι
2306 4503 2404 4570 τῆς
2430 4504 2626 4572 καινῆς
2644 4505 2954 4576 Κυριακῆς,
2980 4510 3036 4559 ὲν
3055 4507 3291 4578 ψαλμοῖς
3315 4511 3616 4582 καὶῦμνοις
3638 4512 3727 4564 καὶ

2153 4593 2320 4662 ᾠδαῖς
2380 4599 2780 4665 πνευματικαῖς
2838 4597 3119 4669 ἑορτάζειν
3166 4601 3542 4656 διακελεύεται
3599 4601 3726 4662 τοὺς

2155 4683 2413 4746 πιστούς⁹
2462 4688 2556 4737 καὶ
2608 4685 2883 4758 ἐρρῶσθαι
2929 4692 3244 4760 φράσαντας
3297 4697 3419 4756 ταῖς
3471 4695 3726 4764 ἱπποδρο-

2157 4775 2333 4844 μίαις,
2362 4778 2457 4831 καὶ
2486 4781 2606 4843 ταῖς
2647 4779 2922 4850 δημώδεσι
2965 4784 3135 4849 θέαις,
3170 4784 3374 4855 θαμινὰ
3406 4789 3522 4850 τοῖς
3562 4788 3724 4856 ἱεροῖς

2153 4869 2562 4939 ἐπιχωριάζειν,
2606 4872 2723 4926 ἀνθ’
2780 4869 2856 4929 ὧν
2905 4877 3004 4946 τῆς
3051 4877 3146 4930 τοῦ
3195 4878 3443 4932 διαϐόλου
3485 4879 3725 4939 δουλείας

2152 4959 2600 5030 ἡλευθερώμεθα.
2655 4963 2761 5016 Τὸν
2789 4966 2900 5034 γὰρ
2945 4967 3122 5036 ἀληθῆ
3149 4968 3478 5036 Χριστιανὸν
3507 4971 3724 5037 ἕτοιμον

2153 5048 2294 5104 είναι
2323 5051 2404 5104 δεῖ
2436 5055 2624 5124 σχεδὸν
2649 5056 2914 5110 ἑκάστοτε
2952 5059 3088 5127 πρὸς
3138 5061 3240 5130 τὴν
3269 5061 3379 5115 τῶν
3427 5062 3588 5115 θείων
3621 5077 3723 5130 μυ-

2154 5145 2394 5213 στηρίων
2419 5145 2691 5216 ὑποδοχήν
2710 5164 2725 5178 ο
2755 5147 2898 5201 οὕτω
2937 5151 3043 5219 γὰρ
3091 5151 3326 5220 ἐσόμεθα
3356 5154 3722 5207 συναναστάν-

2154 5228 2246 5300 τες
2299 5239 2542 5309 Χριστῷ,
2573 5241 2674 5310 τῆς
2697 5243 3038 5312 χαμαιζήλου
3067 5249 3162 5302 καὶ
3194 5249 3388 5320 γηῖνης
3419 5249 3586 5316 ζωῆς,
3629 5249 3722 5299 καὶ

2155 5331 2561 5397 συνυψωθέντες
2590 5336 2754 5404 ’πρὸς
2803 5335 3172 5406 ὑπερκόσμιον
3212 5342 3307 5394 καὶ
3347 5339 3721 5410 πνευματικὴν

2153 5417 2234 5487 τῷ
2256 5419 2372 5473 ὄντι
2405 5421 2680 5494 διαγωγήν

2224 5553 2389 5620 Ζήτει
2419 5555 2512 5605 καὶ
2536 5557 2594 5608 ὲν
2619 5555 2697 5626 τῷ
2722 5555 2767 5609 α’
2791 5575 2917 5628 κεφ.
2945 5561 3038 5614 τοῦ
3060 5562 3102 5616 Θ
3126 5565 3394 5635 στοιχείου
3418 5564 3615 5619 κανόνα
3642 5563 3718 5626 Sal

2151 5643 2248 5713 τῆς
2271 5645 2330 5694 ἐν
2352 5646 2680 5719 Καρθαγένῃ
2714 5653 2954 5708 συνόδου.

2239 5771 2299 5834 ’0
2327 5779 2383 5834 δὲ
2428 5781 2515 5836 πθ⁹
2545 5784 2640 5854 τῆς
2675 5792 2728 5849 ς⁴
2766 5790 2985 5843 συνόδου
3035 5791 3133 5855 τὰς
3173 5791 3268 5846 τοῦ
3305 5793 3578 5862 σωτηρίου
3618 5787 3716 5840 πά·
