4054 6436
528 398 635 463 ’107

1722 399 2093 457 ΜΛΤΤΙΙᾸΞῙ
2141 399 2567 458 ltLASTARIS‘

3649 400 3746 469 108

526 512 690 566 tionis
735 509 953 573 horam,
983 509 1099 564 sive
1162 509 1390 578 septima
1450 507 1635 573 fuerit,
1701 510 1815 565 sive
1881 521 2092 578 octava,

2208 509 2337 579 ὥρα,
2391 509 2499 563 εἴτε
2531 508 2730 577 ὲδδόμη
2779 506 3125 577 τυγχάνουσα
3151 503 3240 579 ἦν,
3274 507 3381 564 εἴτε
3436 508 3540 579 μὴν
3569 509 3745 583 ὀγδόη.

526 605 675 659 solus
701 603 842 657 Deus
874 600 1022 656 novit
1050 601 1142 672 qui
1174 602 1491 656 resurrexit.

595 696 846 751 Canones
907 701 1085 748 autem
1159 691 1377 747 concilii
1423 691 1872 762 Carthaginiensis
1924 692 1993 748 54
2039 703 2092 748 et

527 791 595 845 75
624 789 768 843 diem
835 789 973 842 sacri
1037 785 1322 839 Paschalis
1357 784 1410 837 in
1445 785 1667 854 synodis
1703 784 2092 837 anniversariis

512 879 792 936 declarari
823 880 1033 946 iubent,
1068 876 1260 947 synodi
1294 884 1474 929 autent
1514 877 1778 929 habenda:
1821 876 1963 929 diem
2011 877 2094 928 in-

529 977 717 1029 dicunt
771 974 1041 1026 decimum
1098 969 1371 1023 Kalendas
1416 968 1774 1037 Septembris,
1822 968 1905 1021 vel
1950 967 2092 1035 quod

530 1067 671 1121 idem
706 1074 811 1128 est,
845 1064 907 1117 2!
948 1064 1033 1117 die
1069 1062 1325 1130 Augusti.
1362 1060 1621 1114 Kalendze
1656 1061 1800 1112 enim
1833 1067 2096 1111 vocantur

530 1156 690 1227 primi
724 1157 990 1210 mensium
1028 1155 1169 1209 dies.
1207 1153 1451 1222 Demptis
1490 1154 1653 1221 igitur
1681 1151 1867 1204 decem
1903 1150 2096 1201 diebus

506 1248 619 1313 'qui
659 1246 989 1317 praecedunt,
1041 1245 1371 1313 relinquitur
1427 1243 1660 1311 Augusti
1732 1241 1845 1308 (qui
1894 1239 2098 1293 mensis

505 1338 645 1394 -dies
684 1339 749 1393 ‘51
792 1335 1065 1407 numerat)
1110 1337 1227 1390 dies
1257 1336 1551 1389 vicesimus
1584 1332 1815 1402 primus.

600 1514 770 1569 Porro
802 1522 981 1566 autem
1010 1525 1185 1565 canon
1238 1509 1301 1562 14
1353 1507 1567 1561 concilii
1618 1503 1909 1558 Laodiceni
1941 1502 2099 1556 illici-

531 1618 646 1663 tum
674 1607 885 1677 judicat
924 1620 1081 1660 sacra
1134 1603 1413 1673 mysteria,
1446 1599 1841 1654 benedictionis
1881 1597 2101 1667 quidem

532 1698 907 1771 impertienda:
935 1712 1127 1760 causa,
1160 1704 1401 1762 tempore
1440 1690 1724 1745 Paschatis
1758 1691 1826 1743 ab
1863 1701 1968 1741 una
2002 1701 2100 1755 pa-

531 1794 699 1855 rmcia
738 1793 790 1844 in
824 1791 983 1843 aliam
1019 1789 1258 1842 mittere.
1292 1784 1404 1839 lloe
1458 1784 1601 1836 enim
1633 1794 1892 1850 tanquam
1937 1778 2104 1833 moris

2195 600 2340 670 μόνῳ
2373 600 2448 670 τῷ
2473 600 2763 653 ἀναστάντι
2787 597 2907 668 Θεῷ
2937 599 3235 668 γνώριμος.

2276 690 2336 742 ’0
2383 690 2437 741 δὲ
2473 690 2572 758 τῆς
2615 693 2672 741 ὲν
2727 686 3054 762 Καρθαγένῃ
3105 691 3321 743 συνόδου
3357 690 3434 745 λδ¹
3490 695 3580 747 καὶ
3606 695 3633 747 δ
3672 700 3750 761 ογ⁰

2193 781 2290 850 τὴν
2340 780 2432 832 τοῦ
2474 782 2630 848 ἁγίου
2665 781 2854 849 Πάσχα
2897 782 3111 849 ἡμέραν
3150 783 3577 851 παρεγγυῶν-ται
3623 785 3757 850 γίνε-

2197 870 2318 922 σθαι
2352 871 2517 940 δήλην
2568 871 2626 922 ὲν
2660 871 2777 931 ταῖς
2827 871 3057 937 ὲτησίως
3109 872 3423 939 γινομέναις
3486 875 3749 935 συνόδοις·

2199 964 2409 1031 ἡμέραν
2444 962 2497 1013 δὲ
2531 965 2627 1029 τῆς
2665 962 2881 1015 συνόδου
2915 962 3186 1031 ὁρίζονται
3231 966 3329 1032 τὴν
3362 966 3467 1033 πρδ
3503 966 3631 1017 δέκα
3669 985 3757 1018 κα-

2198 1053 2403 1105 )ακδῶν
2458 1051 2873 1120 Σεπτεμϐρῖων,
2928 1053 3004 1114 ὡς
3058 1049 3198 1104 εἶναι
3244 1055 3450 1125 ταύτην
3514 1059 3755 1125 είκοστὴι

2200 1145 2422 1215 πρώτην
2469 1144 2559 1197 τοῦ
2611 1144 2925 1211 Λυγούτουο
2962 1145 3223 1197 καλάνδαι
3279 1147 3388 1215 γὰρ
3443 1148 3499 1199 αἱ
3556 1149 3757 1217 πρῶται

2199 1239 2405 1306 ἡμέραι
2435 1237 2527 1288 τοῦ
2563 1237 2726 1305 μηνὸς
2759 1237 3049 1304 λέγονται·
3078 1238 3125 1288 εί
3175 1236 3268 1290 οὖν
3297 1238 3395 1300 τὰς
3423 1239 3526 1307 πρὸ
3562 1243 3759 1291 τούτων

2202 1328 2420 1395 ἀφέλοις
2451 1327 2601 1390 δέκα,
2637 1329 2669 1397 ἡ
2698 1333 2783 1378 κα¹
2809 1326 3058 1378 λείπεται
3105 1326 3201 1379 τοῦ
3242 1326 3577 1394 Αὐγούστου,
3610 1327 3760 1398 τριάο

2204 1434 2366 1473 κοντα
2396 1421 2488 1471 καὶ
2514 1418 2641 1485 μίαν
2670 1417 2883 1486 ἡμέρας
2913 1418 3151 1485 ἔχοντος.

2285 1511 2344 1563 Ὀ
2372 1512 2427 1563 δὲ
2486 1508 2545 1562 ιδ’
2597 1510 2697 1575 τῆς
2758 1512 2816 1561 ὲν
2872 1509 3160 1579 Λαοδικείᾳ
3221 1510 3319 1563 οὐκ
3364 1510 3535 1564 οἴεται
3566 1511 3673 1564 δεῖν
3697 1511 3760 1564 τὰ

2206 1607 2340 1672 ἅγια
2375 1603 2579 1671 δῶρα,’
2606 1603 2854 1668 εὐλογίας
2889 1602 3047 1671 δῆθεν
3098 1604 3280 1671 χάριν,
3325 1603 3403 1671 τῷ
3460 1604 3553 1656 τοῦ
3582 1604 3761 1673 Πάσχα

2206 1693 2383 1763 καιρῷ
2417 1692 2523 1746 ἀπὸ
2574 1693 2863 1760 παροικίας
2922 1693 3164 1761 πέμπειν
3218 1694 3298 1754 είς
3333 1695 3622 1762 παροικίαν
3644 1707 3659 1724 ⁶
3689 1694 3762 1756 ὡς

2207 1784 2454 1855 ἀπρεπὲς
2489 1785 2598 1855 γὰρ
2628 1788 2720 1837 καὶ
2750 1788 2852 1837 οὐκ
2903 1784 3178 1852 εὔσχημον
3227 1787 3345 1847 ἔθος
3374 1789 3401 1839 δ
3430 1789 3599 1849 καίως
3631 1786 3761 1856 πρὸς

531 1883 839 1939 indceentis
868 1890 920 1935 et
952 1882 1132 1933 minus
1157 1876 1536 1931 convenientis
1568 1875 1764 1928 merito
1793 1888 1820 1924 a
1846 1871 2097 1923 Patribus

2208 1884 2307 1937 τῶν
2338 1883 2596 1950 Πατέρων
2650 1882 2975 1934 κεκώλυται.
3024 1881 3193 1932 ’1ὀῦτο
3236 1882 3290 1933 δὲ
3341 1882 3433 1934 νῦν
3475 1884 3522 1935 οἱ
3551 1884 3760 1936 Λατῖνοι

528 1976 858 2046 prohibitum
899 1972 1017 2026 fuit.
1051 1970 1217 2039 219
1240 1968 1414 2022 Latini
1447 1980 1628 2020 autem
1658 1964 1924 2033 hodieque
1948 1963 1999 2016 id
2018 1961 2101 2015 fa-

530 2072 707 2134 ciunt,
739 2068 997 2122 nimirum
1023 2075 1270 2132 tempore
1294 2059 1540 2115 l’ascbali
1565 2073 1754 2126 azyma
1776 2056 1887 2126 jam
1911 2070 2104 2109 conse—

512 2173 702 2227 scrata,
730 2170 990 2230 tanquam
1016 2156 1353 2217 communia,
1393 2152 1590 2222 populo
1623 2150 1983 2204 disu'ibuunt.

1270 2244 1398 2297 Lex.

599 2344 785 2397 Primo
822 2340 1164 2411 pasrhalium
1200 2337 1414 2389 dierum
1465 2334 1821 2387 incarcerati.
1860 2332 1965 2385 nisi
2000 2332 2101 2383 im-

530 2436 808 2507 peratoris
851 2434 1006 2503 jussu
1053 2430 1215 2483 aliter
1256 2437 1479 2481 cautum
1529 2426 1708 2486 fuerit,
1758 2424 2098 2476 liberentur:

530 2528 947 2598 praeclmluntnr
993 2533 1171 2578 tamen
1203 2518 1527 2586 sacrilegus,
1560 2517 1797 2579 adulter,
1827 2514 2101 2583 virginum

526 2634 743 2687 raptor,
792 2616 1028 2687 sepulcri
1085 2615 1337 2674 violator,
1384 2625 1596 2676 magus,
1659 2607 1955 2669 venelicus,
2009 2602 2105 2657 ho-

531 2711 755 2771 micida.
804 2705 1101 2777 parricida,
1133 2713 1247 2757 tum
1292 2701 1544 2772 quisquis
1589 2699 1966 2767 deprehensus
2002 2697 2103 2749 fuit

528 2802 796 2855 adversus
829 2799 1213 2867 imperatorem
1248 2803 1340 2848 aut
1371 2800 1574 2848 statum
1599 2791 1811 2845 civilem
1846 2789 1968 2843 novi
2005 2788 2103 2841 ali-

530 2893 659 2963 quid
692 2893 945 2945 moliens.

910 2982 1066 3037 CAP.
1104 2979 1241 3035 VIII.
1286 2978 1361 3032 De
1388 2977 1719 3047 patriarcha.

602 3076 921 3130 Patriarcba
966 3082 1052 3126 est
1100 3074 1215 3125 viva
1260 3070 1465 3129 Christi
1503 3070 1683 3136 imago
1733 3066 2099 3135 spiransque,

531 3169 793 3242 opwribus
823 3174 877 3219 it
904 3165 1257 3221 sermonibus
1289 3164 1343 3215 in
1372 3160 1672 3229 semetipso
1706 3158 1770 3210 ad
1802 3157 1981 3209 vivmn
2006 3154 2101 3209 de—

513 3268 763 3334 .pingens
795 3261 1100 3314 veritatem.
1339 3312 1348 3321 ,

604 3354 799 3410 Munus
824 3361 1002 3405 autem
1030 3347 1357 3418 patriarcha:
1388 3342 1624 3413 primum
1655 3339 1871 3408 quidem
1900 3346 2007 3399 est,
2036 3336 2105 3389 il-

517 3450 618 3501 .los
647 3462 783 3511 ιιιιιιδ
812 3442 1052 3511 suscepit
1078 3457 1107 3493 a
1128 3438 1237 3491 Deo
1257 3438 1310 3489 in
1333 3439 1536 3505 pietate
1562 3434 1915 3498 litoribusque
1951 3428 2108 3482 bonis

536 3551 887 3600 conservare,
916 3543 1031 3588 tum
1067 3546 1198 3584 vero
1215 3541 1269 3583 et
1290 3528 1580 3582 lia-retires
1605 3541 1673 3578 οιι
1697 3540 1816 3587 nes,
1840 3529 2107 3591 quantum

527 3633 736 3696 potest,
797 3625 863 3677 ad
912 3621 1276 3677 orthodoxam
1319 3617 1476 3670 Iidem
1522 3626 1582 3681 _ct
1629 3616 1885 3667 ωλι-ἱρεῖαι
1932 3614 2111 3665 unita.

536 3732 648 3776 tem
696 3727 1039 3773 convertere.
1075 3713 1413 3783 (.Hwi-eticos
1466 3718 1642 3763 autem
1692 3716 1889 3762 vocant
1938 3715 1989 3757 et
2019 3705 2110 3772 jus

539 3812 696 3866 civile
722 3819 776 3865 et
799 3823 1041 3863 canones
1071 3806 1214 3860 sacri
1241 3819 1337 3859 eos
1366 3804 1586 3872 quidem
1617 3816 1831 3861 omnes,
1863 3798 1953 3867 qui
1983 3810 2108 3872 cum

541 3904 785 3958 Ecclesia
822 3899 1092 3955 catholica
1127 3913 1237 3948 non
1273 3894 1709 3949 communicant.
1737 3890 1756 3961 )
1790 3889 1977 3942 Tertio
2006 3871 2111 3941 .au-

540 4007 644 4052 tem
681 3997 733 4049 in
768 3996 885 4049 loco
918 3993 988 4045 ita
1021 3988 1271 4043 inﬁdeles
1296 3988 1554 4057 praeclara
1582 3992 1636 4038 et
1665 3983 1982 4036 admiranda
2011 3994 2112 4035 sua

540 4085 956 4140 conversatione
994 4078 1293 4150 percellere
1321 4115 1333 4137 ,
1374 4083 1434 4128 ut
1483 4075 1790 4127 imitatores
1823 4072 2113 4141 mmuliquc

545 4176 666 4230 lldei
706 4173 981 4237 evadant,
1034 4179 1198 4238 atque
1229 4183 1453 4237 operum
1486 4181 1712 4219 suorum
1750 4164 2112 4232 inspectores,

536 4285 570 4335 q
600 4273 811 4317 uateuus
860 4264 962 4316 hoc
992 4262 1179 4322 liceat,
1231 4258 1594 4313 sanctissima:
1645 4265 1697 4311 et
1747 4256 2113 4312 consubstan-

541 4359 688 4411 tialis
716 4348 1005 4408 Trinitatis
1032 4351 1352 4406 adoratores
1385 4352 1633 4405 reddere.

612 4448 811 4501 Munus
847 4446 1168 4515 patriarcha
1196 4453 1277 4497 est
1301 4443 1602 4495 animarum
1632 4441 1734 4496 sibi
1779 4443 2110 4495 creditarum

2208 1974 2477 2037 ποιοῦσιν,
2507 1974 2563 2025 ἐν
2586 1973 2663 2042 τῷ
2701 1971 2877 2041 καιρῷ
2910 1971 3004 2023 τοῦ
3046 1973 3236 2041 Πάσχα
3263 1972 3670 2043 ἐπιμερίζοντες
3698 1973 3763 2025 τὰ

2204 2064 2389 2133 ἄζυμα
2455 2063 2596 2134 μετὰ
2657 2062 2719 2114 τὸ
2772 2060 3129 2129 άγιασθῆναι,
3175 2060 3250 2124 ὡς
3303 2062 3459 2116 κοινὰ
3511 2061 3588 2133 τῷ
3616 2062 3765 2132 δήμῳ

2204 2156 2388 2211 παντί.

2884 2247 3100 2315 Νόμος.

2275 2338 2353 2407 Τῇ
2388 2338 2578 2410 πρώτη
2602 2337 2709 2389 τῶν
2738 2338 3059 2405 πασχαλίων
3086 2338 3332 2406 ἡμερῶν,
3370 2339 3465 2391 καὶ
3487 2333 3764 2406 βασιλικῆς

2203 2431 2295 2482 ἐπὶ
2324 2429 2500 2498 τούτῳ
2555 2429 2629 2497 μὴ
2682 2429 3091 2497 καταλαϐούσης
3120 2428 3445 2493 κελεύσεως,
3482 2429 3676 2489 πάντες
3719 2426 3765 2478 oi

2202 2525 2260 2575 ὲν
2307 2523 2574 2590 φυλακαῖς
2627 2520 3075 2585 ἀπολυέσθωσαν,
3129 2523 3177 2574 εί
3230 2522 3304 2590 μὴ
3340 2524 3451 2590 ἄρα
3501 2518 3764 2590 ἱερόσυλός

2201 2613 2435 2684 ἐστιν,ἣ
2488 2613 2698 2682 μοιχὸς,
2739 2612 2771 2681 ἢ
2822 2612 3106 2682 παρθένων
3154 2613 3428 2683 ἄρτια.ζῆ
3480 2610 3767 2681 τυμϐωρύ-

2203 2722 2320 2775 χος,
2354 2704 2385 2773 ἥ
2438 2704 2596 2773 γόης,
2636 2704 2668 2773 ἢ
2704 2705 3016 2773 φαρμακδς,
3049 2705 3080 2772 ἢ
3132 2704 3348 2771 φονεὺς,
3401 2703 3435 2775 ἢ
3475 2701 3766 2774 πατροκτό-

2201 2815 2312 2862 νος,
2350 2796 2554 2867 ﬁxura
2594 2796 2857 2867 βασιλέως
2892 2796 2925 2867 ἢ
2963 2798 3172 2859 πόλεως
3218 2796 3418 2868 εὑρέθη
3451 2792 3765 2867 μηχανησά-

2206 2906 2386 2959 μενος.

2505 2982 2754 3035 ΚΕΦΑΛ.
2793 2979 2875 3034 H’.
2915 2980 3055 3048 Περὶ
3081 2984 3475 3050 πατριάρχου.

2277 3072 2628 3141 Πατριάρχης
2656 3074 2804 3125 ἐστὶν
2831 3073 2993 3123 εἰκῶν
3029 3070 3178 3134 ζῶσα
3218 3072 3462 3141 Χριστοῦ
3488 3073 3581 3125 καὶ
3604 3067 3767 3138 ἐμψυ-

2206 3178 2319 3231 χος,
2358 3161 2426 3214 δι’
2458 3163 2633 3230 ἔργων
2694 3163 2791 3214 καὶ
2831 3161 3010 3229 λόγων
3063 3162 3121 3214 ὲν
3148 3161 3297 3230 αὐτῷ
3341 3160 3649 3234 ζωγραφῶν
3677 3159 3768 3228 τὴν

2080 3260 2087 3267 ’
2132 3221 2174 3278 c
2208 3254 2487 3323 ἀλήθειαν.

2281 3346 2487 3408 Σκοπὸς
2525 3345 2600 3413 τῷ
2632 3345 2969 3417 πατριάρχῃ,
2999 3345 3215 3414 πρῦτον
3259 3346 3380 3415 μὲν,
3421 3346 3519 3409 οὓς
3549 3348 3613 3398 ὲκ
3641 3339 3769 3396 Θεοῦ

2211 3437 2516 3507 παρέλαϐεν
2572 3438 2629 3489 ὲν
2665 3437 2919 3507 εὐσεὸεἱᾳ
2953 3438 3047 3490 καὶ
3093 3437 3392 3505 σεμνότητι
3427 3439 3541 3508 βίου
3592 3436 3775 3503 διαφυ-

2208 3531 2368 3595 λάξαι
2387 3544 2399 3557 '
2443 3528 2634 3581 ἔπειτα
2664 3528 2721 3581 δὲ
2748 3528 2841 3583 καὶ
2873 3527 3079 3591 πάντας
3110 3529 3236 3590 τοὺς
3266 3528 3608 3597 αἱρετικοὺς.
3641 3522 3774 3578 κατὰ

2206 3623 2269 3675 τὸ
2289 3621 2510 3675 δυνατὸν
2534 3621 2703 3690 αὐτῷ,
2732 3621 2868 3690 πρὸς
2893 3620 2991 3689 τὴν
3016 3618 3327 3690 όρθοδοξίαν
3350 3624 3452 3675 καὶ
3472 3622 3567 3689 τὴν
3593 3619 3775 3671 ἒειωσιν

2209 3714 2650 3785 τῆςἘκκλησίας
2679 3714 3006 3785 ἐπιστρέψαι
3056 3713 3347 3783 (αἱρετικοὶ
3378 3714 3434 3766 δὲ
3461 3716 3574 3775 τοῖς
3597 3711 3776 3778 νόμοις

2211 3810 2306 3861 καὶ
2344 3808 2455 3868 τοῖς
2496 3806 2687 3859 κανόσι
2718 3804 3036 3865 καλοῦνται,
3076 3806 3173 3858 καὶ
3201 3807 3251 3858 oi
3297 3808 3367 3876 τῇ
3406 3806 3663 3874 καθολικῇ
3702 3801 3773 3872 μὴ

2210 3896 2594 3959 κοινωνοῦντες
2622 3896 2945 3966 Ἐκκλησία)
2972 3913 2984 3926 ·
3020 3895 3103 3948 ἔτι
3133 3894 3190 3948 δὲ
3231 3897 3479 3959 καὶτοὺς
3521 3896 3772 3952 ἀπίστους

2210 3985 2297 4040 διὰ
2354 3987 2451 4055 τῆς
2485 3986 2743 4056 λαμπρᾶς
2808 3988 2900 4038 καὶ
2958 3984 3268 4053 θαυμασίας
3323 3986 3491 4038 αὐτοῦ
3528 3984 3775 4055 πράξεως

2213 4079 2555 4148 ἐκπλήττων,
2597 4078 2843 4148 μιμητάς
2872 4077 3095 4145 ποιῆσαι
3123 4079 3223 4147 τῆς
3247 4078 3507 4143 πίστεῳς,
3544 4074 3775 4131 καὶτοὺς

2211 4168 2454 4237 ὁρῶντας
2489 4168 2558 4219 τὰ
2600 4166 2739 4236 ἔργα
2788 4165 2954 4219 αὑτοῦ
2993 4165 3298 4234 λατρευτὰς
3347 4168 3451 4235 τῆς
3509 4162 3774 4230 παναγὶας

2214 4263 2310 4315 καὶ
2340 4260 2625 4330 ὁμοουσίου
2670 4258 2924 4329 Τριάδος,
2960 4258 3019 4310 τὸ
3056 4258 3181 4312 ὅσον
3214 4257 3301 4311 ἐπ’
3351 4258 3503 4328 αὐτῷ
3534 4252 3775 4326 ἀπεργά-

2215 4355 2435 4407 σασθαι.

2287 4449 2451 4509 Τέλος
2477 4446 2555 4515 τῷ
2598 4443 2921 4515 πατριάρχῃ
2964 4442 3136 4512 ἡτῶν
3190 4440 3777 4512 καταπεπιστευμένων

542 4543 694 4596 salus
723 4578 737 4602 ,
768 4550 932 4608 atque
960 4539 1013 4591 in
1062 4537 1283 4592 Christo
1317 4537 1499 4589 vivere
1524 4576 1539 4601 ,
1576 4550 1639 4588 ac
1676 4536 1883 4587 mundo
1927 4534 2104 4587 cruci.

2216 4538 2369 4607 αὐτῷ
2414 4537 2605 4607 ψυχῶν
2644 4536 2910 4606 σωτηρία,
2966 4537 3061 4589 καὶ
3099 4534 3159 4585 τὸ
3195 4533 3292 4602 ζῇν
3325 4534 3427 4602 μὲν
3459 4536 3516 4585 ὲν
3543 4528 3777 4601 Χριστῷ.

542 4631 656 4698 ﬁgi.

617 4724 747 4777 Dein
785 4719 985 4776 eximia
1014 4726 1144 4774 sunt
1175 4719 1387 4782 istbzec,
1427 4727 1610 4787 aptum
1644 4733 1769 4773 esse
1799 4719 1862 4770 ad
1900 4719 2111 4772 docen-

543 4819 695 4879 dum.
733 4829 860 4885 erga
889 4827 1082 4868 omnes
1117 4810 1499 4865 tumsublimis
1529 4820 1637 4863 tum
1675 4810 1882 4863 vilioris
1902 4813 2115 4880 generis

546 4910 796 4963 homines
821 4907 1006 4961 animo
1032 4903 1248 4958 liberali
1294 4917 1352 4956 se
1384 4916 1612 4971 gerere;
1664 4902 1885 4970 insuper
1929 4901 2113 4955 mitem

545 5020 666 5057 esse
689 5003 744 5057 in
770 4997 1238 5054 admonitionibus
1266 5010 1393 5064 erga
1422 5010 1517 5048 eos
1546 5008 1759 5057 omnes,
1786 4994 2116 5062 quibuscum

545 5110 658 5148 rem
710 5092 894 5153 habet,
947 5098 1002 5142 at
1045 5103 1174 5142 vero
1223 5086 1402 5155 quoad
1457 5095 1812 5140 centumaces
1860 5084 2118 5136 facultate

545 5180 985 5256 reprehendendi
1033 5181 1281 5249 pollere:
1339 5192 1437 5246 pro
1490 5176 1726 5231 veritate
1779 5176 2014 5245 denique
2064 5184 2118 5227 et

546 5281 869 5348 dogmatum
905 5273 1182 5336 vindiciis,
1210 5278 1265 5325 et
1296 5284 1396 5336 pro
1428 5267 1638 5336 iustitia
1667 5281 1729 5319 ac
1756 5266 1958 5335 pietate
1988 5280 2120 5319 Con-

548 5368 833 5427 servandis
881 5363 1023 5435 apud
1076 5364 1437 5432 imperatores
1492 5359 1656 5413 verba
1688 5358 1890 5426 facere,
1941 5373 2119 5428 neque

547 5462 895 5515 erubescere.

618 5554 753 5607 Cum
780 5562 959 5605 autem
989 5548 1174 5618 politia
1211 5544 1613 5610 ecclesiastica,
1652 5542 1829 5598 instar
1857 5543 2115 5604 hominis.

549 5661 616 5699 ex
674 5645 921 5714 partibus
953 5659 1015 5696 ac
1068 5638 1357 5710 particulis
1403 5645 1639 5702 constet,
1706 5636 1949 5690 membra
1997 5650 2116 5689 om-

552 5736 702 5791 nium
733 5735 970 5789 maxima
1004 5736 1349 5798 maximeque
1382 5730 1693 5783 necessaria
1727 5738 1854 5781 sunt
1888 5730 2109 5796 impera.

555 5832 644 5881 tor
668 5836 721 5882 et
755 5824 1081 5889 patriarcha.
1132 5822 1396 5887 Quocirca
1436 5835 1537 5889 pax
1571 5830 1623 5874 et
1658 5818 1888 5876 felicitas
1922 5818 2116 5875 subdi-

2214 4631 2591 4699 ἐσταυρῶσθαι
2615 4631 2671 4683 δὲ
2705 4631 2783 4700 τῷ
2810 4632 3023 4699 κόσμῳ.

2288 4726 2422 4778 Ἰδια
2479 4724 2844 4792 πατριάρχου,
2892 4722 2954 4773 τὸ
3002 4717 3141 4774 εἶναι
3179 4721 3510 4783 διδακτικόν,
3562 4720 3621 4770 τὸ
3652 4713 3777 4783 πρὸς

2217 4818 2425 4879 πάντας
2467 4816 2705 4885 ὑψηλούς
2752 4832 2810 4867 τε
2855 4818 2949 4868 καὶ
2998 4817 3289 4875 ταπεινοὺς
3331 4809 3779 4879 άστενοχωρήτως

2216 4908 2547 4974 ἐξισοῦσθαι,
2585 4909 2679 4960 καὶ
2712 4909 2885 4976 πρᾶον
2923 4906 3023 4975 μὲν
3052 4900 3191 4958 εἶναι
3229 4905 3363 4975 πρὸς
3388 4904 3634 4963 ἅπαντας
3662 4898 3779 4955 τοὺς

2216 4999 2644 5066 ἐντυγχάνοντας
2705 5002 2826 5059 ταῖς
2878 4995 3299 5056 διδασκαλίαις*
3355 4990 3674 5060 ἐλεγκτικὸν
3726 4985 3778 5035 δὲ

2219 5094 2356 5157 πρὶς
2387 5091 2511 5152 τοὺς
2538 5090 2904 5152 ἀπειθοῦντας
2926 5104 2937 5116 ·
2975 5089 3116 5155 ὑπὲρ
3144 5082 3200 5138 δὲ
3235 5087 3334 5154 τῆς
3380 5084 3660 5155 ἀληθείας,
3691 5077 3781 5129 ml

2217 5179 2318 5247 τῆς
2344 5179 2683 5247 ἐκδικήσεως
2726 5179 2836 5231 τῶν
2877 5179 3187 5247 δογμάτων,
3234 5178 3327 5230 καὶ
3378 5176 3480 5243 τῆς
3524 5171 3779 5239 συντηρή-

2220 5288 2357 5333 σεως
2386 5271 2479 5323 τοῦ
2500 5271 2711 5325 δικαίου
2754 5271 2846 5323 xui.
2883 5274 2982 5339 τῆς
3006 5269 3289 5331 εὐσεϐείας
3321 5267 3505 5320 λαλεῖν
3550 5261 3781 5316 ἐναντίον

2222 5362 2487 5432 βασιλέων
2523 5365 2618 5416 καὶ
2648 5363 2722 5432 μὴ
2750 5360 3124 5431 αἰσχύνεσθαι,

2290 5545 2400 5613 Τῆς
2426 5545 2702 5608 πολιτείας
2734 5546 2797 5597 ὲκ
2834 5545 3018 5614 μερῶν
3053 5546 3146 5598 καὶ
3173 5545 3386 5616 μορίων
3411 5543 3685 5609 ἀναλόγως
3707 5535 3781 5605 τῷ

2220 5655 2325 5688 τινι
2354 5637 2624 5707 ἀνθρώπῳ
2651 5638 3077 5706 συνισταμένης,
3119 5639 3186 5691 τὰ
3219 5639 3457 5704 μέγιστα
3501 5636 3597 5690 καὶ
3621 5637 3782 5696 ἀναγ-

2221 5730 2483 5783 καιότατα
2516 5732 2654 5798 μέρη
2694 5730 2943 5798 βασιλεὺς
2978 5732 3094 5783 ἐστι
3126 5732 3223 5784 καὶ
3278 5729 3630 5800 πατριάρχης
3695 5719 3781 5774 Δλδ

2221 5824 2311 5873 καὶ
2346 5825 2375 5889 ὴ
2421 5824 2559 5875 κατὰ
2593 5821 2773 5891 ψυχὴν
2820 5821 2914 5874 καὶ
2946 5822 3103 5889 σῶμα
3151 5822 3258 5875 τῶν
3294 5821 3551 5886 ὑπηκόων
3597 5814 3778 5878 εἰρήνη
