4054 6436
499 382 600 447 iii
1696 386 2064 446 MATTllxﬁi
2109 389 2523 449 BLASTARIS

3635 403 3667 464 -ι
3687 401 3747 465 :2

480 498 649 554 -ων,
695 495 826 550 Χιιι.
871 493 1022 560 Quod
1078 491 1398 567 animalibus
1441 492 1712 559 suffocatis
1757 493 1889 546 ισσδεὶ
1940 495 2077 547 haud

2258 499 2504 554 ΚΕΦΛΛ.
2540 499 2764 556 ll"."0tt
2799 505 2870 558 οὺ
2905 504 2999 557 δεῖ
3035 511 3254 562 πνικτὰ
3284 507 3396 567 (diu
3424 510 3674 566 ἐσθίειν.

1213 566 1388 617 liceat.

575 689 649 740 lix
701 701 915 740 canone
961 686 1030 738 65
1091 694 1411 740 sanctorum
1465 683 1862 752 apostolorum,
1913 691 2080 749 atque

498 781 659 832 etiam
686 779 750 831 67
783 778 978 847 synodi
1005 788 1192 839 scxlw,
1219 792 1422 830 saevum
1449 791 1572 830 esse
1595 777 1812 828 videtur
1839 783 1893 828 et
1922 775 2080 828 valde

499 871 824 932 absurdum,
863 869 1030 923 hosce
1061 868 1348 921 brutorum
1381 868 1703 922 animalium
1735 867 2080 935 jugulatione

499 962 822 1031 sanguinem
861 976 968 1015 non
998 962 1153 1030 prius
1181 975 1451 1016 evacuare
1503 963 1594 1030 qui
1631 960 1852 1014 illorum
1887 975 2081 1016 carnes

497 1054 659 1122 221
719 1054 1018 1108 comesturi
1053 1060 1206 1107 sunt.
1259 1051 1498 1106 Vetitum
1550 1061 1636 1106 est
1689 1067 1720 1105 a
1771 1052 1950 1106 belqu
1991 1066 2081 1104 ca.

471 1152 646 1211 "ptum
695 1144 777 1195 vel
803 1150 1113 1195 emortuum
1135 1145 1318 1206 edere,
1354 1149 1515 1210 atque
1538 1141 1701 1195 etiam
1727 1141 1804 1194 ob
1831 1148 2077 1194 ventrem

499 1248 750 1287 voracem
783 1233 1034 1302 cujusvis
1081 1233 1335 1288 animalis
1380 1232 1700 1301 sanguinem
1736 1243 1854 1286 arte
1889 1232 2075 1297 aliqua

496 1323 837 1377 esettlentum
878 1323 1127 1376 reddere.
1171 1321 1306 1376 Nam
1345 1321 1561 1376 etiamsi
1592 1322 1735 1374 Deus
1769 1331 1890 1390 post
1935 1322 2079 1373 dilu-

495 1415 642 1467 vium
668 1415 876 1468 homini
908 1415 1246 1467 concesserit
1277 1429 1382 1466 non
1413 1413 1595 1466 minus
1626 1428 1787 1480 quam
1822 1413 1889 1465 de
1917 1413 2073 1465 oleri-

496 1509 597 1562 bas
631 1523 696 1560 ex
748 1507 926 1561 brutis
970 1507 1344 1559 animantibus
1392 1506 1573 1559 cibum
1623 1519 1853 1569 capere,
1907 1505 2077 1556 vetuit

497 1610 678 1652 tamen
702 1613 902 1652 carnes
933 1613 1039 1651 una
1065 1613 1187 1650 cum
1213 1598 1484 1665 sanguine
1509 1597 1705 1649 anima:
1727 1597 1910 1649 edere.
1939 1600 2078 1648 San-

495 1692 616 1760 gnis
645 1691 797 1744 enim
823 1690 878 1743 in
904 1690 1082 1743 brutis
1105 1688 1301 1740 animae
1329 1687 1599 1740 rationem
1621 1686 1852 1740 obtinet.
1875 1687 2077 1750 Quam-

493 1783 683 1835 obrcm
731 1783 896 1835 etiam
945 1780 1181 1851 apostoli
1230 1779 1283 1831 iu
1339 1779 1566 1832 Actibus
1599 1779 1982 1841 decreverunt,
2019 1784 2077 1828 ut

473 1873 679 1927 ‘tideles
707 1871 871 1926 sicuti
905 1873 972 1925 ab
1001 1869 1318 1939 idolothytis
1351 1879 1404 1922 et
1437 1868 1824 1928 fornicatione,
1862 1868 1934 1919 ita
1965 1878 2016 1919 et
2049 1883 2076 1918 a

495 1964 764 2018 sull‘ocato
790 1963 1166 2025 abstinerent;
1199 1962 1450 2029 quivcro
1474 1975 1693 2026 cunque
1726 1959 1863 2010 hanc
1892 1954 2076 2021 injun-

494 2059 730 2111 ctionem
782 2055 1202 2124 parvipendent,
1232 2054 1277 2106 si
1329 2053 1439 2106 sint
1466 2067 1530 2104 ex
1583 2051 1782 2104 ordine
1810 2050 2075 2114 clericali,

493 2150 832 2220 depositione
859 2147 1166 2215 percellunt
1191 2183 1205 2208 ,
1233 2145 1400 2198 laicus
1429 2152 1613 2197 autem
1636 2143 2076 2195 excommunica-

493 2245 657 2296 tione.
689 2241 866 2294 Latini
897 2249 1104 2304 tamen,
1125 2252 1314 2292 sacros
1340 2237 1504 2292 hosce
1544 2249 1784 2289 canones
1831 2235 1965 2288 nihil
1989 2250 2073 2289 cu.

495 2345 702 2398 rantes,
745 2345 954 2388 temere
987 2329 1254 2387 suﬂ'ocata
1295 2332 1582 2384 devorant.

1205 2516 1352 2569 'Lex.

566 2612 757 2668 Sancit
784 2611 1108 2666 conStitutio
1137 2610 1349 2664 novella
1386 2609 1456 2663 58
1487 2607 1690 2663 Leonis
1716 2606 2076 2676 imperatoris

495 2718 599 2759 tam
623 2721 716 2760 eos
734 2707 825 2774 qui
841 2704 1083 2758 vendunt
1099 2718 1262 2773 quam
1286 2703 1377 2769 qui
1399 2702 1694 2755 comedunt
1714 2702 2077 2770 quodcunque

458 2815 546 2854 -tn
587 2813 644 2854 se
671 2798 997 2866 sanguinem
1039 2796 1309 2858 continet,
1371 2793 1558 2864 ﬂagris
1607 2809 1778 2847 ccesos
1807 2793 2072 2846 bonorum

494 2890 929 2960 publicationem
979 2888 1277 2952 sustinere,
1335 2897 1387 2940 et
1422 2895 1550 2940 cute
1607 2896 1764 2938 tenus
1818 2883 2074 2937 tonsione

494 2980 816 3045 deformari,
883 2989 938 3033 et
1001 2986 1262 3048 perpetuo
1306 2977 1495 3031 exsilio
1547 2977 1794 3039 multari,
1853 2982 1906 3026 et
1960 2989 2074 3026 ina-

493 3073 758 3142 gistrattts
805 3072 897 3140 qui
943 3069 1132 3124 isthmc
1163 3085 1270 3122 non
1304 3069 1636 3139 puniverint,
1690 3066 1876 3120 decem
1909 3064 2073 3119 libra-

488 3182 616 3220 rum
642 3165 758 3219 auri
791 3164 1016 3217 multam
1043 3162 1249 3217 subire.
1546 3143 1552 3150 ’
1970 3161 1978 3167 ”

951 3275 1106 3330 CAP.
1134 3272 1279 3330 XIV.
1314 3273 1392 3327 De
1422 3273 1610 3338 poenis.

529 3403 536 3412 λ
564 3393 843 3458 ριιιετοίη
879 3391 941 3445 12
975 3391 1154 3461 capite
1193 3390 1303 3446 litt.
1325 3389 1364 3440 Σ
1398 3403 1662 3443 canonum
1690 3387 1722 3441 5
1747 3385 1938 3456 synodi
1963 3385 2072 3440 An-

496 3486 784 3540 tiochenzc.

1197 3595 1378 3665 Leges.

571 3714 783 3768 Nullam
811 3715 1094 3770 mulierem
1127 3722 1351 3785 propter
1377 3713 1643 3768 actionem
1669 3711 2068 3782 pecuniariam,

493 3811 613 3863 sive
651 3808 861 3876 publica
902 3807 1242 3868 fuerit,_sive
1265 3806 1496 3876 privata,
1530 3805 1613 3858 vel
1637 3820 1860 3858 causam
1883 3819 2073 3873 quam-

493 3915 728 3968 cimquc,
766 3907 857 3952 aut
899 3900 951 3951 in
989 3899 1294 3952 custodiam
1351 3896 1547 3964 conjici
1593 3895 1864 3957 volumus,
1899 3903 1992 3946 aut
2041 3909 2069 3945 a

498 3994 625 4044 \iris
646 3990 935 4056 (‘Uslodit'i,
1003 4004 1068 4042 ne
1108 3988 1247 4042 forte
1285 4002 1347 4041 ea
1397 3986 1686 4040 occasione
1723 3985 2073 4038 inveniantur

495 4084 671 4151 ιειιιιιιιὶ
699 4083 1012 4151 pudicitiam
1039 4080 1413 4148 corruptionis
1441 4095 1565 4133 reae.
1592 4079 1686 4132 Sin
1714 4093 1843 4131 vero
1865 4078 2073 4146 gravis-

495 4176 693 4228 simum
727 4180 797 4228 sit
823 4176 1052 4237 crimen,
1093 4172 1238 4240 quod
1266 4171 1544 4238 objicitur,
1574 4170 1825 4222 trudatur
1862 4170 1916 4221 in
1957 4183 2072 4220 mo-

497 4269 795 4320 nasterium
837 4267 920 4318 vel
962 4265 1282 4317 mulieribus
1315 4263 1579 4325 tradatur,
1619 4271 1677 4315 ut
1733 4273 1847 4314 tnto
1889 4269 2074 4314 custo-

496 4357 710 4423 diatur,
749 4357 925 4411 donec
964 4370 1050 4410 res
1081 4355 1172 4408 [iat
1203 4353 1516 4409 manifesta.

570 4540 626 4593 Si
666 4539 961 4606 imperator
989 4549 1206 4604 pinnam
1242 4533 1406 4587 alicui
1449 4534 1747 4594 denuntiet,
1780 4533 2070 4585 damnatus
2103 4551 2146 4602 ῃ

500 4649 568 4685 ue
599 4631 783 4686 statim
813 4627 1104 4696 puniatur,
1138 4625 1231 4679 sed
1267 4623 1554 4678 dill‘eratur
1581 4625 1634 4676 in
1668 4626 1783 4676 dies
1811 4624 1879 4676 30
1903 4639 2072 4692 penum

500 4723 767 4778 inﬂict-i0:
803 4733 926 4772 nam
963 4716 1192 4771 forsitan
1223 4717 1435 4769 veniam
1474 4715 1796 4769 obtinuerit.

573 4899 808 4960 Liberis,
831 4897 920 4966 qui
959 4895 1094 4950 nihil
1129 4894 1250 4946 mali
1286 4901 1592 4961 patrarunt,
1628 4905 1842 4963 patrum
1873 4895 2071 4948 delicta

503 4991 644 5044 haud
672 5000 890 5054 ιιοοιιιιι,
918 5003 1094 5056 neque
1121 4985 1410 5037 liberorum
1433 4988 1700 5054 patribus.
1726 4986 1901 5055 Caput
1925 4988 2067 5041 enim

498 5083 732 5136 crimina
766 5091 1095 5150 sequuntur.

569 5258 728 5314 Vetat
759 5263 1090 5316 constitutio
1120 5264 1203 5317 vel
1233 5279 1426 5318 manus
1451 5262 1641 5316 ambas
1677 5261 1753 5316 vel
1778 5259 1944 5328 pedes
1971 5259 2070 5313 ab-

481 5353 690 5407 scindi.

570 5445 735 5501 Plena
775 5451 974 5503 mctalli
1017 5459 1097 5503 cst
1129 5449 1438 5518 quempiam
1483 5447 1728 5500 damnari
1795 5447 1860 5501 ad
1913 5447 2071 5502 asbe-

499 5549 641 5594 stum
691 5543 1132 5609 prieparamlum,
1170 5551 1266 5594 aut
1299 5541 1530 5608 sulphur
1563 5537 1952 5594 cl'fodiendum.

570 5628 703 5684 Vide
739 5641 790 5684 ct
814 5631 863 5684 in
886 5632 917 5685 9
950 5634 1125 5697 capite
1186 5634 1292 5683 litt.
1323 5629 1394 5694 Μ,
1425 5639 1480 5682 et
1511 5631 1562 5683 in
1587 5629 1618 5683 9
1662 5630 1841 5693 capite
1878 5629 2071 5684 litterae

498 5723 682 5777 Acan.
721 5725 789 5778 50
822 5725 1036 5779 concilii
1071 5721 1545 5790 Carthaginiensis.

2095 3219 2142 3280 C

2255 682 2345 752 Τῷ
2381 683 2458 752 ξγ¹
2487 686 2671 739 κανόνι
2702 688 2811 742 τῶν
2837 690 3010 757 ἁγίων
3029 691 3379 756 ⁴ιίιποστόλων,
3412 693 3549 762 πρδς
3577 694 3632 746 δὲ
3659 696 3751 747 καὶ

2181 772 2263 838 τῷ
2296 771 2371 836 ξζ¹
2400 774 2500 842 τῆς
2533 783 2586 839 ς’
2611 779 2854 845 συνόδου,
2888 781 3094 849 ἀπηνὲς
3122 779 3263 836 εἶναι
3290 783 3438 836 δοκεῖ
3469 785 3563 835 καὶ
3590 785 3686 838 de:
3699 809 3752 852 χ-

2182 864 2288 928 νῶς
2320 865 2512 933 ἄλογον
2562 870 2622 920 τὸ
2673 872 3001 942 μὴιπρῶτον
3051 873 3306 926 ἐκκενοῦν
3336 876 3400 944 τῇ
3433 878 3614 942 σφαγῇ
3643 877 3748 926 τῶν

2181 955 2393 1025 ἀλόγων
2424 959 2580 1022 ζώων
2605 961 2666 1014 τὸ
2688 957 2829 1031 αἷμα
2878 964 3004 1026 τοὺς
3031 964 3141 1018 τῶν
3173 965 3352 1036 κρεῶν
3381 965 3559 1018 αὐτῶν
3588 967 3752 1020 ἀπτε-

2182 1047 2306 1099 σθαι
2388 1050 2697 1119 μέλλοντας.
2751 1054 3073 1126 Ἀπείρηται
3138 1056 3195 1109 δὲ
3268 1057 3364 1110 καὶ
3417 1057 3750 1127 Θηριάλωτον

2180 1137 2380 1192 ἐσθίειν
2428 1141 2460 1206 ἢ
2491 1141 2778 1212 τεθνηκὸς,
2810 1145 2890 1196 ἑτι
2937 1146 2994 1197 δὲ
3039 1147 3133 1198 καὶ
3164 1147 3250 1199 διὰ
3304 1148 3403 1217 τὴν
3440 1148 3620 1218 λίχνον
3655 1164 3752 1214 γα-

2182 1229 2372 1297 στέρα,
2422 1228 2560 1299 αἷμα
2607 1235 2924 1304 οίουδήποτε
2980 1236 3140 1301 ζώου,
3195 1237 3356 1307 τέχνῃ
3425 1239 3535 1290 τινὶ
3579 1255 3750 1290 κατα-

2183 1322 2468 1383 σκευάζειν
2499 1322 2781 1393 ἐδώδιμον.
2811 1328 2881 1379 κΕὶ
2913 1329 3020 1393 γὰρ
3057 1330 3156 1380 καὶ
3191 1330 3330 1396 μετά
3360 1329 3452 1380 τὸν
3477 1329 3751 1381 κατακλυ-

2184 1411 2316 1478 σμὸν
2347 1413 2374 1462 ό
2413 1414 2544 1475 Θεὸς
2570 1418 2681 1474 τοῖς
2711 1417 3021 1484 ἀνθρώποις
3064 1420 3331 1487 ἐπέτρεψε
3367 1420 3475 1472 τῶν
3505 1421 3751 1489 λαχάνων

2179 1501 2277 1568 οὐχ
2307 1497 2481 1571 -ἦττον
2536 1505 2603 1556 τὰ
2644 1507 2814 1572 ἄλογα
2855 1508 2964 1560 τῶν
3011 1508 3168 1571 ζώων
3218 1511 3491 1562 ποιεῖσθαι
3525 1510 3751 1580 τροφὴν,

2178 1591 2313 1642 ἀλλὰ
2351 1595 2488 1661 κρέα
2524 1596 2580 1646 ὲν
2613 1597 2807 1664 αἵματι
2857 1599 3036 1669 ψυχῆς
3096 1601 3300 1652 ἐσθίειν
3347 1603 3616 1671 ἀπείρηκε
3641 1618 3657 1632 ·
3693 1603 3751 1653 τὸ

2178 1680 2287 1750 γὰρ
2326 1678 2466 1750 αἷμα
2527 1682 2705 1753 ψυχῆς
2761 1688 2818 1738 ὲν
2860 1691 2972 1750 τοῖς
3027 1689 3241 1756 ἀλόγοις
3277 1691 3462 1760 ἐπέχει
3499 1691 3747 1760 δύναμιν.

2179 1773 2276 1822 Δ·ἀ
2321 1773 2480 1825 τοῦτο
2530 1777 2622 1827 καὶ
2654 1778 2702 1829 oi
2736 1778 3021 1830 ἀπόστολοι
3055 1782 3112 1831 ὲν
3141 1784 3260 1843 ταῖς
3308 1783 3570 1850 Πράξεσι,
3615 1781 3752 1850 μετὰ

2115 1862 2153 1914 Β
2182 1863 2275 1914 τοῦ
2311 1865 2663 1918 είδωλοθύτου
2694 1869 2787 1919 καλ⁵
2813 1870 2911 1937 τῆς
2939 1870 3213 1939 π-.ρνείας,
3241 1872 3336 1923 καὶ
3374 1873 3482 1924 ἀπὸ
3509 1871 3602 1924 τοῦ
3633 1890 3751 1923 πνι-

2182 1955 2312 2006 κτοῦ
2335 1959 2857 2026 παραφυλάττεσθαι
2877 1980 2928 2012 νε
2939 1964 3338 2032 νομοθετήκασι
3353 1966 3480 2026 τοὺς
3495 1963 3715 2018 mat-0:5;
3735 1980 3747 1992 '

2179 2049 2293 2106 τοῖς
2320 2046 2374 2097 δὲ
2395 2049 2613 2117 παύτην
2651 2052 2778 2118 περὶ
2805 2051 3092 2120 ἐλαχίστου
3131 2054 3435 2123 τιθεμένοις
3467 2056 3568 2122 τὴν
3601 2057 3750 2107 ἐντο-

2179 2138 2296 2207 λὴν,
2334 2144 2414 2202 εἰς
2454 2141 2750 2210 κληρικοὺς
2787 2145 2882 2212 μὲν
2911 2145 3150 2210 τελοῦσι,
3182 2145 3336 2214 δίκην
3361 2147 3629 2212 ἐπάγουσι
3655 2149 3750 2212 τὴν

2180 2231 2524 2300 καθαίρεσιν,
2553 2234 2864 2302 ἀφορισμὸν
2895 2236 2950 2287 δὲ
2983 2238 3095 2299 τοῖς
3133 2236 3228 2289 τοῦ
3258 2237 3405 2290 λαοῦ.
3437 2236 3507 2290 Οἵ
3545 2255 3609 2306 γε
3645 2239 3750 2307 μὴν

2180 2324 2420 2388 Λατῖνοι,
2481 2327 2576 2377 καὶ
2624 2327 2732 2378 τῶν
2783 2329 2942 2396 ιερῶν
2981 2329 3186 2382 τούτων
3245 2329 3750 2401 κατολιγωροῦντες

2179 2417 2439 2485 κανόνων,
2469 2419 2639 2482 ἀδεῶς
2670 2420 2911 2473 ἐσθίουσι
2937 2423 3004 2476 τά
3041 2422 3258 2477 πνικτά.

2851 2515 3044 2582 Νόμος
3055 2555 3068 2568 .

2260 2601 2325 2651 Ἦ
2359 2601 2414 2653 δὲ
2441 2607 2521 2671 νη⁹
2545 2605 2717 2674 νεαρὰ
2748 2604 2842 2656 τοῦ
2877 2605 3147 2673 βασιλέως
3172 2607 3401 2671 Λέοντος
3429 2607 3748 2676 διορίζεται,

2175 2694 2304 2756 τοὺς
2334 2695 2432 2762 μὲν
2462 2695 2772 2758 πωλοῦντας
2803 2698 2834 2766 ἢ
2873 2699 3152 2762 ἐσθίοντας
3183 2696 3323 2761 εἶδος
3370 2698 3750 2769 οίονδηποτοῦν

2181 2787 2408 2856 μετέχον
2442 2790 2696 2858 αἳματος,
2726 2791 3103 2860 αἰκιζομένους
3144 2792 3495 2860 δημεύεσθαι,
3531 2795 3627 2847 καὶ
3664 2793 3749 2845 δια

2175 2879 2273 2946 τῆς
2302 2881 2361 2931 ὲν
2395 2880 2510 2950 χρῷ
2542 2883 2746 2950 κουρᾶς
2776 2883 3126 2951 ἀτιμοῦσθαι.
3172 2886 3265 2936 καὶ
3293 2887 3560 2954 ἀειφυγίᾳ
3586 2903 3750 2940 κατα·

2176 2969 2459 3039 κρίνεσθαι
2485 2988 2497 2999 ο
2546 2973 2671 3034 τοὺς
2715 2972 2772 3024 δὲ
2802 2973 2876 3042 μὴ
2917 2974 2986 3025 τὰ
3025 2975 3251 3027 τοιαῦτα
3278 2976 3628 3040 ὲκδικοῦντας
3658 2978 3750 3044 ἀρ-

2177 3080 2372 3133 χοντας
2400 3053 2540 3120 δέκα.
2556 3065 2745 3137 λίτρας
2775 3067 3102 3138 ζημιοῦσθαι
3129 3071 3375 3140 χρυσίου.

2537 3276 2787 3331 ΚΕΦΔΛ.
2827 3279 2922 3332 lA'.
2958 3277 3096 3346 Περὶ
3123 3279 3368 3332 ποινῶν.

2245 3395 2408 3463 Ζήτει
2429 3395 2486 3446 ὲν
2514 3395 2591 3464 τῷ
2617 3393 2684 3463 ιβ’
2713 3395 2998 3466 κεφαλαίῳ
3021 3396 3112 3448 τοῦ
3136 3398 3173 3448 Σ
3193 3397 3458 3466 στοιχείου
3485 3399 3688 3452 κανόνα
3708 3404 3748 3449 ε’

2173 3486 2272 3556 τῆς
2291 3488 2349 3540 ὲν
2381 3485 2687 3559 Ἀντιοχείᾳ
2723 3490 2965 3543 συνόδου.

2853 3600 3060 3668 Νόμοι.

2245 3710 2516 3778 Οὐδεμίαν
2547 3713 2782 3778 γυναῖκα
2811 3712 2952 3781 ὑπὲρ
2977 3714 3324 3782 χρηματικῆς
3361 3714 3543 3776 αἰτίας
3582 3717 3748 3785 δημοο

2177 3802 2360 3873 σίαςῆ
2389 3804 2688 3870 ἰδιωτικῆς,
2724 3805 2755 3874 ἢ
2788 3806 2928 3873 ὑπὲρ
2961 3805 3305 3874 ἐγκλήματος
3339 3806 3685 3875 οίουδὴποτε,
3718 3807 3747 3876 ἢ

2176 3895 2256 3956 εἰς
2291 3895 2539 3963 φρουράν
2575 3894 2868 3960 βάλλεσθαι
2895 3894 3309 3964 συγχωροῦμεν,
3345 3896 3376 3964 ἢ
3421 3895 3488 3948 δι’
3541 3898 3749 3966 ἀνδριῖν

2177 3985 2562 4052 φυλάττεσθαι,
2596 3985 2680 4037 ἵνα
2717 3986 2790 4054 μὴ
2819 3985 2905 4039 διὰ
2933 3986 3038 4038 τῶν
3059 3985 3316 4038 τοιούτων
3357 3987 3623 4057 ἀφορμῶν
3656 3989 3712 4038 εὑ
3732 4013 3746 4026 ο

2180 4076 2378 4147 ρεθῶσι
2419 4076 2548 4144 περὶ
2574 4079 2674 4144 τὴν
2733 4077 3089 4146 σωφροσύνην
3120 4077 3547 4148 ἀτιμαζόμεναι.
3578 4081 3643 4133 Εἰ
3690 4081 3744 4132 δὲ

2178 4165 2480 4236 βαρύτατον
2515 4165 2598 4234 εἴη
2632 4164 2694 4216 τὸ
2717 4165 2989 4236 ἔγκλημα,
3029 4165 3114 4232 ἐφ’
3136 4159 3179 4232 ᾧ
3211 4170 3628 4235 κατηγορεῖται,
3665 4169 3744 4229 είς

2179 4260 2540 4327 μοναστήριον
2575 4257 2951 4326 ἔμϐαλλέσθω,
3005 4257 3035 4324 ἦ
3084 4257 3298 4323 γυναιξὶ
3347 4259 3742 4324 παραδιδόσθω,

2175 4347 2316 4399 ὥστε
2344 4348 2597 4414 ἀσφαλῶς
2632 4348 2941 4416 τηρεῖσθαι,
2986 4347 3088 4409 ἕως
3124 4343 3183 4399 οῦ
3223 4347 3284 4398 τὸ
3312 4349 3544 4418 πρᾶγμα
3577 4367 3744 4418 φανε-

2181 4437 2346 4508 ρωθῇ.

2261 4531 2386 4582 Ἐὰν
2411 4531 2671 4600 ἐπαγάγῃ
2692 4532 2718 4581 ὁ
2748 4529 2999 4599 βασιλεὺς
3023 4533 3290 4601 τιμωρίαν
3320 4536 3448 4600 τινὶ,
3482 4537 3556 4605 μὴ
3585 4536 3744 4589 κολαο

2175 4623 2354 4686 ζέσθω
2407 4625 2744 4692 παραχρῆμα
2787 4625 2814 4674 ὁ
2853 4624 3294 4688 καταδικασθεὶς,
3350 4626 3465 4678 ἀλλ’
3521 4630 3743 4698 ὑπερτι-

2175 4715 2350 4764 θεσθω
2381 4712 2424 4765 λ’
2453 4715 2664 4783 ἡμέρας
2713 4716 2746 4782 ἡ
2789 4714 2912 4766 κατ’
2944 4715 3108 4767 αὑτοῦ
3144 4716 3414 4786 τιμωρία·
3459 4719 3588 4780 ἴσως
3639 4720 3742 4786 γὰρ

2174 4807 2422 4870 τεύξεται
2456 4806 2890 4874 φιλανθρωπίας.

2247 4897 2384 4957 Τοὺς
2432 4895 2600 4964 μηδὲν
2658 4897 3052 4965 ἡμαρτηκότας
3103 4898 3298 4961 παῖδας
3345 4898 3410 4950 τὰ
3441 4901 3548 4951 τῶν
3584 4901 3742 4952 πατέ-

2175 5003 2285 5055 ρων
2317 4987 2690 5056 ἁμαρτήματα
2728 4989 2788 5039 οὺ
2821 4988 3217 5052 καταόλάπτει,
3251 4989 3370 5041 οὐδὲ
3404 4994 3530 5054 τοὺς
3575 4995 3738 5044 πατέο

2177 5097 2274 5150 ρας
2296 5079 2361 5132 τὰ
2389 5079 2496 5132 τῶν
2530 5081 2737 5133 τέκνων
2760 5096 2771 5108 ·
2803 5080 2872 5133 τὰ
2895 5080 3003 5150 γὰρ
3033 5081 3407 5149 ἁμαρτήματα
3435 5085 3501 5152 τῇ
3528 5084 3736 5152 κεφαλῇ

2173 5190 2411 5226 επονται.

2257 5268 2620 5337 ’Λπαγορεύει
2655 5269 2687 5338 ἡ
2718 5267 2960 5332 διάταξις
2986 5269 3300 5343 ἀμφοτέρας
3327 5274 3618 5343 τέμνεσθαι
3642 5274 3740 5332 τὰς

2172 5359 2379 5428 χεῖρας.
2411 5360 2444 5428 ἢ
2475 5361 2598 5422 τοῦς
2629 5361 2812 5424 πόδας.

2249 5451 2413 5519 Ποινὴ
2474 5451 2736 5517 μετάλλου
2805 5454 2922 5505 ἐστὶ
2977 5455 3038 5506 τὸ
3084 5457 3551 5529 καταδικασθῆναί
3619 5476 3737 5510 τινα

2175 5539 2440 5591 ἄσϐεστον
2477 5541 2729 5610 «animi;
2762 5541 2902 5594 θεῖον
2939 5543 3207 5614 ὀρύττειν.

2246 5633 2407 5700 Ζήτει
2444 5631 2534 5684 καὶ
2566 5634 2622 5686 ὲν
2647 5633 2724 5704 τῷ
2752 5633 2794 5686 0'
2821 5635 3102 5706 κεφαλαίῳ
3131 5637 3222 5690 τοῦ
3241 5636 3294 5691 Μ
3319 5639 3606 5710 στοιχείου,
3647 5642 3738 5691 καί

2176 5723 2232 5772 ἐν
2260 5723 2334 5790 τῷ
2357 5722 2400 5774 θ’
2435 5740 2558 5788 κεφ.
2592 5723 2682 5776 τοῦ
2713 5728 2749 5776 Δ
2785 5728 3045 5796 στοιχείου
3078 5730 3276 5782 κανόνα
3309 5733 3350 5783 ν’
3374 5730 3471 5800 τῆς
3505 5731 3562 5780 ἐν
3591 5731 3732 5798 Καρ·

2177 5814 2379 5879 Οαγένῃ
2412 5816 2648 5869 συνόδου.
