4054 6450
359 488 459 552 U3
1331 484 1737 548 SYNTAGMA
1768 488 1960 547 ALl’ll

2024 485 2389 547 BETICUM.
2429 509 2497 519 ’-
2542 480 2608 531 Π-
3521 476 3624 541 lli

675 601 932 656 ΚΕΦἈΛ.
971 599 1037 653 IE
1056 638 1072 654 .
1104 600 1244 669 Περὶ
1275 603 1580 671 πορνείας.
1962 603 2017 663 Α

1962 603 2017 663 Α
2322 599 2485 668 222
2520 596 2674 652 CAP.
2704 593 2820 651 XV.
2855 593 2929 648 De
2954 594 3336 664 fornicatione.

426 695 587 763 Ζήτει
617 693 674 745 ὲν
705 692 782 762 τῷ
834 693 899 745 ιδ’
932 707 1062 758 κεφ.
1093 689 1187 743 τοῦ
1227 691 1277 744 Μ
1315 691 1582 761 στοιχείου
1638 691 1845 746 κανόνα
1890 693 1933 745 δ’

2109 691 2305 757 Qnazre
2332 692 2388 746 in
2416 691 2482 745 H
2513 704 2632 761 cap.
2667 690 2776 744 litt.
2815 687 2865 744 M
2912 703 3180 745 canonom
3206 690 3240 742 4
3273 687 3455 758 magni
3489 687 3626 744 Grc.-

354 784 449 837 τοῦ
477 782 714 855 μεγάλου
744 782 1054 854 Γρηγορίου
1093 782 1340 851 Νύσσης,
1395 783 1546 847 ὅστις
1595 784 1690 837 καὶ
1748 788 1830 848 εἰς
1886 784 1931 836 θ’

2037 785 2175 856 gorii
2209 783 2470 856 Nysseni,
2501 783 2597 852 qui
2650 782 2710 836 in
2737 781 3073 860 novennium
3105 778 3476 836 fornicatores
3533 796 3627 835 ca-

354 877 577 949 χρόνους
616 877 741 940 τοὺς
775 876 1007 947 πόρνους
1032 875 1389 945 ἐπιτιμᾶσθαι
1412 874 1648 931 κελεύει.

849 892 1007 947 ρνους
1032 875 1389 945 ἐπιτιμᾶσθαι
1412 874 1648 931 κελεύει.
2036 874 2228 944 stigari
2260 874 2445 943 jubet.

434 971 495 1024 ’0
520 969 576 1023 δὲ
608 970 781 1040 μέγας
808 968 1111 1033 Βασίλειος,
1139 970 1196 1021 έν
1232 967 1312 1036 τῷ
1336 967 1411 1021 νθ¹
1449 969 1658 1033 κανόνι,
1684 968 1776 1021 τὸν
1800 969 1934 1040 πόρ-

2108 965 2335 1037 Magnus
2369 974 2549 1023 autem
2581 966 2848 1033 Basilius,
2895 966 2952 1021 in
2987 980 3197 1022 canone
3254 981 3423 1030 nouo,
3458 964 3629 1019 torni-

354 1075 441 1121 νον
474 1060 666 1129 μέχρις
691 1057 985 1119 ἑπταετίας
1033 1057 1133 1126 τῆς
1188 1058 1474 1122 κοινωνίας
1527 1058 1809 1128 ἀπείργει.
1866 1059 1932 1113 Et

2037 1066 2281 1113 calorem
2305 1073 2403 1129 per
2421 1059 2772 1130 septennium
2797 1058 3189 1115 communione
3212 1058 3411 1127 privat.
3431 1057 3631 1124 Quam-

355 1149 464 1219 γὰρ
492 1151 584 1201 καὶ
612 1151 671 1202 ὲν
697 1148 776 1218 τῷ
799 1147 885 1202 κ6¹
902 1147 1110 1215 κανόνι,
1136 1148 1194 1201 ὃν
1224 1148 1319 1203 καὶ
1350 1147 1503 1220 ζήτει
1530 1151 1590 1202 ὲν
1606 1150 1684 1221 τῷ
1712 1149 1930 1219 ιγ’κεφ.

2037 1150 2120 1205 vis
2149 1150 2295 1205 enim
2325 1166 2536 1205 canone
2557 1150 2629 1204 ‘22
2657 1151 2844 1222 (quem
2880 1150 3080 1205 videsis
3120 1150 3176 1205 in
3215 1151 3397 1221 capite
3428 1151 3493 1205 l3
3520 1152 3625 1203 litt.

355 1240 450 1294 1-46
480 1241 526 1294 Δ
556 1242 846 1311 στοιχείου,
884 1240 1026 1311 μετὰ
1068 1241 1389 1311 τετραετίαν
1430 1241 1577 1295 δοκεῖ
1620 1243 1770 1296 λύειν
1820 1247 1933 1309 τοῖς

2036 1243 2128 1311 Α)
2198 1241 2449 1298 videatur
2506 1252 2630 1313 post
2711 1240 3137 1311 quadriennium
3217 1241 3373 1295 hisce
3446 1256 3632 1295 corrc-

357 1333 615 1396 τοιούτοις
644 1334 705 1387 τὸ
739 1332 1038 1403 ἐπιτίμιον,
1066 1333 1184 1387 ἀλλ’
1231 1334 1355 1405 οὐχὶ
1401 1334 1635 1407 γνώμην
1697 1337 1931 1403 οἰκείαν,

2036 1333 2271 1388 ctionem
2291 1333 2523 1397 solvere,
2546 1348 2656 1388 non
2674 1343 2859 1388 tamen
2880 1332 2952 1387 ibi
2972 1332 3251 1402 propriam
3276 1333 3628 1397 sententiam,

356 1426 453 1496 τὴν
483 1425 539 1478 δὲ
580 1423 691 1477 τῶν
722 1424 828 1495 πρὸ
859 1423 1027 1478 αὐτοῦ
1067 1425 1331 1495 Πατέρων
1365 1427 1656 1497 εἰσήνεγκε
1678 1443 1693 1459 ο
1715 1430 1816 1500 τήν
1868 1447 1933 1500 γε

2037 1424 2131 1476 sed
2158 1422 2383 1477 Patrum
2423 1423 2852 1494 praecedentium
2887 1423 3091 1479 attulit.
3152 1421 3230 1477 Ex
3261 1424 3480 1492 propria
3533 1438 3628 1477 au-

360 1518 467 1588 μὴν
505 1517 798 1570 ἑπταετίαν
854 1519 921 1587 τῇ
955 1516 1063 1588 ίδίᾳ
1126 1518 1308 1588 κρίσει
1368 1519 1573 1574 τούτων
1633 1522 1937 1594 κατεψηφί-

2039 1524 2147 1568 tcm
2186 1515 2458 1570 sententia
2487 1529 2583 1571 eos
2628 1516 2683 1569 in
2719 1516 3071 1585 septennium
3137 1513 3446 1579 damnavit,
3499 1533 3628 1584 grn-

359 1623 512 1671 σατο,
539 1605 894 1677 βαρύτερονῆ
927 1608 978 1660 οἱ
1017 1608 1127 1679 πρὸ
1157 1609 1324 1663 αὐτοῦ
1376 1610 1476 1681 τὴν
1538 1612 1796 1693 πορνείαν
1844 1633 1937 1670 κο-

2038 1608 2269 1678 viasque
2298 1608 2434 1661 adeo
2456 1621 2620 1678 quam
2650 1607 2741 1676 qui
2774 1615 3181 1677 prmcesserunt
3213 1608 3628 1664 fornicatiom-m

357 1698 575 1765 λάζων,
633 1696 823 1770 ὥσπερ
878 1698 991 1770 ἄρα
1050 1700 1143 1753 καὶ
1179 1699 1346 1770 ἕτερα
1416 1703 1523 1757 τῶν
1586 1705 1775 1759 παθῶν
1833 1708 1933 1761 οὐκ

1586 1705 1775 1759 παθῶν
1833 1708 1933 1761 οῦκ
2037 1699 2272 1768 punivit,
2306 1701 2466 1754 sicuti
2497 1709 2550 1754 et
2581 1700 2843 1770 pleraque
2873 1701 2977 1754 alia
3019 1700 3176 1756 vitia.

357 1791 537 1859 ὀλίγα.

429 1882 562 1952 Περὶ
580 1882 637 1936 δὲ
662 1882 758 1936 τοῦ
782 1885 999 1951 γυναικὶ
1034 1884 1412 1951 συνοικοῦντος
1443 1890 1785 1964 νομίμῳριαὶ
1799 1909 1933 1964 πορ-
1963 1944 2005 1964 η
2106 1876 2227 1931 ³³1³³
2260 1892 2391 1932 νθτο
2416 1877 2482 1932 de
2510 1892 2576 1933 θο
2614 1881 2709 1948 (ἰαί
2753 1879 2996 1949 ιοςίιῖιητί
3027 1895 3155 1934 cum
3202 1894 3375 1935 υκθτο
3406 1894 3505 1935 ⁵¹¹³
3539 1896 3636 1935 (ιο-

359 1971 603 2038 νεύοντος
634 1973 787 2042 ζήτει
841 1977 899 2028 ὲν
931 1975 1007 2046 τῷ
1047 1982 1125 2043 ις’
1156 1980 1440 2050 κεφαλαίῳ
1469 1944 1644 2035 τοῦιΓ.
1662 1944 1929 2053 στοιχείου

2035 1971 2273 2036 habitat,
2300 1972 2550 2041 quamvis
2579 1944 2903 2037 fornicetbr,
2951 1972 3076 2028 vide
3118 1972 3170 2025 in
3204 1971 3382 2042 capite.
3419 1972 3483 2026 l6
3530 1973 3632 2027 litt.

358 2063 562 2118 κανόνα
582 2063 676 2117 τοῦ
700 2065 934 2134 μεγάλου
961 2066 1244 2121 Βασιλείου
1274 2076 1378 2124 κη’.
1724 2090 1733 2097 ’

1724 2090 1733 2097 -
2034 2066 2073 2119 Γ
2098 2080 2367 2121 οοηοιιοηι
2397 2065 2577 2134 magni
2601 2065 2789 2121 Basilii
2817 2080 3049 2121 numero
3074 2065 3164 2118 2|.

429 2155 562 2225 Περὶ
606 2156 663 2208 δὲ
700 2156 795 2209 τοῦ
841 2161 1074 2224 γυναῖκα
1127 2160 1402 2231 παρθένον
1452 2163 1775 2236 φθείραντος
1842 2166 1933 2239 βίᾳ

2105 2143 2180 2212 De
2204 2172 2278 2211 eo
2301 2157 2392 2226 qui
2440 2157 2704 2227 virginem
2738 2174 2833 2226 per
2887 2159 2998 2211 vim
3024 2160 3363 2228 stupraverit
3398 2159 3626 2214 consule

362 2246 516 2317 ζήτει
544 2247 604 2300 τὸ
630 2247 676 2299 λ’
700 2265 829 2318 κεφ.
858 2248 954 2302 τοῦ
973 2250 1015 2302 Γ
1037 2253 1328 2323 στοιχείου.
1378 2286 1385 2297 ι

1285 2272 1328 2308 υ.
1378 2286 1385 2297 ι
2036 2264 2162 2318 cap.
2189 2249 2260 2303 50
2300 2249 2406 2305 litt.
2437 2249 2496 2302 Γ.
2882 2252 2886 2255 ’

439 2340 499 2393 '0
552 2338 609 2392 δὲ
662 2340 837 2411 μέγας
888 2343 1170 2407 Βασέλε.ος
1222 2347 1279 2400 ἐν
1339 2346 1420 2402 κε’
1474 2350 1679 2417 κανόνι,
1719 2352 1778 2406 ’0
1837 2354 1932 2424 τὴν

2108 2341 2245 2394 Tum
2274 2356 2409 2397 vero
2440 2356 2673 2412 magnus
2721 2342 2958 2398 Basilius
3013 2344 3066 2398 in
3129 2358 3337 2398 canone
3392 2344 3483 2407 ‘25,
3532 2344 3638 2410 Qui

359 2428 730 2500 ἆμνήστευτον
762 2432 991 2502 φθείρας
1020 2435 1313 2505 παρθένον,
1338 2440 1495 2508 φησὶ,
1535 2442 1631 2495 καὶ
1656 2443 1793 2512 μετὰ
1835 2445 1934 2514 τὴν

2039 2432 2305 2504 virginem
2386 2435 2629 2489 nondum
2685 2435 3122 2505 desponsatam,
3166 2437 3370 2506 inquit,
3437 2452 3632 2490 corru-

363 2521 567 2591 φθορὰν
599 2516 688 2576 οἶα
723 2524 944 2596 συζύγῳ
966 2524 1268 2597 χρώμενος,
1307 2530 1367 2583 τὸ
1406 2532 1504 2602 μὲν
1532 2533 1626 2587 ἐπὶ
1661 2538 1728 2607 τῇ
1760 2537 1937 2609 φθορᾷ

2039 2525 2204 2596 perit,
2229 2541 2403 2596 eaque
2435 2537 2557 2596 post
2589 2536 2839 2596 stuprum
2891 2536 3152 2598 tanquam
3210 2530 3448 2600 conjuge
3501 2545 3636 2584 usus

361 2611 636 2678 ἐπιτίμιον
680 2610 1073 2683 ύποστήσεται.
1109 2616 1222 2685 Τὴν
1246 2617 1301 2670 δὲ
1346 2621 1603 2684 γυναῖκα,
1659 2621 1756 2692 τὴν
1819 2624 1937 2693 μετ’

2040 2617 2268 2681 fuerit,
2329 2619 2796 2686 constuprationis
2859 2633 3052 2688 pmnas
3120 2620 3292 2673 dabit.
3358 2619 3637 2674 Feminam

362 2701 531 2755 αὑτοῦ
555 2702 863 2771 συμὸἔωσιν
912 2705 1267 2775 αἱρουμένην,
1319 2708 1420 2761 οὐκ
1477 2711 1936 2782 ἀφαιρεθήσεται,

2042 2726 2194 2774 vero,
2233 2710 2279 2765 si
2314 2725 2438 2764 cum
2472 2711 2564 2765 illo
2597 2725 2703 2764 una
2750 2711 2930 2766 vivere
2966 2713 3117 2777 velit,
3150 2729 3256 2766 non
3287 2714 3595 2782 repudiabit
3625 2754 3640 2773 ,

361 2793 501 2862 εἴγε
528 2796 621 2847 καὶ
645 2794 692 2846 oi
724 2796 899 2861 γονεῖς
923 2798 1018 2859 τῆς
1076 2797 1246 2866 κόρης
1294 2798 1499 2870 δηλαδὴ
1556 2804 1941 2875 καταδέχοιντο

2041 2802 2306 2856 nimirum
2342 2803 2641 2859 dummodo
2697 2815 2953 2874 parentes
2999 2805 3216 2875 puellm,
3277 2823 3399 2875 qua:
3458 2810 3640 2859 adhuc.

362 2886 442 2937 ἔτι
476 2882 637 2955 οὔσης
655 2885 1005 2949 ὗπεξουσίου.
1045 2887 1308 2943 Ἐκείνων
1327 2891 1434 2960 γάρ
1466 2893 1543 2965 μὴ
1571 2894 1939 2966 ἀνεχομένων,

2043 2894 2149 2948 sub
2184 2902 2454 2963 potestate
2481 2893 2703 2949 illorum
2737 2895 2831 2961 sit,
2864 2894 2917 2949 id
2951 2894 3065 2951 ﬁeri
3098 2896 3470 2966 permiserint.
3504 2895 3638 2948 Nam

363 2978 390 3026 ό
412 2974 640 3044 φθείρας
671 2976 811 3029 κατὰ
849 2978 975 3039 τοὺς
1008 2979 1329 3044 πολιτικοὺς
1374 2983 1578 3054 νόμους
1622 2989 1944 3060 τιμωρηθή-

2044 2985 2089 3040 si
2121 2970 2199 3039 illi
2227 2985 2626 3051 recusaverint,
2651 2994 2934 3055 stuprator
2952 2976 3259 3042 secundum
3280 2986 3430 3056 leges
3453 2989 3643 3042 civiles

366 3067 654 3134 σεται,οὓ;
676 3069 767 3122 καὶ
796 3070 948 3141 ζήτει
981 3073 1124 3126 κατὰ
1180 3075 1241 3127 τὸ
1278 3076 1443 3146 ῥηθὲν
1484 3077 1527 3132 λ’
1559 3097 1684 3150 κεφ.
1749 3081 1845 3136 τοῦ
1902 3083 1942 3136 Γ

2046 3076 2355 3145 punietur;
2410 3077 2556 3148 quod
2606 3079 2790 3133 disces
2840 3080 3011 3134 etiam
3076 3097 3142 3136 ex
3200 3080 3347 3134 dicto
3400 3097 3521 3152 cap.
3574 3082 3643 3135 ευ

365 3161 651 3232 στοιχείου.
1352 3224 1355 3227 _

636 3203 651 3218 .
1352 3224 1355 3227 ,
2046 3169 2151 3224 litt.
2169 3169 2230 3224 Γ.

447 3255 572 3308 Ἐπὶ
606 3256 854 3327 τριετίαν
888 3257 945 3312 δὲ
966 3260 1063 3313 καὶ
1097 3260 1127 3314 ὁ
1151 3261 1379 3334 φθείρας
1413 3265 1759 3338 ἐπιτιμᾶται,
1789 3270 1882 3324 καὶ
1908 3272 1943 3343 ἡ
1972 3292 2014 3351 C

2117 3260 2344 3317 Pwnam
2399 3274 2584 3319 autem
2654 3265 2981 3320 triennalem
3035 3266 3137 3320 luit
3198 3275 3307 3319 tam
3363 3275 3645 3336 stuprator

367 3351 655 3423 φθαρεῖσα,
693 3355 840 3409 κατὰ
872 3359 997 3421 τοὺς
1040 3360 1330 3430 κειμένους
1386 3362 1483 3415 τοῦ
1544 3365 1702 3429 ἁγίου
1752 3371 1945 3422 τούτου

2055 3366 2221 3420 quam
2253 3359 2523 3422 stuprata,
2546 3352 2705 3423 juxta
2736 3368 2981 3409 canones
3017 3355 3185 3423 hujus
3246 3358 3422 3410 sancti
3470 3356 3646 3410 Patris

366 3445 600 3513 κανόνας
631 3449 689 3500 έν
722 3448 802 3518 τῷ
825 3453 876 3520 η’
907 3466 1036 3517 κεφ.
1079 3451 1174 3504 τοῦ
1203 3452 1246 3505 Γ
1276 3455 1568 3526 στοιχείου.
1608 3458 1945 3525 Ἀκολούθως

2058 3440 2109 3496 in
2142 3456 2266 3516 cap.
2296 3440 2330 3495 8
2354 3442 2458 3497 litt.
2493 3442 2555 3497 Γ.
2589 3441 2656 3497 Ει
2689 3443 2740 3497 in
2771 3458 2839 3498 eo
2874 3443 3096 3513 quidem
3122 3446 3380 3498 convenit
3411 3443 3646 3499 Basilina

368 3539 425 3591 δὲ
455 3540 547 3593 καὶ
577 3533 731 3605 οὗτος
768 3542 847 3611 τῷ
873 3542 1216 3615 ἀποστολικῷ
1241 3545 1288 3609 ζ’
1315 3549 1524 3613 κανόνι,
1580 3549 1640 3603 όν
1664 3552 1757 3604 καὶ
1790 3552 1945 3622 ζήτει

2055 3547 2183 3587 cum
2211 3535 2243 3589 7
2265 3548 2477 3588 canone
2499 3534 2901 3603 apostolorum,
2927 3550 3088 3606 quem
3112 3536 3339 3591 consule
3369 3536 3421 3590 in
3454 3538 3644 3591 eodem

370 3634 429 3686 ἐν
459 3634 535 3705 τῷ
561 3634 709 3705 αὐτῷ
742 3635 788 3689 λ’
820 3655 946 3705 κεφ.
975 3637 1069 3691 τοῦ
1106 3639 1127 3691 Ι
1158 3640 1448 3710 στοιχείου,
1472 3643 1564 3695 τὸν
1583 3645 1684 3715 τὴν
1734 3645 1947 3717 παρθέ-

2056 3624 2127 3679 30
2182 3639 2304 3694 cap.
2360 3625 2464 3679 litt.
2530 3623 2585 3691 Ι,
2634 3626 2779 3695 quod
2844 3634 3214 3695 stupratorem
3269 3626 3500 3695 virginis
3575 3629 3649 3682 le-

368 3744 457 3780 νον
513 3727 814 3800 φθείραντα
847 3731 1095 3800 νομ’μως
1130 3732 1303 3804 ταύτῃ
1367 3734 1737 3793 συνάπτεσθαι
1778 3715 1949 3811 διορί-

2058 3715 2245 3782 gitime
2273 3729 2397 3770 cum
2423 3730 2487 3771 ea
2523 3715 2794 3787 conjungi
2860 3717 3145 3789 (tanquam
3210 3718 3494 3789 maritum)
3554 3721 3651 3775 de-

370 3817 552 3882 ζεται·
590 3819 721 3882 ἴσως
752 3821 858 3889 γὰρ
910 3824 958 3875 εί
1012 3823 1088 3894 μὴ
1146 3824 1322 3895 τούτῳ
1388 3828 1706 3900 συναφθείη,
1754 3805 1949 3898 anno;

2057 3815 2269 3861 cernat.
2297 3805 2415 3864 Nisi
2442 3808 2589 3864 enim
2629 3809 2701 3863 illi
2731 3810 2926 3879 juncta
2961 3809 3148 3876 fuerit,
3182 3809 3395 3865 forican
3423 3812 3647 3866 infamis

372 3910 879 3982 περιλειφθήσεται,
911 3914 1124 3980 οὐδενὸς
1166 3917 1371 3987 ταύτην
1426 3899 1757 3991 αἱρουμένου
1814 3925 1949 3995 πρὸς

1755 3952 1757 3962 ,
1814 3925 1949 3995 πρὸς
2059 3900 2420 3971 relinquetur,
2450 3900 2577 3972 quia
2608 3899 2948 3957 nemoillam
2977 3903 3179 3959 ducere
3209 3904 3356 3958 velit.

373 4007 547 4072 γάμον
579 4003 783 4057 λαϐεῖν.

452 4095 542 4148 Ἐν
566 4095 622 4149 δὲ
652 4095 729 4152 τῶ
757 4104 872 4161 κς’,
914 4100 979 4151 Ἦ
1012 4100 1238 4170 πορνεία
1262 4094 1442 4173 γάμος
1462 4104 1562 4160 οὐκ
1591 4105 1729 4174 ἐστι,
1758 4111 1942 4178 φησὶν,

2125 4078 2347 4136 Canone
2372 4091 2554 4136 autem
2582 4080 2676 4148 ΞΒ,
2702 4080 3046 4150 Fornicatio,
3084 4083 3162 4138 ait
3191 4083 3307 4151 ille,
3367 4082 3651 4137 matrimo—

371 4184 489 4239 ἀλλ’
517 4186 637 4240 οὐδὲ
662 4189 843 4257 γάμου
878 4190 1023 4260 ἀρχή
1049 4206 1062 4219 ’
1095 4193 1143 4243 εἰ
1167 4192 1267 4262 μὲν
1289 4172 1381 4248 οὖν
1407 4190 1520 4250 οἷόν
1551 4213 1612 4250 τε
1647 4172 1783 4263 τοὺς⁷
1806 4172 1946 4254 κατᾶ

2059 4172 2210 4226 nimn
2243 4189 2354 4228 non
2375 4183 2477 4240 est,
2510 4175 2621 4229 imo
2653 4190 2753 4231 nec
2781 4175 2998 4232 initium
3034 4176 3394 4231 matrimonii.
3433 4174 3648 4231 Idcirco

371 4277 629 4348 πορνείαν
662 4283 1106 4353 συναπτομένους
1143 4284 1499 4354 χωρίζεσθαι,
1547 4288 1705 4343 τοῦτο
1754 4292 1946 4362 κράτι-

2061 4266 2104 4320 si
2145 4268 2263 4320 tiori
2298 4268 2493 4335 possit,
2529 4276 2588 4321 ut
2642 4268 2734 4336 qui
2766 4283 2861 4338 per
2897 4269 3320 4324 fornicationem
3364 4269 3648 4339 conjuncti

377 4386 501 4423 στον
526 4388 539 4401 ο
567 4371 767 4443 σαθρὸς
798 4374 907 4445 γὰρ
942 4375 1018 4438 ώς
1065 4376 1300 4446 άθεσμος
1337 4381 1366 4434 ὀ
1402 4381 1500 4434 τοῦ
1549 4360 1804 4437 τοιούτου
1841 4386 1945 4454 γάρ

2060 4369 2190 4414 sunt
2245 4369 2591 4429 separentur,
2647 4361 2754 4414 hoc
2797 4360 2968 4415 multo
3006 4363 3223 4417 melius.
3281 4360 3447 4427 Rutre
3500 4363 3648 4417 enim

374 4480 477 4530 μου
509 4463 775 4534 θεμέλιος.
802 4468 864 4523 Ei
893 4468 950 4522 δὲ
1000 4470 1326 4541 στέργουσιν
1378 4476 1441 4529 ἐκ
1476 4475 1679 4539 παντὸς
1738 4450 1946 4547 τρόπου

2059 4463 2161 4508 est.
2199 4452 2275 4505 uti
2309 4459 2363 4505 ct
2392 4450 2738 4521 illegitimum
2769 4452 2894 4507 talis
2958 4451 3295 4506 matrimonii
3326 4452 3652 4507 fundamen-

376 4556 466 4606 καὶ
502 4554 668 4625 ἄμφω
700 4559 761 4609 τὸ
792 4561 1145 4626 συνοικέσιον,
1178 4564 1237 4618 τὸ
1267 4565 1365 4634 μὲν
1412 4567 1511 4632 τῆς
1547 4569 1805 4639 πορνείας
1828 4570 1945 4623 ἐπι-

2060 4551 2199 4596 tnm.
2235 4541 2330 4595 Sin
2396 4558 2528 4597 vero
2559 4542 2722 4596 ambo
2744 4541 2896 4597 omni
2932 4542 3098 4598 modo
3146 4546 3372 4612 cupiant
3428 4544 3651 4597 cohabi-

377 4644 553 4714 τίμιον
585 4650 1025 4720 γνωριζέτωσαν,
1053 4655 1404 4723 ἀφιέσθωσαν
1441 4656 1497 4710 δὲ
1537 4634 1831 4724 συνοικεῖν,
1865 4662 1951 4717 ἵνα

2062 4636 2350 4701 tationem,
2402 4634 2784 4690 fornicationis
2829 4635 3054 4705 quidem
3104 4651 3325 4705 prauam
3380 4638 3648 4701 sentiant,

376 4734 451 4801 μὴ
478 4737 660 4826 χεῖρόν
701 4755 753 4792 τι
781 4739 1025 4812 γένηται.
1063 4745 1134 4798 Ἣ
1165 4745 1276 4816 γὰρ
1326 4748 1499 4820 ἑτέρῳ
1566 4750 1866 4820 συζυγεῖσα
1913 4756 1947 4826 ἡ

2054 4730 2443 4801 permittuntur
2474 4737 2654 4783 tamen
2691 4743 2797 4782 una
2822 4728 3097 4794 habitare,
3139 4745 3206 4785 ne
3243 4733 3374 4800 quid
3403 4732 3651 4788 deterius

374 4823 530 4895 γυνὴ,
561 4827 642 4891 είς
663 4830 909 4899 μοιχείαν
937 4833 1414 4907 έκκυλισθήσεται,
1441 4838 1521 4909 τῷ
1541 4839 1744 4912 πρώτῳ
1769 4821 1947 4915 λάθρα

2054 4824 2362 4892 contingat.
2400 4821 2617 4891 Quippe
2644 4829 2741 4875 aut
2773 4821 2930 4877 alteri
2955 4821 3148 4891 juncta
3175 4823 3370 4878 mulier
3406 4824 3470 4878 in-
3493 4824 3651 4879 adul-

378 4919 859 4994 συμφθειρομένη·
914 4925 948 4997 ἢ
993 4925 1314 4999 στέργοντες
1358 4929 1625 5000 ἀλλήλους
1687 4932 1948 4995 διακαῶς.

2054 4915 2254 4971 terium
2307 4915 2666 4986 prolabatur,
2725 4931 2849 4970 cum
2917 4916 3090 4972 altero
3139 4916 3650 4983 clanculumcon-

373 5009 467 5061 tul
499 5014 738 5066 συνεῖναι
770 5014 1126 5087 κωλυόμενοι,
1149 5020 1381 5084 ἑαυτοὺς
1407 5021 1849 5093 διαχειρέσονται,
1872 5026 1950 5095 τῷ
2054 5024 2242 5080 ετθεετ·
2266 5050 2279 5070 ο
2311 5017 2428 5072 θυίν
2455 5022 2581 5062 cum
2612 5008 2872 5063 ardente"
2897 5023 2956 5064 se
2976 5008 3281 5080 ἀθβθτθθηι
3308 5013 3567 5075 ίηνῖοθῑην
3593 5023 3651 5070 οι

374 5101 496 5155 κατ’
528 5104 702 5175 ἄκρας
758 5106 964 5161 ἁλῶναι
1011 5108 1090 5180 τῷ
1153 5109 1341 5180 ἔρωτι,
1405 5113 1503 5183 τὴν
1554 5115 1648 5169 ἀπ’
1703 5116 1951 5188 ἀλλήλων

2057 5115 2237 5158 tamen
2271 5118 2300 5157 a
2335 5103 2614 5157 connubio
2662 5103 3085 5172 prohibeantur,
3122 5105 3227 5161 sibi
3285 5121 3483 5160 manus
3530 5108 3649 5161 vio-

376 5193 455 5262 μὴ
505 5195 818 5264 ἐνεγκόντες
867 5198 1164 5266 διάζευξιν.
1223 5204 1384 5274 Ζήτει
1438 5206 1531 5258 καὶ
1586 5205 1679 5258 τὸν
1747 5207 1799 5260 π’
1833 5208 1954 5260 τού-

2059 5200 2237 5256 lentas
2275 5199 2535 5262 inierent,
2567 5212 2679 5267 prae
2710 5212 2931 5254 summo
2963 5213 3151 5254 amore
3191 5214 3299 5268 quo
3331 5200 3649 5267 capiuntur,

374 5304 469 5342 του
528 5291 730 5348 κανόνα
794 5293 851 5346 ἐν
922 5293 1003 5365 τῷ
1059 5293 1102 5346 δ’
1180 5295 1464 5367 κεφαλαίῳ
1524 5299 1620 5353 τοῦ
1702 5300 1745 5354 Γ
1807 5319 1951 5355 στοι-

2059 5291 2461 5359 separationem
2494 5288 2563 5344 ab
2598 5289 2833 5346 invicem
2861 5288 3089 5344 minime
3114 5289 3433 5346 tolerantes.
3458 5290 3653 5357 Quaere

378 5378 547 5450 χείουο
2059 5391 2254 5439 ctcan.
2281 5382 2353 5439 80
2378 5380 2625 5452 ejusdem
2651 5381 2840 5437 Basilii
2881 5395 3004 5450 cap.
3043 5379 3087 5434 Il»
3113 5381 3216 5436 litt.
3254 5380 3314 5432 Γ.

1080 5485 1286 5555 Νόμοι.

2758 5475 2942 5545 Leges.

458 5563 600 5620 Ἀλλ’
642 5570 671 5621 ὁ
717 5570 882 5640 νόμος
941 5572 1030 5628 τὸν
1065 5576 1318 5646 παλλακῇ
1378 5579 1614 5651 σώφρονι
1671 5581 1955 5652 χρώμενον

2135 5570 2263 5627 Vult
2295 5579 2478 5625 autem
2498 5569 2590 5641 jus
2613 5569 2777 5625 civile
2831 5568 3012 5623 virum
3053 5570 3146 5638 qui
3183 5568 3498 5623 concubina
3551 5585 3653 5639 puo

378 5656 786 5725 ἀναγκάζεσθαι
811 5664 1032 5720 κελεύει
1061 5668 1267 5741 ταύτην
1300 5671 1396 5726 καὶ
1422 5673 1572 5743 νόμῳ
1630 5673 1814 5743 γάμου
1865 5674 1960 5727 λα-

2063 5667 2189 5723 dica
2220 5667 2412 5733 utitur,
2445 5666 2564 5736 cogi
2595 5674 2656 5720 ut
2687 5666 2839 5721 illam
2867 5675 3128 5737 tanquam
3159 5678 3386 5720 uxorem
3420 5674 3649 5726 tractet;

386 5749 501 5802 ῦεῖν
522 5768 536 5783 σ
559 5754 659 5824 τὴν
689 5755 745 5809 δὲ
773 5761 869 5811 καὶ
903 5758 1115 5831 ἑτέροις
1144 5766 1507 5837 μιγνυμένην,
1541 5765 1636 5819 καὶ
1673 5767 1748 5838 μὴ
1773 5766 1850 5838 τῷ
1878 5767 1959 5820 ἑνὶ

2062 5776 2184 5817 eam
2227 5773 2358 5816 vero
2410 5773 2534 5829 qam
2588 5774 2712 5814 cum
2780 5759 2901 5813 aliis
2943 5775 3003 5813 se
3053 5758 3413 5819 commiscet,
3474 5771 3652 5825 neque

382 5843 727 5919 ἀρκουμένην
762 5851 1059 5925 προσώποει,
1087 5858 1179 5910 καὶ
1212 5861 1310 5928 τῆς
1341 5860 1514 5922 οἰκίας
1542 5858 1633 5913 τοῦ
1663 5859 1955 5930 πορνεύονι

2065 5871 2175 5908 uno
2208 5854 2325 5908 viro
2361 5862 2616 5907 contenta
2671 5864 2785 5910 est.
2844 5853 3008 5906 etiam
3042 5869 3069 5906 c
3113 5855 3275 5905 deum
3326 5849 3654 5907 fornicantis

382 5954 471 6003 τος
497 5940 628 6005 tam
644 5944 833 5999 .ia'm.

616 5942 833 5999 31301;.
2071 5946 2217 6014 pelli.
