4054 6440
480 441 582 510 115

1665 439 2032 501 ΜᾹΤΤΗΛΞΙ
2074 437 2494 502 BLASTARIS

3617 441 3713 502 HG

555 558 711 626 Quod
738 565 917 612 autem
953 556 1209 611 mulieres
1237 555 1452 623 attinet,
1482 571 1604 624 qua:
1652 569 1749 624 per
1781 555 1889 607 vim
1941 553 2052 606 for-

2229 553 2366 620 Περὶ
2388 553 2444 605 δὲ
2472 551 2580 605 τῶν
2613 551 3027 622 πορνευομὲνων
3053 550 3110 618 ἐξ
3140 551 3387 620 ἀνάγκης
3445 553 3744 627 γυναικῶν.

481 653 760 714 nicantur,
795 663 1024 720 magnus
1045 648 1284 704 Basilius
1315 648 1370 704 in
1401 662 1526 703 can.
1554 645 1646 712 49,
1701 645 1924 714 Stupra.
1952 646 2049 708 ait,

483 759 606 814 quae
633 759 730 812 per
748 741 1199 806 \‘iminferuntnr,
1232 740 1388 810 culpa
1421 747 1639 794 vacant.
1677 739 1754 792 Ita
1781 739 1826 791 si
1856 737 2052 792 ancilla

481 853 510 887 a
542 834 762 904 proprio
800 833 1020 887 domino
1055 833 1160 886 vim
1198 847 1359 901 passa
1385 830 1570 895 fuerit,
1595 828 2056 898 constuprationis

480 930 698 995 quidem
729 929 902 996 gratia
929 970 943 988 .
999 927 1218 982 multari
1275 941 1396 984 eam
1451 925 1678 980 minime
1723 933 1972 994 Oportet;
2009 922 2053 975 si

481 1031 664 1078 tamen
745 1018 906 1072 fuerit
951 1017 1256 1072 diaconissa
1291 1055 1307 1079 ,
1372 1014 1666 1071 abstinebit
1742 1028 1771 1067 a
1831 1026 2055 1068 munt-re

389 1139 396 1145 -
483 1112 931 1170 diaconico.lmo
983 1125 1114 1164 vero
1164 1109 1368 1166 femina
1427 1123 1548 1178 quae
1600 1108 1682 1161 vel
1738 1123 1767 1160 a
1827 1105 2052 1161 domino

483 1221 584 1260 suo
631 1207 714 1260 vel
771 1205 879 1257 alio
937 1203 1134 1272 quovis
1198 1209 1457 1269 corrupta
1518 1197 1724 1262 fuerit,
1797 1197 1912 1252 viro
1960 1194 2054 1264 qui

480 1312 666 1352 sacros
725 1294 949 1347 ordines
1007 1303 1362 1360 suscepturus
1393 1299 1497 1354 est,
1559 1302 2051 1358 nequaquamma-

490 1388 752 1444 trimonio
789 1387 1064 1456 iungetur.

558 1591 718 1660 223
756 1590 970 1643 Primus
997 1597 1176 1640 autem
1201 1600 1372 1640 canon
1405 1581 1843 1652 sanctiGregorii
1873 1581 2053 1633 Thau-

489 1685 724 1752 maturgi
748 1725 761 1747 ,
815 1683 857 1736 si
919 1681 1154 1738 feminae,
1194 1660 1372 1748 inquit
1393 1719 1406 1739 ,
1439 1693 1468 1730 a
1502 1676 1752 1731 barbaris
1785 1682 2054 1742 corruptas

487 1775 598 1828 vita
626 1774 780 1842 prior
803 1773 1058 1826 damnata
1081 1771 1266 1829 fuerit,
1291 1784 1464 1838 neque
1495 1776 1669 1822 status
1698 1766 2049 1828 fornicarius,

485 1863 713 1932 captiva:
745 1863 888 1924 licet,
945 1861 1258 1930 suspicione
1289 1869 1483 1913 vacat:
1538 1871 1708 1926 quare
1745 1871 1870 1910 cum
1901 1855 2050 1924 ejus-
2089 1885 2128 1939 Β

487 1957 634 2010 modi
660 1955 819 2008 facile
849 1952 1195 2006 orationibus
1227 1951 1638 2005 communicare
1673 1963 1779 2002 non
1812 1957 2050 2016 oportet.

486 2047 582 2102 Sin
607 2061 739 2100 vero
769 2045 948 2113 aliqua
977 2043 1032 2097 in
1079 2056 1294 2096 summa
1353 2039 1692 2095 continentia
1738 2037 1958 2102 vixerit,
2001 2045 2054 2090 et

489 2140 732 2210 priorem
767 2137 935 2190 vitam
971 2132 1488 2194 Commonstraverit
1517 2133 1698 2186 omnis
1723 2129 2054 2199 suspicionis

487 2233 740 2290 liberam.
776 2230 886 2296 jam
915 2243 1044 2280 vero
1090 2243 1156 2280 ex
1205 2225 1258 2278 ivi
1319 2225 1477 2279 allata
1506 2239 1570 2277 ac
1628 2222 1952 2278 necessitate
2001 2221 2053 2274 in

490 2323 886 2391 contumeliam
917 2323 1067 2390 lapsa
1099 2319 1288 2381 fuerit,
1321 2317 1627 2371 miseranda
1667 2316 1840 2383 magis
1888 2327 2051 2380 quam

486 2413 816 2486 incusanda,
863 2411 1012 2477 juna
1044 2408 1352 2476 exemplum
1380 2407 1512 2461 illud
1546 2408 1600 2460 in
1630 2403 2055 2460 Deutcronomio

489 2507 560 2560 de
585 2501 1018 2562 adulescentula,
1052 2515 1216 2571 quam
1260 2499 1422 2554 homo
1453 2497 1507 2552 in
1541 2511 1670 2568 agro
1727 2495 1949 2564 reperit,
1999 2504 2056 2548 et

489 2614 586 2667 per
615 2598 723 2649 vim
783 2593 1067 2662 corrupit:
1102 2609 1122 2642 ‹
1156 2591 1614 2652 Adolescentulaa,
1668 2589 1868 2659 inquit,
1920 2587 2055 2642 nihil

469 2690 748 2745 .l'acictis:
790 2706 816 2750 ι,
846 2683 1262 2740 Adulescentula
1309 2684 1490 2738 delicti
1544 2681 1793 2751 capitalis
1830 2694 1940 2734 non
1969 2690 2056 2733 est

493 2796 618 2851 rca,
657 2779 782 2849 quia
813 2775 1268 2848 quemadmodum
1315 2775 1361 2829 si
1390 2774 1516 2844 quis
1569 2776 1734 2828 homo
1788 2773 2055 2826 adversus

494 2873 806 2942 proximum
840 2885 1000 2924 suum
1038 2867 1424 2934 insurrexerit,
1461 2875 1516 2921 et
1544 2865 1725 2936 ipsum
1757 2862 2053 2927 occiderit,

491 2965 574 3022 sic
605 2974 656 3018 et
691 2979 780 3018 res
815 2963 919 3016 ista
951 2977 1074 3016 sese
1117 2961 1302 3014 habet.
1361 2958 1696 3013 Exclamavit
1737 2955 2058 3010 adolescen-

490 3059 627 3124 tula,
655 3056 751 3112 sed
787 3071 895 3110 non
925 3061 1043 3110 erat
1094 3053 1187 3124 qui
1226 3054 1274 3108 ei
1328 3068 1484 3121 opem
1530 3051 1718 3105 ferret.
1771 3049 2057 3104 Verumta-

488 3163 615 3221 men
644 3157 701 3202 et
753 3146 859 3200 illa;
912 3145 1264 3200 mediocriter
1319 3144 1633 3213 punientur,
1689 3142 1849 3196 sicuti
1891 3140 1926 3194 ii
1963 3140 2054 3208 qui

485 3239 644 3308 cibos
671 3237 978 3308 prohibitos
1006 3237 1178 3292 invite
1211 3236 1341 3290 licet
1371 3236 1684 3304 drguslant.

559 3331 635 3385 De
665 3331 882 3385 clericis
913 3341 1094 3384 autem
1123 3328 1217 3398 qui
1244 3328 1297 3381 in
1330 3325 1756 3380 fornicationem
1787 3323 2054 3393 prolapsi

487 3425 618 3485 sint,
639 3424 714 3478 ita
743 3423 796 3476 in
821 3421 1124 3476 canonibus
1145 3422 1504 3476 constitutum
1527 3427 1612 3472 est
1645 3437 1657 3470 :

559 3515 777 3569 Primus
827 3512 1049 3584 quidem
1109 3526 1282 3567 canon
1332 3510 1552 3564 concilii
1599 3507 2056 3562 Neocaesariensis

483 3619 612 3661 eum
653 3605 744 3674 qui
777 3614 898 3674 post
927 3610 1243 3670 susceptum
1283 3601 1650 3656 sacerdotium
1707 3597 2054 3652 matrimonio

487 3695 733 3763 legitimo
760 3695 887 3750 licet
911 3694 1127 3752 mulieri
1154 3693 1427 3765 jungitur,
1460 3707 1684 3746 munere
1711 3691 1804 3745 illo
1839 3690 2014 3760 privat
2037 3730 2054 3755 ,

485 3782 847 3845 fornicantem
871 3803 1004 3842 vero
1044 3793 1140 3840 aut
1160 3787 1214 3839 in
1241 3785 1510 3839 adulterio
1525 3785 1853 3852 prehensum
1873 3797 1938 3836 ex
1955 3780 2058 3836 Ec-

486 3879 652 3933 clesia
671 3891 898 3948 prorsus
921 3877 1098 3946 pellit,
1118 3877 1174 3930 et
1203 3877 1254 3929 in
1279 3874 1402 3929 loca
1433 3873 1818 3942 pceuitentium
1854 3871 2052 3938 rejicil,

487 3974 581 4025 sed
643 3970 764 4025 istis
820 3970 1000 4038 poenis
1029 3966 1214 4036 plecti,
1279 3965 1620 4020 sacerdotem
1671 3963 2055 4022 fornicaotem,

487 4080 665 4134 neque
695 4064 1000 4119 cauonibus
1059 4060 1430 4130 apostolorum
1465 4072 1641 4125 neque
1673 4057 1894 4110 Patrum
1925 4069 2053 4108 sanv

487 4158 655 4210 citum
684 4173 698 4220 ;
741 4168 882 4224 quos
913 4151 1116 4206 videsis
1147 4151 1200 4205 in
1230 4165 1351 4219 cap.
1378 4149 1446 4203 10
1474 4149 1668 4201 litterae
1689 4149 1749 4220 A,

558 4315 730 4370 Porro
785 4313 979 4388 tertius
1044 4326 1218 4366 canon
1277 4309 1454 4376 magni
1517 4306 1696 4360 Basilii
1763 4306 2054 4359 diaconum

490 4408 858 4466 fornicautem
889 4405 1185 4458 diaconatu
1215 4401 1434 4470 quidem
1477 4399 1684 4467 dcjicit,
1711 4405 1764 4450 ct
1795 4398 1850 4451 in
1886 4395 2057 4450 laico-

491 4516 610 4554 rum
650 4501 834 4555 locum
866 4495 1054 4558 trudit,
1098 4495 1190 4550 sed
1245 4505 1475 4550 tamena
1524 4492 1906 4547 comnmoione
1972 4504 2057 4542 sa-

491 4610 586 4648 cra
614 4590 756 4650 haud
786 4587 1046 4647 excludit.
1077 4587 1212 4642 illud
1270 4585 1488 4656 qu‘dem
1541 4587 1766 4645 laetum,
1799 4586 1894 4645 ait,
1934 4597 2058 4651 pro-

495 4695 618 4754 pter
641 4686 812 4752 legem
847 4689 1106 4744 veterem,
1140 4695 1260 4748 quae
1321 4679 1491 4732 dicit:
1530 4697 1546 4728 ‹
1586 4675 1702 4730 Non
1763 4674 2060 4728 vindicahis

491 4781 576 4834 his
608 4777 663 4831 in
697 4776 959 4844 idipsum.
999 4791 1014 4822 ι
1047 4771 1157 4829 lloc
1179 4781 1381 4832 autem,
1412 4770 1537 4838 quia
1571 4784 1694 4834 spes
1718 4767 1895 4820 omnis
1926 4781 2063 4834 prae-

491 4871 698 4926 ciditur
725 4869 790 4924 ad
825 4867 1115 4936 pristinum
1145 4865 1373 4934 gradum
1409 4862 1697 4920 redeundi.
1723 4859 1932 4928 Quippe
1965 4860 2063 4910 lai-

495 4977 618 5024 cus,
657 4960 750 5029 qui
779 4960 969 5029 lapsus
998 4956 1184 5021 fuerit,
1230 4967 1355 5026 post
1412 4958 1678 5024 temporis
1732 4966 1959 5006 cursum
2008 4951 2062 5002 iu

494 5054 834 5126 pcenitenliae
879 5053 1052 5120 forma
1106 5066 1422 5124 expressum
1473 5049 1610 5104 redit
1667 5047 1811 5100 unde
1860 5045 2064 5098 disces-

499 5154 648 5202 serat
672 5161 687 5208 ;
713 5143 946 5200 clericus
977 5152 1158 5204 autem
1191 5142 1357 5198 semel
1403 5141 1507 5195 luit
1539 5151 1860 5210 permanens
1905 5135 2067 5202 depo-

497 5235 721 5294 sitionis
753 5234 1103 5306 supplicium.
1139 5235 1308 5288 Porro
1343 5242 1526 5288 autem
1561 5231 1613 5284 in
1645 5243 1842 5298 genere
1876 5241 2062 5281 verum

499 5327 805 5383 remedium
837 5337 891 5383 et
916 5327 1243 5397 praeparatio
1272 5327 1392 5394 ejus
1425 5324 1492 5378 ad
1527 5322 1908 5392 mysteriorum
1940 5335 2065 5389 par-

497 5421 874 5492 ticipationem
924 5429 1008 5477 est
1072 5418 1311 5476 reccssio
1349 5432 1380 5474 a
1422 5424 1684 5486 peccato,
1740 5429 1834 5482 per
1881 5429 1990 5466 cor.
2017 5411 2064 5464 is

493 5498 876 5570 contritionem
907 5526 960 5570 et
995 5513 1180 5568 carnis
1201 5509 1624 5578 subiectionem.
1659 5507 1792 5562 Nam
1815 5507 1859 5563 si
1885 5507 2066 5563 adhuc

487 5607 760 5677 pcrsistat
781 5607 833 5660 in
863 5604 1206 5664 fornicando.
1227 5617 1334 5656 non
1367 5600 1542 5654 aulum
1567 5615 1634 5654 ex
1658 5599 2066 5665 communione,

495 5696 592 5760 scd
625 5705 678 5752 et
707 5704 985 5752 conventu
1029 5695 1270 5748 fidelium
1309 5694 1586 5748 orantium
1626 5693 1968 5758 excludetur,
2012 5697 2068 5744 et

496 5789 956 5866 qorrcctionibus,
989 5796 1046 5840 ut
1077 5787 1222 5852 laici,
1249 5785 1592 5855 suhjirictur.

2157 641 2187 694 ὁ
2219 641 2392 710 μέγας
2421 641 2702 704 Βασίλειος
2727 643 2782 693 ἐν
2815 642 2900 709 μθ¹
2933 642 3138 706 κανόνι,
3171 643 3233 694 Ai
3267 641 3405 713 πρὸς
3451 643 3710 712 ἀνάγκην,

2157 733 2312 801 φησι,
2339 733 2632 801 γενόμεναι
2667 731 2887 803 φθοραὶ,
2921 733 3205 785 ἀνεύθυνοι
3236 733 3483 786 ἔστωσαν
3505 751 3520 764 ο
3576 733 3714 787 ὥστε

2157 826 2252 876 καὶ
2277 827 2310 894 ἡ
2340 824 2523 895 δούλη,
2560 826 2610 877 εί
2640 825 2790 893 παρά
2825 825 2922 877 τοῦ
2957 824 3088 878 ἰδίου
3117 825 3379 877 δεσπότου
3407 825 3710 896 βεϐίασται,

2157 915 2492 986 ἀνέγκλητος
2515 917 2654 969 ἔστω
2679 933 2694 946 ο
2729 917 2917 985 ὣσπερ
2941 915 3006 986 δὴ
3033 919 3131 972 καὶ
3154 919 3184 986 η
3221 915 3280 980 ἐξ
3311 917 3569 985 ἁρπαγῆς
3601 915 3714 985 βια-

2157 1005 2366 1068 σθεῖσα,
2395 1007 2428 1077 ἢ
2458 1009 2491 1077 ἡ
2515 1009 2628 1070 τοῖς
2660 1007 2939 1076 πολεμίοις
2969 1007 3258 1077 ληφθεῖσα,
3282 1010 3380 1062 καὶ
3433 1007 3526 1060 ὑπ’
3571 1005 3714 1059 ὲκεί-

2155 1115 2261 1154 νων
2288 1098 2556 1166 φθαρεῖσα
2579 1114 2594 1129 ·
2632 1099 2766 1151 ἀλλὰ
2805 1099 2901 1168 τῆς
2931 1099 3028 1162 μὲν
3058 1098 3262 1169 φθορᾶς
3313 1097 3500 1151 ἕνεκεν
3543 1099 3715 1151 ἐπιτιο

2158 1188 2366 1258 μᾶσθαι
2399 1189 2602 1258 ταύτην
2632 1189 2694 1242 ού
2724 1189 2861 1244 δέον.
2909 1190 2970 1241 Εἰ
3014 1189 3069 1241 δὲ
3126 1189 3376 1250 διάκονος
3422 1188 3714 1256 ἐτύγχανεν

2154 1277 2312 1342 οὖσα,
2346 1281 2438 1334 τοῦ
2468 1283 2735 1336 διακονεῖν
2773 1281 3038 1334 παύσεται
3066 1297 3080 1310 ο
3143 1281 3258 1333 ἀλλ’
3296 1281 3418 1333 οὐδὲ
3451 1280 3528 1348 τῷ
3561 1281 3717 1349 ἱερω-

2156 1371 2416 1441 θήσεσθαι
2451 1373 2700 1442 μέλλοντι
2752 1373 2784 1441 ἡ
2838 1371 2943 1424 ὑπὸ
2996 1373 3250 1426 τοιούτων
3290 1371 3628 1443 ἐφθαρμένη,
3681 1371 3714 1442 ἢ

2153 1465 2480 1534 οίουδήτινος
2507 1463 2693 1526 ἄλλου,
2731 1463 3153 1532 συναφθήσεται.

2236 1555 2296 1610 '0
2325 1556 2383 1608 δὲ
2411 1563 2458 1608 α’
2491 1555 2670 1609 κανὼν
2696 1550 2786 1607 τοῦ
2825 1554 2982 1622 ἁγίου
3012 1553 3316 1623 Γρηγορίου
3367 1553 3461 1607 τοῦ
3499 1553 3718 1622 Θαυμα-

2155 1645 2410 1716 τουργοῦ,
2443 1645 2552 1712 τῆς
2585 1646 2687 1697 ὑπὸ
2725 1644 3016 1715 βαρϐάρων
3077 1645 3402 1714 φθαρείσης,
3464 1647 3616 1714 φησὶ,
3671 1645 3718 1696 εἰ

2158 1739 2256 1803 μὲν
2295 1741 2388 1792 καὶ
2416 1739 2444 1789 ὁ
2469 1737 2734 1807 πρότερος
2769 1737 2882 1804 βίος
2943 1738 3304 1803 κατέγνωστο,
3359 1736 3483 1789 ούδέ
3529 1736 3719 1803 δορυα-

2157 1828 2326 1880 λώτου
2351 1828 2648 1896 γενομένης
2687 1831 2719 1898 ὴ
2753 1827 2985 1896 πορνικὴ
3020 1827 3134 1890 est;
3191 1828 3524 1892 ἀνύποπτος,
3549 1825 3719 1896 ταύτῃ

2157 1936 2240 1972 τοι
2270 1920 2365 1972 καὶ
2395 1919 2702 1989 προχεέρως
2735 1917 2795 1970 οὐ
2826 1919 2908 1969 δεῖ
2935 1921 3052 1980 ταῖς
3074 1919 3354 1980 τοιαύταις
3403 1917 3580 1986 εὐχῶν
3613 1933 3722 1970 κοι-

2156 2011 2366 2064 νωνεῖν.
2398 2011 2459 2062 El
2489 2010 2547 2062 δέ
2578 2027 2660 2072 τις
2699 2011 2759 2061 ἐν
2791 2009 2938 2079 ἄκρᾳ
2965 2009 3179 2077 ζήσασα
3225 2010 3576 2078 σωφροσύνη.
3631 2007 3722 2060 καὶ

2157 2102 2412 2163 ὑπονοίας
2445 2101 2622 2169 πάσης
2651 2101 2934 2170 ἐλεύθερον
2983 2100 3073 2152 τὸν
3121 2101 3386 2170 πρότερον
3433 2099 3722 2164 ἐπιδεδειγέ

2159 2193 2297 2262 μένη
2324 2191 2460 2262 βίον,
2485 2187 2579 2243 νῦν
2603 2193 2666 2244 ἐκ
2691 2189 2812 2260 βίας
2861 2193 2956 2244 καὶ
2997 2190 3242 2260 ἀνάγκης
3299 2189 3722 2259 περιπέπτωκεν

2157 2281 2334 2349 ὕϐρει,
2365 2280 2636 2334 ἐλεεῖσθαι
2668 2279 2887 2348 μᾶλλον,
2917 2279 2950 2351 ἢ
2978 2278 3325 2348 ἐγκαλεῖσθαι
3347 2269 3558 2342 δικαία,
3583 2277 3722 2336 κατὰ

2155 2373 2216 2427 τὸ
2237 2375 2294 2425 ἐν
2321 2373 2399 2442 τῷ
2434 2373 2783 2443 Δευτερομίῳ
2824 2372 3178 2442 παράδειγμα
3208 2371 3303 2424 ἐπὶ
3367 2370 3437 2440 τῇ
3501 2370 3719 2434 νεάνιδι,

2155 2468 2224 2537 ἢν
2264 2469 2322 2520 ἐν
2361 2467 2438 2537 τῷ
2492 2466 2662 2536 πεδίῳ
2698 2464 2876 2536 εὑρὼν
2911 2463 3197 2535 ἄνθρωπος
3239 2462 3535 2518 ἐϐιάσατο·
3599 2479 3617 2511 t
3642 2458 3718 2530 Τῇ

2157 2559 2359 2613 νεάνιδι
2379 2559 2511 2629 γὰρ,
2545 2575 2564 2609 ι
2594 2559 2780 2628 φησὶν,
2813 2575 2830 2606 t
2856 2557 2916 2609 οὐ
2937 2557 3220 2626 ποιήσεται
3240 2555 3447 2608 οὐδέν.»
3478 2555 3590 2608 Οὐκ
3611 2551 3722 2605 ἔστι

2156 2653 2222 2720 τῇ
2255 2649 2450 2704 νεάνιδι
2477 2649 2783 2720 ἁμάρτημα
2814 2645 3064 2710 θανάτου,
3091 2647 3174 2698 ὅτι
3199 2643 3274 2707 ὡς
3317 2643 3482 2706 εἴτις
3521 2642 3719 2710 ἀναστῇ

2157 2743 2251 2796 ἐπὶ
2283 2741 2373 2794 τὸν
2401 2739 2628 2812 πλησίον
2650 2739 2836 2804 αὑτοῦ,
2865 2737 2960 2790 καὶ
3008 2733 3293 2806 θανατὼσῃ
3351 2732 3516 2786 αὐτόν
3541 2749 3557 2766 ο
3585 2730 3720 2784 οὓτω

2159 2835 2253 2888 καὶ
2287 2833 2348 2886 τὸ
2378 2833 2612 2902 πρᾶγμα
2641 2830 2819 2884 τοῦτο·
2854 2829 3080 2897 ἐϐόησεν
3107 2827 3141 2896 ἡ
3175 2825 3381 2888 νεᾶνις,
3410 2825 3511 2878 καὶ
3534 2824 3562 2876 δ
3601 2823 3724 2894 βοη-

2159 2925 2267 2979 θῶν
2293 2925 2390 2978 οὐκ
2420 2919 2487 2994 ἦν
2517 2923 2677 2992 αὐτῇ.
2713 2919 2860 2990 Πλὴν
2893 2919 2990 2972 καὶ
3037 2911 3199 2970 αὗται
3241 2915 3484 2986 μετρίως
3541 2914 3724 2965 tum-

2161 3015 2518 3085 μηθήσονται,
2549 3012 2622 3075 ὥς
2641 3028 2704 3080 γε
2717 3011 2782 3082 δὴ
2811 3010 2907 3063 καὶ
2934 3012 2981 3062 οἱ
3011 3005 3314 3078 βρωμάτων
3335 3002 3721 3077 ἀπειρημένων

2159 3106 2280 3160 κατ’
2307 3105 2551 3173 ἀνάγκην
2589 3102 3048 3171 ἀπογευσάμενοι.

2229 3283 2364 3355 Περὶ
2417 3283 2471 3336 δέ
2497 3281 2604 3335 τῶν
2631 3279 2857 3350 πορνείᾳ
2893 3275 3392 3346 περιπεπτωκότων
3454 3269 3724 3344 κληρικῶν

2156 3377 2326 3430 ταῦτα
2353 3376 2465 3439 τοῖς
2500 3375 2688 3428 κανόσι
2713 3373 3019 3440 διείληπται
3041 3385 3055 3399 ·

2238 3469 2297 3522 Ὀ
2330 3467 2430 3538 μὲν
2454 3467 2560 3536 γὰρ
2583 3464 2630 3520 α’
2663 3465 2843 3520 κανὼν
2883 3463 2983 3532 τῆς
3011 3462 3070 3513 ἐν
3101 3457 3513 3530 Νεοκαισαρείᾳ
3569 3453 3721 3509 συνύ·

2156 3559 2248 3611 δου
2303 3559 2394 3609 τὸν
2422 3559 2560 3627 μετὰ
2583 3555 2678 3623 τὴν
2713 3552 3014 3624 ἱερωσύνην
3067 3549 3283 3618 νομίμῳ
3311 3547 3479 3614 δῆθεν
3507 3543 3722 3614 γυναικὶ

2159 3647 2496 3718 συναφθέντα
2526 3647 2624 3715 τῆς
2667 3644 2965 3714 ἱερωσύνης
2987 3641 3298 3710 ἀπογυμνοῖ
3315 3653 3330 3668 ο
3350 3635 3724 3708 πορνεύσαντσ.

2155 3741 2212 3795 δέ
2244 3742 2276 3814 ἢ
2308 3709 2680 3810 ,μοιχεύσαντα
2711 3709 2932 3798 τελέως
2958 3735 3056 3804 τῆς
3107 3709 3438 3802 Ἐκκλησίας
3469 3709 3756 3796 ἐξοστρα-’

2159 3832 2322 3896 κίζει,
2352 3831 2445 3883 καὶ⁸
2476 3832 2533 3882 ἐν
2555 3831 2669 3891 τοῖς
2705 3828 2890 3889 τόποις
2921 3827 3104 3894 ἵστησι
3127 3822 3233 3876 τῶν
3272 3822 3676 3893 μετανοούντων
3705 3828 3720 3844 ⁶

2159 3922 2295 3976 ἀλλὰ
2327 3921 2385 3974 τὸ
2417 3919 2772 3988 ἐπιτιμᾶσθαι
2813 3916 2984 3988 ταύτῃ
3017 3915 3106 3968 τὸν
3149 3914 3526 3984 πορνεύσαντα
3553 3909 3718 3981 ίερέα,

2159 4012 2282 4064 οὔτε
2309 4012 2421 4072 τοῖς
2443 4007 2841 4074 ἀποστολικοῖς,
2883 4004 3010 4058 οὔτε
3041 4007 3152 4066 τοῖς
3203 4003 3497 4073 Πατρικοῖς
3539 3996 3728 4056 κανόσι

2158 4105 2327 4168 δοκεῖ,
2358 4100 2452 4164 οὒς
2479 4100 2574 4155 καὶ
2607 4100 2761 4170 ζήτει
2795 4099 2852 4150 ἐν
2877 4095 2954 4167 τῷ
2988 4101 3018 4149 ι’
3057 4093 3338 4164 κεφαλαίῳ
3375 4093 3473 4146 τοῦ
3507 4093 3546 4144 Δ
3583 4103 3724 4143 στοι-

2158 4193 2326 4263 χείου.

2231 4284 2442 4352 ’Ὥσπερ
2481 4281 2544 4349 δὴ
2579 4279 2672 4334 καὶ
2709 4281 2735 4331 ὁ
2757 4283 2805 4346 γ’
2827 4275 2922 4330 τοῦ
2958 4275 3195 4345 μεγάλου
3220 4272 3505 4328 Βασιλείου
3549 4268 3724 4325 κανὼν

2159 4377 2251 4428 τὸν
2285 4373 2658 4442 πορνεύσαντα
2681 4370 2926 4424 διάκονον
2985 4368 3082 4436 τῆς
3123 4367 3221 4435 μὲν
3242 4365 3516 4429 διακονίας
3537 4360 3728 4418 ἐκϐάλ-

2159 4465 2266 4530 λει,
2291 4465 2384 4516 καὶ
2415 4465 2492 4524 εἰς
2524 4461 2616 4513 τὸν
2645 4460 2753 4512 τῶν
2789 4455 2992 4510 λαῖκῶν
3038 4453 3335 4508 ἀπωθεῖται
3386 4454 3574 4518 τόπον,
3631 4449 3728 4518 τῆς

2090 4535 2132 4588 D
2166 4561 2222 4613 δὲ
2245 4559 2528 4618 κοινωνίας
2557 4557 2658 4608 οὐκ
2705 4553 2957 4620 ἀπείργει
2989 4550 3098 4603 τῶν
3149 4549 3508 4616 ἁγιασμάτων
3531 4561 3546 4577 ·
3578 4541 3729 4597 τοῦτο

2167 4652 2285 4722 μὲν,
2303 4649 2454 4718 φησὶ,
2481 4647 2566 4701 διὰ
2587 4647 2696 4709 τὸν,
2731 4663 2748 4694 ι
2775 4644 2888 4696 Οὐκ
2909 4641 3240 4711 ἐκδικήσεις,
3267 4659 3287 4692 ι
3322 4639 3570 4707 λέγοντα,
3603 4653 3622 4686 ‹
3652 4633 3731 4692 δὶς

2165 4747 2256 4798 ἐπὶ
2281 4745 2342 4797 τὸ
2365 4743 2515 4809 αὐτὸ,
2549 4760 2568 4792 ι
2603 4739 2826 4793 παλαιὸν
2859 4739 3020 4808 νόμον
3042 4752 3057 4767 ·
3085 4735 3244 4788 τοῦτο
3289 4734 3365 4798 δὲ,
3397 4733 3495 4790 καὶ
3544 4731 3630 4784 διὰ
3672 4723 3732 4777 τδ

2171 4839 2243 4905 μὴ
2271 4837 2415 4906 ἔχειν
2441 4835 2518 4887 ἔτι
2554 4833 2740 4886 ἐλπίδα
2793 4831 2929 4901 πρὸς
2993 4829 3084 4882 τὸν
3144 4829 3404 4898 πρότερον
3457 4821 3731 4878 ἐπανιέναι

2170 4929 2395 4998 βαθμόν.
2435 4927 2496 4981 Ὀ
2547 4927 2644 4996 μὲν
2701 4925 2807 4994 γὰρ
2855 4922 3040 4984 λαῖκὸς
3091 4920 3394 4980 ἐκπίπτων,
3441 4919 3578 4988 μετὰ
3638 4909 3731 4980 τὴν

2168 5017 2616 5088 ἐντετυπωμένην
2646 5017 2704 5069 ἐν
2738 5018 2802 5086 τῇ
2849 5011 3109 5084 μετανοίᾳ
3145 5010 3239 5063 τοῦ
3299 5009 3493 5080 χρόνου
3552 5003 3732 5075 περίο-

2113 5135 2123 5144 ι
2167 5113 2274 5174 διν,
2337 5113 2616 5165 ἐπάνεισιν
2669 5108 2790 5161 ὅθεν
2847 5105 3168 5174 ἐξελήλυθεν
3199 5121 3212 5134 ο
3253 5097 3408 5164 οὗτος
3471 5100 3528 5152 δὲ
3591 5094 3758 5166 ἅπαξ,

2169 5206 2296 5274 lia/‘5
2323 5203 2520 5274 διαρκῆ
2550 5202 2648 5271 τὴν
2679 5197 2980 5266 καταδίκην
3012 5197 3111 5264 τῆς
3143 5193 3516 5264 καθαιρέσεως
3539 5207 3554 5222 ο
3599 5187 3732 5242 καθ-

2169 5296 2291 5348 όλου
2317 5312 2380 5362 γε
2413 5295 2520 5364 μὴν
2551 5291 2748 5361 ἀληθὲς
2799 5287 2947 5357 αὐτῷ
2979 5289 3114 5356 ίαμα
3181 5287 3316 5357 πρὸς
3375 5282 3472 5353 τὴν
3522 5277 3736 5354 μέθεξιν

2167 5387 2274 5441 τῶν
2295 5384 2668 5454 ἁγιασμάτων,
2688 5384 2718 5451 ἡ
2742 5383 2837 5452 τῆς
2865 5378 3136 5449 ἁμαρτίας
3163 5376 3530 5448 ἀναχώρησις,
3560 5369 3647 5426 δια
3675 5381 3734 5420 τε

2169 5475 2510 5547 συντριμμοῦ
2542 5475 2790 5543 καρδίας.
2838 5472 2930 5523 καὶ
2958 5469 3332 5538 παιδαγωγίας
3379 5469 3480 5537 τῆς
3519 5462 3734 5536 σαρκός.

2171 5573 2232 5626 Εἰ
2256 5571 2364 5640 γὰρ
2395 5570 2474 5622 ἔτι
2501 5565 2776 5636 πορνεύων
2803 5565 2864 5618 οὐ
2898 5565 3194 5628 πέπαυται,
3239 5561 3317 5632 μὴ
3363 5561 3443 5614 ὃτι
3471 5561 3572 5628 τῆς
3627 5570 3738 5608 κοι-

2171 5666 2389 5722 νωνίας.
2424 5661 2559 5712 ἀλλὰ
2585 5658 2678 5712 καὶ
2710 5659 2807 5727 τῆς
2845 5657 2984 5726 μετά
3028 5655 3136 5710 τῶν
3173 5651 3384 5709 πιστῶν
3408 5652 3488 5716 εἰς
3525 5649 3620 5711 τὰς
3646 5645 3736 5698 εύ·
3774 5687 3780 5692 .

2171 5759 2270 5829 χᾶς
2300 5753 2660 5814 συνελεύσεως
2680 5751 3093 5820 ἐκϐληθήσεται,
3120 5747 3213 5800 καὶ
3231 5745 3529 5818 ἐπιτιμίοις
3551 5741 3735 5808 ὥσπερ

2174 5851 2219 5902 οί
2246 5847 2336 5900 τοῦ
2369 5846 2496 5898 λαεῦ
2530 5842 3093 5900 καθυποϐλτῖθὴςεται.
