4054 6438
368 421 464 486 lli

1350 419 1754 481 smmum
1800 419 2414 501 ALPIIABETICUM.
2448 443 2510 452 —
2554 413 2620 464 ﬂ-

3515 410 3621 474 1'18

449 538 509 588 Ὀ
548 537 603 589 δὲ
629 535 712 605 pb"
743 537 976 604 γυναῖκα
1020 536 1265 591 διάκονον
1316 538 1540 606 Ἕλληνι
1593 536 1938 606 συμπορνεύ-

2126 536 2330 590 Deinde
2365 551 2542 588 canon
2569 534 2638 587 ιιι
2671 529 3050 586 diaconissam
3083 544 3203 597 qure
3247 542 3372 581 cum
3430 526 3622 582 Graece

345 627 535 682 ’σασαν
583 629 683 696 τῆς
714 629 814 698 μὲν
841 629 995 693 ἀξίας
1027 629 1299 699 καθαιρεῖ,
1335 631 1612 682 κοινωνεῖν
1644 627 1700 682 δὲ
1718 628 1795 700 τῷ
1824 629 1939 698 λαῷ

371 721 609 782 στάσεως
640 720 734 773 καὶ⁵
766 721 941 790 εὐχῶν
972 722 1070 773 οὐκ
1103 722 1376 791 ἀπεῖργει·
1404 721 1481 791 τῷ
1518 721 1572 773 δὲ
1604 721 1646 784 ζ’
1679 721 1792 773 ἕτει
1842 721 1940 786 τῆς

369 812 473 866 τῶν
503 812 858 881 ἀγιασμάιτων
889 813 1170 877 κοινωνίας
1200 813 1484 879 ὸξιοῦσθαι
1523 813 1759 879 κελεύει,
1791 813 1845 864 εί
1877 830 1940 880 γε

369 905 425 956 ὲν
466 904 656 975 ἁγνείᾳ.
687 903 826 974 βιῴη
854 905 947 959 καὶ
999 904 1342 974 σωφροσύνῃ.
1380 905 1458 974 Τῇ
1494 904 1672 958 πίστει
1696 903 1749 956 δὲ
1775 921 1942 971 προσ-

372 998 497 1048 ιόντι
525 996 602 1064 τῷ
628 997 874 1063 Ἕλληνι,
908 997 1001 1050 καὶ
1035 997 1238 1066 ταύτην
1270 1000 1347 1060 είς
1401 998 1580 1066 γάμου
1647 997 1942 1064 συνάφειαν

371 1087 696 1158 αἰτουμένῳ,
736 1089 834 1142 οὐκ
891 1089 1062 1141 οῖεται
1119 1088 1228 1142 δεῖν
1286 1089 1574 1150 ἐκδιδόναι,
1637 1087 1943 1157 ἱεροσυλίαν

372 1180 515 1248 σαφῆ
541 1179 908 1248 λογιζόμενος,
933 1179 992 1232 τδ
1014 1179 1161 1244 ἅπαξ
1181 1181 1482 1251 ἀριερωθὲν
1513 1181 1590 1250 τῷ
1617 1181 1735 1251 Θεῷ
1785 1180 1945 1250 σῶμα

372 1271 450 1333 εἰς
478 1271 670 1339 χρῆσιν
707 1272 975 1341 σαρκικῆς
1009 1273 1278 1342 ὑπάρχειν
1314 1273 1630 1341 ἐπιθυμίας.
1667 1273 1947 1327 Ἐντεῦθεν

371 1363 482 1424 τοῖς
518 1362 690 1430 ὀρθῶς
726 1364 1018 1417 σκοποῦσιν
1044 1367 1142 1417 οὐκ
1173 1365 1390 1434 ἄδηλον,
1447 1365 1522 1428 ὡς
1573 1367 1697 1419 οὐδὲ
1750 1367 1948 1437 κληρι-

372 1458 500 1518 κους
564 1460 1234 1528 μετασχηματιζομένους.
1288 1461 1320 1530 ἢ
1384 1461 1670 1531 μοναχοὺς,
1731 1462 1949 1528 γυναιξὶ

379 1547 743 1600 συνάπτεσθαι
784 1549 1027 1618 θεμιτόν·
1060 1552 1119 1602 οὐ
1153 1551 1252 1619 μὲν
1287 1552 1408 1603 οὐδὲ
1438 1553 1536 1614 τὰς
1586 1554 1696 1604 τῶν
1757 1552 1949 1622 ἱερέων

374 1642 635 1704 γυναῖκας
697 1641 865 1706 ὅσιον,
905 1641 1179 1711 δευτέροις
1233 1644 1431 1712 γάμοις
1485 1646 1857 1716 προσομιλεῖν,
1892 1646 1950 1696 ἓν

376 1729 532 1798 σῶμα
601 1733 666 1800 τῇ
747 1733 882 1802 πρὸς
949 1736 1076 1797 τοὺς
1146 1739 1326 1805 ἱερέας
1401 1739 1670 1808 συναιρείᾳ
1723 1755 1955 1807 γεγενη-

377 1822 566 1890 μένας.

2042 629 2312 684 fornicata
2348 627 2536 691 fuerit,
2569 625 2837 695 dignitate
2874 637 2973 677 sua
3007 621 3263 684 abdicat;
3305 635 3412 672 non
3477 629 3624 671 vetat

2043 730 2225 776 tamen
2275 719 2408 788 quin
2460 721 2696 773 statione
2753 733 2816 771 ac
2847 715 3105 784 precibus
3143 729 3268 769 cum
3308 712 3466 767 laicis
3517 726 3624 764 una

2044 812 2449 867 communicet:
2487 827 2631 864 anno
2667 809 2792 864 dein
2842 808 3077 875 septimo
3107 805 3175 860 ad
3207 819 3422 860 sacram
3471 819 3629 856 com-

2045 904 2367 958 munionem
2404 903 2616 956 admitti
2651 901 2829 972 jubet,
2863 901 2909 954 si
2946 900 2997 954 in
3042 899 3299 952 castitate
3359 912 3422 950 ac
3466 894 3627 964 pudi-

2045 997 2173 1050 citia
2201 995 2413 1050 vixerit.
2443 993 2633 1050 Graeco
2661 1010 2789 1047 vero
2812 994 2926 1054 isti,
2954 994 2999 1045 si
3033 990 3102 1045 ad
3141 991 3300 1043 fidem
3325 1003 3628 1042 conversus

2051 1090 2306 1144 leininam
2350 1088 2500 1142 illam
2533 1089 2586 1141 in
2645 1087 3058 1140 matrimonium
3095 1083 3334 1153 petierit,
3404 1080 3630 1134 minime

2049 1179 2372 1234 tradendam
2407 1194 2530 1233 esse
2555 1177 2790 1246 judicat,
2835 1187 3095 1245 reputans
3124 1175 3478 1228 manifestum
3507 1186 3631 1226 esse

2048 1271 2402 1338 sacrilegium
2461 1286 2664 1339 corpus
2727 1269 2896 1324 semel
2957 1270 3068 1322 Deo
3132 1275 3516 1320 consecratum
3575 1263 3628 1314 in

2050 1379 2208 1417 usum
2244 1363 2481 1417 carnalis
2531 1361 3000 1430 concupiscentiae
3031 1360 3249 1414 cedere.
3286 1357 3428 1411 llinc
3485 1365 3634 1425 patet

2048 1458 2152 1511 ista
2191 1457 2293 1509 rite
2354 1455 2784 1524 pensitantibus,
2844 1454 2989 1524 quod
3037 1468 3215 1522 neque
3247 1451 3481 1506 clericos
3536 1448 3632 1518 qui

2049 1547 2298 1601 habitum
2363 1554 2595 1607 mutant,
2648 1545 2763 1599 sive
2833 1544 3133 1598 monachos
3174 1556 3374 1596 uxores
3430 1541 3631 1593 ducere

2053 1637 2132 1690 fas
2165 1638 2233 1691 sit
2263 1655 2275 1690 :
2303 1638 2414 1689 into
2440 1652 2620 1705 neque
2649 1637 2800 1705 pium
2833 1651 3036 1690 uxores
3063 1635 3410 1690 sacerdotum
3439 1649 3637 1686 set-un-

2051 1727 2148 1782 das
2176 1729 2397 1792 nuptias
2431 1728 2784 1787 contrahere,
2816 1743 2941 1782 cum
2996 1742 3091 1795 per
3156 1725 3473 1794 coniugium
3507 1739 3632 1778 cum

2054 1819 2428 1872 sacerdotibus
2455 1816 2611 1872 facta:
2643 1817 2848 1871 fuerint
2890 1833 3057 1870 unum
3094 1831 3314 1884 corpus.
3491 1806 3493 1808 ’

441 1916 602 1983 Ζήτει
635 1917 728 1972 καὶ
789 1918 847 1971 τὸ
875 1918 954 1972 κε’
1006 1937 1134 1988 κεφ.
1189 1921 1280 1974 τοῦ
1317 1924 1362 1974 Χ
1399 1922 1687 1992 στοιχείου.
1736 1921 1832 1975 καὶ
1889 1921 1946 1974 ὲν

2119 1909 2311 1974 ριιιῐςιο
2343 1909 2506 1962 etiam
2540 1925 2659 1977 cap.
2687 1909 2755 1962 25
2789 1909 2900 1963 iitt.
2926 1907 3008 1974 Χ,
3049 1918 3104 1962 et
3146 1909 3199 1961 in
3239 1925 3360 1976 cap.
3397 1907 3424 1958 4
3459 1906 3570 1960 litt.
3599 1907 3635 1956 l‘

372 2007 448 2075 τῷ
499 2005 539 2059 δ’
573 2026 700 2078 κεφ.
749 2011 844 2064 τοῦ
897 2013 945 2067 Γ
1003 2015 1264 2082 στοιχείου
1323 2017 1554 2076 κανόνας
1601 2015 1709 2068 τῶν
1769 2015 1942 2084 ἁγίων

373 2100 684 2155 ἀποστόλων
727 2101 792 2168 ιζ’
819 2107 912 2158 καὶ
938 2112 1028 2174 ιη’,
1068 2107 1159 2159 καὶ
1190 2109 1278 2159 τὸν
1307 2107 1385 2174 Ea!
1408 2111 1466 2161 ὲν
1496 2107 1572 2178 τῷ
1598 2108 1657 2178 ιδ’
1689 2124 1815 2174 κεφ.
1849 2108 1943 2160 τοῦ

372 2191 428 2245 11
457 2193 724 2262 στοιχείου
751 2209 764 2224 ·
795 2196 888 2249 καὶ
924 2198 988 2249 ἐν
1028 2198 1105 2269 τῷ
1155 2198 1198 2251 θ’
1266 2217 1393 2267 κεφ.
1435 2199 1530 2252 τοῦ
1579 2201 1620 2252 Γ
1679 2200 1946 2268 στοιχείου

372 2283 574 2337 κανόνα
607 2283 687 2348 κζ’
715 2287 807 2339 τοῦ
842 2289 1075 2357 μεγάλου
1102 2292 1410 2370 Βασιλείου,
1467 2297 1563 2347 καὶ
1604 2293 1702 2362 τῆς
1739 2299 1794 2357 ς’
1826 2309 1949 2344 συν-

375 2375 496 2428 όδου
530 2383 643 2443 κς’,
680 2379 773 2431 καὶ
790 2381 849 2432 ὲν
878 2381 957 2450 τῷ
986 2390 1046 2435 ιε’
1075 2402 1201 2453 κεφ.
1235 2385 1324 2437 τοῦ
1359 2386 1524 2440 αὑτοῦ
1557 2386 1820 2458 στοιχείου
1844 2404 1949 2440 κα·

377 2467 502 2520 νόνα
533 2469 624 2521 τοῦ
671 2471 906 2540 μεγάλου
939 2474 1226 2528 Βασιλείου
1263 2477 1359 2542 εον.

448 2558 579 2628 Περὶ
602 2559 657 2612 δὲ
690 2560 798 2612 τῶν
831 2567 1246 2634 πορνευσὰπιτων
1290 2566 1539 2636 μοναχῶν
1566 2565 1715 2638 ζήτει
1767 2568 1861 2620 καὶ
1890 2567 1950 2619 τδ

381 2646 442 2701 ιε’
475 2651 768 2718 κεφάλαιον
791 2653 880 2706 τοῦ
907 2657 962 2710 Μ
1000 2659 1292 2727 στοιχείου.

375 2764 626 2819 ΚΕΦΛΛ.
653 2768 769 2832 ις’.
790 2769 926 2845 Περί
953 2772 1058 2845 τοῦ
1079 2774 1411 2845 πορνεῦσαι
1434 2775 1949 2845 ἐπιθυμήσαντος.

823 2857 858 2892 κ
870 2842 922 2892 πὶ
950 2842 1036 2910 μὴ
1067 2843 1434 2911 πράξαντος.

453 2929 614 2994 Ἔθος
645 2949 709 2998 γε
740 2932 846 3003 μὴν
869 2936 1096 3005 ἀρχαῖόν
1141 2939 1258 2990 ἐστι
1289 2941 1355 3008 τῇ
1393 2940 1585 3011 κακίᾳ,
1629 2941 1702 3010 μὴ
1757 2941 1952 3011 ἀθρύον

378 3021 530 3092 ἡμῖν,
570 3023 708 3092 μηδὲ
739 3023 846 3076 ἀπὸ
901 3026 993 3078 τοῦ
1029 3029 1244 3096 πρώτου
1281 3032 1657 3099 παραστάντος
1687 3033 1953 3104 ἐπιστρα-

379 3111 557 3166 τεύειν
588 3115 656 3167 τὰ
685 3117 854 3187 πάθη,
883 3119 1020 3172 ἀλλὰ
1053 3123 1215 3192 τέχνῃ
1263 3124 1370 3176 τινὶ
1395 3125 1488 3177 καὶ
1519 3124 1768 3195 περινοίᾳ
1807 3143 1955 3194 σοφι-

378 3208 535 3276 στικῇ
566 3208 626 3260 τὸ
653 3210 748 3279 τῆς
773 3211 1052 3277 ἀπωλείας
1076 3216 1208 3284 ἡμῖν
1246 3215 1518 3286 βάραθρον
1554 3219 1693 3270 κατὰ
1758 3221 1954 3288 μικρὸν

379 3297 723 3366 ὑπορύττειν.
762 3302 946 3376 Ταύτῃ
975 3322 1055 3358 τοι
1086 3307 1181 3357 καὶ
1209 3310 1318 3369 τοῖς
1363 3309 1645 3377 λογισμοῖς
1677 3310 1852 3378 ἠπίως
1877 3311 1954 3380 τῷ

375 3389 551 3442 δοκεῖν
617 3394 707 3444 καὶ
759 3393 959 3463 ἱλαρῶς
1040 3397 1458 3466 ἐπιμίγνυσθαι,
1514 3403 1788 3473 προτέραν
1848 3407 1953 3455 τινί

377 3479 674 3552 λεγομένην
721 3485 906 3553 ἐφίησι
978 3487 1284 3558 προσϐολὴν
1355 3491 1433 3559 τῷ
1501 3492 1782 3562 ἐπαγωγῷ
1861 3493 1953 3546 τοῦ

379 3572 730 3646 δεικνυμένου
796 3578 1114 3648 ίνδάλματος
1169 3580 1496 3650 ὑποφθεῖραι
1547 3583 1773 3646 τούτους
1834 3585 1954 3635 ἐπι-

379 3667 584 3731 ϐούλως
625 3672 1022 3741 μηχανωμένη,
1079 3673 1174 3726 καὶ
1202 3676 1298 3736 τὰς
1347 3674 1476 3725 τῶν,
1499 3675 1700 3741 ἡδονῶν
1757 3676 1953 3745 ἀρχὰς,

381 3762 452 3824 ὼς
483 3762 642 3831 ψιλὰς
669 3765 895 3826 ἐννοίας.
928 3767 1022 3829 καὶ
1060 3766 1225 3833 μηδὲν
1284 3766 1469 3830 πλέον,
1498 3767 1564 3819 τά
1595 3784 1656 3834 γε
1710 3769 1789 3830 εἰς
1823 3768 1946 3837 βλά-

381 3851 474 3915 69;
501 3853 752 3923 ἐχούσας,
804 3855 971 3918 ἀδεῶς
1007 3856 1352 3923 εἰσδέξασθαι
1387 3857 1674 3911 πείθουσα.
1707 3858 1956 3928 Κρύπτει

383 3946 575 4014 γὰρτὸ
614 3948 712 4017 τῆς
757 3950 1047 4020 ἁμαρτίας
1105 3949 1423 4021 ἄγκιστρον,
1483 3951 1561 4021 τῷ
1617 3951 1716 4016 τῆς
1762 3952 1957 4022 ἡδονῆς

380 4038 607 4104 δελέατι,
635 4041 710 4103 ὡς
761 4041 826 4094 ἂν
875 4042 1048 4112 τούτῳ
1098 4046 1506 4113 περιχανόντες,
1557 4045 1747 4114 ἐκείνῳ
1805 4063 1962 4115 περι-

384 4133 620 4202 παρῶσι,
657 4134 951 4186 κάντεῦθεν
1000 4135 1240 4189 λαϐοῦσα
1293 4137 1663 4206 ὑποχειρίους,
1719 4139 1819 4190 ὅσα
1866 4141 1959 4196 καὶ

383 4225 680 4296 ὑπηρέταις
718 4229 898 4290 αὐτοῖς
928 4228 1226 4298 χρήσηται.
1275 4229 1400 4280 Εἴθε
1458 4229 1559 4298 μὲν
1598 4229 1690 4283 οὖν
1733 4232 1807 4300 μὴ
1865 4232 1962 4284 καὶ

386 4320 707 4394 συμμάχους
751 4321 1064 4391 ἑκλὰμϐανε
1095 4323 1360 4392 κατὰτῆς
1424 4323 1623 4391 ψυχῆς,
1677 4324 1808 4384 τοὺς
1849 4323 1960 4375 διέ-

384 4425 505 4464 πειν
540 4413 673 4480 φεῦί
726 4415 820 4466 καὶ
869 4417 1133 4484 φρουρεῖν
1188 4415 1358 4482 αὐτὴν
1423 4416 1958 4485 ἐπιτετραμμένους.

384 4504 445 4556 Εἰ
479 4506 584 4573 γὰρ
610 4506 924 4574 γυμνωθείη
948 4507 1047 4574 τῆς
1077 4508 1140 4559 ὲκ
1164 4509 1273 4560 τῶν
1300 4507 1582 4576 λογισμῶν
1644 4509 1961 4578 συμμαχίας

2053 2011 2367 2054 Sanctorum
2393 2012 2570 2070 apost.
2604 2017 2840 2054 canones
2879 2001 2944 2054 l7
2976 2013 3027 2054 et
3057 2002 3142 2064 l8,
3174 2013 3337 2071 atque
3363 2000 3422 2052 6|
3463 2015 3634 2052 cano-

2055 2107 2175 2146 nem
2240 2093 2294 2146 in
2357 2109 2478 2160 cap.
2540 2092 2599 2148 Il
2653 2093 2760 2147 litt.
2801 2093 2889 2158 M,
2921 2105 2974 2147 et
3014 2093 3067 2146 in
3128 2109 3249 2162 cap.
3281 2092 3312 2146 9
3341 2093 3537 2147 litterae
3599 2091 3642 2143 Γ

2053 2198 2320 2240 canonem
2385 2185 2453 2237 27
2502 2187 2680 2254 magni
2740 2185 2928 2238 Basilii
2968 2225 2983 2248 ,
3029 2195 3083 2239 et
3135 2201 3255 2256 syn.
3304 2201 3356 2238 vr
3389 2200 3512 2238 can.
3543 2181 3636 2243 26.-

2054 2285 2107 2330 et
2165 2279 2219 2330 in
2280 2279 2340 2332 l5
2407 2294 2528 2349 cap.
2593 2279 2842 2347 ejusdem
2918 2280 3029 2344 litt.
3118 2293 3244 2334 can.
3332 2280 3400 2332 69
3458 2277 3642 2346 magni

2039 2368 2262 2423 ,Basilii.

2130 2551 2372 2621 Denique
2443 2555 2508 2608 de
2587 2555 2870 2609 monachis
2946 2555 3347 2610 fornicantibus
3417 2555 3642 2610 consule

2056 2659 2174 2714 cap.
2209 2645 2272 2696 'lr‘i
2328 2646 2520 2699 littera:
2577 2645 2641 2698 Μ.

2125 2757 2290 2828 2ἓᾶ.
2328 2757 2480 2812 CAP.
2518 2757 2659 2812 XVI.
2695 2759 2764 2811 De
2790 2761 2884 2814 illo
2911 2761 3003 2829 qui
3033 2761 3295 2830 fornicari
3345 2761 3508 2828 cupit,
3553 2775 3646 2814 nec

2485 2839 2657 2882 tamen
2712 2842 2834 2883 actu
2893 2832 3211 2900 fornicatur.

2130 2919 2298 2974 Vetus
2330 2921 2419 2976 ille
2452 2941 2568 2978 nios
2601 2937 2682 2979 est
2714 2925 3022 2994 pravitatis,
3063 2940 3168 2978 non
3205 2925 3518 2989 confestim,
3547 2939 3644 2978 ne-

2058 3030 2165 3082 quc
2190 3016 2254 3067 ad
2290 3017 2520 3085 primam
2560 3018 2880 3071 instantiam
2915 3019 3203 3088 passiones
3233 3027 3451 3071 nostras
3487 3020 3643 3071 inva-

2059 3107 2209 3171 dere,
2253 3108 2345 3161 sed
2388 3117 2504 3162 arte
2555 3112 2784 3178 quadam
2811 3120 2866 3163 et
2910 3111 3112 3164 astutia
3149 3110 3448 3176 εονιιίειίςιι
3485 3110 3647 3164 bara-

2059 3199 2240 3253 tltrum
2276 3201 2594 3269 perditionis
2631 3204 2694 3255 ad
2733 3205 2895 3272 pedes
2927 3212 3143 3258 nostros
3174 3203 3431 3274 paulatim
3469 3202 3646 3256 suffo-

2059 3295 2588 3367 dcrc.;Quapropter
2615 3306 2660 3351 et
2698 3289 3130 3367 cogitationibt't's
3165 3298 3412 3351 immittit
3442 3296 3509 3350 ad
3542 3298 3648 3349 itit-

2060 3389 2399 3442 tniscendnm
2459 3407 2578 3444 sese
2615 3392 2850 3461 placide.
2895 3401 2950 3459 nt
3001 3391 3224 3461 quidem
3275 3392 3514 3453 videtur,
3590 3398 3646 3443 et

2055 3480 2298 3546 jucunde
2329 3483 2564 3550 primum
2602 3486 2690 3554 qui
2757 3496 2985 3540 vocatur
3027 3485 3347 3554 impulsum,
3386 3496 3438 3538 et
3480 3484 3649 3538 hasce

2060 3572 2342 3626 blanditiis
2379 3576 2580 3642 speciei
2613 3577 2842 3645 object-.e
2873 3592 3229 3646 corrumpere
3277 3576 3508 3631 subdole
3535 3590 3646 3628 ma-

2061 3665 2344 3727 chinatur,
2400 3676 2565 3736 atque
2628 3670 2898 3738 principia
2963 3671 3329 3738 voluptatum,
3383 3683 3646 3736 tanquam

2062 3767 2359 3825 conceptus
2423 3775 2626 3823 meros,
2689 3778 2864 3830 neque
2923 3763 3099 3830 majus
3157 3763 3376 3831 aliquod
3439 3764 3644 3816 malum

2063 3849 2364 3914 trahentes,
2399 3859 2605 3906 temere
2634 3853 2879 3921 recipere
2906 3855 3219 3922 persuadet.
3244 3853 3382 3907 Nam
3419 3855 3645 3908 hamum

2062 3943 2272 4010 peccati
2310 3944 2410 3997 sub
2464 3961 2590 3999 esca
2624 3947 2917 4013 voluptatis
2957 3949 3268 4010 abscondit,
3302 3959 3360 4004 ut
3388 3951 3479 4018 qui
3517 3949 3648 4004 huic

2063 4032 2299 4097 inhient,
2333 4036 2384 4088 in
2419 4038 2579 4090 istutn
2618 4037 2892 4104 incidant;
2934 4048 3048 4092 tum
3096 4056 3192 4096 eos
3222 4040 3373 4096 ducit
3401 4040 3649 4109 Captivos

2061 4133 2113 4178 et
2149 4132 2405 4192 tanquam
2461 4127 2732 4195 tnancipia
2794 4137 3015 4183 tractat.
3053 4129 3273 4184 Utinam
3331 4132 3496 4200 igitur
3535 4145 3646 4186 non

2064 4232 2312 4271 sumeres
2374 4228 2565 4272 contra
2611 4221 2850 4275 animam
2892 4224 3253 4278 auxiliatores
3313 4224 3466 4292 ipsos
3500 4226 3646 4286 illos,

2064 4310 2265 4377 quibus
2302 4311 2448 4364 illam
2487 4315 2848 4381 persequendi
2882 4330 2949 4370 ac
2997 4316 3345 4373 custodiendi
3380 4332 3512 4370 cura
3543 4329 3646 4372 est.

2063 4409 2198 4465 Nam
2235 4408 2278 4462 si
2309 4411 2515 4478 privata
2544 4409 2710 4463 fuerit
2742 4410 3136 4479 cogitationum
3174 4411 3380 4464 auxilio
3409 4412 3652 4476 pravitas

2067 4501 2158 4556 illa
2193 4519 2314 4570 qua:
2347 4513 2538 4556 contra
2573 4517 2676 4556 nos
2709 4501 2930 4558 infensa
2954 4512 3057 4568 est,
3113 4502 3317 4557 frustra
3343 4512 3506 4558 erunt
3537 4519 3654 4558 om-

385 4597 419 4666 ἡ
470 4597 591 4649 καθ’
616 4597 774 4665 ἡμῶν
798 4598 1019 4666 ὁργῶσα
1051 4599 1244 4660 κακία,
1286 4601 1365 4661 είς
1395 4599 1572 4668 μάτην
1597 4600 1732 4670 αὑτῇ
1772 4601 1838 4652 τὰ
1865 4601 1955 4668 τῆς

2069 4607 2166 4646 nes
2197 4593 2315 4662 ejus
2347 4593 2560 4646 insidia:
2583 4607 2645 4646 ac
2685 4591 2983 4656 lenocinia,
3012 4609 3136 4648 cum
3189 4602 3468 4664 nequeant
3499 4611 3563 4649 ex
3593 4611 3654 4652 se

386 4687 602 4756 ἐνέδρας
647 4687 802 4740 ἔσται
834 4690 928 4740 καὶ
973 4691 1338 4757 μαγγανείας,
1377 4691 1451 4759 μὴ
1505 4693 1785 4759 πεφυκυῖα
1825 4691 1962 4763 μόνη

387 4781 554 4842 πάθος
584 4780 1004 4852 δημιουργῆσαι,
1066 4782 1162 4835 καὶ
1208 4785 1288 4843 εἰς
1361 4783 1524 4854 ἔργον
1576 4788 1959 4855 προενεγκεῖν,

389 4871 449 4922 τὸ
474 4872 822 4940 πομφόλυγος
871 4873 1026 4944 δίκην
1065 4874 1202 4942 ὁμοῦ
1244 4893 1304 4926 τε
1352 4876 1700 4944 φαινόμενον,
1738 4881 1832 4930 καὶ
1877 4879 1966 4928 εὑ-

392 4964 487 5025 θὺς
520 4965 890 5032 ἀπολλύμενον
935 4970 1028 5019 καὶ
1052 4967 1426 5036 διαλυόμενον,
1461 4971 1661 5038 νεκρᾶς
1699 4967 1758 5021 ὃν
1807 4971 1967 5039 ἀτεχ-

391 5057 515 5121 νῶς,
546 5057 619 5119 ὡς
672 5060 866 5120 εἰπεῖν,
919 5062 1010 5111 καὶ
1043 5062 1395 5128 ἀνυπάρκτου
1434 5059 1648 5129 φύσεως
1677 5077 1690 5090 °
1719 5061 1856 5114 ἀλλὰ
1911 5061 1968 5113 τὺ

392 5146 526 5200 εἶναι
568 5151 659 5202 καὶ
690 5155 750 5202 το
791 5151 888 5221 ζῇν
925 5153 1058 5220 πρὸς
1093 5153 1204 5205 τῶν
1237 5153 1524 5224 ἡμετέρων
1587 5154 1967 5223 δανειζόμενον

393 5241 684 5310 Λογισμῶν,
716 5245 900 5310 νεκροῖ
924 5244 1045 5306 τοὺς
1079 5245 1139 5295 τὸ
1191 5243 1290 5314 ξῇν
1328 5245 1567 5308 διδόντας
1607 5244 1779 5314 αὐτῷ.
1841 5244 1969 5298 Τοι-

394 5333 528 5385 αῦτα
581 5337 687 5403 γαρ
735 5338 802 5386 τὰ
845 5335 952 5387 τῶν
997 5335 1192 5391 παθῶν
1247 5337 1351 5404 τῆς
1419 5337 1619 5400 κακίας
1661 5337 1919 5408 ἐπίχειρα
1951 5352 1966 5366 ο

396 5425 533 5496 αὕτη
574 5428 751 5480 τοίνυν
776 5431 806 5496 ὴ
841 5429 1117 5499 προσϐολὴ
1133 5431 1205 5493 ὡς
1233 5430 1437 5499 ἥκιστα
1468 5432 1565 5501 τῆς
1590 5431 1750 5502 ἡμῶν
1776 5448 1974 5501 προαιο

397 5521 595 5587 pisctu;
627 5520 931 5590 ἠρτημένη,
984 5521 1238 5591 ἔγκλημα
1269 5525 1403 5593 ἡμῖν
1437 5524 1536 5593 οὐχ
1593 5524 1679 5577 οἵα
1709 5541 1766 5575 τε
1801 5541 1971 5594 προσ-

405 5611 710 5679 τρίψαιθαι.
779 5612 836 5666 ὐ
910 5615 1249 5683 συνδυασμὸς
1328 5615 1506 5668 ἔπεισι
1577 5616 1849 5688 δεύτερος,
1912 5617 1969 5670 ὃν

401 5704 578 5773 ἠρέμα
612 5707 703 5758 καὶ
763 5706 884 5760 κατ’
915 5706 1095 5774 ὀλίγον
1141 5708 1198 5760 τὸ
1244 5709 1340 5778 τῆς
1389 5711 1694 5782 προσϐολῆς
1746 5711 1971 5780 θαμινὸν

400 5797 578 5849 εἰώθει
638 5798 966 5868 ἁπογεννᾷν,
1011 5800 1274 5866 ἐμπαθῶς
1350 5803 1383 5872 ἢ
1437 5805 1534 5856 καὶ
1581 5803 1811 5866 ἀπαθῶς
1871 5801 1966 5854 τοῦ

401 5889 660 5958 λογισμοῦ
721 5887 1107 5954 συλλαλοῦντος
1139 5890 1216 5962 τῷ
1253 5893 1611 5963 προσϐαλόντι
1641 5911 1656 5927 ·
1688 5894 1844 5948 τοῦτο
1887 5894 1967 5955 τίς

2068 4684 2202 4740 solis
2239 4700 2450 4754 regere,
2483 4692 2535 4738 et
2585 4684 2640 4738 in
2677 4685 2952 4739 actionem
3010 4687 3313 4754 producere
3369 4686 3650 4748 affectum.

2067 4780 2159 4847 qui
2193 4788 2452 4846 tanquam
2485 4776 2633 4831 bulla
2668 4776 2833 4830 modo
2859 4788 3103 4847 apparet,
3139 4777 3302 4832 modo
3327 4778 3570 4848 disparet
3599 4788 3656 4832 et

2068 4872 2412 4933 dissolvitur,
2451 4870 2700 4924 mortalis
2737 4871 2894 4938 plane
2953 4887 3018 4926 ac
3074 4887 3267 4940 parum
3303 4873 3656 4928 subsistentis

2072 4972 2300 5017 naturae.
2331 4960 2524 5014 Verum
2564 4962 2780 5029 itiqlltlli
2811 4979 2928 5016 ρεηο
2951 4972 3002 5016 ct
3023 4965 3203 5018 vivere
3234 4965 3433 5036 accipit
3460 4967 3657 5033 acogi—

2071 5056 2371 5110 tationibus
2416 5055 2643 5117 nostris,
2687 5055 2948 5123 interficit
3000 5073 3094 5111 cas
3154 5074 3271 5126 quae
3316 5057 3420 5126 ipsi
3489 5060 3654 5109 vitam

2071 5149 2363 5202 dederunt.
2397 5145 2672 5214 Eiusmodi
2703 5149 2846 5201 enim
2877 5157 3007 5201 sunt
3035 5165 3328 5219 pravorum
3359 5149 3654 5223 affectuum

2072 5242 2319 5310 prmnia.
2353 5238 2450 5306 llic
2482 5240 2647 5309 igitur
2679 5240 2968 5308 impulsus,
2993 5259 3115 5298 cum
3149 5244 3374 5296 minime
3403 5258 3433 5296 a
3470 5254 3659 5297 nostra

2073 5334 2353 5388 voluntate
2379 5333 2712 5404 dependeat,
2737 5335 2946 5389 crimen
2971 5337 3131 5390 nobis
3163 5335 3419 5389 afl‘ricare
3441 5337 3654 5404 nequit.

2073 5429 2298 5483 Accedit
2337 5428 2582 5482 secunda
2615 5428 2937 5498 conjunctio
2964 5445 3130 5498 quam
3171 5429 3375 5485 sensim
3431 5429 3658 5495 quidem

2073 5530 2128 5576 et
2163 5521 2424 5592 paulatim
2465 5523 2730 5593 frequens
2765 5527 3036 5597 impulsus
3071 5529 3211 5582 solet
3239 5541 3549 5595 generare,-
3572 5541 3660 5579 ra.

2078 5615 2226 5670 tione
2261 5616 2346 5672 vcl
2375 5632 2498 5684 cum
2544 5619 2803 5686 passione
2831 5621 2914 5674 vel
2963 5622 3099 5674 citra
3132 5617 3482 5687 impressioni
3521 5633 3659 5671 con-

2073 5709 2360 5763 sentiente.
2402 5708 2537 5773 Quis
2576 5725 2700 5764 vero
2739 5721 2951 5767 asserat
2991 5712 3094 5765 hoc
3145 5712 3343 5766 anima:
3405 5709 3661 5764 rationali

2073 5817 2181 5855 non
2217 5815 2435 5864 nocere,
2471 5802 2653 5868 quoad
2703 5804 2798 5858 Dei
2850 5805 3244 5872 cognitionem,
3290 5819 3415 5868 cum
3449 5805 3660 5874 cogita-

2077 5896 2256 5950 tiones
2293 5894 2412 5966 ejus
2475 5895 2675 5958 talibus
2742 5897 3126 5965 occupentur?
3174 5896 3345 5952 Adest
3409 5897 3571 5952 tertio
3605 5897 3678 5953 int
