4054 6432
485 413 585 477 119

1634 430 2002 492 MATTIIEI
2045 433 2327 492 BLASTA
2342 434 2470 492 RlS

3634 443 3730 504 120

483 530 602 583 loco
650 547 931 598 assensus,
995 536 1245 594 indicans
1291 539 1466 609 ipsam
1505 543 1704 599 anima:
1745 547 2058 602 inclinatio-

2166 551 2229 602 ἂν
2297 549 2636 620 ίσχυρίσαιτο
2681 551 2754 620 μὴ
2812 549 3019 620 ζημίαν
3068 546 3206 604 εἶναι
3249 551 3428 622 ψυχῆς
3491 553 3728 620 λογικῆς,

484 637 605 674 nem
660 622 727 676 ad
783 624 1038 680 allectum
1103 631 1513 700 voluptuosum,
1558 651 1721 704 quem
1790 647 2052 707 tanquam

483 717 845 784 syngrapham
901 721 1170 788 recipiens
1203 724 1534 792 prohibitum
1588 729 1703 783 sive
1768 733 2057 799 captivitas

483 822 669 872 presse.
707 818 908 877 quarto
937 811 989 864 in
1022 812 1143 867 loro
1169 815 1442 885 sequitur,
1497 819 1696 873 bonam
1723 838 1844 889 quae
1873 824 2055 878 adhuc

483 908 599 948 erat
633 899 798 952 animi
838 903 1252 970 dispositionem
1305 909 1542 970 violans,
1605 915 2054 983 persuadensqne

483 990 716 1056 experiri
752 991 909 1046 fallax
935 996 1345 1061 imaginationis
1379 1002 1599 1056 malum.
1637 1004 1730 1059 Sin
1758 1021 1890 1060 vero
1921 1017 2055 1060 tem-

482 1094 614 1144 pore
644 1083 910 1138 orationis
969 1087 1300 1156 obrepserit,
1356 1092 1585 1162 impedit
1621 1112 1690 1150 ne
1758 1099 2052 1153 utilitatem

483 1170 604 1222 inde
638 1171 800 1224 ullam
837 1179 1140 1244 capiamus,
1179 1189 1232 1234 et
1289 1183 1448 1235 malis
1503 1187 1932 1254 cogitationibus
1967 1191 2055 1244 in-

482 1262 698 1315 volutos
752 1265 911 1320 ridet.
942 1267 1077 1322 Cum
1123 1271 1289 1341 igitur
1321 1275 1714 1344 intelligamus,
1745 1295 1905 1348 quam
1930 1282 2054 1336 mali

481 1353 675 1413 simus.
733 1361 1048 1413 annilamur
1085 1361 1136 1415 id
1199 1365 1548 1422 colluctando
1609 1385 1868 1438 superare
1913 1373 2056 1442 quod

485 1453 699 1497 nosmet
736 1450 1091 1515 supplantare
1129 1464 1397 1520 conatur;
1439 1469 1492 1511 et
1526 1460 1758 1512 duorum
1796 1461 2056 1524 alterum,

482 1542 579 1585 aut
618 1536 830 1592 scilicet
863 1540 1240 1599 vehementius
1275 1549 1604 1605 anhelantes
1629 1555 1834 1606 auxilio
1868 1555 2058 1610 divino

485 1625 721 1682 victores
750 1635 1114 1698 evaserimus,
1170 1647 1264 1692 aut
1311 1642 1536 1696 emolliti
1572 1655 1622 1698 et
1659 1656 1807 1713 terga
1865 1649 2059 1704 dantes

483 1731 710 1786 agentur
795 1731 850 1775 et
913 1724 1153 1780 feremur
1222 1731 1298 1782 ita
1369 1733 1587 1799 quidem
1667 1736 1894 1801 Spiritus
1957 1752 2057 1791 ne-

483 1809 670 1876 quitia:
739 1813 998 1871 diuturno
1047 1827 1288 1888 tempore
1345 1827 1486 1892 apud
1545 1828 1782 1879 animam
1845 1843 2058 1897 perma-

484 1911 694 1968 nentes,
723 1917 776 1960 et
814 1909 865 1960 in
908 1925 1066 1964 suum
1110 1913 1352 1967 habitum
1411 1918 1583 1984 ipsam
1637 1919 2054 1984 transferentes,

482 1995 686 2050 dictum
718 1997 936 2055 demum
965 2004 1221 2058 affectum
1283 2017 1543 2076 tanquam
1580 2018 1844 2078 tropaeum
1881 2013 2056 2083 figunt

481 2095 536 2139 et
559 2089 865 2145 colnnmam
899 2093 950 2146 in
981 2099 1145 2150 corde
1182 2100 1444 2153 memoria
1487 2109 1827 2156 crescentem
1858 2111 1912 2157 et
1953 2121 2057 2158 usu

481 2193 903 2247 conservatam,
955 2195 1008 2239 et
1065 2189 1304 2243 animam
1372 2204 1768 2261 przeparantem
1829 2196 1894 2250 ad
1935 2213 2060 2266 pcr-

481 2273 800 2337 petrandam
831 2275 885 2328 in
917 2279 1108 2345 quavis
1137 2294 1194 2332 re
1226 2283 1474 2348 quamvis
1507 2285 1929 2353 turpitudinem.

2160 643 2257 711 τῆς
2289 641 2381 694 τοῦ
2415 640 2552 694 Θεοῦ
2586 642 2797 705 ἑννοίας
2828 643 2956 711 περὶ
2987 643 3233 707 πλείονος
3293 644 3400 697 τῶν
3456 645 3728 715 λογισμῶν

2158 730 2332 798 αὐτῆς
2387 730 2730 799 ποιουμένων
2777 731 2878 800 τὴν
2930 731 3060 802 περὶ
3114 733 3184 785 τὰ
3230 733 3453 786 τοιαῦτα
3511 735 3732 804 σχολήν;

2171 822 2237 872 'H
2272 822 2678 890 συγκατάθεσις
2711 824 3001 892 ἐφίσταται
3027 824 3210 894 τρίτη,
3247 824 3432 878 νεῦσιν
3494 826 3588 879 καὶ
3637 826 3734 898 τῆς

2157 911 2338 982 ψυχῆς
2367 917 2754 984 κατηγοροῦσα
2784 917 2922 983 πρὸς
2949 916 3010 969 τὺ
3051 915 3223 979 πάθος
3256 918 3524 985 ὲνήδονον,
3549 919 3613 988 ήν
3643 919 3734 971 καὶ

2159 1005 2236 1067 ὡς
2262 1009 2644 1076 γραμματεῖον
2677 1007 2778 1078 ήδη
2809 1007 3079 1077 δεξαμένη
3109 1007 3441 1078 ἀπόρρητον,
3479 1010 3512 1076 ή
3548 1009 3735 1077 αίχμα-

2160 1096 2333 1149 λωσία
2383 1099 2523 1151 κατὰ
2568 1098 2734 1162 πόδας
2797 1099 3038 1169 τετάρτη
3115 1098 3595 1163 κατεξανίσταται,
3641 1101 3734 1166 τὴν

2158 1187 2395 1258 ἀρίστην
2425 1189 2583 1258 ήμῶν
2613 1189 2912 1258 ὰχρειοῦσα
2970 1189 3326 1255 κατάστασιν,
3355 1190 3453 1260 τῆς
3515 1187 3737 1257 καρδίας

2159 1283 2260 1351 ἤδη
2319 1283 2739 1353 περιγενομένη,
2804 1285 2902 1337 καὶ⁵
2962 1283 3262 1353 δρέπεσθαι
3329 1283 3594 1336 πείθουσα
3643 1280 3736 1349 τὴν

2159 1369 2450 1440 ἀπατηλήν
2496 1371 2735 1442 βλάστην
2756 1373 2853 1440 τῆς
2903 1373 3228 1441 φαντασίας.
3295 1374 3358 1425 El
3403 1372 3462 1424 δὲ
3524 1372 3620 1424 καὶ
3663 1368 3738 1438 τῷ

2159 1461 2337 1532 καιρῷ
2361 1464 2458 1532 τῆς
2489 1467 2801 1533 προσευχῆς
2830 1465 3179 1534 σίσφθαρείη,
3235 1465 3388 1516 οὐδὲν
3434 1462 3735 1518 ἀπόνασθαι

2159 1553 2362 1621 ταύτης
2405 1556 2490 1624 ἐᾷ,
2524 1557 2618 1608 καὶ
2675 1556 2912 1624 μάλιστα
2948 1559 3204 1625 πονηροῖς
3253 1557 3631 1625 ἐνθυμήμασιν
3657 1555 3738 1605 αί-

2163 1643 2458 1720 ρουμένους
2487 1645 2936 1711 ὲγκαλινδεῖσθαι.
2984 1646 3242 1708 Συνέντες
3267 1647 3322 1698 δὲ
3433 1644 3602 1698 κακοῦ
3642 1660 3731 1712 γε-

2162 1716 2538 1801 γόναμεν,’διὰ
2565 1735 2738 1805 πάλης
2770 1737 3154 1802 περιγενέσθαι
3182 1736 3278 1790 τοῦ
3305 1716 3590 1806 πτερνίσαι
3620 1752 3735 1787 πει-

2166 1827 2413 1896 ρωμένου
2440 1829 2762 1897 πειρώμεθα
2791 1846 2804 1859 ο
2837 1833 2930 1881 καὶ
2959 1831 3105 1882 δυοῖν
3132 1830 3384 1898 θάτερον,
3435 1829 3466 1898 ἢ
3520 1827 3740 1897 σφοδρόο

2162 1935 2322 1988 τερον
2381 1921 2714 1983 πνεύσαντες
2767 1923 3154 1990 ἐκρατήσαμεν
3198 1921 3451 1991 θειοτέρα
3501 1922 3660 1992 ῥοπῇ,
3707 1917 3738 1987 ἢ

2163 2011 2556 2081 χαυνωθέντες,
2639 2014 2733 2064 καὶ
2799 2015 2863 2066 τὰ
2915 2013 3060 2066 νῶτα
3107 2015 3308 2078 δόντες,
3361 2011 3608 2082 ἀγόμεθα
3654 2011 3740 2062 καὶ

2166 2105 2467 2176 φερόμεθα.
2521 2105 2682 2160 Οὕτω
2751 2106 2806 2158 δὲ
2853 2107 2918 2160 τὰ
2968 2107 3066 2176 τῆς
3119 2105 3384 2176 πονηρίας
3460 2103 3742 2172 πνεύματα

2171 2196 2352 2265 συχνῷ
2372 2197 2550 2265 χρόνῳ
2595 2200 2660 2266 τῆ
2687 2197 2833 2268 ψυχῇ
2886 2201 3327 2266 παραμείναντα,
3382 2198 3478 2249 καὶ
3527 2195 3605 2256 εἰς
3649 2191 3742 2261 τὴν

2171 2288 2322 2354 σφῶν
2373 2288 2553 2341 αὐτῶν
2592 2289 2720 2355 ἕξιν,
2752 2290 2924 2357 αὐτὴν
2967 2288 3333 2359 μεταθέμενα,
3387 2287 3740 2348 τελευτῶντα,

481 2376 542 2413 το
563 2361 862 2434 λεγόμενον
889 2369 1080 2435 πάθος,
1109 2372 1307 2425 ὡσανεὶ
1335 2374 1615 2444 τρόπαιον,
1665 2380 1928 2449 πήγνυσι,
1966 2379 2064 2434 καὶ
2103 2380 2308 2449 στήλην
2337 2381 2395 2432 ὲν
2438 2382 2504 2449 τῇ
2563 2380 2762 2452 καρδίᾳ
2838 2383 2904 2451 τῇ
2959 2383 3150 2451 μνήμῃ
3211 2382 3571 2450 τρεφόμενον,
3649 2392 3742 2446 κιαι)⁴

577 2457 838 2529 συνηθείᾳ
886 2458 1336 2533 διατηρούμενον,
1407 2465 1501 2519 καὶ
1533 2469 1546 2484 ”
1579 2467 1679 2537 τὴν
1751 2467 1931 2538 ψυχὴν
1980 2469 2403 2538 παρασκευάζον
2473 2471 2603 2540 περὶ
2651 2471 2854 2534 παντὸς
2911 2470 3184 2522 ποιεῖσθαι
3257 2470 3444 2522 πᾶσαν
3525 2467 3743 2538 αἰσχρό-

484 2564 641 2618 τητα.

555 2644 847 2714 Propterea
902 2654 956 2700 et
991 2649 1021 2700 4
1055 2664 1174 2720 syn.
1211 2649 1670 2708 Neocmsariensis
1699 2667 1878 2708 canon
1935 2669 2058 2709 eum

483 2736 576 2802 qui
612 2735 893 2789 mulierem
926 2741 1272 2810 concupiscit
1315 2751 1370 2796 et
1401 2746 1452 2796 in
1511 2747 1697 2800 animo
1730 2747 1894 2802 habet
1932 2762 2059 2801 cum

487 2827 576 2880 illa
609 2843 714 2880 una
753 2830 1016 2894 dormire,
1066 2833 1110 2886 si
1167 2834 1330 2887 modo
1383 2838 1724 2906 propositum
1775 2839 1894 2908 ejus
1952 2855 2060 2895 non

487 2922 747 3004 procedat
779 2923 1073 2992 adactum,
1105 2942 1201 2996 per
1248 2931 1477 2999 gratiam
1518 2932 1734 2986 liberari
1804 2933 2058 2999 afﬁrmat;

489 3021 729 3068 attamen
762 3017 1129 3077 exiieditcnm
1165 3023 1516 3076 mediocriter
1567 3025 1847 3092 castigari,
1902 3024 2058 3094 juxta

485 3119 755 3158 eationem
793 3106 860 3159 70
887 3110 1066 3178 magni
1097 3110 1303 3166 Basilii.
1345 3114 1432 3166 Ait
1463 3115 1630 3174 enim.
1677 3115 1965 3169 diaconum
2004 3115 2057 3169 in

497 3192 659 3247 labiis
715 3195 981 3262 pollutum
1032 3209 1084 3251 et
1139 3181 1487 3256 confitentem
1538 3212 1596 3258 'se
1641 3205 1819 3272 quoad
1879 3204 2061 3258 oscula

490 3299 766 3351 peccasse.
789 3289 856 3341 ab
877 3289 1052 3346 ollicio
1086 3294 1362 3348 abstinere
1389 3295 1788 3363 aliquantisper
1817 3306 2055 3365 oportet,

2235 2655 2332 2706 Διὰ
2352 2654 2416 2722 δὴ
2451 2652 2606 2706 τοῦτο
2630 2657 2724 2707 κατ.
2744 2657 2772 2706 ό
2804 2653 3064 2723 τέταρτος
3095 2652 3194 2720 τῆς
3230 2655 3286 2705 ἐν
3339 2647 3745 2720 Νεοκαισαρείᾳ

2164 2747 2383 2798 συνόδου
2441 2745 2622 2798 κανὼν
2693 2745 2788 2798 τὸν
2842 2746 3262 2814 ἐπιθυμήσαντα
3313 2744 3604 2811 γυναικὸς.
3655 2742 3744 2792 καὶ
3795 2754 3798 2758 '

2165 2837 2611 2904 συγκαθευδῆσαι
2638 2837 2811 2907 ταύτῃ
2841 2836 3199 2907 προθέμενον,
3229 2837 3307 2896 είς
3347 2835 3521 2904 ἔργον
3564 2831 3619 2885 δὲ
3671 2829 3744 2899 μὴ

2164 2928 2576 2998 προδεδηκυίας
2627 2927 2728 2995 τῆς
2782 2927 3156 2996 ἐνθυμήσεως,
3222 2925 3326 2977 om
3372 2926 3484 2996 τῆς
3534 2925 3746 2994 χάριτος

2164 3021 2432 3090 ρυσθῆναι
2477 3019 2896 3090 διῖσχυρίζεται,
2925 3018 3065 3088 πλὴν
3112 3017 3207 3070 καὶ
3251 3017 3454 3070 τοῦτον
3483 3016 3644 3070 καλὸν
3685 3012 3748 3066 ἂν

2161 3111 2246 3179 εἴη
2278 3110 2514 3180 μετρίως
2551 3109 2938 3175 ἐπιτιμᾶσθαι,
2993 3109 3134 3160 κατὰ
3173 3107 3265 3160 τὸν
3287 3107 3454 3160 ο’τοῦ
3507 3104 3741 3177 μεγάλου

2161 3200 2443 3253 Βασιλείου
2464 3201 2688 3252 κανόνα.
2744 3200 2884 3269 Φησὶ
2912 3198 3021 3269 γάρ
3044 3215 3059 3232 ο
3097 3199 3202 3251 Τὸν
3234 3202 3290 3250 ἐν
3320 3198 3530 3267 χείλεσι
3585 3211 3737 3264 μιαν-

2164 3289 2324 3342 θέντα
2348 3289 2616 3352 διάκονον,
2653 3291 2750 3343 καὶ
2788 3289 2949 3358 μέχρι
3002 3287 3310 3358 φιλήματος
3350 3287 3738 3358 ἡμαρτηκέναι

490 3374 590 3428 εοιι
627 3391 751 3430 cum
787 3379 1033 3437 diaconis
1066 3383 1283 3437 interim
1322 3401 1478 3439 saera
1507 3387 1943 3441 communicare.
1980 3387 2058 3440 Ita

2166 3382 2604 3452 ὁμολογήσαντα,
2631 3382 2732 3445 τῆς
2759 3382 2860 3450 μὲν
2883 3381 3231 3450 λειτουργίας
3260 3381 3392 3450 ἄχρι
3441 3381 3588 3442 τινὸς
3621 3379 3736 3429 ἔπι-

491 3475 547 3522 et
580 3471 983 3541 presbyterum.
1016 3473 1108 3528 Sin
1148 3491 1278 3531 vero
1317 3476 1756 3546 deprehendatur
1784 3479 1836 3533 in
1868 3482 2061 3534 eodem

489 3561 689 3615 delicto
745 3579 1126 3632 perseverans,
1182 3568 1560 3640 cujuscunque
1613 3572 1815 3640 gradus
1872 3572 2060 3640 fuerit,

489 3649 685 3717 deponi
719 3650 938 3706 debere.

564 3831 728 3902 225
771 3833 1118 3890 Conveniunt
1159 3851 1282 3890 cum
1334 3836 1455 3893 istis
1489 3853 1666 3894 nonus
1696 3840 1863 3895 etiam
1901 3853 2066 3910 atque

493 3923 744 3980 decimus
771 3925 1013 3992 ejusdem
1051 3928 1270 3982 concilii
1303 3928 1766 3988 Neocaesariensis
1798 3949 2063 3997 canones,

491 4017 771 4080 dicentes,
837 4016 1069 4073 Peccata
1123 4037 1242 4089 quae
1274 4021 1693 4077 fornicationem
1745 4024 2067 4080 antecedere

494 4109 695 4174 solent,
729 4111 988 4164 nimirum
1038 4127 1159 4181 quae
1207 4124 1458 4181 spectant
1493 4115 1559 4166 ad
1597 4123 1810 4176 tactus,
1859 4125 1913 4170 et
1963 4117 2068 4171 alia

495 4204 828 4273 hnjusmodi.
866 4221 1048 4259 sermo
1078 4206 1286 4261 obtinet
1319 4208 1464 4275 apud
1505 4208 1818 4276 complures
1846 4211 2069 4264 ordina-

493 4298 646 4351 tione
698 4298 858 4353 solvi.
904 4297 959 4351 Si
1005 4306 1183 4352 tamen
1217 4310 1343 4353 ante
1391 4300 1794 4355 ordinationem
1827 4301 2069 4357 fornica-

495 4390 666 4446 tionis
723 4399 977 4444 teneatur
1037 4391 1117 4444 vel
1173 4392 1482 4461 presbyter,
1536 4392 1618 4446 vel
1675 4392 1974 4458 diaconus,
2011 4406 2068 4451 et

493 4482 837 4538 conscientia
896 4483 1224 4550 compulsus
1277 4483 1534 4540 delictum
1578 4493 1708 4540 ante
1762 4487 2068 4541 ordinatio-

493 4591 615 4630 nem
654 4577 1011 4630 connnissum
1037 4575 1328 4629 confessus
1363 4575 1551 4642 fuerit,
1585 4594 1612 4630 a
1643 4580 2067 4635 consecratione

2167 3476 2426 3545 σχεθῆναι
2449 3475 2553 3544 χρή
2573 3490 2588 3503 ’
2636 3474 2744 3526 τῶν
2772 3473 2828 3526 δὲ
2853 3473 3213 3542 ἁγιασμάτων
3234 3474 3330 3525 σὺν
3354 3475 3465 3535 τοῖς
3479 3473 3737 3530 διακόνοις

2169 3567 2611 3634 μεταλαμϐάνειν
2644 3582 2658 3595 ·
2710 3565 2978 3628 ὡσαύτως
3028 3565 3123 3617 καὶ
3180 3565 3580 3633 πρεσϐύτερον.
3639 3562 3738 3612 Τὸν

2163 3659 2220 3712 δέ
2246 3677 2297 3710 τι
2329 3660 2488 3712 πλέον
2523 3661 2848 3732 φωραθέντα
2876 3659 3282 3730 ἡμαρτηκέναι,
3318 3659 3376 3710 ὲν
3416 3660 3513 3728 οἵῳ
3539 3660 3604 3712 ἂν
3655 3656 3737 3723 εἴη

2169 3747 2383 3817 βαθμῷ,
2410 3749 2814 3816 καθαιρεῖσθαι.

2241 3840 2475 3893 Ἐπεται
2505 3839 2720 3903 τούτοις
2759 3841 2853 3893 καὶ
2877 3841 2906 3892 ὁ
2937 3839 2982 3892 0'
3010 3839 3235 3908 προσέτι
3267 3841 3364 3894 καὶ
3385 3841 3414 3892 δ
3452 3839 3484 3893 ι’
3515 3839 3617 3908 τῆς
3651 3835 3743 3891 αύ-

2166 3932 2266 4000 τῆς
2307 3932 2364 3984 ὲν
2430 3931 2836 4002 Νεοκαισαρεία
2892 3932 3136 3996 συνόδου,
3195 3931 3265 3984 τὰ
3316 3931 3417 4000 μὲν
3488 3932 3594 3999 πρὸ
3647 3929 3744 3996 τῆς

2169 4024 2431 4091 πορνείας
2470 4021 2722 4090 λέγοντες
2749 4022 3147 4092 ἁμαρτήματα,
3209 4021 3355 4092 ὅπερ
3399 4025 3460 4076 ὲν
3507 4022 3744 4090 ἐπαφαῖς

2169 4113 2265 4166 καὶ
2339 4114 2632 4184 φιλήμασι,
2693 4115 2789 4166 καὶ
2855 4115 3062 4182 ἑτέροις
3111 4113 3174 4183 δή
3245 4130 3354 4166 τισι
3415 4114 3744 4182 θεωροῦνται

2168 4205 2456 4270 τοιούτοις,
2487 4207 2646 4274 λόγος
2687 4207 2834 4276 αίρεῖ
2864 4205 3016 4273 παρὰ
3041 4206 3149 4266 τοῖς
3181 4203 3398 4268 πολλοῖς
3433 4202 3745 4258 διαλύεσθαι

2169 4301 2234 4369 τῇ
2307 4297 2640 4368 χειροθεσίᾳ.
2696 4296 2761 4348 Εί
2829 4297 3013 4364 μέντοι
3085 4295 3189 4364 πρὸ
3244 4293 3346 4362 τῆς
3410 4293 3745 4366 χειροτονίας

2170 4390 2430 4460 πορνείας
2504 4389 2620 4459 ἥλω
2687 4386 3062 4458 πρεσϐύτερος
3111 4387 3143 4455 ἢ
3201 4385 3473 4453 διάκονος,
3527 4386 3622 4438 καὶ
3671 4380 3747 4450 τῷ

2172 4481 2438 4533 συνειδότι
2471 4481 2806 4550 κρουόμενος
2849 4478 3213 4546 ὁμολογήσειε
3244 4479 3304 4530 τὸ
3337 4478 3445 4546 πρὸ
3488 4477 3590 4544 τῆς
3635 4490 3745 4543 χει-

2172 4573 2422 4644 ροτονίας
2455 4571 2787 4641 ἁμάρτημα,
2811 4571 2906 4623 τοῦ
2938 4570 3038 4640 μὲν
3093 4570 3405 4640 ἱερουργεῖν
3463 4567 3749 4638 είρχθήσε-

494 4667 856 4723 Ευοιιοτίειίιε
897 4667 1300 4737 prohibebitur,
1340 4669 1435 4723 sed
1469 4677 1648 4724 tamen
1689 4670 1760 4726 ad-
1801 4672 2058 4728 virtutem

2170 4684 2260 4719 ται
2287 4682 2301 4696 ο
2331 4665 2538 4735 ἀρετῆς
2586 4665 2643 4717 δὲ
2708 4664 3196 4734 μεταποιούμενος,
3240 4663 3349 4716 τῶν
3393 4663 3604 4715 λοιπῶν
3650 4658 3747 4725 τῆς

491 4777 802 4817 conversus
831 4776 860 4813 a
893 4760 1106 4816 caeteris
1132 4761 1428 4816 sacerdotii
1460 4763 1760 4833 privilegiis
1791 4779 1900 4818 non
1931 4767 2064 4834 reji-

491 4855 696 4910 cietnr.
745 4853 815 4906 At
866 4867 996 4906 vero
1054 4853 1098 4908 si
1141 4868 1241 4908 nec
1299 4853 1417 4924 ipse
1476 4855 1824 4921 confiteatur,
1887 4873 2065 4927 neque

494 4945 784 5000 manifeste
837 4945 1217 5014 convincatur,
1274 4958 1487 5018 oportet
1539 4965 1705 5020 penes
1773 4952 2065 5020 ipsummet

497 5047 820 5109 potestatem
890 5054 1012 5094 esse
1060 5041 1142 5094 vel
1195 5041 1444 5096 cessandi
1499 5042 1545 5095 si
1603 5043 1930 5111 peccaverit,
1980 5044 2064 5097 vel

497 5143 659 5185 sacra
715 5128 978 5196 obeundi,
1022 5132 1066 5186 si
1108 5132 1244 5186 nihil
1282 5133 1382 5187 sibi
1426 5135 1684 5188 conscius
1714 5132 2063 5198 fuerit.Quin

495 5224 610 5276 imo
641 5223 687 5278 si
719 5237 749 5276 a
785 5224 1026 5294 quinque
1063 5227 1292 5280 testibus
1314 5266 1328 5292 ,
1359 5226 1450 5295 qui
1483 5225 1798 5294 jnramento
1835 5239 2066 5279 accusa-

495 5314 700 5369 tionem
758 5316 1241 5381 conlirmaverint,
1281 5319 1571 5373 convictus
1627 5317 1816 5381 fuerit,
1870 5329 2068 5388 praeter

494 5407 894 5477 depositionem
940 5410 1107 5465 etiam
1141 5409 1444 5478 privilegiis
1480 5409 1776 5464 sacerdotii
1817 5411 2071 5465 multabi-

499 5505 610 5561 tur,
644 5507 698 5551 et
729 5499 780 5551 in
810 5499 1074 5554 laieornm
1113 5501 1290 5555 locum
1329 5498 1663 5554 retrudetur.

569 5587 908 5660 Theophilus
955 5605 1138 5646 autem
1187 5589 1594 5645 Alexandrinus
1642 5591 1695 5644 in
1773 5605 1987 5646 canone
2039 5593 2073 5646 5

501 5679 595 5742 ait,
626 5679 910 5737 Lectorem
937 5682 1316 5737 fornicationis
1357 5697 1534 5746 reum,
1568 5683 1612 5736 si
1649 5693 1904 5738 accurata
1939 5698 2073 5737 exa-

503 5773 802 5831 minatione
862 5776 1005 5830 facta
1059 5784 1248 5844 aperte
1279 5775 1660 5841 convincatur,
1697 5791 1725 5829 a
1763 5777 1910 5833 clero
1947 5777 2071 5844 eiici

503 5871 754 5949 oportet;
801 5873 856 5920 et
893 5865 946 5918 in
994 5864 1144 5919 clero
1191 5865 1410 5936 quidem
1473 5881 1813 5936 permanere,
1851 5867 1892 5922 si
1961 5883 2071 5923 non

2176 4758 2476 4828 ἱερωσύνης
2526 4756 2834 4825 πρεσῦείων
2885 4757 2988 4809 οὐκ
3040 4755 3480 4826 ἐκϐληθήσεται⁹
3520 4755 3658 4823 μήτε
3692 4749 3748 4800 δὲ

2173 4855 2337 4915 αὐτὸς
2361 4851 2667 4922 ὁμολογῶν,
2711 4852 2850 4920 μήτε
2895 4850 3003 4920 μὴν
3027 4849 3321 4919 προφανῶς
3362 4849 3744 4917 ἐλεγχόμενος,

2173 4945 2263 4998 ἐπ’
2291 4945 2484 5015 ἐκείνῳ
2505 4944 2622 4997 δέον
2659 4943 2758 5012 τὴν
2789 4941 3042 5006 ἐξουσίαν
3073 4941 3371 5000 ποιεῖσθαι,
3437 4943 3470 5009 ἢ
3532 4938 3746 4991 παύσα-

2176 5037 2299 5090 σθαι
2331 5037 2383 5090 εί
2406 5053 2468 5105 γε
2507 5038 2778 5107 ἥμαρτεν,
2829 5035 2860 5103 ἢ
2913 5035 3182 5102 ἐνεργεῖν,
3235 5036 3282 5085 εἰ
3347 5036 3515 5104 μηδὲν
3569 5028 3745 5097 ἐαυτῷ

2177 5131 2440 5184 σύνοιδεν.
2461 5129 2770 5199 Ἐλεγχθεὶς
2813 5127 2870 5180 δὲ
2909 5127 3014 5179 ὑπὸ
3058 5127 3222 5180 πέντε
3247 5127 3567 5196 μαρτύρων,
3602 5127 3748 5194 ὅρκῳ

2175 5225 2273 5294 τὴν
2301 5221 3144 5292 κατηγορίανβεϐαιωσαμένων,
3177 5219 3313 5289 πρὸς
3337 5222 3402 5290 τῇ
3429 5219 3745 5286 καθαιρέσει

2177 5317 2408 5371 καὶτῶν
2439 5316 2616 5386 γερῶν
2647 5317 2746 5384 τῆς
2810 5313 3110 5383 ἱερωσύνης
3161 5312 3603 5382 ζημιωθήσεται,
3669 5310 3748 5369 εἰς

2173 5409 2360 5463 λαῖκοῦ
2387 5408 2750 5477 διωθούμενος
2785 5407 2968 5459 τόπον.

2253 5596 2312 5649 ’0
2348 5595 2405 5649 δὲ
2437 5594 2700 5664 Θεόφιλος
2749 5595 3168 5666 Ἀλεξανδρείας
3209 5597 3270 5649 ὲν
3315 5596 3394 5666 τῷ
3447 5594 3492 5648 ε’
3535 5593 3746 5652 κανόνι.

2187 5685 2579 5754 ’Λναγνὼστην
2616 5687 2878 5757 πορνείαν
2915 5689 3238 5757 φυγόντα,εί
3269 5687 3570 5757 γενομένης
3598 5688 3752 5754 ἀκρι-

2174 5775 2301 5838 6οῢς
2338 5775 2639 5841 ἐξετάσεως
2695 5778 2947 5846 φανερῶς
2999 5778 3308 5847 ἐλεγχθείη,
3360 5775 3456 5830 τοῦ
3516 5776 3743 5846 κλήρου,

2174 5869 2376 5940 φησὶν,
2426 5867 2786 5924 ἐκϐάλλεσθαι
2829 5873 2968 5941 χρὴ·
3017 5873 3073 5923 ἐν
3112 5869 3186 5940 τῷ
3264 5869 3460 5942 κλήρῳ
3513 5869 3564 5923 δὶ
3599 5868 3733 5938 μένε

3759 1707 3774 1746 ι
