4054 6474
491 416 592 476 1‘23

1668 412 2039 473 ΜΑΤΤΗᾹΞΙ
2086 413 2511 475 BLASTARIS

3643 407 3748 473 124

484 533 631 584 niam
662 547 727 585 ex
756 530 876 585 istis
910 529 1147 601 scipsam
1181 536 1235 583 et
1267 529 1521 584 maritum
1559 539 1614 583 et
1662 528 1871 583 liberos
1919 544 2050 583 suos

2159 533 2333 583 ποιεῖν
2362 530 2398 584 ἃ
2432 533 2801 601 παρακρατεῖ’
2827 532 3014 601 ἐπειδὴ
3040 529 3249 599 ὀφείλει
3280 525 3340 590 ἐξ
3371 524 3559 579 αὐτῶν
3602 526 3747 578 ἀπο-

484 623 631 675 θιιτε
668 622 852 676 debet.

556 711 750 763 Mulier
784 726 891 763 non
926 718 1141 764 tenetur
1188 710 1568 764 contractibus
1626 709 1754 774 viri,
1785 710 1916 765 licet
1952 712 2053 781 ipsi

484 805 813 870 desponsata
869 801 1032 855 fuerit
1089 818 1267 871 neque
1295 803 1487 872 [etiam
1526 803 1719 856 marito
1751 804 2057 873 proscripto

483 896 626 947 bona
684 894 930 947 mulieris
984 892 1361 962 publicantur,
1402 894 1497 949 sed
1546 909 1645 948 nec
1692 895 2055 950 estradotalia

482 987 585 1040 viri
611 985 840 1040 servitio
874 999 1022 1041 sunt.

552 1164 803 1230 Maritus,
844 1166 1004 1235 inOps
1037 1166 1185 1230 licet,
1212 1166 1480 1237 integrann
1517 1169 1698 1223 dotem
1732 1170 1913 1225 debet.

553 1343 610 1396 Si
659 1358 814 1398 socer
846 1360 873 1398 a
912 1361 1115 1412 genero
1144 1355 1199 1400 et
1238 1363 1379 1401 uxor
1410 1362 1438 1401 a
1472 1350 1669 1403 marito
1692 1350 1871 1405 dotem
1893 1368 2053 1421 quam

481 1435 912 1502 stipulabantur,
931 1447 1256 1506 exposcunt,
1281 1438 1347 1492 ad
1372 1438 1696 1495 facultatum
1738 1430 2052 1498 mensuram

482 1526 771 1581 evincunt.

555 1617 611 1670 Si
648 1618 876 1674 maritus
916 1635 1043 1674 cum
1086 1636 1260 1676 uxore
1296 1625 1608 1689 contrahat,
1640 1633 1700 1679 ut
1731 1626 1846 1695 ipse
1875 1642 2055 1681 emor-

484 1716 591 1761 tuae
636 1709 1011 1765 haereditatcm
1066 1713 1248 1778 adeat,
1279 1715 1471 1768 irritus
1514 1725 1599 1771 est
1635 1717 1681 1771 is
1712 1728 2053 1773 contractus.

480 1800 540 1854 Si
569 1810 754 1855 autem
784 1802 852 1857 ab
884 1803 1042 1857 initio
1077 1815 1293 1872 pactuut
1323 1806 1508 1871 fuerit,
1536 1817 1592 1860 ιιι
1613 1808 1659 1871 si
1694 1809 1889 1863 mulier
1907 1811 2057 1880 prior

482 1898 683 1952 abierit
747 1902 889 1968 apud
948 1902 1204 1956 maritum
1255 1904 1356 1960 dos
1405 1915 1646 1972 maneat,
1684 1916 1850 1976 atque
1898 1916 2055 1974 pater

482 1990 665 2041 dotem
725 1991 862 2045 adeo
914 1993 1253 2061 reddiderit,
1303 2007 1529 2067 pactum
1584 2000 1749 2066 valet,
1779 2009 1829 2053 et
1865 1999 2047 2053 exclu-

480 2078 630 2132 ditur
670 2088 847 2147 pater.

552 2257 609 2312 Si
655 2260 819 2315 modo
863 2270 1018 2332 pater
1051 2265 1232 2335 turpis
1269 2266 1407 2322 adeo
1438 2266 1625 2332 fuerit,
1664 2278 1723 2323 ut
1760 2280 1936 2328 metus
1979 2273 2053 2327 sit

480 2363 552 2402 ne
604 2350 784 2405 dotem
833 2354 1207 2411 conereditam
1270 2358 1550 2428 absumat,
1603 2360 1750 2416 hunc
1797 2363 2053 2433 prohibet

483 2438 667 2505 actio;
694 2449 748 2494 et
772 2441 941 2511 judex
969 2453 1085 2499 tum
1124 2445 1212 2501 isti
1261 2450 1530 2520 prospicit
1556 2458 1671 2506 tum
1710 2453 1860 2507 tiliae.

553 2617 613 2673 Si
657 2619 780 2674 filiis
811 2621 992 2679 adhuc
1036 2629 1430 2696 superstitibus
1467 2645 1608 2703 Opus
1658 2635 1823 2690 fuerit
1866 2638 2048 2693 virum

481 2711 576 2780 qui
601 2722 723 2781 post
770 2714 982 2770 obitum
1032 2719 1292 2793 conjugis
1348 2739 1460 2780 suae
1517 2727 1715 2784 riduus
1766 2728 2052 2796 manserit,

481 2816 659 2871 neque
685 2806 751 2858 ad
777 2808 1048 2863 secundas
1080 2813 1301 2880 nuptias
1348 2820 1664 2884 accesserit,
1692 2836 1717 2872 a
1754 2821 2049 2877 liberorum

481 2905 710 2946 suorum
744 2898 1000 2952 convictu
1027 2904 1294 2970 separari,
1315 2906 1483 2962 debet
1519 2909 1564 2962 is
1595 2921 1792 2978 praeter
1820 2914 2053 2983 integras

468 2995 573 3038 res
596 3000 735 3041 snas
781 2988 946 3042 etiam
1012 2993 1178 3047 unius
1219 2995 1313 3049 filii
1345 3007 1548 3052 sortem
1597 3016 1791 3071 capere
1823 3018 1920 3072 pro
1951 3019 2052 3056 nu-

485 3087 642 3127 mero
684 3075 1003 3146 liberorum,
1058 3099 1176 3139 non
1219 3094 1431 3142 tantum
1465 3092 1813 3147 educationis
1850 3095 2050 3162 gratia,

2157 621 2382 691 τρέφειν
2412 624 2613 690 ἑαυτὴν
2653 623 2746 675 καὶ
2774 622 2865 674 τὸν
2896 622 3068 691 ἄνδρα
3091 635 3104 650 ·
3137 620 3231 672 καὶ
3256 618 3323 671 τὰ
3350 618 3518 669 τέκνα
3544 615 3744 685 αὐτῆς.

2228 714 2302 763 Οὐ
2339 714 2632 781 κατέχεται
2675 715 2707 782 ἡ
2738 713 2877 780 γυνῆ
2912 714 2976 765 ὲκ
3016 711 3124 764 τῶν
3179 710 3274 762 τοῦ
3307 708 3501 778 ἀνδρὸς
3548 707 3748 760 συναλ-

2156 802 2477 872 λαγμάτων.
2507 806 2611 858 κᾶν
2639 804 2978 874 ὲγγυήσηται
3007 803 3189 856 αὐτόν’
3218 802 3314 853 καὶ
3351 800 3469 852 οὐδὲ
3499 799 3721 868 δημευο

2160 896 2322 964 μένου
2368 896 2461 948 τοῦ
2504 897 2698 963 ἀνδρὸς
2736 898 3151 962 συναπάγονται
3190 893 3259 946 τὰ
3293 893 3611 962 πράγματα.
3643 890 3745 960 τῆς

2154 986 2434 1052 γυναικός·
2483 987 2602 1038 οὐδὲ
2656 988 2724 1039 τὰ
2775 986 3095 1057 ἐξώπροικα
3132 985 3451 1038 ὑπόκεινται
3478 984 3611 1046 ταῖς
3644 981 3742 1033 τοῦ

2155 1076 2348 1145 ἀνδρὸς
2376 1076 2767 1147 λειτουργίαις.

2237 1168 2293 1218 '0
2331 1167 2507 1236 ἀνὴρ,
2559 1169 2651 1222 καὶ
2705 1170 2903 1239 ἄπορος
2959 1165 3075 1228 ὢν,
3142 1166 3320 1218 πᾶσαν
3375 1162 3473 1234 τὴν
3535 1164 3745 1232 προῖκα

2156 1277 2187 1328 χ
2195 1261 2443 1327 ρεωστεῖ.
2694 1290 2711 1303 ~

2238 1350 2297 1403 '0
2334 1351 2594 1421 πενθερδς
2643 1352 2748 1405 ὑπὸ
2795 1351 2889 1404 τοῦ
2926 1350 3203 1420 γαμϐροῦ,
3239 1349 3334 1401 καὶ
3374 1351 3407 1417 ἡ
3444 1346 3593 1418 γυνὴ
3634 1348 3743 1399 ὐπδ

2154 1438 2247 1492 τοῦ
2281 1440 2470 1509 ἀνδρὸς
2508 1439 2908 1510 ἀπαιτούμενοι
2940 1440 3007 1511 ἦν
3038 1440 3473 1508 ἐπερωτήθησαν
3503 1439 3740 1507 προῖκα,

2155 1530 2293 1599 πρὸς
2329 1531 2388 1583 τὸ
2448 1533 2648 1600 μέτρον
2675 1531 2773 1599 τῆς
2803 1531 2991 1594 οὐσίας
3041 1531 3222 1583 αὐτῶν
3252 1528 3741 1592 καταδικάζονται.

2242 1623 2371 1676 Ἐὰν
2415 1625 2443 1675 ὁ
2479 1622 2618 1692 ἀνὴρ
2651 1625 2991 1694 συμφωνήσῃ
3037 1623 3173 1692 πρὸς
3212 1622 3312 1690 τὴν
3354 1623 3621 1687 γυναῖκα,
3656 1617 3744 1671 ἵνα

2155 1715 2498 1768 τελευτῶσαν
2526 1716 2696 1783 αὐτὴν
2724 1714 3133 1785 κληρονομήσῃ,
3161 1714 3221 1765 τὸ
3252 1712 3549 1781 σύμφωνον
3567 1710 3744 1780 ἄχρη-

2156 1809 2279 1860 στόν
2310 1807 2621 1860 ὲστιν.Ἐὰν
2644 1806 2701 1860 δὲ
2727 1806 2955 1876 γένηται
2992 1806 3282 1875 σύμφωνον
3318 1804 3377 1870 ἐξ
3411 1805 3619 1875 ἀρχῆς,
3653 1804 3744 1857 ἵνα

2157 1896 2606 1967 προτελευτώσης
2666 1897 2768 1966 τῆς
2821 1898 3081 1965 γυναικὸς
3132 1898 3167 1966 ἡ
3225 1896 3383 1965 προὶξ
3456 1894 3742 1966 ἀπομείνῃ

2155 1989 2307 2058 παρὰ
2340 1987 2419 2058 τῷ
2449 1988 2626 2057 ἀνδρὶ,
2669 1988 2765 2042 καὶ
2805 1988 2855 2040 εί
2884 1988 3041 2057 παρὰ
3086 1987 3181 2041 τοῦ
3225 1987 3435 2056 πατρὸς
3470 1984 3743 2054 δεδομένη

2156 2082 2306 2134 ἐστὶν
2325 2083 2358 2151 ἡ
2380 2080 2568 2150 προὶξ,
2602 2079 2842 2151 ἔρῤωται
2867 2082 2927 2133 τὺ
2957 2079 3272 2149 σύμφωνον,
3321 2078 3417 2131 καὶ
3446 2076 3744 2129 ἀποκλείε-

2153 2189 2245 2226 ται
2283 2172 2311 2225 ὁ
2342 2172 2552 2242 πατήρ.

2236 2265 2363 2319 Ἐὰν
2408 2267 2436 2318 ὁ
2486 2264 2672 2334 πατὴρ
2719 2262 2895 2326 οὕτως
2931 2262 3083 2315 ἐστὶν
3133 2260 3394 2330 αἰσχρὸς,
3424 2258 3580 2313 ὥστε
3620 2259 3742 2322 δέος

2153 2357 2315 2423 εἶναι,
2357 2360 2568 2430 μήποτε
2596 2355 2782 2411 λαϐὼν
2810 2356 2910 2426 τὴν
2948 2356 3152 2425 προῖκα
3193 2353 3516 2425 δαπανήσῃ.
3554 2351 3740 2422 ἀρνεῖ-

2153 2469 2245 2504 ται
2279 2449 2429 2519 αὐτῷ
2475 2450 2508 2519 ὴ
2545 2448 2736 2518 ἀγωγή
2760 2464 2775 2479 °
2818 2449 2913 2501 καὶ
2951 2449 2980 2499 ὁ
3013 2444 3275 2515 δικαστὴς
3313 2444 3541 2513 προνοεῖ
3570 2441 3737 2495 αὐτοῦ

2155 2542 2252 2596 καὶ
2292 2541 2389 2611 τῆς
2421 2540 2714 2608 θυγατρός.

2226 2635 2291 2687 Εί
2326 2634 2535 2686 παίδων
2573 2631 2818 2684 ὑπόντων
2849 2630 3032 2698 δεήσει
3075 2631 3169 2684 τδν
3218 2630 3563 2699 ἐμμείναντα
3598 2624 3739 2697 μετὰ

2155 2726 2414 2794 τελευτὴν
2444 2726 2540 2794 τῆς
2574 2724 2813 2790 συζύγου
2869 2722 3059 2785 αὐτοῦ,
3100 2723 3229 2776 ἄνευ
3277 2721 3372 2773 τοῦ
3421 2719 3737 2792 περιελθεῖν

2155 2823 2237 2884 εἰς
2278 2820 2468 2888 ἕτερον
2522 2819 2891 2893 συνοιξιέσιον,
2945 2816 3048 2885 τῆς
3101 2818 3210 2869 τῶν
3259 2816 3483 2868 οἰκείων
3523 2814 3735 2866 τέκνων

2157 2907 2532 2974 συνδιαγωγῆς
2562 2905 2926 2975 χωρισθῆναι,
2963 2904 3100 2974 μετὰ
3126 2904 3185 2956 τὸ
3209 2903 3514 2957 ἀπολαϐεῖν
3544 2902 3733 2968 ἐντελῆ

2155 2999 2223 3052 τὰ
2265 2998 2373 3049 ἴδια
2413 2997 2738 3065 πράγματα,
2775 2997 2856 3048 δεῖ
2903 2996 3207 3064 λαμϐάνειν
3260 2995 3422 3047 αὐτὸν
3475 2996 3578 3048 καὶ
3618 2993 3739 3056 ἑνὸς

2158 3087 2349 3149 παιδὸς
2384 3089 2578 3157 μοῖραν
2599 3087 2742 3138 κατᾶ
2770 3087 2861 3138 τὸν
2885 3087 3121 3157 ἀριθμδν
3150 3086 3258 3138 τῶν
3280 3088 3514 3146 τέκνων.
3550 3101 3759 3139 τεκνοι-

480 3165 583 3219 sed
616 3180 956 3227 conservatae
986 3175 1089 3244 ipsi
1120 3193 1247 3249 erga
1284 3182 1488 3250 primas
1538 3186 1762 3254 nuptias
1798 3203 2050 3243 reveren-

2156 3180 2387 3251 τροφὶας
2409 3196 2467 3231 τε
2489 3181 2674 3241 ἕνεκα,
2700 3180 2795 3232 καὶ
2820 3181 2917 3249 τῆς
2944 3165 3392 3248 διασεσωσμένης
3416 3180 3577 3250 αὐτῷ
3597 3179 3735 3249 πρὸς

482 3259 574 3312 tite
596 3267 651 3313 et
678 3260 927 3319 honoris.

553 3349 610 3402 Si
640 3362 858 3419 propter
891 3371 1153 3424 sponsam
1201 3376 1359 3416 suam
1388 3374 1748 3431 aegrotantem
1782 3370 1867 3421 vir
1896 3385 2052 3424 sunt-

481 3447 609 3509 ptus
638 3442 800 3513 227
828 3448 1040 3517 aliquos
1071 3450 1282 3519 fecerit,
1323 3470 1430 3509 non
1470 3466 1655 3525 potest
1685 3471 1805 3528 post
1842 3464 2050 3517 obitum

481 3546 697 3600 sponsae
743 3551 771 3588 a
820 3553 986 3593 socro
1013 3552 1286 3610 repetere,
1335 3545 1403 3598 ad
1441 3561 1601 3613 quem
1647 3551 1748 3604 dos
1791 3553 1913 3607 filia:
1940 3569 2054 3609 suae

481 3626 729 3691 redierit,
792 3630 888 3684 sed
944 3633 1000 3686 in
1061 3634 1237 3703 ipsius
1295 3638 1645 3706 beneplacito
1701 3645 2054 3714 acquiescere

478 3716 660 3771 debet.
717 3717 1026 3788 Sepultum
1071 3735 1257 3780 autem
1310 3739 1569 3800 sumptus
1635 3734 1813 3790 reddit
1876 3749 2051 3806 pater,

479 3809 641 3875 cujus
672 3811 725 3865 in
759 3828 958 3870 manus
988 3815 1091 3872 dos
1122 3819 1367 3874 redierit.

549 3899 607 3954 Si
639 3903 1027 3963 ﬁliusfamilias
1066 3925 1293 3966 uxorem
1329 3913 1570 3981 duxerit,
1604 3927 1759 3983 pater
1832 3929 2055 3976 tenetur

478 3999 535 4047 ct
574 3993 757 4063 ipsum
794 4006 848 4053 et
883 4002 1176 4071 coniugem
1214 4004 1385 4061 alere.
1415 4005 1467 4062 Is
1511 4008 1657 4063 enim
1710 4024 1877 4066 onera
1933 4027 2056 4068 sus-

480 4085 620 4142 tinet
648 4091 964 4159 nuptiarum
1001 4094 1097 4148 lilii
1134 4096 1245 4152 sui.

553 4260 748 4326 Qnmre
786 4276 948 4335 caput
978 4268 1012 4320 ‘2
1040 4269 1237 4325 litterae
1266 4274 1327 4326 A.

822 4381 977 4437 CAP.
1014 4382 1156 4437 XXI.
1195 4385 1271 4439 De
1297 4387 1675 4452 proditoribus.

548 4494 736 4550 Cauon
762 4513 942 4553 nonus
959 4497 1208 4567 Gregorii
1245 4499 1639 4574 Thaumaturgi
1667 4545 1681 4569 ,
1715 4507 2051 4576 quicunque,

471 4585 682 4655 inquit,
723 4603 847 4641 cum
886 4592 1085 4658 captivi
1113 4590 1318 4646 fuerint
1360 4596 1502 4663 apud
1538 4596 1826 4657 barbaros.
1868 4610 1919 4652 et
1961 4616 2053 4653 eo-

480 4692 604 4729 rum
638 4677 917 4745 impietate
951 4682 1259 4746 constricti,
1302 4683 1356 4736 in
1409 4695 1620 4739 tantum
1680 4686 1851 4755 ipsius
1920 4688 2049 4742 fiant

472 4769 778 4839 participes
827 4778 885 4824 ut
915 4771 1249 4827 Christianus
1294 4789 1410 4829 suae
1473 4778 1833 4845 professionis
1891 4779 2046 4833 obliti

469 4862 775 4915 .uonuulios
807 4877 1035 4918 suorum
1074 4866 1470 4921 contribulium
1508 4869 1655 4938 ligno
1703 4880 1796 4924 aut
1852 4872 2047 4941 laqueo

474 4953 836 5017 interficiant,
867 4966 923 5008 et
956 4957 1072 5011 vias
1130 4972 1193 5011 ac
1254 4959 1446 5014 domos
1503 4961 1755 5017 barbaris
1816 4964 2045 5018 istarum

476 5045 687 5113 ignaris
718 5060 1178 5113 commonstrcnt,
1226 5068 1292 5107 ex
1324 5055 1636 5110 auditorum
1683 5056 1917 5110 statione
1945 5056 2045 5118 eji-

478 5137 719 5202 ciantur,
753 5143 1067 5211 usquedum
1130 5146 1338 5202 sanctis
1372 5148 1535 5202 simul
1571 5148 1911 5217 congregatis
1943 5149 2046 5201 ali-

473 5230 623 5297 quod
659 5232 723 5284 de
752 5234 817 5288 iis
874 5237 1243 5293 communiter
1273 5239 1450 5294 visum
1488 5243 1581 5305 sit,
1610 5241 1842 5309 etprius
1874 5239 2047 5306 Spiri-

476 5319 556 5377 tui
592 5331 804 5377 sancto.

1202 5449 1385 5520 Leges.

548 5557 651 5623 Qui
683 5560 905 5627 instigat
940 5561 1149 5633 hostes,
1181 5574 1276 5617 aut
1308 5565 1360 5617 in
1403 5580 1591 5618 eorum
1630 5580 1823 5619 manus
1865 5567 2045 5635 prodit

478 5646 775 5717 finitumus,
819 5656 993 5721 rapite
1050 5658 1333 5725 plectitur.
1422 5656 1523 5722 Qui
1552 5673 1680 5712 vero
1708 5659 1759 5710 in
1813 5660 2045 5716 desertis

477 5742 631 5802 locis.
691 5754 783 5799 aut
851 5757 1071 5816 propter
1136 5763 1287 5803 mare
1344 5748 1650 5805 latronibus
1691 5752 2041 5820 opiiulantur,

480 5849 637 5903 quam
677 5839 857 5898 hostes
890 5839 1064 5914 aperti
1089 5853 1153 5895 co
1174 5841 1392 5908 gravius
1420 5844 1743 5911 puniuntur,
1765 5860 1872 5917 quo
1899 5844 2045 5900 clan-

2156 3270 2251 3323 τὸν
2282 3270 2497 3338 πρῶτον
2548 3272 2727 3339 γάμον
2766 3270 2946 3331 αἰδοῦς
2983 3270 3077 3322 καὶ
3108 3274 3294 3339 τιμῆς.

2224 3364 2291 3417 El’
2328 3379 2379 3414 τι
2429 3361 2455 3411 ὁ
2487 3362 2629 3431 ἀνὴρ
2661 3363 2967 3432 ἐδαπάνησε
3019 3362 3158 3431 πρὸς
3199 3362 3298 3432 τὴν
3326 3363 3587 3432 γαμετὴν
3632 3362 3732 3414 αὺ-

2151 3455 2246 3508 τοῦ
2274 3455 2557 3515 νοσοῦσαν,
2599 3455 2734 3523 μετὰ
2764 3454 2856 3505 τὸν
2904 3454 3076 3521 αὐτῆς
3121 3453 3350 3506 θάνατον
3393 3453 3451 3504 οὐ
3509 3454 3734 3506 δύναται

2152 3550 2413 3602 ἀπαιτεῖν
2440 3548 2535 3599 τὸν
2561 3546 2826 3616 πενθερὸν
2856 3544 3047 3609 αὐτοῦ,
3092 3545 3232 3616 πρὸς
3277 3546 3336 3598 ὃν
3373 3546 3407 3614 ἡ
3436 3545 3609 3615 προὶξ
3636 3546 3733 3613 τῆς

2152 3640 2433 3708 θυγατρὸς
2478 3637 2647 3689 αὐτοῦ
2689 3635 2975 3705 ἐπανήξει,
3005 3635 3141 3689 ἀλλὰ
3192 3638 3258 3704 τῇ
3288 3634 3529 3688 διαθέσει
3562 3631 3729 3686 αὐτοῦ

2152 3730 2358 3800 ὀφείλει
2389 3728 2727 3796 λογίζεσθαν
2753 3729 2855 3781 ὅσα
2881 3729 2934 3781 δὲ
2962 3730 3041 3791 εἰς
3085 3727 3185 3796 τὴν
3214 3730 3392 3794 ταφὴν
3421 3729 3729 3797 ἡνάλωσεν,

2151 3825 2180 3877 ὁ
2215 3821 2400 3891 πατὴρ
2438 3820 2622 3873 δίδωσι
2667 3819 2805 3888 πρὸς
2854 3819 2916 3871 ὃν
2964 3822 2998 3889 ἡ
3035 3819 3196 3889 προῖξ
3222 3820 3555 3889 ἐπανῆλθεν.

2238 3914 2295 3965 Ὀ
2347 3911 2442 3963 τοῦ
2490 3912 2772 3979 γήμαντος
2825 3910 3155 3975 ὑπεξουσίου
3210 3909 3394 3979 πατὴρ
3433 3909 3534 3963 καὶ
3566 3909 3729 3962 αὐτὸν

2154 4004 2531 4072 ἀναγκάζεται
2582 4005 2820 4073 τρέφειν,
2858 4005 2953 4055 καὶ
2985 4002 3081 4072 τὴν
3113 4002 3364 4073 γαμετὴν
3395 4003 3587 4055 αὑτοῦ·
3629 4000 3726 4053 αύ-

2153 4097 2243 4160 τὸς
2280 4099 2390 4168 γὰρ
2418 4098 2709 4149 ὑπόκειται
2746 4098 2857 4158 τοῖς
2897 4096 3086 4167 βάρεσι
3121 4095 3213 4147 τοῦ
3262 4097 3443 4164 γάμου
3474 4095 3572 4148 τοῦ
3608 4090 3724 4147 υἱοῦ

2154 4189 2349 4243 αὐτοῦ.

2224 4283 2386 4350 Ζήτει
2413 4282 2472 4334 τὸ
2506 4281 2553 4350 β’
2589 4282 2887 4349 κεφάλαιον
2917 4282 3009 4335 τοῦ
3047 4287 3084 4333 Δ
3119 4283 3411 4351 στοιχείου.

2455 4394 2705 4445 ΚΕΦΑΛ.
2757 4395 2886 4448 KA'.
2920 4396 3059 4462 Περὶ
3098 4393 3426 4459 προδοτῶν.

2234 4509 2294 4560 Ὁ
2326 4506 2368 4561 0'
2395 4507 2577 4561 κανὼν
2608 4507 2701 4560 τοῦ
2726 4508 2881 4576 ἁγίου
2907 4508 3209 4578 Γρηγορίου
3237 4509 3329 4562 τοῦ
3362 4511 3723 4581 Θαυματουρ-

2152 4597 2275 4665 γοῦ,
2309 4598 2489 4662 Ὅσοι,
2526 4600 2712 4669 φησὶν,
2749 4601 3093 4669 αἰχμάλωτοι
3133 4604 3246 4664 τοῖς
3296 4602 3598 4674 βαρϐάροις
3630 4618 3721 4669 γε-

2151 4692 2378 4758 γόνασι,
2430 4694 2525 4741 καὶ
2582 4693 2648 4760 τῇ
2701 4693 2850 4758 σφῶν
2900 4693 3191 4763 δυσσεϐείᾳ
3246 4695 3717 4766 συναπαχθέντες,

2150 4785 2402 4836 τοσοῦτον
2432 4783 2636 4852 ταύτης
2663 4785 2949 4853 μετέσχον,
2982 4786 3121 4838 ὥστε
3150 4786 3244 4840 καὶ
3267 4787 3435 4857 λήθην
3462 4787 3720 4847 λαϐόντες

2149 4873 2242 4925 τοῦ
2292 4869 2434 4926 εἶναι
2482 4875 2846 4945 Χριστιανοὺς
2870 4918 2883 4940 ,
2915 4877 3089 4937 ἐνίους
3119 4879 3227 4931 τῶν
3257 4878 3546 4947 ὁμοφύλων
3580 4878 3719 4946 ξύλῳ

2149 4966 2181 5033 ἢ
2222 4967 2428 5037 ἀγχόνῃ
2458 4967 2777 5034 ἐφόνευσαν,
2815 4969 2910 5021 καὶ
2961 4970 3114 5032 ὁδοὺς
3160 4971 3192 5039 ἦ
3235 4971 3416 5029 οἰκίας
3463 4971 3717 5040 ἀγνοοῦσι

2148 5058 2262 5118 τοῖς
2308 5055 2605 5126 βαρϐάροις
2653 5059 2963 5124 ὑπέδειξαν,
3005 5060 3099 5111 καὶ
3138 5060 3236 5128 τῆς
3266 5061 3594 5129 ἀκροάσεως
3622 5062 3714 5110 ἐκ·

2150 5147 2553 5218 ὀληθὴτωσαν,
2621 5150 2815 5219 μέχρις
2869 5150 2936 5203 ἂν
2992 5151 3312 5204 συνελθοῦσι
3361 5158 3473 5215 τοῖς
3534 5152 3708 5216 ἁγίοις

2149 5243 2299 5308 κοινῇ
2336 5242 2466 5309 περὶ
2497 5242 2673 5293 αὐτῶν
2707 5259 2757 5293 τι
2791 5240 2938 5309 δῦξῃ,
2976 5243 3071 5294 καὶ
3116 5244 3220 5312 πρὸ
3250 5245 3430 5297 αιτῶν
3459 5243 3533 5313 τῷ
3572 5241 3710 5308 ἁγίῳ

2151 5331 2448 5400 Πνεύματι.

2833 5452 3017 5519 Νόμοι
3027 5492 3040 5504 .

2231 5570 2290 5621 Ὀ
2343 5567 2605 5638 ἐρεθίζων
2654 5567 3042 5637 πολεμίους,ἣ
3094 5569 3379 5639 προδιδοὺς
3432 5567 3709 5636 πολεμίοις

2156 5659 2481 5730 Ῥωμαίους,
2516 5659 2826 5725 κεφαλικῶς
2856 5664 3201 5729 τιμωρεῖται.
3225 5663 3286 5714 Οἱ
3319 5662 3375 5713 δὲ
3413 5660 3553 5714 κατὰ
3584 5658 3708 5728 χέρ-

2150 5772 2260 5816 σον,
2288 5753 2320 5825 ἢ
2355 5752 2633 5804 θάλασσαν
2661 5755 2775 5814 τοῖς
2825 5752 3150 5823 λῃστεύουσι
3185 5754 3707 5825 συλλῃστεύσαντεςν

2148 5844 2253 5896 τῶν
2293 5842 2544 5914 φανερῶν
2593 5842 2867 5912 πολεμίων
2925 5842 3131 5913 μᾶλλον
3186 5844 3549 5909 κολάζονται,
3598 5841 3713 5905 ὅσῳ
