4054 6434
317 412 401 473 125
1225 378 1632 466 stNTAGMA
1679 402 2290 464 ALPHABETICUM.
2324 427 2393 438 —
2426 394 2560 449 P-E.

3452 341 3571 452 ιιι

316 523 392 576 καὶ
424 519 516 571 τοῦ
544 516 777 587 φανεροῦ
815 515 1055 585 πολέμου
1089 516 1123 585 ἡ
1158 514 1376 585 ἀφανὴς
1408 514 1671 580 ἐπιϐουλὴ
1704 512 1834 582 χαλε
1894 566 1896 573 ι

2012 512 2207 568 εειῑοιε
2237 509 2452 566 insidiae
2482 509 2606 579 plus
2636 504 2866 577 periculi
2891 502 3075 563 ferunt
3105 515 3268 573 quam
3298 505 3552 570 apertum

317 612 441 667 πωτέ
448 629 516 682 ρα
546 608 872 679 καθέστηκε.

372 705 506 766 Τοὺς
555 704 621 754 ἐκ
671 701 778 754 τῶν
820 699 1150 771 Ῥωμαϊκῶν
1203 700 1341 770 πρὸς
1390 701 1520 762 τοὺς
1573 697 1871 765 πολεμίους

317 792 710 861 ἀποφεύγοντας
771 790 844 852 ὡς
880 790 1176 859 πολεμίους
1207 790 1418 855 ἔξεστιν
1446 787 1744 850 ἀκινδύνως
1778 804 1874 854 φο-

318 886 505 938 νεύειν.

383 975 442 1029 '0
475 975 617 1029 κατὰ
642 976 740 1045 τῆς
774 973 1051 1043 σωτηρίας
1102 972 1197 1027 τοῦ
1236 972 1504 1043 βασιλέως
1528 971 1562 1042 ἢ
1590 971 1689 1040 τῆς
1719 968 1877 1021 πολι-

1976 605 2209 662 bellum.

2048 696 2151 762 Qui
2182 709 2212 747 a
2251 692 2448 749 castris
2473 687 2738 744 Romanis
2773 687 2838 740 ad
2868 686 3054 741 hostes
3090 693 3398 746 transeunt,
3434 692 3557 737 tan-

1976 806 2145 863 quam
2179 790 2369 847 hostes
2400 786 2614 855 absque
2647 783 2759 838 ullo
2791 781 3111 836 discrimine
3137 778 3386 834 occidere
3407 777 3551 833 licet.

2050 969 2154 1037 Qui
2194 969 2461 1023 adversus
2495 967 2727 1020 salutem
2785 960 3134 1032 imperatoris
3184 966 3282 1012 aut
3339 956 3554 1026 imperii

316 1070 453 1130 τείας
491 1067 977 1138 μηχανησάμενος,
1010 1066 1042 1135 ἢ
1082 1065 1410 1136 μελετήσας,
1445 1062 1735 1134 φονεύεται
1776 1061 1876 1114 καὶ

2017 1064 2274 1132 uidquam
2310 1060 2532 1114 molitur
2583 1066 2673 1111 aut
2703 1057 3015 1117 meditatur,
3044 1067 3315 1108 summum
3351 1046 3562 1117 suppli-

317 1161 620 1232 δημεύεται.

376 1254 436 1306 Oi
488 1252 624 1323 πρὸς
684 1251 813 1313 τοὺς
895 1248 1186 1320 πολεμίους
1268 1248 1735 1320 αὐτομολοῦντες,
1785 1244 1879 1299 καὶ

316 1344 403 1406 τάς
440 1343 720 1413 ἡμετέρας
771 1340 970 1412 βουλὰς
1028 1339 1509 1410 ἀπαγγέλλοντες,
1577 1336 1880 1407 ἀπαγχονί-

318 1438 511 1500 ζονται.

380 1529 539 1597 Ζήτει
572 1526 631 1579 τδ
663 1525 735 1578 ια’
765 1524 1063 1593 κεφάλαιον
1090 1524 1184 1577 τοῦ
1212 1525 1251 1576 Σ
1281 1524 1575 1594 στοιχείου.

659 1636 849 1691 ΑΡΧΗ
884 1635 1021 1690 ΤΟΥ
1058 1637 1101 1689 Ρ
1132 1636 1527 1690 ΣΤΟΙΧΕΙΟΥ.

317 1749 554 1803 ΚΕΦΔΛ.
603 1751 680 1801 A'.
717 1747 856 1816 Περὶ
886 1746 1005 1800 τῶν
1039 1747 1110 1800 ἐν
1151 1748 1332 1814 ῥύσει
1371 1746 1748 1811 ἀπροαιρέτῳ
1788 1764 1876 1815 γι-

522 1818 791 1885 νομένων
818 1816 1056 1886 ἀνδρῶν
1091 1833 1156 1868 τε
1206 1817 1306 1869 καὶ
1344 1816 1666 1886 γυναικῶν.

382 1934 544 2004 Ζήτει
572 1931 632 1986 τὸ
667 1929 744 1996 ις’
767 1948 893 2000 κεφ.
925 1930 1021 1984 τοῦ
1053 1932 1097 1983 Δ
1131 1930 1399 2000 στοιχείου
1424 1931 1519 1983 καὶ
1546 1930 1605 1984 τὸ
1640 1937 1725 2000 κη’
1751 1946 1877 1998 κεφ.

319 2027 404 2081 τοῦ
438 2029 496 2082 Κ
530 2025 826 2095 στοιχείου.

662 2140 850 2193 ΑΡΧΗ
889 2138 1030 2191 ΤΟΥ
1065 2140 1105 2192 Σ
1142 2137 1534 2192 ΣΤΟΙΧΕῙΟΥ.

318 2258 563 2313 ΚΕΦΑΛ.
596 2255 813 2311 Α’.”Οτι
849 2251 977 2319 τοῖς
1000 2249 1305 2306 Σάϐϐασιν
1333 2252 1405 2304 οὐ
1427 2248 1525 2304 δεῖ
1537 2248 1881 2318 νηστεύειν.

382 2348 546 2416 Ζήτει
570 2345 627 2398 ἐν
658 2343 737 2416 τῷ
787 2341 871 2408 λζ’
899 2341 1187 2413 κεφαλαίῳ
1234 2340 1329 2395 τοῦ
1380 2343 1432 2397 Κ
1469 2341 1736 2412 στοιχείου
1786 2357 1885 2393 κα-

319 2439 436 2492 νόνα
480 2439 592 2492 τῶν
641 2435 815 2505 ἁγίων
864 2435 1184 2489 ἀποστόλων
1233 2434 1343 2500 ξς’,
1388 2434 1619 2504 καὶτῆς
1660 2430 1713 2499 ς’
1763 2449 1889 2485 συν-

1983 1159 2133 1213 cium
2189 1156 2307 1226 ipse
2335 1154 2456 1215 luit,
2490 1160 2541 1206 et
2568 1152 2708 1207 bOna
2748 1150 2951 1204 cedunt
2986 1149 3140 1203 lisco.

2052 1248 2159 1317 Qui
2188 1248 2256 1302 ad
2288 1248 2500 1300 hostem
2558 1241 2956 1312 transfugiunt,
2994 1249 3047 1297 et
3081 1240 3311 1295 consilia
3368 1247 3560 1315 nostra

1982 1342 2240 1413 produnt,
2274 1336 2709 1405 strangulatione
2744 1341 2995 1402 pereunt.

2065 1526 2258 1591 Quare
2285 1537 2411 1590 cap.
2446 1520 2504 1571 ll
2545 1519 2650 1571 litt.
2685 1519 2744 1570 Σ.

2326 1630 2790 1705 2281NITIUM
2826 1626 3151 1684 LITTERIE
3186 1628 3245 1681 P.

1982 1754 2135 1809 CAP.
2160 1756 2205 1807 ι.
2241 1752 2314 1804 De
2334 1750 2461 1804 viris
2485 1765 2546 1800 ac
2579 1745 2911 1801 mulieribus.
2939 1744 3032 1810 qui
3061 1741 3416 1795 iuvoluntario
3438 1754 3564 1807 pro-

2540 1817 2699 1885 ﬂuvio
2721 1814 2987 1868 laborant.

2060 1935 2192 1989 Vide
2223 1939 2386 2003 caput
2418 1932 2482 1986 16
2509 1931 2614 1983 litt.
2644 1931 2712 1993 A,
2753 1937 2807 1982 et
2836 1941 2961 1996 cap.
3003 1925 3074 1981 28
3102 1925 3281 1980 litt.K.

2444 2121 2714 2180 INITIUM
2744 2118 3071 2176 LITTEBE
3107 2119 3168 2172 Σ.

1985 2236 2139 2321 CAP.
2168 2237 2215 2292 ῐ.
2244 2234 2398 2303 Quod
2433 2234 2485 2288 in
2514 2231 2762 2288 Sabbatis
2790 2228 3262 2298 minimcjejunare
3307 2231 3566 2291 oporteat.

2048 2314 2302 2388 Consule
2363 2329 2418 2383 in
2476 2327 2544 2382 37
2602 2340 2725 2395 cap.
2785 2323 2890 2378 litt.
2933 2322 2979 2376 Κ
3031 2334 3298 2376 canonem
3347 2326 3570 2372 sancto~

1989 2440 2113 2480 rum
2156 2421 2532 2495 apostolorum
2581 2417 2671 2485 66,
2719 2425 2773 2473 et
2810 2413 3001 2487 synodi
3047 2428 3099 2468 v1
3146 2425 3248 2467 can
3301 2409 3392 2478 55,
3422 2418 3478 2465 et
3517 2410 3571 2465 in

318 2532 432 2586 όδου
466 2536 572 2596 ve’,
608 2500 704 2584 καί
749 2528 826 2597 τῷ
878 2528 952 2579 λε’
1005 2545 1133 2594 κεφ.
1167 2526 1264 2580 τοῦ
1297 2528 1338 2580 Ε
1370 2500 1641 2597 στοιχείου
1696 2525 1797 2594 τῆς
1828 2527 1886 2578 ἐν

2012 2520 2062 2574 ἱ5
2111 2531 2231 2585 cap.
2270 2512 2315 2567 Ε
2356 2514 2574 2567 litttera:
2623 2524 2743 2578 syn.
2793 2505 3119 2561 Laodicenae
3168 2517 3434 2556 canonem
3484 2500 3573 2567 16,

317 2623 609 2694 Λαοδικείᾳ
638 2622 858 2675 συνόδου
916 2620 1125 2674 κανόνα
1164 2626 1262 2685 ις’,
1303 2620 1401 2675 καὶ
1449 2619 1509 2670 ἐν
1555 2615 1635 2686 τῷ
1682 2623 1723 2670 ε’
1759 2633 1885 2687 κεφλ.

316 2716 406 2770 τοῦ
433 2716 476 2769 ‘1‘
516 2713 790 2784 στοιχείου
825 2712 1030 2766 κανόνα
1064 2718 1137 2764 ve’
1165 2711 1266 2779 τῆς
1296 2709 1353 2775 ς’
1380 2709 1627 2765 συνόδου.

630 2804 882 2858 ΚΕΦΑΛ.
935 2803 1011 2857 B’.
1051 2803 1192 2871 Περὶ
1233 2800 1564 2869 σκηνικῶν.

380 2894 546 2965 Ζήτει
582 2894 640 2947 ἐν
666 2891 744 2963 τῷ
774 2892 820 2945 α’
845 2909 973 2960 κεφ.
1008 2891 1100 2945 τοῦ
1123 2891 1166 2944 Θ
1189 2890 1453 2966 στοιχείου
1481 2891 1685 2944 κανόνα
1719 2895 1767 2943 α’
1790 2887 1893 2957 τῆς

320 2992 370 3050 ς’
401 2984 654 3049 συνόδου,
704 2983 801 3037 καὶ
844 2987 902 3037 ἐν
942 2983 1019 3050 τῷ
1055 2983 1101 3047 ξ’
1130 3000 1258 3052 κεφ.
1287 2984 1382 3036 τοῦ
1408 2983 1464 3037 Μ
1491 2982 1762 3052 στοιχείου
1790 2997 1893 3034 κα-

317 3077 442 3131 νόνα
473 3083 580 3148 μς¹
610 3079 712 3147 τῆς
744 3078 803 3130 ἐν
847 3074 1178 3147 Καρθαγένῃ
1233 3073 1475 3139 συνόδου.

381 3170 551 3239 Ζήτει
594 3168 687 3222 καὶ
719 3167 780 3221 τὸ
812 3166 879 3221 ια’
903 3167 1205 3235 κεφάλαιον
1232 3165 1329 3219 τοῦ
1358 3165 1415 3220 Μ
1450 3164 1746 3236 στοιχείου.

1996 2620 2053 2671 et
2087 2610 2138 2663 in
2164 2608 2198 2663 5
2230 2621 2352 2676 cap.
2375 2602 2419 2657 T
2457 2602 2652 2656 litterae
2681 2611 2942 2652 canonem
2980 2594 3051 2650 55
3084 2610 3135 2650 tv
3176 2591 3393 2660 synodi.

2340 2778 2493 2835 CAP.
2530 2776 2600 2831 ΙΙ.
2634 2774 2710 2830 De
2745 2771 2892 2826 ludis
2944 2769 3186 2825 scenicis.

2064 2879 2257 2942 Quaere
2286 2874 2341 2927 in
2369 2886 2489 2943 cap.
2525 2870 2550 2922 1
2582 2867 2686 2929 litt.
2720 2865 2763 2917 Θ
2788 2876 3051 2918 canonem
3097 2859 3331 2929 primum
3382 2854 3575 2928 synodi

1995 2976 2182 3034 sextae,
2211 2973 2266 3021 et
2304 2965 2358 3018 in
2406 2963 2438 3014 7
2474 2974 2596 3030 cap.
2656 2956 2764 3011 litt.
2793 2954 2865 3009 Μ.
2924 2966 3191 3008 canmtem
3253 2947 3322 3003 46
3383 2945 3585 3018 synodi.

1994 3054 2477 3127 Carthaginensis.

2068 3152 2263 3218 Quaere
2299 3157 2354 3202 et
2378 3160 2507 3214 cap.
2537 3143 2599 3198 11
2631 3141 2737 3195 litt.
2771 3138 2846 3194 Μ.

313 3284 570 3337 ΚΕΦΑΛ.
597 3281 676 3335 Γ¹.
706 3281 836 3335 Ὅτι
862 3281 1133 3349 σταυρὸν
1180 3280 1249 3333 ἐν·
1284 3279 1493 3347 ἐδάφει
1526 3278 1779 3347 τράφειν
1814 3275 1889 3330 οὐ

2012 3267 2145 3327 ΖΔΡ.
2173 3265 2263 3349 IIII.
2296 3262 2452 3349 Quod
2507 3275 2608 3313 non
2632 3263 2870 3349 latior-tet
2908 3254 2963 3308 in
3012 3253 3315 3349 pavimejtt'o
3367 3262 3589 3302 crucem

484 3352 605 3418 δεῖ,
628 3352 791 3407 ἀλλὰ
830 3352 931 3417 καὶ
968 3350 1111 3416 τοὺς
1146 3350 1333 3417 ὄντας
1361 3349 1749 3419 ἀπαλείφειν.

387 3446 451 3501 '0
497 3442 585 3512 ογ¹
627 3446 727 3514 τῆς
777 3449 831 3506 ς’
904 3441 1126 3495 συνόδου
1181 3439 1364 3495 κανὼν
1423 3439 1517 3494 τὸν
1562 3435 1659 3492 τοῦ
1703 3435 1892 3508 τιμίου

2218 3320 2529 3396 describere,
2566 3329 2657 3383 sed
2683 3320 2733 3381 et
2763 3326 2841 3379 ita
2874 3320 3147 3392 expressas
3208 3320 3405 3377 delere.

2064 3430 2255 3486 Canon
2290 3426 2359 3481 G5
2390 3421 2611 3479 concilii
2637 3435 2688 3474 νι
2724 3418 2952 3489 ﬁguram
3002 3415 3256 3486 pretiosae
3284 3411 3471 3468 crucis
3526 3408 3586 3462 in

319 3500 566 3611 σταυρού
610 3500 805 3591 τύπον⁷
832 3537 890 3588 ἐν
947 3535 1137 3604 ἐδάφει
1169 3535 1407 3604 γράφειν
1454 3500 1793 3602 ἀπείρηκεν,
1830 3528 1891 3581 οὐ

2012 3522 2313 3578 ιονὶηιθηιο
2344 3514 2662 3572 describere
2695 3519 2865 3578 vetat,
2902 3524 3077 3579 neque
3102 3509 3207 3562 lioc
3237 3505 3436 3562 solum.
3487 3500 3585 3555 sed

319 3633 424 3703 μὴν
448 3631 598 3686 ἀλλὰ
631 3629 729 3683 καὶ
756 3628 883 3690 τοὺς
909 3626 1010 3698 ήδη
1040 3626 1358 3697 γραφέντας
1387 3623 1719 3694 διαγράφειν
1743 3621 1897 3673 ἀνεν-

314 3724 586 3786 δοιάστως
607 3721 936 3792 ἐπισκήπτει
959 3718 1053 3773 καὶ
1081 3716 1411 3784 ἐξαλείφειν,
1442 3715 1519 3777 ὡς
1547 3714 1612 3766 ἂν
1648 3712 1724 3782 μὴ
1761 3727 1899 3780 συμο

316 3816 665 3887 πατούμενον
708 3815 823 3875 τοῖς
856 3809 1190 3882 βαδίζουσιν,
1226 3805 1577 3878 ἐφυϐρίζοιτο
1611 3803 1672 3856 τὸ
1723 3803 1898 3877 σωτή-

321 3924 435 3979 ριον
473 3907 586 3977 τῆς
622 3907 655 3973 ἠ
667 3904 787 3976 μῶν
814 3902 972 3972 νίκης
1006 3900 1290 3972 τρόπαιον·
1320 3899 1380 3951 τὸ
1413 3896 1510 3951 καὶ
1528 3894 1738 3965 διανοίᾳ
1759 3893 1899 3946 αἰδοῖ

313 4004 378 4072 τῇ
414 4000 574 4071 πάσῃ
601 3997 933 4069 τιμώμενον,
966 3995 1063 4049 καὶ
1092 3992 1238 4064 λόγῳ
1263 3990 1634 4061 διαφερόντως
1682 3988 1898 4058 θαυμα-

316 4090 575 4163 ζόμενον,
606 4089 701 4143 καὶ
743 4086 1001 4156 αἰσθήσει
1033 4084 1362 4157 πρακτικῶς
1396 4079 1898 4153 προσκυνούμενον.

1008 4179 1227 4245 Νόμος.

383 4277 604 4348 Μηδεὶς
651 4279 709 4328 ἐν
762 4272 972 4340 ἐδάφει,
1010 4272 1044 4341 ἦ
1077 4271 1135 4323 ἐν
1171 4267 1475 4338 μαρμάρῳ,
1529 4263 1624 4316 ἐπὶ
1668 4261 1902 4328 ἐδάφους

316 4372 587 4442 κειμένῳ,
625 4367 658 4438 ἢ
713 4369 771 4420 ἐν
831 4364 1034 4436 μυλίτῃ
1061 4361 1198 4431 λίθῳ
1252 4356 1492 4427 σταυρὸν
1535 4353 1898 4424 ἐγτλυφὲτω’

318 4464 412 4516 καὶ
441 4465 496 4517 οἱ
527 4462 686 4524 ὄντες
716 4461 774 4513 ἐν
813 4458 1026 4520 τούτοις
1066 4448 1579 4525 περιαιρείσθωσαν
1604 4462 1617 4477 ·
1657 4449 1685 4500 ό
1710 4445 1767 4499 δὲ
1795 4461 1902 4496 παρ

2005 3629 2057 3672 et
2087 3616 2198 3685 jam
2231 3612 2546 3668 eﬂ‘ormatas
2570 3603 2957 3661 deformandas
3010 3600 3238 3656 indubie
3290 3594 3486 3653 statuit
3532 3598 3587 3646 et

1998 3706 2314 3767 abolendas,
2351 3717 2419 3755 ne
2447 3700 2613 3763 forte,
2638 3696 2871 3767 pedibus
2903 3693 3309 3753 conculcatum,
3355 3688 3588 3742 vilescat

2000 3799 2242 3853 salutare
2276 3793 2526 3847 victorias
2552 3797 2759 3844 nostrae
2790 3794 3086 3853 tropmum,
3138 3780 3287 3851 quod
3320 3787 3374 3836 et
3404 3787 3589 3832 mente

1997 3890 2149 3948 omni
2209 3901 2331 3941 cum
2366 3882 2673 3940 reverentia
2734 3878 2953 3944 colitur,
2989 3885 3044 3932 et
3072 3887 3329 3933 sermone
3384 3869 3589 3925 eximie

1999 3979 2331 4039 celebratur,
2363 3983 2415 4031 et
2445 3971 2622 4044 quoad
2645 3984 2868 4027 sensum
2906 3981 3096 4037 reapse
3130 3963 3409 4018 aduratur.

2707 4150 2840 4205 Lex.

2071 4250 2244 4305 Nemo
2296 4248 2351 4301 in
2404 4249 2724 4314 pavimento
2772 4248 2870 4296 aut
2915 4249 3192 4293 marmore
3241 4232 3389 4303 quod
3425 4244 3593 4302 super

2003 4343 2321 4413 pavimento
2376 4339 2545 4408 jacet,
2569 4345 2666 4391 aut
2693 4333 2876 4404 lapide
2900 4328 3096 4385 molari
3131 4339 3350 4381 crucem
3380 4321 3591 4377 inscul~

2004 4442 2146 4503 pat;
2184 4434 2230 4487 si
2280 4445 2402 4503 quae
2435 4438 2620 4484 autem
2653 4426 2766 4495 jam
2808 4424 3024 4491 scriptae
3080 4417 3305 4479 fuerint,
3361 4413 3602 4467 eradan-.

324 4555 614 4625 ραϐαίνων
663 4508 756 4606 τὸν
806 4508 1023 4621 vos—toti,-
1203 4508 1520 4615 βαρυτάτην
1571 4538 1896 4611 ὑπομενέτω

2012 4540 2116 4585 tur.
2167 4527 2501 4596 Quicunque
2552 4535 2687 4579 vero
2736 4520 2913 4588 legem
2972 4508 3398 4584 transgreditur,
3467 4518 3593 4575 gra-

317 4663 515 4698 ποινὴν
525 4685 541 4698 ο

317 4663 442 4698 tow
484 4663 541 4698 ν.

316 4647 579 4790 ΚΕΦἏΛ.
638 4738 712 4787 A’.
762 4732 902 4804 Περὶ
951 4729 1344 4800 συμϐολαίων
1391 4724 1498 4782 κα).
1541 4717 1904 4791 συμφώνων.

1009 4826 1214 4893 Νόμοι.

397 4925 469 4978 Ἥ
524 4922 642 4976 τῶν
689 4919 1037 4990 συμϐολαίων
1086 4917 1338 4972 ἀπώλεια
1379 4913 1481 4967 οὐκ
1534 4907 1754 4979 ἀναιρεῖ
1810 4904 1911 4965 τὰς

319 5018 579 5085 ἀγωγάς.
623 5017 678 5067 ἐν
726 5006 771 5082 ᾧ
816 5012 1046 5067 δυνατόν
1083 5013 1232 5064 ἐστιν
1282 5007 1488 5077 ἑτέρως
1519 4996 1911 5069 ἀποδειχθῆναι

319 5109 381 5163 τὸ
414 5106 653 5181 ἀληθές.

388 5203 477 5253 Τὰ
541 5197 716 5270 χωρὶς
754 5197 908 5251 δόλου
963 5198 1236 5268 σύμφωνα
1277 5191 1374 5246 καὶ
1421 5184 1496 5258 μὴ
1557 5186 1670 5248 τοῖς
1725 5180 1913 5250 νόμοις

321 5294 585 5346 ἐναντιού
596 5308 732 5361 μενοι
765 5290 1023 5362 ἔρρωται.

592 5440 597 5443 _
651 5382 900 5435 ΚΕΦΑΛ.
927 5380 1005 5433 E'.
1041 5377 1180 5447 Περὶ
1210 5375 1594 5445 συμποσίων.

390 5475 489 5546 Τῷ
514 5481 592 5528 νε¹
630 5475 726 5543 τῆς
774 5475 833 5525 ἐν
865 5473 1162 5544 Λαοδικείᾳ
1208 5469 1430 5523 συνόδου
1479 5465 1666 5519 κανόνι
1725 5464 1916 5530 κληρι-

322 5570 456 5632 κους
493 5569 531 5637 ἢ
569 5567 803 5630 λαῖκοὺς
853 5567 1133 5636 συμπόσια
1200 5566 1376 5615 ποιεῖν
1442 5558 1499 5621 ἐξ
1554 5556 1752 5625 ἐράνου
1820 5552 1914 5605 καὶ

326 5660 624 5731 συμϐολῆς
659 5659 994 5730 ἀπείρηταιο
1046 5656 1219 5711 ταῦτα
1277 5655 1409 5723 γὰρ,
1450 5651 1524 5714 ὡς
1563 5647 1789 5711 ἐπίπαν,
1817 5644 1911 5698 οὐ·

2009 4621 2286 4677 vissimam
2326 4632 2543 4690 poenam
2575 4614 2707 4669 luat.

2246 4710 2400 4768 CAP.
2440 4708 2534 4764 IV.
2588 4707 2664 4762 De
2695 4704 2866 4771 pactis
2905 4711 2955 4756 et
2988 4698 3373 4755 contractibus.

2724 4796 2858 4851 Lex.

2091 4908 2341 4966 Perditio
2407 4895 2732 4960 rernm,de
2793 4892 2998 4963 quibus
3065 4898 3396 4942 conventum
3471 4881 3610 4951 luit.‘

2014 5020 2124 5060 non
2155 5002 2298 5057 tollit
2354 4995 2622 5052 actiones,
2670 4989 2723 5042 in
2779 4996 3040 5056 quantum
3102 4981 3232 5035 licet
3303 4980 3609 5035 veritatem.

2018 5100 2129 5152 alio
2161 5094 2325 5151 modo
2357 5089 2632 5161 pateﬁeri.

2099 5193 2246 5248 Citra
2287 5187 2473 5242 dolum
2510 5183 2717 5237 malum
2771 5191 2952 5250 pacta,
2989 5184 3043 5232 et
3104 5173 3316 5243 legibus
3377 5169 3616 5240 quidem.

2019 5287 2247 5344 minime
2278 5275 2576 5337 contraria,
2616 5273 2820 5325 valent.

2374 5365 2539 5437 229
2570 5362 2722 5418 CAP.
2755 5358 2820 5413 V.
2863 5359 2934 5412 De
2965 5354 3240 5411 conviviis.

2098 5464 2452 5525 interdicitur
2487 5473 2610 5512 etim
2663 5453 2883 5509 clericis
2947 5461 3062 5504 tum
3102 5445 3257 5501 Iaicis
3295 5455 3506 5498 canone
3538 5438 3621 5497 55in

2024 5556 2238 5616 concilii
2264 5548 2584 5612 Laodiceni,
2608 5543 2861 5600 convivia
2892 5555 2957 5593 ex
2984 5538 3278 5593 collatione
3305 5533 3604 5587 celebrate.

1963 5664 1973 5686 '
2023 5653 2131 5708 Ista
2149 5648 2294 5704 enim
2322 5641 2678 5712 utpluriinum
2713 5636 2847 5691 nihil
2879 5638 3131 5704 prosunt,
3166 5628 3279 5683 imo
3311 5624 3620 5696 aliquando.

324 5752 487 5818 δενός
522 5755 674 5806 εἰσιν
708 5752 937 5820 ἀγαθοῦ,
972 5751 1055 5805 ὅτι
1109 5748 1185 5820 μὴ
1218 5749 1311 5801 καὶ
1339 5745 1519 5813 πάσης
1551 5741 1896 5811 αἰσχρότητα

2024 5743 2172 5801 omni
2209 5733 2549 5809 turpitudine
2578 5732 2783 5788 referta
2816 5736 2969 5786 sunt.

329 5846 493 5917 πλέα.
