4054 6442
311 353 415 418 19.9

1294 351 1701 414 SYNTAGMA
1742 352 2357 418 ALPHABETICUM.
2387 383 2434 394 --
2459 354 2522 408 ξ’.

3460 371 3562 431 lit)

310 471 418 521 τῶν
466 466 703 521 συνόδων
751 464 1134 537 ἀθροίζεσθαυ
1185 466 1286 533 τὴν
1326 464 1385 517 δὲ
1419 465 1636 533 ἑτέραν,
1690 463 1792 515 οὐκ
1821 466 1880 516 ὲν

2001 465 2173 516 vocari
2207 464 2384 533 jubet,
2410 469 2643 522 alterunt
2681 484 2810 524 vero
2847 487 2957 525 non
2991 472 3046 527 in
3077 470 3426 542 Pentecoste,
3466 481 3564 533 sud

313 563 376 627 τῇ
416 560 784 629 Πεντηκοστῇ.
815 556 952 612 ἀλλὰ
982 557 1091 628 πρὸ
1134 557 1233 625 τῆς
1263 554 1726 624 Τεσσαρακοστῆς
1759 570 1887 607 συν-

310 651 566 704 εστάναιο
616 648 694 712 ὡς
753 648 844 711 ἂν,
883 648 1068 714 πάσης
1123 647 1321 716 ἀηδίας
1373 644 1472 697 καὶ
1513 643 1888 715 μικροψυχίας

311 743 408 808 τῆς
456 741 590 811 πρὸς
647 740 914 809 ἀλλήλους
982 737 1456 808 περιαιρεθείσης,
1514 736 1755 809 καθαροὶ
1811 734 1889 804 τῷ

314 833 479 900 φύσει
512 831 743 904 καθαρῷ
791 832 851 885 τὸ
887 831 988 901 τῆς
1027 829 1290 900 νηστείας
1320 828 1752 899 προσενέγκοιεν
1784 827 1881 879 δῶ-

314 942 429 996 ρον.
1830 964 1843 971 -

396 1015 453 1069 '0
505 1015 561 1069 δὲ
596 1015 659 1069 ιθ¹
680 1017 779 1086 τῆς
808 1013 851 1067 δ’
898 1014 1117 1069 συνόδου
1176 1015 1235 1065 ὲν
1284 1011 1435 1081 καλῷ
1465 1011 1638 1065 οῐεται
1673 1009 1890 1064 κεῖσθαι

313 1108 442 1172 τοὺς
482 1108 818 1170 ἐπισκόπους
873 1106 956 1169 δὶς
1014 1105 1112 1159 τοῦ
1160 1103 1315 1167 ἔτους
1378 1102 1634 1165 συνόδους
1686 1103 1889 1167 ποιεῖν,

314 1200 445 1254 ἔνθα
488 1199 554 1254 ἂν
607 1200 637 1252 δ
685 1199 786 1268 τῆς
819 1198 1095 1269 ἐπαρχίας
1140 1196 1414 1265 δοκιμάσῃ
1452 1193 1888 1265 μητροπολίτης,

315 1290 403 1344 ἐπ’
434 1291 590 1344 ὲνίων
629 1287 1111 1359 ὲκκλησιαστικῶν
1157 1284 1450 1356 διορθώσει
1497 1282 1848 1355 πραγμάτων
1876 1299 1890 1314 ⁸

313 1384 437 1444 τοὺς
472 1382 530 1436 δὲ
575 1380 652 1451 μὴ
695 1381 978 1440 συνιόντας
1024 1378 1137 1432 τῶν
1182 1377 1537 1443 ἐπισκόπων,
1565 1370 1747 1442 Ὕύγιῶς
1794 1373 1889 1427 τοῦ

319 1474 567 1544 σώματος
598 1473 842 1544 ἔχοντας,
876 1473 971 1527 καὶ
1031 1473 1155 1534 ταῖς
1197 1469 1381 1524 αὐτῶν
1412 1467 1890 1541 ὲπιχωριάζοντας

316 1567 528 1629 πόλεσι,
561 1566 695 1636 μηδέ
739 1582 888 1626 τινος
948 1563 1141 1633 ἑτέρου
1200 1559 1504 1629 ἀναγκαίου
1561 1559 1890 1630 πράγματος

317 1662 622 1729 εῐργοντος.
650 1657 961 1727 ἀδελφικῶς
984 1653 1436 1726 ὲπιπλήττεσθαι.
1790 1728 1793 1733 _
1892 1649 1898 1654 ’

401 1752 461 1806 '0
507 1752 564 1805 δὲ
599 1751 699 1817 τῆς
745 1756 800 1816 ς’
831 1749 1050 1803 συνόδου
1092 1746 1144 1818 η’
1164 1748 1356 1801 τοῦτον
1395 1746 1498 1816 μὲν
1528 1745 1604 1809 ὡς
1654 1744 1770 1815 ἔχει
1796 1744 1889 1797 λέ-

1992 566 2119 610 ante
2161 553 2649 627 Quadragesimam
2709 561 3018 630 celebrari;
3070 574 3129 618 ut
3184 567 3362 637 posita
3416 583 3566 621 οιιιιιι

2006 647 2239 701 acritate
2271 663 2334 700 ac
2365 649 2731 706 illiberalitate
2755 654 2947 719 animi,
2980 659 3101 725 puri
3135 658 3235 727 ipsi
3281 665 3475 712 natura
3503 674 3568 713 ex

1998 747 2193 808 suapte
2224 754 2361 809 puro
2387 740 2583 812 jejunii
2614 743 2820 799 donum
2848 746 3104 802 offerant.

2060 1003 2248 1060 Canon
2284 1016 2463 1063 autem
2507 1008 2575 1063 l9
2604 1013 2799 1082 synodi
2832 1021 3042 1084 quartae
3068 1029 3284 1086 :equum
3340 1017 3572 1072 bonum-

1991 1110 2098 1164 que
2143 1097 2376 1167 judicat,
2430 1109 2491 1156 ut
2528 1103 2776 1173 episcopi
2833 1105 2918 1160 bis
2970 1108 3269 1178 quotannis
3326 1109 3568 1163 concilia

1991 1190 2307 1257 celebrent,
2370 1194 2503 1257 ubi,
2558 1195 2605 1249 si
2653 1198 2951 1265 provincia:
3012 1201 3436 1269 metmpolitano
3493 1201 3568 1255 ita

1993 1282 2283 1351 placuerit,
2322 1284 2391 1338 de
2439 1287 2607 1343 rebus
2655 1289 3049 1345 ecclesiasticis
3078 1292 3446 1347 reformandis
3476 1291 3574 1346 de-

1992 1384 2221 1427 cernant
2254 1376 2582 1447 :cpiscopos
2617 1391 2822 1447 autem,
2850 1384 2942 1454 qui
2989 1398 3113 1437 cum
3161 1398 3397 1454 corpore
3433 1385 3571 1439 bene

1991 1468 2234 1537 valeant,
2282 1478 2336 1523 et
2376 1470 2431 1525 in
2483 1473 2714 1529 urbibus
2742 1477 2859 1530 suis
2905 1485 3217 1542 versentur,
3247 1490 3423 1545 neque
3461 1476 3570 1530 ulla

1992 1561 2097 1615 alia
2144 1578 2312 1619 causa
2345 1565 2631 1636 impediat,
2675 1583 2787 1625 non
2828 1571 3169 1627 conveniunt
3218 1577 3422 1636 tamen,
3459 1567 3572 1623 fra-

1994 1661 2150 1707 terno
2178 1670 2330 1710 more
2360 1656 2657 1727 increpari.

2066 1744 2201 1800 Dein
2230 1760 2405 1802 canon
2444 1757 2636 1806 sextus
2681 1749 2876 1821 synodi
2906 1759 3075 1807 sextae
3117 1751 3265 1807 hunc
3301 1752 3573 1808 verbatim

321 1843 456 1907 ξεως
509 1842 693 1906 δίεισι,
733 1841 1019 1910 νομοθετεῖ
1050 1840 1108 1893 δὲ
1128 1881 1145 1907 ,
1192 1838 1343 1904 ἅπαξ
1369 1837 1466 1892 τοῦ
1495 1839 1653 1901 ἔτους
1683 1842 1779 1891 καὶ
1819 1837 1894 1908 μὴ

2001 1841 2212 1907 repetit,
2244 1840 2424 1895 sancit
2469 1851 2654 1897 autem
2704 1843 2872 1899 semel
2905 1844 3124 1913 quidem
3161 1845 3215 1899 in
3246 1859 3416 1906 anno,
3465 1860 3574 1898 non

319 1935 403 1998 δἰς
434 1933 648 1988 σύνοδον
694 1932 967 2002 γίνεσθαι,
1014 1932 1209 2002 καιρὸν
1265 1931 1461 2002 ὁρίσας
1514 1930 1608 1983 τὸν
1650 1930 1762 1984 ἀπὸ
1800 1929 1895 1983 τοῦ

320 2028 513 2096 Πάσχα
570 2026 768 2096 μέχρις
823 2025 945 2079 ὅλου
998 2024 1094 2078 τοῦ
1138 2023 1500 2094 Ὀκτωϐρίου,
1542 2021 1632 2074 διά
1684 2039 1744 2073 τε
1796 2021 1897 2084 τὰς

319 2115 427 2170 τῶν
470 2115 766 2187 βαρδάρων
822 2114 1071 2185 ἐφόδους,
1131 2114 1225 2167 καὶ
1279 2115 1379 2177 τὰς
1434 2112 1896 2183 προσπιπτούσας

320 2207 516 2279 ἑτέρας
560 2209 762 2274 αίτίας,
797 2208 854 2261 αἳ
909 2208 1196 2278 δυσχερεῖς
1254 2204 1471 2259 ποιοῦσι
1517 2206 1634 2268 τοῖς
1676 2205 1897 2258 ἐπισκό-

320 2310 447 2358 ποις
491 2295 584 2359 τάς
610 2299 854 2366 συνεχεῖς
883 2295 1221 2366 ἀποδημίας.

393 2385 591 2440 Τοῦτον
619 2383 773 2451 αὖθις
805 2389 833 2440 ὁ
864 2385 921 2451 ς’
963 2386 1247 2457 ἑπικυρῶν
1295 2387 1390 2441 καὶ
1426 2388 1524 2457 τῆς
1558 2386 1602 2451 ζ’
1636 2385 1892 2451 συνόδου,

321 2477 685 2548 ἀφορίζεσθαι
715 2478 881 2545 ἀξιοῖ,
933 2479 989 2531 εἰ
1033 2495 1116 2540 τις
1146 2477 1335 2547 ἄρχων
1385 2476 1637 2548 εὑρεθείη
1692 2477 1894 2545 εἵργων

319 2568 444 2623 τινὰ
489 2569 598 2623 τῶν
642 2570 723 2632 είς
778 2568 879 2639 τὴν
927 2568 1148 2624 σύνοδον
1196 2568 1472 2623 ἀπιόντων
1526 2570 1848 2621 ἐπισκόπων
1876 2583 1891 2596 ·

326 2661 573 2714 συνιοῦσι
597 2661 654 2715 δὲ
676 2662 913 2729 τούτοις,
958 2658 1262 2734 προύργου,
1295 2661 1455 2730 φησὶ,
1494 2660 1726 2730 μελέτω,
1753 2658 1895 2713 ὥστε

320 2754 421 2818 τὰς
461 2754 555 2808 τοῦ
586 2755 927 2823 Εὐαγγελίου
959 2753 1207 2819 ἐντολὰς,
1241 2757 1341 2808 καὶ
1373 2753 1475 2816 τὰς
1506 2753 1619 2806 τῶν
1649 2753 1898 2807 κανόνων

322 2852 574 2920 μετιέναι
600 2851 878 2905 διδάσκειν
907 2852 1035 2913 τοὺς
1067 2850 1175 2903 ὑπὸ
1207 2850 1388 2920 χεῖρα.
1438 2848 1504 2901 Et
1538 2863 1662 2900 τινα
1693 2846 1748 2898 δὲ
1786 2846 1896 2898 τῶν

321 2942 758 3012 συνεληλυθότων
785 2942 1106 2994 ἐπισκόπων
1143 2941 1363 3008 κτῆνος,
1416 2938 1450 3008 ἢ
1500 2937 1690 3006 ἕτερον
1733 2931 1894 3001 εἶδος,

219 3046 234 3060 ‘
319 3034 351 3086 δ
406 3034 814 3104 μητροπολίτης
845 3034 1163 3104 ἀπαιτήσας
1197 3031 1408 3085 ἄκοντα
1457 3026 1773 3101 ἐλεγχθείη,
1808 3044 1898 3079 τε-

318 3123 659 3191 τραπλάσιον
678 3123 1021 3179 ἀποτισάτω.

392 3304 503 3359 Καὶ
535 3304 564 3358 ό
598 3300 650 3374 μ’
678 3303 776 3374 τῆς
813 3304 873 3356 ὲν
905 3300 1202 3374 Λαοδικείᾳ
1251 3299 1462 3371 πολλῆς
1489 3297 1635 3363 ἀξιοῖ
1682 3297 1901 3368 φροντί-

320 3398 410 3461 δος
439 3397 499 3450 τὸ
544 3396 670 3450 καθ’
697 3397 938 3466 ἑκάστην
972 3393 1246 3466 ἐπαρχίαν
1292 3393 1527 3463 ὲτησίως
1561 3390 1779 3444 σύνοδον
1811 3390 1900 3458 γί-

322 3491 530 3545 νεσθαι.
565 3492 655 3543 Διὸ
692 3491 792 3543 καὶ
843 3489 973 3551 τοὺς
1023 3486 1365 3548 ἐπισκόπους
1417 3484 1496 3547 εἰς
1550 3481 1755 3552 ταύτην
1801 3498 1903 3534 κα-

319 3583 617 3653 λουμένους
655 3581 759 3635 οὐκ
790 3577 1148 3644 ἀναδύεσθαι,
1211 3576 1330 3631 ἀλλ’
1381 3573 1621 3646 ἀμελητὶ
1677 3572 1901 3626 ἀπιέναι

324 3674 676 3743 προστάττει*
730 3672 829 3726 καὶ
883 3671 919 3742 ἢ
948 3671 1077 3732 τοὺς
1129 3668 1501 3738 σοφωτέρους,
1555 3665 1697 3720 ἅττα
1753 3664 1902 3716 ῐσασι

321 3766 615 3831 διδάσκειν,
635 3766 668 3836 ἢ
690 3764 813 3828 τοὺς
844 3762 1277 3832 ἁπλουστέρους,
1301 3759 1447 3829 ἅπερ
1476 3756 1733 3827 ἀγνοοῦσι
1768 3772 1902 3825 μαν-

324 3857 528 3913 θάνειν.
585 3856 744 3910 Οὕτω
800 3856 909 3925 γὰρ
965 3852 1372 3924 κατορθοῦσθαι
1421 3850 1522 3921 τὴν
1570 3846 1901 3916 Ἐκκλησίαν

324 3950 423 4005 καὶ
452 3949 748 4003 ἐπιδιδόναι
812 3947 1125 4017 συμϐαίνει,
1186 3943 1318 4013 περί
1380 3952 1441 3995 τε
1500 3941 1569 3994 τὰ
1629 3938 1767 4011 ὀρθὰ
1801 3940 1903 4007 τῆς

326 4040 563 4102 πίστεως
612 4039 885 4108 δόγματα,
940 4036 1039 4090 καὶ
1090 4035 1194 4097 τὰς
1247 4033 1341 4086 τὸν
1376 4032 1492 4103 βίον
1520 4026 1903 4102 ῥυθμιζούσας

327 4132 580 4196 ἐντολάς*
638 4132 668 4184 ό
721 4131 778 4184 δὲ
831 4127 1192 4199 καταφρονῶν
1218 4164 1234 4191 ,
1301 4124 1496 4178 ἑαυτὸν
1555 4119 1904 4192 ἐπιτιμηθεὶς

327 4225 615 4291 αἰτιάσθω,
670 4225 719 4277 εἰ
772 4223 848 4292 μή
879 4238 989 4275 τινι
1020 4218 1315 4290 ἀνωμαλίᾳ
1346 4218 1380 4288 ἢ
1433 4215 1530 4271 τοῦ
1583 4214 1841 4286 σώματος
1867 4220 1902 4292 ἦ

326 4317 433 4369 τῶν
471 4315 816 4386 πραγμάτων
851 4312 1240 4383 ὲμποδισθείη.

404 4409 513 4461 Καὶ
557 4408 587 4460 ὀ
647 4405 714 4461 ιθ¹
752 4407 851 4476 τῆς
898 4409 958 4459 ὲν
998 4405 1339 4477 Καρθαγένῃ
1389 4403 1608 4458 σύνοδον
1639 4406 1752 4464 τοῖς
1783 4404 1906 4456 ἐπι-

2000 1929 2084 1984 bis
2118 1932 2417 1985 concilium
2454 1933 2664 1997 haberi,
2723 1942 2889 2003 atque
2924 1946 3138 2005 tempus
3187 1934 3512 2005 praescribit,
3544 1953 3574 1989 a

1998 2020 2269 2077 Paschate
2300 2031 2429 2093 puta
2454 2040 2627 2095 usque
2646 2024 2712 2079 ad
2738 2024 3028 2081 Octobrem
3055 2028 3414 2097 completum,
3445 2044 3571 2084 cum

1999 2122 2221 2180 propter
2274 2113 2638 2170 barbarorum
2672 2116 2957 2182 incursus,
2995 2124 3110 2171 tum
3159 2128 3361 2175 causas
3409 2120 3570 2187 alias,

1997 2217 2119 2270 qua:
2147 2203 2439 2275 obtingunt
2481 2216 2534 2260 et
2596 2206 2915 2276 frequentes
2950 2209 3424 2278 peregrinationes
3460 2214 3547 2281 epi

1998 2293 2183 2360 scopis
2213 2297 2578 2363 permolestas
2606 2297 2861 2351 reddunt.

2068 2385 2227 2439 Hunc
2272 2400 2542 2442 canonem
2595 2389 2888 2444 conﬁrmat
2930 2390 3097 2445 etiam
3150 2399 3340 2448 sextus
3376 2395 3575 2463 synodi

1995 2476 2266 2545 septimae,
2308 2487 2471 2547 atque
2512 2481 2893 2548 magistratum
2928 2484 3395 2539 excommunicari
3434 2485 3574 2547 vult,

1997 2568 2092 2637 qui
2117 2568 2502 2639 episeopolmn
2537 2570 2604 2624 ad
2629 2572 2900 2641 synodum
2933 2574 3351 2641 properantium
3383 2590 3578 2645 quent-

1997 2660 2143 2728 piam
2192 2660 2498 2728 impedit-ns
2534 2662 3004 2732 deprehendatur.
3041 2663 3181 2717 Cum
3217 2673 3400 2719 autem
3442 2681 3578 2738 con-

1997 2753 2206 2821 gregali
2246 2752 2470 2817 fuerint,
2511 2754 3033 2824 pra'cipua,’inqnit,
3066 2768 3200 2809 cura
3235 2768 3357 2811 esto
3387 2757 3579 2812 subdi-

1999 2850 2088 2898 tos
2139 2855 2273 2898 suos
2315 2857 2671 2913 summopere
2706 2844 2908 2901 docere
2954 2853 3230 2918 praecepta
3261 2848 3578 2918 evangelica

1998 2943 2056 2989 et
2090 2934 2381 2990 canonica.
2414 2933 2512 2989 Sin
2555 2949 2689 2993 vero
2723 2936 3074 3007 metropolita
3105 2937 3441 3008 jumentum,
3491 2935 3580 2994 vel

2000 3040 2116 3081 rem
2156 3027 2406 3095 quamvis
2443 3027 2631 3094 aliam,
2668 3042 2793 3097 quas
2824 3028 2888 3085 ad
2923 3030 3215 3100 episcopos
3238 3030 3582 3087 conﬂuentes

2002 3119 2300 3187 pertineat,
2356 3119 2460 3174 sibi
2517 3118 2782 3187 vindicet,
2842 3128 2898 3175 et
2947 3122 3333 3190 convincatur,
3387 3122 3580 3179 reddet

2002 3210 2395 3280 quadruplum.

2075 3300 2193 3355 lmo
2244 3310 2299 3356 et
2348 3299 2420 3353 40
2469 3314 2647 3356 canon
2713 3301 2934 3356 concilii
2999 3301 3294 3358 Laodiceni
3345 3303 3582 3359 sollicite

2003 3390 2300 3446 admodum
2333 3392 2510 3461 jubet,
2573 3400 2633 3448 ut
2665 3394 2719 3448 in
2749 3393 2990 3463 qualibet
3018 3397 3301 3465 provincia
3336 3393 3582 3467 synodus

2003 3483 2299 3552 quotannis
2327 3492 2684 3541 convocetur.
2734 3486 2997 3555 Adeoque
3020 3487 3332 3558 episcopos,
3377 3487 3469 3557 qui
3512 3489 3579 3540 ad

2003 3590 2125 3631 eam
2151 3576 2414 3641 citantur,
2455 3576 2602 3630 baud
2634 3578 2963 3642 detrectare,
2997 3579 3092 3634 sed
3129 3583 3386 3648 protinus
3428 3579 3582 3633 adire

1999 3668 2177 3738 jubet,
2203 3675 2366 3737 atque
2391 3667 2756 3737 sapientiores
2774 3669 2821 3724 si
2841 3669 2972 3735 sint,
2995 3670 3198 3726 docere
3211 3687 3333 3740 quia:
3354 3682 3579 3737 norunt,

2004 3759 2089 3815 vel
2120 3760 2489 3830 simpliciores
2539 3775 2603 3816 ea
2635 3760 2960 3824 addiscere,
3011 3778 3134 3834 quae
3180 3764 3455 3818 nesciunt.
3507 3763 3582 3818 ita

2003 3853 2150 3908 enim
2212 3852 2294 3919 ﬁt,
2348 3864 2409 3907 ut
2455 3852 2784 3908 reformetur
2826 3854 3096 3920 Ecclesia,
3140 3866 3194 3910 et
3245 3857 3393 3910 circa
3431 3866 3581 3909 recta

2005 3943 2262 4013 dogmata
2318 3944 2463 4009 tidei,
2507 3957 2563 4000 et
2613 3947 2869 4003 mandata
2905 3947 3033 4001 vitae
3090 3948 3227 4002 bene
3265 3947 3585 4002 ordinamus

2006 4037 2391 4104 inservientia,
2417 4039 2701 4110 profectus
2736 4041 2925 4097 faciat.
2950 4039 3059 4106 Qui
3083 4056 3214 4096 vero
3242 4050 3588 4109 contempse-

2007 4126 2102 4193 rit,
2129 4126 2276 4196 quod
2312 4129 2770 4197 reprehendatur,
2803 4131 3043 4200 seipsum
3076 4131 3284 4200 culpet,
3317 4131 3422 4186 nisi
3450 4133 3590 4185 forte

2007 4218 2197 4288 aliquo
2240 4220 2588 4285 discrimine,
2627 4222 2775 4292 quod
2816 4222 2884 4276 ad
2921 4237 3122 4292 corpus
3160 4225 3241 4279 vel
3295 4223 3590 4279 facultates

2005 4321 2237 4379 spectet,
2268 4311 2622 4381 impediatur.

2077 4406 2235 4476 231
2307 4406 2535 4475 Insuper
2594 4421 2769 4461 canon
2831 4407 2899 4462 19
2958 4423 3081 4478 syn.
3137 4407 3590 4477 Carthaginiensis

331 4502 553 4564 σκόποις
600 4499 727 4554 κατ’
779 4498 1032 4553 ἐνιαυτὸν
1066 4498 1403 4568 ἐπισκήπτει
1436 4499 1636 4550 ποιεῖν⁸
1668 4495 1806 4551 ἀλλά
1834 4495 1896 4568 δὴ

2005 4500 2295 4568 episcopos
2328 4505 2511 4551 monet
2543 4497 2832 4552 concilium
2895 4500 3192 4567 quotannis
3252 4499 3477 4555 habere.
3510 4501 3590 4556 lla

331 4592 428 4643 καὶ
475 4593 503 4644 ό
546 4589 745 4659 ογ⁹,λὸν
783 4592 878 4645 καὶ
911 4591 1069 4661 ζήτει
1130 4591 1190 4643 ὲν
1221 4588 1299 4659 τῷ
1329 4586 1372 4654 ζ’
1403 4588 1691 4658 κεφαλαίῳ
1718 4586 1813 4640 τοῦ
1846 4588 1894 4641 II

333 4681 615 4751 στοιχείου.

401 4774 618 4837 Ὶόὐτοις
669 4772 728 4826 δὲ
781 4773 879 4827 καὶ
921 4776 950 4827 ὁ
991 4771 1082 4837 ος⁹
1128 4771 1545 4843 ἐπιψηφίζεται,
1582 4769 1680 4835 τὰς
1729 4767 1898 4833 αὑτὰς

329 4868 443 4928 τοῖς
473 4866 688 4935 ῥηθεῖσι
741 4867 964 4919 κανόσιν
1015 4867 1202 4926 αἰτίας
1259 4862 1514 4928 ἐπεξιών*
1573 4863 1665 4916 τὸν
1702 4861 1760 4916 δὲ
1824 4859 1899 4930 μὴ

333 4957 658 5027 πειθόμενον
718 4960 819 5028 τῆς
846 4958 946 5027 μὲν
976 4959 1087 5011 τῶν
1113 4956 1291 5011 ἀλλων
1321 4955 1660 5024 ἀφίστασθαι
1701 4971 1899 5008 κοινω-

331 5051 450 5113 νίας
506 5050 741 5116 κελεύει,
795 5050 933 5123 μόνῃ
993 5049 1050 5103 δὲ
1096 5052 1164 5120 τῇ
1218 5049 1319 5119 τῆς
1376 5047 1512 5109 ίδίας
1565 5045 1899 5117 Ἑκκλησίας

327 5139 640 5210 ἀρκεῖσθαι.

413 5234 573 5287 Ἀλλὰ
630 5234 708 5305 τῷ
759 5233 843 5301 κζ’
878 5235 1066 5288 κανόνι
1110 5234 1173 5288 οὐ
1226 5233 1336 5287 τῶν
1389 5231 1724 5305 ἀναγκαίωδ
1759 5227 1898 5285 εἶναι

329 5327 491 5395 δοκεῖ,
528 5326 646 5380 κατ’
697 5328 948 5381 ἐνιαυτὸν
998 5327 1219 5381 σύνοδον
1249 5326 1502 5395 γίνεσθαι
1533 5326 1647 5380 τῶν
1673 5325 1900 5379 ἐπισκό-

329 5436 444 5472 πων
471 5421 553 5483 είς
588 5419 942 5491 Καρχηδόνα,
974 5420 1062 5474 ἵνα
1106 5421 1181 5492 μὴ
1214 5418 1616 5490 συντρίϐωνται
1654 5418 1705 5473 oi
1741 5418 1900 5472 ἀδελ-

328 5511 437 5579 φοί.
483 5511 628 5564 Ἀλλ’
673 5514 723 5566 εί
770 5512 870 5581 μὲν
923 5513 1099 5567 αίτίαι
1144 5513 1329 5566 κοιναὶ
1374 5511 1720 5581 ἀνακύψαιεν
1769 5511 1899 5583 περὶ

325 5602 615 5674 δογμάτων
642 5604 827 5674 τυχὸν,
860 5604 1156 5675 γράμμασι
1185 5602 1473 5657 καλεῖσθαι
1508 5603 1635 5664 τοὺς
1671 5603 1900 5656 ἐπισκό-

327 5714 479 5762 πους,
541 5697 636 5750 καὶ
689 5697 874 5767 κοινῆς
934 5697 1231 5768 γινομένης
1269 5697 1532 5763 συνόδου,
1578 5696 1805 5749 λύεσθαι
1839 5694 1898 5749 τὸ
1944 5724 1950 5730 -

321 5788 647 5859 ἀμφίϐολονο
689 5791 739 5841 εί
792 5790 850 5842 δὲ
883 5790 1049 5842 ίδικαὶ
1096 5787 1243 5855 εἷεν,
1285 5791 1344 5842 ὲν
1396 5789 1640 5860 ἐπαρχίᾳ
1687 5789 1895 5859 ἑκάστῃ

319 5884 417 5954 τὴν
449 5883 608 5936 λύσιν
638 5883 808 5947 αὐτὰς
842 5882 1164 5953 λαμϐάνειν.

2003 4604 2058 4648 et
2088 4607 2260 4647 canon
2291 4592 2381 4660 75,
2405 4608 2563 4661 quem
2592 4590 2716 4646 vide
2739 4590 2793 4644 in
2818 4605 2938 4659 cap.
2978 4592 3009 4646 7
3038 4592 3146 4646 litt.
3181 4593 3247 4648 Π.

2068 4766 2207 4823 Cum
2279 4767 2400 4822 istis
2454 4766 2738 4821 consentit
2791 4776 2847 4822 et
2910 4783 3091 4825 canon
3119 4770 3189 4826 76
3250 4772 3591 4843 easdemque

2002 4862 2247 4916 rationes
2284 4859 2489 4931 pariter
2550 4857 2729 4914 aiicrt.
2792 4859 2948 4917 illum
2992 4872 3173 4920 tamen
3236 4874 3329 4935 qui
3371 4884 3593 4924 recusa-

2002 4954 2168 5021 verit,
2200 4965 2526 5011 cwtcrorum
2553 4953 2936 5026 episcOporum
2970 4958 3363 5016 communione
3418 4963 3590 5017 absti-

2004 5063 2137 5103 nere
2168 5048 2346 5118 jubet,
2393 5046 2653 5103 Ecclesia:
2690 5063 2806 5104 suae
2856 5050 2971 5106 sola
3012 5060 3360 5108 contentum.
3439 5057 3445 5062 '

2080 5231 2149 5285 At
2181 5244 2309 5285 vero
2363 5228 2560 5284 canoni
2622 5229 2688 5284 97
2719 5228 2864 5284 haud
2918 5232 3288 5287 necessarium
3349 5234 3586 5301 videtur,

2004 5321 2303 5392 quotannis
2346 5320 2640 5376 concilium
2672 5318 3006 5392 Carthagine
3037 5322 3327 5388 celebrari,
3358 5339 3424 5378 ne
3466 5322 3588 5376 fati-

2003 5426 2201 5487 gentur
2226 5415 2448 5470 fratres.
2493 5413 2600 5469 Sed
2636 5415 3075 5485 quotiescunque
3106 5430 3288 5470 causa:
3338 5431 3588 5470 commu-

2002 5524 2099 5565 nes
2129 5507 2471 5578 contingant,
2505 5506 2575 5564 de
2619 5509 2889 5578 dogmatis
2919 5516 3068 5576 puta,
3130 5506 3330 5562 litteris
3385 5522 3588 5561 convo-

2001 5605 2115 5658 cari
2151 5602 2460 5673 episcopos,
2487 5609 2543 5656 et
2577 5603 2786 5672 synodo
2809 5601 3085 5655 communi
3111 5599 3323 5665 habita,
3353 5600 3584 5655 dubium

2003 5696 2162 5752 solvi.
2198 5694 2295 5749 Sin
2336 5710 2467 5750 vero
2522 5694 2757 5764 privata:
2812 5708 2995 5748 causa:
3049 5691 3276 5759 fuerint,
3341 5693 3488 5764 ipsas
3531 5693 3584 5747 in

2001 5791 2221 5862 propria
2268 5788 2553 5861 provincia
2593 5786 2978 5845 determinari.
