4054 6434
533 362 635 427 131
1709 340 2075 412 MATTIIm
2118 340 2534 411 BLASTARIS
3667 340 3758 418 132

1274 472 1404 526 Lex.
2128 470 2181 526 Α

2128 470 2181 526 Α
2907 467 3120 531 Νόμος.

597 567 894 623 Justiniani
927 566 1138 622 novella
1168 564 1269 618 l37
1325 561 1494 618 semel
1545 569 1638 616 aut
1692 560 1777 614 bis
1838 560 1892 613 in
1925 572 2100 620 anno,

2290 556 2356 609 'H
2388 556 2444 609 δὲ
2484 554 2596 625 ρλζ*
2641 555 3073 617 Ἰουστινιάνειος
3112 551 3281 623 νεαρὰ
3331 552 3543 624 ἅπαξῆ
3582 555 3660 618 δὶς
3680 554 3762 608 τοῦ

529 674 723 715 mense
783 658 1043 713 nimirum
1082 654 1245 710 Junio
1303 663 1395 708 aut
1451 651 1812 721 Septembri,
1869 651 2106 721 synodos

2212 647 2369 710 ἔτους
2399 646 2477 716 τῷ
2511 646 2715 716 Ἶουνίφ
2765 645 2798 715 ἢ
2847 645 2927 714 τῷ
2957 645 3316 716 Σεπτεμϐρίῳ
3347 645 3600 708 συνόδους
3629 646 3764 715 γίνε-

530 750 800 805 celebrari
871 748 1048 819 jubet,
1123 745 1596 813 metropolitarum
1660 740 1880 811 quidem
1951 741 2093 807 apud

2215 738 2340 790 σθαι
2374 735 2624 805 βούλεται
2677 733 2788 787 τῶν
2848 735 3266 803 μητροπολιτῶν
3312 733 3467 804 παρὰ
3514 737 3627 798 τοῖς
3667 750 3765 788 πα-

529 842 887 909 patriarchas,
954 849 1008 894 et
1059 838 1434 906 cpiscOporum
1499 834 1641 902 apud
1711 834 2104 901 metropolitas,

2210 829 2522 897 τριάρχαις,
2561 825 2659 879 καὶ
2690 825 2801 878 τῶν
2832 825 3148 879 ἐπισκόπων
3174 825 3330 894 παρὰ
3361 827 3476 887 τοῖς
3502 840 3768 895 μητροπο-

530 945 842 996 causasque
890 926 1214 991 examinari,
1247 941 1383 994 quas
1446 924 1692 992 episcopi
1756 931 1809 976 et
1840 922 2020 977 clerici
2052 930 2108 976 et

2211 918 2412 980 λίταις,
2456 916 2552 969 καὶ
2608 916 2964 983 ἐξετάξεσθαι
2990 916 3089 979 τὰς
3127 917 3331 982 αἰτίας,
3375 915 3441 979 ἃς
3473 919 3521 969 oi.
3553 917 3758 969 ἐπίσκο-

534 1020 783 1076 monacbi
817 1020 1046 1074 invicem
1083 1019 1354 1073 sustinent
1388 1015 1535 1069 circa
1588 1015 1748 1068 ﬁdem
1776 1021 1830 1067 et
1860 1027 2101 1068 canones

2212 1019 2307 1056 ποι
2356 1004 2452 1057 καὶ
2481 1006 2534 1058 οί
2569 1003 2824 1073 κληρικοὶ
2856 1005 2949 1058 καὶ
2986 1007 3036 1057 οἱ
3076 1004 3303 1074 μοναχοὶ
3346 1006 3487 1073 πρὸς
3516 1004 3765 1074 ἀλλήλους

537 1120 593 1168 et
631 1127 717 1166 res
769 1111 1193 1174 ecclesiasticas,
1245 1117 1299 1162 et
1348 1124 1466 1176 quae
1521 1105 1662 1160 facta
1719 1116 1849 1160 sunt
1910 1117 2102 1158 contra

2212 1095 2399 1165 ἔχουσι
2430 1095 2556 1165 περί
2586 1111 2648 1147 τε
2681 1096 2938 1158 πίστεως.
2971 1097 3067 1149 καὶ
3099 1096 3366 1160 κανόνων,
3394 1096 3490 1148 καὶ
3519 1097 3767 1163 πραγμὰη

530 1216 771 1257 canones
799 1202 1040 1270 corrigi;
1093 1199 1445 1268 magistratus
1488 1212 1613 1251 vero
1656 1199 1747 1266 qui
1773 1211 1879 1251 non
1909 1204 2109 1265 cogunt

2214 1205 2321 1240 των
2359 1186 2857 1255 ἑκκλησιαστικῶν,
2889 1186 2987 1240 καὶ
3035 1186 3105 1241 τὰ
3161 1189 3315 1257 παρὰ
3366 1188 3495 1249 τοὺς
3546 1188 3767 1250 κανόνας

530 1294 908 1363 tnetropolitas
938 1305 992 1346 et
1028 1293 1318 1361 episcopos
1353 1300 1537 1343 moras
1570 1288 1851 1341 trahentes
1904 1296 2106 1339 statuta

2215 1279 2640 1348 ἁμαρτανόμενα
2695 1274 3068 1346 διορθοῦσθαυ
3100 1279 3232 1341 τοὺς
3275 1278 3331 1330 δὲ
3381 1277 3651 1349 ἄρχοντας
3701 1274 3777 1349 μὴῖ

531 1384 765 1438 concilia
824 1382 1123 1447 celebrare,
1191 1390 1283 1434 aut
1337 1395 1442 1433 non
1489 1379 1732 1433 indicant
1792 1376 2108 1446 imperatori

2215 1370 2650 1437 ἐπιτιθεμένους
2689 1371 2802 1428 τοῖς
2829 1369 3260 1439 μητροπολίταις
3292 1372 3387 1424 καὶ
3425 1372 3537 1433 τοῖς
3565 1358 3774 1424 emam!

532 1474 933 1536 inobedientes,
990 1473 1254 1527 extremis
1299 1471 1577 1539 suppliciis
1624 1468 1844 1538 subjici.
1886 1468 1955 1520 At
1983 1480 2111 1522 vero

2216 1475 2340 1523 ποις
2368 1499 2384 1522 ,
2460 1460 2910 1530 ὑπερτιθεμένοις
2961 1460 3061 1522 τὰς
3135 1461 3482 1531 τεταγμένας
3535 1460 3767 1521 συνόδους

533 1564 650 1618 haec
712 1581 831 1633 qua:
878 1565 943 1617 ad
992 1564 1224 1616 concilia
1276 1561 1598 1616 celebranda
1651 1561 1925 1631 pertinent
1950 1558 2111 1613 hodie

2216 1552 2417 1611 ποιεῖν,
2453 1550 2640 1618 ῆτοὺς
2689 1550 2765 1620 μὴ
2812 1551 3179 1619 πειθομένους
3239 1552 3301 1604 ού
3343 1554 3647 1622 μηνύοντας
3696 1552 3769 1621 τῷ

540 1670 770 1723 prorsus
809 1653 1177 1725 negliguntur.

2219 1640 2431 1712 βασιλεῖ
2479 1641 2725 1710 ἐσχάτως
2755 1642 3141 1710 τιμωρεῖσθαι.
3183 1643 3352 1697 Ἀλλὰ
3409 1642 3469 1696 τὸ
3511 1644 3618 1697 τῶν
3656 1659 3769 1695 συν-

2219 1733 2357 1786 όδων
2387 1733 2594 1787 τούτων
2626 1734 2806 1804 πάντη
2838 1734 2900 1788 τὸ
2923 1734 3018 1790 νῦν
3043 1736 3168 1806 ἕχον
3199 1738 3703 1809 καταπεφρόνηται.

739 1850 890 1906 CAP.
921 1848 989 1905 X.
1026 1849 1101 1902 De
1132 1848 1317 1903 litteris
1355 1847 1826 1903 commcndatitt‘is.
2148 1812 2189 1865 Β
2320 1846 2340 1898 i

2148 1812 2189 1865 Β
2320 1845 2571 1899 ΚΕΦΑΛ.
2609 1844 2662 1900 l'.
2702 1847 2843 1914 Περὶ
2876 1848 3265 1904 συστατικῶν
3298 1849 3670 1920 γραμμάτων.

617 1945 809 2010 Quare
856 1949 1020 2012 caput
1060 1941 1094 1996 9
1129 1943 1233 1995 litt.
1262 1943 1327 1996 Δ.

2286 1938 2450 2005 Ζήτει
2485 1937 2544 1991 τὸ
2573 1935 2619 1990 θ’
2641 1938 2944 2005 κεφάλαιον
2980 1939 3076 1992 τοῦ
3104 1944 3146 1995 A
3182 1940 3470 2011 στοιχείου.

531 2057 681 2117 CAP.
708 2054 802 2113 Kl.
844 2059 921 2113 De
966 2059 1031 2111 iis
1058 2057 1146 2125 qui
1188 2053 1575 2122 conjurationes
1622 2062 1669 2106 et
1724 2052 2111 2119 fraternitatcs,

2212 2047 2466 2101 ΚΕΦΑΔ.
2496 2044 2598 2101 lA'.
2633 2046 2774 2125 1_lepl
2805 2045 2924 2125 τῶν
2964 2049 3375 2125 συνωμοσίας,
3418 2050 3457 2118 ἣ
3508 2048 3765 2119 φατρίας.

993 2115 1081 2179 σαὶ
1118 2115 1401 2181 seditiones
1437 2131 1671 2177 struunt.
1725 2115 1735 2119 ’
2096 2115 2105 2118 ⁷

2631 2117 2671 2183 ἢ
2706 2115 2957 2184 στάσεις
2991 2115 3369 2173 ποιούντων-,⁷
3444 2115 3454 2118 ’
3510 2115 3524 2119 ⁷
3620 2115 3631 2118 ’
3791 2134 3794 2138 ί

606 2289 796 2344 Canon
832 2284 899 2339 18
951 2280 1144 2354 synodi
1179 2291 1413 2349 quartae,
1442 2287 1497 2333 et
1535 2279 1604 2331 54
1663 2276 1857 2348 synodi
1912 2281 2106 2340 sextae,

2295 2273 2353 2328 'O
2387 2279 2459 2343 ιη’
2486 2274 2587 2344 τῆς
2617 2273 2660 2327 δ’
2687 2275 2909 2328 συνόδου
2956 2275 3160 2343 κανὼν,
3202 2277 3299 2332 καὶ
3331 2281 3359 2332 ὁ
3388 2277 3462 2331 λδ¹
3486 2280 3583 2348 τῆς
3607 2284 3660 2343 ς’
3688 2288 3770 2329 cru-

533 2383 789 2453 Legibus,
852 2378 1049 2447 inquit,
1115 2375 1403 2440 civilibus,
1473 2388 1705 2442 quarum
1764 2370 2041 2440 pleneque
2080 2383 2114 2422 a

2213 2368 2386 2432 νόδου,
2444 2367 2537 2420 Ἐν
2586 2368 2701 2429 τοῖς
2750 2366 3068 2433 πολιτικοῖς,
3123 2370 3278 2437 φασὶ,
3341 2371 3551 2440 νόμοις,
3607 2364 3678 2425 ὧν
3723 2368 3766 2420 ti

540 2472 890 2542 sapientibus
949 2468 1232 2524 extraneis
1286 2481 1383 2521 seu
1440 2465 1732 2533 gentilibus
1789 2462 1914 2516 latae
1965 2468 2111 2523 sunt,

2216 2458 2433 2520 πλείους
2463 2457 2600 2526 πρὸς
2643 2458 2753 2510 τῶν
2784 2457 2892 2523 ἐξω
2941 2458 3126 2529 σοφῶν
3168 2460 3554 2530 συνετέθησαν,
3596 2460 3653 2512 τὸ
3677 2459 3770 2524 τῆς

538 2569 747 2623 crimen
796 2563 1196 2634 conjurationis
1225 2561 1308 2615 vel
1370 2558 1729 2613 fraternitatis
1763 2554 2109 2625 prohibetur,

2214 2551 2568 2619 συνωμοσίας
2611 2547 2645 2617 ἢ
2675 2549 2909 2617 φατρίας
2949 2551 3247 2621 ἀπείρηται
3278 2554 3559 2623 τόλμημα,
3600 2549 3766 2615 πολλῷ

535 2657 706 2712 multo
735 2671 864 2711 vero
890 2655 1060 2724 magis
1108 2654 1160 2705 in
1190 2652 1438 2707 Ecclesia
1483 2650 1599 2705 Dei.
1647 2648 1909 2718 Quisquis
1951 2649 2114 2719 igitur

2212 2656 2275 2710 γε
2303 2640 2476 2710 δήπου
2505 2641 2570 2709 τῇ
2602 2640 2696 2692 τοῦ
2727 2639 2865 2693 Θεοῦ
2916 2642 3441 2713 Ἐκκλησίᾳ.’⁹οστις
3471 2644 3647 2697 τοίνυν
3673 2640 3768 2694 τῶν

536 2749 624 2803 vel
671 2747 904 2803 clericus
968 2743 1055 2799 vel
1114 2743 1416 2797 monachus
1476 2740 1789 2811 huiusmodi
1855 2739 2115 2793 facinoris

2217 2731 2569 2804 μοναζόντων
2597 2732 2631 2801 ἢ
2664 2731 2950 2803 κληρικῶν
2982 2734 3211 2804 τοιούτῳ
3261 2736 3422 2805 ἁλοίη
3454 2735 3766 2803 ἐγκλήματι,

537 2852 663 2911 reus
691 2837 1085 2906 deprehensus,
1123 2842 1218 2887 aut
1248 2832 1531 2887 convictus
1584 2831 1775 2897 fuerit,
1833 2829 2117 2898 conspira-

2214 2825 2247 2894 ἢ
2304 2825 2576 2887 συσκευὰς
2623 2824 2911 2896 ἐλεγχθείη
2957 2827 3224 2895 τυρεύων,
3278 2828 3403 2897 ἦτοι
3454 2825 3761 2883 τεκταίνων.

536 2930 720 2983 tiones
785 2925 1084 2997 coagulans
1141 2921 1322 2993 quasi.
1389 2923 1504 2977 sive
1563 2921 1795 2976 moliens
1855 2919 2115 2974 adversus

2216 2916 2542 2979 ἐπισκόποις
2569 2915 2603 2986 ἢ
2631 2916 2933 2987 κληρικοϊς,
2963 2916 3058 2970 τοῦ
3088 2919 3291 2971 οἰκείου
3318 2919 3630 2973 ἐκπιπτέτω
3654 2913 3771 2985 βαθ-

537 3021 821 3088 cpiscOpos
856 3026 949 3071 aut
980 3014 1228 3077 clericos,
1262 3012 1433 3083 gradu
1459 3026 1560 3067 suo
1607 3011 1847 3067 excidat.
1911 3007 2114 3075 Coniu-

2218 3004 2343 3071 μοῦ.
2383 3005 2706 3074 Συνωμοσία
2746 3006 2803 3058 δέ
2836 3007 2954 3060 ἐστι
2999 3008 3062 3060 τό
3097 3025 3249 3069 τινας
3295 3010 3442 3064 κατά
3470 3024 3625 3061 τινων
3661 3005 3770 3075 β>υέ

540 3110 681 3165 ratio
711 3119 893 3164 autem
923 3113 1007 3161 est
1051 3106 1097 3159 si
1134 3106 1298 3174 aliqui
1334 3114 1525 3158 contra
1562 3103 1775 3171 aliquos
1823 3099 2114 3155 consilium

2168 3140 2187 3196 Ξ
2216 3094 2535 3159 λεύσασθαι,
2572 3096 2665 3148 καὶ
2693 3095 2959 3162 ἀλλήλους
2985 3099 3171 3168 ὅρκοις
3196 3100 3481 3170 συνδῆσαι,
3510 3095 3547 3170 ἦ
3577 3097 3678 3168 μὴν
3702 3095 3769 3163 μὴ

540 3200 574 3253 ia
595 3206 749 3263 eunt,
780 3206 833 3251 et
867 3211 925 3250 se
957 3196 1183 3250 invicem
1211 3194 1540 3263 juramentis
1573 3192 1822 3260 obligant
1857 3205 1887 3244 a
1914 3202 2114 3259 propo-

2172 3185 2187 3195 '
2220 3185 2630 3255 ἀποστήσεσθαι
2666 3185 2760 3239 τοῦ
2788 3188 3179 3257 βουλεύματος,
3206 3190 3406 3261 μέχρις
3430 3191 3495 3245 ἂν
3521 3186 3674 3241 τοῦτο
3695 3199 3773 3235 τεά

540 3291 651 3344 sito
683 3303 788 3342 non
821 3287 1110 3351 desistere,
1149 3284 1451 3354 usquedum
1513 3283 1579 3338 ad
1635 3283 1845 3338 exitum
1911 3279 2114 3345 perdu-

2220 3274 2437 3343 λεσθείη
2461 3292 2475 3305 ο
2500 3274 2576 3334 ὣς
2603 3290 2706 3327 που
2736 3277 2830 3328 καὶ
2851 3278 2911 3328 ὲν
2931 3280 3050 3341 ταῖς
3079 3279 3317 3349 Πράξεσι
3342 3280 3421 3350 τῷ
3448 3279 3576 3349 θείῳ
3601 3274 3768 3341 Aoum?

540 3377 746 3442 xerint,
809 3376 968 3431 sicuti
1002 3375 1203 3429 alicubi
1249 3374 1305 3427 in
1330 3372 1560 3427 Actibus
1588 3369 1649 3424 Β.
1679 3368 1859 3424 Lucas
1912 3382 2116 3423 memo-

2223 3365 2525 3434 ίστόρηται,
2552 3366 2636 3418 ὃτι
2669 3366 3002 3436 ποιήσαντές
3033 3385 3178 3433 τινας
3231 3369 3346 3422 τῶν
3396 3369 3660 3424 Ἰουδαίων
3690 3380 3770 3417 συιδ

542 3477 648 3522 rat.
696 3465 963 3521 Videlicet
1021 3462 1338 3518 Judaorum
1397 3461 1646 3516 nonnulli
1711 3458 2116 3529 conspiratione

2222 3455 2485 3525 στροφὰς,
2515 3456 2916 3527 ἀνεθεμάτισαν
2940 3461 3189 3527 ἑαυτοὺς,
3224 3462 3369 3531 μήτε
3398 3462 3612 3530 φαγεῖν,
3648 3457 3768 3528 μήτε

542 3558 710 3625 facta,
760 3572 860 3613 sua
918 3556 1096 3625 capita
1161 3556 1520 3618 devoverunt,
1580 3566 1640 3606 se
1699 3565 1877 3619 neque
1927 3548 2109 3604 cibum

2221 3548 2389 3610 πιεῖν,
2419 3546 2526 3610 ἕως
2554 3547 2623 3601 ἂν
2656 3550 3028 3603 ἀποκτείνωσι
3074 3551 3165 3605 τὸν
3209 3552 3451 3609 Παῦλον.
3480 3548 3680 3621 dias-pia
3719 3543 3769 3596 δέ

540 3664 722 3717 neque
760 3657 945 3718 potum
983 3655 1325 3717 sumpturos,
1381 3643 1557 3699 donec
1610 3641 1833 3696 Paulum
1890 3638 2117 3694 interfe-

2219 3644 2337 3696 ἔστι
2366 3644 2572 3714 κυρίως
2606 3645 2664 3696 τὸ
2693 3645 2803 3699 τῶν
2830 3647 3113 3714 συγγενῶν
3160 3648 3195 3718 ἢ
3224 3648 3337 3702 τῶν
3377 3648 3550 3708 ἄλλως
3577 3639 3770 3714 ἠνωμέ-

541 3741 763 3796 cissent.
795 3738 1133 3794 Fraternitas
1171 3752 1351 3793 autem
1384 3737 1604 3807 proprie
1646 3745 1731 3789 est
1760 3741 2113 3801 cOgnatorum

2220 3752 2327 3788 νων
2359 3735 2611 3804 σύστημα
2637 3754 2650 3767 θ
2684 3738 2923 3793 ἐνταῦθα
2967 3739 3026 3793 δὲ
3073 3742 3370 3806 κακοθελὲς
3400 3741 3549 3810 δηλοῖ
3575 3731 3772 3790 διαόοἰέ

543 3841 637 3886 aut
659 3833 767 3886 alio
802 3831 960 3885 modo
988 3831 1405 3899 coniunctorum
1435 3840 1748 3895 compages.
1804 3824 1905 3878 Hic
1931 3830 2113 3876 autem

2219 3824 2355 3890 λιον,
2399 3827 2490 3879 καὶ
2541 3829 2863 3895 συμφωνίαν
2921 3832 3083 3884 τινῶν
3116 3834 3209 3884 ἐπὶ
3251 3834 3484 3900 πράξεσι
3530 3826 3768 3897 φαύλαις.

542 3923 950 3989 malignantium
1000 3921 1179 3973 innuit
1240 3908 1702 3979 conventiculum,
1761 3922 1815 3965 et
1843 3913 1908 3964 ad
1965 3910 2113 3964 laci-

2222 3916 2485 3985 Τυρεύειν
2519 3917 2597 3981 δὲ,
2635 3919 2694 3970 τὸ
2726 3919 2939 3990 σκληρὰ
2969 3924 3063 3974 καὶ
3089 3926 3303 3994 πονηρὰ
3338 3918 3767 3980 κατασκευάζειν,

509 4023 678 4064 'nora
711 4010 1073 4080 perpetranda
1126 4002 1930 4075 consensionem.vCoagulare
1986 4014 2110 4055 vero

2222 4009 2317 4059 καὶ
2349 4010 2714 4077 μηχανᾶσθαιο
2736 4014 2810 4075 ὼς
2828 4013 2907 4077 τὸ,
2932 4029 2952 4063 ι
2978 4014 3285 4085 Ἐτυρώθηι
3314 4018 3346 4085 ἡ
3374 4013 3565 4083 καρδία
3584 4004 3768 4065 αὐτῶνθ

523 4099 657 4155 .sive
694 4100 944 4168 τορεύειν
976 4108 1060 4153 est
1121 4111 1373 4164 perversa
1409 4103 1462 4149 et
1488 4094 1733 4163 improba
1791 4100 2001 4143 struere
2064 4098 2120 4143 et

1363 4113 1373 4147 l
1409 4103 1462 4149 et
1488 4094 1733 4163 improba
1791 4100 2001 4143 struere
2064 4098 2120 4143 et
2222 4099 2343 4151 ἀντὶ
2374 4100 2469 4152 τοῦ
2501 4120 2519 4153 ι
2555 4102 2918 4174 ὲσκληρύνθη.
2946 4122 2964 4155 ι

544 4189 852 4245 mnliri.Uti
878 4192 931 4244 in
952 4191 1045 4245 illo
1071 4192 1211 4252 loco,
1238 4186 1593 4256 Coagulatum
1625 4193 1707 4238 est
1747 4198 1841 4235 cor
1900 4196 2114 4247 eorum,

541 4297 665 4353 pro,
698 4282 962 4335 induruit.

1103 4372 1263 4442 232
1308 4370 1486 4439 ιεθεε-
2904 4371 3110 4438 Νόμοι.

617 4463 725 4530 Qui
775 4464 1179 4533 coniurationis
1233 4462 1502 4516 adversus
1574 4456 1974 4527 rempublicam
2006 4472 2112 4512 au-
2152 4479 2197 4535 ι)

2169 4479 2197 4534 D
2303 4458 2363 4509 '0
2395 4458 2738 4528 συνωμοσίαν
2768 4459 2910 4512 κατὰ
2934 4464 3030 4531 τῆς
3059 4462 3342 4526 πολιτείας
3371 4450 3770 4533 παρασκευάσας

543 4563 667 4610 ctor
703 4554 999 4617 exstiterit,
1057 4561 1149 4607 aut
1205 4551 1399 4606 castris
1442 4548 1732 4604 insidiatus
1787 4550 1970 4608 fuerit,
2027 4563 2121 4607 aut

2228 4547 2502 4615 γενέσθαι,
2556 4549 2706 4601 καὶὸ
2767 4550 3163 4614 ιπιϐουὶεύσας
3221 4553 3301 4621 τῷ
3341 4536 3768 4620 στρατοπέδῳνῆ

548 4646 639 4701 illa
670 4644 809 4698 hosti
841 4643 1172 4712 prodiderit;
1201 4643 1361 4710 quive
1391 4640 1517 4693 dolo
1573 4640 1716 4691 malo
1739 4638 2082 4704 impedivetit
2107 4681 2122 4707 ,

2231 4640 2345 4702 τοῖς
2382 4639 2662 4707 πολεμίοις
2694 4641 2827 4692 αὐτὸ
2859 4643 3109 4711 προδοὺς,
3135 4645 3167 4712 ἢ
3199 4647 3225 4696 ὁ
3254 4646 3395 4697 κατὰ
3426 4641 3573 4695 δόλον
3610 4638 3771 4702 ἐμπο-

548 4736 843 4805 quominus
875 4735 1056 4788 hostes
1075 4733 1130 4787 in
1158 4742 1481 4802 potestatem
1509 4730 1688 4800 p0puli
1720 4727 1948 4781 Romani
1971 4734 2128 4782 vcni—

2225 4729 2382 4792 δίσας
2432 4730 2539 4781 ὑπὸ
2579 4730 2883 4798 Ῥωμαίους
2935 4733 3189 4798 γενέσθαι
3236 4737 3362 4796 τοὺς
3411 4714 3768 4796 πολεμίουςςῆ

554 4837 697 4893 rent,
733 4835 827 4881 aut
857 4827 1130 4880 curaverit
1170 4840 1262 4879 eos
1299 4822 1544 4891 adjuvari
1587 4820 1780 4889 c0piis,
1814 4820 1897 4872 vel
1930 4821 2123 4881 armis.

2228 4822 2658 4888 παρασκευάσας
2690 4820 2887 4882 αὐτοὺς
2920 4821 3250 4891 βοηξηθῆναι
3283 4823 3498 4892 πλήθει,
3525 4819 3555 4887 ἦ
3586 4812 3771 4867 ὅπλοις,
3824 4876 3827 4883 η

549 4921 635 4972 vel
676 4919 923 4986 pecunia,
968 4917 1055 4971 vel
1086 4918 1192 4969 alio
1236 4918 1397 4969 modo
1417 4927 1769 4983 quocunque,
1805 4913 1919 4978 lege
1965 4914 2131 4980 maje-

2228 4911 2260 4979 ἦ
2286 4911 2583 4980 Χρήμασινι
2610 4914 2642 4976 ἢ
2673 4913 2844 4980 ἑτέρῳ
2881 4915 3177 4983 οὶῳδήποτε
3205 4918 3409 4983 τρόπῳ,
3436 4913 3513 4982 τῷ
3540 4909 3634 4973 τῆς
3657 4898 3773 4954 καο-

550 5012 712 5065 atatis
746 5018 982 5064 tenetur.
1033 5008 1146 5061 lino
1203 5023 1333 5062 vero
1367 5007 1579 5059 turbam
1619 5004 1894 5057 concitare
1934 5013 2129 5071 printer

2220 5001 2502 5061 οσιώσεως
2547 5002 2828 5055 ὑπόκειται
2878 5005 3212 5073 ἐγκλήματι.
3253 5006 3411 5059 Ἀλλὰ
3448 5003 3538 5055 καὶ
3570 4997 3628 5049 τὸ
3663 5007 3773 5043 συν-

549 5104 864 5157 mandatum
900 5104 1264 5172 imperatoris,
1307 5101 1458 5171 gravi
1491 5097 1757 5167 supplicio
1787 5096 2009 5164 dignum
2042 5099 2127 5152 lex

2228 5094 2458 5159 ἀγεσοαι
2507 5093 2662 5161 ὄχλον
2690 5094 2859 5162 χωρὶς
2911 5095 3196 5163 βασιλικοῦ
3239 5099 3625 5163 ἐπιτάγματοςν
3661 5079 3773 5135 π⁰λ’

552 5194 818 5249 decernit.
856 5194 1052 5258 Quaere
1084 5200 1138 5246 et
1169 5208 1291 5260 cap.
1327 5191 1392 5244 21
1418 5191 1525 5244 litt.
1560 5189 1629 5241 Π.

2229 5182 2326 5250 λῆς
2354 5182 2503 5252 ἀξιον
2527 5184 2800 5251 τιμωρίας
2832 5185 3077 5253 κρίνεται
3109 5186 3242 5256 πρδς
3272 5188 3381 5239 τῶν
3408 5185 3603 5252 νόμων.
3628 5172 3771 5239 Ζῄτει

2231 5274 2324 5324 καὶ
2351 5273 2411 5324 τὺ
2443 5278 2527 5324 κα¹
2561 5273 2853 5340 κεφάλαιον
2884 5275 2976 5327 τοῦ
3011 5278 3055 5328 ΙΙ
3092 5280 3378 5347 στοιχείου.

628 5372 847 5427 Novella
894 5383 1069 5427 autem
1101 5373 1420 5427 constitutio
1450 5373 1795 5428 Constantini
1825 5372 2132 5443 Porpbyto-

2314 5363 2375 5416 Ἠ
2403 5363 2458 5415 δὲ
2489 5366 2659 5432 νεαρὰ
2682 5364 2779 5416 τοῦ
2809 5365 3072 5434 βασιλέως
3098 5366 3509 5423 Κωνσταντίνου
3538 5355 3626 5412 τοῦ
3650 5351 3772 5443 1199‘

549 5476 815 5539 genuetm,
867 5478 991 5518 cum
1024 5463 1249 5517 scientia
1278 5464 1452 5517 Alexii
1478 5464 1803 5532 patriarcha:
1833 5474 1887 5517 et
1911 5441 2127 5532 synodi.

2230 5454 2661 5523 φυρυγεννήτου,
2692 5457 2894 5524 είδήσει
2921 5461 3015 5512 καὶ
3051 5459 3144 5511 τοῦ
3176 5459 3514 5531 πατριάρχου
3549 5441 3767 5539 Ἀλεξίου

550 5556 884 5616 anathemati
911 5555 1135 5625 subjicit
1158 5570 1255 5611 eos
1310 5555 1412 5625 qui
1461 5557 1847 5610 inacliinantur
1901 5529 2127 5609 insidias

2229 5551 2324 5603 καὶ
2358 5550 2454 5617 τῆς
2497 5549 2739 5616 συνόδου,
2764 5551 3067 5621 ἀναθέματι
3094 5529 3633 5607 καθυποϐἆλλειτοὺς
3660 5529 3770 5625 μέλ-

549 5661 642 5706 aut
662 5648 954 5713 tumultus,
993 5655 1159 5717 atque
1189 5648 1352 5701 etiam
1376 5661 1469 5700 eos
1493 5646 1586 5715 qui
1616 5647 1738 5701 istis
1760 5661 1917 5715 opem
1947 5646 2107 5699 ferun

2227 5616 2421 5705 λοντας
2453 5642 2487 5711 ἢ
2514 5641 2826 5706 ἐπιϐουλαῖς
2858 5616 3183 5715 ἐπιχειρεῖν,
3210 5648 3244 5715 ἢ
3283 5643 3497 5716 μούλτῳ
3522 5652 3532 5665 ·
3559 5625 3686 5686 ἀλλά
3711 5616 3766 5717 aii

549 5754 603 5801 et
632 5745 686 5799 in
714 5740 1022 5798 defectione
1058 5749 1187 5797 sunt
1221 5740 1381 5805 socii,
1415 5749 1508 5794 aut
1553 5738 1660 5795 illis
1714 5709 2031 5807 consulunt,
2071 5745 2126 5791 et

2229 5734 2324 5787 καὶ
2345 5733 2473 5797 τοὺς
2501 5734 2955 5805 συμπράττοντας
2978 5738 3072 5792 καὶ
3091 5732 3580 5809 συγκοινωνοῦντας
3600 5720 3661 5788 τῇ
3683 5709 3765 5766 (⁸³⁸
