  <div class='ocr_page' id='page_1' title='image "/cluster/home/n/w/nwhite01/storage/ocr_20150623/145:no.1/coo.31924054870500/074.png"; bbox 0 0 4054 6440; ppageno 0'>
   <div class='ocr_carea' id='block_1_1' title="bbox 328 353 426 417">
    <p class='ocr_par' dir='ltr' id='par_1_1' title="bbox 328 353 426 417">
     <span class='ocr_line' id='line_1_1' title="bbox 328 353 426 417; baseline 0.01 -3"><span class='ocrx_word' id='word_1_1' title='bbox 328 353 426 417; x_wconf 72' lang='grc'><strong>133</strong></span> 
     </span>
    </p>
   </div>
   <div class='ocr_carea' id='block_1_2' title="bbox 1310 347 2595 416">
    <p class='ocr_par' dir='ltr' id='par_1_2' title="bbox 1310 347 2595 416">
     <span class='ocr_line' id='line_1_2' title="bbox 1310 347 2595 416; baseline 0.003 -5"><span class='ocrx_word' id='word_1_2' title='bbox 1310 350 1721 414; x_wconf 77' lang='grc' dir='ltr'><strong>8ΥΝΤΛ6ΜΑ</strong></span> <span class='ocrx_word' id='word_1_3' title='bbox 1763 348 2389 416; x_wconf 82' lang='lat' dir='ltr'><strong>ALPHABETICUM.</strong></span> <span class='ocrx_word' id='word_1_4' title='bbox 2430 376 2499 388; x_wconf 83' lang='grc'><strong>·-</strong></span> <span class='ocrx_word' id='word_1_5' title='bbox 2536 347 2595 404; x_wconf 77' lang='grc' dir='ltr'><strong>Σο</strong></span> 
     </span>
    </p>
   </div>
   <div class='ocr_carea' id='block_1_3' title="bbox 3480 348 3581 424">
    <p class='ocr_par' dir='ltr' id='par_1_3' title="bbox 3480 348 3581 424">
     <span class='ocr_line' id='line_1_3' title="bbox 3480 348 3581 424; baseline 0 -2"><span class='ocrx_word' id='word_1_6' title='bbox 3480 348 3581 424; x_wconf 62' lang='lat' dir='ltr'><strong>tet</strong></span> 
     </span>
    </p>
   </div>
   <div class='ocr_carea' id='block_1_4' title="bbox 318 460 1880 535">
    <p class='ocr_par' dir='ltr' id='par_1_4' title="bbox 318 460 1880 535">
     <span class='ocr_line' id='line_1_4' title="bbox 318 460 1880 535; baseline -0.003 -19"><span class='ocrx_word' id='word_1_7' title='bbox 318 463 432 517; x_wconf 80' lang='grc' dir='ltr'>τῶν</span> <span class='ocrx_word' id='word_1_8' title='bbox 459 462 792 535; x_wconf 73' lang='grc' dir='ltr'>ἀποστασία,</span> <span class='ocrx_word' id='word_1_9' title='bbox 823 462 917 518; x_wconf 68' lang='grc' dir='ltr'><strong>καί⁸</strong></span> <span class='ocrx_word' id='word_1_10' title='bbox 947 463 1076 527; x_wconf 76' lang='grc' dir='ltr'>τοὺς</span> <span class='ocrx_word' id='word_1_11' title='bbox 1111 460 1583 532; x_wconf 86' lang='grc' dir='ltr'>συμϐουλεύοντας</span> <span class='ocrx_word' id='word_1_12' title='bbox 1616 460 1648 531; x_wconf 80' lang='grc' dir='ltr'>ἢ</span> <span class='ocrx_word' id='word_1_13' title='bbox 1697 477 1880 530; x_wconf 73' lang='grc' dir='ltr'>παρορ</span> 
     </span>
    </p>
   </div>
   <div class='ocr_carea' id='block_1_5' title="bbox 1986 460 3581 535">
    <p class='ocr_par' dir='ltr' id='par_1_5' title="bbox 2006 460 3581 532">
     <span class='ocr_line' id='line_1_5' title="bbox 2006 460 3581 532; baseline 0.007 -19"><span class='ocrx_word' id='word_1_14' title='bbox 2006 460 2075 513; x_wconf 91' lang='lat' dir='ltr'><strong>ad</strong></span> <span class='ocrx_word' id='word_1_15' title='bbox 2115 461 2389 530; x_wconf 80' lang='lat' dir='ltr'><strong>ejusmodi</strong></span> <span class='ocrx_word' id='word_1_16' title='bbox 2449 460 2694 516; x_wconf 81' lang='lat' dir='ltr'><strong>facinora</strong></span> <span class='ocrx_word' id='word_1_17' title='bbox 2754 460 3005 530; x_wconf 83' lang='lat' dir='ltr'><strong>incitant,</strong></span> <span class='ocrx_word' id='word_1_18' title='bbox 3046 471 3142 519; x_wconf 86' lang='lat' dir='ltr'><strong>aut</strong></span> <span class='ocrx_word' id='word_1_19' title='bbox 3195 466 3581 532; x_wconf 81' lang='lat' dir='ltr'><strong>commilitant.</strong></span> 
     </span>
    </p>
   </div>
   <div class='ocr_carea' id='block_1_6' title="bbox 324 553 1892 627">
    <p class='ocr_par' dir='ltr' id='par_1_6' title="bbox 324 553 1892 627">
     <span class='ocr_line' id='line_1_6' title="bbox 324 553 1892 627; baseline -0.004 -16"><span class='ocrx_word' id='word_1_20' title='bbox 324 556 538 623; x_wconf 85' lang='grc' dir='ltr'>μῶντας</span> <span class='ocrx_word' id='word_1_21' title='bbox 561 557 643 619; x_wconf 89' lang='grc' dir='ltr'><strong>εἰς</strong></span> <span class='ocrx_word' id='word_1_22' title='bbox 669 556 744 609; x_wconf 76' lang='grc' dir='ltr'>τὰ</span> <span class='ocrx_word' id='word_1_23' title='bbox 770 555 1018 621; x_wconf 81' lang='grc' dir='ltr'>τοιαῦτα,</span> <span class='ocrx_word' id='word_1_24' title='bbox 1046 557 1138 609; x_wconf 63' lang='grc' dir='ltr'>καὶ.</span> <span class='ocrx_word' id='word_1_25' title='bbox 1158 556 1287 619; x_wconf 80' lang='grc' dir='ltr'>τοὺς</span> <span class='ocrx_word' id='word_1_26' title='bbox 1305 553 1892 627; x_wconf 83' lang='grc' dir='ltr'>συνεκστρατεύοντας,</span> 
     </span>
    </p>
   </div>
   <div class='ocr_carea' id='block_1_7' title="bbox 2000 551 3580 628">
    <p class='ocr_par' dir='ltr' id='par_1_7' title="bbox 2000 551 3580 628">
     <span class='ocr_line' id='line_1_7' title="bbox 2000 551 3580 628; baseline 0.006 -22"><span class='ocrx_word' id='word_1_27' title='bbox 2000 552 2125 607; x_wconf 80' lang='lat' dir='ltr'><strong>illos</strong></span> <span class='ocrx_word' id='word_1_28' title='bbox 2151 551 2387 622; x_wconf 86' lang='lat' dir='ltr'><strong>denique</strong></span> <span class='ocrx_word' id='word_1_29' title='bbox 2424 555 2516 623; x_wconf 98' lang='lat' dir='ltr'><strong>qui</strong></span> <span class='ocrx_word' id='word_1_30' title='bbox 2544 554 2693 622; x_wconf 88' lang='lat' dir='ltr'><strong>ipsos</strong></span> <span class='ocrx_word' id='word_1_31' title='bbox 2736 554 2803 607; x_wconf 87' lang='lat' dir='ltr'><strong>ad</strong></span> <span class='ocrx_word' id='word_1_32' title='bbox 2833 555 3215 624; x_wconf 81' lang='lat' dir='ltr'><strong>paenitentiam</strong></span> <span class='ocrx_word' id='word_1_33' title='bbox 3248 560 3580 628; x_wconf 83' lang='lat' dir='ltr'><strong>suscipiunt,</strong></span> 
     </span>
    </p>
   </div>
   <div class='ocr_carea' id='block_1_8' title="bbox 317 643 1880 720">
    <p class='ocr_par' dir='ltr' id='par_1_8' title="bbox 317 644 1880 719">
     <span class='ocr_line' id='line_1_8' title="bbox 317 644 1880 719; baseline -0.003 -17"><span class='ocrx_word' id='word_1_34' title='bbox 317 651 413 703; x_wconf 67' lang='lat' dir='ltr'><strong>aui</strong></span> <span class='ocrx_word' id='word_1_35' title='bbox 444 648 571 711; x_wconf 80' lang='grc' dir='ltr'>τοὺς</span> <span class='ocrx_word' id='word_1_36' title='bbox 605 648 932 719; x_wconf 84' lang='grc' dir='ltr'>δεχομένους</span> <span class='ocrx_word' id='word_1_37' title='bbox 961 644 1161 710; x_wconf 79' lang='grc' dir='ltr'>αὐτοὺς</span> <span class='ocrx_word' id='word_1_38' title='bbox 1188 650 1269 711; x_wconf 82' lang='grc' dir='ltr'><strong>εἰς</strong></span> <span class='ocrx_word' id='word_1_39' title='bbox 1316 649 1633 718; x_wconf 83' lang='grc' dir='ltr'>μετάνοιαν,</span> <span class='ocrx_word' id='word_1_40' title='bbox 1669 645 1745 718; x_wconf 81' lang='grc' dir='ltr'>μὴ</span> <span class='ocrx_word' id='word_1_41' title='bbox 1801 664 1880 715; x_wconf 83' lang='grc' dir='ltr'>με·</span> 
     </span>
    </p>
   </div>
   <div class='ocr_carea' id='block_1_9' title="bbox 1986 643 3585 720">
    <p class='ocr_par' dir='ltr' id='par_1_9' title="bbox 1997 643 3585 720">
     <span class='ocr_line' id='line_1_9' title="bbox 1997 643 3585 720; baseline 0.006 -22"><span class='ocrx_word' id='word_1_42' title='bbox 1997 659 2124 699; x_wconf 88' lang='lat' dir='ltr'><strong>cum</strong></span> <span class='ocrx_word' id='word_1_43' title='bbox 2181 643 2506 699; x_wconf 77' lang='lat' dir='ltr'><strong>defectionis</strong></span> <span class='ocrx_word' id='word_1_44' title='bbox 2565 646 2937 714; x_wconf 68' lang='lat' dir='ltr'><strong>pmnitentiant</strong></span> <span class='ocrx_word' id='word_1_45' title='bbox 2999 647 3200 703; x_wconf 88' lang='lat' dir='ltr'><strong>nedum</strong></span> <span class='ocrx_word' id='word_1_46' title='bbox 3254 661 3437 720; x_wconf 85' lang='lat' dir='ltr'><strong>agant,</strong></span> <span class='ocrx_word' id='word_1_47' title='bbox 3489 660 3585 707; x_wconf 81' lang='lat' dir='ltr'><strong>aut</strong></span> 
     </span>
    </p>
   </div>
   <div class='ocr_carea' id='block_1_10' title="bbox 317 737 1896 810">
    <p class='ocr_par' dir='ltr' id='par_1_10' title="bbox 317 737 1896 810">
     <span class='ocr_line' id='line_1_10' title="bbox 317 737 1896 810; baseline -0.003 -16"><span class='ocrx_word' id='word_1_48' title='bbox 317 739 726 809; x_wconf 86' lang='grc' dir='ltr'>ταμελομένους</span> <span class='ocrx_word' id='word_1_49' title='bbox 752 740 859 792; x_wconf 82' lang='grc' dir='ltr'>ἀπὸ</span> <span class='ocrx_word' id='word_1_50' title='bbox 890 741 991 810; x_wconf 82' lang='grc' dir='ltr'><strong>τῆς</strong></span> <span class='ocrx_word' id='word_1_51' title='bbox 1027 740 1389 801; x_wconf 85' lang='grc' dir='ltr'>ἁποστασίας.</span> <span class='ocrx_word' id='word_1_52' title='bbox 1418 740 1514 792; x_wconf 76' lang='grc' dir='ltr'>καὶ</span> <span class='ocrx_word' id='word_1_53' title='bbox 1545 737 1896 807; x_wconf 82' lang='grc' dir='ltr'>καταλιμπά-</span> 
     </span>
    </p>
   </div>
   <div class='ocr_carea' id='block_1_11' title="bbox 318 829 1890 901">
    <p class='ocr_par' dir='ltr' id='par_1_11' title="bbox 318 829 1890 901">
     <span class='ocr_line' id='line_1_11' title="bbox 318 829 1890 901; baseline -0.001 -18"><span class='ocrx_word' id='word_1_54' title='bbox 318 847 505 891; x_wconf 85' lang='grc' dir='ltr'>νοντας</span> <span class='ocrx_word' id='word_1_55' title='bbox 534 830 725 897; x_wconf 83' lang='grc' dir='ltr'>αὐτήν.</span> <span class='ocrx_word' id='word_1_56' title='bbox 754 831 920 900; x_wconf 80' lang='grc' dir='ltr'>Ζήτει</span> <span class='ocrx_word' id='word_1_57' title='bbox 963 831 1091 901; x_wconf 83' lang='grc' dir='ltr'><strong>περί</strong></span> <span class='ocrx_word' id='word_1_58' title='bbox 1126 831 1336 900; x_wconf 78' lang='grc' dir='ltr'><strong>ταύτης</strong></span> <span class='ocrx_word' id='word_1_59' title='bbox 1371 829 1470 899; x_wconf 78' lang='grc' dir='ltr'>τῆς</span> <span class='ocrx_word' id='word_1_60' title='bbox 1511 832 1710 899; x_wconf 83' lang='grc' dir='ltr'>νεαρᾶς</span> <span class='ocrx_word' id='word_1_61' title='bbox 1737 830 1795 881; x_wconf 77' lang='grc' dir='ltr'>ἐν</span> <span class='ocrx_word' id='word_1_62' title='bbox 1823 831 1890 899; x_wconf 77' lang='grc' dir='ltr'>τῇ</span> 
     </span>
    </p>
   </div>
   <div class='ocr_carea' id='block_1_12' title="bbox 298 918 1891 1003">
    <p class='ocr_par' dir='ltr' id='par_1_12' title="bbox 298 918 1891 1003">
     <span class='ocr_line' id='line_1_12' title="bbox 298 918 1891 1003; baseline 0.003 -33"><span class='ocrx_word' id='word_1_63' title='bbox 298 919 597 1003; x_wconf 43' lang='grc' dir='ltr'>βπιγραφῇ</span> <span class='ocrx_word' id='word_1_64' title='bbox 627 918 728 988; x_wconf 82' lang='grc' dir='ltr'>τῆς</span> <span class='ocrx_word' id='word_1_65' title='bbox 755 922 812 972; x_wconf 84' lang='grc' dir='ltr'>ὲν</span> <span class='ocrx_word' id='word_1_66' title='bbox 844 920 1073 992; x_wconf 78' lang='grc' dir='ltr'>Γάγγρᾳ</span> <span class='ocrx_word' id='word_1_67' title='bbox 1118 920 1361 987; x_wconf 82' lang='grc' dir='ltr'><strong>συνόδου,</strong></span> <span class='ocrx_word' id='word_1_68' title='bbox 1394 922 1521 992; x_wconf 70' lang='grc' dir='ltr'>ἥτις</span> <span class='ocrx_word' id='word_1_69' title='bbox 1562 923 1621 975; x_wconf 80' lang='grc' dir='ltr'>ὲν</span> <span class='ocrx_word' id='word_1_70' title='bbox 1650 923 1717 992; x_wconf 83' lang='grc' dir='ltr'>τῇ</span> <span class='ocrx_word' id='word_1_71' title='bbox 1748 922 1891 990; x_wconf 81' lang='grc' dir='ltr'>ἀρχῇ</span> 
     </span>
    </p>
   </div>
   <div class='ocr_carea' id='block_1_13' title="bbox 314 1011 871 1082">
    <p class='ocr_par' dir='ltr' id='par_1_13' title="bbox 314 1011 871 1082">
     <span class='ocr_line' id='line_1_13' title="bbox 314 1011 871 1082; baseline 0.004 -18"><span class='ocrx_word' id='word_1_72' title='bbox 314 1012 413 1065; x_wconf 83' lang='grc' dir='ltr'><strong>τοῦ</strong></span> <span class='ocrx_word' id='word_1_73' title='bbox 442 1011 647 1082; x_wconf 86' lang='grc' dir='ltr'>βιϐλίου</span> <span class='ocrx_word' id='word_1_74' title='bbox 674 1015 871 1066; x_wconf 82' lang='grc' dir='ltr'>κεῖται.</span> 
     </span>
    </p>
   </div>
   <div class='ocr_carea' id='block_1_14' title="bbox 589 1187 1611 1260">
    <p class='ocr_par' dir='ltr' id='par_1_14' title="bbox 589 1187 1611 1260">
     <span class='ocr_line' id='line_1_14' title="bbox 589 1187 1611 1260; baseline 0.003 -19"><span class='ocrx_word' id='word_1_75' title='bbox 589 1189 842 1242; x_wconf 76' lang='grc' dir='ltr'><strong>ΚΕΦΑΛ.</strong></span> <span class='ocrx_word' id='word_1_76' title='bbox 868 1187 966 1242; x_wconf 85' lang='lat' dir='ltr'><strong>iB’.</strong></span> <span class='ocrx_word' id='word_1_77' title='bbox 999 1190 1139 1257; x_wconf 74' lang='grc' dir='ltr'>Περὶ</span> <span class='ocrx_word' id='word_1_78' title='bbox 1175 1188 1611 1260; x_wconf 76' lang='grc' dir='ltr'>σχισματικῶν.</span> 
     </span>
    </p>
   </div>
   <div class='ocr_carea' id='block_1_15' title="bbox 384 1283 1888 1355">
    <p class='ocr_par' dir='ltr' id='par_1_15' title="bbox 384 1283 1888 1355">
     <span class='ocr_line' id='line_1_15' title="bbox 384 1283 1888 1355; baseline 0 -17"><span class='ocrx_word' id='word_1_79' title='bbox 384 1285 545 1354; x_wconf 83' lang='grc' dir='ltr'>Ζήτει</span> <span class='ocrx_word' id='word_1_80' title='bbox 578 1286 636 1338; x_wconf 81' lang='grc' dir='ltr'>ὲν</span> <span class='ocrx_word' id='word_1_81' title='bbox 661 1283 739 1353; x_wconf 84' lang='grc' dir='ltr'>τῷ</span> <span class='ocrx_word' id='word_1_82' title='bbox 771 1284 814 1354; x_wconf 87' lang='grc' dir='ltr'><strong>β’</strong></span> <span class='ocrx_word' id='word_1_83' title='bbox 842 1285 1124 1355; x_wconf 76' lang='grc' dir='ltr'>κεφαλαίῳ</span> <span class='ocrx_word' id='word_1_84' title='bbox 1161 1285 1254 1337; x_wconf 83' lang='grc' dir='ltr'>τοῦ</span> <span class='ocrx_word' id='word_1_85' title='bbox 1284 1288 1331 1338; x_wconf 78' lang='grc' dir='ltr'>Α</span> <span class='ocrx_word' id='word_1_86' title='bbox 1378 1287 1651 1355; x_wconf 73' lang='grc' dir='ltr'><strong>στοιχείου</strong></span> <span class='ocrx_word' id='word_1_87' title='bbox 1687 1286 1888 1338; x_wconf 80' lang='grc' dir='ltr'><strong>κανόνα</strong></span> 
     </span>
    </p>
   </div>
   <div class='ocr_carea' id='block_1_16' title="bbox 313 1376 1889 1449">
    <p class='ocr_par' dir='ltr' id='par_1_16' title="bbox 313 1376 1889 1449">
     <span class='ocr_line' id='line_1_16' title="bbox 313 1376 1889 1449; baseline 0 -19"><span class='ocrx_word' id='word_1_88' title='bbox 313 1382 363 1430; x_wconf 83' lang='grc' dir='ltr'>α’</span> <span class='ocrx_word' id='word_1_89' title='bbox 390 1377 487 1430; x_wconf 77' lang='grc' dir='ltr'>τοῦ</span> <span class='ocrx_word' id='word_1_90' title='bbox 551 1376 790 1447; x_wconf 81' lang='grc' dir='ltr'><strong>μεγάλου</strong></span> <span class='ocrx_word' id='word_1_91' title='bbox 834 1376 1143 1442; x_wconf 81' lang='grc' dir='ltr'>Βασιλείου,</span> <span class='ocrx_word' id='word_1_92' title='bbox 1198 1379 1375 1447; x_wconf 80' lang='grc' dir='ltr'>σοφῶς</span> <span class='ocrx_word' id='word_1_93' title='bbox 1422 1377 1744 1449; x_wconf 75' lang='grc' dir='ltr'><strong>ὁριζομένου</strong></span> <span class='ocrx_word' id='word_1_94' title='bbox 1790 1379 1889 1431; x_wconf 69' lang='grc' dir='ltr'>καὶ</span> 
     </span>
    </p>
   </div>
   <div class='ocr_carea' id='block_1_17' title="bbox 310 1468 1885 1539">
    <p class='ocr_par' dir='ltr' id='par_1_17' title="bbox 310 1468 1885 1539">
     <span class='ocr_line' id='line_1_17' title="bbox 310 1468 1885 1539; baseline -0.001 -16"><span class='ocrx_word' id='word_1_95' title='bbox 310 1468 645 1539; x_wconf 81' lang='grc' dir='ltr'><strong>διαιροῦντος</strong></span> <span class='ocrx_word' id='word_1_96' title='bbox 703 1468 772 1521; x_wconf 82' lang='grc' dir='ltr'>τὰ</span> <span class='ocrx_word' id='word_1_97' title='bbox 826 1470 1126 1539; x_wconf 78' lang='grc' dir='ltr'><strong>σχίσματα,</strong></span> <span class='ocrx_word' id='word_1_98' title='bbox 1173 1469 1267 1522; x_wconf 81' lang='grc' dir='ltr'>καὶ</span> <span class='ocrx_word' id='word_1_99' title='bbox 1313 1470 1412 1533; x_wconf 78' lang='grc' dir='ltr'>τὰς</span> <span class='ocrx_word' id='word_1_100' title='bbox 1445 1470 1709 1539; x_wconf 78' lang='grc' dir='ltr'><strong>αἱρέσεις,</strong></span> <span class='ocrx_word' id='word_1_101' title='bbox 1763 1472 1885 1533; x_wconf 74' lang='grc' dir='ltr'>ταῖς</span> 
     </span>
    </p>
   </div>
   <div class='ocr_carea' id='block_1_18' title="bbox 312 1559 897 1629">
    <p class='ocr_par' dir='ltr' id='par_1_18' title="bbox 312 1559 897 1629">
     <span class='ocr_line' id='line_1_18' title="bbox 312 1559 897 1629; baseline -0.002 -16"><span class='ocrx_word' id='word_1_102' title='bbox 312 1560 591 1629; x_wconf 76' lang='grc' dir='ltr'><strong>ἑκατέρων</strong></span> <span class='ocrx_word' id='word_1_103' title='bbox 619 1559 897 1628; x_wconf 89' lang='grc' dir='ltr'>ἰδιότησιν.</span> 
     </span>
    </p>
   </div>
   <div class='ocr_carea' id='block_1_19' title="bbox 390 1650 1881 1719">
    <p class='ocr_par' dir='ltr' id='par_1_19' title="bbox 390 1650 1881 1719">
     <span class='ocr_line' id='line_1_19' title="bbox 390 1650 1881 1719; baseline -0.003 -14"><span class='ocrx_word' id='word_1_104' title='bbox 390 1652 450 1705; x_wconf 83' lang='grc'><strong>’0</strong></span> <span class='ocrx_word' id='word_1_105' title='bbox 478 1650 534 1703; x_wconf 73' lang='grc' dir='ltr'>δὲ</span> <span class='ocrx_word' id='word_1_106' title='bbox 576 1650 661 1703; x_wconf 85' lang='grc' dir='ltr'>λα’</span> <span class='ocrx_word' id='word_1_107' title='bbox 689 1650 800 1703; x_wconf 81' lang='grc' dir='ltr'><strong>τῶν</strong></span> <span class='ocrx_word' id='word_1_108' title='bbox 843 1651 1015 1719; x_wconf 83' lang='grc' dir='ltr'>ἁγίων</span> <span class='ocrx_word' id='word_1_109' title='bbox 1055 1650 1373 1704; x_wconf 75' lang='grc' dir='ltr'>ἀποστόλων</span> <span class='ocrx_word' id='word_1_110' title='bbox 1427 1650 1630 1715; x_wconf 79' lang='grc' dir='ltr'>κανὼν,</span> <span class='ocrx_word' id='word_1_111' title='bbox 1667 1650 1881 1715; x_wconf 79' lang='grc' dir='ltr'>’⁸οστις,</span> 
     </span>
    </p>
   </div>
   <div class='ocr_carea' id='block_1_20' title="bbox 310 1742 1880 1813">
    <p class='ocr_par' dir='ltr' id='par_1_20' title="bbox 310 1742 1880 1813">
     <span class='ocr_line' id='line_1_20' title="bbox 310 1742 1880 1813; baseline 0.001 -18"><span class='ocrx_word' id='word_1_112' title='bbox 310 1744 465 1812; x_wconf 74' lang='grc' dir='ltr'>φησὶ,</span> <span class='ocrx_word' id='word_1_113' title='bbox 499 1742 890 1813; x_wconf 86' lang='grc' dir='ltr'>πρεσϐύτερος,</span> <span class='ocrx_word' id='word_1_114' title='bbox 930 1743 1099 1812; x_wconf 74' lang='grc' dir='ltr'>μηδὲν</span> <span class='ocrx_word' id='word_1_115' title='bbox 1127 1761 1180 1796; x_wconf 89' lang='grc' dir='ltr'><strong>τι</strong></span> <span class='ocrx_word' id='word_1_116' title='bbox 1221 1743 1587 1812; x_wconf 70' lang='grc' dir='ltr'><strong>κατεγνωκὼς</strong></span> <span class='ocrx_word' id='word_1_117' title='bbox 1617 1744 1715 1797; x_wconf 85' lang='grc' dir='ltr'>τοῦ</span> <span class='ocrx_word' id='word_1_118' title='bbox 1745 1746 1880 1797; x_wconf 84' lang='grc' dir='ltr'>ἰδίου</span> 
     </span>
    </p>
   </div>
   <div class='ocr_carea' id='block_1_21' title="bbox 1998 739 3583 808">
    <p class='ocr_par' dir='ltr' id='par_1_21' title="bbox 1998 739 3583 808">
     <span class='ocr_line' id='line_1_21' title="bbox 1998 739 3583 808; baseline 0.003 -16"><span class='ocrx_word' id='word_1_119' title='bbox 1998 751 2117 792; x_wconf 85' lang='lat' dir='ltr'><strong>eam</strong></span> <span class='ocrx_word' id='word_1_120' title='bbox 2144 739 2472 808; x_wconf 83' lang='lat' dir='ltr'><strong>relinquant.</strong></span> <span class='ocrx_word' id='word_1_121' title='bbox 2513 739 2705 805; x_wconf 70' lang='lat' dir='ltr'><strong>Qnazre</strong></span> <span class='ocrx_word' id='word_1_122' title='bbox 2734 740 2803 793; x_wconf 92' lang='lat' dir='ltr'><strong>de</strong></span> <span class='ocrx_word' id='word_1_123' title='bbox 2851 742 2951 796; x_wconf 89' lang='lat' dir='ltr'><strong>hac</strong></span> <span class='ocrx_word' id='word_1_124' title='bbox 3003 743 3218 796; x_wconf 82' lang='lat' dir='ltr'><strong>novella</strong></span> <span class='ocrx_word' id='word_1_125' title='bbox 3272 744 3327 796; x_wconf 90' lang='lat' dir='ltr'><strong>in</strong></span> <span class='ocrx_word' id='word_1_126' title='bbox 3380 743 3583 797; x_wconf 86' lang='lat' dir='ltr'><strong>inscri-</strong></span> 
     </span>
    </p>
   </div>
   <div class='ocr_carea' id='block_1_22' title="bbox 1996 827 3582 903">
    <p class='ocr_par' dir='ltr' id='par_1_22' title="bbox 1996 827 3582 903">
     <span class='ocr_line' id='line_1_22' title="bbox 1996 827 3582 903; baseline 0.006 -23"><span class='ocrx_word' id='word_1_127' title='bbox 1996 827 2184 895; x_wconf 89' lang='lat' dir='ltr'><strong>ptione</strong></span> <span class='ocrx_word' id='word_1_128' title='bbox 2211 844 2331 899; x_wconf 82' lang='lat' dir='ltr'><strong>syn.</strong></span> <span class='ocrx_word' id='word_1_129' title='bbox 2373 827 2735 895; x_wconf 80' lang='lat' dir='ltr'><strong>Gangrensis,</strong></span> <span class='ocrx_word' id='word_1_130' title='bbox 2764 844 2885 897; x_wconf 74' lang='lat' dir='ltr'><strong>qua:</strong></span> <span class='ocrx_word' id='word_1_131' title='bbox 2915 831 3061 886; x_wconf 88' lang='lat' dir='ltr'><strong>circa</strong></span> <span class='ocrx_word' id='word_1_132' title='bbox 3097 833 3428 903; x_wconf 87' lang='lat' dir='ltr'><strong>principium</strong></span> <span class='ocrx_word' id='word_1_133' title='bbox 3454 835 3582 889; x_wconf 80' lang='lat' dir='ltr'><strong>libri</strong></span> 
     </span>
    </p>
   </div>
   <div class='ocr_carea' id='block_1_23' title="bbox 1995 922 2263 975">
    <p class='ocr_par' dir='ltr' id='par_1_23' title="bbox 1995 922 2263 975">
     <span class='ocr_line' id='line_1_23' title="bbox 1995 922 2263 975; baseline 0.011 -3"><span class='ocrx_word' id='word_1_134' title='bbox 1995 922 2263 975; x_wconf 82' lang='lat' dir='ltr'><strong>occurrit.</strong></span> 
     </span>
    </p>
   </div>
   <div class='ocr_carea' id='block_1_24' title="bbox 2340 1185 3213 1243">
    <p class='ocr_par' dir='ltr' id='par_1_24' title="bbox 2340 1185 3213 1243">
     <span class='ocr_line' id='line_1_24' title="bbox 2340 1185 3213 1243; baseline -0.001 0"><span class='ocrx_word' id='word_1_135' title='bbox 2340 1188 2493 1243; x_wconf 80' lang='lat' dir='ltr'><strong>CAP.</strong></span> <span class='ocrx_word' id='word_1_136' title='bbox 2532 1185 2650 1241; x_wconf 79' lang='grc' dir='ltr'><strong>ΧΙΙ.</strong></span> <span class='ocrx_word' id='word_1_137' title='bbox 2715 1188 2790 1240; x_wconf 88' lang='lat' dir='ltr'><strong>De</strong></span> <span class='ocrx_word' id='word_1_138' title='bbox 2835 1188 3213 1241; x_wconf 73' lang='lat' dir='ltr'><strong>schismaticis.</strong></span> 
     </span>
    </p>
   </div>
   <div class='ocr_carea' id='block_1_25' title="bbox 2075 1280 3581 1354">
    <p class='ocr_par' dir='ltr' id='par_1_25' title="bbox 2075 1280 3581 1354">
     <span class='ocr_line' id='line_1_25' title="bbox 2075 1280 3581 1354; baseline -0.003 -11"><span class='ocrx_word' id='word_1_139' title='bbox 2075 1289 2270 1354; x_wconf 70' lang='lat' dir='ltr'><strong>Quaere</strong></span> <span class='ocrx_word' id='word_1_140' title='bbox 2332 1287 2384 1339; x_wconf 87' lang='lat' dir='ltr'><strong>in</strong></span> <span class='ocrx_word' id='word_1_141' title='bbox 2456 1298 2577 1352; x_wconf 83' lang='lat' dir='ltr'><strong>t-ap.</strong></span> <span class='ocrx_word' id='word_1_142' title='bbox 2634 1281 2669 1333; x_wconf 62' lang='grc' dir='ltr'><strong>ἓ</strong></span> <span class='ocrx_word' id='word_1_143' title='bbox 2732 1281 2839 1333; x_wconf 82' lang='lat' dir='ltr'><strong>litt.</strong></span> <span class='ocrx_word' id='word_1_144' title='bbox 2906 1280 2950 1333; x_wconf 85' lang='lat' dir='ltr'><strong>A</strong></span> <span class='ocrx_word' id='word_1_145' title='bbox 3007 1297 3271 1335; x_wconf 81' lang='lat' dir='ltr'><strong>canouem</strong></span> <span class='ocrx_word' id='word_1_146' title='bbox 3339 1285 3581 1351; x_wconf 83' lang='lat' dir='ltr'><strong>primum</strong></span> 
     </span>
    </p>
   </div>
   <div class='ocr_carea' id='block_1_26' title="bbox 1992 1372 3579 1451">
    <p class='ocr_par' dir='ltr' id='par_1_26' title="bbox 1992 1372 3579 1451">
     <span class='ocr_line' id='line_1_26' title="bbox 1992 1372 3579 1451; baseline -0.003 -18"><span class='ocrx_word' id='word_1_147' title='bbox 1992 1384 2176 1451; x_wconf 80' lang='lat' dir='ltr'><strong>magni</strong></span> <span class='ocrx_word' id='word_1_148' title='bbox 2216 1377 2427 1443; x_wconf 82' lang='lat' dir='ltr'><strong>Basilii,</strong></span> <span class='ocrx_word' id='word_1_149' title='bbox 2458 1376 2736 1444; x_wconf 74' lang='lat' dir='ltr'><strong>sapienter</strong></span> <span class='ocrx_word' id='word_1_150' title='bbox 2775 1372 2849 1425; x_wconf 88' lang='lat' dir='ltr'><strong>ibi</strong></span> <span class='ocrx_word' id='word_1_151' title='bbox 2907 1372 3221 1427; x_wconf 79' lang='lat' dir='ltr'><strong>deﬁnientis</strong></span> <span class='ocrx_word' id='word_1_152' title='bbox 3259 1389 3323 1428; x_wconf 84' lang='lat' dir='ltr'><strong>ac</strong></span> <span class='ocrx_word' id='word_1_153' title='bbox 3378 1374 3579 1430; x_wconf 81' lang='lat' dir='ltr'><strong>distin-</strong></span> 
     </span>
    </p>
   </div>
   <div class='ocr_carea' id='block_1_27' title="bbox 1992 1465 3584 1544">
    <p class='ocr_par' dir='ltr' id='par_1_27' title="bbox 1992 1465 3584 1544">
     <span class='ocr_line' id='line_1_27' title="bbox 1992 1465 3584 1544; baseline -0.004 -19"><span class='ocrx_word' id='word_1_154' title='bbox 1992 1475 2213 1544; x_wconf 81' lang='lat' dir='ltr'><strong>guentis</strong></span> <span class='ocrx_word' id='word_1_155' title='bbox 2258 1472 2551 1526; x_wconf 74' lang='lat' dir='ltr'><strong>Schisntata</strong></span> <span class='ocrx_word' id='word_1_156' title='bbox 2588 1476 2752 1535; x_wconf 87' lang='lat' dir='ltr'><strong>atque</strong></span> <span class='ocrx_word' id='word_1_157' title='bbox 2782 1465 3018 1519; x_wconf 66' lang='lat' dir='ltr'><strong>haereses</strong></span> <span class='ocrx_word' id='word_1_158' title='bbox 3043 1465 3199 1534; x_wconf 83' lang='lat' dir='ltr'><strong>juxta</strong></span> <span class='ocrx_word' id='word_1_159' title='bbox 3235 1479 3363 1520; x_wconf 79' lang='lat' dir='ltr'><strong>suas</strong></span> <span class='ocrx_word' id='word_1_160' title='bbox 3392 1481 3584 1534; x_wconf 83' lang='lat' dir='ltr'><strong>quant-</strong></span> 
     </span>
    </p>
   </div>
   <div class='ocr_carea' id='block_1_28' title="bbox 1994 1565 2560 1636">
    <p class='ocr_par' dir='ltr' id='par_1_28' title="bbox 1994 1565 2560 1636">
     <span class='ocr_line' id='line_1_28' title="bbox 1994 1565 2560 1636; baseline -0.012 -14"><span class='ocrx_word' id='word_1_161' title='bbox 1994 1568 2128 1622; x_wconf 88' lang='lat' dir='ltr'><strong>libet</strong></span> <span class='ocrx_word' id='word_1_162' title='bbox 2160 1565 2560 1636; x_wconf 78' lang='lat' dir='ltr'><strong>proprietates.</strong></span> 
     </span>
    </p>
   </div>
   <div class='ocr_carea' id='block_1_29' title="bbox 2067 1648 3583 1719">
    <p class='ocr_par' dir='ltr' id='par_1_29' title="bbox 2067 1648 3583 1719">
     <span class='ocr_line' id='line_1_29' title="bbox 2067 1648 3583 1719; baseline -0.003 -8"><span class='ocrx_word' id='word_1_163' title='bbox 2067 1656 2256 1712; x_wconf 88' lang='lat' dir='ltr'><strong>Canou</strong></span> <span class='ocrx_word' id='word_1_164' title='bbox 2313 1663 2494 1708; x_wconf 75' lang='lat' dir='ltr'><strong>autem</strong></span> <span class='ocrx_word' id='word_1_165' title='bbox 2553 1652 2615 1707; x_wconf 79' lang='lat' dir='ltr'><strong>5i</strong></span> <span class='ocrx_word' id='word_1_166' title='bbox 2683 1657 3002 1705; x_wconf 84' lang='lat' dir='ltr'><strong>sanctorum</strong></span> <span class='ocrx_word' id='word_1_167' title='bbox 3067 1648 3475 1719; x_wconf 81' lang='lat' dir='ltr'><strong>apostolorum,</strong></span> <span class='ocrx_word' id='word_1_168' title='bbox 3533 1650 3583 1706; x_wconf 87' lang='lat' dir='ltr'><strong>si</strong></span> 
     </span>
    </p>
   </div>
   <div class='ocr_carea' id='block_1_30' title="bbox 1986 1743 3584 1819">
    <p class='ocr_par' dir='ltr' id='par_1_30' title="bbox 1986 1743 3584 1819">
     <span class='ocr_line' id='line_1_30' title="bbox 1986 1743 3584 1819; baseline -0.001 -20"><span class='ocrx_word' id='word_1_169' title='bbox 1986 1748 2136 1819; x_wconf 83' lang='lat' dir='ltr'><strong>quis,</strong></span> <span class='ocrx_word' id='word_1_170' title='bbox 2170 1749 2269 1812; x_wconf 85' lang='lat' dir='ltr'><strong>ait,</strong></span> <span class='ocrx_word' id='word_1_171' title='bbox 2302 1745 2615 1816; x_wconf 80' lang='lat' dir='ltr'><strong>presbyter,</strong></span> <span class='ocrx_word' id='word_1_172' title='bbox 2651 1758 2779 1798; x_wconf 88' lang='lat' dir='ltr'><strong>cum</strong></span> <span class='ocrx_word' id='word_1_173' title='bbox 2817 1743 3134 1812; x_wconf 76' lang='lat' dir='ltr'><strong>episwpum</strong></span> <span class='ocrx_word' id='word_1_174' title='bbox 3175 1757 3331 1797; x_wconf 86' lang='lat' dir='ltr'><strong>suum</strong></span> <span class='ocrx_word' id='word_1_175' title='bbox 3368 1757 3584 1812; x_wconf 82' lang='lat' dir='ltr'><strong>nequa-</strong></span> 
     </span>
    </p>
   </div>
   <div class='ocr_carea' id='block_1_31' title="bbox 308 1819 1880 1911">
    <p class='ocr_par' dir='ltr' id='par_1_31' title="bbox 308 1835 1873 1907">
     <span class='ocr_line' id='line_1_31' title="bbox 308 1835 1873 1907; baseline 0.001 -19"><span class='ocrx_word' id='word_1_176' title='bbox 308 1835 630 1897; x_wconf 66' lang='grc' dir='ltr'>επισκόπου,</span> <span class='ocrx_word' id='word_1_177' title='bbox 665 1836 802 1903; x_wconf 76' lang='grc' dir='ltr'>μήτε</span> <span class='ocrx_word' id='word_1_178' title='bbox 855 1837 986 1903; x_wconf 75' lang='grc' dir='ltr'>περὶ</span> <span class='ocrx_word' id='word_1_179' title='bbox 1012 1837 1111 1906; x_wconf 83' lang='grc' dir='ltr'>τὴν</span> <span class='ocrx_word' id='word_1_180' title='bbox 1150 1836 1436 1889; x_wconf 69' lang='grc' dir='ltr'>εὐσέϐειαν</span> <span class='ocrx_word' id='word_1_181' title='bbox 1474 1836 1873 1907; x_wconf 77' lang='grc' dir='ltr'>σφαλλομένου,</span> 
     </span>
    </p>
   </div>
   <div class='ocr_carea' id='block_1_32' title="bbox 1986 1819 3581 1911">
    <p class='ocr_par' dir='ltr' id='par_1_32' title="bbox 1986 1832 3581 1911">
     <span class='ocr_line' id='line_1_32' title="bbox 1986 1832 3581 1911; baseline -0.004 -16"><span class='ocrx_word' id='word_1_182' title='bbox 1986 1855 2148 1911; x_wconf 83' lang='lat' dir='ltr'><strong>quam</strong></span> <span class='ocrx_word' id='word_1_183' title='bbox 2209 1841 2465 1894; x_wconf 88' lang='lat' dir='ltr'><strong>incusare</strong></span> <span class='ocrx_word' id='word_1_184' title='bbox 2499 1852 2564 1892; x_wconf 91' lang='lat' dir='ltr'><strong>ac</strong></span> <span class='ocrx_word' id='word_1_185' title='bbox 2614 1838 2876 1892; x_wconf 87' lang='lat' dir='ltr'><strong>damnare</strong></span> <span class='ocrx_word' id='word_1_186' title='bbox 2945 1843 3133 1904; x_wconf 84' lang='lat' dir='ltr'><strong>queat,</strong></span> <span class='ocrx_word' id='word_1_187' title='bbox 3189 1843 3378 1903; x_wconf 87' lang='lat' dir='ltr'><strong>utpote</strong></span> <span class='ocrx_word' id='word_1_188' title='bbox 3442 1832 3581 1889; x_wconf 85' lang='lat' dir='ltr'><strong>nihil</strong></span> 
     </span>
    </p>
   </div>
   <div class='ocr_carea' id='block_1_33' title="bbox 310 1923 1878 1999">
    <p class='ocr_par' dir='ltr' id='par_1_33' title="bbox 310 1923 1878 1999">
     <span class='ocr_line' id='line_1_33' title="bbox 310 1923 1878 1999; baseline 0.001 -19"><span class='ocrx_word' id='word_1_189' title='bbox 310 1928 435 1999; x_wconf 77' lang='grc' dir='ltr'>μήτ’</span> <span class='ocrx_word' id='word_1_190' title='bbox 478 1923 544 1982; x_wconf 82' lang='grc' dir='ltr'>αὖ</span> <span class='ocrx_word' id='word_1_191' title='bbox 591 1926 877 1998; x_wconf 81' lang='grc' dir='ltr'>χαίροντος</span> <span class='ocrx_word' id='word_1_192' title='bbox 918 1929 1180 1991; x_wconf 79' lang='grc' dir='ltr'><strong>ἀδικίαις,</strong></span> <span class='ocrx_word' id='word_1_193' title='bbox 1214 1929 1330 1981; x_wconf 83' lang='grc' dir='ltr'>ἀλλ’</span> <span class='ocrx_word' id='word_1_194' title='bbox 1381 1928 1639 1991; x_wconf 77' lang='grc' dir='ltr'>εὐσεϐοῦς</span> <span class='ocrx_word' id='word_1_195' title='bbox 1678 1930 1778 1997; x_wconf 78' lang='grc' dir='ltr'><strong>μὲν</strong></span> <span class='ocrx_word' id='word_1_196' title='bbox 1809 1929 1878 1983; x_wconf 78' lang='grc' dir='ltr'>τὰ</span> 
     </span>
    </p>
   </div>
   <div class='ocr_carea' id='block_1_34' title="bbox 315 2019 1879 2093">
    <p class='ocr_par' dir='ltr' id='par_1_34' title="bbox 315 2019 1879 2093">
     <span class='ocr_line' id='line_1_34' title="bbox 315 2019 1879 2093; baseline 0.001 -18"><span class='ocrx_word' id='word_1_197' title='bbox 315 2022 448 2090; x_wconf 81' lang='grc' dir='ltr'>πρὸς</span> <span class='ocrx_word' id='word_1_198' title='bbox 475 2020 632 2086; x_wconf 79' lang='grc' dir='ltr'>θεὸν,</span> <span class='ocrx_word' id='word_1_199' title='bbox 660 2019 873 2074; x_wconf 77' lang='grc' dir='ltr'>δικαίου</span> <span class='ocrx_word' id='word_1_200' title='bbox 901 2021 956 2072; x_wconf 85' lang='grc' dir='ltr'>δὲ</span> <span class='ocrx_word' id='word_1_201' title='bbox 991 2022 1059 2073; x_wconf 74' lang='grc' dir='ltr'>τὰ</span> <span class='ocrx_word' id='word_1_202' title='bbox 1090 2024 1225 2091; x_wconf 59' lang='grc' dir='ltr'>πρὶς</span> <span class='ocrx_word' id='word_1_203' title='bbox 1256 2022 1579 2091; x_wconf 77' lang='grc' dir='ltr'>ἀνθρώπους</span> <span class='ocrx_word' id='word_1_204' title='bbox 1609 2024 1879 2093; x_wconf 72' lang='grc' dir='ltr'>ὑπάρχον-</span> 
     </span>
    </p>
   </div>
   <div class='ocr_carea' id='block_1_35' title="bbox 306 2112 1878 2186">
    <p class='ocr_par' dir='ltr' id='par_1_35' title="bbox 306 2112 1878 2186">
     <span class='ocr_line' id='line_1_35' title="bbox 306 2112 1878 2186; baseline 0 -19"><span class='ocrx_word' id='word_1_205' title='bbox 306 2130 419 2175; x_wconf 81' lang='grc' dir='ltr'>τος,</span> <span class='ocrx_word' id='word_1_206' title='bbox 449 2112 613 2166; x_wconf 82' lang='grc' dir='ltr'>πάθει</span> <span class='ocrx_word' id='word_1_207' title='bbox 642 2112 933 2182; x_wconf 78' lang='grc' dir='ltr'>φιλαρχίας</span> <span class='ocrx_word' id='word_1_208' title='bbox 961 2112 1194 2182; x_wconf 81' lang='grc' dir='ltr'>κάτοχος</span> <span class='ocrx_word' id='word_1_209' title='bbox 1232 2112 1329 2179; x_wconf 84' lang='grc' dir='ltr'><strong>ὢν,</strong></span> <span class='ocrx_word' id='word_1_210' title='bbox 1365 2113 1472 2186; x_wconf 76' lang='grc' dir='ltr'>ἰδίᾳ</span> <span class='ocrx_word' id='word_1_211' title='bbox 1504 2113 1663 2183; x_wconf 81' lang='grc' dir='ltr'>πήξει</span> <span class='ocrx_word' id='word_1_212' title='bbox 1697 2115 1878 2168; x_wconf 82' lang='grc' dir='ltr'>θυσια-</span> 
     </span>
    </p>
   </div>
   <div class='ocr_carea' id='block_1_36' title="bbox 313 2204 1879 2277">
    <p class='ocr_par' dir='ltr' id='par_1_36' title="bbox 313 2204 1879 2277">
     <span class='ocr_line' id='line_1_36' title="bbox 313 2204 1879 2277; baseline -0.001 -18"><span class='ocrx_word' id='word_1_213' title='bbox 313 2208 553 2276; x_wconf 85' lang='grc' dir='ltr'>στήριον,</span> <span class='ocrx_word' id='word_1_214' title='bbox 583 2208 676 2260; x_wconf 75' lang='grc' dir='ltr'><strong>καί</strong></span> <span class='ocrx_word' id='word_1_215' title='bbox 708 2204 1118 2275; x_wconf 83' lang='grc' dir='ltr'>παρασυνὰξεις</span> <span class='ocrx_word' id='word_1_216' title='bbox 1148 2206 1320 2258; x_wconf 84' lang='grc' dir='ltr'>ποιῶν</span> <span class='ocrx_word' id='word_1_217' title='bbox 1352 2210 1408 2258; x_wconf 74' lang='grc' dir='ltr'>ἐν</span> <span class='ocrx_word' id='word_1_218' title='bbox 1457 2206 1633 2277; x_wconf 89' lang='grc' dir='ltr'>τούτῳ</span> <span class='ocrx_word' id='word_1_219' title='bbox 1668 2209 1879 2277; x_wconf 87' lang='grc' dir='ltr'>ίερουρ-</span> 
     </span>
    </p>
   </div>
   <div class='ocr_carea' id='block_1_37' title="bbox 311 2298 1878 2372">
    <p class='ocr_par' dir='ltr' id='par_1_37' title="bbox 311 2298 1878 2372">
     <span class='ocr_line' id='line_1_37' title="bbox 311 2298 1878 2372; baseline 0.002 -22"><span class='ocrx_word' id='word_1_220' title='bbox 311 2302 417 2365; x_wconf 78' lang='grc' dir='ltr'>γεῐ,</span> <span class='ocrx_word' id='word_1_221' title='bbox 451 2299 592 2366; x_wconf 85' lang='grc' dir='ltr'><strong>μετὰ</strong></span> <span class='ocrx_word' id='word_1_222' title='bbox 624 2298 754 2366; x_wconf 87' lang='grc' dir='ltr'>μίαν</span> <span class='ocrx_word' id='word_1_223' title='bbox 783 2299 877 2351; x_wconf 60' lang='grc' dir='ltr'><strong>καὶ¹</strong></span> <span class='ocrx_word' id='word_1_224' title='bbox 902 2298 1162 2368; x_wconf 82' lang='grc' dir='ltr'>δευτέραν</span> <span class='ocrx_word' id='word_1_225' title='bbox 1192 2300 1288 2352; x_wconf 71' lang='grc' dir='ltr'>καὶ</span> <span class='ocrx_word' id='word_1_226' title='bbox 1313 2300 1510 2372; x_wconf 85' lang='grc' dir='ltr'>τρίτην</span> <span class='ocrx_word' id='word_1_227' title='bbox 1552 2300 1878 2370; x_wconf 89' lang='grc' dir='ltr'>παραίνεσιν</span> 
     </span>
    </p>
   </div>
   <div class='ocr_carea' id='block_1_38' title="bbox 309 2384 1878 2463">
    <p class='ocr_par' dir='ltr' id='par_1_38' title="bbox 309 2384 1878 2463">
     <span class='ocr_line' id='line_1_38' title="bbox 309 2384 1878 2463; baseline -0.001 -17"><span class='ocrx_word' id='word_1_228' title='bbox 309 2392 406 2446; x_wconf 74' lang='grc' dir='ltr'>καὶ</span> <span class='ocrx_word' id='word_1_229' title='bbox 462 2391 812 2462; x_wconf 84' lang='grc' dir='ltr'>παράκλησιν</span> <span class='ocrx_word' id='word_1_230' title='bbox 867 2391 961 2443; x_wconf 70' lang='grc' dir='ltr'><strong>ἐπὶ</strong></span> <span class='ocrx_word' id='word_1_231' title='bbox 1006 2391 1117 2461; x_wconf 74' lang='grc' dir='ltr'>τῆν’</span> <span class='ocrx_word' id='word_1_232' title='bbox 1139 2392 1417 2463; x_wconf 78' lang='grc' dir='ltr'>προτέραν</span> <span class='ocrx_word' id='word_1_233' title='bbox 1465 2393 1744 2462; x_wconf 82' lang='grc' dir='ltr'>ὁμόνοιαν,</span> <span class='ocrx_word' id='word_1_234' title='bbox 1798 2384 1878 2444; x_wconf 73' lang='grc' dir='ltr'>ἔτι</span> 
     </span>
    </p>
   </div>
   <div class='ocr_carea' id='block_1_39' title="bbox 308 2482 1881 2556">
    <p class='ocr_par' dir='ltr' id='par_1_39' title="bbox 308 2482 1881 2556">
     <span class='ocr_line' id='line_1_39' title="bbox 308 2482 1881 2556; baseline 0.002 -20"><span class='ocrx_word' id='word_1_235' title='bbox 308 2482 500 2554; x_wconf 78' lang='grc' dir='ltr'>γνώμῃ</span> <span class='ocrx_word' id='word_1_236' title='bbox 540 2483 821 2554; x_wconf 86' lang='grc' dir='ltr'>χρώμενος</span> <span class='ocrx_word' id='word_1_237' title='bbox 862 2484 1206 2555; x_wconf 77' lang='grc' dir='ltr'>αύθεκάστῳ,</span> <span class='ocrx_word' id='word_1_238' title='bbox 1239 2485 1402 2549; x_wconf 85' lang='grc' dir='ltr'>αὐτὸς</span> <span class='ocrx_word' id='word_1_239' title='bbox 1448 2488 1552 2556; x_wconf 85' lang='grc' dir='ltr'>μὲν</span> <span class='ocrx_word' id='word_1_240' title='bbox 1580 2486 1655 2548; x_wconf 88' lang='grc' dir='ltr'><strong>ώς</strong></span> <span class='ocrx_word' id='word_1_241' title='bbox 1688 2486 1881 2555; x_wconf 81' lang='grc' dir='ltr'>φίλαρ-</span> 
     </span>
    </p>
   </div>
   <div class='ocr_carea' id='block_1_40' title="bbox 306 2574 1882 2646">
    <p class='ocr_par' dir='ltr' id='par_1_40' title="bbox 306 2574 1882 2646">
     <span class='ocr_line' id='line_1_40' title="bbox 306 2574 1882 2646; baseline 0.001 -20"><span class='ocrx_word' id='word_1_242' title='bbox 306 2590 428 2643; x_wconf 83' lang='grc' dir='ltr'>χος,</span> <span class='ocrx_word' id='word_1_243' title='bbox 457 2574 550 2627; x_wconf 78' lang='grc' dir='ltr'>καὶ</span> <span class='ocrx_word' id='word_1_244' title='bbox 606 2575 933 2644; x_wconf 74' lang='grc' dir='ltr'>τυραννικὸν</span> <span class='ocrx_word' id='word_1_245' title='bbox 962 2574 1129 2646; x_wconf 75' lang='grc' dir='ltr'>ἔργον</span> <span class='ocrx_word' id='word_1_246' title='bbox 1159 2576 1634 2645; x_wconf 80' lang='grc' dir='ltr'>ἐπιδεικνύμενος,</span> <span class='ocrx_word' id='word_1_247' title='bbox 1686 2578 1882 2629; x_wconf 84' lang='grc' dir='ltr'>καθαι-</span> 
     </span>
    </p>
   </div>
   <div class='ocr_carea' id='block_1_41' title="bbox 308 2663 1875 2739">
    <p class='ocr_par' dir='ltr' id='par_1_41' title="bbox 308 2663 1875 2739">
     <span class='ocr_line' id='line_1_41' title="bbox 308 2663 1875 2739; baseline 0.003 -23"><span class='ocrx_word' id='word_1_248' title='bbox 308 2663 528 2736; x_wconf 86' lang='grc' dir='ltr'>ρείσθω.</span> <span class='ocrx_word' id='word_1_249' title='bbox 566 2666 629 2719; x_wconf 75' lang='lat' dir='ltr'><strong>Ol</strong></span> <span class='ocrx_word' id='word_1_250' title='bbox 668 2665 725 2717; x_wconf 65' lang='grc' dir='ltr'>δὲ</span> <span class='ocrx_word' id='word_1_251' title='bbox 756 2667 1197 2737; x_wconf 80' lang='grc' dir='ltr'>συναπαχθέντες</span> <span class='ocrx_word' id='word_1_252' title='bbox 1226 2668 1401 2735; x_wconf 79' lang='grc' dir='ltr'>αὐτῷ,</span> <span class='ocrx_word' id='word_1_253' title='bbox 1444 2670 1541 2722; x_wconf 70' lang='grc' dir='ltr'><strong>καὶ</strong></span> <span class='ocrx_word' id='word_1_254' title='bbox 1570 2666 1875 2739; x_wconf 69' lang='grc' dir='ltr'>συνεκκληι</span> 
     </span>
    </p>
   </div>
   <div class='ocr_carea' id='block_1_42' title="bbox 308 2758 1879 2830">
    <p class='ocr_par' dir='ltr' id='par_1_42' title="bbox 308 2758 1879 2830">
     <span class='ocr_line' id='line_1_42' title="bbox 308 2758 1879 2830; baseline 0 -18"><span class='ocrx_word' id='word_1_255' title='bbox 308 2758 610 2823; x_wconf 75' lang='grc' dir='ltr'>σιάζοντες,</span> <span class='ocrx_word' id='word_1_256' title='bbox 638 2760 701 2812; x_wconf 66' lang='grc' dir='ltr'><strong>ίεί</strong></span> <span class='ocrx_word' id='word_1_257' title='bbox 755 2758 855 2828; x_wconf 79' lang='grc' dir='ltr'>μὲν</span> <span class='ocrx_word' id='word_1_258' title='bbox 890 2759 1145 2830; x_wconf 75' lang='grc' dir='ltr'>κληρικοὶ</span> <span class='ocrx_word' id='word_1_259' title='bbox 1183 2758 1314 2826; x_wconf 82' lang='grc' dir='ltr'>εἷεν,</span> <span class='ocrx_word' id='word_1_260' title='bbox 1352 2762 1448 2814; x_wconf 75' lang='grc' dir='ltr'><strong>καὶ</strong></span> <span class='ocrx_word' id='word_1_261' title='bbox 1491 2762 1649 2815; x_wconf 78' lang='grc' dir='ltr'>αὐτοὶ</span> <span class='ocrx_word' id='word_1_262' title='bbox 1678 2760 1879 2813; x_wconf 85' lang='grc' dir='ltr'>καθαι-</span> 
     </span>
    </p>
   </div>
   <div class='ocr_carea' id='block_1_43' title="bbox 309 2846 1878 2931">
    <p class='ocr_par' dir='ltr' id='par_1_43' title="bbox 309 2846 1878 2931">
     <span class='ocr_line' id='line_1_43' title="bbox 309 2846 1878 2931; baseline 0.003 -27"><span class='ocrx_word' id='word_1_263' title='bbox 309 2849 640 2923; x_wconf 82' lang='grc' dir='ltr'>ρείσθωσαν,</span> <span class='ocrx_word' id='word_1_264' title='bbox 690 2851 742 2907; x_wconf 79' lang='grc' dir='ltr'><strong>εἰ</strong></span> <span class='ocrx_word' id='word_1_265' title='bbox 772 2851 829 2904; x_wconf 81' lang='grc' dir='ltr'>δὲ</span> <span class='ocrx_word' id='word_1_266' title='bbox 865 2846 1399 2927; x_wconf 6' lang='grc' dir='ltr'>λαῖκοὶ,ίάφορισμῷ</span> <span class='ocrx_word' id='word_1_267' title='bbox 1430 2853 1878 2931; x_wconf 74' lang='grc' dir='ltr'>ὑποϐεϐλήσθων.</span> 
     </span>
    </p>
   </div>
   <div class='ocr_carea' id='block_1_44' title="bbox 387 3082 1883 3159">
    <p class='ocr_par' dir='ltr' id='par_1_44' title="bbox 387 3082 1883 3159">
     <span class='ocr_line' id='line_1_44' title="bbox 387 3082 1883 3159; baseline 0.003 -22"><span class='ocrx_word' id='word_1_268' title='bbox 387 3082 671 3156; x_wconf 82' lang='grc' dir='ltr'>Ἐναργῶς</span> <span class='ocrx_word' id='word_1_269' title='bbox 722 3085 905 3139; x_wconf 86' lang='grc' dir='ltr'>τοίνυν</span> <span class='ocrx_word' id='word_1_270' title='bbox 969 3087 1033 3140; x_wconf 84' lang='grc' dir='ltr'>ὲκ</span> <span class='ocrx_word' id='word_1_271' title='bbox 1079 3086 1277 3140; x_wconf 81' lang='grc' dir='ltr'>τούτου</span> <span class='ocrx_word' id='word_1_272' title='bbox 1342 3086 1701 3157; x_wconf 85' lang='grc' dir='ltr'>παρίσταται,</span> <span class='ocrx_word' id='word_1_273' title='bbox 1759 3086 1883 3159; x_wconf 83' lang='grc' dir='ltr'>μηδ’</span> 
     </span>
    </p>
   </div>
   <div class='ocr_carea' id='block_1_45' title="bbox 1980 1924 3559 2002">
    <p class='ocr_par' dir='ltr' id='par_1_45' title="bbox 1980 1924 3559 2002">
     <span class='ocr_line' id='line_1_45' title="bbox 1980 1924 3559 2002; baseline -0.004 -15"><span class='ocrx_word' id='word_1_274' title='bbox 1980 1940 2173 1987; x_wconf 88' lang='lat' dir='ltr'><strong>contra</strong></span> <span class='ocrx_word' id='word_1_275' title='bbox 2199 1932 2455 2002; x_wconf 81' lang='lat' dir='ltr'><strong>pietatem</strong></span> <span class='ocrx_word' id='word_1_276' title='bbox 2485 1937 2819 1996; x_wconf 83' lang='lat' dir='ltr'><strong>peccantem,</strong></span> <span class='ocrx_word' id='word_1_277' title='bbox 2849 1940 3024 1995; x_wconf 85' lang='lat' dir='ltr'><strong>neque</strong></span> <span class='ocrx_word' id='word_1_278' title='bbox 3045 1925 3377 1994; x_wconf 78' lang='lat' dir='ltr'><strong>improbitati</strong></span> <span class='ocrx_word' id='word_1_279' title='bbox 3403 1924 3559 1980; x_wconf 89' lang='lat' dir='ltr'><strong>indul</strong></span> 
     </span>
    </p>
   </div>
   <div class='ocr_carea' id='block_1_46' title="bbox 1983 2017 3579 2095">
    <p class='ocr_par' dir='ltr' id='par_1_46' title="bbox 1983 2017 3579 2095">
     <span class='ocr_line' id='line_1_46' title="bbox 1983 2017 3579 2095; baseline -0.004 -16"><span class='ocrx_word' id='word_1_280' title='bbox 1983 2036 2225 2095; x_wconf 85' lang='lat' dir='ltr'><strong>gentem,</strong></span> <span class='ocrx_word' id='word_1_281' title='bbox 2285 2024 2381 2079; x_wconf 85' lang='lat' dir='ltr'><strong>sed</strong></span> <span class='ocrx_word' id='word_1_282' title='bbox 2436 2035 2467 2076; x_wconf 91' lang='lat' dir='ltr'><strong>e</strong></span> <span class='ocrx_word' id='word_1_283' title='bbox 2526 2029 2719 2074; x_wconf 85' lang='lat' dir='ltr'><strong>contra</strong></span> <span class='ocrx_word' id='word_1_284' title='bbox 2776 2019 2956 2088; x_wconf 87' lang='lat' dir='ltr'><strong>quoad</strong></span> <span class='ocrx_word' id='word_1_285' title='bbox 3031 2018 3287 2072; x_wconf 79' lang='lat' dir='ltr'><strong>homines</strong></span> <span class='ocrx_word' id='word_1_286' title='bbox 3361 2017 3579 2088; x_wconf 79' lang='lat' dir='ltr'><strong>justum</strong></span> 
     </span>
    </p>
   </div>
   <div class='ocr_carea' id='block_1_47' title="bbox 1982 2109 3571 2188">
    <p class='ocr_par' dir='ltr' id='par_1_47' title="bbox 1982 2109 3571 2188">
     <span class='ocr_line' id='line_1_47' title="bbox 1982 2109 3571 2188; baseline -0.006 -17"><span class='ocrx_word' id='word_1_287' title='bbox 1982 2120 2243 2188; x_wconf 84' lang='lat' dir='ltr'><strong>piumque</strong></span> <span class='ocrx_word' id='word_1_288' title='bbox 2277 2131 2402 2185; x_wconf 74' lang='lat' dir='ltr'><strong>erga</strong></span> <span class='ocrx_word' id='word_1_289' title='bbox 2441 2112 2638 2177; x_wconf 74' lang='lat' dir='ltr'><strong>Deum,</strong></span> <span class='ocrx_word' id='word_1_290' title='bbox 2708 2110 3012 2165; x_wconf 82' lang='lat' dir='ltr'><strong>ambitione</strong></span> <span class='ocrx_word' id='word_1_291' title='bbox 3077 2118 3253 2163; x_wconf 85' lang='lat' dir='ltr'><strong>tactus</strong></span> <span class='ocrx_word' id='word_1_292' title='bbox 3311 2109 3571 2178; x_wconf 87' lang='lat' dir='ltr'><strong>privatim</strong></span> 
     </span>
    </p>
   </div>
   <div class='ocr_carea' id='block_1_48' title="bbox 1982 2199 3572 2273">
    <p class='ocr_par' dir='ltr' id='par_1_48' title="bbox 1982 2199 3572 2273">
     <span class='ocr_line' id='line_1_48' title="bbox 1982 2199 3572 2273; baseline -0.006 -9"><span class='ocrx_word' id='word_1_293' title='bbox 1982 2213 2155 2265; x_wconf 86' lang='lat' dir='ltr'><strong>altare</strong></span> <span class='ocrx_word' id='word_1_294' title='bbox 2183 2208 2385 2273; x_wconf 79' lang='lat' dir='ltr'><strong>ﬁxerit,</strong></span> <span class='ocrx_word' id='word_1_295' title='bbox 2442 2213 2498 2261; x_wconf 81' lang='lat' dir='ltr'><strong>et</strong></span> <span class='ocrx_word' id='word_1_296' title='bbox 2520 2213 2828 2259; x_wconf 81' lang='lat' dir='ltr'><strong>conventus</strong></span> <span class='ocrx_word' id='word_1_297' title='bbox 2892 2202 3160 2270; x_wconf 59' lang='lat' dir='ltr'><strong>colligens</strong></span> <span class='ocrx_word' id='word_1_298' title='bbox 3213 2215 3378 2269; x_wconf 84' lang='lat' dir='ltr'><strong>super</strong></span> <span class='ocrx_word' id='word_1_299' title='bbox 3438 2199 3572 2255; x_wconf 86' lang='lat' dir='ltr'><strong>illud</strong></span> 
     </span>
    </p>
   </div>
   <div class='ocr_carea' id='block_1_49' title="bbox 1982 2294 3655 2369">
    <p class='ocr_par' dir='ltr' id='par_1_49' title="bbox 1982 2294 3655 2369">
     <span class='ocr_line' id='line_1_49' title="bbox 1982 2294 3655 2369; baseline -0.007 -11"><span class='ocrx_word' id='word_1_300' title='bbox 1982 2303 2242 2365; x_wconf 90' lang='lat' dir='ltr'><strong>celebret,</strong></span> <span class='ocrx_word' id='word_1_301' title='bbox 2279 2309 2448 2369; x_wconf 80' lang='lat' dir='ltr'><strong>atque</strong></span> <span class='ocrx_word' id='word_1_302' title='bbox 2478 2306 2602 2369; x_wconf 86' lang='lat' dir='ltr'><strong>post</strong></span> <span class='ocrx_word' id='word_1_303' title='bbox 2630 2312 2797 2352; x_wconf 89' lang='lat' dir='ltr'><strong>unam</strong></span> <span class='ocrx_word' id='word_1_304' title='bbox 2848 2310 2913 2350; x_wconf 89' lang='lat' dir='ltr'><strong>ac</strong></span> <span class='ocrx_word' id='word_1_305' title='bbox 2946 2295 3197 2357; x_wconf 85' lang='lat' dir='ltr'><strong>alteram,</strong></span> <span class='ocrx_word' id='word_1_306' title='bbox 3251 2302 3417 2363; x_wconf 80' lang='lat' dir='ltr'><strong>atque</strong></span> <span class='ocrx_word' id='word_1_307' title='bbox 3448 2294 3576 2349; x_wconf 86' lang='lat' dir='ltr'><strong>dein</strong></span> <span class='ocrx_word' id='word_1_308' title='bbox 3638 2352 3655 2369; x_wconf 41' lang='grc' dir='ltr'>ι</span> 
     </span>
    </p>
   </div>
   <div class='ocr_carea' id='block_1_50' title="bbox 1984 2386 3574 2454">
    <p class='ocr_par' dir='ltr' id='par_1_50' title="bbox 1984 2386 3574 2454">
     <span class='ocr_line' id='line_1_50' title="bbox 1984 2386 3574 2454; baseline -0.006 -5"><span class='ocrx_word' id='word_1_309' title='bbox 1984 2396 2201 2451; x_wconf 63' lang='lat' dir='ltr'><strong>tertiam</strong></span> <span class='ocrx_word' id='word_1_310' title='bbox 2237 2393 2667 2448; x_wconf 78' lang='lat' dir='ltr'><strong>admonitionem</strong></span> <span class='ocrx_word' id='word_1_311' title='bbox 2698 2398 2752 2445; x_wconf 87' lang='lat' dir='ltr'><strong>et</strong></span> <span class='ocrx_word' id='word_1_312' title='bbox 2773 2387 3208 2444; x_wconf 84' lang='lat' dir='ltr'><strong>cohortationeut</strong></span> <span class='ocrx_word' id='word_1_313' title='bbox 3237 2386 3304 2439; x_wconf 88' lang='lat' dir='ltr'><strong>ad</strong></span> <span class='ocrx_word' id='word_1_314' title='bbox 3332 2386 3574 2454; x_wconf 80' lang='lat' dir='ltr'><strong>priorem</strong></span> 
     </span>
    </p>
   </div>
   <div class='ocr_carea' id='block_1_51' title="bbox 1982 2479 3576 2554">
    <p class='ocr_par' dir='ltr' id='par_1_51' title="bbox 1982 2479 3576 2554">
     <span class='ocr_line' id='line_1_51' title="bbox 1982 2479 3576 2554; baseline -0.006 -12"><span class='ocrx_word' id='word_1_315' title='bbox 1982 2485 2445 2554; x_wconf 78' lang='lat' dir='ltr'><strong>conformitatem,</strong></span> <span class='ocrx_word' id='word_1_316' title='bbox 2481 2485 2534 2537; x_wconf 89' lang='lat' dir='ltr'><strong>in</strong></span> <span class='ocrx_word' id='word_1_317' title='bbox 2574 2482 2845 2537; x_wconf 85' lang='lat' dir='ltr'><strong>sententia</strong></span> <span class='ocrx_word' id='word_1_318' title='bbox 2911 2494 3010 2534; x_wconf 87' lang='lat' dir='ltr'><strong>sua</strong></span> <span class='ocrx_word' id='word_1_319' title='bbox 3071 2479 3350 2534; x_wconf 83' lang='lat' dir='ltr'><strong>obstinate</strong></span> <span class='ocrx_word' id='word_1_320' title='bbox 3388 2494 3576 2548; x_wconf 86' lang='lat' dir='ltr'><strong>perse-</strong></span> 
     </span>
    </p>
   </div>
   <div class='ocr_carea' id='block_1_52' title="bbox 1982 2572 3568 2649">
    <p class='ocr_par' dir='ltr' id='par_1_52' title="bbox 1982 2572 3568 2649">
     <span class='ocr_line' id='line_1_52' title="bbox 1982 2572 3568 2649; baseline -0.006 -13"><span class='ocrx_word' id='word_1_321' title='bbox 1982 2593 2155 2644; x_wconf 81' lang='lat' dir='ltr'><strong>veret,</strong></span> <span class='ocrx_word' id='word_1_322' title='bbox 2190 2591 2450 2649; x_wconf 87' lang='lat' dir='ltr'><strong>tanquam</strong></span> <span class='ocrx_word' id='word_1_323' title='bbox 2479 2577 2799 2631; x_wconf 87' lang='lat' dir='ltr'><strong>ambitiosus</strong></span> <span class='ocrx_word' id='word_1_324' title='bbox 2824 2584 2879 2629; x_wconf 90' lang='lat' dir='ltr'><strong>et</strong></span> <span class='ocrx_word' id='word_1_325' title='bbox 2910 2572 3159 2627; x_wconf 73' lang='lat' dir='ltr'><strong>allectum</strong></span> <span class='ocrx_word' id='word_1_326' title='bbox 3218 2573 3568 2643; x_wconf 84' lang='lat' dir='ltr'><strong>tyrannicum</strong></span> 
     </span>
    </p>
   </div>
   <div class='ocr_carea' id='block_1_53' title="bbox 1981 2665 3576 2746">
    <p class='ocr_par' dir='ltr' id='par_1_53' title="bbox 1981 2665 3576 2746">
     <span class='ocr_line' id='line_1_53' title="bbox 1981 2665 3576 2746; baseline -0.006 -18"><span class='ocrx_word' id='word_1_327' title='bbox 1981 2675 2254 2746; x_wconf 88' lang='lat' dir='ltr'><strong>prodens,</strong></span> <span class='ocrx_word' id='word_1_328' title='bbox 2315 2671 2643 2737; x_wconf 71' lang='lat' dir='ltr'><strong>deponatur.</strong></span> <span class='ocrx_word' id='word_1_329' title='bbox 2703 2667 2807 2735; x_wconf 86' lang='lat' dir='ltr'><strong>Qui</strong></span> <span class='ocrx_word' id='word_1_330' title='bbox 2870 2676 3050 2721; x_wconf 87' lang='lat' dir='ltr'><strong>autem</strong></span> <span class='ocrx_word' id='word_1_331' title='bbox 3125 2665 3465 2719; x_wconf 84' lang='lat' dir='ltr'><strong>conveniunt</strong></span> <span class='ocrx_word' id='word_1_332' title='bbox 3519 2673 3576 2719; x_wconf 87' lang='lat' dir='ltr'><strong>et</strong></span> 
     </span>
    </p>
   </div>
   <div class='ocr_carea' id='block_1_54' title="bbox 1984 2757 3571 2839">
    <p class='ocr_par' dir='ltr' id='par_1_54' title="bbox 1984 2757 3571 2839">
     <span class='ocr_line' id='line_1_54' title="bbox 1984 2757 3571 2839; baseline -0.009 -15"><span class='ocrx_word' id='word_1_333' title='bbox 1984 2772 2383 2839; x_wconf 78' lang='lat' dir='ltr'><strong>congregantur</strong></span> <span class='ocrx_word' id='word_1_334' title='bbox 2414 2762 2484 2817; x_wconf 87' lang='lat' dir='ltr'><strong>ad</strong></span> <span class='ocrx_word' id='word_1_335' title='bbox 2548 2762 2724 2825; x_wconf 75' lang='lat' dir='ltr'><strong>illum,</strong></span> <span class='ocrx_word' id='word_1_336' title='bbox 2772 2760 2817 2816; x_wconf 87' lang='lat' dir='ltr'><strong>si</strong></span> <span class='ocrx_word' id='word_1_337' title='bbox 2871 2759 3057 2815; x_wconf 85' lang='lat' dir='ltr'><strong>clerici</strong></span> <span class='ocrx_word' id='word_1_338' title='bbox 3114 2757 3342 2818; x_wconf 77' lang='lat' dir='ltr'><strong>iuerint.</strong></span> <span class='ocrx_word' id='word_1_339' title='bbox 3405 2757 3571 2812; x_wconf 83' lang='lat' dir='ltr'><strong>ctiam</strong></span> 
     </span>
    </p>
   </div>
   <div class='ocr_carea' id='block_1_55' title="bbox 1982 2850 3573 2920">
    <p class='ocr_par' dir='ltr' id='par_1_55' title="bbox 1982 2850 3573 2920">
     <span class='ocr_line' id='line_1_55' title="bbox 1982 2850 3573 2920; baseline -0.008 -6"><span class='ocrx_word' id='word_1_340' title='bbox 1982 2871 2038 2915; x_wconf 87' lang='lat' dir='ltr'><strong>et</strong></span> <span class='ocrx_word' id='word_1_341' title='bbox 2061 2860 2139 2915; x_wconf 86' lang='lat' dir='ltr'><strong>illi</strong></span> <span class='ocrx_word' id='word_1_342' title='bbox 2168 2858 2362 2914; x_wconf 86' lang='lat' dir='ltr'><strong>ordine</strong></span> <span class='ocrx_word' id='word_1_343' title='bbox 2387 2862 2789 2920; x_wconf 81' lang='lat' dir='ltr'><strong>setuoveautur,</strong></span> <span class='ocrx_word' id='word_1_344' title='bbox 2840 2851 2924 2909; x_wconf 88' lang='lat' dir='ltr'><strong>sin</strong></span> <span class='ocrx_word' id='word_1_345' title='bbox 2952 2861 3130 2906; x_wconf 89' lang='lat' dir='ltr'><strong>autem</strong></span> <span class='ocrx_word' id='word_1_346' title='bbox 3166 2850 3311 2917; x_wconf 82' lang='lat' dir='ltr'><strong>laici,</strong></span> <span class='ocrx_word' id='word_1_347' title='bbox 3346 2862 3573 2902; x_wconf 80' lang='lat' dir='ltr'><strong>excom—</strong></span> 
     </span>
    </p>
   </div>
   <div class='ocr_carea' id='block_1_56' title="bbox 1985 2953 2361 3011">
    <p class='ocr_par' dir='ltr' id='par_1_56' title="bbox 1985 2953 2361 3011">
     <span class='ocr_line' id='line_1_56' title="bbox 1985 2953 2361 3011; baseline -0.016 0"><span class='ocrx_word' id='word_1_348' title='bbox 1985 2953 2361 3011; x_wconf 83' lang='lat' dir='ltr'><strong>municentur.</strong></span> 
     </span>
    </p>
   </div>
   <div class='ocr_carea' id='block_1_57' title="bbox 2055 3088 3575 3159">
    <p class='ocr_par' dir='ltr' id='par_1_57' title="bbox 2055 3088 3575 3159">
     <span class='ocr_line' id='line_1_57' title="bbox 2055 3088 3575 3159; baseline -0.007 -6"><span class='ocrx_word' id='word_1_349' title='bbox 2055 3099 2267 3153; x_wconf 80' lang='lat' dir='ltr'><strong>Exinde</strong></span> <span class='ocrx_word' id='word_1_350' title='bbox 2304 3103 2483 3149; x_wconf 84' lang='lat' dir='ltr'><strong>autem</strong></span> <span class='ocrx_word' id='word_1_351' title='bbox 2512 3091 2858 3147; x_wconf 81' lang='lat' dir='ltr'><strong>manifestum</strong></span> <span class='ocrx_word' id='word_1_352' title='bbox 2885 3089 3022 3144; x_wconf 84' lang='lat' dir='ltr'><strong>nihil</strong></span> <span class='ocrx_word' id='word_1_353' title='bbox 3054 3088 3321 3158; x_wconf 85' lang='lat' dir='ltr'><strong>impedire</strong></span> <span class='ocrx_word' id='word_1_354' title='bbox 3356 3090 3575 3159; x_wconf 90' lang='lat' dir='ltr'><strong>quomi-</strong></span> 
     </span>
    </p>
   </div>
   <div class='ocr_carea' id='block_1_58' title="bbox 305 3156 1880 3256">
    <p class='ocr_par' dir='ltr' id='par_1_58' title="bbox 305 3156 1880 3250">
     <span class='ocr_line' id='line_1_58' title="bbox 305 3156 1880 3250; baseline 0.003 -20"><span class='ocrx_word' id='word_1_355' title='bbox 305 3175 593 3248; x_wconf 65' lang='grc' dir='ltr'>ἡντιναοῦν</span> <span class='ocrx_word' id='word_1_356' title='bbox 622 3177 810 3247; x_wconf 79' lang='grc' dir='ltr'>δφλειν</span> <span class='ocrx_word' id='word_1_357' title='bbox 859 3178 1116 3250; x_wconf 75' lang='grc' dir='ltr'>εὐθύνην,</span> <span class='ocrx_word' id='word_1_358' title='bbox 1148 3181 1276 3244; x_wconf 80' lang='grc' dir='ltr'>τοὺς</span> <span class='ocrx_word' id='word_1_359' title='bbox 1315 3156 1433 3233; x_wconf 82' lang='grc' dir='ltr'><strong>τῶν</strong></span> <span class='ocrx_word' id='word_1_360' title='bbox 1472 3180 1619 3234; x_wconf 86' lang='grc' dir='ltr'>ἰδίων</span> <span class='ocrx_word' id='word_1_361' title='bbox 1650 3156 1880 3234; x_wconf 79' lang='grc' dir='ltr'>ἐπισκό-</span> 
     </span>
    </p>
   </div>
   <div class='ocr_carea' id='block_1_59' title="bbox 1986 3156 3575 3256">
    <p class='ocr_par' dir='ltr' id='par_1_59' title="bbox 1987 3181 3575 3256">
     <span class='ocr_line' id='line_1_59' title="bbox 1987 3181 3575 3256; baseline -0.006 -12"><span class='ocrx_word' id='word_1_362' title='bbox 1987 3206 2090 3245; x_wconf 91' lang='lat' dir='ltr'><strong>nus</strong></span> <span class='ocrx_word' id='word_1_363' title='bbox 2107 3206 2136 3243; x_wconf 89' lang='lat' dir='ltr'><strong>a</strong></span> <span class='ocrx_word' id='word_1_364' title='bbox 2165 3188 2281 3244; x_wconf 82' lang='lat' dir='ltr'><strong>suis</strong></span> <span class='ocrx_word' id='word_1_365' title='bbox 2305 3185 2575 3256; x_wconf 80' lang='lat' dir='ltr'><strong>episcOpis</strong></span> <span class='ocrx_word' id='word_1_366' title='bbox 2598 3181 2798 3237; x_wconf 83' lang='lat' dir='ltr'><strong>faciant</strong></span> <span class='ocrx_word' id='word_1_367' title='bbox 2820 3181 3078 3246; x_wconf 80' lang='lat' dir='ltr'><strong>divortia,</strong></span> <span class='ocrx_word' id='word_1_368' title='bbox 3103 3194 3157 3235; x_wconf 87' lang='lat' dir='ltr'><strong>et</strong></span> <span class='ocrx_word' id='word_1_369' title='bbox 3187 3181 3444 3237; x_wconf 76' lang='lat' dir='ltr'><strong>secedant</strong></span> <span class='ocrx_word' id='word_1_370' title='bbox 3465 3181 3575 3235; x_wconf 82' lang='lat' dir='ltr'><strong>cle-</strong></span> 
     </span>
    </p>
   </div>
   <div class='ocr_carea' id='block_1_60' title="bbox 307 3267 1876 3341">
    <p class='ocr_par' dir='ltr' id='par_1_60' title="bbox 307 3267 1876 3341">
     <span class='ocr_line' id='line_1_60' title="bbox 307 3267 1876 3341; baseline 0.003 -18"><span class='ocrx_word' id='word_1_371' title='bbox 307 3284 428 3323; x_wconf 75' lang='grc' dir='ltr'><strong>πων</strong></span> <span class='ocrx_word' id='word_1_372' title='bbox 457 3267 947 3338; x_wconf 80' lang='grc' dir='ltr'>ἀποσχιζομένους,</span> <span class='ocrx_word' id='word_1_373' title='bbox 980 3272 1075 3324; x_wconf 77' lang='grc' dir='ltr'><strong>καὶ</strong></span> <span class='ocrx_word' id='word_1_374' title='bbox 1105 3272 1523 3340; x_wconf 82' lang='grc' dir='ltr'>ἁποφοιτῶντας</span> <span class='ocrx_word' id='word_1_375' title='bbox 1556 3272 1876 3341; x_wconf 77' lang='grc' dir='ltr'>κληρικοὺς,</span> 
     </span>
    </p>
   </div>
   <div class='ocr_carea' id='block_1_61' title="bbox 309 3361 1875 3434">
    <p class='ocr_par' dir='ltr' id='par_1_61' title="bbox 309 3361 1875 3434">
     <span class='ocr_line' id='line_1_61' title="bbox 309 3361 1875 3434; baseline 0 -17"><span class='ocrx_word' id='word_1_376' title='bbox 309 3361 825 3431; x_wconf 82' lang='grc' dir='ltr'>καταγινώσκοντας</span> <span class='ocrx_word' id='word_1_377' title='bbox 874 3362 949 3428; x_wconf 83' lang='grc' dir='ltr'>ὡς</span> <span class='ocrx_word' id='word_1_378' title='bbox 1013 3363 1361 3419; x_wconf 79' lang='grc' dir='ltr'>ἀσεϐούντων</span> <span class='ocrx_word' id='word_1_379' title='bbox 1433 3365 1466 3434; x_wconf 81' lang='grc' dir='ltr'><strong>ἢ</strong></span> <span class='ocrx_word' id='word_1_380' title='bbox 1524 3362 1875 3417; x_wconf 73' lang='grc' dir='ltr'>ἀδικούντων.</span> 
     </span>
    </p>
   </div>
   <div class='ocr_carea' id='block_1_62' title="bbox 307 3455 1882 3529">
    <p class='ocr_par' dir='ltr' id='par_1_62' title="bbox 307 3455 1882 3529">
     <span class='ocr_line' id='line_1_62' title="bbox 307 3455 1882 3529; baseline -0.001 -19"><span class='ocrx_word' id='word_1_381' title='bbox 307 3455 387 3510; x_wconf 82' lang='grc' dir='ltr'><strong>Δι’</strong></span> <span class='ocrx_word' id='word_1_382' title='bbox 408 3455 597 3529; x_wconf 73' lang='grc' dir='ltr'>ἕτερον</span> <span class='ocrx_word' id='word_1_383' title='bbox 632 3456 819 3527; x_wconf 83' lang='grc' dir='ltr'>μέντοι</span> <span class='ocrx_word' id='word_1_384' title='bbox 844 3474 908 3526; x_wconf 86' lang='grc' dir='ltr'><strong>γε</strong></span> <span class='ocrx_word' id='word_1_385' title='bbox 942 3461 1169 3527; x_wconf 70' lang='grc' dir='ltr'><strong>’τρόπον⁹</strong></span> <span class='ocrx_word' id='word_1_386' title='bbox 1204 3458 1310 3511; x_wconf 81' lang='grc' dir='ltr'>κᾶν</span> <span class='ocrx_word' id='word_1_387' title='bbox 1342 3457 1412 3512; x_wconf 80' lang='grc' dir='ltr'>τὰ</span> <span class='ocrx_word' id='word_1_388' title='bbox 1438 3457 1689 3529; x_wconf 83' lang='grc' dir='ltr'>χείριστα</span> <span class='ocrx_word' id='word_1_389' title='bbox 1715 3457 1882 3527; x_wconf 75' lang='grc' dir='ltr'>λέγηο</span> 
     </span>
    </p>
   </div>
   <div class='ocr_carea' id='block_1_63' title="bbox 306 3547 1880 3621">
    <p class='ocr_par' dir='ltr' id='par_1_63' title="bbox 306 3547 1880 3621">
     <span class='ocr_line' id='line_1_63' title="bbox 306 3547 1880 3621; baseline 0.003 -21"><span class='ocrx_word' id='word_1_390' title='bbox 306 3564 400 3600; x_wconf 88' lang='grc' dir='ltr'><strong>ται</strong></span> <span class='ocrx_word' id='word_1_391' title='bbox 434 3548 563 3617; x_wconf 84' lang='grc' dir='ltr'><strong>περί</strong></span> <span class='ocrx_word' id='word_1_392' title='bbox 586 3547 891 3601; x_wconf 76' lang='grc' dir='ltr'>ἐπισκόπου</span> <span class='ocrx_word' id='word_1_393' title='bbox 925 3549 958 3620; x_wconf 80' lang='grc' dir='ltr'>ἢ</span> <span class='ocrx_word' id='word_1_394' title='bbox 1005 3550 1407 3621; x_wconf 88' lang='grc' dir='ltr'>πρεσϐυτέρου,</span> <span class='ocrx_word' id='word_1_395' title='bbox 1438 3553 1500 3604; x_wconf 81' lang='grc' dir='ltr'><strong>ού</strong></span> <span class='ocrx_word' id='word_1_396' title='bbox 1533 3550 1746 3604; x_wconf 89' lang='grc' dir='ltr'>δίκαιον</span> <span class='ocrx_word' id='word_1_397' title='bbox 1776 3550 1880 3621; x_wconf 81' lang='grc' dir='ltr'>τῆς</span> 
     </span>
    </p>
   </div>
   <div class='ocr_carea' id='block_1_64' title="bbox 308 3639 1881 3715">
    <p class='ocr_par' dir='ltr' id='par_1_64' title="bbox 308 3639 1881 3715">
     <span class='ocr_line' id='line_1_64' title="bbox 308 3639 1881 3715; baseline 0.002 -23"><span class='ocrx_word' id='word_1_398' title='bbox 308 3639 518 3694; x_wconf 75' lang='grc' dir='ltr'>ἐκείνου</span> <span class='ocrx_word' id='word_1_399' title='bbox 553 3640 845 3703; x_wconf 82' lang='grc' dir='ltr'>κοινωνίας</span> <span class='ocrx_word' id='word_1_400' title='bbox 890 3641 1249 3709; x_wconf 83' lang='grc' dir='ltr'>ἀφίστασθαι,</span> <span class='ocrx_word' id='word_1_401' title='bbox 1287 3644 1422 3713; x_wconf 74' lang='grc' dir='ltr'>πρὶν</span> <span class='ocrx_word' id='word_1_402' title='bbox 1446 3643 1521 3698; x_wconf 72' lang='grc' dir='ltr'><strong>ἂν</strong></span> <span class='ocrx_word' id='word_1_403' title='bbox 1556 3646 1589 3713; x_wconf 81' lang='grc' dir='ltr'>ἡ</span> <span class='ocrx_word' id='word_1_404' title='bbox 1618 3641 1689 3695; x_wconf 84' lang='grc' dir='ltr'>δι’</span> <span class='ocrx_word' id='word_1_405' title='bbox 1722 3644 1881 3715; x_wconf 82' lang='grc' dir='ltr'>ἀκρι-</span> 
     </span>
    </p>
   </div>
   <div class='ocr_carea' id='block_1_65' title="bbox 307 3728 1880 3804">
    <p class='ocr_par' dir='ltr' id='par_1_65' title="bbox 307 3728 1880 3804">
     <span class='ocr_line' id='line_1_65' title="bbox 307 3728 1880 3804; baseline 0.001 -21"><span class='ocrx_word' id='word_1_406' title='bbox 307 3728 434 3793; x_wconf 85' lang='grc' dir='ltr'>ϐοῦς</span> <span class='ocrx_word' id='word_1_407' title='bbox 466 3729 775 3797; x_wconf 75' lang='grc' dir='ltr'>ἐξετάσεως</span> <span class='ocrx_word' id='word_1_408' title='bbox 811 3732 998 3803; x_wconf 92' lang='grc' dir='ltr'>κρίσις</span> <span class='ocrx_word' id='word_1_409' title='bbox 1041 3734 1232 3787; x_wconf 81' lang='grc' dir='ltr'>τοῦτον</span> <span class='ocrx_word' id='word_1_410' title='bbox 1266 3733 1491 3804; x_wconf 77' lang='grc' dir='ltr'>καθέλῃ.</span> <span class='ocrx_word' id='word_1_411' title='bbox 1525 3733 1601 3788; x_wconf 81' lang='grc' dir='ltr'><strong>Οὐ</strong></span> <span class='ocrx_word' id='word_1_412' title='bbox 1636 3734 1746 3804; x_wconf 82' lang='grc' dir='ltr'>γὰρ</span> <span class='ocrx_word' id='word_1_413' title='bbox 1769 3733 1880 3786; x_wconf 83' lang='grc' dir='ltr'>τῶν</span> 
     </span>
    </p>
   </div>
   <div class='ocr_carea' id='block_1_66' title="bbox 305 3822 1879 3895">
    <p class='ocr_par' dir='ltr' id='par_1_66' title="bbox 305 3822 1879 3895">
     <span class='ocr_line' id='line_1_66' title="bbox 305 3822 1879 3895; baseline 0.002 -18"><span class='ocrx_word' id='word_1_414' title='bbox 305 3822 613 3895; x_wconf 75' lang='grc' dir='ltr'>ἀνθρώπων</span> <span class='ocrx_word' id='word_1_415' title='bbox 657 3825 692 3895; x_wconf 79' lang='grc' dir='ltr'><strong>ἡ</strong></span> <span class='ocrx_word' id='word_1_416' title='bbox 729 3825 910 3895; x_wconf 81' lang='grc' dir='ltr'>χάρις,</span> <span class='ocrx_word' id='word_1_417' title='bbox 951 3826 1089 3879; x_wconf 80' lang='grc' dir='ltr'>ἀλλὰ</span> <span class='ocrx_word' id='word_1_418' title='bbox 1118 3827 1215 3880; x_wconf 85' lang='grc' dir='ltr'><strong>τοῦ</strong></span> <span class='ocrx_word' id='word_1_419' title='bbox 1263 3827 1421 3894; x_wconf 88' lang='grc' dir='ltr'>ἁγίου</span> <span class='ocrx_word' id='word_1_420' title='bbox 1470 3824 1811 3895; x_wconf 79' lang='grc' dir='ltr'>Πνεύματος,</span> <span class='ocrx_word' id='word_1_421' title='bbox 1850 3825 1879 3880; x_wconf 82' lang='grc' dir='ltr'><strong>ὃ</strong></span> 
     </span>
    </p>
   </div>
   <div class='ocr_carea' id='block_1_67' title="bbox 305 3915 1880 3991">
    <p class='ocr_par' dir='ltr' id='par_1_67' title="bbox 305 3915 1880 3991">
     <span class='ocr_line' id='line_1_67' title="bbox 305 3915 1880 3991; baseline 0.003 -22"><span class='ocrx_word' id='word_1_422' title='bbox 305 3917 403 3969; x_wconf 71' lang='grc' dir='ltr'><strong>καὶ</strong></span> <span class='ocrx_word' id='word_1_423' title='bbox 450 3915 538 3970; x_wconf 72' lang='grc' dir='ltr'>διὰ</span> <span class='ocrx_word' id='word_1_424' title='bbox 578 3915 693 3970; x_wconf 87' lang='grc' dir='ltr'><strong>τῶν</strong></span> <span class='ocrx_word' id='word_1_425' title='bbox 714 3917 950 3982; x_wconf 83' lang='grc' dir='ltr'>ἀναξίων</span> <span class='ocrx_word' id='word_1_426' title='bbox 998 3918 1247 3988; x_wconf 76' lang='grc' dir='ltr'>πορίζειν</span> <span class='ocrx_word' id='word_1_427' title='bbox 1296 3919 1504 3991; x_wconf 85' lang='grc' dir='ltr'>ταύτην</span> <span class='ocrx_word' id='word_1_428' title='bbox 1551 3920 1731 3974; x_wconf 76' lang='grc' dir='ltr'>εἰώθει</span> <span class='ocrx_word' id='word_1_429' title='bbox 1765 3924 1880 3984; x_wconf 85' lang='grc' dir='ltr'>τοῖς</span> 
     </span>
    </p>
   </div>
   <div class='ocr_carea' id='block_1_68' title="bbox 305 4007 1875 4083">
    <p class='ocr_par' dir='ltr' id='par_1_68' title="bbox 305 4007 1875 4083">
     <span class='ocr_line' id='line_1_68' title="bbox 305 4007 1875 4083; baseline 0.004 -23"><span class='ocrx_word' id='word_1_430' title='bbox 305 4007 604 4079; x_wconf 80' lang='grc' dir='ltr'>θερμότητι</span> <span class='ocrx_word' id='word_1_431' title='bbox 641 4009 881 4073; x_wconf 83' lang='grc' dir='ltr'>πίστεως</span> <span class='ocrx_word' id='word_1_432' title='bbox 914 4010 1228 4079; x_wconf 78' lang='grc' dir='ltr'>προσιοῦσι.</span> <span class='ocrx_word' id='word_1_433' title='bbox 1268 4012 1488 4075; x_wconf 85' lang='grc' dir='ltr'>Πάντας</span> <span class='ocrx_word' id='word_1_434' title='bbox 1526 4012 1661 4083; x_wconf 74' lang='grc' dir='ltr'>γὰρ,</span> <span class='ocrx_word' id='word_1_435' title='bbox 1691 4013 1875 4083; x_wconf 67' lang='grc' dir='ltr'>φησὶν,</span> 
     </span>
    </p>
   </div>
   <div class='ocr_carea' id='block_1_69' title="bbox 302 4102 1671 4176">
    <p class='ocr_par' dir='ltr' id='par_1_69' title="bbox 302 4102 1671 4176">
     <span class='ocr_line' id='line_1_69' title="bbox 302 4102 1671 4176; baseline 0.002 -20"><span class='ocrx_word' id='word_1_436' title='bbox 302 4106 332 4156; x_wconf 79' lang='grc' dir='ltr'>ὁ</span> <span class='ocrx_word' id='word_1_437' title='bbox 361 4102 495 4165; x_wconf 75' lang='grc' dir='ltr'>Θεὸς</span> <span class='ocrx_word' id='word_1_438' title='bbox 518 4104 578 4155; x_wconf 80' lang='grc' dir='ltr'><strong>ού</strong></span> <span class='ocrx_word' id='word_1_439' title='bbox 608 4107 926 4173; x_wconf 81' lang='grc' dir='ltr'>χειροτονεῖ,</span> <span class='ocrx_word' id='word_1_440' title='bbox 958 4104 1048 4157; x_wconf 84' lang='grc' dir='ltr'>διὰ</span> <span class='ocrx_word' id='word_1_441' title='bbox 1083 4107 1305 4157; x_wconf 84' lang='grc' dir='ltr'>πάντων</span> <span class='ocrx_word' id='word_1_442' title='bbox 1340 4105 1397 4159; x_wconf 78' lang='grc' dir='ltr'>δὲ</span> <span class='ocrx_word' id='word_1_443' title='bbox 1433 4108 1671 4176; x_wconf 80' lang='grc' dir='ltr'>ἐνεργεῖ.</span> 
     </span>
    </p>
   </div>
   <div class='ocr_carea' id='block_1_70' title="bbox 372 4196 1880 4269">
    <p class='ocr_par' dir='ltr' id='par_1_70' title="bbox 372 4196 1880 4269">
     <span class='ocr_line' id='line_1_70' title="bbox 372 4196 1880 4269; baseline 0.001 -20"><span class='ocrx_word' id='word_1_444' title='bbox 372 4196 453 4250; x_wconf 80' lang='grc' dir='ltr'>Τὰ</span> <span class='ocrx_word' id='word_1_445' title='bbox 481 4196 621 4247; x_wconf 66' lang='grc' dir='ltr'>αὐτὰ</span> <span class='ocrx_word' id='word_1_446' title='bbox 646 4197 737 4248; x_wconf 80' lang='grc' dir='ltr'><strong>καὶ</strong></span> <span class='ocrx_word' id='word_1_447' title='bbox 764 4198 791 4248; x_wconf 86' lang='grc' dir='ltr'><strong>ό</strong></span> <span class='ocrx_word' id='word_1_448' title='bbox 818 4197 915 4266; x_wconf 85' lang='grc' dir='ltr'>τῆς</span> <span class='ocrx_word' id='word_1_449' title='bbox 940 4199 997 4249; x_wconf 78' lang='grc' dir='ltr'>ἐν</span> <span class='ocrx_word' id='word_1_450' title='bbox 1018 4197 1327 4268; x_wconf 75' lang='grc' dir='ltr'>Ἀντιοχείᾳ</span> <span class='ocrx_word' id='word_1_451' title='bbox 1352 4196 1392 4250; x_wconf 84' lang='grc' dir='ltr'>ε’</span> <span class='ocrx_word' id='word_1_452' title='bbox 1420 4198 1670 4264; x_wconf 79' lang='grc' dir='ltr'>διέξεισι,</span> <span class='ocrx_word' id='word_1_453' title='bbox 1710 4215 1880 4269; x_wconf 84' lang='grc' dir='ltr'>προσ-</span> 
     </span>
    </p>
   </div>
   <div class='ocr_carea' id='block_1_71' title="bbox 304 4287 1879 4359">
    <p class='ocr_par' dir='ltr' id='par_1_71' title="bbox 304 4287 1879 4359">
     <span class='ocr_line' id='line_1_71' title="bbox 304 4287 1879 4359; baseline 0 -18"><span class='ocrx_word' id='word_1_454' title='bbox 304 4288 419 4350; x_wconf 72' lang='grc' dir='ltr'>θεὶς</span> <span class='ocrx_word' id='word_1_455' title='bbox 471 4287 567 4354; x_wconf 85' lang='grc' dir='ltr'>ὠς,</span> <span class='ocrx_word' id='word_1_456' title='bbox 604 4289 654 4339; x_wconf 89' lang='grc' dir='ltr'><strong>εἰ</strong></span> <span class='ocrx_word' id='word_1_457' title='bbox 697 4288 838 4355; x_wconf 68' lang='grc' dir='ltr'>μετὰ</span> <span class='ocrx_word' id='word_1_458' title='bbox 879 4292 975 4354; x_wconf 71' lang='grc' dir='ltr'><strong>τὴν</strong></span> <span class='ocrx_word' id='word_1_459' title='bbox 1026 4289 1348 4358; x_wconf 78' lang='grc' dir='ltr'>καθαίρεσιν</span> <span class='ocrx_word' id='word_1_460' title='bbox 1396 4288 1642 4359; x_wconf 82' lang='grc' dir='ltr'>θορυϐῶν</span> <span class='ocrx_word' id='word_1_461' title='bbox 1684 4289 1879 4359; x_wconf 76' lang='grc' dir='ltr'>ἐπιμέ-</span> 
     </span>
    </p>
   </div>
   <div class='ocr_carea' id='block_1_72' title="bbox 303 4379 1878 4452">
    <p class='ocr_par' dir='ltr' id='par_1_72' title="bbox 303 4379 1878 4452">
     <span class='ocr_line' id='line_1_72' title="bbox 303 4379 1878 4452; baseline 0.003 -21"><span class='ocrx_word' id='word_1_462' title='bbox 303 4397 405 4446; x_wconf 84' lang='grc' dir='ltr'>νει,</span> <span class='ocrx_word' id='word_1_463' title='bbox 443 4380 540 4433; x_wconf 79' lang='grc' dir='ltr'>καὶ</span> <span class='ocrx_word' id='word_1_464' title='bbox 561 4380 663 4448; x_wconf 82' lang='grc' dir='ltr'>τὴν</span> <span class='ocrx_word' id='word_1_465' title='bbox 700 4379 1032 4448; x_wconf 76' lang='grc' dir='ltr'>Ἐκκλησίαν</span> <span class='ocrx_word' id='word_1_466' title='bbox 1060 4382 1398 4445; x_wconf 82' lang='grc' dir='ltr'>ἀναστατῶν,</span> <span class='ocrx_word' id='word_1_467' title='bbox 1430 4383 1517 4436; x_wconf 83' lang='grc' dir='ltr'>διὰ</span> <span class='ocrx_word' id='word_1_468' title='bbox 1547 4385 1645 4452; x_wconf 85' lang='grc' dir='ltr'>τῆς</span> <span class='ocrx_word' id='word_1_469' title='bbox 1679 4382 1878 4448; x_wconf 78' lang='grc' dir='ltr'>ἔξωθεν</span> 
     </span>
    </p>
   </div>
   <div class='ocr_carea' id='block_1_73' title="bbox 1983 3270 3579 3350">
    <p class='ocr_par' dir='ltr' id='par_1_73' title="bbox 1983 3270 3579 3350">
     <span class='ocr_line' id='line_1_73' title="bbox 1983 3270 3579 3350; baseline -0.008 -13"><span class='ocrx_word' id='word_1_470' title='bbox 1983 3282 2105 3347; x_wconf 88' lang='lat' dir='ltr'><strong>rici,</strong></span> <span class='ocrx_word' id='word_1_471' title='bbox 2145 3281 2190 3335; x_wconf 89' lang='lat' dir='ltr'><strong>si</strong></span> <span class='ocrx_word' id='word_1_472' title='bbox 2224 3282 2373 3350; x_wconf 85' lang='lat' dir='ltr'><strong>ipsos</strong></span> <span class='ocrx_word' id='word_1_473' title='bbox 2394 3287 2651 3345; x_wconf 78' lang='lat' dir='ltr'><strong>tanquam</strong></span> <span class='ocrx_word' id='word_1_474' title='bbox 2693 3272 2969 3343; x_wconf 88' lang='lat' dir='ltr'><strong>improbos</strong></span> <span class='ocrx_word' id='word_1_475' title='bbox 3031 3280 3125 3326; x_wconf 84' lang='lat' dir='ltr'><strong>aut</strong></span> <span class='ocrx_word' id='word_1_476' title='bbox 3154 3270 3386 3341; x_wconf 80' lang='lat' dir='ltr'><strong>injustos</strong></span> <span class='ocrx_word' id='word_1_477' title='bbox 3422 3286 3579 3327; x_wconf 69' lang='grc' dir='ltr'>τοοκ-ο</span> 
     </span>
    </p>
   </div>
   <div class='ocr_carea' id='block_1_74' title="bbox 1982 3365 3573 3445">
    <p class='ocr_par' dir='ltr' id='par_1_74' title="bbox 1982 3365 3573 3445">
     <span class='ocr_line' id='line_1_74' title="bbox 1982 3365 3573 3445; baseline -0.008 -16"><span class='ocrx_word' id='word_1_478' title='bbox 1982 3383 2153 3445; x_wconf 88' lang='lat' dir='ltr'><strong>guant</strong></span> <span class='ocrx_word' id='word_1_479' title='bbox 2205 3383 2259 3427; x_wconf 90' lang='lat' dir='ltr'><strong>et</strong></span> <span class='ocrx_word' id='word_1_480' title='bbox 2286 3373 2570 3425; x_wconf 87' lang='lat' dir='ltr'><strong>damnent.</strong></span> <span class='ocrx_word' id='word_1_481' title='bbox 2602 3367 2848 3436; x_wconf 89' lang='lat' dir='ltr'><strong>Alioqui,</strong></span> <span class='ocrx_word' id='word_1_482' title='bbox 2879 3365 3133 3436; x_wconf 69' lang='lat' dir='ltr'><strong>quamvis</strong></span> <span class='ocrx_word' id='word_1_483' title='bbox 3170 3365 3408 3433; x_wconf 87' lang='lat' dir='ltr'><strong>pessima</strong></span> <span class='ocrx_word' id='word_1_484' title='bbox 3443 3378 3573 3433; x_wconf 79' lang='lat' dir='ltr'><strong>per-</strong></span> 
     </span>
    </p>
   </div>
   <div class='ocr_carea' id='block_1_75' title="bbox 1982 3453 3575 3529">
    <p class='ocr_par' dir='ltr' id='par_1_75' title="bbox 1982 3453 3575 3529">
     <span class='ocr_line' id='line_1_75' title="bbox 1982 3453 3575 3529; baseline -0.009 -8"><span class='ocrx_word' id='word_1_485' title='bbox 1982 3466 2279 3522; x_wconf 86' lang='lat' dir='ltr'><strong>hibeantur</strong></span> <span class='ocrx_word' id='word_1_486' title='bbox 2313 3463 2378 3516; x_wconf 85' lang='lat' dir='ltr'><strong>de</strong></span> <span class='ocrx_word' id='word_1_487' title='bbox 2403 3459 2665 3529; x_wconf 87' lang='lat' dir='ltr'><strong>episcopo</strong></span> <span class='ocrx_word' id='word_1_488' title='bbox 2699 3465 2754 3512; x_wconf 91' lang='lat' dir='ltr'><strong>et</strong></span> <span class='ocrx_word' id='word_1_489' title='bbox 2814 3455 3156 3527; x_wconf 75' lang='lat' dir='ltr'><strong>presbytero,</strong></span> <span class='ocrx_word' id='word_1_490' title='bbox 3207 3467 3319 3508; x_wconf 86' lang='lat' dir='ltr'><strong>non</strong></span> <span class='ocrx_word' id='word_1_491' title='bbox 3367 3453 3494 3509; x_wconf 91' lang='lat' dir='ltr'><strong>licet</strong></span> <span class='ocrx_word' id='word_1_492' title='bbox 3537 3466 3575 3507; x_wconf 80' lang='lat' dir='ltr'><strong>a</strong></span> 
     </span>
    </p>
   </div>
   <div class='ocr_carea' id='block_1_76' title="bbox 1982 3543 3572 3618">
    <p class='ocr_par' dir='ltr' id='par_1_76' title="bbox 1982 3543 3572 3618">
     <span class='ocr_line' id='line_1_76' title="bbox 1982 3543 3572 3618; baseline -0.009 -6"><span class='ocrx_word' id='word_1_493' title='bbox 1982 3553 2366 3613; x_wconf 88' lang='lat' dir='ltr'><strong>communione</strong></span> <span class='ocrx_word' id='word_1_494' title='bbox 2404 3553 2577 3618; x_wconf 84' lang='lat' dir='ltr'><strong>ipsius</strong></span> <span class='ocrx_word' id='word_1_495' title='bbox 2613 3548 2896 3610; x_wconf 86' lang='lat' dir='ltr'><strong>secedere,</strong></span> <span class='ocrx_word' id='word_1_496' title='bbox 2953 3555 3246 3614; x_wconf 80' lang='lat' dir='ltr'><strong>antequam</strong></span> <span class='ocrx_word' id='word_1_497' title='bbox 3297 3543 3572 3613; x_wconf 88' lang='lat' dir='ltr'><strong>judicium</strong></span> 
     </span>
    </p>
   </div>
   <div class='ocr_carea' id='block_1_77' title="bbox 1966 3635 3577 3718">
    <p class='ocr_par' dir='ltr' id='par_1_77' title="bbox 1966 3635 3577 3718">
     <span class='ocr_line' id='line_1_77' title="bbox 1966 3635 3577 3718; baseline -0.008 -17"><span class='ocrx_word' id='word_1_498' title='bbox 1966 3654 2106 3718; x_wconf 80' lang='lat' dir='ltr'><strong>post</strong></span> <span class='ocrx_word' id='word_1_499' title='bbox 2134 3651 2441 3699; x_wconf 86' lang='lat' dir='ltr'><strong>accuratam</strong></span> <span class='ocrx_word' id='word_1_500' title='bbox 2467 3639 2927 3694; x_wconf 78' lang='lat' dir='ltr'><strong>examinationetn</strong></span> <span class='ocrx_word' id='word_1_501' title='bbox 2950 3636 3116 3689; x_wconf 81' lang='lat' dir='ltr'><strong>latum</strong></span> <span class='ocrx_word' id='word_1_502' title='bbox 3142 3635 3308 3689; x_wconf 90' lang='lat' dir='ltr'><strong>istum</strong></span> <span class='ocrx_word' id='word_1_503' title='bbox 3324 3648 3577 3689; x_wconf 81' lang='lat' dir='ltr'><strong>semove-</strong></span> 
     </span>
    </p>
   </div>
   <div class='ocr_carea' id='block_1_78' title="bbox 1982 3724 3574 3797">
    <p class='ocr_par' dir='ltr' id='par_1_78' title="bbox 1982 3724 3574 3797">
     <span class='ocr_line' id='line_1_78' title="bbox 1982 3724 3574 3797; baseline -0.008 -4"><span class='ocrx_word' id='word_1_504' title='bbox 1982 3737 2076 3793; x_wconf 86' lang='lat' dir='ltr'><strong>rit.</strong></span> <span class='ocrx_word' id='word_1_505' title='bbox 2103 3732 2220 3787; x_wconf 84' lang='lat' dir='ltr'><strong>Non</strong></span> <span class='ocrx_word' id='word_1_506' title='bbox 2244 3734 2390 3788; x_wconf 90' lang='lat' dir='ltr'><strong>enim</strong></span> <span class='ocrx_word' id='word_1_507' title='bbox 2413 3729 2694 3784; x_wconf 82' lang='lat' dir='ltr'><strong>hominum</strong></span> <span class='ocrx_word' id='word_1_508' title='bbox 2722 3740 2783 3781; x_wconf 87' lang='lat' dir='ltr'><strong>ea</strong></span> <span class='ocrx_word' id='word_1_509' title='bbox 2804 3727 2976 3797; x_wconf 86' lang='lat' dir='ltr'><strong>gratia</strong></span> <span class='ocrx_word' id='word_1_510' title='bbox 2999 3735 3107 3789; x_wconf 91' lang='lat' dir='ltr'><strong>est,</strong></span> <span class='ocrx_word' id='word_1_511' title='bbox 3165 3724 3263 3780; x_wconf 90' lang='lat' dir='ltr'><strong>sed</strong></span> <span class='ocrx_word' id='word_1_512' title='bbox 3334 3724 3574 3795; x_wconf 82' lang='lat' dir='ltr'><strong>Spiritus</strong></span> 
     </span>
    </p>
   </div>
   <div class='ocr_carea' id='block_1_79' title="bbox 1983 3819 3573 3898">
    <p class='ocr_par' dir='ltr' id='par_1_79' title="bbox 1983 3819 3573 3898">
     <span class='ocr_line' id='line_1_79' title="bbox 1983 3819 3573 3898; baseline -0.008 -11"><span class='ocrx_word' id='word_1_513' title='bbox 1983 3831 2185 3894; x_wconf 87' lang='lat' dir='ltr'><strong>sancti,</strong></span> <span class='ocrx_word' id='word_1_514' title='bbox 2226 3829 2316 3898; x_wconf 92' lang='lat' dir='ltr'><strong>qui</strong></span> <span class='ocrx_word' id='word_1_515' title='bbox 2340 3841 2441 3897; x_wconf 91' lang='lat' dir='ltr'><strong>pro</strong></span> <span class='ocrx_word' id='word_1_516' title='bbox 2469 3822 2679 3879; x_wconf 75' lang='lat' dir='ltr'><strong>meritis</strong></span> <span class='ocrx_word' id='word_1_517' title='bbox 2709 3836 2828 3878; x_wconf 89' lang='lat' dir='ltr'><strong>eam</strong></span> <span class='ocrx_word' id='word_1_518' title='bbox 2861 3822 3003 3877; x_wconf 88' lang='lat' dir='ltr'><strong>solet</strong></span> <span class='ocrx_word' id='word_1_519' title='bbox 3058 3821 3193 3876; x_wconf 86' lang='lat' dir='ltr'><strong>viris</strong></span> <span class='ocrx_word' id='word_1_520' title='bbox 3226 3821 3420 3874; x_wconf 87' lang='lat' dir='ltr'><strong>ardore</strong></span> <span class='ocrx_word' id='word_1_521' title='bbox 3446 3819 3573 3875; x_wconf 81' lang='lat' dir='ltr'><strong>ﬁdei</strong></span> 
     </span>
    </p>
   </div>
   <div class='ocr_carea' id='block_1_80' title="bbox 1981 3913 3566 3996">
    <p class='ocr_par' dir='ltr' id='par_1_80' title="bbox 1981 3913 3566 3996">
     <span class='ocr_line' id='line_1_80' title="bbox 1981 3913 3566 3996; baseline -0.01 -17"><span class='ocrx_word' id='word_1_522' title='bbox 1981 3921 2416 3996; x_wconf 68' lang='lat' dir='ltr'><strong>praecellentibus</strong></span> <span class='ocrx_word' id='word_1_523' title='bbox 2446 3916 2720 3973; x_wconf 76' lang='lat' dir='ltr'><strong>conferre.</strong></span> <span class='ocrx_word' id='word_1_524' title='bbox 2753 3913 2958 3970; x_wconf 84' lang='lat' dir='ltr'><strong>Omnes</strong></span> <span class='ocrx_word' id='word_1_525' title='bbox 2984 3916 3156 3977; x_wconf 86' lang='lat' dir='ltr'><strong>enim,</strong></span> <span class='ocrx_word' id='word_1_526' title='bbox 3185 3913 3385 3980; x_wconf 62' lang='lat' dir='ltr'><strong>inquit,</strong></span> <span class='ocrx_word' id='word_1_527' title='bbox 3416 3913 3434 3982; x_wconf 88' lang='lat'><strong>(</strong></span> <span class='ocrx_word' id='word_1_528' title='bbox 3462 3913 3566 3965; x_wconf 65' lang='grc' dir='ltr'><strong>δρία</strong></span> 
     </span>
    </p>
   </div>
   <div class='ocr_carea' id='block_1_81' title="bbox 1982 4003 3573 4083">
    <p class='ocr_par' dir='ltr' id='par_1_81' title="bbox 1982 4003 3573 4083">
     <span class='ocr_line' id='line_1_81' title="bbox 1982 4003 3573 4083; baseline -0.009 -11"><span class='ocrx_word' id='word_1_529' title='bbox 1982 4018 2110 4072; x_wconf 87' lang='lat' dir='ltr'><strong>licet</strong></span> <span class='ocrx_word' id='word_1_530' title='bbox 2142 4014 2205 4067; x_wconf 89' lang='lat' dir='ltr'><strong>D.</strong></span> <span class='ocrx_word' id='word_1_531' title='bbox 2237 4010 2663 4083; x_wconf 78' lang='lat' dir='ltr'><strong>Chrysostomus</strong></span> <span class='ocrx_word' id='word_1_532' title='bbox 2694 4009 2711 4075; x_wconf 80' lang='lat'><strong>)</strong></span> <span class='ocrx_word' id='word_1_533' title='bbox 2747 4022 2855 4061; x_wconf 90' lang='lat' dir='ltr'><strong>non</strong></span> <span class='ocrx_word' id='word_1_534' title='bbox 2887 4007 3106 4061; x_wconf 84' lang='lat' dir='ltr'><strong>ordinat</strong></span> <span class='ocrx_word' id='word_1_535' title='bbox 3144 4003 3311 4069; x_wconf 88' lang='lat' dir='ltr'><strong>Deus,</strong></span> <span class='ocrx_word' id='word_1_536' title='bbox 3344 4006 3436 4060; x_wconf 81' lang='lat' dir='ltr'><strong>sed</strong></span> <span class='ocrx_word' id='word_1_537' title='bbox 3475 4020 3573 4075; x_wconf 84' lang='lat' dir='ltr'><strong>per</strong></span> 
     </span>
    </p>
   </div>
   <div class='ocr_carea' id='block_1_82' title="bbox 1980 4114 2486 4177">
    <p class='ocr_par' dir='ltr' id='par_1_82' title="bbox 1980 4114 2486 4177">
     <span class='ocr_line' id='line_1_82' title="bbox 1980 4114 2486 4177; baseline -0.012 -15"><span class='ocrx_word' id='word_1_538' title='bbox 1980 4125 2171 4163; x_wconf 85' lang='lat' dir='ltr'><strong>omnes</strong></span> <span class='ocrx_word' id='word_1_539' title='bbox 2203 4114 2486 4177; x_wconf 81' lang='lat' dir='ltr'><strong>operatur.</strong></span> 
     </span>
    </p>
   </div>
   <div class='ocr_carea' id='block_1_83' title="bbox 2026 4191 3569 4268">
    <p class='ocr_par' dir='ltr' id='par_1_83' title="bbox 2026 4191 3569 4268">
     <span class='ocr_line' id='line_1_83' title="bbox 2026 4191 3569 4268; baseline -0.007 -13"><span class='ocrx_word' id='word_1_540' title='bbox 2026 4201 2228 4255; x_wconf 85' lang='lat' dir='ltr'><strong>Eadem</strong></span> <span class='ocrx_word' id='word_1_541' title='bbox 2254 4200 2417 4253; x_wconf 74' lang='lat' dir='ltr'><strong>etiam</strong></span> <span class='ocrx_word' id='word_1_542' title='bbox 2448 4204 2733 4268; x_wconf 76' lang='lat' dir='ltr'><strong>percenset</strong></span> <span class='ocrx_word' id='word_1_543' title='bbox 2776 4194 2996 4251; x_wconf 85' lang='lat' dir='ltr'><strong>concilii</strong></span> <span class='ocrx_word' id='word_1_544' title='bbox 3023 4191 3354 4249; x_wconf 88' lang='lat' dir='ltr'><strong>Antiochetti</strong></span> <span class='ocrx_word' id='word_1_545' title='bbox 3388 4205 3569 4245; x_wconf 88' lang='lat' dir='ltr'><strong>canon</strong></span> 
     </span>
    </p>
   </div>
   <div class='ocr_carea' id='block_1_84' title="bbox 1983 4282 3571 4364">
    <p class='ocr_par' dir='ltr' id='par_1_84' title="bbox 1983 4282 3571 4364">
     <span class='ocr_line' id='line_1_84' title="bbox 1983 4282 3571 4364; baseline -0.009 -17"><span class='ocrx_word' id='word_1_546' title='bbox 1983 4293 2230 4364; x_wconf 85' lang='lat' dir='ltr'><strong>quintus,</strong></span> <span class='ocrx_word' id='word_1_547' title='bbox 2264 4301 2426 4360; x_wconf 90' lang='lat' dir='ltr'><strong>atque</strong></span> <span class='ocrx_word' id='word_1_548' title='bbox 2457 4290 2607 4344; x_wconf 86' lang='lat' dir='ltr'><strong>addit</strong></span> <span class='ocrx_word' id='word_1_549' title='bbox 2643 4307 2659 4343; x_wconf 89' lang='lat'><strong>:</strong></span> <span class='ocrx_word' id='word_1_550' title='bbox 2709 4288 2781 4341; x_wconf 87' lang='lat' dir='ltr'><strong>At</strong></span> <span class='ocrx_word' id='word_1_551' title='bbox 2845 4303 2994 4347; x_wconf 85' lang='lat' dir='ltr'><strong>vero,</strong></span> <span class='ocrx_word' id='word_1_552' title='bbox 3030 4287 3074 4340; x_wconf 90' lang='lat' dir='ltr'><strong>si</strong></span> <span class='ocrx_word' id='word_1_553' title='bbox 3136 4292 3258 4355; x_wconf 84' lang='lat' dir='ltr'><strong>post</strong></span> <span class='ocrx_word' id='word_1_554' title='bbox 3307 4282 3571 4352; x_wconf 84' lang='lat' dir='ltr'><strong>depositi-</strong></span> 
     </span>
    </p>
   </div>
   <div class='ocr_carea' id='block_1_85' title="bbox 1981 4378 3572 4453">
    <p class='ocr_par' dir='ltr' id='par_1_85' title="bbox 1981 4378 3572 4453">
     <span class='ocr_line' id='line_1_85' title="bbox 1981 4378 3572 4453; baseline -0.007 -14"><span class='ocrx_word' id='word_1_555' title='bbox 1981 4401 2140 4439; x_wconf 84' lang='lat' dir='ltr'><strong>onetn</strong></span> <span class='ocrx_word' id='word_1_556' title='bbox 2178 4385 2542 4453; x_wconf 73' lang='lat' dir='ltr'><strong>permanserit</strong></span> <span class='ocrx_word' id='word_1_557' title='bbox 2565 4381 2756 4436; x_wconf 90' lang='lat' dir='ltr'><strong>turbas</strong></span> <span class='ocrx_word' id='word_1_558' title='bbox 2781 4388 2834 4435; x_wconf 87' lang='lat' dir='ltr'><strong>et</strong></span> <span class='ocrx_word' id='word_1_559' title='bbox 2864 4378 3187 4436; x_wconf 83' lang='lat' dir='ltr'><strong>seditionem</strong></span> <span class='ocrx_word' id='word_1_560' title='bbox 3220 4389 3572 4428; x_wconf 76' lang='lat' dir='ltr'><strong>commovens</strong></span> 
     </span>
    </p>
   </div>
   <div class='ocr_carea' id='block_1_86' title="bbox 299 4469 1880 4553">
    <p class='ocr_par' dir='ltr' id='par_1_86' title="bbox 299 4470 1878 4546">
     <span class='ocr_line' id='line_1_86' title="bbox 299 4470 1878 4546; baseline 0.001 -21"><span class='ocrx_word' id='word_1_561' title='bbox 299 4474 400 4527; x_wconf 75' lang='grc' dir='ltr'>καὶ</span> <span class='ocrx_word' id='word_1_562' title='bbox 429 4471 715 4540; x_wconf 75' lang='grc' dir='ltr'>πολιτικῆς</span> <span class='ocrx_word' id='word_1_563' title='bbox 747 4470 996 4535; x_wconf 80' lang='grc' dir='ltr'>ἐξουσίας</span> <span class='ocrx_word' id='word_1_564' title='bbox 1020 4470 1460 4541; x_wconf 77' lang='grc' dir='ltr'>σωφρονιζὲσθω,</span> <span class='ocrx_word' id='word_1_565' title='bbox 1486 4473 1671 4535; x_wconf 73' lang='grc' dir='ltr'>είς-τως</span> <span class='ocrx_word' id='word_1_566' title='bbox 1703 4473 1878 4546; x_wconf 79' lang='grc' dir='ltr'>ταύτῃ</span> 
     </span>
    </p>
   </div>
   <div class='ocr_carea' id='block_1_87' title="bbox 1986 4469 3564 4553">
    <p class='ocr_par' dir='ltr' id='par_1_87' title="bbox 1988 4469 3564 4542">
     <span class='ocr_line' id='line_1_87' title="bbox 1988 4469 3564 4542; baseline -0.01 -11"><span class='ocrx_word' id='word_1_567' title='bbox 1988 4478 2040 4531; x_wconf 88' lang='lat' dir='ltr'><strong>itt</strong></span> <span class='ocrx_word' id='word_1_568' title='bbox 2076 4474 2342 4539; x_wconf 77' lang='lat' dir='ltr'><strong>Ecclesia,</strong></span> <span class='ocrx_word' id='word_1_569' title='bbox 2368 4489 2462 4542; x_wconf 85' lang='lat' dir='ltr'><strong>per</strong></span> <span class='ocrx_word' id='word_1_570' title='bbox 2492 4486 2773 4524; x_wconf 81' lang='lat' dir='ltr'><strong>externam</strong></span> <span class='ocrx_word' id='word_1_571' title='bbox 2816 4486 2879 4525; x_wconf 88' lang='lat' dir='ltr'><strong>ac</strong></span> <span class='ocrx_word' id='word_1_572' title='bbox 2920 4469 3196 4538; x_wconf 76' lang='lat' dir='ltr'><strong>politicam</strong></span> <span class='ocrx_word' id='word_1_573' title='bbox 3235 4473 3564 4535; x_wconf 70' lang='lat' dir='ltr'><strong>potesmtem</strong></span> 
     </span>
    </p>
   </div>
   <div class='ocr_carea' id='block_1_88' title="bbox 300 4563 1875 4638">
    <p class='ocr_par' dir='ltr' id='par_1_88' title="bbox 300 4563 1875 4638">
     <span class='ocr_line' id='line_1_88' title="bbox 300 4563 1875 4638; baseline 0.001 -21"><span class='ocrx_word' id='word_1_574' title='bbox 300 4563 432 4632; x_wconf 84' lang='grc' dir='ltr'>γοῦν</span> <span class='ocrx_word' id='word_1_575' title='bbox 475 4565 612 4631; x_wconf 78' lang='grc' dir='ltr'>πρὸς</span> <span class='ocrx_word' id='word_1_576' title='bbox 660 4564 953 4634; x_wconf 87' lang='grc' dir='ltr'>μετάνοιαν</span> <span class='ocrx_word' id='word_1_577' title='bbox 999 4566 1404 4635; x_wconf 70' lang='grc' dir='ltr'>ἐπιστρέψειεν.</span> <span class='ocrx_word' id='word_1_578' title='bbox 1445 4566 1735 4638; x_wconf 84' lang='grc' dir='ltr'>Ἐπιτιμᾷν</span> <span class='ocrx_word' id='word_1_579' title='bbox 1765 4569 1875 4636; x_wconf 78' lang='grc' dir='ltr'>γὰρ</span> 
     </span>
    </p>
   </div>
   <div class='ocr_carea' id='block_1_89' title="bbox 306 4655 1878 4728">
    <p class='ocr_par' dir='ltr' id='par_1_89' title="bbox 306 4655 1878 4728">
     <span class='ocr_line' id='line_1_89' title="bbox 306 4655 1878 4728; baseline 0.001 -19"><span class='ocrx_word' id='word_1_580' title='bbox 306 4655 468 4725; x_wconf 85' lang='grc' dir='ltr'>μόνον</span> <span class='ocrx_word' id='word_1_581' title='bbox 498 4656 710 4724; x_wconf 74' lang='grc' dir='ltr'>ἐφεῖται</span> <span class='ocrx_word' id='word_1_582' title='bbox 743 4660 854 4719; x_wconf 83' lang='grc' dir='ltr'><strong>τοίς</strong></span> <span class='ocrx_word' id='word_1_583' title='bbox 895 4656 1240 4722; x_wconf 80' lang='grc' dir='ltr'>ἐπισκόποις,</span> <span class='ocrx_word' id='word_1_584' title='bbox 1272 4656 1386 4709; x_wconf 78' lang='grc' dir='ltr'>ἀλλ’</span> <span class='ocrx_word' id='word_1_585' title='bbox 1420 4657 1544 4728; x_wconf 72' lang='grc' dir='ltr'>οὐχὶ</span> <span class='ocrx_word' id='word_1_586' title='bbox 1573 4661 1668 4713; x_wconf 75' lang='grc' dir='ltr'><strong>καὶ</strong></span> <span class='ocrx_word' id='word_1_587' title='bbox 1700 4675 1878 4727; x_wconf 85' lang='grc' dir='ltr'>τιμω-</span> 
     </span>
    </p>
   </div>
   <div class='ocr_carea' id='block_1_90' title="bbox 306 4745 1878 4817">
    <p class='ocr_par' dir='ltr' id='par_1_90' title="bbox 306 4745 1878 4817">
     <span class='ocr_line' id='line_1_90' title="bbox 306 4745 1878 4817; baseline 0.001 -18"><span class='ocrx_word' id='word_1_588' title='bbox 306 4745 521 4816; x_wconf 85' lang='grc' dir='ltr'>ρεῖσθαι</span> <span class='ocrx_word' id='word_1_589' title='bbox 565 4747 693 4810; x_wconf 77' lang='grc' dir='ltr'>τοὺς</span> <span class='ocrx_word' id='word_1_590' title='bbox 739 4746 1070 4811; x_wconf 87' lang='grc' dir='ltr'>πταίοντας·</span> <span class='ocrx_word' id='word_1_591' title='bbox 1133 4749 1208 4817; x_wconf 81' lang='grc' dir='ltr'>μὴ</span> <span class='ocrx_word' id='word_1_592' title='bbox 1249 4746 1611 4817; x_wconf 78' lang='grc' dir='ltr'>πειθομένους</span> <span class='ocrx_word' id='word_1_593' title='bbox 1653 4749 1710 4803; x_wconf 79' lang='grc' dir='ltr'>δὲ</span> <span class='ocrx_word' id='word_1_594' title='bbox 1765 4752 1878 4812; x_wconf 81' lang='grc' dir='ltr'>τοῖς</span> 
     </span>
    </p>
   </div>
   <div class='ocr_carea' id='block_1_91' title="bbox 305 4842 1430 4912">
    <p class='ocr_par' dir='ltr' id='par_1_91' title="bbox 305 4842 1430 4912">
     <span class='ocr_line' id='line_1_91' title="bbox 305 4842 1430 4912; baseline 0 -17"><span class='ocrx_word' id='word_1_595' title='bbox 305 4842 530 4911; x_wconf 74' lang='grc' dir='ltr'>ἄρχουσι</span> <span class='ocrx_word' id='word_1_596' title='bbox 559 4842 696 4912; x_wconf 80' lang='grc' dir='ltr'>πρὸς</span> <span class='ocrx_word' id='word_1_597' title='bbox 726 4842 1109 4911; x_wconf 75' lang='grc' dir='ltr'>σωφρονισμὸν</span> <span class='ocrx_word' id='word_1_598' title='bbox 1139 4842 1430 4895; x_wconf 71' lang='grc' dir='ltr'>ἐκδιδόναι.</span> 
     </span>
    </p>
   </div>
   <div class='ocr_carea' id='block_1_92' title="bbox 375 4930 1878 5002">
    <p class='ocr_par' dir='ltr' id='par_1_92' title="bbox 375 4930 1878 5002">
     <span class='ocr_line' id='line_1_92' title="bbox 375 4930 1878 5002; baseline 0.002 -18"><span class='ocrx_word' id='word_1_599' title='bbox 375 4932 537 5002; x_wconf 78' lang='grc' dir='ltr'>Ζήτει</span> <span class='ocrx_word' id='word_1_600' title='bbox 584 4935 680 4986; x_wconf 71' lang='grc' dir='ltr'><strong>καὶ</strong></span> <span class='ocrx_word' id='word_1_601' title='bbox 707 4931 801 4985; x_wconf 73' lang='grc' dir='ltr'>τὸν</span> <span class='ocrx_word' id='word_1_602' title='bbox 844 4930 1056 5001; x_wconf 27' lang='grc' dir='ltr'>λα’,καὶ</span> <span class='ocrx_word' id='word_1_603' title='bbox 1087 4936 1177 4984; x_wconf 75' lang='grc' dir='ltr'><strong>τὸν</strong></span> <span class='ocrx_word' id='word_1_604' title='bbox 1207 4931 1288 4984; x_wconf 77' lang='grc' dir='ltr'><strong>νϐ’</strong></span> <span class='ocrx_word' id='word_1_605' title='bbox 1320 4933 1422 5001; x_wconf 80' lang='grc' dir='ltr'>τῆς</span> <span class='ocrx_word' id='word_1_606' title='bbox 1471 4931 1525 4997; x_wconf 81' lang='grc' dir='ltr'>ς’</span> <span class='ocrx_word' id='word_1_607' title='bbox 1557 4934 1780 4987; x_wconf 81' lang='grc' dir='ltr'>συνόδου</span> <span class='ocrx_word' id='word_1_608' title='bbox 1821 4936 1878 4987; x_wconf 84' lang='grc' dir='ltr'>ὲν</span> 
     </span>
    </p>
   </div>
   <div class='ocr_carea' id='block_1_93' title="bbox 303 5022 1149 5095">
    <p class='ocr_par' dir='ltr' id='par_1_93' title="bbox 303 5022 1149 5095">
     <span class='ocr_line' id='line_1_93' title="bbox 303 5022 1149 5095; baseline 0.004 -18"><span class='ocrx_word' id='word_1_609' title='bbox 303 5025 380 5095; x_wconf 78' lang='grc' dir='ltr'>τῷ</span> <span class='ocrx_word' id='word_1_610' title='bbox 412 5022 461 5079; x_wconf 90' lang='grc' dir='ltr'>α’</span> <span class='ocrx_word' id='word_1_611' title='bbox 492 5041 619 5092; x_wconf 76' lang='grc' dir='ltr'>κεφ.</span> <span class='ocrx_word' id='word_1_612' title='bbox 654 5022 749 5077; x_wconf 78' lang='grc' dir='ltr'>τοῦ</span> <span class='ocrx_word' id='word_1_613' title='bbox 779 5025 822 5077; x_wconf 87' lang='grc' dir='ltr'><strong>Β</strong></span> <span class='ocrx_word' id='word_1_614' title='bbox 853 5026 1149 5095; x_wconf 83' lang='grc' dir='ltr'>στοιχείου.</span> 
     </span>
    </p>
   </div>
   <div class='ocr_carea' id='block_1_94' title="bbox 381 5162 1877 5240">
    <p class='ocr_par' dir='ltr' id='par_1_94' title="bbox 381 5162 1877 5240">
     <span class='ocr_line' id='line_1_94' title="bbox 381 5162 1877 5240; baseline 0.003 -21"><span class='ocrx_word' id='word_1_615' title='bbox 381 5167 441 5219; x_wconf 88' lang='lat'><strong>‘0</strong></span> <span class='ocrx_word' id='word_1_616' title='bbox 458 5165 515 5219; x_wconf 84' lang='grc' dir='ltr'>δὲ</span> <span class='ocrx_word' id='word_1_617' title='bbox 538 5164 606 5237; x_wconf 79' lang='grc' dir='ltr'><strong>ιβ’</strong></span> <span class='ocrx_word' id='word_1_618' title='bbox 628 5162 809 5219; x_wconf 83' lang='grc' dir='ltr'>κανὼν</span> <span class='ocrx_word' id='word_1_619' title='bbox 828 5165 927 5235; x_wconf 75' lang='grc' dir='ltr'><strong>τῆς</strong></span> <span class='ocrx_word' id='word_1_620' title='bbox 945 5165 1245 5236; x_wconf 78' lang='grc' dir='ltr'>λεγομένης</span> <span class='ocrx_word' id='word_1_621' title='bbox 1264 5166 1485 5237; x_wconf 79' lang='grc' dir='ltr'>πρώτης</span> <span class='ocrx_word' id='word_1_622' title='bbox 1511 5168 1877 5240; x_wconf 73' lang='grc' dir='ltr'>καὶδευτέρας</span> 
     </span>
    </p>
   </div>
   <div class='ocr_carea' id='block_1_95' title="bbox 306 5258 1877 5331">
    <p class='ocr_par' dir='ltr' id='par_1_95' title="bbox 306 5258 1877 5331">
     <span class='ocr_line' id='line_1_95' title="bbox 306 5258 1877 5331; baseline 0.003 -20"><span class='ocrx_word' id='word_1_623' title='bbox 306 5260 546 5323; x_wconf 79' lang='grc' dir='ltr'>συνόδου,</span> <span class='ocrx_word' id='word_1_624' title='bbox 572 5258 664 5328; x_wconf 78' lang='grc' dir='ltr'>Τῷ</span> <span class='ocrx_word' id='word_1_625' title='bbox 695 5259 799 5326; x_wconf 85' lang='grc' dir='ltr'>λα’,</span> <span class='ocrx_word' id='word_1_626' title='bbox 834 5262 989 5328; x_wconf 69' lang='grc' dir='ltr'>φησὶ,</span> <span class='ocrx_word' id='word_1_627' title='bbox 1031 5260 1129 5330; x_wconf 80' lang='grc' dir='ltr'>τῆς</span> <span class='ocrx_word' id='word_1_628' title='bbox 1176 5259 1228 5324; x_wconf 79' lang='grc' dir='ltr'>ς’</span> <span class='ocrx_word' id='word_1_629' title='bbox 1258 5261 1479 5314; x_wconf 85' lang='grc' dir='ltr'>συνόδου</span> <span class='ocrx_word' id='word_1_630' title='bbox 1512 5262 1697 5316; x_wconf 85' lang='grc' dir='ltr'>κανόνι</span> <span class='ocrx_word' id='word_1_631' title='bbox 1728 5264 1877 5331; x_wconf 88' lang='grc' dir='ltr'>γινό-</span> 
     </span>
    </p>
   </div>
   <div class='ocr_carea' id='block_1_96' title="bbox 305 5349 1881 5421">
    <p class='ocr_par' dir='ltr' id='par_1_96' title="bbox 305 5349 1881 5421">
     <span class='ocr_line' id='line_1_96' title="bbox 305 5349 1881 5421; baseline 0.004 -19"><span class='ocrx_word' id='word_1_632' title='bbox 305 5366 457 5419; x_wconf 82' lang='grc' dir='ltr'>μενοι</span> <span class='ocrx_word' id='word_1_633' title='bbox 492 5350 798 5420; x_wconf 59' lang='grc' dir='ltr'>σύμψηφοι,</span> <span class='ocrx_word' id='word_1_634' title='bbox 830 5350 1405 5421; x_wconf 81' lang='grc' dir='ltr'>ἀποκεκληρωμένους</span> <span class='ocrx_word' id='word_1_635' title='bbox 1441 5349 1605 5419; x_wconf 82' lang='grc' dir='ltr'>εἶναι,</span> <span class='ocrx_word' id='word_1_636' title='bbox 1638 5356 1735 5408; x_wconf 83' lang='grc' dir='ltr'><strong>καί</strong></span> <span class='ocrx_word' id='word_1_637' title='bbox 1760 5355 1881 5409; x_wconf 80' lang='grc' dir='ltr'>ἐπι-</span> 
     </span>
    </p>
   </div>
   <div class='ocr_carea' id='block_1_97' title="bbox 302 5442 1879 5517">
    <p class='ocr_par' dir='ltr' id='par_1_97' title="bbox 302 5442 1879 5517">
     <span class='ocr_line' id='line_1_97' title="bbox 302 5442 1879 5517; baseline 0.003 -21"><span class='ocrx_word' id='word_1_638' title='bbox 302 5445 715 5514; x_wconf 77' lang='grc' dir='ltr'>τετραμμένους</span> <span class='ocrx_word' id='word_1_639' title='bbox 774 5442 1071 5514; x_wconf 84' lang='grc' dir='ltr'>κελεύομεν</span> <span class='ocrx_word' id='word_1_640' title='bbox 1121 5446 1260 5514; x_wconf 76' lang='grc' dir='ltr'>πρὸς</span> <span class='ocrx_word' id='word_1_641' title='bbox 1323 5445 1418 5497; x_wconf 76' lang='grc' dir='ltr'>τοῦ</span> <span class='ocrx_word' id='word_1_642' title='bbox 1481 5449 1623 5501; x_wconf 66' lang='grc' dir='ltr'>κατὰ</span> <span class='ocrx_word' id='word_1_643' title='bbox 1693 5447 1879 5517; x_wconf 87' lang='grc' dir='ltr'>χώραν</span> 
     </span>
    </p>
   </div>
   <div class='ocr_carea' id='block_1_98' title="bbox 303 5536 1878 5607">
    <p class='ocr_par' dir='ltr' id='par_1_98' title="bbox 303 5536 1878 5607">
     <span class='ocr_line' id='line_1_98' title="bbox 303 5536 1878 5607; baseline 0.003 -18"><span class='ocrx_word' id='word_1_644' title='bbox 303 5538 634 5602; x_wconf 78' lang='grc' dir='ltr'>ἐπισκόπου,</span> <span class='ocrx_word' id='word_1_645' title='bbox 668 5536 793 5597; x_wconf 78' lang='grc' dir='ltr'>τοὺς</span> <span class='ocrx_word' id='word_1_646' title='bbox 832 5537 889 5590; x_wconf 82' lang='grc' dir='ltr'>ἐν</span> <span class='ocrx_word' id='word_1_647' title='bbox 915 5537 1234 5607; x_wconf 81' lang='grc' dir='ltr'>εύκτηρίοις</span> <span class='ocrx_word' id='word_1_648' title='bbox 1278 5539 1475 5602; x_wconf 79' lang='grc' dir='ltr'>οἴκοις,</span> <span class='ocrx_word' id='word_1_649' title='bbox 1510 5539 1656 5593; x_wconf 69' lang='grc' dir='ltr'>ἔνδον</span> <span class='ocrx_word' id='word_1_650' title='bbox 1703 5540 1878 5605; x_wconf 86' lang='grc' dir='ltr'>οἰκίας</span> 
     </span>
    </p>
   </div>
   <div class='ocr_carea' id='block_1_99' title="bbox 301 5627 1881 5703">
    <p class='ocr_par' dir='ltr' id='par_1_99' title="bbox 301 5627 1881 5703">
     <span class='ocr_line' id='line_1_99' title="bbox 301 5627 1881 5703; baseline 0.002 -20"><span class='ocrx_word' id='word_1_651' title='bbox 301 5627 442 5696; x_wconf 73' lang='grc' dir='ltr'>οὖσι,</span> <span class='ocrx_word' id='word_1_652' title='bbox 475 5628 931 5699; x_wconf 82' lang='grc' dir='ltr'>λειτουργοῦντας</span> <span class='ocrx_word' id='word_1_653' title='bbox 962 5631 1168 5699; x_wconf 83' lang='grc' dir='ltr'>ἱερέας.</span> <span class='ocrx_word' id='word_1_654' title='bbox 1208 5631 1270 5684; x_wconf 82' lang='grc' dir='ltr'>Εἰ</span> <span class='ocrx_word' id='word_1_655' title='bbox 1300 5631 1357 5684; x_wconf 78' lang='grc' dir='ltr'><strong>δέ</strong></span> <span class='ocrx_word' id='word_1_656' title='bbox 1387 5649 1533 5694; x_wconf 84' lang='grc' dir='ltr'>τινες</span> <span class='ocrx_word' id='word_1_657' title='bbox 1561 5632 1715 5703; x_wconf 76' lang='grc' dir='ltr'>παρὰ</span> <span class='ocrx_word' id='word_1_658' title='bbox 1755 5633 1881 5686; x_wconf 87' lang='grc' dir='ltr'>τού-</span> 
     </span>
    </p>
   </div>
   <div class='ocr_carea' id='block_1_100' title="bbox 298 5723 1877 5792">
    <p class='ocr_par' dir='ltr' id='par_1_100' title="bbox 298 5723 1877 5792">
     <span class='ocr_line' id='line_1_100' title="bbox 298 5723 1877 5792; baseline 0.003 -17"><span class='ocrx_word' id='word_1_659' title='bbox 298 5739 424 5786; x_wconf 87' lang='grc' dir='ltr'>τους</span> <span class='ocrx_word' id='word_1_660' title='bbox 456 5723 592 5777; x_wconf 78' lang='grc' dir='ltr'>ἇνευ</span> <span class='ocrx_word' id='word_1_661' title='bbox 648 5723 879 5792; x_wconf 82' lang='grc' dir='ltr'>γνώμης</span> <span class='ocrx_word' id='word_1_662' title='bbox 912 5723 1007 5775; x_wconf 82' lang='grc' dir='ltr'>τοῦ</span> <span class='ocrx_word' id='word_1_663' title='bbox 1051 5724 1364 5777; x_wconf 74' lang='grc' dir='ltr'>ἐπισκόπου</span> <span class='ocrx_word' id='word_1_664' title='bbox 1419 5726 1500 5787; x_wconf 85' lang='grc' dir='ltr'><strong>εἰς</strong></span> <span class='ocrx_word' id='word_1_665' title='bbox 1549 5727 1649 5790; x_wconf 79' lang='grc' dir='ltr'><strong>τὰς</strong></span> <span class='ocrx_word' id='word_1_666' title='bbox 1698 5728 1877 5791; x_wconf 89' lang='grc' dir='ltr'>οίκίας</span> 
     </span>
    </p>
   </div>
   <div class='ocr_carea' id='block_1_101' title="bbox 298 5813 1876 5886">
    <p class='ocr_par' dir='ltr' id='par_1_101' title="bbox 298 5813 1876 5886">
     <span class='ocr_line' id='line_1_101' title="bbox 298 5813 1876 5886; baseline 0.002 -16"><span class='ocrx_word' id='word_1_667' title='bbox 298 5813 670 5879; x_wconf 70' lang='grc' dir='ltr'>ἐμπίπτοντες</span> <span class='ocrx_word' id='word_1_668' title='bbox 692 5815 933 5879; x_wconf 39' lang='lat' dir='ltr'><strong>aliaalia:</strong></span> <span class='ocrx_word' id='word_1_669' title='bbox 963 5817 1312 5885; x_wconf 80' lang='grc' dir='ltr'>λειτουργίας</span> <span class='ocrx_word' id='word_1_670' title='bbox 1342 5819 1697 5886; x_wconf 77' lang='grc' dir='ltr'>τολμήσαιεν,</span> <span class='ocrx_word' id='word_1_671' title='bbox 1737 5821 1876 5874; x_wconf 85' lang='grc' dir='ltr'>ὲκεί-</span> 
     </span>
    </p>
   </div>
   <div class='ocr_carea' id='block_1_102' title="bbox 1983 4559 3570 4636">
    <p class='ocr_par' dir='ltr' id='par_1_102' title="bbox 1983 4559 3570 4636">
     <span class='ocr_line' id='line_1_102' title="bbox 1983 4559 3570 4636; baseline -0.011 -13"><span class='ocrx_word' id='word_1_672' title='bbox 1983 4568 2303 4636; x_wconf 83' lang='lat' dir='ltr'><strong>castigetttr,</strong></span> <span class='ocrx_word' id='word_1_673' title='bbox 2336 4565 2379 4618; x_wconf 90' lang='lat' dir='ltr'><strong>si</strong></span> <span class='ocrx_word' id='word_1_674' title='bbox 2421 4565 2558 4617; x_wconf 81' lang='lat' dir='ltr'><strong>forte</strong></span> <span class='ocrx_word' id='word_1_675' title='bbox 2615 4564 2765 4616; x_wconf 77' lang='lat' dir='ltr'><strong>illiilli</strong></span> <span class='ocrx_word' id='word_1_676' title='bbox 2818 4563 2883 4615; x_wconf 90' lang='lat' dir='ltr'><strong>ad</strong></span> <span class='ocrx_word' id='word_1_677' title='bbox 2918 4559 3295 4631; x_wconf 71' lang='lat' dir='ltr'><strong>pcenitetttiam</strong></span> <span class='ocrx_word' id='word_1_678' title='bbox 3333 4572 3570 4610; x_wconf 76' lang='lat' dir='ltr'><strong>convcr-</strong></span> 
     </span>
    </p>
   </div>
   <div class='ocr_carea' id='block_1_103' title="bbox 1982 4648 3571 4729">
    <p class='ocr_par' dir='ltr' id='par_1_103' title="bbox 1982 4648 3571 4729">
     <span class='ocr_line' id='line_1_103' title="bbox 1982 4648 3571 4729; baseline -0.008 -17"><span class='ocrx_word' id='word_1_679' title='bbox 1982 4669 2099 4713; x_wconf 82' lang='lat' dir='ltr'><strong>tere</strong></span> <span class='ocrx_word' id='word_1_680' title='bbox 2131 4666 2316 4729; x_wconf 71' lang='lat' dir='ltr'><strong>queat.</strong></span> <span class='ocrx_word' id='word_1_681' title='bbox 2359 4657 2571 4725; x_wconf 80' lang='lat' dir='ltr'><strong>Quippe</strong></span> <span class='ocrx_word' id='word_1_682' title='bbox 2600 4653 2924 4708; x_wconf 83' lang='lat' dir='ltr'><strong>conceditur</strong></span> <span class='ocrx_word' id='word_1_683' title='bbox 2969 4651 3241 4722; x_wconf 69' lang='lat' dir='ltr'><strong>cp‘scop‘s</strong></span> <span class='ocrx_word' id='word_1_684' title='bbox 3296 4648 3571 4702; x_wconf 77' lang='lat' dir='ltr'><strong>duntaxat</strong></span> 
     </span>
    </p>
   </div>
   <div class='ocr_carea' id='block_1_104' title="bbox 1982 4739 3678 4821">
    <p class='ocr_par' dir='ltr' id='par_1_104' title="bbox 1982 4739 3678 4821">
     <span class='ocr_line' id='line_1_104' title="bbox 1982 4739 3678 4821; baseline -0.009 -17"><span class='ocrx_word' id='word_1_685' title='bbox 1982 4752 2271 4821; x_wconf 80' lang='lat' dir='ltr'><strong>increpare</strong></span> <span class='ocrx_word' id='word_1_686' title='bbox 2295 4748 2699 4815; x_wconf 83' lang='lat' dir='ltr'><strong>delinquentes,</strong></span> <span class='ocrx_word' id='word_1_687' title='bbox 2742 4760 2849 4799; x_wconf 91' lang='lat' dir='ltr'><strong>non</strong></span> <span class='ocrx_word' id='word_1_688' title='bbox 2883 4746 3046 4797; x_wconf 86' lang='lat' dir='ltr'><strong>etiam</strong></span> <span class='ocrx_word' id='word_1_689' title='bbox 3081 4744 3298 4811; x_wconf 88' lang='lat' dir='ltr'><strong>punire,</strong></span> <span class='ocrx_word' id='word_1_690' title='bbox 3328 4739 3419 4793; x_wconf 89' lang='lat' dir='ltr'><strong>sed</strong></span> <span class='ocrx_word' id='word_1_691' title='bbox 3443 4753 3572 4791; x_wconf 74' lang='lat' dir='ltr'><strong>vero</strong></span> <span class='ocrx_word' id='word_1_692' title='bbox 3661 4811 3678 4819; x_wconf 39' lang='grc' dir='ltr'><strong><em>ο</em></strong></span> 
     </span>
    </p>
   </div>
   <div class='ocr_carea' id='block_1_105' title="bbox 1981 4837 3428 4908">
    <p class='ocr_par' dir='ltr' id='par_1_105' title="bbox 1981 4837 3428 4908">
     <span class='ocr_line' id='line_1_105' title="bbox 1981 4837 3428 4908; baseline -0.005 -12"><span class='ocrx_word' id='word_1_693' title='bbox 1981 4844 2357 4898; x_wconf 88' lang='lat' dir='ltr'><strong>innbedientes</strong></span> <span class='ocrx_word' id='word_1_694' title='bbox 2406 4838 2744 4908; x_wconf 65' lang='lat' dir='ltr'><strong>magisu‘attti</strong></span> <span class='ocrx_word' id='word_1_695' title='bbox 2809 4838 3053 4908; x_wconf 78' lang='lat' dir='ltr'><strong>castigan</strong></span> <span class='ocrx_word' id='word_1_696' title='bbox 3079 4839 3158 4891; x_wconf 82' lang='lat' dir='ltr'><strong>los</strong></span> <span class='ocrx_word' id='word_1_697' title='bbox 3193 4837 3428 4890; x_wconf 84' lang='lat' dir='ltr'><strong>tradere.</strong></span> 
     </span>
    </p>
   </div>
   <div class='ocr_carea' id='block_1_106' title="bbox 2048 4930 3564 5003">
    <p class='ocr_par' dir='ltr' id='par_1_106' title="bbox 2048 4930 3564 5003">
     <span class='ocr_line' id='line_1_106' title="bbox 2048 4930 3564 5003; baseline -0.001 -16"><span class='ocrx_word' id='word_1_698' title='bbox 2048 4938 2242 5002; x_wconf 70' lang='lat' dir='ltr'><strong>Quam:</strong></span> <span class='ocrx_word' id='word_1_699' title='bbox 2283 4943 2338 4988; x_wconf 88' lang='lat' dir='ltr'><strong>et</strong></span> <span class='ocrx_word' id='word_1_700' title='bbox 2389 4949 2513 4987; x_wconf 84' lang='lat' dir='ltr'><strong>can.</strong></span> <span class='ocrx_word' id='word_1_701' title='bbox 2539 4932 2602 4985; x_wconf 79' lang='grc'><strong>’51</strong></span> <span class='ocrx_word' id='word_1_702' title='bbox 2639 4941 2695 4987; x_wconf 87' lang='lat' dir='ltr'><strong>et</strong></span> <span class='ocrx_word' id='word_1_703' title='bbox 2745 4930 2815 4986; x_wconf 83' lang='lat'><strong>59</strong></span> <span class='ocrx_word' id='word_1_704' title='bbox 2843 4932 3035 5003; x_wconf 87' lang='lat' dir='ltr'><strong>synodi</strong></span> <span class='ocrx_word' id='word_1_705' title='bbox 3088 4940 3254 4985; x_wconf 69' lang='lat' dir='ltr'><strong>sextae</strong></span> <span class='ocrx_word' id='word_1_706' title='bbox 3304 4930 3357 4983; x_wconf 90' lang='lat' dir='ltr'><strong>iu</strong></span> <span class='ocrx_word' id='word_1_707' title='bbox 3383 4930 3564 5002; x_wconf 85' lang='lat' dir='ltr'><strong>cap.l</strong></span> 
     </span>
    </p>
   </div>
   <div class='ocr_carea' id='block_1_107' title="bbox 1979 5027 2503 5105">
    <p class='ocr_par' dir='ltr' id='par_1_107' title="bbox 1979 5027 2503 5105">
     <span class='ocr_line' id='line_1_107' title="bbox 1979 5027 2503 5105; baseline -0.004 -23"><span class='ocrx_word' id='word_1_708' title='bbox 1979 5029 2179 5085; x_wconf 79' lang='lat' dir='ltr'><strong>litterae</strong></span> <span class='ocrx_word' id='word_1_709' title='bbox 2208 5027 2269 5081; x_wconf 88' lang='grc' dir='ltr'>Β,</span> <span class='ocrx_word' id='word_1_710' title='bbox 2478 5062 2503 5105; x_wconf 52' lang='grc' dir='ltr'><em>κ</em></span> 
     </span>
    </p>
   </div>
   <div class='ocr_carea' id='block_1_108' title="bbox 2052 5171 3570 5249">
    <p class='ocr_par' dir='ltr' id='par_1_108' title="bbox 2052 5171 3570 5249">
     <span class='ocr_line' id='line_1_108' title="bbox 2052 5171 3570 5249; baseline -0.005 -15"><span class='ocrx_word' id='word_1_711' title='bbox 2052 5178 2212 5249; x_wconf 77' lang='lat'><strong>233</strong></span> <span class='ocrx_word' id='word_1_712' title='bbox 2244 5178 2432 5231; x_wconf 79' lang='lat' dir='ltr'><strong>Canon</strong></span> <span class='ocrx_word' id='word_1_713' title='bbox 2471 5184 2649 5228; x_wconf 81' lang='lat' dir='ltr'><strong>autem</strong></span> <span class='ocrx_word' id='word_1_714' title='bbox 2688 5172 2756 5226; x_wconf 69' lang='grc'><strong>12</strong></span> <span class='ocrx_word' id='word_1_715' title='bbox 2828 5172 3069 5238; x_wconf 88' lang='lat' dir='ltr'><strong>concilii,</strong></span> <span class='ocrx_word' id='word_1_716' title='bbox 3122 5171 3269 5241; x_wconf 88' lang='lat' dir='ltr'><strong>quod</strong></span> <span class='ocrx_word' id='word_1_717' title='bbox 3329 5173 3570 5241; x_wconf 90' lang='lat' dir='ltr'><strong>primum</strong></span> 
     </span>
    </p>
   </div>
   <div class='ocr_carea' id='block_1_109' title="bbox 1980 5265 3571 5337">
    <p class='ocr_par' dir='ltr' id='par_1_109' title="bbox 1980 5265 3571 5337">
     <span class='ocr_line' id='line_1_109' title="bbox 1980 5265 3571 5337; baseline -0.004 -10"><span class='ocrx_word' id='word_1_718' title='bbox 1980 5286 2046 5327; x_wconf 88' lang='lat' dir='ltr'><strong>ac</strong></span> <span class='ocrx_word' id='word_1_719' title='bbox 2107 5271 2408 5326; x_wconf 82' lang='lat' dir='ltr'><strong>secundum</strong></span> <span class='ocrx_word' id='word_1_720' title='bbox 2440 5269 2768 5337; x_wconf 83' lang='lat' dir='ltr'><strong>appellatur,</strong></span> <span class='ocrx_word' id='word_1_721' title='bbox 2818 5265 3047 5331; x_wconf 88' lang='lat' dir='ltr'><strong>Canoni,</strong></span> <span class='ocrx_word' id='word_1_722' title='bbox 3081 5265 3278 5334; x_wconf 87' lang='lat' dir='ltr'><strong>inquit,</strong></span> <span class='ocrx_word' id='word_1_723' title='bbox 3313 5265 3372 5318; x_wconf 78' lang='lat' dir='ltr'><strong>5i</strong></span> <span class='ocrx_word' id='word_1_724' title='bbox 3436 5280 3571 5319; x_wconf 87' lang='lat' dir='ltr'><strong>cnn-</strong></span> 
     </span>
    </p>
   </div>
   <div class='ocr_carea' id='block_1_110' title="bbox 1980 5355 3575 5424">
    <p class='ocr_par' dir='ltr' id='par_1_110' title="bbox 1980 5355 3575 5424">
     <span class='ocr_line' id='line_1_110' title="bbox 1980 5355 3575 5424; baseline -0.004 -8"><span class='ocrx_word' id='word_1_725' title='bbox 1980 5363 2092 5416; x_wconf 88' lang='lat' dir='ltr'><strong>cilii</strong></span> <span class='ocrx_word' id='word_1_726' title='bbox 2127 5362 2266 5416; x_wconf 77' lang='lat' dir='ltr'><strong>sexti</strong></span> <span class='ocrx_word' id='word_1_727' title='bbox 2305 5359 2736 5421; x_wconf 87' lang='lat' dir='ltr'><strong>consentientes,</strong></span> <span class='ocrx_word' id='word_1_728' title='bbox 2786 5358 3047 5411; x_wconf 86' lang='lat' dir='ltr'><strong>clericatu</strong></span> <span class='ocrx_word' id='word_1_729' title='bbox 3127 5355 3421 5424; x_wconf 75' lang='lat' dir='ltr'><strong>privnndos</strong></span> <span class='ocrx_word' id='word_1_730' title='bbox 3478 5358 3575 5409; x_wconf 82' lang='lat' dir='ltr'><strong>de-</strong></span> 
     </span>
    </p>
   </div>
   <div class='ocr_carea' id='block_1_111' title="bbox 1982 5447 3575 5520">
    <p class='ocr_par' dir='ltr' id='par_1_111' title="bbox 1982 5447 3575 5520">
     <span class='ocr_line' id='line_1_111' title="bbox 1982 5447 3575 5520; baseline -0.003 -13"><span class='ocrx_word' id='word_1_731' title='bbox 1982 5455 2283 5516; x_wconf 84' lang='lat' dir='ltr'><strong>cernimus,</strong></span> <span class='ocrx_word' id='word_1_732' title='bbox 2344 5460 2400 5506; x_wconf 89' lang='lat' dir='ltr'><strong>et</strong></span> <span class='ocrx_word' id='word_1_733' title='bbox 2479 5452 2739 5520; x_wconf 88' lang='lat' dir='ltr'><strong>episcopo</strong></span> <span class='ocrx_word' id='word_1_734' title='bbox 2810 5450 2969 5504; x_wconf 88' lang='lat' dir='ltr'><strong>istius</strong></span> <span class='ocrx_word' id='word_1_735' title='bbox 3045 5447 3148 5502; x_wconf 90' lang='lat' dir='ltr'><strong>loci</strong></span> <span class='ocrx_word' id='word_1_736' title='bbox 3201 5447 3575 5516; x_wconf 76' lang='lat' dir='ltr'><strong>subjiciendos</strong></span> 
     </span>
    </p>
   </div>
   <div class='ocr_carea' id='block_1_112' title="bbox 1983 5539 3573 5611">
    <p class='ocr_par' dir='ltr' id='par_1_112' title="bbox 1983 5539 3573 5611">
     <span class='ocr_line' id='line_1_112' title="bbox 1983 5539 3573 5611; baseline -0.006 -10"><span class='ocrx_word' id='word_1_737' title='bbox 1983 5546 2319 5608; x_wconf 79' lang='lat' dir='ltr'><strong>Sacerdotes,</strong></span> <span class='ocrx_word' id='word_1_738' title='bbox 2361 5542 2453 5611; x_wconf 91' lang='lat' dir='ltr'><strong>qui</strong></span> <span class='ocrx_word' id='word_1_739' title='bbox 2492 5543 2545 5595; x_wconf 90' lang='lat' dir='ltr'><strong>in</strong></span> <span class='ocrx_word' id='word_1_740' title='bbox 2596 5541 2875 5605; x_wconf 74' lang='lat' dir='ltr'><strong>eraturiis,</strong></span> <span class='ocrx_word' id='word_1_741' title='bbox 2928 5555 3049 5610; x_wconf 73' lang='lat' dir='ltr'><strong>qua:</strong></span> <span class='ocrx_word' id='word_1_742' title='bbox 3103 5540 3247 5591; x_wconf 85' lang='lat' dir='ltr'><strong>intra</strong></span> <span class='ocrx_word' id='word_1_743' title='bbox 3279 5539 3424 5592; x_wconf 64' lang='lat' dir='ltr'><strong>aedes</strong></span> <span class='ocrx_word' id='word_1_744' title='bbox 3458 5540 3573 5607; x_wconf 90' lang='lat' dir='ltr'><strong>pri-</strong></span> 
     </span>
    </p>
   </div>
   <div class='ocr_carea' id='block_1_113' title="bbox 1980 5629 3581 5701">
    <p class='ocr_par' dir='ltr' id='par_1_113' title="bbox 1980 5629 3581 5701">
     <span class='ocr_line' id='line_1_113' title="bbox 1980 5629 3581 5701; baseline -0.003 -10"><span class='ocrx_word' id='word_1_745' title='bbox 1980 5647 2136 5691; x_wconf 80' lang='lat' dir='ltr'><strong>vatas</strong></span> <span class='ocrx_word' id='word_1_746' title='bbox 2188 5635 2477 5697; x_wconf 84' lang='lat' dir='ltr'><strong>habentur,</strong></span> <span class='ocrx_word' id='word_1_747' title='bbox 2533 5648 2689 5688; x_wconf 88' lang='lat' dir='ltr'><strong>sacra</strong></span> <span class='ocrx_word' id='word_1_748' title='bbox 2738 5632 3036 5686; x_wconf 87' lang='lat' dir='ltr'><strong>celebrant.</strong></span> <span class='ocrx_word' id='word_1_749' title='bbox 3093 5629 3420 5701; x_wconf 82' lang='lat' dir='ltr'><strong>Quicunque</strong></span> <span class='ocrx_word' id='word_1_750' title='bbox 3452 5646 3581 5686; x_wconf 87' lang='lat' dir='ltr'><strong>vero</strong></span> 
     </span>
    </p>
   </div>
   <div class='ocr_carea' id='block_1_114' title="bbox 1981 5722 3582 5800">
    <p class='ocr_par' dir='ltr' id='par_1_114' title="bbox 1981 5722 3582 5800">
     <span class='ocr_line' id='line_1_114' title="bbox 1981 5722 3582 5800; baseline -0.003 -17"><span class='ocrx_word' id='word_1_751' title='bbox 1981 5741 2179 5800; x_wconf 85' lang='lat' dir='ltr'><strong>praeter</strong></span> <span class='ocrx_word' id='word_1_752' title='bbox 2231 5728 2414 5789; x_wconf 79' lang='lat' dir='ltr'><strong>hosce,</strong></span> <span class='ocrx_word' id='word_1_753' title='bbox 2451 5727 2587 5780; x_wconf 86' lang='lat' dir='ltr'><strong>citra</strong></span> <span class='ocrx_word' id='word_1_754' title='bbox 2621 5724 2863 5793; x_wconf 83' lang='lat' dir='ltr'><strong>episcopi</strong></span> <span class='ocrx_word' id='word_1_755' title='bbox 2930 5723 3259 5778; x_wconf 85' lang='lat' dir='ltr'><strong>sententiam</strong></span> <span class='ocrx_word' id='word_1_756' title='bbox 3330 5722 3384 5779; x_wconf 91' lang='lat' dir='ltr'><strong>in</strong></span> <span class='ocrx_word' id='word_1_757' title='bbox 3436 5724 3582 5780; x_wconf 64' lang='lat' dir='ltr'><strong>acch</strong></span> 
     </span>
    </p>
   </div>
   <div class='ocr_carea' id='block_1_115' title="bbox 1986 5818 3580 5892">
    <p class='ocr_par' dir='ltr' id='par_1_115' title="bbox 1986 5818 3580 5892">
     <span class='ocr_line' id='line_1_115' title="bbox 1986 5818 3580 5892; baseline -0.004 -15"><span class='ocrx_word' id='word_1_758' title='bbox 1986 5823 2360 5892; x_wconf 76' lang='lat' dir='ltr'><strong>ingrtdicntes</strong></span> <span class='ocrx_word' id='word_1_759' title='bbox 2416 5821 2534 5874; x_wconf 83' lang='lat' dir='ltr'><strong>ausi</strong></span> <span class='ocrx_word' id='word_1_760' title='bbox 2597 5819 2795 5874; x_wconf 81' lang='lat' dir='ltr'><strong>fuerint</strong></span> <span class='ocrx_word' id='word_1_761' title='bbox 2884 5832 3038 5873; x_wconf 83' lang='lat' dir='ltr'><strong>sacra</strong></span> <span class='ocrx_word' id='word_1_762' title='bbox 3120 5818 3343 5883; x_wconf 77' lang='lat' dir='ltr'><strong>facere,</strong></span> <span class='ocrx_word' id='word_1_763' title='bbox 3426 5819 3580 5889; x_wconf 88' lang='lat' dir='ltr'><strong>ipsos</strong></span> 
     </span>
    </p>
   </div>
  </div>
