4054 6436
520 342 616 401 133

512 452 734 522 qutdem
816 447 1016 520 deponi
1042 490 1059 515 ,

577 634 763 687 Cauon
793 645 925 686 vero
958 629 1049 693 ts,
1084 628 1155 683 Ut
1192 627 1576 682 ltmreticorum
1607 624 1943 679 tisaniorum
1977 639 2090 691 ger-

406 698 429 735 "
508 726 677 790 tniua,
725 724 947 794 inquit,
985 735 1116 776 ense
1148 719 1324 775 sancti
1373 718 1613 787 Spiritus
1663 714 1928 770 radicitus
1999 729 2096 769 ex-

507 816 922 879 scindehantur,
940 814 1012 867 ita
1031 810 1507 866 schismaticorum
1528 808 1819 870 insaniam,
1838 821 1960 876 quae
1977 819 2098 860 cor-

508 923 612 977 pus
635 906 839 961 Christi
862 905 1107 959 dividere
1132 901 1336 968 studet,
1361 910 1577 956 nosmet
1599 901 1963 970 reprimentes
1985 905 2096 953 sta-

511 1000 737 1061 tuimus,
772 997 916 1066 quod
950 996 998 1049 si
1056 994 1183 1063 quis
1225 993 1512 1062 presbyter
1543 999 1637 1046 aut
1699 989 1965 1045 diaconus
2021 989 2090 1040 oh

509 1090 745 1144 crimina
775 1086 1047 1157 quaedam,
1110 1099 1232 1151 qua:
1270 1084 1337 1137 ad
1382 1082 1629 1136 carnales
1678 1080 1907 1135 allectus
1972 1092 2095 1148 per-

509 1185 707 1244 tinent,
743 1195 904 1233 suum
934 1178 1253 1247 episcopum
1280 1176 1569 1238 damnans,
1605 1175 1694 1241 qui
1750 1186 1879 1225 cum
1945 1168 2097 1222 oumi

511 1277 713 1345 pietate
760 1269 1165 1326 acinuocentia
1211 1267 1430 1326 vixerit,
1464 1265 1671 1317 directo
1711 1272 1901 1315 contra
1964 1274 2099 1329 apo-

514 1367 713 1421 stolico
758 1378 823 1416 ac
867 1375 1027 1415 sacro
1101 1373 1313 1412 canone
1361 1356 1668 1419 deﬁnitum,
1717 1366 1884 1408 ausus
1934 1352 2099 1404 fuerit

512 1470 542 1508 a
588 1451 973 1509 communione
1043 1449 1166 1518 ejus
1223 1446 1504 1510 secedere,
1557 1455 1684 1498 ante
1729 1443 2099 1512 cognitionem

514 1545 857 1617 synodicam,
898 1542 1123 1612 ejusque
1166 1555 1386 1604 nomen,
1419 1541 1638 1608 quando
1665 1550 1823 1591 sacra
1866 1533 2097 1604 peragit,

514 1655 628 1694 non
677 1635 905 1697 referat,
963 1638 1109 1689 hunc
1160 1632 1487 1702 depositioni
1572 1631 1773 1700 subjici
1822 1628 2097 1691 volumus,

515 1741 568 1785 et
608 1730 757 1785 omni
795 1725 1121 1783 sacerdotali
1159 1727 1366 1780 honore
1393 1725 1621 1794 privari.
1658 1722 1917 1777 Illicitum
1949 1719 2098 1774 enim

1668 327 2037 389 narrum
2082 317 2507 386 BLASTARIS
3664 316 3753 394 136

1146 442 1617 503 communicantes
1694 456 1824 497 vero
1913 455 2100 510 segre-

2209 456 2327 501 νους
2369 439 2467 507 μὲν
2529 433 2935 504 καθαιρεῖσθαι,
2989 432 3114 497 τοὺς
3163 432 3218 486 δὲ
3268 432 3754 501 συγκοινωνοῦντας

2202 530 2387 593 αὐτοῖς
2421 527 2805 598 ἀφορίζεσθαι.

2282 617 2342 671 '0
2371 619 2429 672 δέ
2466 624 2555 686 ιγ’,
2588 618 2804 686 Ὥσπερ
2833 617 2891 670 αἱ
2932 614 3043 668 τῶν
3072 614 3371 686 αίρετικῶν
3399 613 3651 680 ζιζανίων
3680 619 3762 670 ἐκ-

2201 712 2419 781 φύσεις,
2466 710 2625 779 φησι,
2661 709 2727 778 τῇ
2774 705 3026 776 μαχαίρᾳ
3075 705 3169 758 τοῦ
3221 705 3543 774 Πνεύματος
3596 706 3762 776 ῥίζαις

2198 803 2391 865 αὐταῖς
2419 800 2779 869 ἐξεκόπησαν,
2815 797 2959 850 οὕτω
2994 798 3090 849 καὶ
3133 797 3236 866 τὴν
3266 797 3376 849 τῶν
3400 799 3764 867 σχισματικών

2202 894 2428 963 μανίαν,
2454 894 2516 944 τὸ
2541 890 2641 943 τοῦ
2680 887 2921 959 Χριστοῦ
2964 889 3128 956 σῶμα
3171 886 3421 957 μερίζειν
3465 888 3765 957 ἐπιχειροῦο

2201 1002 2324 1050 σαν,
2365 985 2528 1055 ἡμεῖς
2588 980 3034 1042 ἀναστέλλοντες,
3081 978 3410 1049 δριζόμεθα,
3460 981 3557 1043 ώς,
3598 980 3650 1032 εί
3690 998 3764 1044 τις

2201 1075 2600 1144 πρεσϐύτερος,
2631 1073 2665 1143 ἢ
2716 1072 2991 1133 διάκονος,
3021 1068 3114 1121 ἐπί
3146 1086 3257 1123 τισι
3310 1070 3473 1139 δῆθεν
3502 1066 3804 1169 ἐγκλήμα-ςέ

2203 1185 2309 1229 σιν,
2340 1166 2377 1221 ἀ
2409 1168 2521 1220 τῶν
2577 1163 2860 1233 σαρκικῶν
2910 1161 3144 1231 ἐξῆπται
3177 1162 3394 1227 παθῶν,
3448 1163 3544 1215 τοῦ
3578 1163 3768 1216 οίκείου
3796 1161 3810 1178 ““

2205 1254 2576 1324 κατεγνωκὼς
2610 1257 2943 1315 ἐπισκόπου,
2977 1255 3162 1323 πάσης
3187 1254 3509 1316 δυσσεόείας
3537 1259 3629 1311 καὶ
3666 1256 3772 1309 ἀδί-

2202 1366 2301 1403 κου
2332 1349 2585 1419 πρέιξεως
2619 1347 2843 1417 ἔχοντος
2871 1347 2962 1399 τὸν
3002 1346 3118 1417 βίον
3145 1346 3210 1401 ἐκ
3249 1348 3570 1417 διαμέτρου,
3600 1347 3673 1411 ὡς
3700 1347 3773 1416 τῷ

2201 1441 2557 1512 ἀποστολικῷ
2588 1442 2684 1495 καὶ
2724 1439 2855 1510 θείῳ
2889 1440 3078 1493 κανόνι
3106 1439 3444 1509 διείληπται,
3479 1439 3775 1506 ἀποστῆναι

2200 1534 2299 1604 τῆς
2323 1533 2490 1587 αὑτοῦ
2521 1530 2814 1594 κοινωνίας
2857 1531 3155 1602 τολμήσειε
3188 1532 3313 1601 πρὸΔ
3347 1531 3633 1601 συνοδικῆς
3664 1532 3774 1584 δια-

2202 1626 2482 1695 γνώσεως,
2538 1628 2635 1681 καὶ
2660 1626 2817 1681 τοῦδε
2868 1627 2931 1680 τὸ
2962 1627 3137 1692 δνομα
3177 1625 3279 1694 τὴν
3320 1625 3472 1679 θείαν
3519 1622 3775 1679 ἐπιτελῶν

2206 1716 2608 1786 ίεροτελεστίαν
2652 1717 2728 1787 μὴ
2761 1717 3048 1785 ἀναφέροι,
3076 1715 3268 1770 τοῦτον
3299 1715 3628 1769 ὑποκεῖσθαι
3651 1714 3776 1769 καθ-

515 1830 600 1877 est
646 1822 892 1886 eumqui
929 1818 1197 1889 judicium
1234 1815 1778 1885 metropolitanorum
1833 1811 2100 1883 praeripit,

2209 1808 2420 1876 αιρέσει
2487 1806 2811 1877 κελεύομεν,
2861 1807 2959 1860 καὶ
3002 1808 3185 1878 πάσης
3220 1808 3506 1879 ἱερατικῆς
3550 1810 3776 1862 ἀποστεά

516 1920 644 1966 ante
670 1909 958 1980 judicium,
1008 1917 1272 1977 quantum
1331 1907 1398 1960 ad
1431 1905 1581 1959 illum
1624 1913 1857 1972 spectat,
1908 1902 2101 1955 adver-

517 2017 612 2055 sus
680 2010 889 2070 patrem
944 2013 1103 2052 suum
1175 2008 1340 2067 atque
1398 1997 1718 2065 episcopum
1778 1994 2095 2047 decernere.

519 2092 624 2146 Sed
665 2100 721 2146 et
747 2091 840 2161 qui
885 2105 1014 2145 eum
1056 2099 1383 2159 sequuntur,
1415 2089 1463 2142 si
1491 2087 1672 2142 clerici
1709 2086 1930 2151 fuerint,
1978 2098 2102 2138 eas-

516 2184 639 2236 dem
675 2195 871 2252 pmnas
923 2181 1134 2244 subire,
1167 2180 1251 2233 sin
1304 2193 1432 2232 vero
1489 2176 1767 2240 monachi,
1830 2184 1925 2227 aut
1952 2175 2100 2236 laici,

516 2288 627 2326 non
656 2280 867 2325 tantum
898 2269 1287 2325 commuttione
1328 2267 1553 2336 privari,
1580 2267 1674 2320 sed
1706 2265 1870 2319 etiam
1926 2268 2100 2317 ecc'e-

516 2365 600 2420 sia
652 2364 874 2434 penitus
925 2363 1145 2432 expelli,
1201 2361 1374 2416 donec
1431 2359 1897 2428 conspirationem
1967 2371 2093 2411 cum

518 2455 884 2510 schismaticis
916 2460 1259 2524 respuentes,
1291 2452 1360 2507 ad
1425 2452 1705 2522 proprium
1772 2452 2095 2520 cpiscOpum

517 2548 717 2603 reversi
778 2545 1002 2601 fuerint.

2208 1899 2424 1968 ρεῖσθαι
2454 1899 2641 1969 τιμῆς.
2664 1898 2951 1969 ’Δθέμιτον
2973 1899 3083 1970 γάρ
3114 1900 3214 1970 τὴν
3235 1900 3344 1953 τῶν
3371 1899 3777 1972 μητροπολιτῶν

2208 1990 2396 2058 κρίσιν
2453 1989 2792 2059 ἁρπάζοντα.
2832 1988 3217 2059 πρδκρίσεως.
3253 1991 3377 2044 ὅσον
3403 1990 3468 2043 τὸ
3499 1990 3586 2044 ἐπ’
3612 1990 3775 2060 αὐτῷ,

2209 2081 2306 2134 τοῦ
2340 2081 2546 2133 οἰκείου
2580 2080 2791 2149 πατρὸς
2819 2081 2916 2133 καὶ
2944 2058 3249 2135 ἐπισκάπου
3282 2082 3775 2153 καταψηφίζεσθαι.

2221 2172 2386 2225 ’Λλλά
2406 2172 2499 2225 καὶ
2527 2174 2656 2235 τοὺς
2683 2173 2986 2241 ἑπομένους
3011 2172 3185 2243 αὐτῷ,
3215 2173 3518 2244 κληρικοὺς
3544 2174 3640 2243 μὲν
3661 2188 3781 2239 τυγ-

2210 2264 2644 2332 χάνονταςλτοῖς
2675 2263 2857 2322 αὐτοῖς
2881 2263 3185 2330 ἐπιτιμίοις
3216 2263 3622 2318 ὑποδάλλεσθαι
3643 2279 3658 2294 ·
3692 2278 3781 2332 μο-

2208 2354 2407 2423 ναχοὺς
2438 2354 2518 2417 δὲ,
2555 2354 2588 2424 ἢ
2624 2352 2872 2417 λαῖκοὺς,
2903 2355 2979 2422 μὴ
3010 2355 3092 2407 δτι
3113 2354 3220 2418 τῆς
3246 2355 3401 2425 ίερᾶς
3428 2353 3778 2425 ἀφορίζεσῧαι

2205 2444 2495 2507 κοινωνίας
2520 2484 2536 2510 ,
2598 2430 2737 2498 ἀλλὰ
2785 2446 2881 2498 καὶ
2931 2445 3034 2517 τῆς
3089 2446 3392 2519 ἐκκλησίας
3443 2447 3781 2500 παντάπασιν

2201 2536 2546 2602 ἐξωθεῖσθαι,
2575 2537 2770 2608 μέχρις
2796 2538 2862 2591 ἀν
2909 2540 3011 2609 τὴν
3049 2539 3188 2610 πρὸς
3215 2540 3346 2603 τοὺς
3390 2538 3779 2610 σχισματικοὺς

519 2642 816 2710 συνάφειαν
846 2640 1267 2702 διαπτύσαντες,
1303 2638 1438 2710 πρὸς
1468 2638 1559 2691 τὸν
1619 2638 1821 2695 οἰκεῖον
1874 2631 2287 2704 ἐπιστραφῶσιν
2317 2632 2638 2686 ἐπίσκοπον.

564 2755 781 2810 'Canon
812 2769 981 2825 porro
1011 2754 1078 2809 ιι
1105 2753 1500 2824 depositionem
1528 2752 1692 2807 etiam
1738 2752 1978 2822 episcopi
1999 2751 2096 2807 de-

517 2847 717 2912 cernit,
752 2846 801 2902 si
834 2861 865 2900 a
897 2845 1289 2901 communione
1315 2845 1403 2899 sui
1435 2844 1836 2913 metropolitani
1887 2844 2102 2898 defece-

521 2941 614 3005 rit,
643 2947 740 2992 aut
787 2939 1129 2994 recusaverit
1174 2938 1231 2993 in
1272 2936 1457 2993 olticio
1527 2952 1687 2992 sacro
1743 2951 1947 2992 nomen
1979 2937 2102 3006 ejus

520 3031 747 3086 referre.

598 3121 736 3174 Tum
762 3130 937 3176 cando
970 3120 1038 3175 15
1077 3118 1224 3189 paris
1278 3119 1530 3175 criminis
1560 3119 1742 3190 arguit
1797 3120 1960 3175 etiam
1995 3136 2108 3174 nte-

522 3210 810 3281 tropolitas
834 3210 927 3280 qui
964 3226 994 3263 a
1025 3224 1126 3264 suo
1158 3211 1467 3280 patriarcha
1534 3210 1817 3265 recedunt.
1875 3209 2109 3264 Verum-

526 3313 732 3370 tamen,
756 3304 801 3358 si
849 3302 1153 3373 patriarcha
1211 3303 1519 3358 fortassean
1587 3310 1683 3355 aut
1740 3303 2108 3371 tnetropolita,

526 3395 625 3461 ait,
660 3406 754 3449 aut
801 3395 1101 3465 episcopus
1136 3394 1372 3448 haeresin
1442 3393 1682 3462 aliquam
1731 3409 1761 3446 a
1784 3393 1985 3447 sanctis
2011 3393 2111 3446 Pa-

532 3485 708 3539 trihus
737 3483 1050 3539 damnatam
1087 3482 1322 3552 publice,
1394 3492 1448 3537 et
1486 3490 1544 3536 ut
1595 3484 1670 3536 ita
1724 3483 1902 3537 dicam
1964 3484 2113 3538 nudo

524 3578 708 3647 capite
754 3575 1159 3646 praedicaverit,
1205 3575 1299 3645 qui
1352 3575 1727 3630 communioni
1790 3577 1909 3645 ejus
1953 3577 2114 3631 abre-

526 3670 802 3732 nuntiam,
861 3676 916 3722 ct
970 3668 1183 3737 seipsos
1236 3669 1614 3724 communiunt
1665 3668 1930 3724 adversus
1963 3685 2113 3734 eum,

528 3776 635 3812 non
678 3772 837 3826 poena
871 3760 1089 3827 dignus,
1125 3759 1221 3813 sed
1261 3757 1443 3828 potius
1488 3758 1719 3823 honore,
1777 3760 1870 3829 qui
1927 3764 2115 3813 ortho-

527 3851 687 3906 doxis
745 3850 1026 3917 competit,
1080 3850 1363 3904 habeatur.
1422 3850 1542 3904 Non
1592 3851 1739 3903 enim
1798 3852 2113 3920 episcOpos,

529 3941 627 3994 sed
688 3941 1150 4009 pseudepiscopos
1203 3947 1258 3992 et
1303 3938 1822 4008 pseudodidascalos
1892 3939 2116 3993 damna-

538 4039 687 4094 runt,
728 4045 905 4095 neque
951 4030 1009 4084 in
1043 4028 1339 4085 schismata
1380 4030 1640 4085 unitatem
1694 4031 1951 4085 Ecclesia:
1981 4047 2115 4086 con-

534 4120 838 4184 seiderunt,
934 4120 1031 4174 sed
1096 4134 1127 4172 a
1205 4119 1518 4175 sclt‘ismatis
1597 4129 1652 4176 et
1749 4123 2115 4179 divisionibus

534 4211 830 4291 Ecclesiam
860 4210 1093 4266 liberare
1180 4211 1526 4276 smduet‘unt,
1584 4225 1848 4284 quantum
1906 4215 1962 4270 itt
2036 4216 2116 4272 eis

534 4311 673 4357 erat.
747 4303 1117 4369 Quamobrem
1191 4313 1246 4358 et
1303 4320 1405 4359 nos
1480 4316 1629 4360 recte
1681 4307 1914 4364 facimus
1964 4309 2113 4378 quod

536 4398 976 4450 commuttionem
1048 4398 1248 4452 veteris
1304 4396 1491 4452 Romae
1553 4399 1864 4467 abnuimus,
1949 4401 2112 4456 etiam

538 4498 662 4541 ante
705 4488 1017 4558 synodalem
1049 4489 1416 4558 cognitionem
1454 4504 1517 4544 ac
1574 4491 1862 4559 judicium.

612 4670 796 4724 Conon
846 4678 1026 4724 autem
1076 4677 1263 4724 sextus
1301 4668 1493 4739 synodi
1527 4668 1858 4739 Gangrensis
1901 4670 1973 4736 ei,
2023 4671 2116 4741 qui

542 4760 837 4816 Ecclesiam
889 4767 1246 4814 contemnens
1279 4752 1529 4827 privatas‘
1575 4758 1866 4814 conciones
1926 4760 2113 4827 ,ltahct,

537 4866 702 4923 atque
748 4854 867 4908 sine
896 4852 1116 4905 licentia
1173 4851 1413 4919 episcopi
1489 4865 1647 4904 sacra
1711 4852 1969 4917 celebrat,
2038 4854 2120 4907 ul-

539 4952 735 4996 ttmum
771 4941 1100 5011 supplicium
1148 4941 1479 4995 denuntiat:
1513 4942 1644 5009 quid
1693 4942 1836 4996 enim
1903 4945 2115 5014 uspiam

537 5037 887 5090 anathemate
930 5034 1151 5103 gravius
1206 5041 1262 5085 et
1309 5032 1659 5087 terribilius?
1695 5033 1990 5090 Ecclesiam
2020 5052 2118 5091 au-

538 5139 643 5182 tem
682 5134 839 5180 vocat
898 5136 1006 5179 non
1078 5124 1377 5193 templum,
1438 5124 1532 5180 sed
1598 5137 1801 5181 coetum
1856 5128 2114 5184 ﬁdelium.

539 5217 822 5289 Templum
853 5216 999 5271 enim
1055 5215 1356 5270 secundum
1404 5226 1650 5273 sanctum
1704 5220 1971 5274 lsidorum
2017 5220 2118 5276 Pe-

537 5309 794 5362 lusiotam
843 5308 1063 5375 proprie
1128 5303 1586 5360 ecclesiasterium
1645 5310 1917 5377 appellare
1966 5307 2110 5375 licet,

539 5399 704 5454 sicuti
764 5395 1020 5466 θυμίαμα
1053 5394 1438 5466 θυμιατήριον,
1497 5407 1548 5453 et
1600 5398 1760 5452 θυσία
1807 5399 2108 5471 θυσιαστὴ-

539 5508 573 5564 (ι
580 5509 657 5545 ιον
664 5529 679 5544 .
1324 5544 1325 5547 η

612 5580 725 5633 lmo
778 5577 942 5632 etiam
992 5593 1169 5634 canon
1236 5578 1303 5635 10
1363 5581 1580 5635 concilii
1640 5581 2108 5654 Carthaginensis,

544 5667 919 5736 presbyterum
963 5666 1305 5736 depositione
1357 5672 1709 5736 mulctatum,
1767 5673 1812 5727 si
1837 5690 1903 5728 ex
1962 5674 2111 5730 inso-

544 5760 709 5816 lentia
732 5775 931 5815 novum
948 5760 1118 5818 altare
1146 5763 1432 5831 struxerit,
1456 5771 1509 5821 et
1536 5765 1786 5834 privatim
1817 5767 1929 5824 Deo
1951 5782 2110 5824 sacra

2293 2750 2353 2802 '0
2380 2749 2439 2803 δὲ
2483 2745 2546 2802 ιδ’
2572 2749 2893 2819 καθαίρεσιν
2926 2750 3022 2805 καὶ
3065 2750 3159 2804 τοῦ
3198 2751 3506 2807 ἐπισκόπου
3540 2753 3781 2823 καταψηι

2209 2840 2453 2907 φίζεται,
2484 2841 2533 2895 εί
2567 2842 2665 2911 τῆς
2693 2844 2983 2905 κοινωνίας
3004 2843 3095 2896 τοῦ
3129 2844 3263 2897 ίδίου
3291 2845 3652 2917 ἀποσχισθείη
3684 2860 3785 2914 μη·

2208 2933 2553 3003 τροπολίτου,
2589 2935 2728 3005 μηδὲ
2759 2934 3057 3006 ἀναφέρειν
3091 2937 3342 3008 ἀνέχοιτο
3371 2940 3431 2992 ἐν
3464 2942 3583 3003 ταῖς
3616 2938 3782 3011 ἱεραῖς

2209 3025 2455 3090 τελεταῖς
2485 3027 2547 3079 τὸ
2581 3026 2749 3080 αὐτοῦ
2787 3029 2980 3100 ὄνομα.

2296 3116 2357 3172 Ὀ
2377 3118 2432 3172 δὲ
2468 3118 2530 3171 ιε’
2588 3119 2696 3172 τῶν
2741 3121 2921 3175 αὐτῶν
2946 3120 3187 3197 εὐθυνῶν
3213 3123 3310 3176 καὶ
3354 3126 3471 3190 τοῖς
3513 3132 3782 3198 μητροπο-

2213 3207 2391 3273 λίταις
2420 3210 2669 3279 τιμᾶται,
2698 3213 2811 3276 τοῖς
2847 3212 3308 3284 ἀποσχιζομένοις
3335 3215 3434 3270 τοῦ
3490 3219 3640 3289 σφῶν
3682 3234 3782 3270 πα-

2214 3302 2501 3373 τριάρχου.
2552 3300 2617 3355 El
2646 3304 2692 3356 δ’
2738 3307 2765 3357 ὁ
2806 3308 3160 3377 πατριάρχης
3214 3309 3404 3379 τυχὸν,
3461 3313 3649 3382 φησιν,
3689 3311 3721 3380 ἢ
3758 3310 3784 3362 ὁ

2219 3392 2649 3463 μητροπολίτης,
2690 3394 2722 3465 ἧ
2772 3395 2801 3447 ὁ
2844 3397 3168 3465 ἐπίσκοπος,
3219 3401 3539 3472 οἱανδήτινα
3580 3403 3784 3473 αἵρεσιν

2217 3484 2355 3555 πρὸς
2389 3484 2499 3537 τῶν
2527 3484 2689 3538 θείων
2723 3490 3196 3561 κατηγνωσμένην
3242 3493 3534 3564 Πατέρων,
3561 3495 3786 3565 δημοσίᾳ

2215 3576 2312 3630 καὶ
2337 3580 2542 3648 γυμνῇ,
2577 3579 2767 3647 φάναι,
2806 3581 3057 3655 κηρύττῃ
3102 3587 3169 3656 τῇ
3208 3585 3444 3655 κεφαλῇ,
3487 3589 3538 3641 oi
3570 3588 3668 3659 τῆς
3699 3589 3788 3641 αὺ-

2212 3668 2309 3722 τοῦ
2342 3672 2630 3735 κοινωνίας
2666 3673 3245 3747 ἀποδιαστελλόμενοι,
3272 3677 3367 3729 καὶ
3405 3679 3784 3752 ἀποτειχίζον-

2214 3778 2304 3824 τες
2332 3763 2581 3848 ἑαυτοὺς,
2618 3767 2694 3836 μὴ
2725 3766 2809 3818 ὅτι
2839 3765 3143 3833 κολάσεως,
3179 3769 3318 3824 ἀλλά
3361 3772 3461 3825 καὶ
3491 3774 3591 3845 τῆς
3621 3788 3785 3843 προσ‹

2216 3857 2462 3926 ηκούσης
2490 3858 2604 3920 τοῖς
2650 3857 2963 3929 ὀρθοδόξοις
2996 3859 3304 3926 ἀξιούσθων
3339 3867 3533 3936 τιμῆς.
3581 3866 3654 3919 Οὐ
3684 3864 3787 3936 γὰρ

2217 3948 2558 4015 ἐπισκόπων,
2596 3949 2731 4005 ἀλλὰ
2766 3951 3224 4020 ψευδεπισκόπων
3251 3958 3345 4009 καί
3375 3954 3790 4025 ψευδοδιδασκά-

2216 4037 2322 4091 λων
2351 4042 2728 4108 κατέγνωσαν,
2767 4044 2858 4096 καὶ
2888 4045 2990 4097 οὐκ
3032 4046 3113 4108 είς
3149 4047 3431 4116 σχίσματα
3475 4051 3575 4118 τὴν
3601 4051 3788 4103 ἕνωσιν

2217 4129 2315 4199 τῆς
2369 4130 2701 4202 Ἐκκλησίας
2759 4135 3084 4204 κατέτεμον,
3138 4137 3274 4191 ἀλλά
3331 4142 3651 4210 σχισμάτων
3698 4140 3788 4194 καὶ

2221 4220 2509 4291 μερισμῶν
2542 4224 2642 4291 τὴν
2684 4223 3017 4293 Ἐκκλησίαν
3040 4226 3385 4282 ἐσπούδασαν
3413 4231 3708 4299 ῥύσασθαι,
3733 4230 3789 4282 τό

2217 4327 2281 4380 γε
2314 4314 2391 4374 είς
2421 4312 2618 4375 αὐτοὺς
2652 4308 2809 4383 ἧκον.
2839 4315 2939 4367 Διά
2971 4316 3128 4369 τοῦτο
3158 4320 3251 4369 καὶ
3293 4319 3457 4388 ἡμεῖς
3493 4320 3556 4373 εὖ
3585 4319 3791 4373 ποιοῦνο

2216 4417 2346 4467 τες,
2387 4403 2485 4473 τὴν
2532 4407 2631 4475 τῆς
2695 4406 2932 4468 παλαιᾶς
3008 4406 3225 4477 Ῥώμης
3278 4410 3641 4483 ἀπειπάμεθα
3682 4428 3790 4466 κοι-

2143 4506 2189 4563 ι)
2218 4494 2440 4559 γωνίαν,
2470 4496 2566 4547 καὶ
2619 4498 2724 4565 πρό
2752 4513 2816 4565 γε
2850 4496 3135 4568 συνοδικῆς
3174 4499 3500 4572 διαγνώμης
3551 4506 3646 4557 καὶ
3675 4502 3788 4573 κρί-

2219 4599 2376 4647 σεως.

2297 4678 2357 4730 '0
2383 4677 2441 4730 δὲ
2467 4684 2522 4741 ς’
2558 4678 2658 4744 τῆς
2698 4680 2756 4732 ἐν
2786 4679 3014 4751 reﬂ-{3;
3053 4682 3271 4735 συνόδου
3316 4682 3503 4738 κανὼν
3560 4682 3637 4755 τῷ
3668 4681 3790 4751 περὶ⁴

2216 4770 2500 4839 ἐλαχίστου
2521 4773 2793 4844 τιθεμένῳ
2819 4773 2917 4845 τὴν
2946 4775 3298 4848 Ἐκκλησίαν,
3329 4778 3423 4832 καὶ
3456 4781 3563 4848 ἰδίᾳ
3599 4778 3790 4847 ἐκκλη-

2222 4860 2487 4927 σιάζοντι,
2518 4862 2614 4914 καὶ
2664 4863 2819 4934 παρὰ
2844 4866 3072 4936 γνώμην
3104 4868 3485 4938 ίερουργοῦντι
3529 4871 3624 4923 τοῦ
3676 4872 3788 4922 ἐπιη

2222 4951 2453 5019 σκόπου,
2509 4953 2622 5007 τῶν
2668 4956 2915 5025 ἐσχάτων
2982 4959 3149 5027 τιμᾷν
3199 4958 3343 5024 ἀξιοῖ
3375 4976 3391 4991 ⁶
3447 4963 3502 5015 τί
3532 4962 3641 5033 γάρ
3698 4957 3786 5013 τοῦ

2218 5047 2561 5118 ἀναθέματος
2606 5049 2983 5120 ἐσχατώτερόν
3044 5069 3103 5104 τε
3161 5055 3256 5109 καὶ
3317 5056 3784 5125 φρικωδέστερονς

2228 5136 2558 5204 Ἐκκλησίαν
2607 5139 2666 5193 δὲ
2720 5140 2781 5193 οὐ
2813 5140 2905 5194 τὸν
2950 5142 3110 5209 νεὼν,
3157 5143 3296 5198 ἀλλά
3331 5145 3394 5198 τὸ
3435 5146 3546 5200 τῶν
3582 5145 3785 5199 πιστῶν

2215 5246 2349 5298 φησι
2377 5231 2652 5301 πλήρωμα
2681 5249 2693 5264 ⁸
2724 5234 2752 5285 ὁ
2780 5234 2891 5305 γὰρ
2920 5234 3076 5301 νεὼς,
3107 5237 3249 5291 κατά
3275 5238 3367 5291 τὸν
3397 5237 3784 5308 Πηλουσιώτην

2217 5321 2373 5390 ἅγιον
2389 5322 2682 5392 Ἰσίδωρον,
2711 5324 3209 5397 ἐκκλησιαστήριον
3234 5331 3305 5383 ἂν
3324 5331 3531 5400 κυρίως
3554 5330 3784 5395 λέγοιτο,

2216 5412 2291 5475 ὡς
2364 5413 2619 5484 θυμίαμα
2695 5420 3057 5487 θυμιατήριον
3122 5420 3217 5473 καὶ
3273 5420 3438 5474 θυσία
3495 5421 3786 5489 θυσιαστή-

2221 5518 2358 5570 ριον.

2297 5592 2456 5647 Ἀλλά
2480 5598 2575 5648 καὶ
2607 5597 2634 5649 ὁ
2664 5602 2695 5649 ι’
2743 5598 2843 5668 τῆς
2868 5601 2927 5652 ἐν
2977 5599 3332 5674 Καρθαγένῃ,
3365 5604 3457 5657 τὸν
3495 5602 3784 5674 ἀφορισμῷ

2214 5686 2607 5755 ἐπιτιμηθέντα
2642 5690 3038 5768 πρεσσύτερον,
3068 5694 3115 5745 εἰ
3155 5694 3215 5760 ἐξ
3242 5697 3501 5759 ἀπονοίας
3532 5699 3653 5750 νέον
3683 5697 3785 5762 πή-

2214 5776 2309 5841 ξας
2354 5778 2765 5853 θυσιαστήριον,
2810 5783 2945 5856 ἰδίαν
2975 5785 3050 5855 τῷ
3094 5785 3214 5858 Θεῷ
3257 5789 3572 5860 ἱερουργίαν
3622 5803 3785 5859 πρεσ-
