4054 6434
277 365 368 425 ιζιῑ

1250 364 1664 423 SYNTAGMA
1703 364 2327 429 ALPI’IABETICUM.
2373 393 2443 403 -·
2484 364 2548 417 Τ-

3438 374 3538 435 133

269 477 445 547 φέρει,
483 473 560 545 τῷ
586 471 890 545 ἁναθέματι
924 474 1316 545 παραπέμπει,
1347 473 1437 530 οἷα
1462 476 1559 548 τὴν
1584 476 1685 547 τῆς
1719 478 1842 530 Ἐκ-

1964 476 2161 543 fecerit,
2215 480 2563 535 anathemate
2620 478 2772 545 ferit,
2834 490 3091 552 tanquam
3158 496 3539 554 corruptorem

269 568 495 640 κλησίας
538 567 726 621 πίστιν
772 568 868 622 καὶ
902 569 1242 623 κατάστασιν
1287 570 1713 640 λυμαινόμενον,
1754 572 1850 626 καλ⁸

270 659 709 733 βλασφημεῖσθαι
754 661 960 732 ταύτην
1017 661 1518 733 παρασκευάζοντα
1559 663 1697 734 πρὸς
1740 664 1850 717 τῶν

268 753 367 822 τῆς
426 751 687 822 ἀληθείας
722 751 955 818 ἐχθρῶν.
994 751 1216 821 Πρῶτον
1269 752 1366 821 μὲν
1411 751 1521 822 γὰρ
1564 768 1851 822 παραγγε-

269 844 406 907 λίαις
457 844 750 914 πειρᾶσθαι
786 843 868 897 δεῖ
922 843 1051 906 τοὺς
1101 842 1172 895 τὰ
1224 843 1505 913 σχίσματα.
1555 843 1850 907 ποιοῦντας

270 936 562 1004 ἐπανάγειν
599 935 732 1005 πρὸς
778 938 879 1005 τὴν
906 935 1168 1005 ὁμόνοιαν
1194 950 1206 965 ·
1244 935 1320 1006 μὴ
1371 935 1736 1005 πειθομένους
1768 934 1849 1001 δὲ,

271 1029 552 1100 καθαιρεῖν
576 1028 609 1099 ἢ
634 1028 922 1099 ἀφορίζειν
949 1044 962 1057 ·
988 1027 1040 1081 εί
1060 1026 1118 1080 δὲ
1142 1029 1238 1080 καὶ
1258 1026 1405 1081 οὕτω
1432 1028 1644 1098 μένοιεν
1673 1028 1850 1080 ἀπαυ-

271 1122 669 1192 θαδιαζόμενοι,
701 1123 793 1175 καὶ
823 1121 1231 1186 στασιάζοντες,
1267 1120 1589 1176 ὑποτιθέναι
1619 1121 1850 1185 τούτους

269 1214 345 1285 τῷ
379 1214 698 1282 ἀναθέματι,
730 1213 822 1266 καὶ
850 1213 927 1275 ὡς
961 1214 1236 1284 σεσηπότα
1274 1213 1413 1284 μέλη
1445 1213 1541 1267 τοῦ
1572 1214 1851 1282 ὑγιαίνον-

268 1325 357 1370 τος
391 1307 643 1375 σώματος
672 1306 770 1377 τῆς
816 1305 1143 1380 Ἐκκλησίας
1185 1306 1499 1376 ἐκτέμνειν.

338 1401 418 1453 Τὰ
448 1399 588 1454 αὐτὰ
637 1402 731 1453 καὶ
774 1400 803 1452 ὁ
838 1406 905 1452 ια’
955 1400 1359 1468 ἀποφαίνεται·
1408 1399 1513 1452 Τὸν
1565 1417 1850 1470 καταγνω-

270 1494 463 1548 σθέντα
493 1494 629 1566 πρὸς
675 1491 769 1546 τοῦ
808 1494 941 1547 ἰδίου
978 1495 1284 1548 ἐπισκόπου
1336 1495 1738 1566 πρεσϐύτερον,
1771 1496 1846 1559 ὡς

270 1584 346 1657 μὴ
377 1585 555 1648 καλῶς
586 1585 830 1655 βιοῦντα,
862 1587 1262 1658 προσαγγεῖλαι
1292 1588 1373 1640 δεῖ
1410 1590 1523 1652 τοῖς
1568 1590 1847 1657 γειτνιῶσι

266 1680 375 1731 τῶν
402 1678 733 1744 ἐπισκόπων,
763 1676 838 1740 ὡς
872 1677 937 1731 ἂν
972 1678 1053 1741 ,δι’
1087 1668 1325 1731 ἐκείνων
1347 1678 1425 1747 τῷ
1470 1679 1587 1749 ἰδίῳ
1632 1679 1848 1733 διαλλα-

268 1772 419 1840 γείη·
458 1773 504 1823 εί
534 1772 589 1823 δέ
619 1770 939 1838 φυσιωθεὶς,
969 1772 1334 1842 ἀποσχισθείη
1368 1771 1471 1841 μὲν
1496 1772 1588 1826 τοῦ
1622 1772 1847 1826 ἐπισκό-

268 1881 390 1928 που,
420 1864 523 1935 ἰδίᾳ
548 1864 601 1916 δὲ
636 1866 939 1935 ἱερουργεῖν
972 1864 1287 1935 βουληθείη,
1315 1866 1377 1918 ού
1412 1865 1574 1935 μόνον
1599 1866 1691 1920 τὸν
1723 1867 1853 1920 ἴδιον

267 1956 518 2011 ἀπολέσει
546 1956 773 2027 βαθμὸν,
811 1956 951 2010 ἀλλὰ
980 1959 1078 2011 καί
1105 1957 1359 2024 ἀνάθεμα
1390 1959 1566 2012 ἔσται.
1608 1954 1730 2029 Χρὴ
1755 1959 1811 2012 δὲ
1832 1998 1849 2023 ,

271 2051 419 2119 φησὶ,
459 2052 699 2113 σκοπεῖν,
737 2050 812 2120 μὴ
846 2050 955 2122 ἄρα
986 2050 1213 2114 δικαίως
1243 2050 1336 2103 τὸν
1373 2050 1505 2103 ἴδιον
1549 2052 1854 2104 ἐπίσκοπον

270 2147 298 2196 ὁ
326 2144 580 2214 κληρικὸς
614 2143 922 2215 αίτιῷτο,ῆ
970 2143 1265 2198 ἀδικοῦντα.
1311 2144 1534 2215 βλέπων
1588 2147 1777 2212 αὐτὸν,
1817 2147 1850 2217 ἢ

273 2237 348 2304 τῷ
373 2237 513 2307 ὀρθῷ
554 2234 976 2306 ἐναντιούμενον
1007 2237 1266 2307 δόγματι,
1304 2240 1398 2292 καὶ
1426 2239 1528 2292 ούκ
1558 2238 1664 2306 ἔξω
1690 2240 1853 2306 λόγου

273 2327 367 2401 τὴν
396 2330 558 2386 αὐτοῦ
584 2330 872 2386 κοινωνίαν
905 2328 1167 2386 ἐκκλίνοι.

346 2510 501 2581 Ζήτει
526 2509 586 2561 ἐν
617 2524 696 2578 τῳ
730 2506 775 2578 β’
821 2523 947 2577 κεφ.
993 2505 1089 2561 τοῦ
1140 2507 1185 2563 Α
1222 2508 1490 2578 στοιχείου
1542 2509 1743 2567 κανόνα
1774 2511 1853 2578 λγο

268 2607 367 2673 τῆς
395 2604 452 2656 ἐν
475 2598 765 2673 Λαοδικείᾳ
798 2600 1046 2664 συνόδου,
1072 2599 1170 2654 καὶ
1197 2600 1257 2653 τὸ
1282 2607 1330 2655 κ’
1358 2601 1657 2671 κεφάλαιον
1681 2604 1777 2658 τοῦ
1807 2606 1857 2660 Κ

174 2692 183 2695 Α
270 2698 560 2771 στοιχείου.

352 2792 418 2845 Ἦ
470 2792 529 2846 δὲ
593 2789 934 2862 πολύστομος
981 2791 1083 2864 τῆς
1125 2789 1459 2862 Ἐκκλησίας
1518 2788 1780 2859 σάλπιγξ,
1828 2790 1857 2844 ὁ

273 2884 544 2953 μακάριος
574 2882 770 2953 τῳόντι
800 2883 1217 2954 Χρυσόστομος,
1245 2882 1355 2955 τὴν
1380 2881 1522 2955 πρὸς
1571 2882 1858 2951 Ἐφεσίους

274 2973 595 3047 ἑρμηνεύων
644 2974 987 3047 Ἐπιστολὴν,
1034 2978 1135 3031 κάν
1172 2975 1250 3048 τῷ
1300 2981 1369 3033 ια’
1401 2976 1503 3046 τῆς
1556 2976 1857 3048 ἑρμηνείας

275 3068 439 3139 λόγῳ,
471 3070 600 3138 περὶ
625 3067 738 3121 τῶν
773 3068 842 3123 τὰ
878 3069 1158 3141 σχίσματα
1197 3068 1505 3124 ποιούντων
1534 3068 1857 3142 διαλεγόμε-

1954 568 2079 624 fidei
2112 580 2275 641 atque
2305 572 2713 629 constitutionis
2756 575 3167 641 ecclesiasticae,
3198 588 3253 633 et
3306 581 3539 635 studen-

1954 671 2060 717 tem
2092 662 2240 717 illam
2274 667 2609 736 contemptui
2637 683 2914 737 exponere
2973 671 3214 727 hostium
3269 673 3541 730 veritatis.

1952 751 2197 807 Primum
2237 754 2457 825 quidem
2503 758 2980 816 exhortationibus
3008 778 3146 833 opus
3192 774 3296 829 est,
3331 777 3389 820 ut
3445 783 3543 821 co-

1952 859 2147 900 nemur
2181 846 2349 902 hosce
2382 848 2473 918 qui
2534 847 2699 925 234
2745 852 3065 920 schismata,
3118 855 3328 912 faciunt
3383 861 3547 915 redu-

1954 952 2082 993 cere
2135 938 2201 993 ad
2256 940 2722 1011 conformitatem,
2780 946 3156 1004 inobedientes
3214 960 3392 1007 tamen
3450 968 3543 1007 aut

1952 1030 2251 1100 deponere,
2303 1042 2399 1087 aut
2460 1038 2960 1092 excommunicare.
3000 1039 3096 1095 Sin
3169 1058 3295 1098 vero
3362 1046 3543 1099 adhuc

1952 1125 2355 1192 permanserint
2407 1127 2691 1192 obstinati,
2718 1110 2799 1185 'ac
2859 1132 3180 1189 seditionem
3238 1150 3541 1202 moventes,

1951 1215 2285 1269 anathemati
2320 1215 2469 1284 ipsos
2521 1219 2817 1287 subjicere.
2876 1230 2930 1275 et
2985 1231 3246 1293 tanquam
3296 1230 3540 1284 membra

1951 1319 2210 1375 corrupta
2260 1322 2291 1363 e
2316 1323 2550 1383 corpore
2590 1312 2852 1368 Ecclesia:
2886 1316 3225 1372 rescindere.

2026 1396 2224 1451 Eadem
2272 1401 2436 1455 etiam
2489 1408 2686 1459 asserit
2715 1415 2770 1460 et
2822 1406 2877 1459 fi
2914 1421 3090 1462 canon
3120 1430 3134 1463 :
3160 1408 3544 1479 Presbyterum

1951 1503 1981 1541 a
2033 1504 2134 1543 suo
2183 1491 2446 1562 episcopo
2492 1493 2838 1562 damnatum,
2895 1509 3153 1569 tanquam
3182 1504 3323 1559 male
3356 1506 3548 1561 viven-

1957 1588 2088 1646 tem,
2157 1582 2483 1641 denuntiare
2547 1597 2766 1655 Oportet
2829 1590 3104 1662 episc0pis
3178 1595 3415 1661 vicinis,
3487 1608 3549 1654 ut

1950 1687 2139 1727 eorum
2218 1677 2393 1746 gratia
2448 1694 2550 1732 suo
2622 1680 2883 1754 episcopo
2955 1686 3366 1745 reconcilietur.
3448 1690 3545 1748 Sin

1958 1778 2087 1819 vero
2134 1768 2390 1831 superbia
2421 1770 2596 1827 elatus
2632 1788 2751 1837 sese
2780 1784 3000 1844 separet
3052 1776 3124 1832 ab
3181 1781 3458 1852 episcopo,
3485 1794 3540 1838 et.

1959 1860 2217 1928 privatim
2259 1863 2541 1918 celebrare
2568 1866 2718 1931 velit,
2767 1883 2876 1922 non
2904 1869 3083 1924 solum
3117 1873 3346 1942 gradum
3377 1891 3539 1931 suum

1959 1940 2196 2017 amittet,
2234 1954 2329 2009 sed
2362 1956 2528 2011 etiam
2559 1960 2849 2014 anathema
2885 1961 3012 2015 erit.
3071 1940 3301 2035 oportet
3352 1978 3538 2023 autem

1958 2041 2254 2112 dispicere,
2331 2047 2431 2106 ait.
2492 2063 2624 2102 num
2709 2051 2905 2106 merito
2987 2053 3307 2127 episcopum
3385 2074 3550 2115 suum

1960 2135 2198 2192 clericus
2229 2148 2469 2205 accuset,
2500 2141 2752 2197 videlicet
2804 2153 2899 2197 aut
2953 2145 3160 2216 injuste
3222 2148 3547 2219 facientem,

1961 2240 2057 2284 aut
2094 2240 2287 2286 contra
2342 2242 2543 2287 rectam
2589 2234 2895 2291 doctrinam
2952 2251 3290 2309 pugnantem
3330 2245 3546 2311 viderit,

1959 2331 2014 2376 et
2069 2336 2179 2376 non
2210 2324 2328 2377 sine
2361 2325 2571 2379 ratione
2623 2328 3075 2383 communionem
3101 2329 3220 2400 ejus
3264 2330 3549 2388 declinan-

1968 2423 2099 2469 tem.

2032 2504 2225 2570 Quaare
2262 2504 2317 2559 in
2352 2520 2470 2578 cap.
2518 2506 2668 2562 21ῑι.
2720 2510 2764 2561 Α
2815 2524 2942 2566 can.
2974 2510 3044 2567 53
3095 2514 3288 2586 synodi
3354 2513 3552 2573 Laodi-

1961 2612 2135 2663 cenae,
2186 2608 2240 2654 et
2293 2614 2414 2669 cap.
2462 2598 2532 2653 20
2566 2601 2646 2655 lit.
2685 2600 2749 2658 Κ.
2832 2634 2833 2637 η

2032 2783 2322 2839 Multisona
2357 2794 2536 2842 autem
2580 2787 2839 2845 Ecclesiae
2885 2790 3015 2846 tuba
3084 2803 3140 2851 et
3187 2810 3315 2851 vere
3380 2797 3557 2868 Chry-

1962 2889 2260 2940 sostomus,
2314 2876 2613 2948 Epistolam
2669 2881 2735 2935 ad
2802 2883 3072 2954 Ephesios
3138 2890 3446 2958 esplicans,
3495 2903 3554 2947 et

1964 2971 2017 3025 in
2092 2973 2146 3025 ll
2223 2972 2597 3041 Expositionis
2686 2993 2801 3032 suae
2886 2995 3141 3036 sermone
3192 2984 3260 3039 de
3311 2984 3379 3039 iis
3456 2987 3552 3055 qui

1961 3063 2255 3119 schismata
2316 3064 2525 3122 faciunt
2597 3056 2900 3137 disserens,
2984 3071 3075 3126 Vir
3123 3059 3347 3144 quidam
3426 3094 3556 3133 sano

274 3177 390 3226 νος,
432 3162 595 3233 Ἀνήρ
653 3179 739 3225 τις
802 3161 986 3229 ἅγιος,
1046 3164 1240 3234 φησὶν,
1303 3162 1552 3235 εἴρηκεν,
1599 3163 1683 3218 ὅτι
1728 3164 1853 3218 οὐδὲ

1964 3165 2103 3223 ctus,
2143 3158 2343 3228 inquit,
2403 3175 2582 3231 neque
2662 3166 2904 3235 martyrii
2974 3168 3296 3237 sanguinem
3350 3184 3552 3237 pecca-

279 3255 579 3325 μαρτυρίου
631 3250 770 3324 αἷμα
797 3252 1109 3323 ἐξαλείφειν
1159 3253 1389 3309 δύναται
1427 3254 1529 3327 τὴν
1577 3255 1853 3326 ἁμαρτίαν

1964 3260 2079 3303 tum
2113 3249 2246 3305 illud
2294 3253 2503 3310 diluere
2560 3269 2720 3323 posse
2798 3259 2958 3315 dixit.
3012 3259 3077 3314 Et
3129 3261 3188 3318 in
3251 3262 3430 3333 capite
3484 3265 3555 3320 65

273 3346 501 3418 ταύτην.
543 3346 630 3400 Ἐν
659 3344 715 3398 δὲ
742 3344 821 3416 τῷ
853 3342 924 3412 ξε¹
957 3345 1060 3414 τῆς
1086 3346 1256 3414 αὐτῆς
1292 3346 1608 3417 κεφαλαίῳ,
1640 3346 1737 3402 τοῦ
1776 3347 1853 3412 είς

1964 3342 2210 3411 ejusdem
2279 3343 2669 3415 EXPOsiliOlliS,
2738 3349 3039 3407 Ecclesiam
3103 3356 3358 3411 scindere
3416 3357 3557 3413 nihil

278 3441 488 3511 αἵρεσιν
526 3441 811 3510 ἐμπεσεῖν,
845 3439 908 3492 τὸ
935 3440 1036 3509 τὴν
1084 3438 1419 3510 Ἐκκλησίαν
1452 3439 1662 3511 σχίσαι,
1701 3439 1853 3494 οὐδὲν

1964 3436 2146 3488 minus
2182 3435 2383 3491 malum
2418 3448 2643 3507 prtestat
2675 3457 2837 3511 quam
2887 3443 2942 3497 in
2980 3444 3215 3501 ltwresin
3242 3448 3375 3503 labi.
3404 3449 3559 3505 Nihil

279 3532 499 3588 ἐλαττον
530 3530 699 3585 κακὸν
730 3530 1007 3585 δείκνυσιν
1033 3547 1048 3563 ·
1077 3531 1235 3584 οὐδὲν
1258 3531 1317 3584 δὲ
1343 3526 1457 3585 οἷον
1486 3534 1582 3586 καὶ
1608 3532 1710 3605 τὴν
1733 3533 1853 3585 ἐπι-

1964 3523 2126 3577 etiam
2185 3534 2334 3582 vetat
2383 3531 2681 3597 quominus
2735 3537 3177 3604 praecedentibus
3227 3541 3557 3609 adjiciamus

288 3624 470 3696 στολὴν
510 3624 806 3696 ἐνάριθμον
830 3624 1005 3678 θεῖναι
1034 3626 1145 3688 τοῖς
1173 3624 1437 3693 φθάσασι,
1468 3622 1566 3678 τοῦ
1594 3627 1653 3676 ἐν
1676 3624 1853 3693 ἁγίοις

1965 3613 2263 3683 Eptstolam
2296 3618 2440 3672 beati
2480 3618 2720 3691 Dionysii
2772 3626 3015 3696 episc0pi
3082 3630 3438 3687 Alexandrini
3491 3649 3559 3689 ac

282 3717 550 3771 Διονυσίου
597 3714 1009 3787 Ἀλεξανδρείας
1036 3716 1133 3770 καὶ
1169 3716 1470 3787 μάρτυρος,
1493 3717 1561 3788 ἢν
1598 3716 1739 3788 πρὸς
1763 3717 1853 3773 τὸν

1969 3708 2253 3779 martyris,
2310 3725 2476 3779 quam
2530 3717 2597 3767 ad
2634 3713 2905 3774 Novatum
2938 3722 3127 3778 Romae.
3168 3724 3556 3796 presbyterum

276 3810 525 3864 Ναυάτον
556 3810 837 3880 πέπομφε,
884 3809 1107 3880 Ῥώμης
1146 3810 1278 3863 ὄντα
1312 3809 1710 3881 πρεσϐύτερον.
1965 3798 2138 3854 ηιίεὶι.

287 3927 613 3994 Ἐπιστολὴ
668 3927 993 3982 Διονυσίου
1043 3928 1194 3994 πρὸς
1244 3926 1559 3993 Ναυὰτον,
1628 3927 1858 3997 Ῥώμης
2037 3911 2285 3985 Ερὶδιοία

2379 3921 2635 4004 Βὶωρμὶὲ
2694 3924 2764 3977 ad
2854 3924 3122 3983 Novatum
3195 3931 3557 4004 presbyterum

852 4001 1285 4067 πρεσϐύτερον.

2501 3994 2827 4053 Romanum.

348 4090 621 4154 Διονύσιος
651 4088 892 4159 Ναυάτῳ
940 4089 1157 4162 ἁδελφῴ
1204 4090 1438 4161 χαίρειν.
1473 4092 1534 4144 Εἰ
1580 4090 1751 4154 ἄκων,
1782 4090 1853 4154 ὡς

2035 4091 2329 4163 Dionysius
2357 4090 2566 4147 Novato
2610 4090 2767 4146 fratri
2812 4093 3071 4148 salutem.
3103 4095 3161 4151 Si
3200 4096 3365 4153 modo
3406 4113 3553 4170 aegre

278 4181 406 4251 φὴς.
446 4180 641 4252 ἢχθης.
691 4181 910 4248 δείξεις.
969 4181 1066 4237 ἐὰν
1112 4183 1481 4255 ἀναχωρήσῃς
1528 4184 1704 4237 ἑκὼν·
1749 4182 1853 4236 ἔδει

1964 4186 2158 4249 tulisti,
2184 4194 2242 4239 ut
2267 4185 2428 4251 dicis,
2460 4186 2890 4253 promotionem,
2927 4194 3121 4256 sponte
3157 4191 3466 4245 recedendo
3500 4193 3555 4247 id

280 4276 380 4344 μὲν
409 4276 519 4343 γὰρ
549 4274 642 4326 καὶ
671 4276 781 4328 πᾶν
814 4272 998 4327 ὁτιοῦν
1037 4274 1234 4327 παθεῖν
1260 4275 1405 4346 ὑπὲρ
1433 4272 1529 4327 τοῦ
1563 4275 1640 4346 μὴ
1668 4275 1853 4329 διακό-

1964 4277 2143 4347 ipsum
2172 4274 2450 4330 ostendes.
2481 4274 2738 4343 Oportuit
2789 4277 2935 4329 enim
2980 4286 3036 4331 et
3086 4279 3323 4345 quodvis
3371 4282 3556 4349 petitis

272 4371 374 4438 ψαι
401 4368 500 4440 τὴν
534 4367 861 4438 Ἐκκλησίαν
882 4367 979 4421 τοῦ
1011 4366 1149 4424 Θεοῦ
1175 4383 1189 4396 ·
1225 4369 1319 4425 καὶ
1341 4362 1410 4439 ἦν
1432 4369 1531 4421 οὐκ
1562 4365 1853 4436 ἀδοξοτέρα

1964 4368 2196 4437 perpeti,
2237 4382 2401 4437 quam
2438 4368 2751 4423 discindere
2789 4366 3091 4423 Ecclesium
3147 4369 3238 4424 Dei
3288 4389 3303 4426 :
3375 4389 3555 4443 neque

274 4462 372 4530 τῆς
426 4461 613 4512 ἕνεκεν
656 4459 753 4512 τοῦ
805 4460 881 4530 μὴ
934 4459 1402 4529 εἰδωλολατρῆσαι
1456 4460 1771 4529 γινομένης.
1823 4459 1853 4527 ἡ

1964 4460 2148 4515 minus
2183 4458 2482 4527 gloriosum
2515 4457 2618 4515 fuit
2642 4456 2968 4528 martyrium
2994 4468 3215 4528 propter
3235 4462 3553 4519 evitandum

275 4553 461 4605 ἕνεκεν
495 4551 588 4605 τοῦ
627 4552 702 4623 μὴ
762 4552 947 4623 alios:
988 4552 1293 4623 μαρτυρία,
1335 4550 1458 4605 κατ’
1510 4550 1614 4621 ἐμὲ
1660 4551 1718 4607 δὲ
1762 4552 1853 4607 καὶ

1965 4554 2233 4615 schisma,
2291 4565 2455 4620 quam
2490 4550 2701 4604 cultum
2737 4550 3036 4614 idolorum,
3101 4551 3212 4607 imo
3264 4569 3386 4609 meo
3434 4558 3557 4625 qni-

282 4644 517 4715 μείζωνι
564 4646 682 4698 ἐκεῖ
736 4644 836 4713 μὲν
869 4643 979 4713 γὰρ
1026 4644 1167 4714 ὑπὲρ
1221 4645 1353 4713 μιᾶς
1387 4658 1472 4703 τις
1503 4644 1600 4713 τῆς
1659 4639 1853 4696 ἐαυτοῦ

1965 4644 2090 4699 dem
2128 4643 2335 4713 judicio
2387 4640 2583 4712 magis.
2627 4642 2743 4698 lllic
2791 4643 2939 4700 enim
2994 4652 3216 4714 propter
3262 4646 3347 4701 sui
3377 4647 3556 4715 ipsius

280 4736 483 4808 ψυχῆς,
514 4736 752 4791 ἐνταῦθα
790 4732 846 4791 δὲ
878 4738 1018 4809 ὑπὲρ
1042 4736 1170 4806 ὅλης
1206 4736 1308 4806 τῆς
1345 4734 1676 4806 Ἐκκλησίας
1711 4751 1856 4804 μαρ-

280 4834 431 4901 τυρεῖ
456 4848 469 4860 ·
503 4834 598 4887 καὶ
630 4830 726 4884 νῦν
749 4831 826 4897 δέ,
864 4833 915 4887 εἰ
946 4831 1188 4895 πείσαιο,
1219 4831 1252 4901 ἢ
1300 4829 1523 4900 βιάσαιο
1552 4829 1678 4891 τοὺς
1708 4827 1859 4882 ἀδελ-

282 4924 417 4991 φοὺς
439 4924 516 4985 εἰς
542 4923 793 4993 ὁμόνοιαν
816 4923 1014 4989 ἐλθεῖν,
1049 4922 1250 4991 μείζων
1277 4922 1429 4977 ἔσται
1463 4938 1545 4973 σοι
1567 4920 1662 4976 τοῦ
1694 4919 1861 4988 σφάλ·

286 5031 449 5082 ματος
487 5015 547 5066 τὸ
582 5013 920 5085 κατόρθωμα
948 5030 962 5046 ·
1002 5016 1099 5068 καὶ
1127 5014 1187 5066 :0
1218 5013 1321 5083 μὲν
1358 5013 1421 5065 ού
1449 5009 1858 5081 λογισθήσεται,

282 5105 343 5157 :0
373 5104 427 5158 δὲ
460 5104 889 5176 ἐπαινεθήσεται
916 5121 929 5136 ο
962 5108 1012 5158 εί
1036 5105 1094 5159 δέ
1123 5104 1526 5168 ἀπειθούντων,
1551 5103 1859 5165 ἀδυνατείς,

285 5197 475 5261 σώζων
527 5198 669 5263 σῶζε
716 5198 818 5268 τὴν
874 5197 1108 5253 σεαυτοῦ
1163 5196 1367 5269 ψυχήν.
1434 5195 1745 5272 Ἐρρῶσθαί
1799 5210 1861 5249 σε

284 5288 544 5359 ἐχόμενον
575 5291 676 5361 τῆς
708 5291 959 5363 εἰρήνης,
991 5292 1052 5345 ἐν
1077 5291 1270 5361 Κυρίῳ
1302 5288 1559 5361 εὔχομαι.

633 5470 824 5526 ΑΡΧΗ
863 5472 999 5525 ΤΟΥ
1027 5473 1070 5525 Τ
1110 5470 1505 5524 ΣΤΟΙΧΕΙΟΥ.

349 5567 598 5621 ΚΕΦΑΛ.
631 5570 709 5620 A’.
737 5566 875 5633 Περὶ
909 5566 1017 5632 τῆς
1061 5566 1285 5631 τάξεως
1316 5563 1434 5617 τῶν
1466 5563 1791 5633 κληρικῶν.

355 5662 515 5729 Ζήτει
544 5656 675 5731 τὸλδΙ
704 5660 1003 5726 κεφάλαιον
1032 5658 1128 5711 τοῦ
1159 5661 1196 5711 Δ
1234 5657 1524 5727 στοιχείου.

363 5757 423 5807 '0
448 5755 505 5807 δὲ
539 5758 626 5817 νς¹
656 5751 758 5821 τῆς
805 5756 863 5805 ἐν
907 5752 1203 5823 Λαοδικείᾳ
1261 5751 1481 5805 συνόδου
1530 5750 1712 5805 κανὼν
1765 5749 1863 5806 τοῦ

283 5851 588 5906 ἐπισκόπου
616 5852 717 5920 τὴν
745 5848 948 5904 εἴσοδον
977 5848 1071 5900 ἐπὶ
1102 5847 1161 5899 :0
1186 5848 1577 5921 θυσιαστήριον
1607 5847 1867 5917 ποιουμέ-

562 5944 841 6004 Parnm.
870 5942 985 6002 Gn.
1020 5940 1241 6005 CXLV.

1964 4738 2203 4791 animam
2265 4737 2462 4799 solam,
2528 4736 2616 4789 hic
2673 4747 2896 4805 propter
2990 4746 3161 4793 totam
3247 4740 3554 4799 Ecclesiam

1965 4829 2291 4900 martyrium
2338 4828 2476 4885 obit.
2528 4826 2645 4882 Jam
2706 4843 2837 4883 vero
2920 4830 2965 4884 si
3042 4834 3387 4898 persuaseris
3466 4847 3561 4890 aut

1966 4922 2214 4991 coegeris
2260 4920 2458 4975 fratres
2505 4922 2557 4975 in
2612 4922 2961 4977 concordiam
3016 4925 3356 4995 conspirare,
3415 4927 3558 4983 insi~
3668 4918 3673 4932 ⁸

1969 5012 2092 5082 gnis
2145 5011 2250 5067 erit
2277 5011 2462 5067 delicti
2521 5012 2881 5068 emendatio:
2921 5024 3085 5083 atque
3140 5016 3275 5071 illud
3330 5018 3553 5088 quidem
3647 5030 3659 5049 ν·

1970 5106 2199 5159 minime
2257 5105 2638 5174 imputabitur,
2702 5108 2807 5162 hoc
2856 5118 3041 5164 autem
3088 5109 3308 5168 laudem
3373 5127 3558 5167 mere-
3646 5114 3649 5121 '

1969 5196 2139 5252 bitur.
2193 5196 2260 5253 Sl'
2331 5210 2514 5253 tamen
2569 5198 3005 5268 inobsequentes
3080 5202 3352 5258 servando
3418 5204 3559 5261 nihil

1970 5288 2178 5351 valeas,
2224 5298 2375 5342 tuam
2433 5289 2670 5343 animam
2726 5305 2907 5344 serva.
2945 5291 3093 5347 Bene
3137 5302 3212 5359 te,
3251 5301 3311 5346 ut
3359 5308 3554 5363 pacem

1974 5379 2200 5443 retines,
2238 5378 2425 5434 Valere
2468 5388 2669 5448 exopto
2713 5381 2769 5436 in
2808 5381 3048 5438 Christo.

2290 5471 2453 5542 235
2503 5472 2770 5529 lMTlUM
2818 5475 3145 5535 LlTTERjE
3195 5475 3285 5553 'r._

2281 5563 2437 5618 CAP.
2481 5563 2523 5620 Ι.
2567 5565 2643 5620 De
2675 5567 2859 5621 ordine
2895 5567 3237 5623 clericorum.

2041 5653 2238 5721 Quaere
2265 5670 2367 5724 cap
2396 5657 2429 5709 5
2460 5659 2566 5713 litt.
2600 5661 2661 5712 Δ.

2046 5750 2235 5806 (ὶοηοη
2268 5763 2448 5805 autem
2476 5752 2543 5807 56
2570 5755 2761 5825 synodi
2791 5754 3139 5821 Laodicenaa,
3189 5753 3411 5825 quando
3441 5757 3562 5824 epi.

1975 5860 2183 5918 sc0pus
2202 5845 2269 5900 ad
2306 5846 2476 5901 altare
2508 5849 2770 5903 accedere
2802 5850 2937 5915 vult,
2964 5852 3190 5905 minime
3224 5849 3390 5907 licere
3419 5848 3569 5921 judi.

3035 5944 3074 6007 5
