4054 6448
326 469 410 530 ill
1300 469 1706 532 SYNI‘AGHA
1749 466 2360 526 ALPHABETICUM.
2407 490 2473 498 —
2515 459 2576 512 Τ.

3470 461 3571 524 142

320 593 426 650 rei;
460 587 646 648 ἄλλοις
679 584 790 638 ’τοῦ
839 585 1031 656 χρόνου
1081 583 1353 650 σάϐϐασι,
1408 582 1744 654 παρανόμως
1789 599 1887 652 νη-

2003 573 2182 629 illicite
2209 574 2480 644 jejttnent.
2534 573 2648 626 lmo
2675 570 2818 640 quod
2851 569 3033 624 adhuc
3064 569 3237 640 magis
3263 574 3568 628 canonibtts

321 680 564 734 στεύειν·
600 680 662 732 τὸ
701 679 747 730 δ’
794 678 873 730 ἔτι
914 677 1105 731 τούτου
1159 676 1645 747 παρανομώτερον,
1683 676 1764 728 ὅτι
1793 675 1893 743 τὴν

321 775 411 828 τοῦ
451 774 725 827 σαϐϐάτου
779 772 1076 825 κατάλυσιν
1108 747 1201 825 ἐπ’).
1239 771 1340 841 τὴν
1385 771 1620 840 τετράδα
1666 785 1895 838 μετενη-

320 867 504 935 νόχασι
543 869 638 930 καὶ
673 865 1049 934 παρασκευὴν,
1083 865 1182 933 τὴν
1204 864 1249 916 δ’
1284 865 1343 916 ὲν
1377 863 1606 925 ταύταις
1638 861 1894 931 νηστείαν

320 959 414 1011 ἐπὶ
441 957 510 1009 τὸ
540 955 828 1018 σάϐϐατον,
875 954 1037 1022 ἔργον
1082 954 1288 1010 ὡσανεὶ
1335 954 1675 1025 ποιούμενοι,
1714 953 1894 1007 πάντα

321 1050 482 1113 νόμον
515 1047 659 1114 ἱερὸν
685 1045 895 1098 τιθέναι
926 1045 1250 1097 ἀνάστατον.

405 1143 458 1192 Ὀ
487 1140 543 1192 δὲ
572 1128 663 1202 νςί
693 1139 794 1209 τὴν
822 1135 982 1201 αὖθις
1009 1141 1072 1191 ὲκ
1105 1139 1403 1210 διαμέτρου
1435 1138 1544 1192 τῶν
1585 1139 1892 1207 Ἀρμενίων

320 1234 701 1305 διορθούμενος
739 1234 968 1302 πλάνην,
1007 1233 1066 1284 ἐν
1096 1235 1210 1295 τοῖς
1253 1232 1495 1287 σάϐϐασι
1525 1233 1620 1287 καὶ
1642 1236 1763 1294 ταῖς
1791 1251 1894 1286 xu-

323 1329 538 1399 ριακαῖς
564 1330 664 1396 τῆς
715 1326 876 1392 ἁγίας
910 1325 1386 1394 τεσσαρακοστῆς,
1435 1329 1604 1394 τυροῦ
1637 1325 1733 1378 καὶ
1769 1325 1893 1379 ὠῶν

319 1420 614 1490 ἀπέχεσθαι
649 1420 742 1472 καὶ
786 1418 1015 1480 τούτους
1059 1416 1295 1481 κελεύει,
1337 1411 1425 1470 οἶα
1457 1417 1520 1483 δὴ
1545 1418 1711 1486 νόμος
1743 1418 1892 1488 πάσῃ

320 1515 382 1580 τῇ
427 1509 638 1580 ὑφηλίῳ
688 1509 780 1560 τοῦ
813 1507 948 1560 Θεοῦ
1006 1507 1569 1578 Ἐκκλησίᾳ..”Ωσπερ
1601 1508 1711 1576 γὰρ
1755 1510 1894 1560 πᾶν·

321 1621 427 1657 των
457 1605 564 1656 τῶν
590 1602 868 1670 θυομένων
892 1600 1214 1671 ἀπεχόμεθα
1250 1600 1429 1664 ζώων,
1461 1599 1605 1654 οὓτω
1625 1600 1762 1663 δέον,
1797 1601 1894 1652 καὶ

321 1699 422 1749 ὅσα
466 1696 672 1748 τούτων
726 1675 958 1764 κ’έρπὺς,
1003 1696 1086 1757 είς
1141 1694 1348 1766 τροφὴν
1409 1695 1485 1764 μὴ
1545 1695 1888 1764 προσίεσθαι.

323 1789 492 1844 Τοῦτο
521 1792 616 1844 καὶ
645 1787 736 1840 ἐπὶ
767 1787 878 1840 τῶν
905 1787 1184 1858 τετράδων
1205 1787 1628 1859 παρατηρητέον
1658 1789 1751 1841 καὶ
1784 1805 1893 1842 πα·-

325 1883 608 1952 ρασκευῶν
638 1883 729 1936 τοῦ
765 1881 889 1935 ὅλου
916 1880 1164 1936 ἐνιαυτοῦ
1190 1897 1206 1914 ⁸
1237 1883 1352 1945 τοίς
1375 1881 1433 1936 δὲ
1465 1883 1887 1954 παραϐαίνουσι,

325 1974 706 2045 καθαιρέσειῆ
741 1973 1038 2044 ἀφορισμῷ
1082 1974 1338 2043 τιμᾶται,
1386 1973 1668 2044 κληρικοτς
1711 1970 1886 2037 οὖσιν,

324 2068 354 2136 ἦ
394 2045 654 2136 δημόταις
695 2071 880 2137 τυχόν.
907 2065 1071 2119 Ἀλλὰ
1101 2067 1206 2117 κάν
1243 2064 1420 2135 τούτῳ
1456 2066 1588 2128 τοὺς
1623 2065 1890 2128 Λατίνους

333 2159 530 2226 μᾶλλον
559 2159 625 2212 ἂν
649 2159 764 2233 ἴδῃς
789 2159 868 2222 είς
893 2157 1122 2228 ἔσχατον
1150 2157 1490 2225 ἀφιγμένους
1520 2157 1892 2224 παρανομίας,

329 2252 512 2321 ὥσπερ
542 2249 862 2319 ἐξεπίτηδες
905 2252 1074 2319 ὁμόσε
1105 2248 1420 2317 χωροῦντας
1451 2249 1566 2311 τοῖς
1596 2248 1765 2309 θείοις
1795 2265 1897 2302 κα-

328 2347 470 2397 νόσιν
491 2361 507 2374 ο
532 2345 590 2394 ὲν
634 2345 746 2413 γὰρ
773 2345 888 2405 τοῖς
915 2341 1150 2394 σάϐϐασι
1180 2341 1274 2394 καὶ
1316 2342 1439 2402 ταῖς
1468 2341 1762 2410 κυριακαῖς
1793 2341 1896 2410 τῆς

328 2436 786 2506 τεσσαρακοστῆς,
825 2434 886 2486 οὐ
923 2433 1086 2502 μόνον
1140 2433 1307 2503 τυροῦ
1345 2434 1441 2486 καὶ
1480 2432 1624 2496 ὠῶν,
1662 2431 1798 2485 ἀλλά
1832 2449 1896 2499 γε

329 2528 422 2580 καὶ
454 2527 629 2595 κρεῶν
673 2525 966 2590 ἅπτονται,
999 2525 1124 2595 οὐχὶ
1168 2524 1263 2578 τοῦ
1292 2525 1469 2595 δήμου
1525 2523 1712 2593 μόνον,
1759 2524 1897 2578 ἀλλὰ

330 2617 560 2672 καὶτῶν
600 2615 850 2688 μοναχῶν
887 2617 934 2668 οί
982 2614 1228 2680 ἀσθενῶς
1283 2615 1446 2686 δῆθεν
1493 2613 1590 2667 τοῦ
1642 2612 1899 2682 σώματος

331 2708 562 2780 ἔχοντες.

398 2801 562 2869 Ζήτει
593 2800 691 2854 καὶ
723 2801 780 2854 ἐν
807 2799 885 2871 τῷ
926 2807 974 2853 α’
1005 2817 1133 2869 κιφ.
1169 2799 1264 2853 τοῦ
1299 2800 1340 2852 Β
1376 2801 1645 2872 στοιχείου
1684 2801 1782 2870 τῆς
1840 2802 1899 2854 ἐν

326 2893 614 2965 Λαοδικείᾳ
655 2894 874 2947 συνόδου
923 2893 1126 2946 κανόνα
1175 2891 1279 2962 με’,
1331 2893 1524 2947 καὶνὲν
1573 2893 1654 2964 τῷ
1687 2893 1895 2960 ζ’κεφ.

332 2985 426 3038 τοῦ
460 2986 504 3038 Π
531 2985 798 3056 στοιχείου
830 2986 1029 3038 κανόνα
1059 2984 1149 3037 πθ¹
1177 2985 1282 3054 τῆς
1323 2993 1378 3050 ς’
1418 2985 1660 3038 συνόδου.

343 3113 354 3118 -
411 3077 473 3132 ’0
501 3078 555 3131 δὲ
585 3079 684 3148 τῆς
721 3076 772 3142 ς’
826 3078 1050 3131 συνόδου
1077 3075 1156 3148 νβ’
1182 3077 1387 3144 κανὼν,
1421 3079 1482 3129 ὲν
1517 3077 1618 3146 μὲν
1661 3079 1782 3140 ταῖς
1814 3076 1903 3130 ἀλ·

330 3169 448 3230 λαις
479 3168 576 3236 τῆς
601 3169 761 3236 ἁγίας
783 3169 1228 3239 τεσσαρακοστῆς
1267 3169 1525 3238 ἡμέραις,
1554 3163 1644 3220 οἷα
1683 3166 1902 3220 πενθεῖν

333 3257 829 3328 προστεταγμέων,
860 3255 957 3311 καὶ
979 3257 1267 3327 νηστεύειν
1308 3257 1406 3310 καὶ
1452 3255 1898 3310 κατανύσσεσθαι

250 3367 268 3380 ·
332 3351 410 3410 εἰς
447 3349 717 3418 ὲξίλασμα
750 3349 858 3401 τῶν
912 3351 974 3402 ού
1019 3349 1204 3412 καλῶς
1257 3351 1474 3420 ἑκάστῳ
1522 3348 1891 3418 βεϐιωμένων.

336 3443 434 3512 τὴν
466 3443 574 3497 τῶν
615 3443 1074 3512 προηγιασμένων
1105 3441 1450 3513 λειτουργίαν
1481 3441 1697 3496 κελεύει
1727 3441 1898 3493 τελεῖ-

337 3535 458 3588 σθαι
483 3549 495 3564 ο
529 3537 586 3586 ὲν
613 3535 670 3588 δέ
701 3551 765 3600 γε
794 3536 907 3596 τοῖς
935 3534 1171 3587 σάϐϐασι
1203 3535 1298 3588 καὶ
1327 3538 1447 3597 ταῖς
1479 3537 1778 3604 κυριακαῖς
1803 3534 1902 3586 αύ-

337 3629 455 3694 τῆς,
485 3626 579 3680 καὶ
612 3628 678 3696 τῇ
729 3625 861 3694 ἁγίᾳ
899 3624 997 3678 τοῦ
1047 3624 1462 3695 Εὑαγγελισμοῦ
1501 3626 1706 3695 ἡμέρα,
1745 3625 1901 3677 ἐπείη

343 3736 440 3790 περ
466 3720 523 3771 ὲν
553 3718 778 3781 ταύταις
819 3717 1104 3783 νηστεύειν
1149 3717 1251 3770 οὐκ
1281 3716 1530 3786 ἔννομον,
1582 3720 1675 3771 καί
1708 3717 1902 3770 θυσίαν

340 3809 688 3880 προσφέρειν,
724 3811 818 3862 καὶ
865 3809 1076 3862 τελείαν
1107 3809 1359 3877 γίνεσθαι
1403 3809 1752 3878 λειτουργίαν
1779 3825 1792 3838 ⁸
1823 3825 1904 3861 τι-

337 3903 524 3971 μῶμεν
552 3903 658 3975 γὰρ
685 3901 786 3970 τὴν
825 3903 917 3954 τοῦ
936 3900 1354 3970 Εύαγγελισμοῦ
1384 3901 1624 3971 ἡμέραν,
1652 3917 1903 3970 πανηγυ-

337 3992 573 4062 ρίζοντες
621 3995 677 4044 ὲν
708 3993 869 4062 αὐτῇ,
921 3991 997 4054 ὡς
1051 3991 1228 4062 ἀρχὴν
1284 3993 1382 4050 καὶ
1447 3991 1748 4060 κεφάλαιον
1801 3993 1902 4060 τῆς

334 4083 488 4150 ἡμῶν
532 4083 824 4152 σωτηρίας.
859 4083 1077 4135 Ἔοικεν
1105 4081 1198 4135 οὖν
1241 4083 1372 4152 μίαν
1411 4079 1678 4152 εἶναιτὴν
1707 4100 1904 4138 τεσσα-

336 4174 748 4244 ρακονθήμερον
779 4176 1058 4244 νηστείαν.
1107 4175 1170 4227 Εἰ
1198 4175 1308 4244 γὰρ
1341 4177 1436 4229 καὶ
1465 4176 1632 4247 ἑτέρα
1663 4178 1776 4239 τοῖς
1802 4193 1903 4229 κα-

331 4269 481 4320 νόσιν
532 4268 961 4335 ὲπεγινώσκετο,
1008 4266 1222 4339 ὡρίσθη
1253 4267 1318 4322 ἂν
1353 4271 1449 4323 καὶ
1495 4270 1552 4322 ὲν
1586 4270 1794 4339 ἐκείνῃ,
1827 4270 1904 4340 μὴ

331 4358 545 4411 τελείαν
616 4359 1052 4429 ίεροτελεστίαν,
1109 4359 1248 4414 ἀλλά
1305 4361 1761 4433 προηγιασμένην
1815 4378 1906 4421 τε-

329 4448 560 4507 λεῖσθαι.

330 4584 436 4638 Διὰ
468 4586 524 4657 τί
549 4586 629 4651 ὡς
659 4586 756 4640 ἐπὶ
787 4587 851 4639 τὸ
880 4587 1174 4640 πλεῖστον
1199 4589 1316 4656 μὲν
1359 4589 1564 4657 rp’tm-
1595 4587 1756 4656 ὥρην
1797 4590 1907 4656 τῆς

406 4649 630 4727 ἡμέρας
674 4657 713 4722 ἡ
765 4659 892 4710 θεία
942 4649 1215 4710 reicitur
1239 4649 1582 4727 λειτὼιργία
1608 4649 1652 4688 θ’
1677 4661 1808 4712 ἔστι
1836 4649 1905 4712 δὲ
1940 4649 1983 4702 D

401 4726 500 4798 ὅτε
550 4729 647 4798 καί
682 4727 831 4795 πρὸς
870 4729 1140 4796 ἑσπέραν
1171 4729 1242 4782 ἐν
1270 4731 1398 4795 ταῖς
1436 4726 1753 4798 μεγίσταις
1787 4731 1909 4784 τῶν

402 4795 644 4863 ἑορτῶν.

420 4913 581 4965 Ἀλλά
613 4912 721 4982 γάρ
755 4913 1023 4983 ζητητέον
1049 4913 1306 4974 ἐνταῦθα,
1331 4915 1477 4976 τίνος
1500 4915 1662 4984 χάριν
1685 4916 1781 4977 ἐπὶ
1807 4915 1909 4984 μὲν

331 5000 444 5052 τῶν
475 5000 652 5054 ἄλλων
696 5002 921 5072 ἡμερῶν
955 5001 1049 5058 τοῦ
1079 5003 1358 5068 ἐνιαυτοῦ,
1404 5006 1531 5074 περί
1566 5024 1668 5058 που
1711 5006 1908 5075 τρίτην

333 5093 485 5162 ῶραν
507 5095 610 5146 ἀπὸ
637 5095 734 5164 τῆς
759 5094 855 5159 ἕω,
887 5095 1051 5164 νόμος
1079 5095 1179 5166 τὴν
1209 5095 1360 5150 θείαν
1399 5098 1672 5152 τελεῖσθαι
1695 5114 1909 5165 μυστα-

332 5187 543 5252 γωγίαν
566 5203 578 5217 ο
609 5187 718 5240 τῶν
765 5187 822 5259 δὲ
856 5171 1174 5259 περιφανῶν
1209 5187 1358 5243 ἐστιν
1391 5187 1458 5252 ἃς
1505 5176 1744 5257 ἑορτῶν,
1783 5207 1909 5246 καις

333 5278 554 5348 νὸτερον
581 5280 782 5350 τρόπον
823 5281 987 5336 οἱονεὶ
1037 5281 1364 5351 πρεσδεύειν
1399 5284 1660 5351 οἰόμενοι,
1703 5284 1910 5338 τούτων

331 5369 434 5439 τὴν
464 5371 690 5446 τελετὴν
713 5373 791 5435 εἰς
821 5374 919 5444 τὴν
950 5375 1190 5443 ἑσπέραν
1218 5373 1616 5444 ταμιευόμεθα,
1645 5377 1736 5431 καὶ
1770 5377 1910 5442 μετά

331 5462 432 5525 τὰς
465 5465 756 5535 ἑσπερίους
788 5467 951 5532 εὐθὺς
995 5467 1354 5535 ἐπιτελοῦμεν
1389 5468 1556 5538 ᾠδάς.
1589 5469 1753 5524 Τουτὶ
1779 5469 1910 5536 γοῦν

329 5556 393 5607 τὸ
425 5555 544 5618 ἔθος
574 5559 697 5614 κατ’
739 5559 1022 5630 ἐξαίρετον
1052 5561 1150 5612 καὶ
1199 5559 1306 5630 ἰδία
1335 5560 1632 5630 τετήρηται
1679 5562 1746 5630 τῇ
1779 5560 1910 5631 ἁγίᾳ

328 5648 428 5700 καὶ
457 5649 673 5720 μεγάλῃ
723 5652 976 5722 πέμπτῃ,
1023 5651 1101 5721 τῷ
1131 5668 1190 5703 τε
1233 5651 1373 5722 ἁγίῳ
1401 5651 1497 5706 καὶ
1553 5651 1774 5720 μεγάλῳ
1813 5652 1910 5704 καὶ

327 5741 621 5813 σεεασμίῳ
651 5743 910 5815 σαὸὅατῳ
929 5761 944 5776 ο
974 5745 1110 5808 πρὸς
1133 5745 1210 5806 δὲ,
1237 5747 1312 5815 τῇ-
1336 5747 1632 5812 περιφανεῖ
1653 5747 1753 5812 τῆς
1778 5745 1912 5815 Χρι-

327 5834 462 5888 στοῦ
492 5837 800 5906 γεννήσεως
841 5839 1047 5908 ἡμέρα,
1089 5838 1182 5890 καί
1229 5854 1292 5901 γε
1319 5839 1385 5906 τῇ
1434 5835 1666 5906 λαμπρᾷ
1689 5835 1785 5888 καὶ
1815 5853 1911 5904 φε-

331 5930 576 6002 ρωνύμῳ
607 5931 700 5986 τοῦ
747 5931 890 5985 θείου
929 5933 1127 6000 φωτὸς,
1165 5931 1276 5998 εἴγε
1313 5930 1386 6001 μὴ
1434 5930 1738 5984 συνέλθοιεν
1771 5931 1908 6002 ape-

1579 6181 1616 6214 J

1997 680 2284 739 repugnat,
2339 669 2663 722 solutionem
2701 665 2926 720 Sabbati
2987 665 3040 718 in
3074 663 3263 719 feriam
3317 675 3569 734 quartam

1995 767 2048 812 et
2082 758 2420 812 Parasceven
2470 757 2739 819 referunt,
2777 764 2941 824 atque
2970 755 3203 809 istorum
3240 754 3451 809 dierum
3489 757 3571 822 je~

1993 849 2211 918 junium
2254 851 2307 902 in
2337 849 2661 913 Salibatum,
2694 849 2850 918 quasi
2881 847 3113 902 sollicite
3139 847 3425 904 studentes
3454 864 3574 904 0m-

1996 956 2119 996 nem
2151 943 2320 1014 legem
2349 956 2562 997 sacram
2588 943 2934 997 subvertere.

2067 1123 2256 1176 Canon
2315 1136 2444 1175 vero
2498 1120 2568 1175 56
2598 1121 2933 1175 contrarium
2991 1121 3153 1189 plane
3209 1121 3572 1174 Armenorum

1996 1229 2244 1268 errorem
2272 1213 2576 1283 corrigens,
2630 1213 2682 1266 itt
2714 1212 2970 1267 Sabbatis
3006 1222 3060 1266 et
3099 1213 3396 1268 Dominicis
3425 1214 3573 1279 Qua-

1995 1305 2451 1374 dragesimalibus
2475 1319 2502 1356 a
2530 1319 2693 1358 caseo
2719 1313 2770 1357 et
2793 1305 2910 1358 ovis
2934 1304 3211 1357 abstinere
3248 1305 3395 1372 ipsos
3433 1321 3574 1373 pra--

1995 1396 2152 1464 cipit;
2180 1396 2322 1464 quod
2350 1395 2570 1464 quidem
2603 1404 2932 1465 przcccptum
2960 1395 3012 1448 in
3046 1395 3303 1450 universa
3347 1393 3438 1450 Dei
3477 1397 3576 1450 Ευ-

1994 1487 2160 1540 clesia
2197 1487 2430 1541 obtinet.
2461 1485 2593 1540 Nam
2642 1488 2803 1542 sicuti
2833 1488 2900 1541 ab
2933 1489 3194 1543 omnibus
3251 1489 3578 1544 sacrificanti

1995 1583 2328 1642 animalibus
2365 1593 2757 1652 temperamus,
2793 1583 2866 1635 ita
2895 1591 2948 1636 et
2975 1581 3186 1636 fructus
3237 1583 3479 1652 ipsorum
3522 1585 3574 1636 in

1996 1672 2176 1725 cilium
2203 1671 2426 1726 minime
2444 1671 2705 1726 adbibere
2719 1671 3012 1726 debemus.
3035 1670 3150 1724 lloc
3165 1672 3328 1726 etiam
3350 1674 3403 1725 in
3424 1672 3580 1728 feriis

1995 1762 2206 1830 quartis
2229 1772 2282 1816 et
2313 1762 2482 1817 sextis
2511 1778 2604 1832 per
2627 1770 2801 1818 totum
2851 1779 3058 1818 annum
3091 1765 3388 1819 observare
3413 1781 3571 1835 oper.

1999 1864 2093 1909 tet.
2127 1854 2230 1920 Qui
2263 1869 2425 1909 secus
2455 1856 2706 1922 fecerint,
2735 1856 3102 1926 depositionis
3133 1865 3228 1912 aut
3253 1873 3575 1912 excommu-

1925 1939 1966 1993 Β
1998 1943 2294 1999 uicationis
2347 1959 2594 2012 pinnam.
2627 1945 2697 2000 iis
2727 1945 2984 2009 intentat,
3022 1955 3188 2014 prout
3241 1947 3429 2002 clerici
3464 1948 3582 2002 fue-

2000 2037 2128 2103 rint,
2156 2044 2251 2090 aut
2282 2036 2433 2092 laici.
2468 2037 2573 2091 Sed
2599 2037 2681 2091 vel
2713 2037 2838 2092 ltine
2866 2037 3056 2092 videas
3081 2037 3305 2094 Latinos
3326 2040 3393 2092 ad
3427 2056 3580 2094 sum—

2000 2143 2140 2184 mam
2174 2128 2522 2184 insolentiam
2552 2130 2886 2200 pervenisse,
2919 2139 3175 2198 tauquam
3209 2132 3273 2185 de
3305 2131 3576 2188 industria

2001 2222 2177 2278 sacris
2209 2222 2516 2278 canonibus
2557 2221 2898 2288 resistentes,
2954 2223 3166 2278 scilicet
3207 2222 3266 2276 in
3321 2223 3578 2278 Sabbatis

1999 2323 2054 2369 et
2085 2315 2281 2370 diebus
2313 2314 2612 2370 Dominicis
2648 2329 2745 2384 per
2777 2312 3301 2384 Quadragesimam,
3329 2331 3436 2371 non
3485 2331 3581 2370 so-

1999 2412 2112 2466 lum
2168 2425 2390 2467 caseum
2434 2421 2492 2467 et
2535 2426 2659 2473 ora,
2694 2411 2786 2468 sed
2819 2411 2986 2466 etiam
3028 2417 3225 2466 carnes
3259 2412 3580 2475 comedunt,

2002 2517 2179 2570 neque
2233 2503 2429 2570 plebeii
2472 2503 2742 2558 duntaxat
2781 2503 2883 2559 ltoc
2937 2503 3169 2568 faciunt,
3197 2503 3292 2560 sed
3327 2506 3580 2560 monachi

2000 2595 2164 2653 etiam
2189 2594 2372 2650 minus
2403 2594 2544 2650 bene
2576 2595 2838 2652 valentes.

2072 2783 2266 2850 Quaere
2311 2793 2368 2838 et
2398 2785 2451 2838 in
2486 2800 2604 2854 cap.
2640 2786 2660 2838 l
2711 2786 2814 2838 litt.
2851 2784 2912 2840 Β.
2943 2800 3066 2856 syn.
3103 2784 3425 2842 Laodicente
3455 2777 3598 2841 can}

2003 2876 2095 2940 52.
2131 2885 2184 2932 et
2212 2878 2266 2931 in
2299 2891 2420 2946 cap.
2453 2877 2482 2929 7
2509 2877 2618 2932 litt.
2652 2879 2692 2929 ll
2719 2878 2938 2935 concilii
2973 2879 3113 2933 sexti
3147 2895 3272 2934 can.
3296 2881 3386 2935 89.

2076 3053 2293 3111 Rursus
2324 3070 2504 3112 canon
2558 3056 2629 3112 52
2659 3058 2853 3127 synodi
2897 3070 3087 3122 sextae,
3121 3059 3172 3112 in
3210 3059 3426 3115 creteris
3462 3062 3588 3130 qui-

2005 3145 2124 3198 dem
2163 3144 2605 3216 Quadragesimae
2640 3148 3085 3213 diebns,sci|icet
3121 3151 3314 3208 lncttti.
3338 3151 3585 3221 jcjttniis,

2006 3253 2070 3291 ac
2096 3239 2508 3307 compunctioni
2535 3241 2826 3296 destinatis
2851 3243 2902 3298 in
2927 3243 3292 3312 expiationem
3326 3246 3590 3299 uniuscuv

1997 3329 2202 3399 jusque
2231 3347 2516 3401 perperam
2567 3335 3012 3400 commissorum,
3048 3335 3286 3390 omnium
3345 3353 3591 3406 praesen.

2004 3422 2376 3478 ctilieatornm
2410 3425 2674 3480 celebrari
2708 3426 2860 3497 jubet
2890 3445 2904 3481 :
2943 3437 3180 3482 attamen
3236 3429 3288 3482 in
3336 3429 3589 3485 Sabbatis

2003 3523 2056 3566 ct
2088 3513 2390 3570 Dominicis
2421 3514 2892 3586 Quadragesimze,
2935 3527 2990 3572 et
3025 3520 3111 3572 die
3163 3534 3324 3574 sacro
3362 3521 3592 3574 Annum

2004 3603 2271 3665 tiationis.
2298 3605 2547 3674 jejunare
2573 3606 2716 3660 baud
2745 3606 2887 3670 licet,
2913 3606 3041 3661 licet
3063 3616 3244 3661 tamen
3277 3621 3330 3663 et
3375 3611 3594 3662 sacrifi—

2005 3695 2150 3748 cium
2205 3694 2440 3758 oﬂ‘erro,
2497 3705 2553 3750 et
2614 3696 2910 3764 perfectam
2973 3697 3248 3763 liturgiam
3309 3713 3590 3768 peragere.

2004 3785 2358 3840 Celebramns
2381 3787 2526 3840 enim
2576 3787 3032 3843 Aununtiationis
3071 3788 3216 3842 diem
3256 3788 3502 3843 feriendo
3540 3790 3592 3842 in

2007 3877 2149 3946 ipso,
2177 3886 2437 3946 tanquam
2473 3878 2800 3947 principium
2837 3894 2899 3932 ac
2930 3889 3099 3948 caput
3143 3880 3340 3934 salutis
3369 3891 3593 3935 nostrae.

2005 3970 2232 4025 Videtur
2280 3971 2444 4038 igitur
2499 3971 2722 4026 unicum
2768 3987 2890 4027 esse
2919 3983 3003 4026 'ac
3047 3971 3278 4041 simplex
3345 3973 3595 4037 Quadra-

2006 4062 2269 4130 gesimale
2300 4063 2478 4117 istltoe
2501 4063 2798 4130 jejunium.
2831 4063 2966 4118 Nam
3001 4065 3048 4119 si
3101 4065 3248 4118 aliud
3284 4065 3336 4118 in
3363 4067 3596 4119 canoni-

2008 4156 2114 4210 bus
2141 4164 2549 4222 agnosceretur,
2584 4157 2943 4211 constitutum
2993 4167 3142 4210 esset
3181 4164 3236 4210 et
3268 4156 3320 4210 in
3353 4157 3448 4211 illo
3487 4172 3598 4210 non

2010 4247 2322 4318 plenarium
2351 4249 2615 4313 alliciam,
2675 4248 2772 4302 sed
2801 4249 3386 4320 prazsanctilicatorum
3419 4248 3596 4303 obire.

2016 4597 2191 4662 Quam
2223 4596 2284 4647 ob
2315 4613 2534 4648 causam
2583 4605 2639 4649 nt
2680 4595 2969 4663 plurimum
3015 4597 3174 4648 tertia
3219 4578 3352 4648 liora
3373 4596 3482 4650 diei
3515 4613 3604 4650 sa-

2084 4686 2175 4720 cra
2224 4668 2447 4740 liturgia
2493 4676 2828 4735 peragatur:
2871 4683 3247 4740 nonnunquam
3304 4676 3500 4740 tamen,
3547 4669 3601 4721 in

2087 4739 2333 4792 maximis
2365 4746 2490 4806 puta
2521 4740 2692 4806 festis,
2741 4745 2972 4806 tenipore
3003 4738 3318 4805 vespertino.

2081 4897 2202 4954 Jam
2227 4911 2356 4951 vero
2382 4895 2798 4965 disquirendum
2825 4903 2909 4951 est
2929 4911 3036 4964 qua
3068 4895 3137 4950 de
3165 4911 3359 4960 causn,
3389 4913 3514 4951 cum
3546 4897 3602 4951 in

2014 4989 2136 5044 aliis
2173 4991 2300 5043 anni
2335 4989 2529 5043 diebus
2580 4988 2728 5041 circa
2765 4988 2958 5041 horam
2994 4989 3209 5050 tertiam
3243 5005 3271 5042 a
3305 4990 3444 5046 solis
3471 4998 3597 5045 ortu
3629 5030 3633 5034 .

2013 5084 2099 5138 lex
2137 5081 2298 5151 237
2340 5081 2456 5134 vult
2479 5093 2698 5134 sacrum
2729 5079 2966 5134 ollicium
2994 5080 3288 5145 celebrari,
3325 5079 3596 5135 festorum

2014 5173 2376 5244 quorumdam
2401 5187 2467 5225 ex
2498 5187 2597 5225 usu
2621 5171 2909 5236 muderno,
2943 5171 3102 5240 quasi
3125 5173 3391 5240 peculiari
3425 5173 3598 5225 hono-

2015 5284 2073 5320 re
2099 5267 2260 5336 digna
2299 5265 2385 5318 illa
2436 5264 2840 5327 existimantes,
2884 5264 3066 5318 ofﬁcia
3103 5265 3155 5316 in
3201 5278 3482 5332 vesperam
3519 5279 3604 5318 re-

2017 5373 2322 5418 servamus,
2365 5367 2423 5412 et
2477 5366 2602 5426 post
2637 5361 2869 5427 hymnos
2913 5358 3255 5426 vespertinos
3299 5357 3486 5412 statim
3514 5372 3607 5411 ce-

2014 5452 2309 5506 lebramus.
2331 5449 2430 5508 Hic
2453 5465 2633 5505 autem
2665 5466 2800 5505 usus
2820 5452 3170 5520 peculiariter
3191 5466 3254 5508 ac
3294 5451 3607 5519 specialiter

1969 5593 1974 5598 .
2014 5549 2340 5600 observatur
2360 5544 2414 5598 in
2441 5559 2598 5598 sacra
2617 5559 2810 5613 magna
2830 5543 2966 5598 feria
2992 5545 3206 5612 quinta,
3228 5543 3357 5598 etin
3377 5560 3536 5599 sacro
3553 5553 3609 5603 et

1961 5638 1983 5654 ‘
2012 5653 2211 5707 magno
2227 5644 2279 5689 et
2304 5634 2614 5690 venerando
2627 5634 2887 5699 Sabbato,
2909 5643 3023 5689 ttnn
3043 5638 3209 5688 etiam
3233 5636 3401 5687 illusti
3418 5636 3434 5689 i
3453 5633 3608 5688 Νδιίς

2013 5731 2201 5782 vitatis
2218 5726 2543 5787 Cliristitlie,
2568 5725 2905 5796 atqueeliam
2924 5725 2980 5779 in
3003 5740 3162 5780 sacro
3181 5735 3234 5780 ct
3253 5727 3612 5782 celeberrimo

2011 5820 2180 5875 divini
2195 5818 2546 5884 luminis,nisi
2567 5818 2704 5873 forte
2718 5817 2910 5872 diebus
2925 5817 3358 5887 coincidant,qui
3375 5835 3498 5873 cum
3517 5820 3584 5870 mi

2015 5914 2157 5968 nime
2177 5914 2459 5985 patiuntur
2480 5913 2707 5970 istorum
2727 5928 2892 5968 causa
2908 5911 3087 5969 ofﬁcia
3103 5913 3208 5969 sibi
3225 5912 3425 5969 eximia
3445 5913 3612 5971 inter.
