4054 6440
340 396 436 463 15}

1322 386 1733 468 SYNTAGMA
1762 407 2391 472 ALPHABETICUM.
2430 438 2498 450 —
2539 404 2608 476 T.

3508 417 3603 483 155

338 530 547 569 σκεται,
588 513 713 570 Ἐπὶ
741 514 1042 582 κακώσεως
1068 515 1169 589 μέν
1187 516 1263 583 ὥς
1284 518 1489 574 ἐπίπαν
1517 521 1612 573 καὶ
1635 521 1913 594 τιμωρίας

2026 525 2271 578 riuarum
2320 524 2506 578 exitus
2559 522 2826 580 ostendit.
2872 518 3010 578 Nam
3064 523 3174 579 Deo
3218 522 3440 596 quidem
3488 544 3585 597 per

336 605 670 676 λαμϐάνεται
716 608 868 679 παρὰ
906 610 973 681 τῇ
1019 610 1245 686 Γραφῇ·
1281 611 1501 683 ἐνιαχοῦ
1532 612 1590 667 δέ
1623 615 1715 667 καὶ
1746 613 1910 667 θείων

2026 616 2384 687 quadraginta
2438 615 2558 672 dies
2593 630 2658 671 ac
2707 625 2899 672 noctes
2952 616 3269 687 depluente,
3319 616 3592 673 diluvium

336 699 583 764 ἐκϐάσεις
610 700 920 771 ὑπογράφει
943 704 1285 775 πραγμάτων
1303 722 1317 735 ⁶
1345 705 1560 777 ἡμέρας
1587 706 1679 761 καὶ
1711 706 1822 777 γάρ
1856 705 1910 777 μ’

339 793 432 847 καὶ
468 793 670 858 νύκτας
722 795 845 860 ίσας
893 795 1080 861 ὕοντος
1112 797 1206 852 τοῦ
1238 798 1398 862 Θεοῦ,
1440 802 1467 853 6
1515 799 1688 870 μέγας
1733 801 1802 872 τῇ
1838 804 1911 871 γῇ

335 886 544 941 κλύδων
584 887 743 960 ἐπῄει
766 906 781 919 ο
824 890 960 959 πρὸς
1001 889 1030 944 ὃ
1063 891 1158 945 καὶ
1186 893 1350 962 ἡμεῖς
1383 892 1699 961 ἀφορῶντες
1731 891 1913 964 παρά-

334 983 562 1049 δειγμα,
629 980 710 1051 τῷ
763 982 863 1049 ίσῳ
915 980 1010 1035 τοῦ
1067 983 1457 1053 κατακλυσμοῦ
1520 983 1630 1036 τῶν
1686 984 1913 1054 ἡμερῶν

333 1074 554 1145 ἀριθμῷ
584 1077 1051 1145 κατανυσσόμενοι
1093 1077 1186 1129 καὶ
1215 1077 1563 1145 πενθοῦντες,
1606 1080 1719 1141 τοῖς
1756 1075 1913 1131 ῦδασι

333 1167 440 1219 τῶν
468 1166 719 1235 δακρύων
776 1167 837 1220 τὸ
888 1167 985 1236 τῆς
1035 1168 1312 1238 ἁμαρτίας
1353 1169 1733 1239 διαγράφομεν
1758 1170 1912 1237 ἄγος.

333 1258 672 1327 ⁶Γετρακὸσια
719 1257 815 1327 ἐτη
846 1257 923 1330 τῷ
965 1259 1220 1330 Ἀϐραάμ
1264 1262 1294 1314 6
1326 1261 1465 1326 Θεὸς
1510 1261 1914 1333 κεχρημάτικε,

331 1350 392 1402 τὸ
440 1350 571 1403 ίδιον
631 1350 796 1406 αὑτοῦ
849 1352 1006 1420 γένος
1053 1352 1391 1422 δουλωθῆναι
1439 1354 1577 1425 πρὸς
1610 1354 1720 1407 τῶν
1751 1352 1919 1422 Αἰγυ-

332 1442 528 1509 πτίων,
569 1445 661 1497 καὶ
703 1445 1044 1515 κακωθῆναι,
1083 1446 1176 1500 καί
1222 1447 1423 1517 μυρίαν
1459 1446 1644 1500 αἰκίαν
1678 1445 1920 1514 ὑπενεγ-

334 1537 471 1601 κεῖν,
502 1534 530 1587 6
558 1536 620 1606 δὴ
650 1536 747 1590 καὶ
784 1537 865 1601 εἰς
893 1538 1055 1610 ἔργον
1096 1538 1421 1608 ἐκϐέϐηκεν.
1467 1537 1557 1592 Ἐν
1587 1538 1827 1608 ἡμέραις
1858 1537 1918 1592 οὗ

334 1628 577 1682 πλείοσιν
616 1629 648 1698 ή
685 1626 737 1701 μ’
766 1632 886 1694 ταῖς
919 1630 1205 1703 θεηλάτοις
1240 1632 1478 1693 ἐκείναις
1503 1630 1739 1701 πληγαῖς
1771 1632 1799 1684 6
1827 1629 1923 1701 μέ-

334 1738 435 1786 γας
461 1720 664 1791 Μωσῆς
701 1722 801 1793 τήν
825 1724 1099 1791 Αἴγυπτον
1132 1722 1422 1793 μαστίξας,
1451 1722 1554 1794 τῆς
1589 1721 1689 1776 τοῦ
1716 1720 1919 1791 Φαραὼ

2017 717 2219 761 terram
2286 709 2602 777 superabat.
2663 706 2820 775 Quod
2886 710 3199 779 exemplum
3259 721 3313 765 et
3384 722 3600 763 nosmet

2018 799 2376 869 respicientes
2406 799 2523 869 pari
2555 815 2789 855 numero
2818 800 3035 855 dierum
3072 818 3197 855 cum
3234 803 3341 857 illis
3370 802 3585 866 diluvii,

2018 890 2337 961 compuneti
2376 905 2441 944 ac
2465 889 2764 946 fundentes
2804 892 3177 964 lacrymarum
3221 898 3421 955 undas,
3467 910 3596 962 pee-

2020 984 2137 1037 cali
2186 983 2620 1038 exsecrationem
2671 984 3037 1039 ostendimus.
3081 984 3221 1042 Deus
3260 985 3599 1039 Abraamum

2018 1075 2306 1129 admonuit
2350 1074 2466 1131 fore
2511 1084 2570 1129 ut
2623 1076 2826 1145 posteri
2886 1077 3008 1144 ejus
3048 1092 3144 1146 per
3167 1080 3607 1147 quadringentos

2021 1183 2198 1223 annos
2236 1165 2512 1240 Egyptiis
2560 1171 2858 1235 servirent,
2886 1179 2944 1224 et
2976 1171 3176 1225 misere
3212 1181 3608 1233 tractarentur,

2020 1270 2073 1316 et
2104 1262 2318 1315 inlinlta
2352 1263 2494 1316 mala
2517 1270 2874 1331 paterentur;
2909 1262 3053 1332 quod
3080 1262 3247 1316 etiam
3280 1262 3486 1318 factum
3523 1271 3608 1316 est

2024 1354 2078 1407 in
2115 1352 2313 1410 diebus
2368 1370 2477 1409 non
2535 1353 2786 1421 pluribus
2845 1370 3009 1422 quam
3072 1353 3163 1419 40,
3198 1370 3322 1408 cum
3382 1371 3609 1423 magnus

2024 1442 2203 1500 Moses
2245 1445 2420 1516 plagis
2453 1443 2561 1499 illis
2598 1460 2626 1498 a
2674 1449 2785 1501 Deo
2820 1446 3004 1499 missis
3042 1443 3339 1516 Egyptmn
3400 1462 3599 1513 percu-

2026 1539 2195 1599 tiens,
2243 1535 2501 1592 lsraclem
2563 1552 2592 1592 a
2648 1538 2915 1593 Servitute
2966 1537 3274 1591 Plnraouis
3322 1538 3602 1593 liberavit.

2024 1630 2244 1685 lnlinita
2278 1631 2572 1701 progenies
2606 1632 2659 1684 in
2706 1646 2895 1684 eremo
2939 1633 3161 1686 abunde
3210 1630 3521 1694 benedicta,
3555 1639 3611 1685 ct

2026 1722 2260 1778 inﬁnitis
2293 1723 2469 1777 modis
2498 1720 2956 1792 ingratitudinem
3000 1741 3155 1779 suam
3195 1726 3607 1789 demonstrans,

334 1812 578 1877 δουλείας
621 1814 713 1868 τὸν
746 1816 963 1887 Ἰσραὴλ
1004 1816 1403 1887 ἠλευθέρωσεν.
1444 1816 1512 1870 Ἦ
1547 1815 1717 1886 μυρία
1765 1814 1920 1884 εὐερ-

2028 1828 2178 1867 anno
2230 1812 2656 1884 quadragesimo
2700 1822 2924 1883 propter
2956 1816 3323 1884 pervicaciam
3376 1815 3452 1870 ibi
3493 1824 3606 1869 tota

335 1906 627 1975 γετηθεῖσα
662 1909 804 1961 κατά
839 1908 940 1979 τὴν
970 1908 1177 1979 ἔρημον
1223 1908 1408 1977 γενεὰ,
1452 1910 1546 1963 καὶ
1581 1909 1669 1963 διά
1707 1908 1920 1979 μυρίων

2028 1904 2205 1959 deleta
2252 1914 2355 1961 est.
2411 1902 2789 1961 Maduitcnim
2842 1908 3209 1978 polytbeismo
3253 1906 3499 1979 JEgypti.
3546 1906 3614 1960 ad

333 1998 716 2071 ἐπιδειξαμένη
758 1997 819 2053 τὸ
850 2000 1169 2070 ἀχάριστον,
1199 2000 1278 2071 τῷ
1320 2000 1747 2072 τεσσαρακοστῷ
1783 1999 1919 2064 ἔτει,

333 2088 419 2147 διά
445 2095 505 2145 τὸ
527 2094 847 2164 ἀνήκεστον,
874 2094 1064 2148 αύθότι
1092 2096 1241 2149 πᾶσα
1260 2095 1639 2162 κατέστρωται
1658 2108 1673 2125 ·
1704 2091 1923 2163 ἄκρατα

2029 1999 2341 2054 satietatem
2405 1999 2558 2054 illum
2613 1999 2912 2060 imbibens,
2944 2011 2996 2053 et
3040 2001 3261 2053 tandem
3312 1999 3612 2056 insolenter

2030 2108 2155 2149 sese
2176 2105 2370 2148 contra
2403 2092 2572 2149 Deum
2615 2094 3019 2149 benefactorem
3046 2092 3303 2149 cﬂereiis.

335 2187 443 2257 γάρ
470 2182 538 2258 ἦν
568 2189 843 2257 μεθύουσα
860 2189 921 2243 τὸ
951 2189 1047 2261 τῆς
1073 2188 1349 2260 Αἰγύπτου
1391 2188 1674 2256 πολύθεον,
1710 2189 1791 2253 εἰς
1822 2186 1982 2258 κόρον
2010 2190 2204 2243 τούτου
2236 2189 2460 2257 πιοῦσα,
2490 2190 2587 2244 καὶ
2628 2188 2720 2245 διὰ
2773 2190 2964 2253 τέλους
3026 2191 3106 2254 εἰς
3167 2191 3259 2243 τὸν
3318 2190 3616 2260 εὐεργέτην

338 2282 467 2336 Θεὸν
502 2282 883 2353 ἐξυϐρίζουσι.

419 2382 554 2435 Ἀλλ’
600 2381 708 2435 οὐδ’
743 2383 771 2434 6
806 2382 980 2451 μέγας
1032 2383 1091 2435 ἐν
1140 2383 1218 2453 τῷ
1266 2381 1674 2453 Δευτερονομίῳ
1715 2378 1921 2449 Μωσῆς

334 2474 478 2542 ἀξιοῖ
499 2475 715 2537 πλείους
744 2476 852 2528 τῶν
876 2474 1284 2545 τεσσαράκοντα
1310 2477 1493 2530 παίειν
1525 2476 1617 2528 τὸν
1655 2476 1916 2544 πλημμε-

335 2565 599 2635 λήσαντα,
628 2566 949 2637 προσθήκην
972 2568 1081 2637 γὰρ
1113 2568 1322 2637 ῦϐρεως
1348 2569 1448 2637 τὴν
1479 2565 1799 2639 προσθήκην
1820 2564 1923 2636 τῆς

338 2656 601 2726 μάστιγος
632 2656 709 2727 τῷ
746 2659 1008 2727 πάσχοντι
1032 2657 1309 2726 ἐλογίζετο
1329 2677 1341 2690 ο
1371 2659 1545 2730 ταύτῃ
1573 2674 1657 2711 τοι
1684 2659 1775 2712 καὶ
1807 2660 1922 2722 τοῖς

346 2748 621 2812 Ἰουδαίοις
652 2749 841 2820 ἤρεσε,
880 2753 1009 2819 μιᾶς
1046 2751 1274 2820 δεούσης
1305 2751 1509 2813 ταύτας
1542 2752 1793 2819 ἐπάγειν,
1827 2749 1921 2806 ἴνα

336 2841 415 2912 μὴ
438 2841 531 2894 τὸν
551 2843 991 2911 τεσσαρακοστὸν
1011 2843 1372 2913 ἐθελήσαντες
1392 2841 1635 2913 πληροῦν
1659 2843 1919 2914 ἀριθμὸν,

333 2935 432 2989 καὶ
472 2939 536 3005 τῇ
570 2935 717 3007 ῥύμῃ
750 2937 847 3005 τῆς
877 2936 1062 3008 χειρὸς
1098 2937 1490 3008 περιττοτέρας
1532 2936 1923 3008 ἐπενεχθείσης

333 3025 572 3095 πληγῆς,
623 3027 715 3080 καὶ
765 3027 991 3091 ἄκοντες
1042 3028 1134 3080 τὸν
1186 3028 1525 3097 τυπτόμενον
1564 3027 1917 3097 ἀτιμάσωσι·

333 3118 480 3189 παρὸ
520 3119 614 3172 καὶ
655 3121 683 3173 6
735 3119 906 3188 μέγας
944 3119 1155 3185 Παῦλος
1201 3121 1467 3185 πεντάκις
1504 3121 1919 3193 τεσσαρακόντα

334 3209 486 3277 παρὰ
522 3210 653 3278 μίαν
686 3211 922 3280 εἰλήφει.

420 3298 692 3370 ᾙνίττετο
722 3299 778 3353 δὲ
808 3302 835 3354 6
864 3300 1051 3370 νόμος,
1082 3300 1158 3365 ὡς
1188 3301 1246 3355 αἱ
1279 3302 1551 3372 μάστιγες
1575 3302 1919 3373 ἁμαρτανόν-

333 3408 442 3445 των
474 3391 603 3460 ἇχρι
642 3393 740 3462 τῆς
779 3392 1247 3465 ἐνανθρωπήσεως
1277 3394 1369 3447 τοῦ
1406 3394 1647 3465 Χριστοῦ
1695 3395 1919 3465 καὶτῆς

337 3483 401 3535 ἐκ
437 3482 644 3553 νεκρῶν
674 3481 839 3537 αὐτοῦ
863 3484 1216 3548 ἀναστάσεως
1257 3485 1317 3538 τὸ
1362 3486 1587 3557 ἐνεργὸν
1617 3479 1785 3556 εἶχον,
1825 3505 1921 3541 πε-

343 3576 570 3645 ραιτέρω
618 3575 677 3630 δὲ
732 3577 791 3629 ού
842 3576 1178 3648 προέϐησαν,
1212 3577 1605 3648 δωρησαμένου
1640 3580 1774 3632 πᾶσι
1808 3581 1920 3641 τοῖς

346 3664 685 3719 πιστεύουσιν
719 3668 800 3729 εἰς
841 3667 1005 3722 αὐτὸν
1037 3667 1126 3721 διὰ
1158 3666 1253 3722 τοῦ
1287 3667 1666 3739 βαπτίσματος
1703 3667 1922 3722 ἐλευθε-

345 3757 463 3826 ρίαν
486 3758 595 3811 τῶν
627 3758 721 3811 ἐπὶ
745 3761 855 3821 τοῖς
892 3759 1263 3831 πεπλημμελη
1273 3760 1457 3831 μένοις
1491 3759 1789 3817 κολάσεων.
1815 3759 1921 3814 Τὸν

339 3851 446 3920 γάρ
469 3850 590 3904 καθ’
629 3852 789 3921 qua:
810 3851 1000 3906 τοῦτον
1037 3852 1212 3907 αἰῶνα
1246 3855 1325 3918 εἰς
1352 3860 1395 3906 ε’
1426 3852 1767 3924 διαιροῦντες
1800 3870 1923 3908 και-

342 3941 467 4012 ρους
489 3943 537 3995 οἱ
569 3942 662 3995 τοῦ
692 3943 1033 4015 Πνεύματος,
1066 3944 1115 3997 α’
1145 3945 1245 4014 μὲν
1281 3940 1423 3998 εἶναί
1453 3962 1585 4015 φασι
1617 3944 1741 3998 καθ’
1772 3944 1831 3999 ὃν
1864 3945 1921 3998 ἐν

337 4034 414 4104 τῷ
449 4036 759 4106 παραδείσῳ
791 4037 993 4106 διάγων
1031 4035 1098 4109 ἦν
1142 4039 1313 4109 Ἀδάμ
1335 4054 1349 4069 ο
1402 4036 1469 4109 β’,
1496 4039 1587 4091 τὸν
1632 4038 1724 4092 ἐπὶ
1756 4036 1880 4094 Νῶε
1900 4052 1915 4068 ο

340 4127 409 4197 γ’,
441 4129 499 4183 6v
535 4132 562 4183 6
593 4130 768 4199 μέγας
816 4131 1065 4202 Ἀϐραὰμ
1095 4133 1161 4202 τῇ
1191 4131 1292 4201 τῆς
1326 4131 1608 4194 εὐσεϐείας
1648 4131 1922 4201 περιήγα-

338 4238 432 4289 γεν
458 4221 621 4295 αἴγλη
641 4240 655 4253 ·
694 4223 785 4275 τὶν
808 4220 851 4275 δ’
886 4224 982 4275 σὺν
1021 4224 1133 4285 τοῖς
1161 4222 1370 4287 λοιποῖς
1398 4225 1708 4296 προφήταις
1746 4225 1773 4276 6
1819 4223 1920 4292 μέ-

339 4329 440 4381 γας
481 4314 765 4384 ἐπλήρωσε
809 4313 1052 4384 Μωσῆςο
1096 4319 1140 4367 ε’
1184 4316 1283 4385 μέν
1328 4331 1409 4369 τοι
1454 4316 1550 4370 καὶ
1584 4315 1918 4383 τελευταῖον,

338 4405 500 4475 ἡνίκα
546 4406 579 4475 ή
626 4404 737 4457 τῶν
779 4403 1003 4471 ἀγαθῶν
1030 4405 1317 4459 τελευταία
1351 4408 1512 4477 φορὰ,
1545 4407 1579 4477 ἡ
1612 4405 1705 4460 τοῦ
1735 4406 1918 4477 Σωτῆ-

342 4513 455 4591 ρος,
487 4500 648 4567 φημὶ,
680 4492 1119 4591 ἐνανθρώπησις,
1151 4498 1325 4569 ὤρεξε
1376 4499 1544 4554 παντὶ
1594 4499 1674 4569 τῷ
1725 4499 1921 4570 κόσμῳ
1957 4534 2000 4591 D

339 4590 439 4659 τὴν
484 4590 856 4645 ἀνακαίνισινο
890 4589 977 4660 ἐφ’
1012 4590 1245 4646 ἑκάστου
1279 4593 1391 4663 γάρ
1417 4592 1624 4647 τούτων
1657 4593 1767 4647 τῶν
1799 4611 1924 4647 και-

346 4682 454 4752 ρῶν
481 4682 573 4736 καὶ
601 4683 761 4753 νόμος
792 4683 821 4736 6
857 4685 1153 4755 προσήκων
1177 4684 1396 4749 ἐδίδοτο,
1427 4685 1507 4757 τῷ
1547 4685 1650 4756 μὲν
1687 4686 1862 4757 Ἀδὰμ
1897 4687 1926 4741 6

340 4776 590 4844 φυσικὸς,
629 4777 658 4829 6
701 4776 802 4847 τῆς
839 4777 1221 4848 συνειδήσεως,
1250 4776 1311 4831 6v
1342 4777 1654 4849 ήθετηκὼς,
1686 4779 1923 4844 εὐθύνας

339 4867 677 4939 εἰσεπράχθη
704 4871 802 4936 τῆς
825 4870 1191 4939 παραϐάσεως
1214 4887 1229 4902 ⁸
1261 4873 1289 4925 6
1316 4872 1412 4943 τῆς
1438 4872 1794 4942 κρεωφαγίας
1827 4873 1924 4927 καὶ

338 4956 649 5021 οἰνοποσίας
672 4959 751 5031 τῷ
772 4959 895 5013 Νῶε
919 4976 934 4991 ο
962 4961 1041 5030 τῷ
1086 4962 1360 5032 Ἁϐραάμ,
1394 4963 1423 5016 6
1448 4965 1551 5032 τῆς
1577 4966 1882 5035 περιτομῆς
1904 4979 1919 4994 ⁸

337 5052 368 5103 6
401 5048 642 5121 γραπτδς
667 5052 830 5121 νόμος
873 5055 937 5107 ἐκ
968 5052 1120 5118 θείας
1152 5054 1523 5126 ἐπιφροσύνης
1552 5056 1642 5109 διά
1675 5056 1920 5119 Μωσέως

336 5143 474 5195 πᾶσι
514 5143 625 5206 τοίς
666 5143 727 5208 ἐξ
758 5145 967 5198 ἐκείνου
1002 5147 1131 5214 περί
1176 5146 1432 5201 πλείστου
1479 5148 1831 5218 ποιουμένοις
1860 5147 1923 5201 τὸ

338 5234 601 5289 εὐσεϐεῖν.
634 5236 703 5292 ’Ὀ
734 5252 795 5304 γε
825 5236 929 5308 μὴν
963 5237 1153 5309 Σωτὴρ
1180 5238 1517 5305 τελευταῖον,
1542 5239 1602 5293 τὸ
1632 5240 1730 5310 τῆς
1763 5239 1922 5312 χάρι-

335 5343 427 5389 τος
460 5327 810 5397 Εύαγγέλιον.
843 5330 940 5384 καὶ
962 5332 1061 5401 τήν
1091 5330 1290 5404 δαψιλῆ
1314 5332 1581 5404 χορηγίαν
1616 5331 1713 5386 τοῦ
1746 5333 1921 5387 Ilvati-

342 5434 511 5487 ματος
554 5421 690 5489 ἡμῖν
738 5421 1091 5492 ἐδωρήσαό³
1139 5422 1231 5475 τὸν
1274 5421 1332 5476 δέ
1369 5423 1685 5478 τελευταῖον
1727 5423 1919 5478 τοῦτον

337 5513 527 5583 καιρὸν
549 5515 846 5569 αἰνίττεται
879 5516 970 5568 καί
992 5514 1073 5581 τὸ,
1104 5515 1337 5588 Ιιέμπτῃ
1365 5515 1421 5570 δέ
1451 5518 1616 5585 γενεᾷ
1645 5517 1920 5587 ἀνέϐησαν

336 5607 385 5658 οἱ
419 5607 522 5659 τ,ἰοί
564 5607 781 5680 Ἰσραήλ
816 5607 874 5673 ἐξ
907 5608 1187 5677 Αἰγύπτου
1218 5625 1231 5640 ·
1270 5610 1327 5662 ἐν
1372 5608 1547 5679 τούτῳ
1579 5612 1690 5681 γάρ
1732 5612 1821 5680 τῆς
1860 5627 1917 5663 τε

337 5697 447 5750 τῶν
476 5698 772 5768 δαιμόνων,
805 5699 900 5752 καὶ
947 5700 1045 5771 τῆς
1088 5700 1197 5755 τῶν
1231 5700 1421 5755 παθῶν
1451 5700 1918 5773 ἐλευθερωθέντες

2104 2374 2209 2431 Sed
2253 2388 2355 2429 nec
2388 2388 2621 2444 magnus
2647 2370 2830 2426 Moses
2872 2368 2926 2423 in
2962 2368 3397 2424 Deuteronomio
3442 2369 3609 2424 delin-

2028 2478 2288 2541 quentem
2346 2467 2596 2537 pluribus
2625 2481 2790 2536 quam
2824 2464 3199 2534 quadraginta
3244 2462 3421 2533 plagis
3470 2462 3619 2517 luere

2034 2562 2186 2626 vult;
2212 2561 2340 2631 quia
2362 2559 2656 2629 reputabat
2677 2557 3054 2613 accessionem
3079 2557 3359 2627 plagarum
3389 2558 3598 2624 ignomi

2033 2652 2177 2705 uiam
2207 2649 2533 2719 perpetienti
2572 2648 2797 2703 addere.
2838 2646 3019 2715 Quare
3070 2657 3124 2701 et
3172 2644 3380 2702 Judteis
3418 2646 3620 2715 placuit

2030 2741 2202 2797 hasce
2229 2741 2387 2794 unica
2421 2739 2642 2808 dempta
2680 2737 2908 2805 inferre,
2947 2754 3014 2792 ne
3047 2753 3333 2790 numerum
3377 2738 3621 2807 quadra-

2021 2834 2308 2907 genarium
2342 2832 2646 2902 adimplere
2698 2831 3006 2893 suadentes,
3033 2840 3251 2900 propter
3268 2829 3447 2901 ipsum
3504 2844 3611 2883 ma.

2022 2942 2129 2981 nus
2170 2925 2435 2995 impetum
2484 2923 2733 2995 pluribus
2773 2921 2941 2977 illatis
2987 2922 3185 2992 plagis,
3243 2921 3409 2976 etiam
3466 2920 3621 2976 inviti

2026 3019 2377 3090 vapulantem
2414 3017 2743 3073 lacerarent.
2776 3014 2854 3070 De
2886 3029 2998 3084 quo
3023 3022 3078 3069 et
3129 3030 3363 3084 magnus
3389 3014 3623 3078 Paulus,

2020 3111 2329 3183 Quinquies
2360 3110 2726 3183 quadraginta
2769 3125 2879 3165 una
2916 3108 3100 3164 minus
3140 3108 3349 3178 accepi,
3389 3106 3486 3162 ait.

2093 3291 2278 3348 innuit
2305 3300 2487 3346 autem
2531 3290 2612 3345 lex
2652 3288 2796 3360 quod
2836 3289 3010 3360 plaga:
3054 3289 3401 3359 peccantium
3447 3304 3623 3358 uSqne

2024 3386 2091 3439 ad
2126 3385 2560 3439 incarnationem
2596 3380 2801 3438 Cbristi
2836 3394 2889 3437 et
2927 3383 3390 3439 resurrectionem
3452 3383 3625 3451 ipsius

2022 3494 2053 3533 e
2092 3478 2323 3533 moxtuis
2355 3474 2697 3539 obtinebant,
2733 3476 2965 3531 ulterius
2992 3484 3177 3531 tamen
3220 3491 3328 3530 non
3356 3476 3624 3545 procede-

2024 3568 2175 3632 bant,
2220 3566 2559 3623 concedente
2605 3566 2825 3621 Christo
2872 3564 3130 3619 omnibus
3180 3565 3235 3619 in
3287 3564 3466 3634 ipsum
3503 3579 3626 3618 cre-

2012 3660 2287 3717 dentibus
2316 3674 2413 3728 per
2467 3657 2799 3726 baptismum
2832 3656 3142 3710 debitarum
3180 3671 3466 3725 pinnarum
3524 3655 3623 3709 de-

2024 3750 2171 3805 lictis
2200 3750 2317 3805 suis
2351 3747 2761 3803 remissionem.
2797 3745 2931 3801 Nam
2970 3745 3069 3800 viri
3097 3745 3415 3817 spirituales
3439 3747 3627 3800 mundi

2025 3852 2216 3899 a-tates
2244 3844 2298 3898 in
2331 3842 2579 3913 quinque
2611 3840 3031 3904 distribuentes,
3067 3839 3300 3910 primam
3333 3854 3455 3895 esse
3478 3854 3628 3894 asse-

2024 3947 2173 4002 runt,
2199 3953 2367 4008 quam
2410 3935 2467 3990 iu
2500 3935 2762 4006 paradiso
2793 3936 2903 4006 egit
2951 3934 3153 4001 Adam,
3183 3934 3480 3988 secundam
3508 3948 3629 4001 qum

2025 4031 2095 4086 ad
2132 4028 2419 4084 Nuacbum
2451 4028 2701 4099 pertigit,
2747 4029 2963 4081 tertiam
2991 4041 3152 4097 quam
3182 4041 3412 4098 magnus
3444 4026 3625 4080 Abra-

2026 4123 2222 4178 bamus
2271 4122 2473 4177 illustri
2526 4120 2728 4192 pietate
2776 4128 3081 4191 transegit,
3140 4126 3391 4189 quartam
3447 4117 3626 4173 Moses

2027 4216 2119 4271 ille
2172 4230 2406 4286 magnus
2453 4222 2507 4269 et
2549 4214 2941 4284 prophetarum
2996 4210 3179 4265 caeteri
3239 4210 3627 4280 complebant;

2026 4307 2275 4378 quintam
2308 4320 2436 4362 vero
2469 4320 2532 4359 ac
2560 4306 2830 4371 ultimam,
2871 4303 3092 4375 quando
3128 4302 3321 4357 ultima
3348 4305 3622 4356 bonormn

2027 4401 2293 4466 accessio,
2334 4398 2667 4464 iucarnatio,
2707 4396 2955 4469 inquam,
2994 4396 3157 4469 242
3196 4396 3499 4450 Salvatoris
3526 4398 3624 4450 tuti

2028 4495 2237 4550 mundo
2268 4496 2682 4550 renovationem
2716 4492 2926 4547 attulit.
2983 4491 3221 4544 Cuilibet
3246 4491 3393 4543 enim
3428 4491 3625 4544 borum

2029 4597 2342 4659 temporum
2399 4588 2563 4642 etiam
2628 4586 2715 4641 lex
2780 4587 3114 4642 cunVeuiens
3169 4586 3294 4639 data
3322 4594 3443 4653 est;
3499 4584 3628 4639 Adae

2031 4684 2251 4753 quidem
2282 4682 2570 4748 naturalis,
2613 4680 2726 4737 sive
2754 4682 3125 4745 conscientiae,
3162 4697 3324 4752 quam
3360 4682 3448 4735 ille
3481 4693 3629 4751 pos:-

2033 4775 2244 4832 habens
2296 4776 2506 4831 crimen
2572 4772 2861 4844 apostasia:
2940 4774 3214 4840 incurrit;
3298 4774 3388 4828 lex
3442 4773 3628 4828 carnis

2027 4867 2385 4924 comedenda:
2414 4882 2479 4921 ac
2509 4866 2694 4921 vinum
2740 4867 2958 4937 potandi
2992 4866 3253 4932 Noacbo;
3291 4866 3629 4929 Abrabamo,

2027 4963 2123 5021 illa
2161 4958 2669 5025 Circumcisiuuis;
2736 4960 2819 5014 lex
2875 4968 3057 5014 autem
3093 4960 3296 5029 scripta
3344 4974 3410 5013 ex
3444 4960 3627 5013 divina

2032 5054 2402 5128 providentia,
2460 5068 2556 5122 per
2593 5053 2797 5109 Mosen:
2856 5054 3115 5110 omnibus
3174 5070 3239 5108 ex
3300 5053 3391 5107 illa
3434 5054 3624 5122 pietati

2030 5161 2256 5217 Operam
2339 5145 2696 5202 natantibus.
2792 5145 3053 5201 Salvator
3140 5145 3364 5201 demum
3439 5154 3627 5199 ucster

2029 5236 2385 5310 Evangeliun.
2423 5238 2611 5307 gratiae
2631 5247 2685 5294 et
2719 5239 2995 5310 copiosam
3016 5238 3258 5309 Spiritus
3283 5237 3625 5305 largitionem

2027 5331 2324 5389 concessit.
2376 5327 2746 5387 Novissimum
2810 5332 2914 5387 boe
2974 5340 3192 5402 tempus
3247 5329 3521 5398 signiﬁcat
3568 5338 3625 5382 et

2028 5439 2293 5483 ascensus
2352 5423 2590 5479 ﬁliorum
2635 5422 2804 5479 lsrael
2865 5426 3221 5495 generatione
3278 5422 3509 5490 septima
3557 5435 3623 5474 ex

2030 5517 2348 5589 Egypto»:
2396 5516 2452 5571 in
2488 5516 2594 5571 isto
2646 5516 2795 5572 enim
2848 5532 2875 5570 a
2904 5517 3171 5573 servitute
3216 5516 3526 5570 daemonum
3570 5520 3626 5565 et

2029 5613 2288 5667 vitiorum
2332 5609 2547 5665 liberati
2610 5610 2789 5665 salute
2829 5624 2925 5681 per
2976 5624 3234 5680 magnum
3286 5605 3617 5661 sacriﬁcium

2030 5705 2295 5775 acquisita
2328 5702 2685 5774 perfruimur.

337 5790 603 5856 δουλείας,
630 5793 726 5863 τῆς
746 5794 836 5847 διὰ
865 5793 956 5848 τοῦ
986 5794 1225 5864 μεγάλου
1250 5794 1492 5864 θύματος
1520 5796 1922 5869 ἁπηλαύσαμεν
1956 5799 2257 5868 σωτηρίας.

408 5886 669 5953 Τούτ-.υς,
698 5882 874 5960 οἶματ,
907 5889 1030 5953 τοὺς
1054 5887 1092 5942 ι’
1119 5890 1338 5961 καιροὶς
1374 5892 1739 5963 ὑποσημαίνει
1770 5892 1861 5947 καὶ
1890 5894 1919 5963 ή

2107 5889 2243 5948 Tum
2302 5889 2464 5947 etiam
2503 5890 2616 5949 banc
2664 5900 2870 5962 sep‘cm
2932 5900 3199 5962 tempora,
3259 5887 3403 5960 quod
3456 5900 3609 5958 puro,
