4054 6436
490 357 594 420 155

1671 358 2040 421 ΜΑΤΤιΙεαΙ
2084 357 2506 421 BLASTARIS

3637 356 3726 443 1W

485 468 775 526 subinuuit
807 478 859 523 et
884 471 1144 541 parshola
1173 469 1408 533 Domini,
1440 458 1530 541 qui
1571 470 1626 524 in
1667 469 1877 524 vineam
1905 485 2059 522 suam

2171 452 2319 539 παρὰ
2352 468 2448 523 τοῦ
2480 442 2898 539 μισθωσαμένου
2922 468 3049 537 τοὺς
3080 467 3317 539 ἐργάτας
3346 466 3432 533 εις
3461 466 3549 521 τὸν
3572 442 3726 524 αὑτοῦ

485 561 771 629 operarios
803 562 1092 631 conduxit,
1144 574 1313 633 atque
1360 564 1554 628 exivit,
1603 572 1657 616 et
1710 578 1871 617 mane
1913 563 2061 616 circa

491 655 681 706 horam
736 654 976 717 tertiam,
1016 664 1069 707 et
1104 656 1268 709 etiam
1293 666 1467 720 sexta,
1503 662 1558 709 et
1587 670 1753 720 nona,
1795 664 1846 708 et
1891 654 2063 709 unde-

490 745 663 813 cima;
698 760 803 815 qua
826 746 1043 813 quidem
1071 748 1202 801 hora
1224 758 1276 800 et
1305 746 1561 802 Christus
1591 746 1854 801 conduxit
1875 759 2063 817 gemes

488 838 554 890 ad
598 851 763 906 opera
818 837 1184 905 spiritualium
1239 826 1623 893 mandatorum
1682 849 1928 903 vocatas,
1983 836 2062 891 Ita

485 931 650 985 etiam
726 931 975 984 laborum
1058 920 1397 1001 praemium',
1474 931 1713 1002 primum
1797 929 2067 1000 posterio-

484 1021 639 1074 ribus
680 1020 856 1074 datur.
889 1017 1025 1073 Nam
1071 1036 1172 1076 nos
1226 1020 1692 1091 regenerationem
1729 1021 1888 1089 primi
1921 1021 2066 1076 obti-

487 1125 706 1176 nemus,
737 1096 878 1175 apud
913 1126 1053 1181 quos
1074 1119 1352 1166 mactatus
1382 1121 1465 1166 est
1489 1110 1872 1181 Cltristus,qui
1897 1113 2062 1166 etiam

486 1218 778 1271 resurgens
828 1219 859 1258 a
917 1206 1153 1260 mortuis
1185 1204 1452 1274 Spiritum
1486 1213 1735 1258 sanetum
1781 1205 1835 1258 in
1889 1205 2064 1260 nostri

488 1291 899 1345 renovationem
968 1290 1289 1349 insulllavit.
1359 1292 1632 1358 Quoniam
1705 1307 1837 1348 vero
1902 1300 2064 1348 aetate

487 1382 680 1436 mundi
712 1386 901 1450 quinta
938 1398 1163 1436 carnem
1210 1384 1511 1453 assumpsit
1565 1382 1847 1450 Servator,
1880 1399 2068 1441 resur-

490 1475 631 1527 rexit
661 1482 843 1528 autem
870 1474 958 1527 die
986 1484 1181 1529 octavo
1210 1474 1433 1545 (quippe
1451 1481 1575 1545 post
1601 1475 1916 1545 septimam,
1945 1477 2060 1530 sive

490 1568 819 1631 Sabhatum,
844 1567 1095 1636 sequitur
1113 1569 1230 1623 dies
1251 1575 1467 1633 octava,
1488 1584 1609 1637 quae
1630 1578 1711 1622 est
1733 1568 2060 1640 Dominica):

488 1658 718 1713 siducas
734 1667 859 1711 octo
886 1659 937 1711 in
956 1657 1219 1727 quinque,
1244 1658 1469 1713 habebis
1490 1656 1881 1728 quadraginta,
1900 1673 2063 1727 quem

494 1763 785 1804 numerum
831 1748 1269 1818 delinquentium
1311 1750 1482 1820 plagae
1528 1749 1670 1803 haud
1703 1756 2061 1819 exsuperant;

494 1853 617 1892 nam
659 1840 704 1894 si
738 1842 1095 1900 excesserfnt,
1144 1838 1344 1908 inquit,
1388 1839 1650 1909 vapulans
1690 1837 1910 1894 infamis
1943 1838 2066 1893 red-

491 1931 642 1983 ditur
678 1945 693 1985 :
730 1930 906 2000 turpis
939 1931 1082 1984 enim
1114 1944 1305 1985 revera
1354 1940 1437 1984 est
1477 1937 1531 1983 et
1579 1928 1798 1984 infamis
1828 1929 1920 2000 qui
1951 1929 2061 1995 jam

491 2021 730 2092 amplius
782 2023 1021 2091 vapulat,
1066 2020 1190 2075 dico
1225 2031 1406 2076 autem
1460 2030 1581 2091 post
1633 2022 1864 2092 gratiam
1904 2022 2064 2077 dicta}

487 2112 853 2169 retnissionis.
878 2112 1012 2167 Nam
1040 2120 1135 2166 aut
1171 2124 1430 2180 tanquam
1473 2110 1708 2166 inﬁdelis
1735 2112 2060 2178 castigatur,

488 2223 583 2265 aut
625 2220 885 2279 tanquam
940 2214 1063 2279 post
1108 2208 1497 2264 remissionem
1545 2206 1600 2261 in
1649 2206 1836 2276 priora
1865 2204 2065 2262 delicta

490 2306 800 2377 prolapsus_
1092 2362 1097 2367 ,

560 2402 700 2470 Quid
738 2411 918 2457 autem
947 2401 1155 2456 dixeris
1186 2400 1255 2456 de
1287 2401 1513 2456 muliere
1553 2418 1674 2471 qua:
1706 2403 1810 2473 legi
1857 2413 2064 2458 natura!

490 2496 753 2567 indulget,
792 2502 958 2566 atque
1009 2503 1232 2564 propter
1287 2496 1565 2549 carnalem
1621 2496 1951 2569 voluptatem
2006 2496 2063 2549 in

489 2598 650 2641 utero
676 2595 869 2655 gestat,
905 2596 958 2640 et
987 2590 1337 2655 postmodum
1376 2585 1430 2639 in
1456 2586 1632 2639 lucem
1672 2586 1841 2641 fetum
1905 2604 2063 2642 suum

490 2678 626 2743 cdit,
669 2693 736 2731 an
764 2678 829 2731 ad
864 2677 1050 2731 minus
1102 2691 1261 2745 quam
1290 2675 1359 2732 40
1401 2676 1516 2730 dies
1549 2692 1578 2731 a
1632 2678 1872 2733 ﬁdelium
1919 2695 2068 2733 com-

492 2768 751 2822 n-unione
800 2776 963 2837 atque
1003 2768 1178 2821 sacris
1223 2768 1503 2838 mysteriis
1564 2768 1913 2823 excluditur?
1968 2769 2069 2822 Mi-

495 2846 639 2915 nime
686 2874 856 2925 sane;
909 2866 988 2915 tot
1041 2859 1186 2911 enim
1236 2856 1430 2914 diebus
1460 2868 1514 2911 et
1568 2856 1824 2925 originali
1863 2860 1983 2913 labe
2014 2871 2067 2915 et

491 2951 677 3019 priore
719 2949 999 3018 voluptate
1041 2948 1186 3001 illaut
1228 2948 1446 3018 purgari
1495 2947 1651 3018 jubet
1685 2948 1769 3001 lex
1806 2944 2061 3015 Mosaica.

491 3041 649 3094 Anne
679 3038 842 3093 etiam
878 3052 1109 3105 magnus
1140 3036 1229 3091 ille
1272 3036 1451 3092 Moses
1491 3037 1650 3093 istius
1682 3037 1893 3091 numeri
1930 3038 2067 3092 obli-

2167 554 2491 631 ἀμπελῶνα,
2521 561 2580 625 ὃς
2612 546 2838 630 ἐξῆλθεν
2871 560 2989 630 ἃμα
3010 558 3159 629 πρωῒ
3191 560 3321 631 περ]Ι
3352 560 3539 635 τρίτην
3566 561 3722 631 ὥραν,

2166 655 2260 706 καὶ
2303 651 2380 721 ς’,
2413 656 2508 707 καὶ
2535 654 2601 720 θ’,
2634 655 2726 706 καὶ
2756 653 2844 721 ια’,
2884 652 3006 707 καθ’
3038 652 3105 723 ῆν
3138 651 3489 720 ἐμισθώσατο
3515 654 3581 706 τὰ
3610 653 3728 723 ἐθνη

2165 745 2194 798 6
2221 738 2455 815 Χριστὸς
2484 745 2799 815 κεκλημένα
2830 745 2962 814 πρὸς
3000 742 3267 816 ἐργασίαν
3302 744 3414 823 τῶν
3442 762 3730 815 πνευματι-

2167 838 2279 891 κῶν
2307 836 2555 905 ἐντολῶν,
2586 839 2671 891 ὅτε
2704 838 2797 890 καὶ
2844 837 2954 894 τῶν
3008 837 3185 910 ιργων
3233 837 3275 895 6.
3295 836 3486 915 μισθὸς
3525 838 3728 909 πρῶτον

2165 933 2279 994 τοῖς
2333 932 2577 1002 ὑστέροις
2628 931 2974 984 ἀποδίδοται·
3024 930 3230 1002 πρῶτοι
3286 931 3396 1000 γάρ
3434 933 3592 1001 ἡμεῖς
3634 932 3725 1004 τήν

2167 1018 2526 1088 ἀναγέννησιν
2574 1017 2936 1089 κομιζόμεθα,
2989 1013 3073 1085 οἷς
3124 1018 3287 1090 ἐτύθη
3340 1018 3593 1089 Χριστὸς.
3639 1021 3728 1076 καὶ

2144 1110 2405 1173 ’ἀναστὰς
2449 1109 2509 1163 τὸ
2552 1110 2708 1178 ἅγιον
2746 1112 2827 1174 εἰς
2863 1112 3207 1167 άνακαίνισιν
3247 1112 3406 1182 ἡμῶν
3439 1113 3728 1181 ἐνεφύσησε

2167 1201 2408 1271 Πνεῦμα.
2447 1202 2605 1255 Ἐπεὶ
2632 1204 2811 1259 τοίνυν
2835 1203 3223 1276 ἐνηνθρώπησε
3250 1204 3352 1273 μὲν
3375 1204 3465 1257 τὸν
3492 1204 3731 1274 πέμπτον

2165 1294 2361 1366 καιρὸν
2402 1296 2430 1348 6
2481 1296 2698 1367 Σωτὴρ,
2736 1298 2943 1367 ἀνέστη
2971 1299 3028 1352 δὲ
3058 1301 3124 1368 τῇ
3170 1297 3330 1369 ὀγδόῃ
3373 1297 3554 1371 ήμέρᾳ
3578 1296 3733 1367 (μετὰ

2165 1386 2274 1457 γὰρ
2300 1382 2396 1457 τὴν
2424 1387 2681 1458 ἑϐδόμην,
2728 1389 2849 1460 ήτοι
2894 1390 2957 1442 τὸ
3001 1389 3296 1458 σάϐϐατον,
3330 1390 3490 1460 ὀγδόη
3530 1390 3734 1452 πάντως

2132 1468 2199 1551 ’ή
2235 1479 2355 1555 μετ’
2383 1481 2599 1554 ἐκείνην
2628 1482 2932 1556 Κυριακὴ),
2963 1486 3012 1537 εἰ
3046 1484 3307 1546 πεντάκις
3336 1483 3427 1537 τὸν
3459 1490 3510 1554 η’
3544 1484 3738 1553 μετρή-

2167 1590 2305 1637 σεις,
2339 1575 2593 1645 εὑρήσεις
2638 1577 2729 1628 τὸν
2777 1582 2855 1645 μ’,
2883 1574 2943 1629 δν
2965 1574 3067 1645 οὑχ
3091 1575 3517 1644 ὑπερϐαίνουσιν
3551 1575 3606 1626 αί
3641 1573 3739 1642 μάο

2169 1682 2351 1734 στιγες
2379 1665 2489 1719 τῶν
2517 1667 2944 1737 ἁμαρτανόντων
2965 1684 2980 1699 '
3010 1670 3057 1723 εί
3090 1668 3136 1722 δ’
3175 1667 3602 1739 ὑπερϐήσοντιι,
3634 1683 3737 1735 φη·

2172 1759 2276 1822 σ’ν,
2311 1758 2687 1828 ἀσχημονήσει
2726 1759 2754 1812 6
2784 1761 3204 1831 μαστιζόμενος,
3235 1761 3502 1830 ἀσχήμων
3528 1758 3635 1828 γὰρ
3661 1757 3741 1810 ὕν-

2168 1860 2276 1906 τως
2324 1846 2418 1898 καὶ
2451 1846 2644 1917 ἄτιμος
2686 1849 2715 1901 6
2748 1849 3145 1919 μαστιζόμενος
3186 1850 3291 1913 ἔτι,
3322 1850 3469 1918 λέγω
3503 1848 3569 1916 δὴ
3611 1847 3741 1917 μετὰ

2169 1934 2270 2006 τὴν
2305 1938 2468 2009 χάριν
2502 1940 2601 2009 τῆς
2630 1940 2932 2011 εἰρημένης
2978 1942 3225 2010 ἀφέσεως
3250 1957 3265 1974 ο
3320 1941 3357 2012 ἢ
3404 1943 3515 2010 γὰρ
3549 1938 3623 2003 ὡς
3670 1938 3739 2008 μὴ

2171 2027 2470 2099 πιστεύσας
2522 2028 2869 2099 μαστίξεται,
2918 2030 2951 2102 ἢ
2994 2030 3069 2095 ὡς
3098 2030 3240 2099 μετὰ
3275 2030 3377 2101 τὴν
3407 2031 3599 2100 ἄφεσιν
3638 2028 3741 2090 τοῖς

2173 2115 2469 2190 προτέροις
2499 2120 2811 2191 περιπεσὼν
2838 2118 3255 2194 ἁμαρτήμασιν.

2241 2397 2308 2450 Τί
2338 2396 2384 2449 δ’
2413 2394 2482 2449 ἂν
2522 2396 2700 2459 εἴποις
2747 2392 3004 2465 περὶτῆς
3052 2392 3419 2463 δουλευούσης
3456 2394 3607 2465 νόμῳ
3652 2392 3747 2461 φύ-

2174 2502 2313 2549 σεως
2362 2482 2644 2554 γυναικὸς,
2687 2486 2781 2537 καὶ
2810 2484 2933 2538 καθ’
2963 2485 3160 2556 ἡδονὴν
3199 2485 3499 2556 ἐπιθυμίας
3551 2486 3746 2556 σαρκὺς

2171 2577 2437 2646 κυούσης,
2475 2576 2568 2629 καὶ
2606 2578 2687 2639 είς
2715 2575 2829 2643 φῶς
2873 2576 3225 2646 προαγούσης
3271 2575 3334 2629 τὸ
3364 2576 3554 2646 κύημα
3580 2594 3594 2641 ς
3624 2570 3747 2640 *Δρ*

2173 2666 2252 2726 εἰς
2284 2662 2541 2726 ἐλάττους
2585 2663 2696 2717 τῶν
2730 2669 2786 2733 μ’
2814 2664 3063 2735 ἡμερῶν,
3115 2665 3210 2718 καὶ
3255 2663 3357 2734 τῆς
3405 2666 3516 2719 τῶν
3553 2665 3746 2721 πιστῶν

2175 2756 2463 2820 κοινωνίας
2530 2757 2625 2811 καὶ⁵
2685 2756 2797 2810 τῶν
2858 2757 3227 2826 ἁγιασμάτων
3278 2757 3639 2835 ἐκϐάλλεταις
3672 2757 3743 2810 Οὑ

2148 2847 2308 2916 σδῆτα
2330 2863 2344 2879 ⁸
2380 2847 2467 2901 διὰ
2498 2847 2771 2901 τοσούτων
2799 2847 2906 2917 γὰρ
2930 2849 2961 2918 ή
2973 2847 3156 2918 μερῶν
3182 2847 3275 2900 καὶ
3304 2848 3400 2903 τοῦ
3430 2847 3746 2920 προγονικοῦ

2177 2940 2507 3009 μιάσματος,
2542 2936 2638 2992 καὶ
2680 2941 2778 3009 τῆς
2815 2940 2944 3009 πρὶν
2977 2938 3171 3008 ἡδονῆς
3198 2937 3408 3011 ταύτην
3439 2941 3748 3011 ἐκκαθαίρε-

2176 3031 2303 3084 σθαι
2348 3032 2377 3082 6
2416 3029 2509 3083 τοῦ
2552 3032 2795 3093 Μωσέως
2826 3031 2987 3101 νόμος
3015 3032 3416 3091 διακελεύεται.
3458 3033 3617 3086 Ἀλλὰ
3661 3029 3747 3084 τοῦ

495 3142 582 3185 tus
619 3140 738 3183 erat
787 3144 910 3183 cunt
959 3129 1180 3184 oceasio
1229 3127 1471 3183 ferebat?
1518 3128 1741 3183 Minime
1808 3129 2060 3198 quidem;

2171 3122 2406 3192 ἀριθμοῦ
2436 3121 2629 3176 τούτου
2661 3123 2717 3175 ἐν
2750 3123 2827 3193 τῷ
2868 3122 3122 3177 καλοῦντι
3154 3124 3247 3177 τοῦ
3285 3125 3485 3197 καιροῦ
3514 3127 3542 3179 ὁ
3572 3124 3752 3207 μέγας.

495 3237 619 3276 nam
671 3236 766 3290 per
795 3220 1155 3291 quadraginta
1210 3220 1332 3277 dies
1364 3236 1587 3279 carnem
1640 3236 1951 3283 inlacerans,
2008 3229 2064 3276 et

494 3312 657 3366 nubis
680 3312 858 3366 instar
888 3320 1201 3375 attenuans,
1239 3310 1473 3365 liberum
1500 3312 1745 3365 animum
1788 3312 1970 3366 attulit
1996 3313 2063 3366 ad

497 3401 909 3471 suscipiendum
968 3400 1440 3457 manifestatioucs
1494 3400 1736 3467 divinas,
1790 3412 1846 3457 et
1893 3404 2065 3456 multo

494 3493 716 3562 quidem
761 3491 984 3547 meliora
1021 3491 1250 3561 lapideis
1289 3491 1396 3547 illis
1450 3491 1670 3555 tabulis,
1713 3507 1850 3561 quas
1882 3508 1910 3547 a
1957 3492 2065 3548 Deo

494 3586 789 3655 accipiens,
836 3600 943 3639 non
1006 3585 1177 3640 multo
1217 3593 1340 3655 post
1378 3600 1490 3655 pra:
1527 3584 1739 3639 fervido
1772 3585 1890 3641 zelo
1933 3600 2065 3639 con—

496 3676 677 3747 l'n-git.
702 3674 936 3743 Ideoque
956 3677 1225 3729 secundas
1254 3676 1397 3743 leges
1433 3690 1651 3746 rogans,
1690 3676 1935 3748 iramque
1966 3677 2060 3731 Dei

496 3788 523 3821 ιι
554 3770 752 3838 populo
773 3766 1104 3836 deprecans,
1130 3765 1357 3821 totidem
1386 3767 1503 3823 dies
1523 3782 1585 3823 ac
1608 3768 2064 3839 prinsjcjunabal.

498 3860 815 3929 Pariterque
855 3874 955 3914 nos
982 3859 1195 3913 tabulas
1226 3860 1438 3929 peccati
1487 3858 1679 3913 fraude
1718 3860 1774 3913 in
1807 3861 2067 3914 cordibus

498 3952 699 4008 uestris
752 3961 1063 4015 concretas,
1104 3952 1235 4005 dum
1286 3951 1420 4020 legis
1472 3962 1735 4021 prmeepta
1765 3950 2066 4018 rejicimns,

496 4056 689 4097 rursus
710 4034 877 4113 pura's
919 4041 1094 4102 reddi,
1122 4051 1176 4095 et
1205 4042 1375 4111 legem
1414 4040 1509 4096 Dei
1550 4040 1935 4112 ipsisinsculpi
1962 4043 2070 4097 dis-

494 4134 751 4204 ciplinam
791 4150 887 4205 per
936 4131 1474 4201 Quazlragestmalem
1538 4147 1823 4187 curamus.
1854 4132 2069 4202 .Neque

494 4227 677 4281 istboc
699 4226 929 4279 multum
956 4239 985 4276 a
1025 4225 1122 4276 viri
1150 4222 1430 4293 proposito
1453 4221 1711 4277 abludere
1752 4237 1895 4279 reor.
1932 4223 2068 4278 Nam

492 4318 676 4373 Meses
708 4317 813 4373 iste
851 4316 935 4370 vir
975 4331 1226 4372 sunnnus
1256 4314 1324 4367 ad
1377 4325 1485 4369 tres
1536 4329 1805 4369 annorum
1842 4324 2070 4371 tessua-

491 4411 756 4464 conlades
780 4410 944 4461 vitam
1000 4407 1189 4467 traxit,
1237 4416 1400 4474 atque
1429 4419 1619 4458 earum
1672 4407 1901 4475 primam
1937 4407 2071 4462 tole-

2170 3210 2322 3277 οὗτος
2372 3214 2578 3282 Μωσῆς
2623 3213 3010 3283 ἐπιλέλησταις
3044 3214 3250 3268 Πολλοῦ
3295 3233 3363 3285 γε
3409 3218 3504 3270 καὶ
3538 3217 3651 3269 δεῖ⁸
3686 3211 3733 3266 δι

2171 3305 2397 3375 ἡμερῶν
2419 3304 2527 3372 γὰρ
2573 3310 2625 3373 μ’
2652 3303 2878 3375 νηστείᾳ
2900 3303 2999 3375 τὴν
3034 3306 3214 3375 σάρκα
3237 3306 3499 3379 ἐκτήξας,
3526 3306 3620 3362 καὶ
3642 3305 3747 3377 ῶσ-

2172 3413 2278 3464 περ
2319 3413 2369 3448 τι
2396 3395 2561 3463 νέφος
2593 3393 2885 3462 λεπτύνας,
2918 3397 3243 3469 ἐλευθερίως
3288 3401 3369 3472 τῷ
3402 3400 3479 3470 νῷ
3517 3402 3751 3472 παρέσχε

2172 3490 2269 3550 τὰς
2308 3487 2461 3551 θείας
2493 3487 2765 3555 ἐμφάσεις
2792 3488 3138 3556 εἰσδέξασθαι
3165 3505 3180 3521 ⁸
3211 3492 3306 3544 καὶ
3336 3493 3518 3564 πολλῷ
3553 3511 3613 3563 γε
3641 3491 3750 3557 βέλ-

2171 3596 2286 3633 τιον
2312 3580 2419 3633 τῶν
2460 3578 2680 3657 λιθίνων
2712 3580 2960 3643 πλακῶν,
2992 3581 3057 3645 ἃς
3091 3582 3277 3639 θεόθεν
3306 3583 3512 3653 λαϐὼν,
3550 3580 3665 3656 μετ’
3692 3583 3746 3635 οὑ

2174 3672 2309 3725 πολὺ
2335 3670 2493 3740 θυμῷ
2517 3671 2712 3741 δικαίῳ
2741 3671 3032 3742 συνέτριψε
3058 3688 3074 3705 ο
3108 3673 3189 3726 διδ
3219 3673 3315 3728 καὶ
3349 3676 3613 3745 δευτέρας
3639 3674 3754 3743 δεη-

2176 3764 2290 3827 θεὶς
2333 3763 2677 3834 νομοθεσίας,
2710 3764 2804 3817 καὶ
2850 3764 2942 3817 τὸν
2988 3764 3115 3819 λαὸν
3146 3766 3241 3836 τῆς
3276 3767 3455 3838 ὀργῆς
3500 3766 3594 3822 τοῦ
3622 3764 3750 3819 Θεοῦ

2176 3856 2639 3925 παραιτούμενος,
2676 3856 2776 3909 οὑκ
2802 3856 3059 3920 ἐλάττους
3085 3858 3193 3910 τῶν
3226 3861 3517 3931 προτέρων
3548 3859 3754 3929 ἡμέρας

2176 3950 2560 4019 νενήστευκεν.
2615 3949 2706 4011 Ὠς
2740 3947 2795 4001 δέ
2838 3950 2931 4001 καὶ
2956 3951 3119 4018 ἡμεῖς
3144 3950 3243 4012 τὰς
3281 3953 3664 4024 πεπονηκυίας
3694 3949 3753 4019 τῇ

2175 4041 2273 4108 τῆς
2301 4041 2579 4111 ἁμαρτίας
2620 4026 2881 4110 ἐπιϐουλῇ
2926 4042 3025 4111 τῆς
3056 4040 3287 4111 καρδίας
3332 4042 3491 4114 ήμῶν
3522 4040 3753 4102 πλάκας.

2175 4135 2273 4195 τὰς
2308 4130 2526 4195 ἐντολὰς
2552 4132 2936 4202 ἀπωσαμένων
2960 4130 3052 4185 τοῦ
3080 4134 3271 4203 νόμου,
3309 4132 3758 4206 ἀπειλικρινημέ·

2177 4242 2271 4289 νας
2316 4223 2470 4287 αὖθις
2524 4224 2818 4294 κτισθῆναι
2862 4227 2956 4278 καὶ
2995 4223 3085 4277 τὶν
3124 4224 3219 4277 τοῦ
3251 4226 3390 4280 Θεοῦ
3442 4229 3606 4296 νόμον
3662 4224 3756 4277 αὑ·

2176 4319 2294 4380 ταῖς
2326 4315 2740 4386 ἐγχαραχθῆναι
2780 4315 3156 4386 σπουδάζομεν
3200 4316 3288 4369 διὰ
3340 4318 3441 4390 τῆς
3494 4331 3757 4385 τεσσαραο

2180 4406 2521 4476 κονθημέρου
2557 4405 2949 4470 κακοπαθείας.
2988 4402 3123 4461 Οὑδέ
3156 4408 3315 4462 τοῦτο
3354 4406 3512 4480 οἶμαι
3551 4408 3639 4463 τοῦ
3670 4409 3755 4459 ἀν-

496 4505 637 4557 ravit
696 4502 748 4555 in
824 4501 1060 4571 Egypto
1121 4472 1365 4555 scientia:
1432 4472 1781 4567 acquirendae
1843 4500 2065 4581 gratial:

2174 4500 2300 4570 δρὸς
2334 4472 2531 4570 ’ἀτάῥρω
2574 4496 2795 4567 βάλλειν
2826 4498 2932 4568 τῆς
2964 4498 3274 4563 ὑποθέσεως
3301 4517 3315 4532 ·
3354 4472 3438 4563 είς
3467 4503 3617 4573 τρεῖς
3651 4500 3753 4569 γὰρ

495 4597 665 4650 altera
704 4595 885 4663 ipsum
933 4591 1088 4656 vidit,
1123 4592 1190 4646 de
1242 4604 1424 4646 rerum
1482 4591 1694 4645 naturis
1749 4592 1852 4647 sub
1892 4590 2067 4647 l'orm'a

493 4690 753 4758 pastoris,
835 4686 1005 4740 multo
1076 4697 1201 4738 cum
1285 4683 1486 4737 sudore
1569 4681 2066 4759 pluilomphantem,

493 4778 684 4831 ultima
710 4788 893 4830 autem
914 4776 1170 4843 populum
1203 4773 1433 4829 inﬁnitis
1450 4789 1570 4827 cum
1601 4775 1881 4828 laboribus
1905 4775 2066 4829 rexit.

2176 4590 2325 4644 ἐτῶν
2345 4589 2855 4660 τεσσαρακοντάδας
2906 4592 3114 4663 Μωσῆς
3145 4588 3298 4657 οὗτος
3331 4595 3359 4646 6
3394 4596 3535 4649 πάνυ
3566 4588 3752 4665 βεϐιω-

2180 4682 2314 4749 κὼς,
2354 4684 2454 4743 τὴν
2491 4684 2592 4752 μὲν
2654 4682 2780 4753 περὶ
2810 4683 2908 4753 τὴν
2938 4685 3210 4754 ἀνάληψιν
3251 4687 3363 4740 τῶν
3412 4689 3472 4740 ἐν
3502 4685 3754 4755 Αἰγύπτῳ

2179 4774 2519 4845 παθημάτων
2580 4774 2918 4828 κακοπαθῶν
2988 4777 3289 4830 διετέλεσεν
3342 4796 3357 4811 ·
3431 4781 3465 4850 ἦ
3534 4779 3590 4831 δὲ
3643 4772 3757 4827 τοῦ-

492 4886 586 4922 τον
616 4867 728 4939 εἶχε
755 4869 883 4938 περὶ
909 4870 1008 4938 τὴν
1036 4867 1273 4937 θεωρίαν
1312 4866 1419 4918 τῶν
1459 4866 1651 4929 ὄντων,
1689 4862 1747 4920 ἐν
1776 4868 2017 4938 σχήματι
2052 4872 2332 4941 ποιμένος,
2363 4866 2579 4933 πολλοῖς
2606 4867 2792 4939 ἱδρῶσι
2824 4868 3220 4938 φιλοσοφοῦντα
3259 4885 3272 4897 °
3318 4874 3385 4944 τῇ
3421 4871 3477 4924 δέ
3505 4870 3631 4940 ἐξῆς
3663 4866 3754 4937 τὴν

493 4961 589 5015 τοῦ
612 4958 852 5031 πλήθους
876 4960 1174 5029 ἡγεμονίαν
1206 4959 1420 5029 μυρίοις
1439 4958 1725 5029 διεχείριζε
1749 4959 1949 5025 πόνοις.

564 5058 706 5123 Quid
736 5072 862 5110 vero
884 5056 1238 5108 admiratione
1274 5055 1490 5125 dignius
1519 5068 1679 5123 quam
1742 5055 1873 5109 illud
1937 5074 2057 5129 pro-

495 5151 674 5220 pheta:
707 5146 971 5203 Thisbita:
1004 5166 1031 5201 a
1062 5146 1283 5202 chabel
1315 5148 1647 5218 aufugientis
1675 5149 1698 5202 '.'
1735 5149 1866 5217 quid
1921 5150 2063 5202 enim

496 5244 553 5297 in
593 5243 693 5296 hoc
721 5256 848 5295 casu
876 5240 1142 5311 optimum
1168 5248 1223 5294 ct
1264 5241 1544 5312 propheta:
1578 5241 1814 5295 maxime
1876 5255 2071 5295 convc-

494 5332 658 5386 uiens
686 5334 857 5385 visum
902 5332 1001 5386 luit
1041 5331 1063 5385 ?
1126 5346 1305 5386 annon
1344 5332 1827 5400 praesentissimum
1877 5332 2069 5401 ieiunii

422 5424 800 5505 Δ,τιξιιιριιὶιηιι
823 5424 845 5476 ?
870 5423 977 5477 Sed
1006 5440 1103 5478 nec
1138 5439 1351 5493 mqnum
1391 5421 1742 5476 existimabat
1780 5438 2069 5509 nurui-rum

499 5516 652 5567 illum
682 5518 981 5583 praeterire,
1018 5517 1207 5585 quoin
1248 5515 1399 5583 gravi
1454 5516 1558 5568 ista
1612 5515 2073 5582 contemplatione

503 5616 737 5659 ususest
765 5623 777 5659 :
804 5606 931 5672 quia
950 5618 1001 5659 et
1022 5618 1259 5673 nosopo:
1277 5613 1353 5657 tet
1377 5602 1667 5667 ambobus,
1687 5605 1830 5673 quod
1851 5604 2073 5665 dicitur,

504 5696 735 5763 pedibus
763 5713 789 5748 a
816 5695 1037 5750 .lvzalnd
1069 5694 1350 5764 aufugere.
1382 5691 1515 5746 Nam
1537 5694 1647 5754 illa,
1674 5710 1792 5765 qua:
1816 5695 2053 5763 intexpre

506 5787 670 5843 tando
708 5789 786 5843 \is
824 5790 999 5842 tuitus
1020 5797 1119 5843 est.
1144 5805 1235 5846 uct-
1275 5796 1421 5842 a'um
1451 5786 1736 5848 :i,,tt‘liv:at.
1761 5787 2079 5845 «1.;odttubis

2244 5050 2334 5126 Τῷ
2360 5055 2416 5111 δὲ
2440 5055 2503 5109 ἐκ
2530 5055 2744 5125 Θέςϐης
2774 5056 3049 5126 προφήτῃ,
3076 5047 3137 5106 οῦ
3163 5056 3215 5108 τί
3247 5054 3313 5108 ἂν
3341 5057 3520 5121 εἴποις
3552 5057 3755 5125 θαυμα-

2177 5150 2457 5217 σιώτερον,
2484 5150 2585 5218 τήν
2622 5148 2861 5211 Ἰεζάϐελ
2888 5147 3361 5219 ἀποδιδράσκοντι,
3391 5155 3444 5204 τί
3468 5151 3595 5203 ἄλλο
3622 5149 3754 5219 κρά-

2175 5255 2356 5291 τιστον
2399 5240 2456 5291 ἐν
2505 5240 2617 5299 τοῖς
2649 5238 2931 5301 τοιούτοις,
2986 5238 3076 5291 καὶ
3119 5239 3384 5314 προφήτῃ
3425 5242 3574 5309 μάλα
3624 5239 3753 5306 πρὸς

2178 5331 2379 5399 τρόπον
2412 5330 2754 5399 νενόμισταις
2781 5331 2840 5384 οὑ
2862 5330 2923 5382 τὸ
2940 5329 3356 5401 ἀνυσιμώτατον
3378 5332 3481 5402 τῆς
3506 5332 3751 5403 νηστείας

2181 5422 2506 5488 φάρμακον;
2554 5421 2714 5474 Ἀλλὰ
2743 5422 2831 5474 τέιν
2861 5422 3097 5493 ἀριθμὸν
3132 5424 3232 5477 οὑκ
3267 5423 3513 5477 ἐδικαίου
3550 5423 3754 5477 τουτονὶ

2182 5515 2462 5581 παριέναι,
2511 5513 2632 5581 μεθ’
2655 5514 2713 5566 ὃν
2743 5514 2836 5567 καὶ
2871 5515 2966 5584 τῆς
3005 5514 3247 5586 μεγάλης
3280 5516 3501 5587 ἐκείνης
3530 5514 3754 5585 θεωρίας

2183 5603 2411 5665 -ίξίωτοο
2441 5602 2560 5656 ἀνθ’
2589 5598 2663 5658 ὧν
2697 5604 2789 5658 καὶ
2819 5605 2950 5674 ήμῖν
2980 5604 3078 5677 τὴν
3121 5604 3363 5669 Ἰεζάϐελ
3393 5608 3459 5660 ὲκ
3492 5606 3637 5658 δυοῖν
3664 5619 3754 5654 πο-

2183 5692 2314 5754 διῖν,
2348 5692 2420 5757 ὡς
2451 5698 2646 5761 εἰπεῖν,
2684 5697 3103 5769 ἀποδιδράσκειν
3136 5699 3421 5771 προσῆκεν
3441 5715 3456 5731 ⁶
3484 5698 3624 5767 αὕτη
3654 5695 3754 5764 rip

2192 5783 2420 5848 πένθους
2458 5788 2610 5855 ἰσχῦς
2666 5788 3097 5858 ἐρμηνευομένη,
3132 5789 3228 5859 τὴν
3265 5788 3325 5841 :6
3366 5791 3585 5862 ἰσχυρὸν
3628 5787 3753 5857 ἡμῖν
