4054 6440
285 388 380 454 157

1272 394 1682 456 SYNTAGMA
1723 395 2348 460 ALPIIABETICUM.
2393 421 2460 433 --
2499 393 2562 446 Τ·

3429 391 3536 460 358

283 509 480 572 πένθος
525 509 894 581 προξενοῦσαν
946 511 1246 565 αῑνίττεται
1287 510 1589 581 ἁμαρτίαν.
1639 511 1735 564 καὶ
1775 510 1854 580 τῷ

1975 525 2120 566 :ausa
2159 517 2241 566 est
2264 511 2428 565 validi
2447 505 3398 580 gravisquemoeroris,‘mit.aturque
3415 512 3536 562 ani-

281 601 501 672 ψυχικῷ
541 601 874 656 ἀπειλούσαν
919 599 1263 671 παραδώσειν
1295 601 1542 671 Θανάτῳο
1573 601 1717 656 οὕτω
1760 603 1855 656 καὶ

283 693 393 746 τῶν
438 693 687 763 ἱστοριῶν
725 693 871 746 ἐστιν
909 694 974 756 ἃς
1013 695 1042 746 6
1075 691 1462 761 πνευματικῶς
1493 693 1856 746 ἀναπτύσσων

281 790 383 842 οὐκ
426 790 716 858 ἀμοιρήσει
742 789 1008 851 παιδείας,
1043 784 1172 856 ἦθος
1209 785 1540 855 ἀποχρώσης
1573 786 1854 856 ρυθμίσαι.

285 883 462 936 Πολλὰ
508 884 600 936 καὶ
644 882 720 952 τῷ
757 883 973 951 Σωτῆρι
1004 881 1098 933 τοῦ
1122 879 1363 950 ἀριθμοῦ
1394 881 1550 933 τοῦδε
1583 879 1820 949 ἐμέλησε
1839 895 1852 908 °

288 976 387 1046 τὴν
423 976 531 1044 γὰρ
568 975 790 1045 τριττὴν
816 973 974 1042 ἡμῶν
1005 973 1280 1042 γέννησιν,
1322 971 1422 1042 τὴν
1461 973 1524 1024 ἐκ
1559 972 1853 1041 σωμάτων,

293 1067 454 1138 φημὶ,
489 1067 586 1136 τὴν
615 1067 679 1118 ὲκ
707 1064 1104 1132 βαπτίσματος,
1141 1066 1239 1131 τὴν
1271 1063 1330 1128 ἐξ
1358 1063 1728 1126 ἀναστάσεως,
1761 1062 1857 1114 καὶ

289 1160 448 1223 αὐτὸς
479 1158 759 1226 οἰκονομίᾳ
789 1155 994 1223 μείζονι
1029 1154 1250 1224 μετιὼν,
1276 1155 1344 1207 δι’
1371 1155 1597 1225 ἡμερῶν
1617 1155 1858 1222 ἑκάστην

287 1250 690 1321 τεσσαράκοντα
748 1247 903 1316 ὤφθη
970 1245 1294 1309 τετελεκώς.
1359 1245 1513 1300 Μετὰ
1575 1246 1708 1312 γοῦν
1766 1245 1857 1298 τὸν

288 1345 594 1416 ἀπόρρητον
651 1343 709 1394 ὲν
759 1342 919 1410 σαρκῖ
968 1341 1149 1402 τόκον,
1195 1340 1388 1409 ἡμέρᾳ
1435 1339 1855 1408 τεσσαρακοστῇ

286 1436 366 1506 τῷ
431 1433 560 1505 ίερῷ
611 1434 1064 1503 προσενήνεκται,
1113 1430 1211 1501 τὴν
1272 1429 1412 1500 ἐμὴν
1461 1429 1859 1498 ἀφοσιούμενος

288 1528 582 1598 κάθαρσιν
617 1526 738 1578 οὐδὲ
783 1527 892 1594 γὰρ
925 1524 1086 1585 αὐτὸς
1131 1520 1336 1589 ταύτης
1387 1522 1583 1587 ἐδεῖτο,
1623 1523 1650 1574 ό
1689 1521 1861 1591 αἴρων

287 1623 385 1690 τὴν
411 1619 687 1689 ἁμαρτίαν
730 1618 826 1670 τοῦ
865 1616 1109 1686 κόσμου’
1145 1615 1288 1685 μετὰ
1318 1613 1451 1681 γοῦν
1480 1615 1540 1667 τὸ
1578 1614 1862 1684 βάπτισμα

292 1719 346 1783 με
379 1711 591 1781 ἡμέρας
627 1709 853 1779 νηστείᾳ
900 1705 1394 1772 καθοπλισάμενος,
1446 1703 1542 1757 τοῦ
1599 1703 1860 1773 πολεμίου

291 1803 803 1872 κατεστρατήγησεν
821 1817 835 1831 ⁸
865 1800 924 1852 οὐ
948 1801 1055 1867 γὰρ
1075 1798 1238 1866 ἠξίου
1276 1796 1556 1867 νηστεύων
1585 1795 1862 1865 ὑπερϐάλ-

290 1899 409 1952 λειν
438 1896 505 1949 τὰ
527 1894 869 1964 ἐσκαμμένα,
904 1891 998 1944 καὶ
1032 1893 1145 1954 τοῖς
1179 1889 1346 1950 θείοις
1379 1890 1614 1953 ἐκείνοις
1641 1889 1867 1958 ἀνδράσι

295 1991 463 2045 πάλαι
495 1987 848 2060 διηνυσμένα,
881 1985 966 2039 ἵνα
1002 1985 1076 2054 μὴ
1115 1984 1205 2038 τὸν
1239 1983 1534 2053 ἄνθρωπον
1565 1981 1868 2052 ὑποκρίνα-

295 2086 420 2138 σθαι
450 2081 754 2150 νομισθείη.
791 2077 890 2131 Διά
910 2077 1180 2130 τοσούτων
1211 2075 1268 2128 δὲ
1299 2073 1440 2144 μετά
1469 2076 1568 2146 τὴν
1609 2075 1868 2128 Ἀνάστα·-
1903 2079 1908 2084 ’

299 2194 404 2239 σιν,
444 2178 524 2238 εἰς
549 2173 608 2226 τδ
631 2171 1024 2242 ὑπερουράνιον
1062 2170 1269 2224 ἄνεισιν
1295 2167 1461 2235 ἱερὸν,
1491 2167 1738 2236 καθαρὰν
1770 2165 1868 2237 τὴν

300 2268 453 2337 ἡμῶν
477 2265 636 2334 φύσιν
666 2267 725 2316 ἐν
757 2263 940 2330 ἑαυτῷ
973 2262 1246 2331 παριστὰς
1273 2261 1350 2331 τῷ
1383 2261 1503 2332 Θεῷ
1534 2261 1630 2314 καὶ
1667 2262 1865 2330 Πατρί.

307 2362 467 2416 Ἀλλὰ
500 2359 595 2414 καὶ
623 2359 722 2428 τὴν
747 2358 828 2420 εἰς
850 2357 1129 2422 Αἴγυπτον
1161 2353 1485 2424 φυγαδείαν,
1516 2352 1615 2424 τὴν
1647 2351 1866 2422 νοητὴν,

299 2450 464 2520 φημὶ,
487 2448 885 2512 κακοπάθειαν,
921 2445 994 2506 ὡς
1022 2443 1287 2497 κάλλιστα
1309 2441 1648 2512 διαθέμενος,
1677 2458 1868 2512 τετρα-

295 2543 423 2612 ετὴς
447 2540 654 2594 ἐκεῖθεν
682 2537 741 2590 τὸ
768 2536 908 2590 κατᾶ
941 2536 1118 2605 σάρκα
1151 2535 1452 2589 ἐπάνεισιν.
1496 2532 1583 2596 Ὠς
1606 2535 1663 2586 ὲν
1695 2549 1869 2599 κεφσυ

296 2636 433 2706 λαίῳ
473 2634 530 2687 δὲ
580 2632 779 2695 είπεῖν,
811 2629 1161 2699 συμϐολικῶς
1211 2630 1425 2690 τούτοις
1464 2627 1633 2679 πᾶσιν
1687 2626 1752 2680 ἄν
1785 2641 1869 2687 τις

293 2725 662 2799 ἀποχρώντως
681 2724 1042 2795 τεκμήραιτο,
1088 2722 1164 2785 ὡς
1194 2719 1489 2789 συμπάσης
1524 2721 1619 2789 τῆς
1653 2718 1747 2770 ὑπ’
1779 2717 1867 2770 οὒ-

297 2819 486 2890 ρανδν,
519 2820 614 2874 καὶ
642 2819 754 2871 τῶν
775 2816 833 2869 ἐν
865 2816 1002 2886 αὐτῇ
1033 2813 1190 2878 ζώων
1211 2813 1290 2884 τῷ
1313 2810 1588 2882 ἀνθρώπῳ
1616 2811 1713 2879 τὴν
1740 2811 1869 2878 ἡγε-

301 2913 493 2984 μονίαν
537 2915 565 2964 6
610 2910 742 2973 Θεὸς
769 2909 1106 2978 ἐγχειρίσας,
1131 2907 1235 2962 οὐκ
1267 2904 1421 2974 ἠξίου
1461 2903 1570 2973 τὴν
1593 2903 1704 2963 τοῖς
1746 2901 1872 2954 ἀλό-

299 3024 420 3070 γοις
447 3007 676 3077 βάσιμον
708 3003 913 3076 ταύτην
941 3003 1110 3073 μόνην
1161 3000 1378 3072 οἴκησιν
1436 2997 1584 3068 ἔχειν
1631 2996 1727 3050 καὶ
1777 2994 1868 3048 τὸν

301 3100 425 3154 κατ’
464 3098 648 3152 εἰκόνα
691 3097 900 3150 ἐκείνου
935 3094 1262 3163 γενόμενον·
1297 3091 1442 3161 παρὸ
1488 3089 1583 3144 καὶ
1629 3089 1738 3160 ἰδίᾳ
1766 3089 1871 3158 πή-

301 3210 490 3263 γνυσιν
533 3191 681 3261 αὐτῷ
717 3189 939 3245 πάντων
974 3186 1205 3241 ὓστατον
1244 3183 1447 3239 ὡσανεὶ
1482 3182 1734 3252 βασίλεια
1778 3181 1870 3234 τὸν

1960 617 2104 657 mam
2123 604 2282 657 morti
2317 605 2548 656 tradere.
2571 601 2880 656 Occurrunt
2911 600 3076 669 igitur
3092 599 3252 671 25,3
3281 600 3528 652 liistoriie

1957 695 2172 765 quas-si
2205 696 2328 766 quis
2355 696 2718 763 spiritualiter
2743 695 3001 763 explicet,
3032 708 3141 745 non
3197 691 3532 746 destituetur

1959 788 2208 843 dom-ina
2235 803 2357 856 qua:
2384 787 2451 842 ad
2480 787 2650 841 vitam
2677 787 2816 841 bene
2847 784 3212 838 ordinandam
3265 781 3530 836 sufficiat.
3625 785 3632 792 '

1961 882 2188 936 Multum
2219 883 2382 934 etiam
2419 881 2624 948 placuit
2661 879 2931 933 Salvatori
2963 878 3373 935 Iricnumerus.
3403 874 3534 927 Nam

1960 971 2233 1038 triplicem
2270 975 2514 1022 nostram
2577 967 3016 1037 generationem,
3071 965 3434 1034 corporalem,
3483 971 3539 1014 et

1959 1059 2367 1127 baptismalem,
2401 1069 2456 1113 et
2502 1057 2653 1110 illam
2705 1056 3146 1120 resurrectionis,
3202 1055 3320 1123 ipse
3370 1055 3536 1106 etiam

1963 1153 2336 1223 praestantiori
2379 1151 2788 1222 dispensatione
2827 1150 3138 1212 sustinens,
3209 1145 3536 1216 quamlibet,

1962 1247 2207 1314 inquam,
2263 1243 2628 1316 quadraginta
2660 1243 2855 1296 diebus
2884 1239 3184 1309 perfecisse
3216 1238 3372 1292 visus
3422 1244 3536 1290 est.

1965 1338 2059 1394 Die
2085 1337 2231 1392 enim
2273 1345 2390 1405 post
2442 1327 2779 1389 ineli‘abile-m
2809 1347 2963 1386 suam
3030 1331 3084 1383 in
3122 1344 3287 1383 carne
3328 1328 3535 1380 nativi-

1962 1437 2126 1485 tatem
2174 1427 2585 1497 quadragesima
2629 1425 2684 1478 in
2739 1424 2944 1492 templo
2999 1421 3248 1485 oﬂ‘ertur,
3295 1428 3540 1472 nostram

1963 1521 2396 1592 purificationem
2446 1531 2801 1572 consecratis.
2867 1513 3056 1583 Neque
3109 1512 3256 1566 enim
3309 1511 3427 1579 ipse
3480 1525 3542 1562 ea

1963 1630 2102 1684 opus
2134 1611 2343 1677 habuit,
2376 1611 2466 1680 qui
2499 1611 2640 1664 tollit
2665 1617 2948 1678 peccatum
2981 1604 3193 1659 mundi.
3228 1602 3358 1656 Post
3415 1601 3547 1666 bap-

1963 1709 2187 1762 tismum
2216 1703 2581 1774 quadraginta
2619 1701 2834 1756 dierum
2859 1699 3074 1767 jejunio
3127 1705 3383 1750 armatus
3447 1693 3546 1746 lm-

1967 1807 2106 1853 stem
2193 1794 2504 1851 debellavit.
2566 1793 2751 1848 Noluit
2802 1792 2948 1848 enim
3029 1788 3330 1860 jejunando
3391 1785 3543 1839 limi-

1971 1899 2054 1944 tes
2078 1887 2360 1950 cxcedere,
2399 1901 2532 1940 eave
2563 1899 2684 1954 qua:
2719 1883 2897 1938 sancti
2943 1881 3017 1935 illi
3052 1881 3156 1935 viri
3209 1880 3341 1934 olim
3381 1893 3536 1947 pere-

1969 1991 2188 2052 gerunt,
2225 1994 2296 2034 ne
2331 1977 2736 2032 humanitatem
2778 1983 2988 2028 tantum
3030 1971 3294 2028 simulare
3327 1970 3544 2024 videi-r-

1973 2085 2080 2128 tur.
2123 2071 2253 2126 Post
2286 2068 2513 2123 totidem
2563 2068 2727 2124 etiam
2788 2065 2962 2120 diesa
3014 2063 3422 2119 resurrectione
3479 2061 3547 2115 ad

1969 2165 2198 2221 caeleste
2231 2162 2490 2232 templum
2549 2160 2820 2225 ascendit,
2861 2167 3117 2212 naturam
3174 2164 3424 2210 nostram
3491 2155 3544 2206 in

1956 2259 2156 2327 seipso
2203 2271 2387 2309 coram
2451 2253 2557 2310 Deo
2613 2251 2778 2307 Patre
2844 2267 3038 2321 puram
3098 2251 3322 2305 sistens.
3378 2247 3552 2302 Carte-

1970 2372 2092 2412 rum
2127 2362 2181 2408 et
2213 2353 2395 2422 fugam
2425 2367 2582 2408 suam
2619 2352 2676 2406 in
2724 2349 3044 2421 Egyptum,
3113 2344 3544 2401 intellectualem

1970 2464 2164 2519 nempe
2193 2445 2564 2510 amictionem,
2597 2457 2762 2512 quam
2816 2441 3022 2510 optime
3045 2438 3369 2508 disponens,
3426 2441 3552 2504 post

1955 2553 2206 2615 quatuor
2237 2555 2414 2596 annos
2445 2537 2570 2593 inde
2615 2535 2794 2606 quoad
2841 2548 3065 2589 carnem
3123 2545 3382 2585 reversus
3442 2537 3548 2580 est.

1969 2635 2152 2702 Atque
2185 2629 2580 2686 utsummatim
2629 2626 2837 2702 dicam.
2892 2623 3038 2694 typis
3071 2622 3221 2675 hisce
3287 2618 3549 2672 omnibus

1963 2725 2314 2783 sufﬁcienter
2338 2720 2603 2784 ostendit,
2640 2699 2787 2788 quod
2822 2716 2986 2776 Deus,
3019 2713 3240 2783 quando
3271 2711 3322 2763 in
3351 2725 3549 2763 uiantis

1971 2823 2196 2878 tradidit
2226 2819 2438 2874 homini
2471 2817 2644 2872 totius
2699 2814 2802 2869 sub
2862 2812 3004 2866 cmlo
3051 2809 3317 2878 regionis,
3347 2815 3400 2860 rt
3435 2820 3502 2857 mi
3526 2829 3552 2842 ο

1969 2915 2122 2969 nium
2152 2911 2204 2966 in
2259 2910 2354 2964 illa
2412 2904 2784 2974 animantium
2839 2901 3111 2972 regimen,
3166 2898 3343 2952 noluit
3394 2896 3547 2949 illum

1970 3005 2064 3076 qui
2103 3003 2284 3058 factus
2327 3009 2415 3058 est
2476 2998 2634 3069 juxta
2688 2994 2984 3066 imaginem
3042 3007 3224 3055 suam,
3283 2989 3489 3043 duntax
3534 2995 3554 3038 t

1967 3097 2081 3153 hac
2111 3095 2451 3158 habitatione
2481 3093 2616 3158 frui,
2645 3105 2767 3161 qua:
2801 3098 2855 3144 et
2879 3088 3059 3144 brutis
3118 3092 3269 3155 patet
3303 3099 3316 3137 :
3383 3096 3556 3151 quare

1969 3200 2025 3246 et
2059 3190 2316 3260 privatim
2360 3185 2463 3256 ipsi
2496 3185 2721 3248 struxit,
2751 3181 3055 3238 novissime
3099 3178 3373 3238 omnium,
3435 3185 3555 3228 tan-

302 3289 446 3342 θεῖον
472 3285 814 3356 παράδεισον,
843 3281 1054 3354 τρυφῆς
1084 3281 1256 3342 ὅντως
1291 3277 1512 3349 χωρίον,
1545 3276 1637 3330 καὶ
1670 3275 1869 3345 dolat;

1975 3299 2140 3354 quam
2175 3281 2463 3349 palatium,
2495 3277 2776 3334 caelestem
2800 3275 3142 3346 paradisum,
3206 3271 3388 3325 locum
3417 3268 3556 3323 deli—

305 3376 566 3448 φιλοθ-ἐοις
619 3374 955 3443 κατάλληλον
1007 3371 1334 3440 ἐνδιαίτημα
1359 3385 1373 3399 ·
1427 3369 1495 3422 ἶν’
1530 3371 1558 3423 6
1585 3368 1874 3437 ἄνθρωπος

305 3473 366 3524 ὲν
407 3468 579 3538 τούτῳ
629 3464 1007 3535 διαιτώμενος,
1036 3463 1270 3528 ἐκεῖθεν,
1317 3457 1408 3514 οἶά
1459 3479 1544 3524 τις
1585 3459 1728 3525 θεὸς,
1759 3457 1874 3519 τοῖς

312 3562 412 3616 ὑπὸ
462 3563 618 3632 χεῖρα
667 3559 734 3612 τά
782 3557 1128 3627 προσήκοντα
1177 3553 1498 3625 χρηματίζῃ
1534 3567 1550 3582 °
1617 3550 1706 3605 διὰ
1765 3549 1875 3621 γὰρ

318 3654 464 3707 τοῦτο
507 3654 599 3706 καὶ
626 3652 692 3703 ὲκ
724 3649 816 3702 δύο
843 3648 978 3702 πολὺ
1019 3651 1084 3718 τῇ
1132 3647 1294 3716 φύσει
1324 3647 1712 3716 διεστηκότων,
1747 3643 1876 3698 ἀλό-

313 3764 408 3816 γου
437 3748 524 3798 καὶ
549 3743 990 3815 λογικῆςηιούσίας
1013 3742 1372 3804 συντέθειται,
1407 3741 1490 3792 ῐνα
1532 3739 1676 3808 λόγῳ
1709 3755 1872 3790 κατα-

310 3837 577 3907 κωμῆται
613 3837 681 3890 τὰ
708 3835 948 3902 ἐπίγεια,
975 3833 1050 3895 ὥς
1081 3850 1144 3902 γε
1171 3832 1236 3902 δὴ
1269 3834 1388 3893 ταῖς
1419 3829 1742 3898 ὁγγελικαίς
1790 3827 1880 3880 δυ-

310 3931 507 4000 νάμεσι
537 3930 606 3982 τὰ
629 3928 890 3998 οὐράνιαο
936 3925 1070 3980 ἀλλά
1104 3925 1200 3994 τῆς
1227 3924 1330 3993 μὲν
1367 3921 1618 3993 δοθείσης
1657 3913 1879 3991 ἐντολῆς

311 4022 450 4093 πρὸς
481 4021 542 4074 τὸ
585 4018 1013 4090 παρεωραμένον
1061 4015 1210 4085 αύτῷ
1247 4014 1451 4084 μᾶλλον
1499 4014 1622 4067 ἀντὶ
1656 4009 1750 4065 τοῦ
1784 4028 1882 4064 πο-

311 4112 522 4168 θεῖσθαι
570 4110 994 4180 κατασυρείσης,
1021 4107 1125 4177 τῆς
1175 4107 1233 4160 δὲ
1276 4107 1481 4169 κακίας
1525 4105 1878 4174 ἐπιφυείσης,

311 4208 408 4262 καὶ
449 4204 622 4276 ταύτῃ
647 4203 745 4256 τὴν
787 4202 949 4269 φύσιν
977 4199 1312 4261 ἀλλοιωθεὶς,
1347 4200 1427 4260 είς
1468 4197 1674 4268 φθοράν
1702 4211 1762 4248 τε
1788 4195 1882 4248 καὶ

312 4298 401 4351 τὸν
428 4294 674 4366 γτηνώδη
707 4291 1045 4363 βίονάθλίως
1081 4289 1430 4362 μεταπεσὼν,
1474 4288 1534 4340 τὸ
1586 4286 1764 4341 κοινὸν
1789 4285 1884 4339 καὶ⁸

309 4394 420 4455 τοῖς
481 4391 696 4456 ἀλόγοις
744 4381 1440 4458 ἠλλάξατο.καταγώγιον’
1490 4379 1782 4450 ὑπερόριος
1827 4376 1884 4430 δὲ

311 4485 413 4554 τῆς
453 4483 599 4553 αὐτῷ
628 4481 874 4550 δοθείσης
899 4478 1075 4548 ἁϐρᾶς
1103 4477 1290 4538 ἑστίας
1322 4474 1613 4548 γενόμενος
1637 4513 1653 4538 ,
1685 4472 1745 4524 ού
1774 4469 1884 4540 γὰρ

1974 3376 2078 3432 ciis
2110 3372 2446 3435 abluentem,
2483 3378 2539 3426 et
2563 3368 2768 3424 animis
2825 3366 2993 3422 Deum
3045 3362 3362 3417 amantibus
3425 3373 3558 3413 con-

1977 3466 2204 3522 veniens
2242 3462 2565 3530 hospitium,
2602 3468 2663 3513 nt
2698 3459 2882 3521 homo,
2951 3455 3043 3524 qui
3121 3452 3197 3508 ibi
3260 3460 3559 3510 VCI‘SMIII‘,

1982 3566 2242 3627 tanquam
2267 3555 2405 3612 deus
2431 3552 2656 3620 aliquis,
2689 3549 2929 3604 subditis
2956 3547 3076 3602 suis
3104 3545 3306 3600 idonea
3333 3541 3560 3608 dispen-

1961 3658 2146 3714 sat-et.
2184 3647 2318 3704 Nam
2349 3646 2492 3702 hanc
2522 3645 2593 3699 ob
2613 3658 2838 3699 causam
2870 3656 2937 3696 ex
2965 3639 3181 3696 duabus
3215 3637 3380 3689 rebus
3407 3631 3562 3686 valde

1980 3743 2126 3800 inter
2167 3755 2228 3804 se
2253 3736 2728 3808 discrepantibus,
2768 3729 3075 3790 irrationali
3105 3741 3270 3797 atque
3305 3724 3560 3780 rationali

1956 3843 2180 3891 natura
2209 3831 2504 3894 conﬂatur,
2557 3835 2619 3884 .ut
2656 3826 2876 3882 ratione
2931 3822 3041 3877 rite
3098 3817 3563 3875 administrentur

1983 3926 2294 3990 terrestria,
2351 3922 2518 3978 sicuti
2553 3918 2816 3989 potentiis
2853 3913 3120 3985 angelicis
3173 3909 3446 3966 coelestia.
3492 3907 3565 3962 At

1984 4033 2115 4074 vero
2147 4032 2272 4082 cum
2308 4013 2650 4080 mandatum,
2681 4009 2825 4080 quod
2850 4007 2926 4062 illi
2955 4007 3144 4061 datum
3188 4014 3292 4068 est,
3323 4004 3378 4056 in
3417 4017 3555 4056 con-

1983 4117 2252 4180 templum
2287 4105 2473 4176 potius
2499 4117 2670 4174 quam
2703 4099 3040 4156 desiderium
3075 4104 3340 4153 traxerat.
3398 4102 3566 4158 atque

1987 4179 2129 4254 malo
2158 4198 2472 4256 accedente,
2508 4193 2612 4247 huc
2635 4191 2760 4260 ipso
2793 4195 3036 4242 mutatus
3067 4194 3188 4240 erat
3211 4179 3393 4252 quoad
3466 4195 3562 4232 na-

1953 4345 1956 4348 .
1990 4303 2190 4355 turam,
2223 4298 2388 4358 atque
2419 4286 2475 4340 in
2506 4282 2914 4348 corruptionem
2966 4280 3244 4346 vitamque
3279 4270 3564 4327 bestialem

1988 4387 2298 4458 prolapsus,
2321 4393 2614 4434 commune
2645 4375 2811 4431 etiam
2842 4371 3022 4426 brutis
3059 4369 3296 4424 sortitus
3341 4379 3430 4434 esi
3470 4362 3569 4414 ho-

1990 4452 2240 4546 spitium.
2278 4473 2549 4526 Exsulans
2597 4468 2819 4538 quidem
2853 4461 2998 4516 felici
3046 4462 3161 4513 larc
3197 4455 3300 4526 ipsi
3361 4452 3568 4506 dudum

310 4541 658 4650 ﬁdvﬂéptgnb
688 4574 787 4643 τὴν
819 4541 1026 4640 ιρθοράν
1058 4571 1133 4639 μὴ
1163 4541 1525 4639 προσιέμενον
1562 4564 1764 4638 χωρίον
1806 4565 1875 4618 οἰ-

1992 4579 2282 4628 conresso,
2315 4563 2516 4633 (neque
2547 4558 2696 4612 enim
2750 4554 2832 4609 fas
2857 4560 2976 4607 erat
3001 4565 3125 4605 eum
3153 4547 3244 4616 qui
3273 4546 3380 4612 iam
3422 4541 3574 4610 abjc-

2243 4656 2254 4662 -
2352 4652 2420 4662 ·--
2668 4657 2678 4662 -
2725 4645 2867 4662 ιαμ--
2946 4660 2982 4662 -_
3025 4651 3126 4662 .-,,,_
3184 4641 3360 4662 1A,,___n
3401 4637 3566 4662 :Mn,“

312 4676 430 4724 κεῖν
455 4671 546 4724 τὸν
575 4668 906 4740 μετεκδύντα
927 4668 987 4721 τὸ
1011 4665 1236 4736 φαιδρὸν
1264 4665 1364 4731 τῆς
1402 4662 1712 4734 ἀφθαρσίας
1757 4660 1892 4731 ἱμά-

316 4782 452 4829 τιον,
489 4765 624 4834 πρὸς
658 4764 749 4816 τὸν
782 4762 1036 4816 σύνθετον
1071 4762 1285 4813 τουτονὶ
1314 4759 1412 4812 καὶ
1440 4759 1658 4827 ὀμοιρυᾶ
1687 4756 1892 4827 κόσμον

315 4859 539 4921 εἰκότως
569 4856 891 4920 ἀπεωθεῖτο,
921 4854 1043 4908 ὅθεν
1071 4852 1148 4921 δὴ.
1169 4851 1264 4906 καὶ
1295 4850 1669 4921 προσείληπτο
1690 4865 1702 4879 ο
1801 4843 1892 4900 οἷα

317 4949 572 5016 συγγενεῖ
608 4950 704 5018 τῆς
749 4936 959 5007 ὀἰκείας
992 4943 1310 5012 σκαιότητος
1341 4941 1628 5012 μεταδοὺς,
1671 4941 1896 5009 ματαιό-

313 5057 477 5110 τητος
512 5039 845 5110 ὑποχείριον,
890 5040 983 5091 καὶ
1017 5036 1222 5106 φθορᾶς
1267 5037 1360 5089 καὶ
1398 5033 1696 5096 κακώσεως
1725 5034 1894 5086 τόπον

314 5133 640 5203 εἰργάσατοο
675 5129 914 5193 τοιοῦτος
942 5130 997 5182 δὲ
1032 5129 1195 5182 πάλιν
1236 5128 1331 5182 καὶ
1355 5125 1559 5179 οὑτοσὶ
1593 5126 1892 5188 καταστὰς,

313 5227 472 5296 δίκην
503 5226 728 5292 ἐνδίκως
759 5223 952 5296 ὥσπερ
982 5223 1240 5293 λαγχάνει
1289 5218 1490 5290 πρώτῳ
1518 5216 1595 5288 τῷ
1625 5217 1724 5287 τὴν
1759 5217 1895 5286 φθο-

319 5319 418 5386 ρὰν
448 5315 598 5381 αὐτῷ
631 5314 1054 5384 προξενήσαντι,
1099 5311 1372 5382 τροντίσι,
1401 5309 1495 5363 καὶ
1533 5309 1758 5371 λύπαις.
1800 5308 1895 5362 καὶ

320 5409 611 5479 μερίμναις
665 5406 968 5475 βιωτικαῖς,
1003 5399 1114 5458 οἷόν
1162 5421 1272 5456 τισι
1322 5400 1614 5472 τριϐὖλοις,
1664 5399 1894 5462 σκύτους

323 5499 645 5568 πικρότερον
695 5495 856 5546 αὐτὸν
918 5493 1302 5562 αἰκιζόμενοςο
1355 5493 1429 5554 ὡς
1473 5495 1581 5561 γὰρ
1633 5490 1765 5559 πῦρ.
1799 5488 1896 5542 καὶ

316 5589 554 5660 σκώληξ,
584 5590 675 5642 καὶ
710 5588 806 5654 ίὸς,
839 5589 917 5649 εἰς
950 5586 1064 5654 φῶς
1093 5587 1374 5656 προϊόντα,
1413 5585 1526 5646 τοῖς
1554 5581 1896 5650 γεννησαμέο

317 5704 424 5747 ν’έις
459 5684 701 5752 πρώτοις
727 5681 1088 5743 ἐπιϐουλεύει,
1126 5680 1268 5737 οὕτω
1307 5679 1402 5731 καὶ
1440 5677 1472 5745 ὴ
1501 5675 1668 5728 κακία
1697 5675 1773 5746 τῷ
1805 5674 1895 5726 κό-

317 5798 434 5849 σμῳ
479 5773 896 5837 ἐπεισελθοῦσα,
931 5771 1204 5840 ἀνθρώπῳ
1234 5771 1435 5840 πρώτῳ
1461 5768 1546 5822 ξιξ
1573 5768 1757 5820 τούτου
1789 5768 1894 5820 lcu-

313 5873 502 5937 Gizatt,
558 5869 638 5938 τῷ
673 5867 871 5938 ταύτης
916 5865 1253 5936 δημιοεργίζ).
1300 5866 1397 5917 Διὰ
1453 5866 1665 5918 πάντων
1716 5861 1892 5913 τοίνυν

1997 4667 2149 4716 cerat
2177 4652 2521 4726 splendidam.
2545 4645 2903 4703 mortalitatis
2926 4651 3156 4702 vestem,
3184 4641 3362 4693 locum
3401 4637 3568 4689 istum

1996 4752 2268 4814 habitare,
2290 4746 2381 4818 qui
2411 4744 2815 4810 corruptionem
2849 4753 2912 4794 ac
2940 4735 3325 4791 mortalitatem
3361 4728 3571 4791 novit“,

1997 4846 2052 4900 in
2082 4843 2374 4899 confusum
2409 4838 2556 4892 hunc
2612 4843 2664 4888 et
2715 4841 3011 4903 cognatum
3065 4827 3331 4881 mundum
3379 4821 3575 4876 merito

1998 4933 2345 4994 tradebatur,
2404 4925 2546 4981 unde
2575 4924 2744 4980 etiam
2805 4928 3121 4986 assumptus
3187 4918 3406 4977 fuerat;
3463 4910 3575 4972 cui,

1997 5035 2259 5092 tanquam
2320 5015 2638 5086 eomparilis
2702 5023 2913 5068 natura:
2979 5011 3047 5065 de
3093 5024 3196 5064 sua
3253 5003 3580 5061 infelicitate

1997 5118 2341 5189 impertiens,
2376 5109 2603 5165 vanitati
2636 5121 2759 5160 eum
2788 5103 3046 5172 subjecit,
3077 5109 3240 5169 atque
3271 5095 3579 5148 mortalita-

1997 5184 2154 5265 tis-et
2186 5203 2420 5260 miserim
2450 5202 2626 5253 locum
2675 5195 2934 5250 reddidit.
2995 5195 3092 5248 llic
3144 5199 3332 5244 autem
3379 5184 3576 5239 istius.

1998 5301 2143 5355 modi
2173 5298 2350 5352 factus
2389 5293 2580 5346 merito
2611 5291 2763 5359 paria
2800 5285 3051 5355 rependit
3080 5283 3151 5345 ei,
3185 5279 3276 5349 qui
3336 5275 3572 5346 primum

1998 5394 2106 5461 ipsi
2158 5395 2572 5458 corruptionem
2628 5379 2833 5443 intulit,
2886 5377 3038 5432 curis
3084 5384 3136 5428 et
3205 5370 3490 5430 arumnis,
3525 5374 3582 5417 rt.

1998 5483 2392 5545 sollicitudine,
2426 5487 2688 5546 tanquam
2715 5473 2988 5534 sentibus,
3029 5467 3251 5540 gravius
3291 5476 3454 5532 quam
3485 5458 3584 5510 lla-

1999 5580 2138 5650 gcllo
2168 5578 2346 5644 ipsum
2372 5570 2644 5638 afﬂigens.
2677 5567 2811 5621 Nam
2848 5573 2905 5616 ut
2967 5561 3134 5632 ignis,
3163 5565 3217 5612 et
3243 5553 3467 5615 vermis,
3525 5559 3578 5602 et

2003 5671 2158 5726 virus
2193 5669 2247 5720 in
2314 5664 2494 5717 lucem
2541 5661 2742 5714 ettzissa
2805 5653 3126 5726 parentibus
3173 5648 3289 5704 suis
3345 5644 3581 5714 primum

1999 5760 2352 5821 insidiantur,
2383 5755 2456 5808 ita
2476 5760 2526 5806 et
2559 5749 2760 5804 malum
2786 5749 2994 5801 intrans
3027 5745 3079 5796 in
3106 5740 3368 5796 mundum
3409 5737 3588 5789 homi-

1998 5871 2116 5911 nem
2145 5855 2373 5922 primum
2395 5857 2668 5903 auctorem
2705 5843 2997 5913 pcripsum
3031 5839 3194 5894 laedit.
3231 5833 3385 5889 ll-uuc
3419 5831 3585 5903 igitur
