4054 6440
270 435 365 503 161

1266 434 1680 497 SYNTAGMA
1722 435 1969 497 ALPHA
1987 434 2349 496 BETICUM.
2388 460 2458 472 -
2498 431 2561 484 Τ.

3431 439 3531 504 162

264 554 426 625 κείων
481 550 782 623 σύμπασαν
843 551 1029 621 φύσιν,
1093 553 1171 615 εἷς
1206 550 1265 604 τὸ
1303 553 1531 622 ἀρχαῖον
1572 549 1854 621 βουληθεὶς

1960 549 2171 604 stinum
2212 555 2419 603 statum
2463 548 2757 603 restituere
2799 547 3007 612 volens,
3044 556 3099 604 et
3153 550 3535 607 immortalita-

264 645 594 710 εναττλάσαι,
632 646 728 699 καὶ
754 644 852 713 τὴν
879 643 1194 714 ἀφθαρσίαν
1244 640 1400 707 αὖθις
1437 642 1841 713 φιλανθρώπως

267 739 617 812 χαρίσασθαι,
655 737 749 805 ἀφ’
788 737 968 807 ἡμῶν,
1022 734 1093 787 δι’
1137 730 1278 803 ὢνή
1330 734 1510 803 φθορὰ
1566 735 1736 787 πάὶαι
1764 732 1843 803 τῷ

269 830 434 884 παντὶ
462 828 843 899 ἐπεκώμασεν,
871 826 1026 898 ᾠήθη
1052 828 1163 879 δεῖν
1184 826 1283 896 τῆς
1312 825 1560 897 ἰατρείας
1586 825 1841 895 ἀπάρξα-

272 925 415 990 σθαι,
457 922 764 993 ἰσαρίθμοις
823 922 1077 988 ὀργάνοις
1112 919 1247 988 πρὸς
1276 919 1436 972 τοῦτο
1466 919 1841 989 χρησάμενος.

274 1017 380 1078 Τὰς
411 1016 517 1083 γὰρ
549 1017 605 1067 ὲν
632 1015 766 1084 ἡμῖν
810 1011 1128 1082 ἐπιρρώσας
1189 1011 1405 1080 πρῶτον
1446 1012 1683 1080 φυσικὰς
1723 1010 1845 1065 τέσ-

277 1124 439 1173 σαρας
474 1105 698 1175 ἀρετὰς,
731 1104 790 1156 ἐν
812 1103 963 1173 καλῷ
990 1102 1208 1155 κεῖσθαι
1250 1102 1480 1170 νομίσας
1520 1103 1589 1154 τὰ
1629 1101 1843 1169 μεγάλα

272 1199 509 1263 στοιχεῖα
542 1196 638 1264 τῆς
676 1196 733 1248 ὲν
760 1194 908 1261 αὐτῷ
939 1197 1133 1263 καινῆς
1161 1177 1418 1256 κτίσεως,
1455 1194 1526 1246 τὰ
1576 1196 1842 1263 τέσσαρσι,

270 1291 437 1358 φημὶ,
493 1274 822 1355 Εὖαγγέλία,
882 1286 942 1350 ἐξ
975 1286 1307 1357 ἁντιῤῥόπου
1364 1289 1478 1345 τοῖς
1534 1284 1763 1355 ἀψύχοις
1786 1286 1845 1336 ὲν

270 1382 401 1448 ἡμῖν
424 1380 529 1440 τοῖ,
561 1378 801 1443 λογικοῖς
836 1378 1214 1447 ὑπεστήσατο,
1259 1379 1501 1447 τέσσαρα
1550 1377 1710 1440 ἄττα,
1750 1377 1845 1429 καὶ

266 1473 428 1527 ταυτὶ
456 1472 800 1542 περιέχοντα,
856 1471 1126 1539 δόγματα,
1173 1469 1394 1531 ἐντολὰς
1420 1511 1435 1530 ,
1479 1468 1840 1536 ἐπαγγελίας,

268 1567 364 1617 καὶ
395 1565 623 1627 ἀπειλάς
649 1580 665 1597 ⁸
695 1563 769 1626 ὡς
796 1564 864 1618 ἂν
879 1566 991 1627 τοῖς
1015 1562 1337 1616 πιστεύουσι
1367 1563 1469 1632 μὲν
1514 1564 1625 1624 τοῖς
1640 1562 1846 1630 δόγμα-

271 1674 347 1721 σι,
387 1657 480 1709 καὶ
511 1655 637 1725 περὶ
666 1654 920 1707 πλείστου
956 1654 1056 1716 τὰς
1082 1654 1300 1715 ἐντολὰς
1342 1653 1711 1722 ποιουμένοις,
1745 1650 1846 1723 τὴν

270 1752 329 1801 ὲν
368 1746 726 1815 δπαγγελίαις
753 1745 1087 1816 κομίσασθαι
1146 1746 1243 1814 τῆς
1300 1745 1579 1808 υἱοθεσίας
1625 1744 1845 1815 ὑπάρξῃ

273 1842 674 1909 μακαριότητα,
713 1841 783 1909 τῇ
830 1838 1009 1892 κτίσει
1030 1838 1088 1891 δὲ
1123 1838 1222 1892 σὺν
1248 1839 1457 1901 αὐτοῖς,
1494 1840 1575 1900 εἰς
1609 1838 1711 1908 τὴν
1744 1836 1846 1906 τῆς

270 1902 583 1999 άφθαρσίας
612 1902 1177 2002 μεταστοιχειωθῆναι
1209 1929 1571 2002 λαμπρότητα
1590 1946 1607 1962 ⁸
1638 1902 1751 1993 τοῖς
1789 1902 1848 1983 δὲ
1880 1902 1923 1959 Β

276 2021 355 2093 μὴ
376 2001 525 2074 οὕτω
556 2001 811 2093 ποιητέον
845 2001 989 2076 εῖναι
1013 2021 1410 2093 πεφροντικόσι
1436 2021 1576 2092 μετὰ
1600 2020 1700 2092 τὴν
1724 2038 1851 2089 φρι.

272 2115 410 2184 κτὴν
437 2115 653 2183 εκείνην
676 2115 1015 2184 οἰκονομίαν,
1043 2114 1178 2167 ἀλλὰ
1214 2114 1380 2183 μέχρι
1407 2113 1609 2174 παντὸς
1632 2113 1726 2166 επὶ
1751 2113 1852 2183 τῆς

278 2208 475 2270 κακίας
534 2207 890 2278 μιμενηκόσι,
951 2208 1135 2261 πᾶσαν
1193 2206 1387 2260 ἐλπίδα
1435 2204 1696 2275 δευτέρας
1724 2206 1853 2260 ἀνα·

282 2296 527 2360 πλάσεως
558 2299 1000 2370 περιαιρεθῆναι,
1027 2300 1136 2353 τῶν
1180 2300 1238 2354 δὲ
1272 2301 1662 2372 ⁴Ιγπειλημένιιιιν
1684 2302 1851 2356 κολά-

279 2404 417 2441 σεων
449 2389 645 2442 αὐτίκα
678 2389 822 2457 μάλα
860 2390 1248 2461 κληρονομεῖν.

357 2477 498 2530 Ἀλλ’
525 2479 712 2549 ἐπειδὴ
743 2484 903 2552 περή
935 2483 1179 2551 νηστεία,
1207 2484 1349 2537 κατὰ
1378 2482 1472 2539 τὸν
1495 2484 1655 2555 ἆγιον
1674 2487 1852 2541 είπεῖν

274 2569 565 2639 Κύριλλον,
600 2572 873 2642 κάθαρσις
911 2574 1123 2643 πέφυκε
1169 2575 1279 2628 τῶν
1315 2576 1480 2631 πέντε
1515 2578 1849 2649 αἰσθήσεων,

271 2661 341 2713 δι’
364 2654 439 2715 ὧν
468 2662 825 2732 ἀστράπτειν,
856 2663 886 2733 ἢ
918 2665 1254 2735 μολύνεσθαι
1293 2669 1360 2737 τῇ
1382 2667 1532 2739 ψυχῇ
1569 2672 1851 2741 περιγίνε-

272 2771 383 2817 ται,
414 2755 447 2823 ἡ
474 2754 530 2807 δὲ
552 2754 813 2823 κάθαρσις
835 2755 974 2823 αὕτη
996 2758 1095 2828 τὴν
1121 2760 1179 2810 ἒν
1201 2761 1268 2829 τῇ
1301 2760 1463 2830 ὀγδόῃ
1491 2760 1854 2830 ἐλπιζομένην

273 2849 540 2914 ἐγγυᾶται
604 2852 1026 2920 μακαριότητα,
1089 2852 1689 2907 πολυπλασιασθέντων
1744 2854 1855 2911 τῶν

276 2943 438 2995 πέντε
491 2940 630 3009 πρὸς
683 2942 750 2994 τὰ
800 2941 965 3006 ὀκτὼ,
1022 2942 1051 2994 ό
1088 2944 1539 3012 τεσσαρακοστὸς
1595 2946 1855 3011 γεννᾶται

273 3032 508 3100 ἀριθμός
531 3050 544 3062 ·
567 3032 653 3085 διὰ
679 3034 742 3099 δὴ
773 3033 945 3086 ταῦτα
974 3033 1175 3098 πάντα,
1204 3036 1279 3097 ὼς
1308 3035 1606 3101 δέδεικται,
1636 3039 1700 3105 τῇ
1732 3053 1857 3088 τεσ-

279 3123 753 3193 σαρακονθημέρῳ
777 3125 1001 3197 νηστείᾳ
1041 3124 1140 3188 τὰς
1195 3126 1375 3196 ψυχὰς
1421 3126 1580 3195 ἡμῶν
1608 3128 1857 3199 ἀχρειου-

281 3217 449 3281 μένας
484 3219 548 3286 τῇ
572 3216 720 3288 λώϐῃ
746 3216 846 3286 τῆς
897 3217 1177 3288 ἁμαρτίας
1225 3218 1558 3285 ὲγκαινίζειν
1593 3222 1652 3272 ἐν
1681 3218 1855 3291 τούτῳ
1884 3252 1926 3309 C

274 3308 372 3362 τοῦ
400 3308 591 3381 καιροῦ
646 3309 1125 3379 προστετάγμεθα,
1160 3310 1285 3364 καθ’
1320 3310 1381 3363 ὃν
1415 3311 1510 3365 καὶ
1550 3310 1774 3381 ξύμπας
1829 3314 1857 3365 ὁ

278 3398 480 3468 κόσμος
509 3401 576 3469 τῇ
608 3402 744 3470 προς
771 3400 841 3455 τὰ
866 3400 1104 3471 κρείττω
1145 3401 1422 3474 μεταϐολῇ
1457 3401 1581 3457 κατ’
1606 3403 1858 3458 ἐνιαυτὸν

282 3492 664 3560 ἔγκαινίζεται.

964 3588 1171 3656 Νόμοι.

365 3675 543 3731 Ὀτιαί
570 3678 673 3748 πρὸ
704 3678 800 3732 τοῦ
832 3680 1026 3748 Πάσχα
1056 3682 1100 3743 ζ’
1134 3679 1343 3751 ἡμέραι
1383 3681 1478 3751 καί
1512 3680 1569 3734 ai
1605 3681 1745 3748 μετᾶ
1800 3682 1860 3735 τὸ

287 3766 471 3837 Πάσχα
510 3769 793 3831 τοσαῦται,
856 3773 950 3822 καὶ
986 3772 1020 3839 ὴ
1074 3770 1174 3839 τῆς
1235 3768 1476 3838 Χριστοῦ
1549 3772 1861 3837 γεννήσεως

282 3859 492 3930 ἡμέρα,
516 3864 607 3914 καὶ
635 3863 668 3932 ὴ
702 3862 813 3914 τῶν
844 3863 1019 3932 ἁγίων
1047 3861 1384 3931 Θεοφανίων,
1438 3862 1535 3914 καὶ
1564 3863 1596 3930 ἡ
1628 3862 1721 3913 τοῦ
1756 3864 1864 3913 πά-

282 3952 408 4011 θους
434 3952 536 4005 τῶν
558 3955 890 4018 ἀποστόλων,
923 3954 1022 4007 καὶ
1048 3954 1083 4024 ἡ
1107 3952 1386 4025 Κυριακὴ,
1418 3953 1694 4023 ἄπρακτοί
1727 3953 1859 4017 είσι,

280 4047 378 4095 καὶ
398 4043 520 4097 οὔτε
552 4044 754 4117 θέατρα
780 4047 836 4099 ὲν
868 4046 1061 4109 αὑταῖς
1099 4045 1358 4111 τελεῖται,
1395 4043 1521 4098 οὔτε
1555 4045 1681 4114 δίκη
1708 4045 1864 4114 λέγε⁴

279 4152 387 4191 τευ.

367 4231 453 4283 Ἐν
486 4234 601 4293 ταῖς
647 4232 1052 4301 προλαΰούσαις
1085 4231 1182 4286 τοῦ
1216 4234 1411 4303 Πάσχα
1440 4232 1862 4302 τεσσαράκοντα

286 4322 541 4391 ἡμέραις,
576 4325 724 4378 πᾶσα
751 4323 981 4395 ζήτησις
1006 4325 1115 4377 τῶν
1145 4323 1574 4395 ὲγκληματικῶν
1604 4322 1861 4393 βασάνων

285 4413 553 4482 σχολάζει.

320 4507 563 4561 ΚΕΦΑΛ.
613 4511 705 4576 εἷ’.
744 4510 878 4577 Περὶ
920 4509 1031 4577 τῆς
1051 4510 1121 4563 ἐν
1143 4508 1215 4578 τῇ
1253 4507 1485 4576 τετράδι
1517 4505 1825 4573 νηστείας.

1947 655 2055 696 tom
2109 657 2304 697 rursus
2350 641 2581 710 benigne
2643 640 2855 711 largiri.
2903 657 3118 719 militum
3181 643 3532 700 existimabat

1948 736 2291 790 curationem
2328 735 2597 789 inchoare
2647 751 2676 789 a
2716 735 2899 798 nobis,
2967 751 3061 805 per
3094 751 3235 805 quos
3292 738 3419 791 olim
3474 740 3529 794 in

1950 827 2271 881 universum
2295 828 2578 895 corruptio
2610 835 2856 896 grassata
2879 839 2984 893 est,
3017 845 3279 885 numeros
3310 831 3534 899 paribus

1952 917 2237 972 mediisin
2304 918 2445 972 hanc
2484 934 2598 973 rem
2665 920 2893 974 utendo.
2943 920 3325 991 Opportunum
3381 925 3530 978 enim

1947 1011 2271 1065 existimans
2328 1012 2505 1080 primo
2557 1022 2798 1081 quatuor
2836 1014 3069 1070 virtutes
3115 1016 3396 1071 naturales
3465 1018 3521 1070 in

1949 1102 2107 1157 nobis
2135 1103 2519 1168 corroborare,
2555 1120 2752 1175 magna
2788 1105 3010 1176 quidem
3040 1107 3312 1161 elementa
3369 1124 3525 1163 novae

1949 1205 2153 1249 nostra:
2202 1197 2503 1252 creationis
2573 1211 2832 1266 quatuor,
2906 1200 3177 1266 inquam,
3238 1199 3531 1269 Evangelia

1949 1286 2257 1350 substituit,
2327 1303 2449 1357 qua:
2500 1289 2742 1358 stupidis
2814 1292 3020 1344 nostris
3106 1293 3535 1361 cogitationibus

1947 1378 2492 1446 aequiponderarent.
2536 1380 2731 1435 lsthaec
2775 1382 2945 1451 igitur
2976 1393 3215 1451 quatuor
3239 1398 3364 1437 cum
3401 1385 3533 1446 sint,

1949 1472 2142 1525 eadem
2183 1480 2365 1526 tamen
2404 1472 2869 1541 complectuntur.
2898 1475 2969 1530 do
2994 1476 3204 1537 trinas.
3238 1484 3533 1544 przecepta,

1950 1561 2361 1631 promissiones,
2392 1570 2443 1616 et
2468 1565 2945 1630 comminationes,
2965 1566 3038 1620 ita
3062 1576 3117 1618 ut
3150 1566 3259 1620 illis
3285 1567 3379 1634 qui
3400 1567 3538 1620 doc-

1948 1652 2104 1707 trina:
2130 1652 2533 1721 lidemhahent,
2555 1663 2610 1709 et
2634 1655 2888 1711 mandata
2906 1658 3130 1711 maximi
3155 1656 3389 1722 faciunt,
3418 1657 3538 1712 fell-

1949 1747 2170 1800 citatem
2205 1747 2542 1815 adoptionis,
2576 1762 2740 1817 quam
2778 1748 3077 1818 praeferunt
3105 1749 3536 1818 promissiones,

1950 1835 2210 1904 indipisci
2236 1837 2427 1900 detur,
2468 1846 2635 1906 atque
2687 1841 2852 1893 etiam
2910 1848 3184 1894 creaturae
3239 1854 3347 1894 una
3408 1856 3534 1894 cum

1953 1928 2089 1998 ipsis
2117 1928 2173 1981 in
2206 1928 2554 1997 splendorem
2584 1929 3010 1985 immortalitatis
3056 1932 3440 1986 transmutari.
3470 1930 3539 1985 Iis

1952 2036 2082 2075 vero
2130 2020 2226 2091 qui
2294 2022 2492 2075 horum
2546 2022 2686 2076 nihil
2744 2033 3015 2093 praestare
3072 2024 3324 2087 Student,
3382 2039 3535 2092 spem

1952 2130 2170 2168 onmem
2257 2112 2516 2169 secunda:
2576 2115 2988 2172 reformationis
3076 2116 3321 2185 praecidi,
3368 2124 3536 2185 atque

1952 2206 2325 2262 comminatae
2413 2220 2608 2277 poenas
2680 2208 2936 2278 protinus
3006 2209 3294 2265 subituros
3380 2222 3538 2264 com-

1952 2308 2162 2354 monet.

2024 2473 2296 2541 Quoniam
2332 2491 2463 2531 vero
2480 2476 2782 2546 jejunium,
2810 2485 2866 2530 ut
2892 2493 3017 2532 cum
3056 2489 3259 2533 sancto
3325 2477 3536 2550 Cyrillo

1954 2564 2456 2637 loquantpurgatio
2518 2580 2603 2624 est
2663 2572 2910 2639 quinque
2965 2587 3285 2637 sensuum,
3331 2572 3537 2642 quibus

1955 2659 2191 2713 animam
2224 2659 2307 2713 vel
2337 2658 2563 2713 nitidam
2595 2660 2713 2714 dari
2756 2662 2835 2715 vel
2889 2662 3150 2730 pollutam
3208 2663 3481 2731 contingit
3516 2680 3534 2718 :

1954 2749 2074 2805 haec
2105 2758 2284 2803 autem
2320 2752 2572 2820 purgatio
2601 2752 2761 2805 istam
2807 2770 2973 2822 quam
3046 2755 3099 2809 in
3136 2764 3329 2808 octava
3377 2765 3539 2812 a'tatc

1956 2851 2338 2908 exspectamus
2365 2842 2754 2897 beatitudinem
2783 2845 3038 2913 spondet,
3061 2855 3379 2915 certamque
3407 2847 3540 2902 facit

1956 2948 2021 2986 ex
2050 2934 2297 3002 quinque
2320 2934 2501 2988 ductis
2534 2934 2586 2987 in
2623 2945 2771 3001 octo,
2823 2939 3054 3008 emergit
3085 2954 3348 2994 numerus
3398 2954 3537 3006 qua-

1957 3022 2319 3091 drageuarius
2353 3035 2613 3093 ιρι-ορεστ
2646 3024 2749 3077 ista
2784 3025 2995 3089 omnia,
3028 3036 3087 3079 ut
3116 3035 3398 3080 ostensum
3431 3035 3537 3088 est.

1957 3111 2324 3184 quadraginta
2365 3114 2580 3168 dierum
2615 3115 2835 3184 jejunio
2881 3118 3097 3172 animas
3144 3125 3367 3171 nostras
3422 3118 3541 3170 labe

1963 3205 2174 3271 peccati
2239 3206 2574 3272 debilitatas,
2610 3223 2876 3262 renovare
2924 3224 3217 3262 monemur
3268 3209 3371 3262 hoc
3418 3209 3540 3279 ipso

1963 3305 2245 3364 tempore,
2301 3299 2526 3367 quando
2587 3300 2751 3353 etiam
2839 3302 3076 3357 mundus
3142 3301 3435 3358 universus
3485 3304 3539 3355 in

1963 3388 2164 3442 melius
2194 3387 2496 3460 quotatinis
2528 3400 2899 3447 restaurator.

2667 3568 2849 3623 Leues.

2667 3587 2849 3639 Leges.

2038 3662 2255 3731 Septem
2297 3662 2414 3714 dies
2459 3671 2583 3714 ante
2618 3660 2852 3723 Pascha,
2879 3669 2932 3715 et
2968 3660 3191 3716 totidem
3235 3670 3357 3731 post
3385 3662 3538 3729 illud,

1964 3768 2129 3821 atque
2178 3754 2295 3806 dies
2342 3752 2647 3805 nativitatis
2675 3751 2907 3818 Christi,
2933 3765 2984 3806 et
3017 3753 3118 3806 SS.
3148 3752 3543 3824 Theophauio-

1964 3861 2110 3904 rum.
2163 3855 2213 3897 et
2264 3842 2426 3914 245
2469 3844 2768 3912 passionis,
2805 3855 2856 3898 et
2891 3844 3293 3914 apostolorum,
3335 3855 3391 3900 et
3433 3844 3542 3898 Do-

1966 3932 2176 3998 minici,
2213 3942 2345 3987 sunt
2371 3948 2536 4002 opere
2592 3934 2774 3997 vacui,
2819 3949 2996 4001 ne,ue
3049 3934 3364 4002 spectacula
3424 3942 3541 3990 tum

1967 4023 2257 4088 habentur,
2284 4040 2459 4094 neque
2477 4023 2570 4094 jus
2598 4023 2823 4078 dicitur.

2038 4220 2141 4276 Per
2175 4221 2539 4293 quadraginta
2582 4223 2700 4277 dies
2728 4223 2940 4279 Pascha
2992 4223 3308 4281 immediate
3338 4242 3542 4298 praeco-

1965 4316 2161 4370 dentes
2208 4315 2579 4384 quaestionum
2648 4316 3018 4371 criminalium
3089 4317 3314 4387 agitatio
3362 4322 3546 4379 omnis

1969 4414 2174 4461 cessat.
3089 4420 3093 4426 ’

2176 4496 2327 4552 CAP.
2372 4496 2458 4550 Vl.
2522 4495 2597 4551 De
2634 4497 2844 4565 jejunio
2896 4497 3045 4564 feria:
3101 4512 3329 4569 quarm.

352 4601 513 4666 Ζιζτει
548 4602 603 4652 ὲν
634 4601 713 4669 τῷ
734 4602 814 4671 λβ¹
855 4619 984 4670 κεφ.
1009 4602 1103 4655 τοῦ
1138 4603 1187 4655 Κ
1235 4601 1437 4654 κανόνα
1481 4604 1542 4651 ιε’
1577 4596 1670 4650 τοῦ
1697 4596 1855 4663 ἁγίου

2035 4590 2232 4656 Quaere
2283 4588 2335 4642 in
2363 4604 2485 4658 cap.
2526 4589 2592 4642 5⁸7
2634 4591 2735 4642 litt.
2784 4588 2828 4642 Κ
2857 4605 3122 4645 canonem
3164 4594 3230 4648 15
3292 4597 3349 4647 S.
3393 4594 3539 4649 Petri

284 4692 495 4762 Πέτρου
535 4694 962 4762 Ἀλεξανδρείας,
986 4696 1078 4749 καὶ
1109 4695 1167 4746 ὲν
1190 4692 1269 4764 τῷ
1295 4693 1335 4746 δ¹
1376 4689 1661 4763 κεφαλαίῳ
1694 4687 1786 4741 τοῦ
1814 4685 1855 4739 Ν

287 4786 551 4854 στοιχείου
586 4788 786 4840 κανόνα
818 4785 891 4853 ξθ¹
922 4786 1034 4843 τῶν
1067 4787 1237 4854 ἁγίων
1270 4784 1615 4839 ἀποστόλων.

288 4902 538 4955 ΚΕΦΑΛ.
581 4903 655 4955 Z'.
712 4902 839 4953 Ὀτι
863 4902 1081 4965 τόκους
1145 4899 1479 4966 λαμϐάνειν
1542 4895 1860 4962 ἀπείρηται

564 4970 742 5027 παντί
764 4970 1053 5038 κληρικῷ,
1073 4970 1169 5023 καὶ
1200 4970 1331 5037 περὶ
1360 4968 1573 5022 τόκων.

364 5064 422 5116 '0
447 5062 529 5133 μδ¹
567 5064 677 5117 τῶν
710 5065 882 5134 ἁγίων
934 5063 1252 5121 ἀποστόλων
1282 5060 1486 5125 κανὼν,
1532 5059 1858 5119 ἐπίσκοπον.

286 5154 744 5227 ἢηπρεσῦὑτερον,
797 5154 1135 5227 ἢδιάκονον,
1196 5155 1393 5216 τόκους
1454 5151 1859 5221 εἰσπράττοντα

286 5248 415 5309 τοὺς
457 5246 896 5317 δανειζομένους,
939 5247 971 5319 ἢ
1008 5246 1352 5309 παύσασθαι,
1403 5244 1436 5317 ἢ
1470 5242 1862 5315 καθαιρεῖσθαι

290 5335 503 5388 κελεύει
523 5353 536 5366 ⁸
564 5334 636 5397 ὼ,
673 5336 753 5389 ἔνι
791 5337 1026 5405 μάλιστα
1056 5335 1216 5390 τοῦτο
1267 5334 1408 5398 δέος,
1454 5333 1528 5408 μή
1558 5348 1689 5384 ποτε
1721 5330 1866 5384 κατὰ

291 5430 350 5480 τί)
382 5429 715 5497 Εὗαγγὲλιον
745 5429 1209 5499 ἐπαγγειλάμενοι
1242 5428 1366 5498 ζῇν,
1399 5426 1592 5495 διπλῆν
1617 5424 1866 5493 ὑπόσχου-

298 5539 394 5591 μεν
422 5522 603 5591 δίκην,
657 5525 975 5592 περιπετεῖς
1005 5521 1293 5590 γενόμενοι
1334 5518 1429 5576 καὶ
1464 5513 1544 5579 οἷς
1576 5517 1604 5569 ὁ
1636 5514 1865 5576 παλαιὸς

292 5616 563 5683 ἀπείρηκε
602 5612 785 5683 νόμος.
830 5613 889 5667 Ὀ
926 5614 1026 5683 μὲν
1056 5613 1186 5683 γάρ,
1220 5613 1333 5664 Οὐκ
1362 5610 1655 5673 ἐκτοκιεῖς,
1706 5605 1863 5677 φησὶ,

294 5710 352 5760 τὸ
386 5706 652 5777 ἀργυριόν
686 5722 779 5759 σου
813 5706 889 5775 τῷ
915 5705 1133 5774 ἁδελφῷ
1175 5718 1303 5756 σου·
1339 5705 1366 5755 ὁ
1390 5701 1446 5754 δὲ
1497 5700 1757 5768 Ἰεζεκιὴλ
1809 5700 1867 5751 ὲν

296 5802 401 5861 τοῖς
441 5799 725 5868 μεγίστοις
751 5797 860 5849 τῶν
892 5795 1080 5849 κακῶν
1112 5796 1346 5858 τίθεται,
1375 5794 1531 5846 τόκον
1558 5790 1746 5843 λαϐεῖν
1773 5789 1868 5842 καὶ

300 5888 653 5955 πλεονασμόν.
674 5888 951 5947 ὐδύρεται
984 5886 1041 5941 δὲ
1068 5888 1161 5940 καὶ
1179 5888 1205 5937 ὁ
1239 5886 1492 5949 Ἡσαΐας,
1544 5901 1563 5935 ι
1590 5882 1739 5936 δόλον
1770 5882 1864 5935 ἐπὶ

1966 4681 2344 4744 Alexandrini,
2410 4690 2463 4734 et
2520 4681 2573 4733 in
2622 4679 2655 4734 4
2705 4696 2828 4751 cap.
2875 4681 2980 4740 litt.
3045 4680 3087 4736 N
3151 4700 3418 4740 canonem
3472 4686 3541 4741 69

1964 4785 2281 4827 sanctorum
2326 4772 2721 4841 apostolorum.

1964 4884 2119 4940 CAP.
2150 4884 2260 4939 V'll.
2299 4884 2453 4949 Quod
2482 4885 2818 4937 interdictum
2850 4885 2918 4937 sit
2947 4884 3151 4942 clericis
3176 4902 3370 4941 usuras
3397 4889 3543 4943 acri-

2458 4971 2602 5019 pere,
2628 4966 2675 5008 et
2702 4956 2767 5012 de
2802 4957 3002 5009 usuris.

2037 5048 2225 5104 Canor.
2281 5046 2351 5101 46
2420 5056 2740 5106 sanctorum
2799 5049 3170 5118 apostolorum
3227 5052 3543 5120 episcopum

1967 5150 2060 5197 aut
2091 5142 2469 5213 presbyterum
2495 5147 2588 5194 aut
2620 5139 2937 5206 diaconum,
2965 5142 3110 5212 quia
3140 5141 3386 5198 debitore
3416 5160 3549 5199 usu-

1968 5248 2059 5291 ras
2087 5233 2274 5302 exigit,
2308 5239 2401 5285 aut
2445 5245 2665 5287 cessare
2713 5232 2998 5302 praecipit,
3041 5240 3134 5285 aut
3157 5232 3394 5301 deponi:
3426 5245 3548 5286 tan-

1967 5340 2130 5396 quam
2166 5327 2326 5398 plane
2355 5331 2532 5379 metus
2562 5332 2727 5385 esset.
2759 5339 2828 5378 ne
2857 5339 2982 5377 cum
3004 5324 3159 5392 juxta
3185 5322 3543 5389 Evangeliuin

1967 5420 2153 5475 vivere
2192 5418 2530 5489 proﬁtemur,
2562 5415 2760 5485 duplas
2795 5430 2984 5485 pinnas
3006 5415 3225 5476 demus,
3260 5414 3554 5468 incurren-

1969 5520 2052 5566 tes
2084 5511 2137 5563 in
2172 5524 2233 5563 ea
2263 5524 2384 5577 quae
2409 5507 2523 5577 lege
2545 5510 2710 5561 veteri
2733 5507 3007 5577 prohibita
3034 5515 3184 5567 sunt.
3221 5503 3361 5558 Dicit
3399 5506 3544 5558 enim

1970 5602 2090 5657 illa:
2131 5622 2149 5655 ι
2181 5602 2295 5657 Non
2330 5611 2519 5654 mutuo
2547 5599 2705 5656 dabis
2732 5601 2785 5653 in
2820 5614 3044 5654 usuram
3073 5609 3355 5665 argentum
3390 5609 3545 5650 tuum

1971 5695 2129 5749 fuatri
2176 5703 2289 5750 tuo.
2346 5712 2365 5745 ι
2427 5691 2675 5746 Ezechiel
2730 5692 2895 5745 etiam
2928 5690 3068 5743 inter
3122 5689 3358 5742 maxima
3409 5690 3550 5744 mala

1972 5797 2180 5849 censet,
2232 5800 2453 5841 usuram
2505 5793 2559 5837 et
2615 5789 2972 5852 augmentum
3021 5779 3290 5848 accipere.
3346 5778 3552 5833 Deinde

1972 5881 2151 5952 plorat
2175 5879 2344 5934 lsaias
2390 5896 2409 5931 ι
2442 5877 2625 5933 dolum
2665 5887 2831 5944 super
2860 5872 2986 5930 dolo
3029 5886 3092 5926 ac
3124 5886 3352 5926 usuram
3386 5886 3560 5943 super;
