4054 6482
469 385 574 451 Ῑθτ

1659 381 2022 441 ΜΑΤΤΗίΕΙ
2073 381 2492 440 BLASTARIS

3625 375 3720 440 16$

468 506 552 550 tes
579 509 778 564 corpus
809 491 1088 562 superﬂuo
1117 507 1179 548 ac
1203 491 1366 546 nimis
1393 492 1615 547 curioso
1646 494 1795 546 cultu
1822 509 2043 547 ornare.

2160 495 2313 560 σμεῖν
2334 491 2610 562 περιττῶς
2639 508 2697 545 τε
2725 489 2822 544 καὶ
2861 491 3169 562 περιέργως
3194 501 3211 519 θ
3246 489 3299 541 τί
3349 489 3395 541 δ’
3425 488 3489 543 ἂν
3518 490 3721 558 γένοιτο

470 587 612 655 Quid
658 602 784 640 vero
816 586 1009 638 vanius
1046 601 1207 652 quam
1254 583 1546 652 plurimam
1589 599 1776 638 curam
1830 584 2043 653 capillis

467 682 666 748 capitis
715 696 778 734 ac
815 680 996 732 barba:
1029 679 1346 746 impendere
1395 678 1746 739 adornandis.
1786 687 1844 734 et
1891 677 2047 747 juxta

470 782 645 825 artem
679 770 1056 840 disponendis,
1089 770 1337 838 adeoque
1369 784 1548 824 escam
1588 783 1894 836 proponere
1925 769 2047 821 ani-

474 865 668 919 mabus
724 863 789 916 ad
854 861 1328 930 intemperantiam
1389 861 1600 930 pronis,
1655 876 1782 914 cum
1833 859 2050 914 interim

474 957 700 1023 insuper
761 953 963 1006 habent
1022 952 1302 1007 interioris
1363 952 1602 1007 hominis
1665 968 1760 1021 per
1818 954 2051 1006 virtutes

471 1040 714 1098 eultum?
753 1042 892 1094 Dicit
917 1041 1061 1093 enim
1099 1041 1413 1109 Apostolus,
1452 1061 1469 1091 ι
1501 1041 1555 1094 Si
1587 1042 1668 1093 vir
1691 1056 1898 1093 comam
1925 1041 2052 1104 alat,

472 1133 708 1188 dedecus
760 1131 862 1201 ipsi
916 1141 1022 1186 est.
1056 1150 1075 1184 ι
1132 1133 1196 1186 Et
1251 1131 1426 1186 Moses
1469 1134 1523 1186 in
1586 1129 2048 1187 Deuteronomio:

479 1245 498 1278 ι
535 1226 650 1278 Non
697 1224 910 1279 facietis
960 1224 1250 1279 cincinnos
1305 1226 1358 1277 in
1401 1227 1576 1294 capite
1613 1235 1826 1290 vestro;
1880 1239 2054 1293 neque

473 1316 845 1383 corrttmpetis
875 1313 1110 1368 formam
1145 1316 1325 1369 barba!
1363 1326 1582 1371 vestrm.
1616 1333 1633 1366 ι
1679 1315 1783 1369 Eos
1822 1315 1914 1384 qui
1951 1315 2053 1367 ista

475 1405 702 1459 fecerint
742 1407 975 1474 primum
1036 1414 1260 1474 patcrnc
1313 1405 1586 1475 increpari
1631 1405 1784 1474 jubet
1818 1422 1832 1459 :
1867 1421 2056 1476 perse-

476 1507 728 1550 verantes
775 1506 978 1558 tamen,
1027 1497 1519 1552 excommunican
1581 1495 1806 1552 Easdem
1866 1511 2055 1567 pinnas

478 1585 761 1640 incurrunt
806 1587 970 1640 etiam
1026 1587 1076 1640 hi
1123 1587 1212 1656 qui
1265 1590 1447 1642 crines
1502 1588 1728 1658 plicaut,
1778 1599 1837 1642 ut
1885 1587 2054 1658 crispi

477 1687 633 1751 ﬁant,
684 1700 779 1742 aut
814 1689 1053 1759 tingunt,
1092 1701 1186 1743 aut
1213 1706 1355 1756 aqua
1403 1693 1635 1760 primum
1682 1693 1969 1762 irrigantes
2001 1693 2057 1748 in

478 1782 594 1836 sole
627 1783 955 1847 arefaciunt,
1000 1795 1057 1837 ut
1101 1783 1416 1840 llavedineau
1454 1787 1766 1856 acquirant,
1803 1788 1882 1842 vel
1927 1797 2053 1842 stu-

2150 585 2556 656 περιττότερον,
2613 582 2709 639 τοῦ
2753 586 2852 647 τὰς
2883 583 3076 653 τρίχας
3106 581 3206 650 τῆς
3233 580 3473 650 κεφαλῆς
3506 581 3602 635 καὶ
3630 582 3721 635 τιιῦ

2152 675 2414 743 πώγωνος
2465 676 2594 742 περὶ
2649 674 2904 727 πλείστου
2972 672 3244 728 ποιεῖσθαι
3305 673 3550 742 κοσμεῖν,
3579 669 3638 727 εῦ
3665 692 3722 726 τε

2150 765 2469 831 διατιθέναι,
2503 767 2596 820 καὶ
2618 765 2810 834 δέλεαρ
2843 764 3090 818 καθεῖναι
3121 767 3239 825 ταῖς
3267 763 3567 828 εύολίσθοις
3591 765 3724 836 πρὸς

2154 857 2455 911 ἀκολασίαν
2484 858 2706 926 ψυχαῖς,
2731 857 2967 925 ἀφέντας
2997 857 3055 909 τὸ
3087 856 3175 908 διᾶ
3206 857 3388 926 πάσης
3413 856 3612 926 ἀρετῆς
3638 857 3727 909 τόν

2153 949 2298 1002 ἔνδον
2323 951 2550 1018 κοσμείι
2599 948 2926 1020 άνθρωπον;
2963 949 3102 1019 Φητῖ
3139 949 3247 1018 γὰρ
3301 949 3328 1002 ό
3355 949 3686 1012 Ἀπόστολος
3709 964 3723 978 ’

2158 1060 2176 1092 ι
2214 1040 2382 1112 Ἀνὴρ
2415 1042 2506 1094 ἐὰν
2532 1042 2700 1112 κομᾷ,
2735 1039 2930 1109 ἀτιμία
2973 1039 3120 1109 αύτῷ
3163 1041 3279 1092 ἐστι
3305 1055 3318 1068 ·
3367 1056 3387 1090 ι
3425 1040 3518 1092 καὶ
3544 1041 3569 1092 ὀ
3601 1041 3730 1095 Μωο

2155 1133 2256 1202 σῆς
2285 1133 2342 1185 ἐν
2375 1131 2454 1202 τῷ
2489 1134 2900 1202 Δευτερονομίῳ
2923 1149 2936 1162 °
2975 1153 2994 1186 ι
3032 1134 3108 1188 ού
3146 1135 3405 1201 ποιήσετε
3444 1133 3632 1202 σισόην
3668 1135 3731 1185 ὲκ

2154 1225 2251 1294 τῆς
2280 1225 2458 1296 κόμης
2520 1225 2623 1293 τῆς
2678 1225 2923 1295 κεφαλῆς
2979 1226 3155 1294 ὑμῶν,
3183 1226 3304 1279 ούεὲ
3345 1226 3597 1296 φθερεῖτε
3632 1227 3733 1295 τὴν

2154 1317 2278 1387 ὄψιν
2302 1317 2396 1371 τοῦ
2435 1317 2696 1386 πώγωνος
2752 1319 2924 1388 ὑμῶν.
2977 1338 2996 1370 ι
3053 1319 3191 1381 Τοὺς
3243 1318 3337 1373 οῦν
3395 1317 3640 1373 τοιοῦτόν
3678 1335 3734 1373 τι

2155 1408 2450 1473 ποιοῦντας
2476 1416 2759 1481 πατρικῶς
2787 1412 3056 1482 πρότερον
3107 1410 3465 1481 ἐπιτιμᾶσθαι
3493 1409 3732 1464 κελεύειο

2155 1504 2519 1574 ἐπιμένοντας
2573 1503 2652 1568 δέ,
2702 1503 3086 1573 ἀφορίζεσθαι.
3125 1503 3356 1568 Τούτοις
3408 1503 3736 1557 ὑπόκεινται

2087 1645 2092 1652 ,
2155 1594 2269 1656 τοῖς
2321 1595 2620 1663 ἐπιτιμίοις
2675 1595 2769 1648 καὶ
2795 1596 2842 1647 oi
2875 1594 2975 1656 τὰς
3017 1593 3212 1665 τρίχας
3247 1592 3550 1658 κλώθοντες
3587 1593 3735 1649 ὥστε
3824 1627 3836 1640 υ

2154 1685 2322 1750 οῦλας
2351 1687 2634 1755 γενέσθαι,
2685 1685 2717 1757 ἥ
2763 1686 3148 1757 βάπτοντες,’ἢ
3201 1686 3354 1740 ὕδατι
3408 1685 3736 1757 διαϐρόχους

2159 1778 2463 1844 ποιοῦντες,
2489 1778 2586 1833 καὶ
2621 1777 2698 1848 τῷ
2731 1777 2867 1849 ὴλίιρ
2893 1777 3170 1848 θέροντες,
3199 1777 3268 1831 ἵν’
3300 1778 3380 1840 είς
3405 1777 3602 1842 ξανθὰς
3639 1796 3741 1847 με-

476 1875 610 1928 dent
657 1885 716 1929 ut
746 1878 897 1930 aurei
943 1877 1200 1942 evadant,
1261 1879 1345 1932 vel
1391 1879 1569 1945 densi,
1625 1889 1722 1932 aut
1765 1879 2056 1936 cincinnos

2160 1868 2494 1935 ταϐάλλοιεν,
2517 1869 2550 1931 ἢ
2582 1869 2973 1939 χρυσιζούσας,
3001 1868 3034 1938 ἢ
3060 1869 3280 1933 δασείας
3309 1868 3742 1940 ἐπιμελούμενοι

476 1971 694 2038 spurios
729 1979 969 2036 gestant,
1010 1981 1106 2023 aut
1144 1980 1388 2025 mentum
1436 1987 1622 2026 rasum
1673 1972 1900 2038 habent,
1957 1980 2058 2026 aut

2160 1959 2492 2030 γενέσθαι,ῆ
2531 1959 2720 2022 νόθους
2769 1960 3085 2028 πλοκάμους
3132 1958 3574 2030 περιτιθέμενοι,
3607 1957 3642 2030 ἢ
3678 1958 3744 2012 τὸ

479 2061 774 2114 maximam
811 2061 931 2128 ejus
959 2069 1170 2131 partem
1199 2072 1338 2116 testa
1371 2061 1542 2130 ignita
1575 2071 1840 2124 exurunt.
1876 2069 2053 2116 semet

2160 2053 2366 2122 γένειον
2392 2050 2686 2123 ξηρῶντες,
2788 2051 3017 2121 κεράμῳ
3040 2051 3426 2122 πεπυρωμὲνῳ
3480 2050 3541 2104 τδ
3571 2050 3743 2107 πλέον

477 2154 767 2215 nitidulos,
797 2161 856 2206 ut
891 2154 999 2208 sibi
1032 2153 1308 2216 videntur,
1349 2152 1667 2218 reddentes,
1705 2155 1862 2223 quasi
1896 2154 2059 2208 lanu-

2160 2143 2353 2198 τούτου
2381 2144 2844 2212 ἀποτεφροῦντες,
2875 2141 2909 2214 ἢ
2937 2143 3054 2205 τοῖς
3087 2141 3302 2196 ὀδοῦσιν
3335 2140 3552 2210 εὐφυῶς
3586 2138 3746 2194 ἐστιν

478 2259 546 2311 go
577 2243 716 2312 ipsis
753 2245 868 2314 jam
905 2245 1142 2314 primum
1183 2247 1508 2302 excreverit.
1542 2246 1659 2300 ﬂoc
1705 2247 1852 2301 enim
1899 2246 2059 2301 hodie

2161 2235 2197 2290 ἃ
2228 2234 2673 2306 περιαιροῦντες,
2706 2235 2798 2288 καὶ
2834 2234 2967 2305 πρὸς
2994 2235 3056 2287 τδ
3085 2233 3278 2288 δοκοῦν
3303 2232 3582 2304 εῦσχημον
3605 2235 3748 2286 ἀπο-

484 2336 866 2401 potissimum,
929 2346 1190 2404 tanquam
1249 2340 1475 2394 morbus
1525 2337 1860 2409 epideutius,
1920 2339 2059 2410 apud

2160 2325 2546 2390 καθιστάντες,
2567 2324 2642 2386 ὡς
2665 2324 2844 2378 δοκεῖν
2867 2325 2992 2395 ἀρτι
3018 2323 3178 2394 φύειν
3199 2325 3387 2387 αὐτοῖς
3418 2324 3509 2376 τδν
3539 2322 3746 2376 ίουλονυ

480 2415 827 2504 Christianos
867 2429 1161 2482 increbuit.

695 2624 849 2678 CAP.
887 2623 952 2679 Χ.
998 2623 1070 2678 De
1091 2625 1454 2692 sepulcrorum
1484 2625 1846 2684 violatoribus.

556 2736 745 2791 Canon
793 2737 861 2790 66
913 2738 1091 2805 magni
1137 2737 1320 2791 Basilii
1369 2738 1691 2792 eﬂ'ossorem
1743 2739 1912 2805 busti,
1969 2756 2064 2818 qui

2163 2420 2322 2474 τοῦτο
2352 2420 2459 2492 γὰρ
2495 2420 2590 2473 νῦν
2623 2422 2714 2474 καὶ
2771 2420 3009 2490 μάλιστα
3049 2419 3239 2489 ὥσπερ
3267 2437 3320 2473 τι
3354 2420 3571 2492 νόσημα
3620 2418 3750 2473 ἐπι-ο

2164 2514 2356 2585 δήμιον
2385 2516 2495 2578 τοῖς
2526 2512 2934 2584 Χριστωνύμοις
2960 2512 3283 2584 ἐνέσκηψεν.

2464 2628 2716 2684 ΚΕΦΔΛ.
2746 2628 2804 2682 I'.
2848 2628 2986 2696 Περὶ
3017 2627 3440 2696 τυμσωρύχωιν.

2249 2741 2310 2794 ⁸ο
2338 2738 2422 2806 ξς¹
2445 2740 2542 2794 τοῦ
2587 2739 2830 2811 μεγάλου
2862 2738 3156 2793 Βασιλείου
3199 2739 3382 2792 κανὼν
3405 2739 3496 2792 τὸν
3517 2737 3752 2807 τυμϐω-

483 2830 662 2898 ruptis
706 2829 975 2897 sepulcris
1031 2829 1235 2898 expilat
1264 2845 1325 2884 ea
1366 2846 1484 2899 qua:
1515 2846 1641 2886 cum
1686 2844 1902 2889 mortuo
1934 2850 2059 2889 eon-

2169 2831 2355 2902 ρύχον,
2392 2830 2451 2894 δς
2478 2831 2606 2894 τοῦς
2630 2830 2838 2898 τάφους
2871 2831 3174 2896 ἀνοίγνυσι,
3217 2830 3315 2884 καὶ
3345 2829 3483 2899 συλᾷ
3525 2827 3600 2882 τὰ
3627 2830 3752 2892 τοῖς

485 2921 698 2990 sepulta
755 2923 923 2983 fuere,
986 2922 1040 2975 in
1095 2923 1425 2976 decennium
1476 2937 1633 2978 sacra
1679 2927 2059 2981 communione

2167 2925 2382 2992 νεκροῖς
2405 2922 2849 2992 συνθαπτόμενα,
2898 2923 2979 2986 είς
3007 2922 3143 2978 δέκα
3176 2921 3276 2992 ιτη
3319 2915 3419 2992 τῆς
3449 2921 3604 2991 ἱερᾶς
3627 2935 3754 2974 κοι-

486 3016 694 3092 privat.

562 3127 785 3197 Magnus
806 3137 986 3180 auth
1024 3127 1321 3201 Gregorius
1346 3128 1628 3202 Nyssenus
1675 3133 1730 3188 in
1773 3146 1986 3188 canone
2010 3134 2064 3198 7,

2167 3014 2366 3078 νωνίας
2401 3013 2787 3068 ἀποκλείεσθαι
2814 3011 3049 3067 κελεύει.

2251 3105 2310 3159 Ὀ
2338 3105 2398 3159 δὲ
2428 3107 2606 3174 μέγας
2642 3104 2956 3175 Γρηγόριος
2993 3104 3218 3174 Νύσσης
3262 3105 3322 3156 ἐν
3353 3101 3431 3172 τῷ
3459 3101 3505 3168 ζ’
3527 3103 3752 3168 κανόνι,

485 3219 882 3286 {sepulcrorum
932 3220 1178 3285 violatio,
1226 3223 1427 3292 inquit,
1471 3221 1734 3277 dividitur
1781 3223 1834 3277 in
1869 3225 2059 3281 remis-

2179 3198 2247 3252 'H
2266 3197 2650 3268 τυμϐωρυχία,
2691 3198 2850 3266 φησι.
2910 3186 3166 3267 διῄρηται
3197 3197 3278 3258 εἰς
3303 3196 3365 3248 τὸ
3391 3197 3780 3286 συγγνωστόν.

486 3308 700 3362 sbih-m
751 3318 803 3360 et
840 3309 1296 3366 irremissibilem.
1353 3311 1410 3367 Si
1443 3313 1568 3380 quis
1612 3313 1756 3367 enim
1802 3314 2065 3384 religione

487 3414 685 3465 tactus,
739 3405 1064 3462 inviolatum
1116 3405 1337 3473 reliquit
1384 3401 1588 3472 cd’rpus
1641 3405 1946 3469 conditum,
1995 3422 2064 3463 ne

487 3492 628 3546 forte
667 3493 767 3550 soli
820 3505 1189 3568 esp'meretur
1241 3505 1450 3548 naturae
1495 3495 1836 3562 deinrmitas,
1874 3497 2062 3566 lapidi-

488 3583 590 3635 bus
649 3594 827 3640 tan-en
879 3585 1228 3659 quibusdam,
1275 3586 1382 3664 qui
1425 3585 1568 3640 circa
1625 3587 1841 3640 buswm
1886 3601 2064 3658 erant,

488 3681 674 3724 utatur
721 3674 788 3726 ad
841 3675 1134 3731 aedilicium
1191 3669 1433 3745 aliquod,
1469 3677 1573 3730 hoc
1617 3678 1835 3747 quidem
1887 3679 2070 3734 hand-

488 3783 760 3834 qnaquam
813 3769 1093 3824 laudabile
1139 3783 1243 3834 est,
1288 3772 1380 3824 sed
1427 3780 1607 3825 tamen
1653 3773 1810 3827 venia
1845 3773 2063 3842 dignum

491 3871 624 3909 usus
654 3856 803 3916 fecit,
854 3859 1076 3924 quando
1108 3859 1355 3913 tuateriei
1395 3861 1686 3915 translatio
1716 3863 1973 3918 conducit
1999 3864 2064 3916 ad

490 3946 540 3996 al
567 3946 696 4013 quid
745 3947 1054 4014 pulchrius,
1105 3957 1158 4001 et
1191 3949 1420 4004 utilius:
1451 3951 1604 4019 atqui
1656 3951 1953 4006 sollicitare
1986 3955 2064 4006 ci-

493 4052 651 4089 lieres
691 4037 987 4094 inhumata;
1023 4041 1231 4104 carnis,
1288 4050 1343 4095 et
1395 4056 1742 4095 commovere
1788 4057 1938 4107 ossa,
1974 4059 2070 4113 spe

489 4138 876 4180 ornamentum
915 4129 1141 4198 aliquod
1178 4131 1231 4185 in
1275 4131 1543 4184 tumulum
1597 4131 1903 4197 conjectum
1942 4147 2072 4185 nan-

489 4217 754 4280 ciscendi,
802 4219 918 4286 pari
972 4219 1246 4290 supplicio
1295 4217 1553 4288 plectitur
1601 4227 1766 4288 atque
1836 4220 2066 4287 simplex

491 4307 804 4368 furnieatio,
840 4309 1052 4363 scilicet
1088 4311 1141 4363 in
1179 4324 1354 4363 annos
1391 4323 1605 4365 novem.
1653 4309 1748 4364 Sin
1785 4325 1914 4365 vero
1947 4327 2070 4365 cor-

493 4399 755 4469 tigendus
787 4399 1126 4455 demonstret
1152 4401 1571 4455 conversionem
1606 4401 1952 4467 laudabilem,
1990 4406 2069 4458 las

491 4501 576 4544 cst
612 4491 778 4566 248
808 4492 1168 4547 correctionis
1198 4491 1528 4546 moderatori
1570 4493 1898 4547 contrahere
1927 4503 2067 4548 tem-

495 4595 594 4649 pus
622 4597 686 4633 ex
722 4582 1028 4636 canouibus
1063 4582 1330 4650 partitioni
1369 4581 1488 4650 ejus
1521 4583 1911 4650 prazstitutum.

1188 4779 1370 4853 Leges.

563 4891 663 4956 Qui
722 4906 752 4944 a
803 4892 1073 4961 sepulcris
1125 4897 1414 4947 materiam
1473 4893 1722 4964 quamvis
1787 4895 2064 4962 auferunt,

492 4986 723 5038 crimine
750 4984 1022 5055 sacrilegii
1055 4993 1364 5038 teneantur.

566 5076 622 5130 Si
671 5078 796 5146 quis
847 5093 875 5128 ιι
932 5076 1188 5143 sepulcro
1238 5075 1527 5131 abstulerit
1576 5075 1785 5148 lapides
1825 5084 1919 5134 aut
1961 5093 2069 5130 co,-

495 5169 713 5222 lumnas
754 5175 848 5219 aut
883 5182 1180 5232 marmora,
1235 5169 1316 5220 vel
1359 5167 1519 5220 aliam
1571 5167 1848 5222 materiem
1879 5183 2069 5237 quam-

494 5275 734 5329 cunque,
772 5259 967 5329 viginti
1002 5261 1170 5313 libras
1200 5259 1319 5313 auri
1356 5260 1487 5313 lisco
1521 5259 1720 5312 solvat.

567 5353 670 5416 Qui
703 5352 951 5420 sepulcra
992 5351 1276 5416 effodiunt,
1319 5361 1374 5404 et
1417 5350 1694 5405 denudant
1726 5357 2063 5404 mortuorum

496 5456 752 5510 corpora,
788 5442 832 5496 si
868 5443 1085 5512 quidem
1119 5459 1240 5496 cunt
1274 5444 1441 5495 armis
1487 5443 1843 5512 patraverint,
1889 5442 2066 5511 capite

499 5535 815 5603 plectuntur
841 5549 856 5586 :
887 5534 971 5587 sin
1008 5534 1213 5602 absque
1241 5533 1432 5599 armis,
1468 5536 1534 5586 ad
1573 5535 1811 5588 metalla.

572 5622 675 5688 Qui
734 5625 786 5678 in
814 5627 1081 5695 sepulcris
1121 5635 1368 5679 mortuos
1424 5625 1756 5680 indumentis
1806 5625 2065 5695 spoliant,

503 5716 765 5771 abscissis
803 5719 1058 5772 manibus
1103 5719 1276 5772 luant.

571 5809 672 5876 Qui
721 5811 976 5880 reliquias
1013 5810 1091 5866 vel
1134 5825 1255 5865 ossa
1297 5810 1648 5871 transferunt,
1701 5806 1896 5878 plebeii
1949 5808 2074 5881 qui-

2165 3307 2226 3343 τε
2257 3289 2352 3344 καὶ
2380 3289 2790 3356 ἀσύγγνωστον.
2823 3288 2890 3344 Ei
2924 3289 3022 3356 μὲν
3049 3287 3160 3359 γάρ
3186 3303 3270 3350 τις
3290 3287 3610 3356 φειδόμενος
3641 3287 3756 3354 τῆς

2165 3381 2340 3444 ὁσίας,
2361 3383 2456 3434 καὶ
2476 3381 2676 3436 ἀσυλον
2701 3381 2862 3447 ἀφεὶς
2896 3379 2958 3432 τὸ
3001 3379 3394 3450 κεκρυμμένον
3434 3379 3616 3448 σῶμα,
3667 3378 3754 3443 ὡς

2169 3473 2246 3543 μὴ
2278 3472 2662 3542 ἀναδειχθῆναι
2684 3471 2763 3539 τῷ
2793 3472 2931 3542 ἡλίῳ
2953 3471 3051 3540 τὴν
3091 3473 3485 3542 ἀσχημοσύνην
3514 3471 3614 3540 τῆς
3641 3471 3754 3539 φύε-

2169 3585 2330 3632 σεως,
2360 3567 2526 3629 λίθοις
2547 3569 2656 3620 τισὶ
2683 3565 2793 3636 τῷν
2830 3566 2910 3634 τῷ
2933 3566 3089 3636 τάφῳ
3121 3567 3583 3637 προϐεϐλημένων
3604 3583 3752 3633 συγ-

2167 3662 2433 3731 χρήσεται
2455 3661 2535 3723 είς
2562 3659 2725 3730 ἔργου
2746 3659 2893 3722 τινὸς
2914 3659 3286 3730 κατασκευὴν.
3311 3658 3596 3713 ἐπαινετὸν
3617 3659 3752 3714 οὐδὲ

2167 3751 2325 3806 τοῦτό
2385 3753 2524 3815 ἐστι,
2578 3751 2720 3822 πλὴν
2772 3749 2912 3804 άλλά
2983 3750 3332 3818 συγγνωστὸν
3396 3751 3655 3819 ἐποίησεν
3707 3752 3750 3822 ἠ

2169 3842 2453 3914 συνήθεια,
2489 3843 2622 3896 ὅταν
2654 3843 2734 3904 είς
2774 3841 3173 3913 προτιμότερόν
3203 3858 3258 3894 τι
3299 3841 3394 3894 καὶ
3415 3841 3752 3911 κοινωφελὲ-

2171 3949 2364 4003 στερον
2385 3933 2420 4003 ἡ
2445 3932 2546 4003 τῆς
2573 3931 2708 4002 ὕλης
2739 3931 3034 4003 μετάθεσις
3056 3931 3284 4000 γένηται
3302 3947 3316 3962 ·
3347 3930 3408 3985 τὸ
3439 3930 3498 3984 δὲ
3520 3931 3754 4000 ἀνερευ-

2171 4025 2367 4077 νᾶσθαι
2416 4025 2519 4093 τὴν
2569 4023 2723 4078 κόνιν
2760 4025 2870 4077 ἀπὸ
2896 4025 2996 4094 τῆς
3035 4024 3342 4094 γεωθείσης
3391 4022 3617 4092 σαρκὸς,
3647 4025 3751 4077 καὶ

2171 4116 2448 4169 ἀνακινεῖν
2473 4118 2542 4169 τὰ
2568 4115 2704 4169 ὀστᾶ
2752 4117 2931 4170 ἐλπίδι
2962 4117 3056 4170 τοῦ
3083 4118 3292 4184 κόσμον
3315 4118 3440 4170 τινὰ
3460 4117 3570 4169 τῶν
3603 4131 3745 4184 συγ-

2170 4208 2616 4278 κατορυχθέντων
2671 4209 2953 4278 κερδᾶναι,
2995 4208 3159 4262 τοῦτο
3209 4208 3285 4277 τῷ
3331 4207 3481 4278 αὐτῷ
3513 4207 3747 4277 κρίματι

2170 4298 2558 4370 κατεδικάσθη,
2585 4294 2628 4368 ᾧ
2649 4304 2744 4354 καὶ
2767 4301 2950 4372 ἠψιλὴ
2971 4301 3221 4370 πορνεία,
3253 4301 3335 4363 είς
3357 4300 3513 4354 ἐννέα
3539 4299 3748 4371 δηλαδὴ

2169 4392 2395 4462 χρόνους
2419 4409 2434 4424 ο
2475 4394 2523 4446 εί
2551 4393 2609 4446 δι
2665 4391 2964 4445 σπουδαίαν
3007 4394 3036 4445 ό
3066 4391 3507 4462 θεραπευόμενος
3537 4391 3748 4445 ἐπιδεί-

2171 4484 2325 4550 ξαιτο
2351 4483 2452 4554 τὴν
2479 4483 2842 4553 ἐπιστροφὴν,
2893 4483 3074 4547 ἔξεστι
3128 4481 3208 4554 τῷ
3234 4482 3608 4552 οἰκονομοῦντι
3643 4483 3748 4550 τὴν

2095 4557 2142 4610 Ῑ)
2172 4574 2336 4626 αὑτοῦ
2393 4574 2713 4644 θεραπείαν,
2764 4577 3048 4643 συντεμεῖν
3081 4576 3180 4642 τὴν
3229 4577 3295 4628 ἐκ
3343 4574 3451 4626 τῶν
3497 4576 3749 4629 κανόνων

2169 4666 2487 4736 ὁρισθεῖσαν
2516 4667 2582 4735 τῇ
2611 4664 2865 4733 ἐπιτιμία
2899 4664 3262 4734 προθεσμίαν.

2848 4775 3051 4842 Νόμοι.

2243 4889 2308 4940 Ol.
2345 4889 2453 4942 ἀπὸ
2484 4888 2592 4942 τῶν
2624 4891 2814 4958 τάφων
2843 4887 2976 4952 ὔλας
3011 4887 3374 4958 ἀφαιροῦντες
3407 4889 3746 4944 ὑποκείσθωο

2173 5001 2274 5035 σαν
2306 4982 2381 5054 τῷ
2403 4984 2500 5052 τῆς
2540 4984 2848 5055 ίεροσυλίας
2880 4985 3215 5054 ἐγκλήματι.

2255 5076 2384 5132 Ἐάν
2417 5093 2500 5141 τις
2531 5077 2645 5129 ἀπὸ
2669 5077 2846 5146 τάφου
2880 5078 3163 5147 ἀφέληται,
3191 5077 3395 5142 λίθους,
3423 5077 3455 5148 ἢ
3487 5077 3689 5145 κίονας.
3709 5079 3743 5149 ἢ

2175 5164 2472 5234 μάρμαρα,
2509 5165 2542 5234 ἢ
2584 5164 2756 5235 ἀλλην
2790 5166 3112 5235 οἱανδήποτε
3164 5165 3319 5238 ὕλην,
3350 5168 3522 5222 είκοσι
3553 5166 3748 5240 λίτρας

2172 5257 2398 5327 χρυσίου
2432 5257 2508 5326 τῷ
2530 5257 2777 5327 δημοσίῳ
2805 5257 3212 5314 καταϐαλλέτω.

2245 5347 2306 5397 Οί
2334 5345 2847 5417 τυμϐωρυχοῦντες,
2902 5347 2996 5399 καὶ
3034 5349 3371 5416 γυμνοῦντες
3401 5349 3470 5403 τὰ
3521 5350 3632 5404 τῶν
3658 5366 3750 5403 τε-

2175 5435 2425 5490 θνεώτων
2483 5439 2737 5507 σώματα,
2791 5439 2839 5490 εί
2891 5439 2986 5507 μέν
3023 5439 3142 5510 μεθ’
3195 5441 3396 5506 ὃπλων,
3431 5443 3745 5511 κεφαλικῶς
3839 5425 3844 5427 ι

2175 5527 2542 5598 τιμωροῦνται
2567 5544 2579 5556 ·
2610 5529 2741 5606 εἰ.δέ
2771 5531 2935 5598 χωρὶς
2959 5531 3158 5593 ὅπλων,
3191 5531 3351 5602 μέχρι
3379 5535 3668 5600 μετάλλου.

2246 5619 2308 5669 Ol
2332 5620 2455 5679 τοὺς
2477 5620 2702 5689 νεκροὺς
2733 5621 2790 5672 ἐν
2825 5623 2935 5681 τοῖς
2963 5624 3152 5691 τάφοις
3180 5624 3460 5686 ἐκδύοντες
3490 5643 3744 5696 χειροκο-

2171 5729 2238 5763 πε
2249 5711 2467 5765 ίτωσαν.

2246 5805 2309 5856 ()l
2335 5803 2564 5872 λείψανα
2619 5806 2651 5877 ἢ
2687 5805 2818 5860 ὀστᾶ
2841 5810 3331 5882 μετακινήσαντες,
3366 5811 3602 5877 εὐτελεῖς
3645 5812 3748 5883 μὲν
