4054 6434
272 403 356 466 an
1238 394 1647 457 SYNTAGM'A
1688 384 2309 464 ALPHABETICUM.
2336 426 2406 438 —
2445 404 2510 464 T.
3410 403 3475 467 3-,-

261 521 412 586 ὄντες,
449 517 634 588 ἄκρως
664 516 1034 590 τιμωροῦνται
1056 530 1070 546 °
1111 513 1322 587 ἔντιμοι
1358 515 1439 584 δὲ,
1471 517 1801 590 περιορίζον-

1917 517 2040 574 dem
2070 529 2379 576 extremum
2409 518 2737 590 supplicium
2766 520 2900 577 dant
2921 539 2937 588 ;
2961 521 3185 596 ingenui
3205 537 3332 579 vero
3354 539 3526 581 exsu.

259 630 355 677 ται,
385 610 416 681 ἢ
455 611 534 672 είς
559 608 800 680 μέταλλα
826 608 1158 679 πέμπονται.

321 702 387 757 οὐ
414 702 494 755 δεῖ
520 700 591 754 τὰ
614 698 845 769 λείψανα
893 699 1001 752 τῶν
1043 697 1421 752 τελευτώντων
1446 698 1809 768 ψηλαφᾶσθαι

258 798 288 869 ἢ
314 793 658 851 σκυλεύεσθαι
677 807 695 824 ⁸
725 790 797 847 τὰ
815 792 874 846 δὲ
897 792 1254 863 προσκαίρως
1274 791 1612 847 ἀποτεθέντα
1637 810 1808 862 μεταο

259 888 424 961 φέρειν
455 886 655 955 ἔξεστι.

316 983 510 1054 Μηδεὶς
541 981 703 1052 σῶμα
730 976 1080 1051 ἀνθρώπινον
1111 979 1279 1049 χωρὶς
1320 977 1625 1042 κελεύσεως
1651 978 1812 1049 βασι-

259 1079 395 1149 Αικῆς
419 1078 495 1139 είς
525 1074 718 1145 ἕτερον
749 1074 916 1127 τόπον
960 1070 1343 1151 μετανοεοέτω.

256 1211 480 1268 ΚΕΦΔΛ.
514 1207 620 1262 lA’.
653 1207 785 1261 Ὀτι
807 1220 1056 1260 τυπτειν
1080 1203 1532 1272 κληρικοῖςρὺκ
1557 1202 1807 1274 system.

320 1392 376 1446 ὀ
399 1392 478 1454 κζ’
504 1387 609 1447 τῶν
631 1386 803 1456 ἁγίων
832 1385 1152 1440 ἀποστόλων
1200 1382 1403 1449 κανὼν,
1451 1382 1806 1452 Ἐπίσκοπον,

251 1483 421 1552 φησὶν,
449 1482 482 1550 ἢ
505 1478 872 1550 πρεσϐύτερον
911 1478 946 1548 ἦ
973 1477 1243 1542 διάκονον,
1273 1482 1547 1529 τύπτοντα
1578 1478 1808 1542 πιστοὺς

248 1570 725 1646 ἀμαρτάνοντας,ἢ
761 1571 1026 1632 ἀπίστους
1064 1569 1457 1639 ἀδικήσαντας,
1490 1569 1585 1624 καὶ
1633 1570 1806 1641 ταύτῃ

246 1670 416 1739 φούείν
449 1666 695 1729 ἐκείνους
743 1663 999 1718 ἐθέλοντα
1049 1661 1437 1732 καθαιρεῖσθαι
1471 1661 1808 1733 προστάττο-

249 1779 358 1831 μεν·
409 1756 648 1830 οὐδαμοῦ
700 1755 810 1827 γὰρ
843 1759 870 1809 ὁ
925 1756 1132 1827 Κύριος
1185 1755 1342 1809 τοῦτο
1387 1755 1537 1826 ἡμᾶς
1572 1754 1802 1820 ἐδίδαξε.

1913 609 2048 674 lant,
2078 610 2163 665 vel
2200 613 2497 667 mittuntur
2527 612 2596 668 ad
2629 613 2868 668 metalla.

1990 700 2387 759 Delunctorum
2414 704 2680 776 reliquias
2718 707 2846 761 exui
2877 705 3180 777 spoliarive
3209 706 3468 765 uonlicet
3494 733 3513 761 ι

1911 807 2037 862 qua:
2085 805 2269 849 autem
2323 808 2424 864 pro
2455 804 2703 865 tempore
2751 794 3021 866 depositae
3061 793 3242 860 luere,
3312 797 3509 868 reponi

1921 880 2222 940 debebunt.

1988 976 2162 1032 Nemo
2205 979 2419 1051 absque
2449 981 2802 1050 imperatoris
2837 981 2993 1050 iussu
3036 996 3242 1053 corpus
3273 979 3516 1038 hominis

1914 1070 2119 1123 mortui
2157 1071 2213 1125 in
2245 1072 2484 1128 alienum
2522 1074 2703 1128 locum
2732 1074 3062 1132 transferat.

1916 1206 2069 1261 CAP.
2097 1206 2192 1263 XI.
2249 1208 2405 1276 Quod
2462 1211 3000 1295 clericis_verberare
3058 1214 3359 1284 quempiam
3407 1230 3512 1268 non

2534 1293 2890 1351 permittitur.

1987 1391 2177 1448 Canon
2209 1393 2282 1447 27
2318 1403 2640 1451 sanctorum
2684 1397 3091 1466 apostolorum,
3155 1394 3513 1465 Episcopum,

1918 1483 2017 1547 ait,
2050 1493 2148 1549 aut
2183 1486 2586 1556 presbyterum,
2635 1496 2734 1541 aut
2773 1487 3070 1542 diaconum
3121 1487 3214 1555 qui
3260 1490 3518 1543 verberat

1914 1575 2106 1632 ﬁdeles
2155 1576 2575 1647 delinquentes,
2633 1588 2726 1633 aut
2775 1579 3028 1635 inlideles
3070 1579 3212 1634 male
3249 1579 3386 1648 ipsis
3431 1578 3513 1633 fa-

1909 1666 2145 1731 cientes,
2208 1677 2375 1737 atque
2439 1669 2544 1723 hoc
2595 1668 2761 1723 modo
2832 1671 2982 1740 ipsos
3044 1670 3328 1725 deterrere
3374 1673 3515 1738 vult,

1910 1755 2110 1826 deponi
2156 1760 2497 1814 mandaums.
2530 1757 2735 1814 Nullihi
2769 1761 2914 1815 enim
2961 1761 3227 1817 Dominus
3263 1763 3367 1819 hoc
3415 1779 3516 1819 uos

252 1852 553 1907 Γούναντίον
589 1850 669 1914 δὲ,
725 1848 890 1912 αὐτὸς
930 1846 1270 1917 τυπτόμενος
1318 1847 1420 1900 οὐκ
1481 1847 1801 1912 ἀντέτυπτε,

1918 1848 2111 1903 docuit
2139 1865 2153 1902 :
2185 1863 2376 1902 Verum
2422 1865 2453 1903 e
2496 1858 2691 1904 contra
2734 1851 2851 1918 ipse
2893 1852 3156 1921 vapulans
3187 1868 3296 1908 non
3335 1869 3517 1909 revir-

243 1943 635 2015 λοιδορούμενος
662 1943 766 1996 οὐκ
814 1939 1201 2008 ἀντελοιδόρει,
1238 1938 1468 2009 πάσχων
1514 1940 1614 1993 sint
1640 1934 1806 2009 ἢπεί·

242 2046 345 2087 Λειι
372 2033 589 2086 ἐκέλευε
618 2030 673 2086 δὲ
711 2030 807 2085 καὶ
867 2030 968 2101 τὴν
1010 2030 1312 2100 ἀριστερὰν
1359 2029 1698 2101 ἐμπαρέχειν
1727 2027 1805 2099 τῷ

247 2125 315 2195 μὴ
339 2124 640 2195 φειδομένῳ
669 2123 768 2193 τῆς
798 2122 1002 2188 δεξιᾶς.
1062 2121 1345 2193 Ἐλέγχειν
1385 2123 1495 2193 γὰρ
1524 2122 1655 2187 τοὺς
1688 2123 1804 2177 ἀδιο

248 2215 461 2279 κοῦντας
500 2215 674 2278 ἄλλως
701 2214 880 2280 ἔξεστι
903 2255 921 2281 ,
978 2213 1075 2268 καὶ⁵
1106 2216 1218 2276 τοῖς
1268 2213 1655 2283 ἀδικουμένοις
1687 2216 1808 2267 ἐπι-

246 2310 442 2378 κουρεῖν
473 2308 651 2378 ὁπόση
677 2306 911 2377 δύναμις
932 2323 948 2341 ο
996 2305 1144 2362 καθά
1170 2304 1236 2377 δὴ
1269 2306 1367 2360 καὶ
1403 2305 1615 2359 Παῦλον
1642 2306 1806 2373 ἴσμεν

240 2403 324 2455 τὸν
352 2403 551 2473 μέγαν,
583 2399 838 2471 Τιμοθέῳ
870 2399 1277 2469 ἐντελλόμενον,
1298 2401 1423 2460 τοὺς
1452 2398 1803 2470 ἁμαρτάνον-

236 2511 326 2555 τας
351 2494 438 2546 ὑπ’
460 2493 593 2562 ὄψιν
639 2492 859 2548 πάντων
910 2490 1181 2562 ἐλέγχειν,
1211 2491 1300 2545 ἵνα
1334 2490 1427 2545 καὶ
1451 2493 1567 2555 τοῖς
1594 2493 1805 2554 λοιποῖς

236 2586 387 2652 φὸὄος
426 2586 741 2656 ίγγένηται.
774 2583 1079 2654 Κληρικοῖς
1104 2581 1162 2636 δὲ
1216 2582 1279 2635 οὐ
1312 2581 1536 2653 θεμιτὸν
1574 2583 1804 2648 ἑαυτοὺς

216 2679 489 2732 ’ἐκδικεῖν
552 2677 910 2749 σωφρονίζειν
968 2676 1155 2746 μέντοι
1182 2677 1421 2748 μετρίως
1450 2675 1580 2739 τοὺς
1638 2677 1803 2741 ίδίους

227 2772 403 2828 αὐτῶν
428 2769 676 2841 μαθητὰς
712 2769 1152 2841 ἁμαρτάνοντας,
1210 2771 1306 2821 καὶ
1342 2768 1482 2836 μετὰ
1518 2784 1806 2839 παραγγε-

230 2863 342 2916 λίαν
373 2865 446 2934 μὴ
504 2863 940 2941 ἐπιστρέφοντας
995 2860 1449 2932 συγκεχώρηται’
1509 2861 1595 2914 ὅτι
1656 2862 1804 2914 καὶὸ

231 2954 423 3027 Κύριος
460 2955 593 3018 τοὺς
630 2957 688 3007 ἐν
731 2953 810 3023 τῷ
848 2952 978 3024 ίερῷ
997 2951 1500 3024 ὲμπορευομένους,
1538 2951 1615 3016 ὡς
1636 2955 1719 3017 είς
1744 2952 1805 3005 τὸ

236 3048 382 3101 Θείον
414 3048 853 3118 ἁμαρτάνοντας,
876 3045 953 3116 τῷ
988 3045 1312 3119 φραγγελίῳ
1343 3045 1564 3098 τύπτων
1592 3043 1804 3114 ἀπηλα-

231 3153 334 3191 σεν.
362 3137 423 3190 Εἰ
448 3138 507 3191 δέ
538 3153 625 3199 τις
645 3135 744 3189 καὶ
762 3134 1085 3197 διδάσκαλος
1115 3132 1214 3199 ὢν,
1241 3134 1400 3205 θυμῴ
1419 3133 1592 3201 εἴξας,
1615 3150 1805 3204 φονευ-

228 3230 388 3302 τηρίῳ
417 3229 647 3296 τύψειεν
680 3228 918 3300 ὀργάνῳ,
947 3229 1048 3281 οὐκ
1072 3226 1420 3299 ἀτιμώρητος
1450 3227 1629 3282 ἔσται.

295 3433 351 3487 '0
377 3434 432 3489 δὲ
459 3429 520 3486 ον
547 3432 646 3503 τῆς
671 3431 974 3502 λεγομένης
1006 3430 1232 3502 πρώτης
1267 3430 1360 3485 καὶ
1394 3429 1653 3502 δευτέρας
1678 3444 1802 3482 συν-

230 3523 353 3590 ὁδου,
371 3528 459 3580 τὸν
483 3524 862 3579 ἀποστολικδν
876 3523 971 3578 τοῦ
981 3540 1070 3577 τον
1095 3523 1294 3578 κανόνα
1309 3521 1545 3591 διεξιὼν,
1566 3522 1803 3593 ἐπιτιμᾷ

231 3620 325 3681 τοῖς
344 3619 519 3674 αὐτὸν
546 3616 911 3687 πειρωμένοις
969 3615 1443 3688 παραχαράττειν,
1495 3614 1591 3669 καὶ
1622 3615 1801 3685 οίομὲ-

230 3725 329 3773 νοις
371 3714 499 3779 τοὺς
543 3706 862 3781 αὐτοχειρίᾳ
888 3709 1196 3771 τύπτοντας
1251 3705 1452 3775 μόνους
1489 3705 1797 3773 αἰτιᾶσθαι,

220 3802 275 3855 ού
305 3805 402 3874 μὴν
430 3802 540 3858 καὶ
556 3803 683 3865 τοὺς
703 3801 764 3866 ἐξ
788 3801 1188 3870 ἐπιτάγματος.
1219 3799 1470 3853 Ματαιον
1486 3798 1596 3869 γὰρ
1617 3800 1800 3865 τοῦτο,

220 3896 365 3965 φησι,
420 3898 535 3951 καὶ
575 3895 675 3960 τῆς
729 3893 971 3955 διανοίας
1005 3890 1101 3945 τοῦ
1158 3889 1523 3945 ἀποστολικοῦ
1575 3890 1801 3954 κανόνος

215 3988 510 4059 ἀλλότριον,
543 3988 635 4041 τὸν
665 3986 765 4057 μὲν
788 3985 912 4056 τρὶς
943 3982 1264 4055 ἢτετράκις
1289 3982 1574 4053 πλήξαντα
1604 3979 1794 4034 καθαι-

219 4078 558 4149 ρειοθαι,τὸν
578 4077 639 4130 δὲ
661 4076 721 4141 ἐξ
749 4073 1127 4144 ἐπιτάγματος
1157 4075 1238 4136 εἰς
1262 4072 1494 4128 θάνατον
1545 4074 1802 4139 στίζοντα

214 4168 348 4226 εἶναι
387 4172 575 4226 ἀθῶον
600 4184 617 4199 ο
659 4169 765 4241 χρὴ
814 4169 922 4239 γὰρ
950 4168 1042 4221 τὸν
1099 4166 1196 4220 τοῦ
1232 4164 1370 4220 Θεοῦ
1430 4168 1582 4239 ίερὲα
1607 4166 1798 4237 διδαχῇ

215 4264 303 4317 καὶ
335 4264 622 4333 νουθεσίᾳ,
645 4260 757 4315 ἐσθ’
777 4261 864 4315 ὅτε
892 4260 948 4314 δὲ
974 4262 1072 4315 καὶ
1102 4259 1588 4329 ὲκκλησιαστικοῖς
1617 4261 1800 4312 ἐπιτι-

212 4357 349 4424 μίοις
375 4357 475 4411 τὸν
502 4355 854 4413 ἀτακτοῦντα
878 4352 1274 4422 παιδαγωγεῖν,
1298 4351 1435 4407 ἀλλά
1470 4354 1547 4423 μὴ
1576 4352 1801 4422 μάστιξι

213 4453 301 4503 καὶ
326 4453 577 4522 πληγαῖς
610 4449 692 4512 είς
732 4447 803 4500 τὰ
834 4445 945 4501 τῶν
970 4444 1281 4514 ἀνθρώπιον
1332 4444 1614 4514 ὲπιπηδᾷν
1668 4446 1797 4497 ἀσε-

1917 1938 2169 2001 herahat,
2211 1949 2266 1995 et
2311 1942 2579 1996 conviciis
2630 1950 2914 2008 oneratus,
2960 1958 3071 1997 non
3124 1946 3333 2012 pariter
3377 1961 3514 2000 con-

1915 2028 2247 2100 viciabatur;
2286 2049 2482 2104 passus
2516 2043 2622 2099 est,
2667 2045 2719 2089 et
2745 2034 2867 2104 [non
2919 2036 3313 2106 minitabatur;
3348 2041 3518 2109 jussit

1920 2135 2102 2182 autem
2155 2128 2440 2181 sinistram
2501 2144 2694 2199 genam
2749 2130 2996 2200 praebere
3048 2132 3098 2186 ei
3145 2134 3238 2202 qui
3286 2134 3513 2188 minime

1919 2219 2094 2287 parcit
2125 2216 2391 2275 dexterae.
2428 2216 2563 2274 Nam
2600 2220 2739 2275 alias
2775 2219 3065 2288 increpare
3111 2220 3244 2277 licet
3275 2225 3510 2279 malefa-

1917 2312 2155 2376 cientes,
2193 2324 2248 2367 et
2289 2313 2390 2369 hos
2422 2315 2518 2385 qui
2557 2315 2818 2391 iujpuriam
2862 2316 3156 2387 patiuntur
3194 2317 3511 2382 defendere.

1916 2414 2187 2475 quantum
2214 2421 2528 2477 possumus.
2564 2407 2737 2462 Sicuti
2771 2419 2822 2461 et
2861 2421 3117 2477 traguum
3148 2408 3378 2464 Paulum
3406 2410 3516 2464 sci-

1914 2515 2043 2554 mus
2095 2497 2390 2555 Timotheo
2452 2501 2772 2569 praacipere,
2828 2499 3215 2570 delinquentes
3268 2502 3324 2557 in
3374 2517 3513 2558 con-

1917 2598 2113 2660 spectu
2145 2592 2392 2647 omnium
2432 2592 2863 2661 reprehendere.
2907 2602 2967 2645 ut
3003 2603 3183 2650 metus
3218 2594 3382 2650 etiam
3425 2612 3512 2650 re-

1914 2681 2102 2750 liquos
2153 2682 2440 2752 percellat.
2475 2681 2708 2738 Clericis
2756 2698 2889 2737 vero
2934 2683 3077 2737 haud
3124 2684 3254 2739 licet
3295 2687 3511 2756 seipsos

1916 2772 2220 2828 vindicare.
2262 2771 2405 2827 Suos
2440 2772 2667 2840 quidem
2707 2771 3017 2842 discipulos
3064 2777 3338 2846 castigare
3372 2790 3510 2830 con-

1914 2879 2134 2920 cessum
2180 2873 2287 2927 est.
2332 2881 2456 2920 cum
2505 2864 2860 2935 delinquunt,
2910 2875 2964 2921 et
2998 2876 3125 2938 post
3167 2855 3507 2924 admonitioh

1915 2968 2038 3007 netu
2091 2970 2197 3007 non
2240 2966 2640 3008 convertuntur
2676 2973 2689 3010 :
2721 2955 2850 3027 quia
2898 2957 3062 3012 etiam
3114 2956 3379 3012 Dominus
3412 2976 3509 3013 eos

1906 3047 2005 3114 “qui
2059 3045 2114 3099 in
2155 3048 2361 3114 templo
2410 3048 2865 3116 negotiabantur,
2918 3059 3181 3119 tanquam
3231 3052 3284 3105 iu
3335 3051 3503 3106 Deum

1913 3150 2232 3208 peccantes,
2282 3140 2501 3214 ﬂagello
2551 3144 2852 3201 verberans
2897 3145 3103 3217 abegit.
3139 3147 3197 3202 Si
3245 3148 3372 3218 quis
3421 3157 3509 3201 ta-

1834 3235 1878 3291 (ζ
1915 3246 2040 3286 men
2095 3232 2356 3303 magister
2410 3234 2506 3289 ire
2561 3234 2855 3304 impatiens
2903 3236 3276 3293 instrumento
3337 3239 3508 3296 lethi-

1910 3322 2031 3377 fero
2062 3323 2459 3391 verberaverit,
2498 3325 2644 3383 baud
2683 3328 2909 3397 impune
2935 3327 3150 3384 fecerit.

1985 3434 2181 3490 Canon
2214 3436 2384 3491 etiam
2438 3437 2472 3491 9
2507 3438 2726 3510 synodi,
2771 3455 2897 3510 quae
2950 3442 3125 3511 prima
3157 3455 3212 3499 et
3263 3444 3503 3501 secunda

1906 3536 2280 3598 nuncupatur,
2306 3530 2518 3585 huncce
2546 3533 2913 3601 apostolicum
2940 3550 3233 3593 recensens
3257 3553 3383 3596 can.
3411 3556 3503 3595 re-

1905 3622 2125 3692 darguit
2171 3637 2270 3677 cos
2318 3622 2414 3692 qui
2467 3624 2646 3693 ipsum
2709 3636 2983 3683 conantur
3031 3630 3292 3697 eludere,
3336 3639 3505 3703 atque

1907 3714 2273 3784 prmtendunt,
2317 3728 2414 3771 eos
2461 3727 2678 3773 tantum
2711 3722 2911 3787 teneri,
2950 3720 3045 3793 qui
3086 3738 3154 3778 ex
3190 3734 3336 3780 motu
3372 3742 3501 3796 pro—

1906 3806 2030 3876 prio
2075 3808 2411 3876 percutiunt,
2457 3824 2563 3863 non
2613 3821 2796 3866 autem
2831 3815 2924 3884 qui
2958 3831 3025 3871 ex
3066 3816 3251 3885 jussu.
3288 3818 3501 3875 Vanum

1904 3898 2052 3951 enim
2099 3898 2225 3962 hoc,
2268 3898 2469 3969 inquit,
2515 3907 2571 3955 et
2607 3916 2638 3956 a
2683 3911 2864 3959 mente
2912 3908 3147 3961 canonis
3204 3911 3501 3977 apostolici

1907 3993 2172 4061 alienum,
2198 4007 2322 4048 eum
2354 3993 2449 4063 qui
2498 4001 2583 4049 ter
2619 3995 2701 4051 vel
2743 4005 2939 4067 quater
2971 4000 3230 4069 percutit,
3275 4001 3500 4070 deponi,

1910 4101 2039 4139 eum
2082 4094 2266 4141 autem
2304 4087 2398 4158 qui
2442 4087 2509 4143 ad
2559 4098 2788 4143 mortem
2836 4107 3012 4162 usque
3044 4094 3234 4164 plectit
3262 4112 3328 4150 ex
3370 4112 3505 4168 prm-

1906 4182 2093 4243 ccpto,
2159 4176 2327 4230 etiam
2377 4176 2602 4247 impune
2662 4177 2842 4235 abire.
2897 4179 3128 4251 Oportet
3186 4185 3335 4239 enim
3408 4202 3503 4238 sa-

1905 4267 2183 4322 cerdntctn
2234 4266 2326 4323 Dei
2390 4269 2645 4325 doctrina
2703 4281 2762 4324 et
2814 4272 3225 4339 adhortatiOne,
3282 4277 3393 4329 imo
3446 4287 3502 4330 et

1906 4357 2242 4427 quandoque
2268 4360 2709 4417 correctionihus
2738 4364 3140 4422 ecclesiasticis
3167 4382 3292 4422 eum
3319 4370 3411 4438 qui
3443 4385 3503 4424 se

1907 4448 2216 4504 inordinate
2264 4452 2428 4520 gerit,
2473 4453 2783 4521 moderari;
2834 4457 2978 4512 haud
3022 4466 3211 4515 tamen
3256 4462 3501 4516 verberi-

212 4560 376 4611 μνως,
407 4544 515 4597 καὶ
532 4537 841 4610 ἐνυϐρίζειν
865 4541 1120 4609 σώματα.
1157 4538 1218 4590 Ei
1251 4536 1309 4591 δέ
1343 4554 1489 4601 τινες
1527 4532 1636 4589 εἷεν
1661 4553 1801 4589 πανσ

1914 4540 2009 4594 bus
2039 4557 2103 4596 ac
2137 4543 2309 4612 plagis
2351 4543 2405 4598 in
2459 4545 2693 4601 humana
2747 4560 2974 4618 corpora
3021 4549 3285 4608 indecore
3332 4553 3507 4609 insul-

209 4639 448 4689 τὰπασιν
501 4633 932 4703 ἀσωφρόνιστοι,
970 4629 1215 4693 τούτους
1249 4629 1341 4683 διὰ
1372 4630 1466 4683 τοῦ
1521 4629 1794 4700 ἐγχωρίου

209 4732 472 4801 ἄρχοντος
493 4731 675 4793 οὐδεὶς
691 4732 718 4784 ὁ
744 4727 968 4783 κωλύων
995 4726 1377 4798 σωφρονίζειν,
1406 4727 1483 4790 ὡς
1526 4727 1670 4781 καὶὸ
1701 4729 1801 4797 τῆς

206 4822 260 4873 ἐν
302 4820 625 4891 Ἀντιοχείᾳ
648 4817 689 4873 ε’
740 4819 920 4874 κανὼν
973 4818 1294 4890 διορίζεται,
1327 4818 1388 4873 ὃν
1424 4820 1516 4873 καὶ
1547 4819 1700 4890 ζήτει
1740 4823 1801 4873 ἐν

206 4912 281 4981 τῷ
314 4912 386 4984 ιβ’
413 4929 557 4981 xeat).
581 4910 675 4965 τοῦ
699 4911 738 4964 Σ
770 4910 1059 4980 στοιχείου.

198 5132 203 5137 .
264 5108 344 5162 νο
371 5110 433 5162 δὲ
454 5105 506 5176 τ’
549 5105 651 5177 τῆς
686 5105 929 5171 συνόδου,
964 5100 1033 5178 ἧς
1066 5106 1297 5177 ἐξῆρχεν
1345 5111 1375 5162 ό
1412 5109 1636 5177 Φὼτιος,
1691 5113 1798 5167 ὑπὸ

201 5199 455 5270 ἀνάθεμα
493 5197 684 5267 τίθησι
713 5196 806 5251 τὸν
838 5198 976 5261 ὅλως
1002 5196 1224 5268 τύψαιῆ
1254 5200 1471 5271 φυλακῇ
1507 5202 1797 5273 καθεῖρξαι

197 5293 563 5363 τολμήσαντα
589 5289 696 5342 τῶν
717 5288 1034 5343 ἐπισκόπων
1063 5291 1210 5353 τινὰ,
1247 5289 1359 5343 εἴτε
1385 5294 1554 5362 χωρὶς
1585 5296 1794 5362 αἰτίας,

198 5381 304 5436 εἴτε
327 5384 429 5436 καὶ
452 5379 646 5434 αίτίαν
675 5378 1046 5448 πλασάμενον.
1076 5379 1138 5432 Εἰ
1166 5379 1224 5432 δὲ
1262 5380 1406 5433 πάνυ
1439 5381 1527 5452 εἴη
1551 5383 1795 5455 εὐπρόσ-

196 5491 342 5537 ωπος
372 5476 410 5542 η
474 5467 659 5533 αιτία,
688 5468 812 5531 οὐδὲ
843 5468 872 5520 ὁ
916 5468 1020 5537 τὴν
1051 5466 1321 5539 μεγίστην
1372 5470 1550 5542 ἀρχὴν
1594 5473 1798 5531 διέπων

200 5565 443 5619 ἐκδικεῖν
471 5559 691 5630 ταύτην
727 5559 956 5613 δύναται
978 5597 993 5623 ,
1024 5559 1273 5617 ἀλλά,δεῖ
1296 5563 1361 5632 τῇ
1383 5563 1589 5636 συνόδῳ
1607 5566 1799 5621 ἀνατι-

197 5655 371 5717 θέναι.
404 5650 445 5728 ᾖ
481 5653 636 5724 μόνῃ
663 5652 870 5722 κρίνειν
897 5652 1108 5718 ἐφεῖται
1140 5653 1234 5705 καὶ
1261 5653 1513 5719 κολάζειν
1539 5656 1649 5711 τῶν
1671 5659 1797 5715 ἐπι-

200 5749 425 5805 σκόπων
445 5749 591 5809 τοὺς
617 5746 1047 5817 ἁμαρτάνοντας.

544 5934 816 5995 Ρλτιιυι..
861 5935 980 5995 Gn.
1031 5934 1257 5998 CXLV.

1909 4642 2045 4696 tare,
2078 4649 2254 4703 eaque
2297 4635 2564 4691 lacerare.
2616 4636 2714 4692 Sin
2752 4655 2883 4694 vero
2932 4641 3100 4712 aliqui
3150 4642 3357 4700 fuerint
3402 4662 3499 4714 pe-

1916 4724 2063 4778 nitus
2115 4724 2552 4793 incorrigihiles,
2609 4744 2706 4784 eos
2759 4746 2856 4801 per
2906 4733 3291 4803 magistratum
3338 4736 3502 4792 istius

1905 4816 2011 4871 loci
2056 4835 2219 4875 nemo
2265 4828 2412 4875 vetat
2461 4822 2749 4894 castigari,
2796 4826 2961 4881 sicuti
3017 4827 3183 4885 etiam
3233 4843 3416 4887 canon
3462 4835 3499 4886 5

1904 4907 2124 4962 concilii
2161 4910 2498 4966 Antiocheni
2550 4917 2765 4981 statuit,
2799 4931 2963 4987 quem
3018 4919 3141 4976 vide
3181 4920 3237 4975 in
3275 4938 3397 4993 cap.
3439 4925 3502 4977 l9.

1906 4997 2012 5052 litt.
2051 4999 2112 5053 Σ.
2202 5052 2206 5056 .
3504 5018 3507 5021 ’

1975 5111 2193 5171 Tertius
2212 5124 2392 5171 autem
2412 5133 2588 5174 canon
2614 5123 2863 5190 concilii,
2891 5126 2981 5181 cui
3005 5126 3226 5198 praafuit
3245 5127 3498 5195 Photius.

1903 5207 2238 5262 anathemati
2271 5208 2498 5279 suhjicit
2537 5212 2695 5268 illum
2732 5217 2827 5286 qui
2860 5232 3032 5275 ausus
3067 5219 3236 5277 fuerit
3269 5223 3353 5277 vel
3383 5240 3497 5279 vei--

1901 5299 2098 5356 berare
2123 5301 2289 5374 249
2322 5304 2406 5359 vel
2457 5305 2513 5361 in
2560 5309 2815 5366 custodia
2868 5292 3115 5371 detinere
3179 5315 3497 5387 episcopum

1901 5391 2164 5461 aliquem,
2184 5395 2301 5449 sive
2349 5395 2487 5452 citra
2526 5413 2757 5456 causam
2814 5404 2917 5459 hoc
2969 5403 3172 5470 faciat,
3211 5408 3331 5462 sive
3365 5423 3499 5462 can-

1901 5498 2019 5538 sam
2053 5484 2335 5541 obtendat.
2389 5484 2504 5542 lino
2560 5506 2697 5547 vero
2739 5495 2847 5551 etsi
2888 5511 3055 5553 causa
3099 5498 3259 5555 valde
3295 5502 3497 5568 proha-

1901 5567 2031 5631 bilis
2074 5577 2261 5641 tuerit,
2290 5579 2435 5634 haud
2470 5590 2652 5638 tamen
2686 5594 2772 5640 est
2791 5601 2961 5657 penes
2991 5603 3271 5645 summum
3295 5592 3498 5664 magis-

1902 5674 2107 5721 tratum
2170 5682 2290 5722 eam
2353 5669 2660 5740 vindicare,
2714 5679 2809 5732 sed
2846 5687 3066 5748 oportet
3111 5680 3182 5737 ad
3222 5683 3493 5755 synodum

1901 5756 2133 5822 referre,
2174 5773 2298 5829 quae
2329 5760 2449 5814 sola
2489 5763 2617 5832 jure
2656 5776 2843 5837 potest
2902 5769 3159 5837 judicare
3188 5783 3246 5831 et
3292 5777 3492 5847 punire

1900 5847 2188 5919 episcopos
2220 5848 2628 5921 delinquentes.

3094 5956 3134 6017 6
