4054 6468
535 404 631 471 ΠΙ

1146 513 1324 582 Leges.

609 607 708 664 lus
743 618 922 663 autem
958 604 1121 659 civile
1152 611 1303 660 vetat
1327 602 1617 672 episcopos
1676 600 1935 655 manibus
1994 597 2113 653 suis

536 703 802 772 plectere,
845 708 1062 766 pronam
1096 702 1280 747 tamen
1347 706 1454 746 non
1522 690 1860 752 constituit;
1904 689 1959 742 in
2020 702 2114 756 ge-

538 806 668 848 nere
693 798 875 845 autem
905 787 972 841 de
999 787 1192 856 quovis
1225 784 1550 838 verberante
1578 791 1673 838 aut
1722 779 1975 853 iniuriam
2032 778 2115 832 in-

537 886 746 936 ferentc
786 879 1052 942 decernit,
1086 874 1403 931 concedens
1452 874 1718 927 adversus
1775 872 1924 941 ipsos
1970 867 2116 939 inju-

537 975 746 1028 riarum
807 970 1104 1031 actionem,
1138 980 1263 1036 qua:
1327 962 1666 1032 transigitur
1692 971 1746 1015 et
1794 957 2115 1030 pecuniarie

534 1075 588 1119 et
625 1061 1007 1123 criminaliter,
1034 1058 1146 1111 imo
1186 1056 1352 1110 etiam
1385 1054 1598 1117 deﬁnit,
1641 1065 1893 1122 quaenam
1957 1048 2112 1105 asti-

536 1156 674 1212 mari
712 1155 870 1208 debet
900 1151 1085 1222 gravis
1119 1148 1341 1219 injuria,
1379 1160 1631 1215 quaenam
1667 1144 1825 1198 levis.

609 1249 661 1303 ls
692 1248 784 1318 qui
820 1243 1166 1301 sacerdotem
1201 1240 1287 1295 vel
1327 1241 1385 1293 in
1428 1239 1689 1303 ecclesia,
1749 1235 1831 1291 vel
1882 1235 1935 1289 in
1982 1248 2112 1306 pro-

535 1342 790 1399 cessione
832 1346 1121 1408 percutere
1163 1341 1417 1395 attentat,
1458 1331 1751 1401 relegetur.

608 1431 663 1485 Si
700 1429 886 1484 laesum
940 1424 1102 1479 fuerit
1148 1439 1350 1493 corpus
1411 1422 1667 1486 liberum,
1728 1433 1820 1474 res
1872 1416 2135 1488 judicata'

532 1524 638 1579 erit
668 1522 735 1577 ad
765 1506 1018 1590 sumptus
1044 1515 1370 1578 curationis,
1423 1519 1478 1567 et
1525 1521 1769 1581 quaestus
1815 1509 2111 1581 jacturam,

538 1632 647 1670 non
682 1626 811 1668 vero
845 1609 909 1665 ad
949 1606 1370 1663 deformitatem.
1418 1604 1631 1673 Corpus
1683 1602 1829 1656 enim
1883 1600 2113 1653 liberum

536 1720 648 1761 non
707 1703 909 1757 infame
972 1697 1238 1752 redditur.
1280 1696 1384 1762 Qui
1461 1710 1591 1749 vero
1649 1706 1852 1762 corpus
1921 1688 2118 1745 servile

536 1794 707 1860 laedit,
743 1792 1053 1864 poswlatur
1083 1796 1280 1858 prmter
1322 1788 1429 1856 jam
1477 1786 1626 1840 dicta
1657 1784 1821 1839 etiam
1852 1781 2115 1836 honesta-

476 1912 486 1921 ι
534 1888 606 1942 tis
635 1885 754 1956 ejus
787 1883 1091 1939 diminutas.

888 1992 1054 2065 κω
1081 1990 1341 2049 ΙΝιίΊυΜ
1375 1986 1695 2044 mmsis
1730 1986 1794 2039 r.

995 2106 1152 2162 CAP.
1189 2107 1207 2160 I
1248 2105 1326 2160 De
1359 2105 1606 2168 injuriis.

608 2236 804 2299 Quare
840 2243 960 2297 cap.
987 2228 1018 2279 7
1047 2226 1153 2279 litt.
1190 2223 1249 2278 Β.

632 2324 820 2376 Canon
861 2318 986 2374 dein
1034 2317 1102 2372 55
1152 2324 1465 2371 sanctorum
1517 2317 1914 2385 apostolorum,
1951 2320 2118 2383 atque

533 2419 702 2472 etiam
774 2411 893 2472 56,
952 2408 1220 2472 Clericus,
1293 2407 1573 2476 inquiunt,
1640 2410 1732 2476 qui
1799 2408 2117 2475 episcopum

538 2520 699 2561 suum
777 2499 1110 2556 contumelia
1176 2497 1369 2561 afﬁcit,
1438 2495 2119 2568 deportaturerraafecto

532 2598 678 2650 enim
728 2591 913 2663 populi
946 2591 1023 2645 tui
1072 2604 1181 2643 non
1243 2589 1597 2661 maledices.»
1655 2590 1788 2656 Quae
1853 2604 1955 2643 vox
2035 2596 2119 2642 est

530 2689 703 2745 Mosis
732 2687 832 2741 viri
857 2683 1076 2739 sumini.
1110 2683 1213 2750 Qui
1248 2698 1377 2737 vero
1410 2682 1790 2754 presbyterum
1818 2681 1901 2737 vel
1932 2680 2119 2736 diaco-

532 2796 662 2838 num
721 2776 1050 2834 contumelia
1114 2775 1315 2836 affecit,
1375 2773 1910 2829 excommunicetur.
1978 2770 2114 2826 Nam

533 2873 735 2940 injuria
798 2883 926 2939 erga
993 2868 1279 2935 majorem,
1342 2881 1561 2935 ptenam
1621 2867 1787 2921 etiam
1850 2864 2117 2935 majorem

530 2964 790 3037 postulat,
834 2970 999 3029 atque
1056 2974 1183 3029 erga
1239 2962 1481 3015 minores
1557 2961 1848 3014 minorem.
1905 2955 2117 3026 Quippe

531 3058 621 3111 hic
663 3053 860 3125 capitis
886 3051 1065 3107 locum
1115 3051 1325 3107 obtinet
1360 3054 1680 3122 incorpore
1729 3049 2010 3113 Ecclesiae,
2040 3049 2115 3102 illi

528 3164 658 3206 vero
699 3159 959 3200 manuum
993 3150 1048 3197 et
1082 3143 1418 3213 reliquorum
1454 3142 1919 3201 subservientium
1938 3155 2113 3195 mem-

535 3245 783 3296 brorum.

587 3334 780 3390 Canon
806 3344 987 3390 autem
1014 3333 1082 3388 57
1111 3333 1187 3386 ait
1220 3348 1234 3385 :
1260 3328 1325 3383 Et
1346 3329 1439 3399 qui
1462 3326 1744 3388 claudum.
1772 3327 1854 3381 vel
1883 3340 2109 3389 ciccum,

534 3428 617 3483 vel
653 3428 740 3481 cui
786 3428 1020 3482 vitiosus
1061 3433 1146 3481 est
1183 3423 1432 3477 incessus
1482 3420 1679 3483 irrisit,
1726 3418 2114 3473 communione

527 3521 793 3589 privetur,
838 3521 952 3576 sive
992 3520 1066 3575 sit
1093 3518 1331 3575 clericus
1370 3514 1487 3569 sive
1530 3513 1727 3568 laicus.
1776 3508 1937 3566 Tales
1964 3510 2109 3565 enim

526 3614 714 3683 potius
739 3613 1092 3668 miseratione
1115 3607 1375 3680 prosequi
1393 3614 1611 3676 oportet
1630 3619 1850 3658 uianum
1878 3603 2112 3672 adjutri-

529 3718 648 3757 cem
672 3702 1040 3773 porrigentes,
1063 3715 1231 3772 quam
1254 3712 1351 3754 eos
1378 3697 1697 3752 scommatis
1726 3710 1792 3751 ac
1820 3693 2110 3750 derisiouis

526 3809 753 3865 scopum
784 3794 985 3849 facere.

1179 3885 1370 3958 Leges.

606 4006 775 4057 Atrox
811 4001 1012 4073 injuria
1044 4001 1127 4055 vel
1149 4016 1211 4057 ex
1248 4014 1506 4070 persona,
1535 4000 1619 4069 vel
1653 4015 1720 4056 ex
1749 3999 1865 4069 ipsa
1901 4013 1978 4064 re,
2021 3998 2104 4052 vel

525 4114 552 4150 α
581 4099 700 4152 loco
737 4094 1020 4151 deﬁnitur.
1058 4094 1132 4148 Ex
1191 4108 1444 4163 persona,
1477 4107 1600 4146 cum
1637 4089 1984 4160 magistratui
2022 4088 2106 4143 vel

525 4198 758 4254 patrono
806 4186 946 4239 facta
1016 4184 1203 4239 luerit.
1266 4184 1342 4238 Ex
1399 4185 1542 4246 loco,
1602 4196 1725 4237 cum
1781 4182 1837 4235 in
1892 4181 2108 4236 theatro

523 4276 740 4331 cunctis
782 4273 1121 4330 videntibus.
1153 4270 1229 4326 Ex
1255 4288 1337 4339 re,
1369 4271 1591 4342 quando
1617 4271 1814 4325 vulnus
1836 4268 2103 4324 iullictum

524 4369 710 4430 fuerit,
742 4377 834 4421 aut
866 4364 1039 4420 iacies
1073 4378 1236 4417 caesa.
1285 4364 1447 4417 Tales
1485 4362 1567 4417 vel
1602 4364 1664 4416 ad
1698 4369 1916 4432 tempus
1966 4360 2105 4414 rele-

520 4468 742 4528 g-mtur,
791 4454 873 4509 vel
903 4455 1085 4524 aliqua
1120 4467 1179 4507 re
1210 4453 1640 4515 interdicuntur,
1684 4451 1730 4506 si
1772 4451 2103 4520 spectabiles

524 4550 776 4603 tulerint:
822 4549 906 4603 sin
933 4561 1063 4600 vero
1090 4547 1246 4602 liberi
1278 4547 1508 4607 iuerint,
1544 4544 1638 4599 sed
1672 4559 1738 4598 ex
1796 4542 1971 4612 plebe,
2020 4543 2103 4595 fu-

520 4636 700 4697 stibus
734 4641 1133 4706 verberantur;
1166 4637 1310 4693 servi
1343 4650 1525 4692 autem
1567 4635 1791 4705 ﬂagellis
1826 4634 1952 4690 caesi
2009 4635 2104 4689 do-

522 4734 686 4786 minis
721 4733 836 4786 suis
871 4730 1186 4784 traduntur.

577 4825 635 4879 Si
667 4824 816 4895 quis,
857 4826 987 4876 dum
1020 4836 1179 4876 sacra
1213 4821 1500 4893 mysteria,
1543 4820 1627 4872 vel
1664 4817 1813 4873 aliud
1865 4817 2099 4886 quodvis

520 4927 809 4967 sacrorum
845 4911 1154 4965 oﬂiciorum
1191 4910 1496 4980 peragitur,
1530 4911 1583 4963 in
1617 4919 1863 4964 sanctam
1917 4912 2096 4964 eccle-

518 5007 657 5058 siam
692 5005 999 5073 ingressus,
1034 5003 1382 5072 cpiscOpum,
1432 5010 1526 5056 aut
1576 5003 1848 5065 clericos,
1896 5002 2105 5056 aliosve

514 5095 763 5149 ecclesiae
811 5094 1096 5147 ministros
1141 5093 1339 5163 injuria
1374 5094 1556 5161 aliqua
1616 5092 1884 5157 atfecerit,
1942 5093 2104 5159 jube-

518 5201 641 5238 mus
691 5201 812 5239 eum
844 5186 1115 5254 torqueri,
1153 5198 1207 5240 et
1246 5187 1298 5239 in
1330 5186 1587 5241 exsilium
1620 5187 1849 5255 relegari
1885 5202 1899 5240 :
1939 5193 2104 5252 atque

514 5276 561 5328 si
603 5290 758 5329 sacra
799 5275 1056 5344 mysteria
1087 5284 1143 5330 et
1186 5274 1436 5345 liturgias
1483 5275 1805 5342 turbaverit,
1838 5283 1933 5329 aut
1961 5274 2105 5329 cele-

508 5364 665 5417 brari
703 5366 1074 5434 prohibuerit,
1107 5369 1290 5435 capite
1338 5367 1522 5436 plecti.
1578 5367 1721 5421 Idem
1783 5368 2103 5421 observetur

514 5456 680 5509 etiam
734 5458 788 5509 in
846 5459 1323 5526 processionibus,
1363 5459 1421 5511 in
1469 5458 1672 5528 quibus
1717 5460 1959 5527 episcopi
2014 5458 2100 5512 vel

516 5546 706 5597 clerici
760 5549 1112 5616 reperiuntur
1146 5568 1161 5617 ;
1206 5567 1400 5621 nempe
1436 5550 1482 5606 si
1516 5552 1638 5621 quis
1674 5551 1850 5605 solum
1904 5561 2099 5604 contu-

514 5637 680 5689 melia
708 5638 966 5704 aiiecerit,
1001 5643 1289 5698 tormentis
1327 5653 1381 5697 et
1409 5645 1610 5698 exsilio
1663 5645 1797 5707 luet,
1829 5643 1912 5698 sin
1965 5658 2098 5698 vero

517 5732 930 5799 processiunem
960 5734 1343 5808 dissipaverit,
1374 5737 1552 5812 capite
1583 5738 1845 5808 punietur

1726 392 2100 455 MATTHEI
2145 391 2570 454 BLAbTARlS

2132 3246 2180 3311 C

3662 392 3761 461 ιη

2896 508 3096 576 Νόμοι.

2299 596 2358 651 '0
2386 598 2443 651 δὲ
2465 598 2627 668 νόμος
2651 599 2982 669 ἀπαγορεύει
3016 601 3115 669 μὲν
3133 599 3246 663 τοῖς
3269 598 3586 665 ἐπισκόποις
3608 601 3765 674 πλήτ-

2215 705 2333 741 τειν
2360 690 2549 759 χερσὶν
2605 689 2852 754 οἰκείαις,
2895 691 2995 762 οὐχ
3015 691 3179 763 ὥρισε
3210 691 3265 743 δὲ
3302 696 3490 762 ποινήν
3509 709 3522 724 ’
3550 696 3768 762 γενικῶς

2214 781 2271 847 δὲ
2299 782 2428 851 περὶ
2485 784 2684 844 παντὸς
2730 783 3026 847 τύπτοντος
3055 784 3089 856 ἢ
3131 784 3443 853 ὑϐρίζοντος
3467 785 3772 857 διορίζεται,

2211 871 2385 934 διδοὺς
2419 872 2545 925 κατ’
2593 873 2772 927 αὐτῶν
2820 874 2922 942 τὴν
2959 873 3089 944 περὶ
3129 872 3340 945 ὑϐρεως
3391 873 3635 946 ἀγωγὴν,
3661 876 3773 947 ἥτις

2216 964 2311 1019 καὶ
2345 965 2707 1037 χρηματικῶς
2768 968 3000 1020 κινεῖται
3050 966 3143 1018 καὶ
3191 966 3637 1036 ἔγκληματικῶς,
3687 970 3777 1022 καὶ⁸

2217 1057 2515 1128 διορίζεται
2555 1058 2687 1112 ποία
2715 1059 2836 1113 ἐστὶ
2862 1061 3089 1129 τραχεῖα
3114 1056 3294 1130 ὕϐρις,
3318 1059 3449 1114 ποία
3482 1058 3527 1114 δ’
3552 1060 3774 1131 ἐλαφρά.

2299 1244 2359 1294 '0
2392 1242 2564 1314 ίερέα,
2601 1242 2712 1296 εἴτε
2772 1244 2832 1295 ἐν
2870 1242 3155 1314 ἐκκλησίᾳ,
3192 1244 3301 1297 είτε
3345 1244 3402 1298 ιν
3423 1243 3547 1317 λιτῇ
3581 1244 3780 1316 ἐπιχει-

2221 1336 2330 1407 ρῶν
2352 1335 2599 1396 τύπτειν,
2635 1332 2983 1403 ὲξοριξέσθω.

2299 1426 2426 1479 Ἐὰν
2449 1425 2622 1497 βλαϐῇ
2649 1425 2810 1496 σῶμα
2843 1424 3150 1495 ἐλεύθερον,
3197 1429 3230 1497 ἡ
3276 1429 3543 1498 καταδίκη
3584 1426 3785 1497 γίνεται

2216 1521 2295 1584 είς
2320 1520 2418 1589 τὴν
2444 1518 2691 1588 δαπάνην
2721 1517 2823 1588 τῆς
2853 1520 3117 1588 ἰατρείας.
3141 1522 3238 1573 καὶ
3260 1521 3360 1593 τὴν
3388 1521 3671 1575 ἀπώλειαν
3694 1522 3788 1591 τῆς
3826 1542 3832 1549 ·

2217 1613 2501 1683 ἐργασίας,
2533 1612 2594 1665 οὐ
2630 1610 2737 1683 μὴν
2761 1612 2858 1682 τῆς
2881 1611 3159 1683 ἀμορφίας
3188 1628 3201 1644 ·
3241 1612 3402 1683 σῶμα
3434 1613 3548 1686 γὰρ
3586 1612 3789 1666 ἐλεύθε-

2219 1721 2313 1775 ρον
2338 1703 2401 1757 οὑ
2432 1702 2772 1773 διατιμᾶται.
2823 1704 2883 1756 '0
2914 1703 2972 1757 δὲ
3004 1702 3161 1774 σῶμα
3189 1704 3376 1758 δούλου
3398 1704 3614 1776 βλάψας
3628 1705 3792 1758 άπαι-

2216 1794 2390 1847 τεϊται
2420 1792 2559 1867 πρὸς
2584 1794 2695 1856 τοῖς
2720 1794 3035 1864 εἰρημένοις
3087 1795 3183 1848 καὶ
3220 1794 3319 1865 τὴν
3360 1795 3664 1851 ἑλάττωσιν
3698 1795 3790 1863 τῆς

2147 1856 2190 1913 Β
2215 1886 2586 1958 διατιμήσεως
2613 1883 2804 1939 αὑτοῦ.

2551 1996 2741 2051 ΑΡΧΗ
2770 1997 2907 2050 ΤΟΥ
2939 1996 2985 2049 Υ
3014 1994 3410 2052 ΣΤΟΙΧΕΙΟΥ.

2590 2108 2844 2166 ΚΕΦΔΛ.
2876 2107 2956 2165 A'.
2997 2110 3138 2178 Περὶ
3170 2110 3423 2180 ὕϐρεων.

2288 2225 2450 2293 Ζήτει
2484 2224 2545 2277 τὸ
2568 2224 2613 2287 ζ’
2639 2222 2936 2290 κεφάλαιον
2964 2222 3060 2275 τοῦ
3088 2223 3128 2275 Β
3149 2223 3445 2294 στοιχείου.

2301 2317 2362 2371 '0
2388 2315 2445 2369 δὲ
2479 2321 2553 2369 νε¹
2580 2313 2689 2368 τῶν
2711 2314 2885 2382 ἁγίων
2923 2314 3240 2369 ἀποστόλων
3262 2315 3476 2382 κανὼν,
3518 2315 3607 2372 ιτι
3628 2317 3686 2371 δὲ
3710 2316 3801 2371 καὶ

2219 2412 2247 2462 ὁ
2272 2408 2379 2473 νς⁹,
2419 2410 2480 2462 Ὀ
2506 2409 2596 2462 τὸν
2623 2408 2756 2461 ίδιον
2780 2410 3084 2463 ἐπίσκοπον
3108 2409 3339 2481 ὑϐρίσας
3372 2410 3647 2484 κληρικδς
3676 2411 3787 2465 καθ

2221 2499 2504 2570 αιριίσθω,
2552 2500 2724 2570 φησί’
2753 2501 3066 2572 (Ἄρχοντα
3095 2502 3205 2573 γὰρ
3250 2499 3347 2556 τοῦ
3379 2502 3522 2557 λαοῦ
3552 2520 3675 2569 σου,
3705 2503 3803 2555 οὑκ

2221 2593 2367 2663 ἐρεῖς
2389 2592 2573 2656 κακῶς
2594 2608 2645 2644 ἰ
2684 2593 2929 2655 Μωσέως
2958 2591 3122 2648 τοῦτο
3141 2592 3236 2647 τοῦ
3259 2594 3406 2649 πάνυ
3447 2595 3633 2667 φωνή.
3671 2596 3806 2665 [Ips-

2222 2687 2484 2757 σϐύτερον
2509 2686 2568 2740 δι
2592 2685 2625 2757 ἢ
2649 2686 2893 2740 διάκονον
2913 2691 2938 2740 ὁ
2963 2687 3192 2759 ὑϐρίσας
3217 2689 3612 2760 ἀφοριζέσθω’
3644 2693 3680 2764 ἠ
3702 2691 3806 2760 γάρ

2223 2779 2360 2850 πρὸς
2388 2780 2481 2833 τὸν
2509 2778 2730 2850 μείζονα
2788 2778 2969 2850 ὕϐρις,
3021 2778 3119 2833 καὶ
3170 2779 3425 2851 μείζονος
3451 2781 3585 2848 ἀξία
3613 2783 3712 2854 τῆς
3731 2797 3808 2834 τι-

2224 2870 2454 2942 μωρίας,
2492 2870 2777 2935 ὲλάττονος
2795 2871 2851 2925 δὲ
2878 2872 2912 2941 η
2935 2871 3072 2940 πρὸς
3091 2867 3217 2934 τοὺς
3257 2869 3588 2938 ἐλάττονας.
3623 2874 3682 2928 '0
3712 2873 3808 2942 μὲν

2220 2961 2327 3030 γὰρ
2381 2960 2627 3030 κεφαλῆς
2651 2962 2842 3033 ὶπέχει
2868 2963 3036 3018 τόπον
3070 2962 3148 3031 τῷ
3178 2961 3400 3034 σώματι
3430 2966 3538 3036 τῆς
3586 2966 3811 3032 Ἐκκλη-

2222 3053 2365 3116 σίας,
2425 3055 2475 3107 oi
2524 3054 2579 3107 δὲ
2641 3055 2840 3125 χειρῶν
2893 3056 2987 3110 καὶ
3047 3056 3156 3110 τῶν
3197 3056 3544 3114 διακονικῶν
3606 3060 3811 3131 ἑτέρων

2224 3164 2424 3216 μειων.

2303 3332 2363 3385 Ὀ
2393 3331 2448 3386 δὲ
2507 3331 2603 3397 νζ,
2657 3335 2767 3387 Καὶ
2796 3335 2826 3387 ὁ
2850 3334 3042 3406 χωλὸν,
3090 3336 3124 3407 ἢ
3157 3337 3378 3406 τυφλὸν,
3419 3339 3456 3412 ἢ
3494 3341 3597 3405 τὰς
3628 3341 3815 3413 βάσεις

2218 3423 2606 3495 πεπληγμένον
2652 3424 2945 3495 χλευάσας,
2989 3429 3359 3500 άφοριζέσθω.
3424 3435 3644 3505 φησὶν,
3702 3433 3816 3488 εἴτε

2219 3514 2481 3585 κληρικδς
2517 3516 2629 3585 εἴη,
2659 3516 2771 3572 ιίτε
2797 3518 2909 3572 τῶν
2926 3518 3020 3572 τοῦ
3042 3519 3196 3573 λαοῦ.
3228 3521 3367 3584 Τοὺς
3395 3525 3694 3590 τοιούτους
3709 3524 3819 3595 γὰρ

2218 3608 2390 3662 ἐλεεῖν
2447 3609 2647 3680 μᾶλλον
2680 3611 2798 3665 διον
2848 3614 3008 3684 χεῖρα
3078 3612 3275 3682 βοηθὸν
3320 3615 3739 3690 ἑπορέγοντας.
3785 3618 3820 3687 ἢ

2217 3701 2414 3773 χλεύης
2445 3702 2539 3755 καὶ
2567 3702 2804 3771 γέλωτος
2841 3703 3111 3759 ποιεῖσθαι
3133 3705 3426 3767 ὑπόθεσιν.

2898 3883 3105 3951 Νόμοι.

2300 3989 2365 4044 Ἢ
2396 3992 2623 4060 τραχεῖα
2648 3990 2804 4060 ὕϐρις
2835 3990 2867 4061 ἢ
2903 3992 3012 4045 άπὸ
3035 3993 3129 4047 τοῦ
3157 3995 3488 4064 προσώπου,
3513 4000 3551 4071 ἢ
3582 4004 3703 4056 ἀπὸ
3725 4000 3822 4055 τοῦ

2218 4084 2541 4152 πράγματος
2567 4121 2581 4145 ,
2638 4082 2672 4155 ἢ
2710 4082 2818 4135 άπὸ
2857 4083 2952 4136 τοῦ
3012 4084 3179 4139 τόπου
3240 4089 3635 4155 κανονίζσται.
3686 4091 3823 4147 ’Δπδ

2214 4176 2532 4245 προσώπου,
2577 4176 2706 4228 ὅταν
2753 4175 2973 4247 ἄρχοντι
3026 4175 3060 4247 ἢ
3113 4176 3365 4249 πάτρωνι
3396 4183 3682 4253 γένηταιο
3715 4186 3825 4240 ἀπὸ

2213 4267 2401 4328 τόπου,
2443 4268 2573 4321 ὅταν
2622 4268 2682 4320 ὲν
2708 4267 2922 4338 θεάτρῳ
2968 4267 3190 4321 πάντων
3220 4269 3489 4340 ὁρώντων
3514 4291 3530 4306 ·
3568 4277 3690 4330 ἀπὸ
3727 4275 3822 4329 τοῦ

2214 4358 2561 4428 πράγματος,
2580 4360 2709 4413 ὅταν
2729 4360 2824 4412 καὶ
2847 4358 3070 4431 τραῦμα
3093 4361 3345 4431 γένηται,
3373 4363 3411 4434 ἢ
3438 4365 3579 4436 ὄψις
3607 4370 3825 4440 πληγῇ.

2213 4453 2278 4505 Oi
2317 4454 2548 4506 τοιοῦτοι
2585 4453 2619 4525 ἢ
2651 4453 2789 4525 πρὸς
2820 4455 3017 4525 καιρὸν
3045 4455 3401 4526 ὲξορίζονται,
3440 4460 3482 4530 ἦ
3518 4479 3682 4524 τινος
3713 4479 3828 4516 κω·-

2210 4547 2425 4601 λύονται
2461 4550 2787 4618 πράγματος
2830 4547 3039 4616 ἔντιμοι
3101 4547 3287 4612 ὄντες·
3314 4551 3395 4615 ξεί
3426 4553 3493 4607 δὲ
3526 4556 3833 4628 ιλεύθσροι

2214 4640 2313 4708 μὲν
2336 4636 2468 4703 εἶεν,
2509 4637 2748 4701 εὐτελεῖς
2797 4636 2876 4701 δὲ,
2934 4639 3354 4708 ῥοπαλίζονταιο
3420 4647 3479 4698 εί
3517 4645 3583 4701 δὲ
3612 4648 3830 4714 δοῦλοι,

2210 4728 2723 4799 φραγγε).ιζόμ.ενοι,
2746 4727 2824 4799 τῷ
2850 4729 3085 4801 δεσπότῃ
3113 4731 3500 4788 ἀποδίδονται.

2278 4819 2350 4874 Εἴ
2367 4836 2449 4882 τις
2471 4819 2578 4872 τῶν
2607 4819 2768 4873 θείων
2800 4822 3118 4891 μυστηρίων
3168 4822 3203 4892 ἢ
3261 4821 3374 4875 τῶν
3412 4825 3618 4883 ἄλλων
3651 4831 3835 4899 ἁγίων

2208 4911 2565 4980 λειτουργιῶν
2614 4910 3049 4985 ἐπιτελουμένων
3124 4913 3204 4974 είς
3281 4914 3459 4980 ἁγίαν
3547 4920 3837 4976 είσελθὼν

2208 5001 2502 5069 ἐκκλησίαν
2524 5042 2539 5064 ,
2572 5001 2649 5071 τῷ
2704 5002 3010 5071 ἑπισκόπῳ,
3044 5004 3077 5075 ἢ
3105 5007 3214 5067 τοῖς
3247 5007 3588 5077 κληρικοῖς,
3642 5014 3680 5084 ἦ
3718 5017 3837 5077 τοῖς

2206 5093 2384 5157 ἄλλοις
2409 5094 2711 5163 ὑπηρέταις
2770 5095 2873 5165 τῆς
2923 5096 3220 5165 ἐκκλησίας
3251 5096 3476 5167 ὕϐρεώς
3517 5119 3583 5157 τι
3609 5107 3843 5177 ἐπαγά.

2206 5200 2319 5252 γοι,
2347 5184 2644 5253 κελεύομεν
2664 5185 2857 5238 τοῦτον
2885 5185 3156 5254 βασάνους
3188 5190 3521 5261 ὑπομεῖναι,
3575 5201 3687 5254 καὶ
3752 5200 3840 5263 είς

2205 5275 2419 5344 ἐξορίαν
2447 5275 2798 5345 πεμφθῆναι·
2824 5279 2872 5330 εί
2901 5278 2959 5330 δὲ
2982 5280 3077 5330 καὶ
3106 5281 3246 5333 αὐτὰ
3274 5279 3499 5338 τάθεῖα
3532 5292 3843 5364 μυστήρια

2205 5370 2299 5419 καὶ
2337 5368 2437 5428 τὰς
2468 5367 2812 5436 λειτουργίας
2867 5370 3093 5436 ταράξοι
3132 5370 3165 5441 ἢ
3206 5370 3615 5433 ἐπιτελεῖσθαι
3647 5385 3841 5436 κωλύ-

2202 5476 2308 5521 σοι,
2350 5459 2661 5524 κεφαλικῶς
2690 5460 3054 5530 τιμωρεῖσθαι
3076 5479 3091 5493 ο
3125 5462 3319 5516 τούτου
3359 5464 3558 5524 αὐτοῦ
3598 5476 3710 5530 καὶ
3741 5479 3842 5531 tu),

2200 5553 2322 5612 ταῖς
2345 5551 2539 5616 λιταῖς,
2573 5553 2630 5603 ὲν
2658 5549 2745 5614 αῐς
2769 5551 3063 5605 ἐπίσκοποι
3115 5555 3146 5624 ἢ
3181 5555 3451 5623 κληρικοὶ
3512 5566 3842 5632 εὑρίσκον.

2198 5661 2315 5709 ται,
2372 5644 2815 5712 φυλαττομένουο
2881 5645 2987 5706 ίνα,
3031 5646 3079 5697 εί
3119 5647 3218 5714 μὲν
3269 5648 3441 5719 ὓϐριν
3505 5670 3606 5721 τις
3663 5661 3843 5731 μόνον

2201 5737 2437 5803 ποιήσοι,
2487 5734 2739 5804 βασάνοις
2784 5737 2881 5789 καὶ
2931 5736 3115 5808 ἐξορίᾳ
3168 5740 3501 5813 παραδοθῇ,
3545 5752 3607 5802 εἰ
3636 5752 3704 5805 δὲ
3748 5758 3844 5808 καὶ

2200 5830 2295 5898 τὴν
2324 5828 2478 5899 λιτὴν
2496 5828 2866 5897 διασκεδάσοι,
2893 5831 3185 5901 κεφαλικὸν
3208 5832 3478 5888 κίνδυνον
3509 5838 3822 5918 ὑπομείνῃ

3793 5891 3845 5919 ιι-
