4028 6430
335 371 429 428 Πι

1333 337 1740 426 δΥΝΤΑεέῑέιΑ
1788 363 2419 424 Αιυιιλιιιιτιοωι.
2464 386 2535 398 -—
2569 362 2635 420 0;

3515 363 3616 423 με

328 477 488 534 ἐννέα
509 479 642 533 ἐτῶν
680 478 906 552 όκτὼ,ἢ
936 477 1097 546 ἑπτὰ,
1125 481 1156 549 ἢ
1193 479 1272 545 ἓξ,
1378 482 1542 534 πέντε
1579 483 1718 552 μόνα
1752 482 1904 551 γενέ-

2036 480 2095 534 'el
2130 480 2308 533 solum
2345 479 2378 533 5
2410 492 2586 532 annos
2640 484 2787 549 agat,
2814 477 2968 548 juxta
3017 476 3341 531 sententiam
3372 477 3492 544 ejus
3525 473 3615 545 qui

332 573 455 625 σθαι
479 572 622 625 κατά
671 571 770 644 τὴν
813 573 995 644 κρίσιν
1052 573 1146 626 τοῦ
1180 573 1275 644 τὴν
1314 574 1645 642 Ἐκκλησίαν
1705 577 1916 627 οἰκονο-

332 665 582 736 μοῠντος.

414 759 471 811 ’0
485 760 540 812 δὲ
555 760 808 823 ἀκούσιος
843 761 1004 830 φόνος
1025 754 1381 831 σῦγγνωστδς
1406 763 1525 832 μὲν,
1553 764 1614 815 ού
1639 763 1745 833 μὴν
1763 763 1920 816 ἐπαι-

330 855 478 914 νετὺς
513 855 732 924 ἐκρίθη.
785 857 892 909 Τ-ἰν
922 858 1032 927 γὰρ
1067 857 1262 909 ἁλόντα
1285 855 1360 925 τῷ
1415 858 1686 926 μιάσματι
1721 854 1916 925 τούτῳ,

332 947 404 1008 ὡς
443 945 727 1012 ἐξάγιστον
767 947 867 1017 ἤδη
893 948 1210 1016 γενόμενον,
1264 947 1575 1018 ἀπόϐλητον
1629 946 1918 1016 ἱερατικῆς

333 1041 550 1110 χάριτος
577 1041 605 1093 ὀ
629 1040 804 1093 κανὼν
823 1042 1163 1111 ἀπεφήνατο·
1186 1042 1312 1105 ὅσος
1327 1042 1385 1096 δέ
1416 1044 1566 1094 ἐστιν
1582 1042 1674 1093 ἐπὶ
1697 1043 1763 1112 τῇ
1786 1041 1918 1111 ψιλῇ

334 1133 557 1200 πορνείᾳ
577 1131 670 1183 τοῦ
701 1133 1005 1202 καθαρσίου
1032 1133 1060 1185 ὁ
1095 1133 1289 1202 χρόνος
1329 1132 1438 1185 τῶν
1463 1133 1621 1186 ὲννέα
1652 1132 1809 1195 ὲτῶν,
1837 1149 1924 1183 το-

333 1222 522 1286 σοῦτος
565 1223 658 1275 καὶ
706 1224 930 1277 ἐπὶτῶν
961 1223 1237 1276 ἀκουσίως
1283 1223 1704 1292 πεφονευκότων
1741 1221 1924 1286 καλῶς

330 1311 474 1383 ἔχειν
497 1316 862 1386 ἐδοκιμάσθη·
899 1315 1104 1386 δηλαδὴ
1147 1317 1242 1370 καὶ
1264 1318 1324 1369 ὲν
1376 1315 1552 1386 τούτῳ
1588 1317 1688 1384 τῆς
1731 1331 1926 1385 προαι-

335 1409 568 1478 ραίσεως
592 1409 684 1461 τοῦ
705 1409 1096 1478 μετανοοῦντος
1127 1408 1593 1484 δοκιμαζομὲνης,
1609 1413 1658 1463 εί
1691 1410 1811 1462 δέον
1831 1409 1924 1462 τὸν

332 1501 617 1572 ὁρισθέντα
640 1504 833 1574 χρόνον
862 1503 1012 1575 αύτῷ
1039 1504 1261 1574 ἐξήκειν
1292 1503 1322 1575 ἢ
1359 1504 1572 1559 ἐλάττω
1605 1505 1883 1573 γενέσθαι.

405 1687 559 1740 Οὕτω
587 1690 684 1742 καὶ
728 1692 755 1742 ὁ
789 1691 962 1761 μέγας
1018 1689 1301 1753 Βασίλειος
1333 1691 1390 1743 ἐν
1427 1690 1505 1760 τῷ
1543 1687 1596 1760 η’
1617 1690 1804 1744 κανόνι
1836 1690 1927 1743 τὸν

334 1780 576 1833 ἑκούσιον
599 1781 692 1834 καὶ
727 1781 989 1836 ἀκούσιον
1036 1783 1364 1852 ὁριζόμενος
1410 1783 1594 1850 φόνον,
1636 1783 1921 1845 Ἀκούσιος

2023 573 2324 628 Ecclesiam
2357 573 2518 642 regit.

2094 750 2283 804 Caedes
2325 761 2507 802 autem
2558 749 2955 811 involuntaria,
3012 746 3170 801 venia
3232 745 3476 814 quidem,
3520 761 3623 796 t'hll

2024 851 2206 894 tamen
2237 839 2402 894 laude
2428 840 2592 908 digna
2621 843 2890 893 {Palitllala
2916 848 3022 894 cst.
3071 838 3203 890 Nam
3239 840 3333 907 qui
3364 852 3426 891 ea
3464 838 3622 904 culpa

2025 942 2265 995 tenetur,
2302 943 2561 1002 tanquam
2597 933 2668 985 im
2689 947 2885 1000 purum
2925 946 2987 984 ac
3046 931 3348 1000 piaculum,
3384 944 3412 980 a
3451 930 3626 997 gratia

2025 1025 2353 1079 sacerdotali
2399 1023 2762 1092 rejiciendum
2813 1025 3061 1076 decernit
3107 1037 3305 1076 canon.
3343 1020 3622 1086 Quantum

2027 1126 2212 1172 autem
2262 1116 2525 1186 temporis
2579 1115 2816 1184 simplici
2854 1113 3211 1168 fornicationi
3249 1112 3623 1181 expurganda

2025 1210 2324 1274 statuitur,
2396 1219 2609 1263 tantum
2661 1209 2828 1262 etiam
2895 1208 3197 1262 convenire
3244 1209 3619 1262 existimatum

2026 1311 2133 1365 est,
2165 1302 2375 1354 scilicet
2404 1301 2647 1371 spatium
2683 1315 2877 1354 novem
2907 1315 3205 1361 annorum,
3260 1301 3626 1354 τοοοιιιείιίσιιο

2027 1391 2111 1447 riis
2181 1392 2478 1446 ltomicid'is
2538 1391 2968 1454 involuntariis,
3029 1391 3117 1445 hic
3179 1392 3343 1445 etiam
3411 1391 3627 1443 ratione

2027 1484 2346 1552 pmnitentis
2398 1483 2606 1548 habita,
2655 1499 2723 1538 an
2778 1497 2923 1553 Opus
2967 1484 3037 1538 sit
3073 1492 3291 1553 tempus
3338 1484 3623 1538 deﬁnitum

2027 1573 2136 1647 ipsi
2168 1580 2438 1647 integrum
2473 1578 2748 1647 protrahi,
2801 1593 2866 1630 an
2898 1592 3030 1631 vero
3069 1576 3346 1631 contrahi.

2103 1671 2196 1726 Sic
2227 1672 2673 1740 ctiamctnagnus
2737 1669 2971 1725 Basilius
3015 1670 3072 1723 in
3107 1671 3140 1723 8
3171 1684 3384 1722 canone
3421 1667 3625 1720 ca-dem

2030 1764 2398 1819 voluntariam
2443 1771 2500 1818 et
2529 1761 2956 1817 involuntariam
3005 1762 3274 1816 deﬁniens
3307 1761 3437 1815 dicit
3471 1778 3484 1814 :
3543 1759 3630 1812 ln-

337 1872 436 1941 μέν
463 1875 594 1936 ἐστι,
627 1877 814 1943 φησιν,
843 1875 972 1927 ὅταν
998 1841 1086 1936 τις
1107 1841 1401 1937 ἀκοντίσας
1423 1841 1595 1940 λίθον,
1639 1875 1725 1941 ἐφ’
1753 1867 1796 1940 ᾧ
1826 1841 1921 1944 θηζ

2036 1856 2339 1912 voluntaria
2371 1855 2594 1924 quidem
2627 1864 2732 1916 est,
2766 1855 2990 1924 quando
3016 1855 3140 1924 quis
3174 1854 3409 1924 lapidem
3460 1853 3628 1923 proji-

334 1965 450 2035 ρίον
477 1963 804 2033 ἀμύνασθαι,
856 1965 889 2031 ἢ
916 1967 1240 2019 κατασεῑσαι
1279 1965 1500 2036 δένδρου
1553 1964 1790 2036 καρπὸν,
1823 1965 1921 2019 ἀν-

333 2058 549 2138 θρωπον
577 2059 842 2127 παριόντα
873 2061 948 2128 μὴ
998 2059 1258 2128 προϊδὼν,
1290 2061 1372 2123 είς
1424 2059 1657 2115 θάνατον
1703 2059 1916 2131 πλήξῃ·

333 2153 393 2203 οὐ
414 2153 518 2220 μὴν
562 2152 696 2204 ἀλλά
720 2151 815 2205 καὶ
840 2153 893 2204 εί
931 2171 1013 2236 τις
1053 2153 1529 2224 ὲπιστρέψαιτινά
1569 2153 1918 2225 βουλόμενος,

339 2243 515 2311 ἱμάντι
571 2243 602 2312 ἢ
633 2243 832 2314 ῥάϐδῳ,
861 2243 936 2314 μὴ
958 2243 1098 2298 πάνυ
1111 2245 1340 2316 τραχείᾳ
1363 2244 1547 2314 τύψοι,
1569 2243 1837 2297 ἀποθάνοι
1862 2243 1920 2296 δὲ

335 2336 705 2404 ὁτυπτόμενος
729 2353 744 2368 ο
776 2339 808 2406 ὴ
839 2338 949 2405 γὰρ
994 2337 1253 2409 πρόθεσις
1316 2337 1554 2390 ἐνταῦθα
1607 2339 1918 2402 σκοπεῖται,

335 2427 416 2479 ὅτι
444 2425 727 2496 βελτιῶσαι
768 2428 1020 2481 ἐϐούλετο
1047 2433 1139 2482 τὸν
1185 2430 1598 2498 ἁμαρτάνοντα,
1667 2429 1769 2482 οὐκ
1799 2430 1920 2482 ἁνε-

337 2517 468 2571 λείν.
488 2519 574 2570 Ἐν
599 2521 711 2582 τοῖς
725 2519 1002 2582 ἀκουσίυις
1026 2521 1143 2573 ἐστὶ
1165 2521 1415 2587 κάκεῖνο,
1444 2524 1574 2576 ὅταν
1601 2537 1686 2584 τις
1715 2521 1920 2590 άμυνό⁶

342 2628 501 2682 μενος
527 2615 586 2665 ὲν
615 2615 762 2686 μάχῃ
784 2614 923 2677 τινὰ,
980 2613 1121 2683 ξύλῳ
1151 2614 1184 2685 ἢ
1235 2619 1384 2684 χειρὶ
1432 2614 1670 2682 ἀφειδῶς
1707 2615 1801 2667 ἐπὶ
1851 2613 1920 2666 τὰ

335 2706 527 2774 καίρια
554 2705 650 2775 τὴν
679 2705 892 2778 πληγὴν
953 2708 1179 2779 ἐνέγκῃ,
1207 2709 1294 2778 ἐφ’
1348 2700 1392 2776 ᾧ
1429 2706 1918 2770 κακῶσαιτοῦτον,
1953 2723 1956 2725 ‘

336 2796 434 2864 οὐχ
459 2795 597 2848 ὥστε
621 2798 899 2861 παντελῶς
930 2800 1142 2853 ἀνελεῖν
1161 2817 1173 2829 ο
1200 2799 1337 2852 ἀλλὰ
1367 2799 1528 2852 τοῦτο
1549 2801 1653 2868 ήδη
1681 2816 1923 2870 προσεγ-

335 2889 482 2956 γίζει
501 2889 574 2957 τῷ
606 2890 858 2961 ἑκουσίῳ.
901 2891 960 2943 '0
978 2891 1088 2960 γάρ
1105 2893 1338 2964 τοιούτῳ
1365 2892 1721 2963 χρησάμενος
1751 2893 1919 2964 ὀργά⁸

336 2997 414 3048 νῳ
427 2980 558 3050 πρὸς
573 2981 800 3049 ἄμυναν,
824 2983 916 3036 καὶ
936 2984 1015 3054 μὴ
1028 2985 1414 3054 πεφεισμένως
1432 2985 1533 3055 τὴν
1553 2985 1774 3056 πληγὴν
1789 2987 1918 3040 ὲπα-

337 3073 543 3142 γαγὼν,
561 3075 717 3144 δῆλός
739 3077 856 3129 ἐστι
892 3077 971 3147 τῷ
996 3079 1370 3148 κεκρατῆσθαι
1430 3081 1534 3134 ὑπὸ
1559 3081 1656 3133 τοῦ
1716 3080 1926 3144 πάθους

2024 1950 2119 2008 cit.
2137 1963 2205 2002 eo
2225 1947 2409 2002 linem
2434 1948 2661 2002 bestiam
2687 1946 2990 2016 propulset,
3016 1953 3110 2000 aut
3138 1947 3354 2000 arboris
3379 1945 3621 2000 fructum

2023 2042 2287 2103 excutiat,
2321 2051 2482 2110 atque
2527 2040 2756 2095 minimc
2811 2041 2860 2092 id
2921 2039 3113 2095 volens
3165 2039 3448 2094 hominem
3484 2055 3622 2107 pra:-

2025 2142 2332 2189 tereuntem
2368 2133 2642 2188 lethaliter
2692 2134 2932 2203 percutit
2963 2151 2978 2200 ;
3014 2135 3126 2188 imo
3165 2142 3218 2189 et
3271 2135 3314 2188 si
3365 2133 3488 2201 quis
3526 2148 3623 2184 cu-

2024 2228 2183 2298 piens
2209 2227 2450 2297 aliquem
2485 2234 2806 2281 convertere
2838 2227 2893 2280 in
2929 2227 3150 2290 melius,
3189 2227 3310 2281 loro
3347 2225 3448 2289 vel.
3475 2226 3624 2295 Virga

2025 2335 2134 2374 non
2165 2318 2462 2372 admodum
2510 2321 2648 2372 dura
2689 2333 2815 2372 eum
2860 2321 3112 2372 verberet
3159 2317 3298 2372 adeo
3354 2326 3414 2372 ut
3460 2320 3630 2372 inter-

2024 2413 2294 2467 moriatur
2327 2413 2370 2465 is
2406 2410 2496 2480 qui
2523 2411 2766 2480 vapulat.
2800 2409 3148 2480 Propositum
3181 2412 3324 2465 enim
3347 2420 3460 2463 tum
3496 2429 3629 2464 con-

2023 2507 2321 2569 sideratur,
2353 2503 2500 2574 quod
2535 2504 2811 2573 corrigere
2838 2504 3250 2573 delinquentem
3295 2503 3490 2570 voluit,
3517 2519 3628 2557 non

2024 2598 2363 2653 interimere.
2387 2596 2523 2651 Illud
2549 2596 2716 2650 etiam
2751 2604 2835 2649 est
2874 2596 2928 2650 in
2961 2595 3279 2650 homicidiis
3311 2595 3627 2649 involunta-

2038 2693 2158 2756 riis,
2195 2690 2293 2745 ubi
2320 2691 2445 2759 quis
2483 2688 2539 2742 in
2586 2704 2765 2758 pugna
2791 2688 2997 2742 acriter
3028 2687 3265 2756 aliquem
3297 2687 3629 2756 pr0pulsans

2026 2784 2173 2853 ligno
2204 2791 2299 2837 aut
2337 2797 2501 2834 manu
2537 2782 2672 2833 satis
2725 2794 2948 2848 gravem
2981 2779 3194 2848 plagam
3227 2780 3466 2840 incutit,
3520 2795 3628 2848 qua

2026 2892 2150 2932 eum
2189 2875 2388 2928 lzrdere
2420 2875 2616 2944 possit,
2663 2889 2771 2926 non
2834 2889 2963 2926 vero
2995 2876 3215 2940 penitus
3273 2872 3629 2925 interﬁt-ere:

2029 2968 2130 3024 sed
2171 2969 2273 3022 hoc
2304 2967 2529 3037 quidem
2576 2968 2829 3034 proxime
2880 2965 2947 3019 ad
2985 2965 3356 3018 voluntarium
3393 2970 3628 3020 acu-dit.

2028 3062 2132 3128 Qui
2165 3062 2309 3114 enim
2347 3060 2439 3114 tali
2473 3060 2845 3113 instrumento
2879 3073 3013 3112 usus
3044 3057 3205 3111 fuerit
3243 3059 3306 3108 ad
3337 3074 3395 3111 se
3433 3056 3627 3112 defen-

339 3167 576 3248 ἀςεειδῶν
601 3168 696 3221 τοῦ
728 3170 1040 3239 ἀνθρώπου..
1106 3147 1344 3240 Ὁμοίως
1397 3173 1492 3226 καὶ
1517 3177 1544 3228 ό
1573 3173 1717 3243 ξύλῳ
1768 3173 1927 3244 βαρεῖ

2036 3153 2291 3215 dentium,
2345 3159 2398 3205 et
2435 3150 2509 3204 ita
2560 3150 2766 3205 vulnus
2797 3147 3054 3203 iullixerit
3083 3149 3426 3203 dirissimmn
3452 3191 3466 3215 ,
3520 3166 3631 3218 pinu

339 3257 372 3326 ἢ
403 3257 533 3328 λίθῳ
573 3257 780 3328 μείζονι
805 3262 906 3330 τῆς
955 3263 1243 3332 δυνάμεως
1276 3265 1372 3335 τῆς
1418 3266 1776 3336 ἀνθρωπίνης
1803 3281 1932 3337 χρη·

343 3351 591 3418 σὲμενος,
625 3355 736 3413 τοῖς
768 3353 1042 3417 ἀκουσίοις
1074 3355 1297 3423 φονεῦσι
1330 3359 1760 3428 συναριθμεῖται
1785 3375 1800 3391 ο
1837 3359 1931 3413 ἄλο

341 3440 400 3492 λο
426 3442 526 3504 μέν
551 3459 604 3495 τι
632 3443 1014 3512 προελόμενος,
1045 3445 1174 3500 ἄλλο
1205 3448 1260 3500 δέ
1291 3466 1344 3500 τι
1377 3439 1794 3518 ποιήσας.⁹Υπὸ
1824 3450 1934 3520 γάρ

344 3533 432 3586 τοῦ
465 3535 640 3606 θυμοῦ
664 3540 924 3610 τοιαύτην
958 3540 1160 3610 ἤνεγκε
1197 3541 1294 3612 τὴν
1339 3543 1580 3611 πληγὴν,
1612 3542 1755 3597 ὥστε
1802 3544 1933 3596 ἀνε-

348 3623 452 3677 λεῖν
481 3630 571 3679 τἰν
620 3627 900 3697 πληγέντα
921 3645 935 3658 ·
973 3631 1066 3684 καί
1101 3649 1184 3686 τοι
1214 3635 1246 3702 ἡ
1278 3633 1489 3704 σπουδὴ
1519 3630 1588 3704 ἦν
1615 3634 1766 3704 αὐτῷ
1811 3651 1937 3688 ow-

350 3716 526 3787 τρίψαι
549 3720 732 3789 τυχὸν,
771 3721 892 3790 οὐχὶ
911 3724 1004 3774 καὶ
1033 3725 1313 3787 παντελῶς
1349 3724 1689 3779 θανατῶσαι.
1731 3726 1792 3780 Ὀ
1815 3727 1939 3796 μέν·

342 3825 422 3861 τοι
449 3811 593 3880 ξίφει
632 3811 974 3881 χρησάμενος
1026 3815 1320 3885 οί·;;δὴτινι,
1350 3815 1612 3884 οὐδεμίαν
1649 3815 1766 3884 ἔχει
1797 3831 1942 3885 παρ-

343 3900 579 3969 αίτησιν,
617 3900 709 3953 καὶ
764 3903 996 3970 μάλιστα
1033 3906 1059 3958 ὁ
1088 3905 1186 3975 τὴν
1243 3905 1437 3975 ἀξίνην
1489 3905 1784 3967 ἀκοντίσας
1807 3920 1821 3933 ’
1844 3904 1938 3956 καὶ

342 3992 584 4062 γάρούδὲ
631 3993 740 4046 ἀπὸ
765 3996 947 4065 χειρὸς
974 3997 1226 4064 φαίνεται
1277 3998 1510 4069 πλήξας,
1570 3995 1714 4052 ὥστε
1745 3997 1805 4050 τὸ
1852 3998 1940 4067 μέ.

341 4099 473 4152 τρον
497 4083 592 4152 τῆς
615 4083 834 4156 πληγῆς
856 4085 944 4140 ἐπ’
967 4088 1118 4158 αὐτῷ
1141 4084 1304 4143 εἶναι’
1327 4090 1444 4144 ἀλλ’
1467 4091 1778 4160 ἢκόντισεν,
1795 4089 1940 4145 ὥστε

341 4175 421 4242 τῷ
455 4174 612 4246 βάρει
641 4176 735 4230 τοῦ
771 4178 1012 4250 σιδήρου,
1041 4181 1138 4234 καὶ
1182 4184 1244 4253 τῇ
1264 4183 1439 4254 ἀκμῇ,
1469 4184 1565 4237 καὶ
1581 4186 1647 4254 τῇ
1665 4183 1756 4236 διὰ
1789 4183 1943 4236 πλεί-

344 4285 473 4321 στου
505 4272 664 4341 φορᾷ,
677 4271 928 4344 ὀλεθρίαν
957 4275 1058 4345 τὴν
1076 4274 1290 4348 πληγὴν
1317 4277 1634 4345 ἀναγκαίως
1660 4276 1940 4346 γενέσθαι.

429 4536 705 4592 Ἐκούσιον
767 4539 827 4593 δὲ
895 4541 1059 4595 πάλιν
1124 4541 1406 4607 παντελῶς
1436 4583 1450 4606 ,

345 4632 467 4702 ἔχον
521 4632 873 4700 ἀμφιϐολίαν,
939 4630 1052 4687 οἷόν
1076 4635 1194 4687 ἐστι
1225 4635 1286 4688 τὸ
1327 4634 1437 4688 τῶν
1460 4633 1702 4708 λῃστῶν,
1743 4635 1836 4688 καὶ
1875 4633 1938 4686 τὸ

344 4741 374 4775 τ
397 4727 451 4775 σν
489 4723 804 4794 πολεμικῶν
829 4723 1057 4794 ἐφόδων.
1087 4724 1152 4776 Οἱ
1173 4725 1274 4793 μὲν
1296 4725 1407 4795 γὰρ
1427 4723 1730 4796 χρημάτων
1749 4723 1938 4777 ἕνεκεν

348 4815 650 4885 ἀναιροῦσι,
685 4819 776 4870 τὸν
818 4815 1042 4887 ἔλεγχον
1075 4816 1505 4886 ἀποφεύγοντες·
1541 4817 1591 4870 οί
1633 4816 1692 4870 δὲ
1732 4816 1790 4870 ἐν
1819 4818 1936 4880 τοῖς

349 4908 610 4976 πολέμοις
641 4909 736 4963 ἐπὶ
771 4910 965 4979 φόνους
997 4910 1272 4981 ἔρχονται,
1331 4908 1457 4964 οὗτε
1506 4910 1770 4981 φοὸῆσαι,
1812 4908 1937 4963 οὔτε

351 5004 705 5073 σωφρονίσαι,
753 5004 868 5058 ἀλλ’
924 5005 1132 5058 ἀνελεῖν
1175 5007 1305 5068 τοὺς
1361 5004 1819 5076 ἐναντιουμένους
1870 5006 1937 5059 ὲκ

349 5094 440 5148 τοῦ
466 5095 702 5164 φανεροῦ
734 5097 1184 5168 προαιρούμενοι.
1212 5101 1320 5152 Καὶ
1340 5099 1527 5171 μέντοι
1553 5099 1659 5153 κάν
1672 5098 1740 5152 δι’
1767 5099 1936 5167 ἀλλην

349 5188 468 5240 τινὰ
497 5188 676 5242 αἰτίαν
698 5190 993 5261 περίεργον
1015 5192 1312 5262 φάρμακόν
1327 5210 1410 5257 τις
1439 5192 1740 5265 ἐγκεράσῃ,
1769 5191 1937 5266 ἀνέλῃ

350 5279 428 5343 δὲ,
458 5281 706 5336 ἑκούσιον
750 5284 1013 5354 τιθέμεθα
1043 5284 1106 5337 τὸ
1133 5284 1399 5338 τοιοῦτον·
1433 5279 1522 5340 οἵα
1573 5284 1822 5338 ποιοῦσιν
1879 5286 1934 5336 αἱ

353 5375 609 5440 γυναῖκες
637 5375 927 5440 πολλάκις,
950 5378 1254 5440 ἐπαοιδίαις
1292 5379 1406 5431 τισι
1440 5378 1535 5432 καὶ
1568 5377 1934 5447 καταδέσμοις

355 5465 494 5533 πρὸς
548 5466 608 5518 τὺ
647 5467 859 5520 ἑαυτῶν
909 5469 1134 5538 φίλτρον
1188 5468 1498 5535 ἐπάγεσθαι
1553 5471 1681 5533 τοὺς
1732 5469 1934 5539 ἀνδρας

356 5557 721 5627 πειρώμεναι,
774 5559 870 5613 καὶ
897 5560 1285 5630 προσδιδοῦσαι
1326 5562 1617 5632 φάρμακα,
1666 5561 1934 5614 οκὸτωσιν

357 5647 690 5717 ἐμποιοῦντα
714 5651 834 5713 ταῖς
853 5651 1033 5704 αὐτῶν
1055 5652 1338 5716 διανοίαις⁹
1361 5653 1420 5706 αἱ
1441 5653 1688 5706 τοιαῦται
1713 5652 1929 5706 ἀνελοῦ-

361 5753 472 5800 σαι,
504 5738 552 5790 ει
587 5741 681 5791 καὶ
710 5739 839 5794 ἄλλο
868 5743 1251 5814 προελόμεναι,
1298 5744 1428 5798 ἄλλο
1467 5743 1752 5812 ἐποίησαν,
1781 5745 1932 5813 ὅμως

358 5826 444 5880 διὰ
478 5829 537 5886 τὸ
568 5833 864 5904 περίεργον
897 5835 988 5890 καὶ
1021 5835 1472 5904 ἀπηγορευμένον
1497 5836 1596 5900 τῆς
1637 5834 1928 5894 ἐπιτηδεύ-

2035 3245 2202 3300 animi
2263 3244 2591 3312 impotentia
2644 3242 2696 3295 in
2767 3243 3044 3294 hominem
3092 3241 3337 3296 saaviisse
3385 3241 3629 3296 videtur.

2037 3338 2305 3392 Similzter
2365 3345 2420 3389 et
2471 3335 2561 3404 qui
2630 3334 2778 3404 ligno
2828 3335 2980 3404 gravi
3041 3345 3136 3387 aut
3192 3333 3372 3403 lapide
3418 3335 3633 3403 majore

2037 3446 2203 3501 quam
2247 3444 2359 3499 pro
2379 3429 2588 3482 viribus
2619 3427 2875 3481 humanis
2918 3441 3054 3480 usus
3075 3435 3181 3491 est,
3239 3429 3634 3484 involnntariis

2041 3523 2333 3577 homicidis
2363 3521 2778 3584 adnumeratur,
2819 3528 3092 3589 tanquam
3121 3521 3214 3584 qui
3264 3521 3409 3574 aliud
3446 3523 3634 3576 volue-
3669 3513 3672 3516 ’

2038 3616 2130 3681 rit,
2181 3615 2326 3668 aliud
2358 3629 2489 3668 vero
2518 3613 2729 3668 fecerit.
2765 3612 2904 3666 Illud
2946 3613 3095 3667 enim
3136 3614 3338 3667 vulnus
3373 3615 3451 3667 ira
3477 3630 3632 3670 com-

2039 3717 2225 3761 motus
2275 3706 2482 3770 intulit,
2525 3719 2637 3774 quo
2689 3719 3020 3774 percussum
3075 3703 3390 3758 interiecit:
3451 3721 3636 3776 quan-

2047 3815 2212 3869 quam
2249 3799 2298 3852 ei
2349 3797 2493 3852 forte
2551 3799 2606 3851 in
2649 3796 2836 3850 animo
2864 3805 2986 3851 erat
3039 3815 3182 3862 eum,
3228 3800 3443 3862 laedere,
3518 3815 3632 3854 non

2043 3906 2223 3947 tamen
2279 3891 2502 3962 penitus
2553 3905 2811 3945 enecare.
2854 3891 2958 3956 Qui
3019 3900 3203 3946 autem
3253 3909 3386 3947 ense
3444 3895 3635 3963 aliquo

2043 4001 2181 4041 usus
2215 3994 2319 4048 est,
2350 3983 2573 4052 jnullam
2614 3983 2776 4038 habet
2832 3985 3270 4051 excusationem,
3330 3990 3632 4056 praesertim

2043 4077 2136 4145 qui
2169 4076 2412 4131 securim
2445 4076 2765 4146 iaculatur:
2827 4093 2936 4132 non
2996 4078 3142 4133 enim
3177 4094 3340 4132 manu
3401 4095 3634 4150 percus-

2045 4168 2189 4223 sisse
2227 4167 2467 4234 videtur,
2503 4175 2561 4222 ut
2595 4167 2669 4222 sit
2701 4167 2882 4238 aliqua
2935 4169 3241 4224 moderatio
3293 4170 3435 4224 ictus
3466 4171 3634 4240 penes

2045 4261 2200 4315 illum
2229 4261 2368 4322 :sed
2403 4261 2656 4331 projecit,
2687 4270 2746 4314 ut
2775 4269 2831 4315 et
2855 4261 3125 4330 gravitate
3165 4261 3318 4322 ferri.
3353 4270 3406 4315 et
3439 4264 3646 4322 acie‘et‘

2045 4363 2196 4408 motu
2230 4369 2328 4423 per
2357 4353 2496 4408 bene
2515 4367 2773 4423 magnum
2801 4353 3060 4421 spatium,
3087 4353 3284 4408 vulnus
3309 4357 3630 4410 necessario

2047 4446 2120 4501 sit
2150 4446 2544 4516 perniciosum.

1513 4543 1610 4596 καὶ
1665 4542 1928 4612 οὐδεμίαν

2119 4537 2287 4610 254
2352 4536 2530 4593 Porro
2584 4535 2962 4592 voluntarium
3021 4536 3358 4609 simpliciter
3409 4539 3638 4604 dicitur,

2043 4641 2098 4688 et
2134 4632 2340 4686 nullam
2375 4629 2604 4684 omnino
2639 4629 3043 4708 dubitationem
3089 4631 3317 4699 patitur,
3341 4633 3394 4687 id
3426 4634 3575 4703 quod
3602 4653 3634 4689 ει

2043 4725 2348 4780 latronibus
2378 4723 2437 4777 ﬁt
2460 4731 2515 4778 et
2532 4720 2915 4777 hostibus.lsti
2934 4723 3078 4778 enim
3095 4735 3319 4794 propter
3344 4727 3646 4795 pecuniam:

2042 4818 2391 4880 interimunt,
2425 4813 2664 4868 tribunal
2700 4813 3013 4885 fugientes;
3046 4823 3101 4870 et
3125 4815 3220 4885 qui
3250 4816 3390 4870 bella
3437 4831 3636 4885 gerunt

2041 4910 2108 4964 ad
2144 4910 2319 4964 caedes
2350 4907 2647 4978 patrandas
2684 4909 3184 4980 accedunt’,.neque
3207 4916 3423 4965 terrere
3452 4927 3635 4981 neque

2041 5001 2332 5070 castigare,
2365 4999 2460 5054 sed
2487 5014 2556 5054 ex
2599 4998 2852 5069 professo
2913 4998 3265 5056 adversarios
3315 5001 3632 5058 interﬁcere

2040 5093 2286 5148 student.
2307 5090 2422 5146 imo
2443 5089 2610 5146 etiam
2644 5090 2690 5146 si
2716 5099 2940 5160 preptcr
2953 5090 3195 5158 aliquam
3214 5091 3378 5147 aliam
3406 5108 3634 5148 causam

2039 5185 2205 5240 fatale
2265 5184 2725 5239 medicamentum
2784 5183 2986 5254 aliquis
3025 5183 3293 5251 misceat,,
3335 5194 3498 5256 atque
3554 5186 3632 5240 ita

2041 5276 2358 5342 interﬁciat,
2387 5275 2756 5332 voluntariam
2792 5291 2918 5333 esse
2952 5276 3114 5331 istam
3164 5278 3368 5330 caulem
3417 5277 3633 5344 judica-

2041 5384 2184 5423 mus.
2221 5366 2369 5422 Istud
2397 5381 2543 5436 saepe
2573 5365 2784 5422 faciunt
2811 5367 3092 5429 mulieres,
3133 5380 3256 5436 (pias
3297 5365 3628 5434 quibusdam

2042 5458 2520 5515 incantationibus
2549 5473 2616 5514 ac
2671 5457 2925 5512 amuletis
2985 5458 3053 5512 ad
3105 5457 3196 5512 sui
3257 5471 3504 5511 amorem
3550 5460 3632 5513 vi-

2042 5568 2132 5607 ros
2187 5552 2470 5607 attrahere
2499 5559 2796 5614 conantur,
2861 5557 2916 5603 et
2940 5549 3076 5604 dant
3130 5549 3199 5603 iis
3227 5549 3632 5604 medicamenta

2036 5658 2163 5715 qua:
2224 5641 2504 5698 mentibus
2567 5640 2822 5696 tenebras
2876 5637 3190 5694 oﬂundunt.
3223 5637 3314 5692 liae
3376 5653 3527 5708 ergo.
3581 5640 3627 5696 sl

2040 5743 2291 5801 euocent,
2346 5734 2602 5805 quamvis
2645 5732 2794 5786 aliud
2828 5732 3125 5797 voluerint,
3160 5730 3310 5786 aliud
3375 5732 3630 5797 fecerint,

2037 5842 2262 5903 propter
2303 5828 2617 5886 lctlnl‘erum
2667 5835 2828 5897 atque
2875 5825 3213 5897 prohibitum
3273 5826 3635 5898 medicamen,
