4028 6444
472 304 575 369 179

463 523 515 566 et
565 532 686 587 qua:
741 522 995 580 abortum
1049 531 1252 586 cientia
1307 537 1703 599 medicamenta
1763 547 2032 615 pra-bent,

463 607 545 660 vel
615 628 737 679 qua:
770 617 1043 687 recipiunt
1106 640 1311 679 venena
1373 629 1562 684 fmtum
1631 607 1884 693 necairtia
1946 653 2036 696 aut

463 700 886 770 praecipitantia,
935 709 1069 764 nihil
1103 712 1266 782 plane
1308 732 1337 769 a
1371 719 1696 779 voluntariis
1745 727 2034 786 homicidis

463 788 744 847 diﬂ‘erunt.

528 881 584 935 ln
610 898 823 942 canone
848 901 1030 947 autem
1080 896 1190 952 ὁδε
1257 900 1523 970 Quisquis
1576 907 1779 964 vulnus
1833 910 2033 968 lethale

460 973 640 1029 vicino
673 978 956 1048 inﬂixerit,
1007 985 1123 1042 sive
1167 990 1314 1059 prior
1347 1007 1644 1065 aggressus
1694 1000 1790 1064 sit,
1827 1001 1941 1056 sive
1971 1017 2033 1058 se

458 1068 783 1137 defenderit,
819 1074 1092 1133 homicida
1120 1091 1224 1138 est.

523 1164 703 1233 Atque
733 1181 943 1226 canone
972 1172 1080 1229 56:
1121 1175 1224 1242 Qui
1256 1191 1356 1232 sua
1385 1192 1580 1248 sponte
1636 1183 1941 1252 interfecit,
1979 1202 2034 1246 et

457 1265 640 1320 postea
669 1261 994 1327 pmnitentia
1024 1266 1228 1322 ductus
1265 1269 1452 1334 fuerit,
1505 1289 1601 1343 per
1630 1277 1699 1332 20
1732 1292 1912 1335 annos
1943 1298 2033 1337 sa-

456 1363 546 1401 rra
579 1353 970 1409 communione
1004 1358 1342 1429 privabitur;
1376 1365 1580 1420 scilicet
1608 1369 1768 1424 annis
1796 1383 2032 1439 quatuor

456 1451 609 1495 extra
641 1442 788 1500 fores
812 1451 1040 1503 oratorii
1065 1458 1219 1508 stans
1253 1462 1306 1508 et
1345 1454 1501 1519 ﬁens,
1534 1467 1587 1511 et
1614 1461 1790 1528 palam
1818 1464 2032 1519 denun-

455 1533 603 1588 tians
631 1535 838 1592 crimen
865 1554 1047 1608 suum,
1098 1553 1262 1612 atque
1291 1561 1492 1616 rogans
1529 1551 1711 1606 ﬁdeles
1737 1552 2028 1624 intrantes,

455 1631 514 1677 ut
547 1640 644 1694 pro
673 1628 793 1696 ipso
824 1628 992 1684 Deum
1048 1637 1258 1703 precari
1291 1639 1500 1704 Velint;
1562 1652 1673 1706 tum
1723 1660 1821 1714 per
1864 1649 2031 1717 quin-

1641 341 2008 404 ΜΑΤΤΗᾸΕΙ
2055 349 2478 414 BLASTARIS

465 422 610 478 inter
672 428 1012 491 voluntarios
1083 437 1389 500 homicidas
1446 453 1866 519 reputabuntur.
1931 459 2112 522 lmoA
2149 483 2285 530 σεως

2347 471 2406 522 ἐν
2458 473 2569 534 τοῖς
2611 472 2873 536 ἑκουσίως
2906 474 3194 540 φονεύουσι
3240 480 3692 547 καταλογίζονται.

2141 555 2252 608 Καὶ
2279 558 2335 610 αἱ
2368 557 2435 612 τά
2464 561 2839 631 ὲμὸρυοκτόνα
2867 565 3050 617 τοίνυν
3085 566 3450 636 ὲπορέγουσαι
3495 572 3526 640 ἢ
3555 575 3697 645 δεχό-

2142 663 2302 712 μεναι
2344 652 2634 721 φάρμακα,
2665 653 2740 716 ὡς
2789 655 3167 726 ἀμϐλωθρίδια
3211 667 3563 729 προενεγκεῖν
3607 670 3696 722 καὶ

2137 737 2292 808 ἄωρα
2324 741 2394 792 τὰ
2423 745 2764 814 γεννήματα,
2803 747 2954 800 οὐδὲν
3007 751 3118 812 τοῖς
3169 750 3348 805 ἑκοντὶ
3393 755 3699 821 φονεύουσιν

2136 829 2478 888 ἀπεοίκασιν.

2221 923 2312 977 Ἐν
2343 925 2401 978 δὲ
2435 925 2513 996 τῷ
2544 934 2654 997 μγ’,
2683 929 2892 994 Ὅστις,
2922 937 3076 1002 φησὶ,
3119 934 3351 990 θανάτου
3395 940 3606 1011 πληγὴν
3630 942 3702 1010 τῷ

2137 1016 2366 1086 πλησίον
2386 1017 2606 1087 δέδωκε,
2637 1023 2832 1090 φονεύς
2856 1026 3026 1089 ἐστιν,
3047 1026 3161 1079 εῐτε
3185 1023 3320 1099 ἦρξε
3344 1031 3443 1099 τῆς
3469 1033 3697 1104 πληγῆς,

2135 1106 2248 1161 εἴτε
2282 1109 2552 1178 ἠμύνατο.

2219 1201 2308 1255 Ἑν
2339 1203 2394 1256 δὲ
2429 1203 2506 1273 τῷ
2532 1211 2642 1270 νς’,
2678 1206 2739 1260 '0
2767 1209 2946 1262 ἑκοντὶ
2984 1211 3275 1278 φονεύσας,
3306 1212 3500 1267 ἔπειτα
3541 1232 3702 1285 μετα.

2135 1291 2410 1362 μεληθεὶς,
2454 1298 2535 1360 είς
2563 1297 2613 1351 κ’
2641 1298 2735 1368 έτη
2780 1301 2880 1370 τῆς
2923 1302 3210 1365 κοινωνίας
3263 1304 3513 1359 ἐκποδὼν
3557 1307 3706 1361 ἔσται

2132 1383 2240 1436 τῶν
2267 1384 2648 1456 ἀγιασμάτων,
2681 1391 2740 1441 ὲν
2767 1391 3065 1461 τέσσαρσιν
3088 1393 3264 1449 ἔτεσιν
3289 1395 3396 1464 ἔξω
3419 1400 3517 1468 τῆς
3541 1398 3706 1467 θύρας

2130 1474 2228 1526 τοῦ
2261 1476 2558 1546 εὐκτηρίου
2591 1479 2764 1543 ἑστὼς
2789 1483 2885 1534 καὶ
2913 1484 3292 1554 προσκλαίων,
3318 1489 3416 1541 καὶ
3443 1489 3543 1558 τὴν
3573 1487 3706 1541 ίδίαν

2132 1566 2474 1638 ἐξαγορεύων
2523 1572 2894 1642 παρανομίαν,
2945 1575 3053 1628 τῶν
3086 1578 3369 1632 είσιόντων
3411 1596 3471 1632 τε
3504 1579 3706 1632 πιστῶν

2130 1658 2384 1728 δεόμενος
2416 1661 2584 1731 εὐχὴν
2606 1661 2748 1732 ὑπὲρ
2775 1664 2938 1718 αὐτοῦ
2966 1667 3266 1722 ποιεῖσθαι·
3294 1671 3351 1721 ὲν
3378 1670 3540 1724 πέντε
3562 1671 3706 1724 ἔτεσι

454 1720 755 1786 qttennium
794 1738 898 1776 una
931 1739 1053 1779 eum
1098 1729 1446 1786 audientibus
1491 1737 1840 1805 egredietur;
1900 1740 2022 1796 dein

2137 1720 2276 1820 μετά
2305 1720 2413 1804 τῶν
2463 1720 2837 1824 ἀκροωμένων
2887 1720 3273 1823 ἐξελεύσεται,
3461 1720 3618 1824 avo—Gtc
3649 1764 3706 1815 έν

453 1822 658 1879 septem
696 1816 856 1869 annis
891 1817 1054 1872 simul
1087 1835 1211 1875 cum
1244 1824 1540 1880 substratis
1571 1837 1696 1882 ante
1727 1830 1930 1885 ﬁnitam
1963 1833 2022 1887 li-

2135 1842 2274 1895 ἐπτά
2305 1844 2440 1912 μετὰ
2490 1845 2600 1898 τῶν
2656 1849 2713 1900 ὲν
2760 1847 3072 1903 ὑποπτώσει

453 1905 686 1974 turgiam
719 1907 908 1963 exibit.
937 1909 994 1964 in
1029 1913 1252 1983 reliquis
1282 1927 1544 1986 quatuor,
1575 1921 2026 1996 pedibus'stabit,

451 2005 503 2050 et
538 1997 641 2052 hoc
667 2000 828 2056 faciet
861 2005 1126 2061 continuo
1156 2007 1210 2062 in
1249 2009 1618 2067 celebratione
1645 2011 2023 2073 Eucharistias.

519 2177 562 2230 Α
593 2190 949 2235 sacramento
965 2189 1148 2238 autem
1184 2183 1544 2243 Eucharistim
1572 2203 1670 2259 per
1697 2191 2022 2249 decennium

446 2269 692 2324 excludit
723 2270 1050 2327 homicidam
1081 2274 1511 2333 involuntarium
1577 2296 1756 2336 canon
1787 2283 1878 2341 57.
1923 2285 2026 2342 Ve-

449 2376 568 2414 rum
602 2361 656 2416 in
699 2377 910 2418 canone
961 2365 1031 2420 54
1079 2383 1178 2437 pro
1220 2371 1436 2426 ratione
1485 2372 2022 2433 eireumstantiarum

337 2457 344 2460 '
449 2466 638 2520 pinnas
684 2453 974 2510 homicida:
1004 2457 1356 2515 involuntarii
1389 2463 1594 2518 remitti
1645 2466 1726 2521 vel
1770 2469 2022 2525 roborari

446 2545 620 2615 iubet.

532 2642 698 2709 itque
725 2640 778 2694 in
802 2656 928 2698 ean.
965 2642 1027 2697 Η
1086 2645 1336 2700 snﬁieere
1369 2647 1600 2703 afﬁrmat
1652 2651 1707 2707 id
1763 2655 2022 2724 supplicii

447 2731 816 2789 involuntarie
861 2734 1236 2800 interﬁcienti,
1290 2740 1435 2808 quod
1486 2743 1737 2798 undecim
1783 2762 1959 2801 annos
1992 2763 2020 2802 a

445 2827 834 2881 communione
893 2829 1190 2886 abstineat.
1227 2833 1452 2888 Excedit
1483 2835 1628 2890 enim
1671 2839 1814 2892 istud
1856 2841 2020 2896 etiam

446 2918 828 2986 praescriptum
855 2921 1031 2975 sacris
1059 2925 1366 2980 canonibus
1397 2935 1633 2998 tempus.
1685 2930 1874 2995 Quoad
1899 2932 2022 2988 illos

445 3011 540 3078 qui
571 3013 814 3079 percussi
849 3024 999 3079 sunt,
1032 3016 1200 3086 legem
1226 3017 1519 3074 Mosaicam
1546 3023 1840 3079 observare
1857 3039 2020 3094 Opor-

445 3112 558 3157 tet:
595 3113 651 3160 et
684 3104 830 3161 hunc
855 3107 1101 3177 quidem,
1128 3112 1217 3180 qui
1251 3121 1475 3182 propter
1505 3116 1694 3184 plagas
1735 3117 2018 3184 decubuit,

445 3210 639 3252 rursus
663 3205 844 3253 tamen
905 3199 1103 3259 baculo
1123 3219 1224 3257 suo
1254 3205 1474 3260 innixus
1494 3208 1754 3272 ambulat,
1777 3215 2019 3267 occisum

444 3303 566 3344 esse
595 3291 1184 3360 minimecxistimare;
1212 3297 1299 3350 sin
1325 3309 1508 3352 autem
1539 3308 1664 3370 post
1686 3301 1888 3358 vulnus
1913 3319 2021 3360 non

446 3387 711 3453 surrexit,
734 3389 858 3459 quia
886 3405 1011 3445 eum
1039 3392 1208 3446 nollet
1234 3394 1545 3451 interﬁcere
1567 3397 1658 3466 qui
1690 3399 2021 3462 verberavit,

449 3479 978 3551 nomicidaﬂuidem
1037 3495 1143 3550 est,
1195 3485 1290 3540 sed
1349 3487 1750 3546 involuntarius
1805 3501 2024 3561 propter

448 3577 808 3643 propositum.

509 3665 701 3723 Canon
757 3678 935 3723 autem
967 3669 1038 3724 εἳ
1064 3671 1255 3742 synodi
1312 3669 1777 3731 Neocaesariensis
1809 3691 1903 3732 eos
1925 3677 2017 3746 qui

446 3775 496 3814 ιιι
537 3761 896 3817 homicidium
924 3763 1355 3822 involuntarium
1414 3768 1682 3830 incidunt,
1719 3771 1818 3831 ait,
1870 3775 2022 3840 prior

446 3853 766 3907 constitutio
821 3869 917 3924 per
966 3859 1315 3925 septennium
1380 3861 1797 3915 communicare
1828 3873 2018 3930 vetat,

445 3946 714 4013 posterior
744 3955 928 4000 autem
957 3946 1395 4015 quinquennium
1420 3949 1717 4018 adimplere
1745 3951 1924 4019 iubet.

511 4036 711 4092 Canon.
752 4053 884 4094 vero
933 4039 1007 4094 ‘25
1040 4040 1340 4096 homicidas
1376 4041 1724 4096 voluntarios
1773 4043 1832 4099 in
1869 4043 2018 4096 exitu

447 4129 566 4184 vita:
597 4131 662 4184 ad
713 4132 1154 4187 communionem
1210 4131 1422 4187 admitti
1470 4132 1648 4201 jubet.
1701 4133 1789 4188 Tu
1837 4143 2020 4189 tamen

445 4223 627 4292 potius
659 4238 892 4292 sequere
933 4236 1172 4279 canones
1197 4224 1379 4294 magni
1414 4223 1625 4280 Basilii.

902 4317 1056 4374 CM).
1089 4316 1174 4373 Vl.
1214 4318 1290 4372 De
1309 4320 1555 4376 suicidis.

514 4409 652 4465 Vide
688 4410 755 4464 12
780 4427 901 4482 cap.
937 4413 1045 4467 litt.
1074 4410 1138 4466 Β.

3129 1851 3280 1905 ἔνδον
3340 1853 3404 1906 ού
3443 1856 3599 1922 μενεῖ
3623 1855 3709 1908 διὰ

2133 1937 2344 2000 τέλους·
2381 1941 2437 1991 ὲν
2489 1941 2602 2002 τοῖς
2646 1939 2854 2004 λοιποῖς
2887 1944 3153 2012 τέσσαρσι
3203 1946 3576 2014 συστήσεται·
3617 1947 3711 1999 καὶ

2132 2028 2305 2083 ταῦτα
2331 2030 2628 2101 διηνυκὼς,
2660 2035 2719 2086 ὲν
2755 2035 2976 2103 μεθέξει
3003 2036 3114 2089 τῶν
3153 2037 3518 2110 ἀγιασμάτων
3548 2041 3711 2110 γενή-

2135 2135 2310 2176 σεται.

2204 2212 2306 2267 Τὸν
2329 2212 2386 2267 δὲ
2426 2213 2696 2278 ἀκουσίως
2734 2211 3107 2284 πεφονευκότά
3167 2219 3227 2272 έν
3252 2218 3330 2290 τῷ
3358 2221 3440 2285 νζ⁹
3467 2225 3548 2288 είς
3583 2223 3712 2277 δέκα

2132 2304 2229 2372 ἐτη
2259 2303 2358 2373 τῆς
2386 2303 2498 2356 τῶν
2552 2305 2910 2375 ἀγιασμάτων
2955 2310 3244 2373 κοινωνίας
3297 2311 3580 2383 ἀπείργει.
3627 2312 3714 2366 Ἐν

2131 2394 2186 2446 δὲ
2223 2393 2303 2464 τῷ
2346 2394 2420 2448 νδ¹
2455 2396 2596 2449 κατά
2645 2396 2707 2449 τὸ
2753 2397 2950 2466 ίδίωμα
3027 2399 3130 2466 τῆς
3187 2391 3571 2470 περιστάσεως
3619 2401 3711 2456 τοῦ

2131 2486 2406 2551 ἀκουσίως
2431 2487 2790 2557 φονεύσαντος
2816 2489 2848 2558 ἢ
2881 2492 3119 2559 ὑφεῖναι,
3143 2491 3176 2564 ἢ
3201 2494 3477 2548 ἐπιτεῖναι
3501 2494 3712 2549 κελεύει

2132 2580 2199 2634 τὰ
2229 2581 2500 2650 ἐπιτίμια.
3313 2585 3317 2589 ’

2217 2673 2305 2725 Ἐν
2344 2673 2400 2725 δέ
2431 2690 2492 2741 γε
2521 2672 2596 2744 τῷ
2633 2671 2703 2729 ια’
2732 2675 3063 2745 ἀποχρῶσαν
3117 2671 3258 2732 εἶναί
3314 2696 3457 2751 φησι
3491 2678 3715 2735 καταδί-

2130 2784 2233 2838 κην
2271 2767 2350 2836 τῷ
2380 2769 2652 2832 ἀκουσίως
2680 2769 3026 2837 φονεύσαντι,
3051 2771 3110 2824 τὸ
3143 2772 3237 2825 ἐπὶ
3272 2772 3474 2827 ἕνδεκα
3509 2773 3602 2844 έτη
3639 2772 3712 2843 μὴ

2132 2858 2483 2928 κοινωνῆσαι·
2522 2861 2875 2929 ὑπερϐέϐηκε
2914 2865 3026 2932 γὰρ
3070 2864 3162 2916 καὶ
3199 2863 3290 2917 τὸν
3318 2867 3716 2934 τετυπωμένον

2131 2954 2242 3012 τοῖς
2272 2951 2464 3004 κανόσι
2499 2952 2715 3022 καιρόν.
2749 2953 2875 3008 Ἐπὶ
2902 2953 2960 3006 δὲ
2987 2954 3098 3006 τῶν
3122 2954 3472 3024 πληγέντων,
3503 2956 3571 3011 τὰ
3593 2957 3718 3011 Μω-

2132 3047 2272 3110 σέως
2327 3049 2851 3120 παρατηρὴσωμενο
2886 3051 3109 3104 καὶτὸν
3159 3051 3570 3107 κατακλιθέντα
3619 3051 3719 3121 μὲν

2131 3139 2238 3192 ὑπὸ
2266 3139 2373 3191 τῶν
2406 3140 2657 3210 πληγῶν,
2686 3140 2752 3202 ἃς
2784 3140 2962 3205 ἔλαὸε,
3006 3141 3303 3210 βαδίσαντα
3331 3143 3403 3197 δὲ
3430 3145 3596 3198 πάλιν
3631 3144 3720 3196 ἐπὶ

2127 3234 2192 3302 τῇ
2223 3231 2418 3284 ἑαυτοῦ
2457 3231 2657 3303 ῥάϐδῳ,
2685 3233 2746 3285 ού
2767 3231 3096 3301 λογισόμεθα
3125 3233 3534 3302 πεφονεῦσθαι.
3565 3236 3634 3289 Εί
3663 3235 3718 3286 δὲ

2125 3323 2226 3376 οὐκ
2263 3323 2526 3393 ἐξανέστη
2583 3324 2722 3393 μετά
2773 3325 2874 3388 τὰς
2924 3325 3162 3394 πληγὰς,
3214 3325 3331 3378 ἀλλ’
3386 3323 3482 3380 οὖν
3514 3325 3591 3396 τῷ
3637 3327 3711 3395 μὴ

2125 3415 2460 3483 προελέσθαι
2508 3415 2672 3470 αὑτὸν
2709 3417 2941 3481 ἀνελεῖν,
2976 3420 3004 3469 ό
3031 3417 3320 3486 τυπτήσας
3353 3423 3552 3490 φονεὺς
3591 3420 3710 3488 μὲν,

2125 3507 2240 3560 ἀλλ’
2269 3508 2526 3573 ἀκούσιος
2551 3509 2642 3562 διὰ
2670 3509 2767 3580 τὴν
2799 3509 3082 3580 πρόθεσιν.

2208 3687 2267 3741 '0
2303 3687 2360 3740 δὲ
2413 3687 2512 3757 τῆς
2567 3689 2626 3742 ὲν
2682 3687 2926 3760 Ἀγκύρῃ.
2972 3689 3192 3744 συνόδου
3243 3690 3429 3745 κανὼν
3469 3690 3557 3761 κβ⁹
3585 3691 3712 3754 τοὺς

2123 3779 2368 3850 ἀκουσίῳ
2398 3781 2546 3851 φόνῳ
2575 3786 3000 3851 περιπεσόντας,
3033 3783 3189 3853 φησὶ,
3224 3785 3252 3836 ό
3302 3785 3404 3851 μὲν
3446 3786 3714 3856 πρότερος

2123 3874 2248 3939 ὅρος
2277 3875 2335 3925 ὲν
2371 3871 2635 3942 έπταετίᾳ
2665 3872 2881 3926 κελεύει
2909 3874 3003 3927 τοῦ
3026 3873 3234 3926 τελείου
3274 3875 3351 3944 μὴ
3391 3876 3710 3944 μετασχεῖν·

2123 3966 2151 4016 ὁ
2179 3963 2235 4015 δὲ
2263 3963 2512 4034 δεύτερος
2547 3963 2640 4019 τὸν
2669 3965 2941 4042 πενταετῆ
2972 3966 3164 4035 χρόνον
3191 3965 3512 4034 πληρῶσαι.

2211 4052 2269 4108 Ὅ
2295 4055 2354 4109 δὲ
2388 4061 2474 4123 κγ’
2498 4057 2624 4118 τοὺς
2659 4055 2920 4119 ἑκουσίως
2945 4057 3319 4126 φονεύσαντας
3372 4059 3434 4110 ἐν
3465 4057 3547 4127 τῷ
3569 4059 3714 4111 τέλει

2121 4147 2218 4200 τοῦ
2244 4146 2359 4217 βίου
2380 4148 2480 4216 τῆς
2508 4149 2798 4211 κοινωνίας
2822 4147 3114 4215 ἀξιοῦσθαι
3137 4149 3374 4205 κελεύει.
3405 4152 3483 4204 Σὺ
3517 4151 3578 4205 δὲ
3601 4152 3714 4212 τοῖς

2123 4239 2216 4294 τοῦ
2251 4241 2488 4310 μεγάλου
2520 4242 2802 4295 Βασιλείου
2835 4241 3038 4310 μᾶλλον
3070 4242 3258 4297 πείθου
3297 4245 3551 4301 κανόσιν.

2228 4331 2482 4390 ΚΕΦΛΛ.
2523 4331 2614 4401 C.".
2643 4333 2785 4402 Περὶ
2808 4333 2928 4388 τῶν
2955 4337 3345 4404 φονευόντων
3370 4337 3662 4407 ἑαυτούς.

2195 4428 2359 4496 Ζήτει
2384 4429 2444 4480 τὸ
2473 4425 2540 4498 ιβ’
2580 4427 2884 4496 κεφάλαιον
2914 4428 3008 4482 τοῦ
3033 4429 3076 4482 Β
3105 4431 3401 4500 στοιχείου.

442 4523 602 4596 ⁸55
633 4524 786 4581 CAP.
822 4525 935 4580 VIL
987 4525 1077 4620 ρο
1117 4525 1358 4620 cirri-ibus
1377 4525 1599 4593 beiﬁct's,
1651 4536 1702 4582 at
1746 4527 2013 4583 latronum

2131 4542 2372 4596 ΚΕΦΑΛ.
2417 4543 2493 4599 Z'.
2519 4542 2666 4620 Περὶ
2697 4542 2821 4596 τῶν
2854 4543 3059 4620 φόνων
3101 4545 3223 4620 τῶν
3271 4546 3339 4620 ἐν
3389 4551 3713 4620 πολέμοις,

999 4598 1448 4674 interfectoribus.

512 4687 746 4759 Magnus
765 4703 897 4743 sane
915 4689 1273 4756 Athanasius,
1299 4690 1352 4744 in
1374 4690 1605 4760 epistola
1630 4690 1694 4745 ad
1723 4690 1978 4746 Animum
1998 4731 2016 4758 ,

442 4784 730 4841 Hominem
782 4786 1058 4847 occidere,
1101 4787 1304 4857 inquit,
1354 4802 1460 4842 non
1514 4787 1665 4852 licet,
1702 4789 1796 4842 sed
1836 4799 2018 4844 tamen

442 4879 627 4932 hostes
662 4877 716 4932 in
761 4877 904 4934 bello
935 4879 1242 4933 interﬁcere
1277 4887 1335 4933 et
1389 4879 1537 4944 licet,
1567 4889 1624 4934 et
1661 4879 1822 4935 laude
1851 4881 2015 4935 etiam

440 4970 664 5042 dignum
687 4983 801 5029 est.

510 5064 740 5135 Magnus
808 5075 992 5122 autem
1049 5063 1288 5124 Basilius
1341 5069 1396 5123 in
1446 5084 1570 5124 can.
1635 5069 1702 5123 l5
1743 5111 1758 5136 ,
1802 5068 2016 5131 Caedes,

440 5158 642 5227 inquit,
689 5159 918 5214 bellicas
958 5159 1158 5232 Patres
1212 5163 1387 5216 nostri
1432 5160 1727 5214 homicidia
1759 5175 1882 5216 esse
1914 5161 2018 5214 mi-

441 5250 592 5303 nime
622 5251 976 5320 reputabant,
1015 5253 1383 5320 ignoscentes,
1427 5260 1484 5304 ut
1521 5251 1654 5306 ntihi
1685 5251 1918 5314 videtur.
1948 5252 2016 5305 iis

440 5341 535 5410 qui
573 5356 673 5411 pro
715 5342 916 5397 virtute
944 5350 999 5398 et
1031 5344 1233 5413 pietate
1275 5345 1580 5399 decertant.
1617 5343 1784 5397 Recte
1832 5353 2012 5399 tamen

441 5436 546 5488 hoc
569 5433 793 5489 consilii
820 5433 1038 5489 dedisse
1061 5437 1333 5499 videntur,
1367 5447 1426 5490 ut
1449 5454 1474 5487 a
1511 5438 1902 5492 communione
1918 5452 2015 5508 per

438 5528 738 5582 triennium
799 5537 1057 5596 tanquam
1096 5530 1354 5583 manibus
1400 5530 1603 5600 impuri
1672 5531 2010 5586 abstineant.

438 5618 627 5674 Laude
660 5621 809 5675 enim
838 5623 1034 5692 dignos
1065 5621 1343 5677 existimat
1371 5623 1536 5678 etiam
1561 5638 1657 5678 eos
1676 5632 1902 5679 sanctus
1922 5623 2012 5676 hic

437 5714 602 5767 Pater
623 5713 714 5781 qui
740 5712 790 5766 in
817 5713 1002 5768 hostes
1029 5715 1292 5784 impetum
1327 5714 1556 5776 faciunt,
1578 5723 1632 5767 et
1651 5730 1824 5784 genus
1841 5715 1970 5769 Chri
1987 5743 2005 5755 ο

437 5804 682 5862 “ianum
717 5803 1050 5873 defendunt;
1093 5807 1225 5878 quid
1260 5807 1408 5862 enim
1447 5805 1665 5862 illorum
1701 5807 1754 5860 in
1789 5806 2004 5862 laudem

2435 4613 2536 4667 καί
2560 4612 2680 4666 τῶν
2704 4615 3094 4682 φονευόντων
3121 4617 3385 4682 λῃστάς.

2204 4707 2265 4760 ’0
2313 4706 2412 4776 μὲν
2450 4706 2621 4776 μέγας
2675 4705 2990 4770 Ἀθανάσιος
3046 4709 3106 4760 ὲν
3157 4711 3222 4780 τῇ
3259 4710 3398 4779 πρὸς
3459 4711 3717 4783 Ἀμμοῦν

2120 4799 2401 4869 ἐπιστολῇ,
2449 4799 2699 4852 Φονεύειν
2723 4797 2824 4852 οὐκ
2852 4799 3052 4864 ἔξεστι,
3098 4799 3285 4869 φησὶν,
3337 4803 3462 4855 ἀλλ’
3496 4806 3557 4857 έν
3612 4822 3717 4856 πο-

2120 4887 2274 4959 λέμῳ
2303 4891 2550 4958 ἀναιρεῖν
2595 4887 2725 4953 τοὺς
2770 4889 3122 4953 ἀντιπάλους,
3183 4891 3278 4944 καὶ
3331 4889 3572 4962 ἔννομον
3619 4895 3718 4949 καλ

2119 4980 2346 5033 ἐπαίνου
2376 4980 2547 5046 ἀξιον.

2205 5073 2266 5125 '0
2293 5072 2349 5125 δὲ
2387 5072 2560 5142 μέγας
2587 5072 2868 5134 Βασίλειος
2903 5074 2963 5126 ἒν
2991 5071 3070 5142 τῷ
3103 5072 3169 5141 ιγ’
3207 5074 3422 5139 κανόνι,
3470 5077 3632 5142 Τοὺς·
3656 5078 3718 5131 ἐν

2121 5163 2383 5231 πολέμοις
2429 5164 2623 5232 φόνους
2654 5165 2702 5216 oi
2749 5164 2990 5233 Πατέρες
3021 5166 3204 5235 ἡμῶν,
3254 5171 3450 5238 φησὶν,
3488 5173 3552 5225 ὲν
3596 5176 3716 5235 τοῖς

2120 5256 2304 5325 φόνοις
2330 5255 2429 5308 οὐκ
2452 5255 2788 5323 ὲλογίσαντο,
2819 5259 2943 5326 ἐμοὶ
2964 5257 3133 5322 δοκεῖ,
3164 5261 3504 5330 συγγνώμην
3527 5264 3715 5328 δόντες

2117 5352 2230 5411 τοῖς
2277 5348 2419 5417 ὑπὲρ
2462 5349 2820 5420 σωφροσύνης
2851 5349 2945 5402 καὶ
2976 5351 3258 5414 εὐσεϐείας
3304 5354 3712 5422 ἀμυνομένοις.

2119 5441 2271 5508 Τάχα
2295 5440 2351 5492 δὲ
2384 5440 2565 5503 καλῶς
2620 5439 2732 5508 ἔχει
2792 5439 3207 5507 συμϐουλεύειν,
3242 5442 3318 5505 ὡς
3347 5442 3454 5506 τὰς
3512 5447 3714 5515 χεῖρας

2121 5534 2194 5600 μὴ
2219 5532 2517 5601 καθαροὺς,
2547 5532 2719 5600 τριῶν
2750 5531 2890 5583 ἑτῶν.
2911 5532 3009 5599 τῆς
3044 5533 3332 5595 κοινωνίας
3363 5535 3713 5604 ἀπέχεσθαι.

2115 5625 2193 5675 Δι’
2231 5623 2454 5674 ἐπαίνου
2485 5621 2594 5691 γὰρ
2627 5621 2839 5674 τίθεται
2867 5623 2961 5675 καὶ
3010 5625 3037 5673 ὀ
3079 5621 3366 5685 θεσπέσιος
3391 5617 3559 5688 οὗτος
3598 5628 3716 5680 [Ια-

2115 5716 2240 5783 τὴρ,
2267 5714 2393 5776 τοὺς
2419 5714 2589 5782 ὁμόσε
2637 5716 2748 5775 τοῖς
2803 5713 3122 5777 ἀντιπάλοις
3179 5715 3442 5784 εὐψύχως
3505 5718 3712 5784 ἰόντας,

2115 5807 2212 5861 καὶ
2262 5805 2354 5860 τοῦ
2391 5806 2500 5858 τῶν
2540 5804 2884 5873 Χριστιανῶν
2935 5805 3132 5873 γένους
3177 5807 3705 5878 ὑπερασπίζοντας.
