4028 6450
357 382 450 446 ίϐί
1347 391 1759 452 SYNTAGMA
1799 391 2418 454 ALPHABETICUM.
2459 418 2527 433 --
2563 391 2623 452 Φ.

347 495 415 552 Τί
449 501 554 569 γάρ
581 500 690 553 τῶν
721 501 859 572 ὑπὲρ
886 507 1241 576 σωφροσύνης
1275 510 1368 562 καὶ
1397 509 1680 574 εὐσεϐείας
1710 512 1908 581 ἀμυνο‹

2025 507 2341 576 prazclarius
2372 508 2480 563 dici
2499 510 2670 580 possit
2691 525 2852 580 quam
2874 510 3018 580 quod
3037 518 3278 580 pugnent
3297 527 3394 580 pro
3415 474 3618 571 virtute

351 593 524 654 μένων
571 591 649 654 είς
677 591 904 647 ἐπαίνου
934 595 1092 664 λόγον
1112 599 1312 666 γένοιτ’
1337 600 1403 654 ἂν
1423 601 1757 673 ἀξιώτερον;
1789 605 1915 657 Ὀτι

348 697 413 748 γε
445 683 549 752 μὴν
578 683 728 755 αὐτῷ
754 686 1048 753 ’πρόκειται
1086 693 1310 759 σκοπὸς,
1342 695 1442 758 τὰς
1477 693 1917 765 συνεζευγμένας

348 774 458 827 ἐσθ’
482 777 590 846 ὅπη
615 778 709 830 καὶ
743 779 865 841 ταῖς
896 779 1132 849 ἀγαθαῖς
1178 784 1288 836 τῶν
1339 785 1594 858 πράξεων
1628 788 1919 860 καθαίρειν

347 868 584 938 κηλῖδας,
617 869 851 941 μετρίως
871 874 967 925 καὶ
987 876 1196 939 τούτοις
1225 879 1478 950 ἄπιτιμᾷ,
1502 879 1711 952 ὥσπερ,
1737 878 1916 951 οἶμαι,

347 961 438 1012 καὶ
483 960 510 1011 ὁ
551 960 725 1028 μέγας
781 963 846 1017 ἂν
899 964 1157 1036 ἐποίησεν
1204 969 1549 1037 Ἀθανάσιος,
1600 976 1650 1026 εί
1707 973 1918 1047 ταύτην

352 1051 800 1120 προστησάμενος
854 1055 950 1107 καὶ
1003 1057 1168 1121 αὐτὸς
1208 1060 1473 1132 ἐτύγχανε
1496 1065 1596 1131 τὴν
1633 1065 1915 1135 ὑπόθεσιν,

346 1145 439 1199 καὶ
475 1144 547 1214 μὴ
583 1146 818 1218 ἑτέρωσε
857 1148 1092 1227 βλέπων,
1143 1152 1351 1207 τούτων
1399 1157 1913 1228 ἀπεμνημόνευσεν.

358 1237 497 1289 Ἀλλ’
520 1240 570 1292 ot
591 1239 689 1304 τῆς
719 1239 1075 1308 μεγαλονοίας
1103 1244 1199 1297 τοῦ
1221 1248 1518 1317 νομοθέτου
1554 1250 1628 1320 μὴ
1658 1253 1918 1320 ἐφικνούο

344 1344 516 1394 μενοι,
579 1329 714 1400 μηδὲ
771 1331 878 1384 τῶν
937 1333 1298 1404 ἀνθρωπίνων
1354 1339 1802 1412 κατορθωμάτων
1856 1343 1917 1397 τὸ
1977 1402 1986 1411 ,

341 1421 480 1491 πρὸς
511 1421 708 1475 κακίαν
732 1422 1028 1495 ἀγχίθυρον
1057 1426 1471 1498 στοχαζόμενοι,
1499 1432 1741 1502 μέμψεις
1768 1435 1918 1508 αὐτῷ

336 1512 664 1582 περιάπτειν
708 1515 1003 1585 τολμῶσιν,
1040 1512 1128 1571 οἷα
1169 1523 1428 1590 φορτικὸν
1459 1523 1519 1578 ὃν
1557 1528 1616 1579 τδ
1641 1527 1742 1596 τῆς
1773 1546 1916 1600 συμο

338 1602 561 1674 ϐουλῆς,
595 1605 688 1661 καὶ
717 1605 814 1676 τῆς
850 1607 1018 1680 ὀρθῆς
1051 1611 1280 1667 ἀποδέον
1330 1618 1594 1685 κρίσεως.
1628 1619 1919 1697 Συμϐήσε-

340 1709 494 1747 σεται
524 1696 651 1765 γὰρ,
685 1699 842 1766 φασὶ,
877 1703 1029 1773 παρὰ
1057 1703 1236 1771 τοῦτο,
1265 1707 1376 1760 τῶν
1411 1709 1762 1780 στρατιωτῶν
1782 1696 1918 1780 τοὺς

338 1787 835 1859 εὐδοκιμωτάτους,
873 1795 967 1847 καὶ
997 1796 1238 1865 μάλιστα
1282 1792 1366 1863 οἷς
1414 1801 1598 1871 ἔργον,
1643 1803 1787 1872 ξίφει
1822 1809 1917 1862 καὶ

340 1881 488 1951 φόνῳ
524 1883 622 1946 τάς
659 1885 769 1937 τῶν
817 1887 1131 1957 ἀλλοφύλων
1183 1893 1513 1950 ἀνακόπτειν
1567 1898 1771 1969 ὁρμὰς,
1823 1901 1914 1955 διά

344 1974 464 2042 βίου
504 1976 602 2047 τῆς
633 1977 726 2030 τοῦ
762 1981 970 2048 ἀγαθοῦ
1015 1985 1308 2055 στέρεσθαι
1361 1991 1743 2063 μεταλήψεως,
1777 1995 1914 2064 ὅπερ

341 2069 685 2138 Χριστιανοίς
717 2076 992 2148 ἀφόρητος
1048 2080 1290 2145 κόλασις.
1338 2085 1439 2138 Διά
1479 2087 1533 2140 τί
1561 2088 1691 2158 γὰρ,
1722 2089 1911 2158 φασὶν,

343 2163 402 2214 οὐ
428 2163 655 2234 καθαροὶ
689 2171 790 2228 τὰς
841 2172 1050 2240 χείρας,
1113 2173 1208 2237 οὒς
1261 2179 1620 2247 σωφροσύνης
1657 2181 1788 2251 πέρι
1817 2185 1915 2236 καὶ

345 2253 618 2320 εὖσεϐείας
655 2259 819 2324 αὐτὸς
854 2263 1115 2332 πολεμεῖν
1167 2273 1487 2338 μαρτυρεῖς,
1545 2272 1745 2341 ἄριστα
1775 2275 1912 2328 πάν-

342 2362 446 2398 των
472 2348 626 2402 τοῦτο
660 2355 982 2423 σκοπήσ.ας;
1029 2357 1139 2410 Καὶ
1169 2358 1280 2428 γὰρ
1315 2362 1365 2413 εί
1420 2363 1493 2433 μὴ
1519 2357 1664 2417 οὗτοι
1713 2365 1915 2436 προθυ-

346 2439 563 2508 μηθεῖεν
615 2445 695 2505 εἰς
745 2447 935 2516 χεῖρας
979 2450 1092 2512 τοῖς
1144 2449 1444 2524 βαρϐάροις
1497 2455 1660 2522 ἰέναι,
1714 2461 1810 2514 καὶ
1844 2459 1913 2513 τὰ

341 2529 470 2602 ξίφη
513 2535 842 2601 ἐπισείοντες
893 2541 1104 2596 πείθειν
1161 2545 1258 2615 οὐχ
1287 2547 1438 2610 ὅπως
1475 2549 1585 2602 τῶν
1607 2551 1910 2622 ἀλλοτρίων

344 2623 420 2694 μὴ
457 2625 724 2694 ἐφίεσθαι,
762 2629 898 2686 ἀλλά
928 2634 1024 2686 καὶ
1056 2637 1184 2705 περὶ
1215 2637 1324 2690 τῶν
1361 2639 1642 2710 σφετέρων
1674 2642 1912 2698 δεδοικέ-

337 2729 448 2778 ναι,
474 2715 572 2766 οὐκ
601 2715 668 2769 ἀν
694 2716 884 2784 φθάνοι
913 2723 982 2773 τά
1025 2722 1126 2792 τῆς
1168 2723 1448 2789 εὐσεϐείας
1479 2727 1766 2798 οἰχόμενα,
1801 2729 1911 2784 τῶν

338 2804 629 2875 βαρϐάρων
659 2810 750 2877 ὑφ’
780 2811 1008 2877 ἑαυτοὺς
1036 2816 1216 2869 πάντα
1236 2819 1580 2888 ποιουμένων
1613 2821 1753 2874 κατά
1779 2821 1909 2875 πολι

337 2893 438 2962 λὴν
469 2894 566 2950 τοῦ
596 2899 930 2965 κωλύσοντος
963 2903 1224 2974 ἐρημίαν,
1283 2907 1382 2960 καὶ
1412 2908 1472 2961 τὸ
1502 2909 1708 2962 οίκεῑον
1741 2909 1909 2975 σέϐας

340 2984 426 3038 διὰ
454 2987 692 3058 σπουδῆς
740 2991 1040 3062 τιθεμένων
1075 2995 1404 3065 κρατύνεινς
1454 2998 1822 3070 Σωφροσύνην
1851 3002 1909 3055 δὲ

341 3077 422 3136 τίς
443 3078 594 3132 ἔσται
622 3080 650 3132 ὁ
679 3082 898 3150 μετιὼν,
921 3086 1386 3158 ἀναγκαζομένων
1413 3091 1634 3144 πάντων
1657 3092 1756 3164 ζῇν
1789 3093 1908 3146 κατ’

275 3200 288 3209 -
339 3169 595 3236 ἐκείνους,
630 3173 1037 3247 αὐτοκράτορας
1063 3177 1162 3248 ήδη
1206 3182 1651 3250 γεγενημένουςς
1685 3183 1908 3244 Τούτοις

2021 608 2076 654 et
2120 599 2358 670 pietate?
2397 600 2536 667 Quia
2578 616 2708 656 vero
2739 601 2844 670 ipsi
2893 603 3232 670 propositum
3282 603 3616 668 fuit,macua

2019 689 2101 743 las
2132 705 2253 760 quae
2275 705 2668 761 nonnunquam
2693 692 2970 762 praeclaris
2993 693 3312 749 actionibus
3335 694 3616 750 adhaerent

2020 783 2228 846 eluere,
2275 785 2560 837 moderate
2579 784 2744 838 etiam
2780 784 2920 840 istos
2961 785 3162 854 punit:
3206 786 3368 841 sicuti
3413 796 3467 842 et
3499 803 3583 840 ina

2019 889 2158 944 gnus
2188 873 2542 939 Athanasius,
2579 877 2724 944 quod
2768 891 2910 942 reor,
2957 875 3200 940 fecisset,
3234 877 3280 932 si
3310 877 3414 946 ipsi
3443 879 3588 933 conti

2019 965 2188 1035 gisset
2224 965 2366 1018 hanc
2395 979 2615 1019 causam
2649 975 2907 1028 tractare.
2943 983 3118 1037 neque
3167 968 3279 1022 alio
3315 970 3614 1038 respiciens

2019 1057 2162 1113 istos
2211 1058 2596 1128 praeteriisset:
2658 1076 2848 1114 verum
2892 1061 2969 1114 illi
3019 1060 3333 1129 (Zonaram
3376 1062 3610 1129 innuit),

2021 1147 2115 1215 qui
2153 1149 2662 1217 magnanimitatem
2707 1149 3017 1220 spiritualis
3057 1151 3221 1219 hujus
3263 1150 3608 1220 legislatoris

2019 1251 2131 1290 non
2166 1248 2575 1308 assequuntur,
2601 1254 2780 1310 neque
2810 1249 3023 1295 natura:
3045 1243 3299 1296 humanae
3317 1243 3382 1297 ad
3417 1245 3608 1297 vitium

2021 1330 2353 1396 pronitatem
2407 1332 2786 1396 considerant,
2820 1333 2998 1402 ipsum
3047 1335 3450 1404 reprehendere
3500 1351 3608 1388 non

2020 1429 2307 1484 verentur,
2336 1423 2493 1492 quasi
2528 1432 2678 1479 esset
2716 1425 2984 1480 insulsum
3021 1427 3336 1492 consilium,
3365 1435 3421 1480 et
3459 1435 3608 1481 recto

2014 1509 2226 1578 judicio
2268 1528 2484 1569 carens.
2524 1514 2640 1570 Hoc
2682 1517 2828 1570 enim
2868 1525 3048 1587 pacto,
3083 1517 3164 1572 ait
3189 1519 3300 1582 ille,
3328 1520 3608 1587 continget

2022 1613 2082 1657 u-t
2105 1603 2308 1659 milites
2334 1607 2816 1674 spectatissimi,et
2847 1623 3080 1677 quorum
3114 1611 3354 1664 studium
3377 1620 3460 1666 est
3475 1625 3609 1665 ense

2025 1711 2088 1751 ac
2122 1695 2269 1751 caede
2305 1708 2624 1753 exterorum
2657 1700 2912 1757 incursus
2951 1704 3270 1772 praecidere,
3309 1719 3403 1774 per
3435 1715 3602 1759 totam

2021 1789 2185 1842 vitam
2221 1788 2345 1843 boui
2369 1791 2757 1847 communione
2779 1794 3085 1862 priventur,
3118 1799 3265 1866 quod
3290 1797 3422 1852 viris
3455 1797 3606 1852 Chri-

1947 1889 1989 1943 Β
2021 1880 2215 1935 stianis
2250 1881 2614 1939 intolerabilis
2650 1899 2807 1953 poena
2838 1895 2947 1942 est.
2987 1886 3206 1958 Quippe
3247 1903 3348 1943 cur
3381 1904 3488 1942 non
3521 1889 3598 1942 illi

2019 1972 2280 2026 manibus
2311 1975 2432 2042 puri
2461 1989 2588 2031 esse
2624 1976 2844 2038 debent,
2877 1993 3018 2047 quos
3051 1989 3105 2033 tu
3137 1980 3254 2048 ipse
3286 1979 3474 2034 fateris
3507 1995 3604 2049 pro

2017 2065 2282 2134 pudicitia
2309 2073 2364 2118 et
2399 2066 2604 2135 pietate
2628 2084 2893 2136 pugnare,
2925 2077 2986 2124 ut
3015 2071 3105 2124 ille
3129 2072 3334 2141 optime
3355 2072 3606 2125 animad-

2016 2158 2222 2213 vertit?
2244 2157 2356 2212 Nisi
2378 2161 2523 2214 enim
2558 2161 2638 2214 illi
2665 2161 2719 2215 in
2743 2161 2989 2216 animum
3013 2163 3364 2218 induxissent
3391 2163 3598 2218 Barba-

2015 2265 2107 2304 ros
2131 2249 2376 2319 aggredi,
2412 2259 2466 2305 et
2487 2251 2720 2308 vibratis
2743 2253 2942 2319 gladiis
2963 2255 3314 2323 persuadere,
3336 2270 3442 2308 non
3473 2255 3600 2324 qni-

2013 2343 2138 2396 dem
2173 2343 2406 2412 cupidos
2432 2343 2700 2398 bonorum
2726 2345 3052 2410 alienorum,
3086 2348 3180 2400 sed
3204 2347 3274 2401 de
3308 2347 3424 2400 suis
3455 2347 3604 2400 solli-

2014 2432 2157 2486 citos
2177 2446 2324 2496 esse,
2369 2446 2516 2487 anne
2536 2433 2604 2487 de
2637 2433 2837 2502 pietate
2867 2444 3047 2488 actum
3096 2442 3266 2496 esset,
3307 2449 3431 2487 eum
3467 2433 3600 2486 Bar-

2013 2522 2130 2577 bari
2152 2521 2336 2576 omnia
2373 2522 2477 2578 sibi
2493 2523 2837 2590 subjicerent
2864 2533 3090 2593 prepter
3129 2524 3358 2576 nimiam
3407 2522 3604 2576 adver-

2012 2615 2148 2668 sarii
2185 2614 2483 2684 ignaviam,
2535 2623 2592 2668 et
2633 2630 2790 2669 suam
2848 2615 3300 2684 superstitionem
3349 2613 3600 2668 stabilire

2013 2721 2344 2778 magnopere
2359 2707 2776 2762 anniterentur?
2790 2707 2924 2772 Quis
2942 2717 3124 2763 autem
3147 2709 3421 2762 honestati
3444 2708 3603 2761 locus

2012 2799 2140 2864 erit,
2164 2813 2293 2852 eum
2323 2814 2517 2854 omnes
2541 2810 2765 2870 arrepto
2796 2800 2964 2855 semel
2997 2799 3229 2870 imperio
3252 2799 3318 2853 ad
3352 2799 3599 2877 ipsorum

2014 2903 2197 2944 mores
2245 2891 2416 2944 vitam
2452 2904 2617 2961 agere
2649 2901 2851 2960 cogent
2895 2889 3161 2945 Barbari?
3197 2890 3323 2945 llzec
3369 2890 3599 2960 quidem

2012 2985 2220 3039 audent
2296 2976 2514 3055 puerili.
2576 2986 2822 3041 balbutie
2896 2986 3164 3040 adversus
3238 2985 3596 3040 multisonam

2013 3075 2254 3145 Spiritus
2277 3076 2571 3132 buccinam
2603 3088 2658 3133 et
2687 3079 3020 3148 evangelica:
3037 3078 3285 3133 scientiae
3306 3087 3599 3147 syntagma

2012 3171 2456 3224 obmurmurare.
2485 3169 2699 3235 Quibus
2733 3171 2814 3225 sic
2860 3171 3192 3239 respondere
3238 3170 3389 3236 licet,
3445 3170 3594 3238 quod

341 3263 560 3334 παιδικῇ
601 3264 676 3326 ὡς
705 3265 773 3318 ἂν
799 3267 932 3337 φαίη
981 3284 1068 3333 τις
1118 3271 1335 3344 γλώττῃ
1363 3273 1608 3342 τολμῶσι
1641 3276 1908 3345 περιϐομο

2014 3261 2350 3314 naturalium
2408 3271 2722 3316 nostrorum
2776 3260 3095 3326 affectuum,
3157 3269 3216 3315 ut
3274 3263 3596 3316 summatim

340 3354 454 3406 δεῖν
475 3355 573 3427 τὴν
602 3358 938 3430 πολύστομον
964 3359 1059 3415 τοῦ
1103 3364 1422 3434 Πνεύματος
1470 3368 1772 3437 σάλπιγγα,
1812 3370 1907 3422 καὶ

339 3449 437 3514 τῆς
465 3449 830 3521 εὐαγγελικῆς
871 3455 1160 3525 ἐμπειρίας
1213 3458 1313 3528 τὴν
1348 3459 1568 3528 βίϐλον·
1620 3461 1758 3531 πρὸς
1809 3462 1907 3526 οὓς

343 3539 509 3591 ἐκεῖνο
533 3540 598 3593 ἀν
620 3543 853 3611 εἴποιμι,
907 3546 989 3599 δτι
1039 3547 1148 3601 τῶν
1179 3549 1236 3600 ὲν
1270 3551 1402 3619 ἡμῖν
1435 3553 1684 3620 φυσικῶν
1716 3553 1906 3607 παθῶν

351 3630 638 3702 συλλήϐδην
662 3635 838 3689 εἰπεῖν
863 3632 892 3690 ὁ
926 3637 1116 3706 ἐσμὸς,
1150 3639 1289 3709 μετὰ
1316 3641 1416 3713 τὴν
1460 3642 1554 3696 τοῦ
1600 3644 1794 3713 Ἀδὰμ.
1830 3645 1906 3710 ὥς

347 3721 512 3791 ίσμεν,
545 3725 875 3796 παράϐασιν,
927 3729 1004 3800 τῷ
1047 3730 1156 3784 τῶν
1193 3733 1502 3803 ἀνθρώπων
1550 3735 1904 3805 εἰσεκώμασε

337 3813 502 3881 γένει,
525 3816 714 3889 ὥσπερ
744 3819 1195 3892 ἀρρωστημάτων
1224 3825 1421 3878 κοινῶν
1456 3829 1522 3898 τῇ
1557 3829 1728 3900 κακίᾳ
1775 3845 1906 3884 συν-

339 3912 720 3967 εισπεσόντων.
757 3913 976 3968 Τούτων
1001 3915 1072 3969 τά
1100 3918 1200 3987 μὲν
1235 3919 1395 3987 φύσει
1429 3922 1788 3986 συνέζευκται
1811 3925 1906 3978 καὶ

337 4002 571 4076 ἀνάγκη,
609 4003 679 4057 τὰ
723 4004 781 4058 δὲ
814 4004 974 4074 φύσει
997 4007 1288 4064 διοικεῖται
1313 4012 1408 4064 καὶ
1440 4015 1782 4084 προαιρέσει·
1809 4015 1906 4069 καὶ

331 4094 403 4147 τά
425 4095 525 4164 μιν
547 4093 659 4166 εχει
675 4096 735 4150 τὸ
757 4097 1227 4172 ἀνεπίκλητον,τῷ
1246 4103 1578 4175 ἀποχρῶσαν
1597 4105 1903 4176 κεκτῆσθαι

337 4183 668 4253 παραίτησιν
695 4183 796 4254 την
829 4185 1021 4256 ἄλογον
1049 4190 1298 4262 ἀνάγκην
1330 4194 1428 4264 τῆς
1459 4193 1699 4263 φύσεως,
1726 4195 1794 4250 ἂν
1827 4195 1905 4268 μὴ

333 4276 400 4345 τῇ
436 4276 592 4347 χρείᾳ
626 4277 788 4344 μόνον
831 4280 866 4349 ή
912 4281 1149 4352 ἀμετρία
1201 4283 1510 4354 λυμήνηται
1535 4302 1551 4319 ⁸
1587 4287 1673 4356 ἐφ’
1701 4287 1738 4342 ἀ
1770 4288 1827 4342 δὲ
1871 4291 1902 4360 η

335 4367 655 4437 προαίρεσις
689 4368 832 4436 ἀγει,
870 4370 1018 4442 ἥπερ
1068 4375 1135 4444 τῇ
1187 4374 1379 4446 λογικῇ
1429 4377 1528 4430 καὶ
1566 4379 1904 4451 αὑτεξουσίῳ

334 4460 733 4532 συνεισέρχεται
761 4462 940 4531 φύσει,
977 4465 1365 4521 ὐποκλίνεσθαι
1395 4472 1602 4539 ταύτην
1637 4472 1903 4526 πείθουσα

329 4554 443 4616 τοῖς
479 4556 577 4624 τῆς
615 4554 814 4623 ἀλόγου
841 4556 1060 4626 φύσεως
1096 4559 1345 4626 πάθεσιν,
1383 4561 1522 4629 ἐξὸν,
1555 4563 1718 4636 εἴπερ
1745 4565 1902 4618 ἐϐού-

329 4647 472 4709 λετο,
509 4646 584 4718 μὴ
634 4647 894 4713 ἐνδοῦναι,
931 4649 990 4703 ού
1025 4651 1200 4722 πάντη
1249 4652 1313 4705 τὸ
1349 4653 1672 4725 ἄμεμπτον,
1707 4661 1756 4712 εί
1805 4660 1899 4713 καὶ

331 4739 769 4811 συγκεχώρηται,
806 4741 1161 4812 διαπέφευγε·
1217 4747 1390 4816 ταύτῃ
1421 4765 1505 4802 τοι
1543 4750 1638 4804 καὶ
1688 4751 1900 4823 καθάρ-

329 4852 467 4898 σεως
496 4835 667 4888 ταῦτα
710 4835 904 4904 δεῖται,
937 4831 1025 4889 οἶα
1065 4838 1162 4902 τῆς
1212 4840 1542 4910 προγονικῆς
1575 4841 1746 4911 ἥττης
1776 4844 1898 4897 κατ’

329 4926 472 4997 ἴχνος
500 4927 761 4994 ἑπόμενα.
790 4928 897 4980 Καὶ
926 4928 1036 4999 γὰρ
1060 4931 1086 4981 ὀ
1119 4928 1320 4999 γάμος,
1355 4932 1404 4983 εί
1440 4931 1656 5002 καὶτῆς
1694 4935 1901 4989 ἀθανα-

329 5021 469 5086 σίας,
517 5014 585 5092 ἦς
635 5019 1095 5090 ἐκπεπτώκαμεν,
1126 5022 1276 5076 δοκεῖ
1305 5040 1369 5092 γε
1405 5025 1582 5095 δήπου
1616 5027 1805 5098 φέρειν
1840 5030 1899 5082 τὸ

325 5114 688 5182 ἀπεικύνισμα
713 5115 779 5183 τῇ
806 5111 903 5166 τοῦ
934 5113 1127 5181 γένους
1173 5115 1413 5186 διαδοχῇ,
1457 5117 1573 5170 ἀλλ’
1606 5118 1698 5171 οὖν
1731 5121 1778 5172 εί
1821 5121 1898 5191 μὴ

327 5205 613 5275 ἐπίκουρον
647 5204 803 5274 σχοίη
831 5206 922 5257 τὸν
951 5206 1138 5275 νόμον,
1171 5209 1262 5260 καὶ
1301 5211 1366 5279 τῇ
1401 5209 1521 5280 ἱερᾷ
1561 5211 1750 5282 τελετῇ
1798 5213 1898 5285 τὴν

329 5296 562 5350 παλαιάν
593 5297 945 5366 προστροπὴν
995 5297 1393 5364 ἀποπλύναιτο,
1445 5301 1554 5356 τῶν
1594 5305 1898 5373 ἐξαγίστων

327 5382 464 5440 εἶναι
509 5386 896 5458 δοκεί.Ὦσπερ
941 5389 1006 5459 δὴ
1039 5392 1136 5444 καὶ
1169 5393 1238 5445 τὰ
1267 5395 1563 5464 τικτόμενα
1605 5399 1805 5469 βρέφη,
1846 5403 1896 5454 εί

326 5477 399 5547 μὴ
426 5477 505 5546 τῷ
538 5477 668 5550 θείῳ
701 5478 1002 5552 καθαρθείη
1028 5482 1263 5552 λουτρῷ,
1293 5485 1540 5539 ἐκποδὼν
1589 5489 1691 5559 τῆς
1740 5493 1897 5562 ήμῶν

325 5569 537 5622 ίσταται
566 5571 872 5634 κοινωνίας,
892 5573 1069 5626 καίτοι
1096 5573 1170 5646 μὴ
1222 5577 1288 5629 ὲκ
1315 5579 1716 5650 προαιρέσεως,
1737 5601 1898 5652 φυσι-

324 5659 434 5720 κῶς
486 5660 662 5713 δὲτοῢ
729 5665 1058 5732 προγονικοῦ
1123 5668 1522 5739 μετεσχηκέναι
1583 5674 1895 5741 μιάσματος

323 5751 713 5820 πιστευόμενα,
754 5756 850 5807 ἆτε
876 5756 974 5826 τῆς
1007 5760 1274 5826 γενέσεως
1321 5762 1523 5828 αἰτίαν,
1560 5766 1657 5835 τῆς
1690 5769 1896 5838 σαρκὸς

327 5843 542 5915 ίσχοντα
565 5844 661 5917 τὴν
695 5846 1010 5918 ἐπιθυμίαν,
1044 5850 1118 5918 ῶς
1157 5853 1257 5908 πού
1283 5871 1448 5926 φησιν
1477 5859 1504 5910 ὁ
1533 5855 1677 5923 θεῖος
1710 5861 1890 5916 Δαϐίδ⁶

2010 3351 2212 3412 dicam.
2265 3362 2498 3406 examen
2561 3361 2682 3420 post
2715 3352 2928 3420 lapsum
2959 3352 3107 3415 Adze,
3165 3351 3309 3420 quod
3357 3351 3594 3413 scimus,

2009 3445 2332 3498 universum
2359 3458 2533 3512 genus
2575 3445 2875 3498 humanum
2910 3445 3135 3508 invasit,
3175 3454 3434 3512 tanquam
3483 3443 3595 3496 lar-

2012 3549 2144 3603 rago
2199 3532 2579 3586 inﬁrmitatum
2619 3548 2994 3587 communium
3035 3538 3086 3587 in
3127 3534 3328 3588 malum
3377 3534 3595 3602 conspi-

2009 3626 2270 3680 rantium.
2296 3625 2541 3691 Quorum
2565 3627 2668 3680 alia
2695 3626 2852 3680 nobis
2870 3642 2937 3679 ex
2960 3635 3153 3680 natura
3178 3634 3232 3679 et
3261 3628 3595 3681 necessitate

2008 3719 2292 3773 adhaerent
2327 3734 2341 3770 :
2376 3717 2479 3771 alia
2515 3727 2700 3772 autem
2749 3720 3051 3772 secundum
3104 3728 3361 3772 naturam
3391 3729 3445 3773 et
3481 3719 3593 3772 ele-

2007 3813 2248 3867 ctionem
2274 3793 2436 3866 nobis
2457 3812 2668 3865 insunt.
2692 3810 2759 3864 Et
2783 3811 2876 3866 illa
2899 3811 3122 3880 quidem
3147 3813 3354 3865 nullam
3374 3813 3595 3882 culpam

2008 3906 2260 3969 trahunt,
2321 3906 2448 3974 quia
2517 3904 2832 3958 obtendunt
2899 3914 3160 3973 tanquam
3227 3904 3593 3960 sulIicientetn

2007 3999 2427 4051 excusationem
2477 3995 2856 4049 irrationalem
2905 3997 3296 4050 necessitatem
3353 4006 3590 4061 naturae.

2009 4089 2173 4144 modo
2194 4103 2457 4143 excessus
2487 4102 2652 4142 usum
2683 4101 2793 4141 non
2823 4087 2980 4142 vitiet
3011 4103 3026 4140 :
3053 4089 3146 4141 sed
3169 4088 3352 4157 quead
3386 4090 3490 4145 ista
3521 4091 3590 4144 ad

2006 4198 2128 4252 qua:
2155 4182 2352 4236 electio
2401 4182 2595 4236 incitat
2645 4180 2790 4251 (quae
2814 4179 3036 4249 quidem
3072 4188 3285 4234 naturae
3333 4181 3589 4234 rationali

2008 4276 2182 4328 libere
2209 4275 2393 4343 agenti
2417 4274 2697 4340 coavenit)
2728 4270 3069 4338 persuadens
3103 4287 3223 4324 eam
3252 4271 3592 4326 irrationalis

2007 4373 2218 4420 natura:
2280 4363 2639 4435 passionibus
2695 4379 2756 4417 se
2815 4363 3164 4427 submittere,
3218 4370 3278 4415 ut
3328 4377 3424 4431 par
3482 4371 3587 4423 est,

2005 4458 2260 4529 quamvis
2315 4471 2438 4512 sese
2487 4458 2689 4512 dedere
2741 4456 3102 4519 recusaverit,
3158 4457 3300 4508 haud
3371 4455 3590 4524 penitus

2008 4562 2191 4605 tamen
2216 4549 2732 4620 reprehensionem,
2773 4548 3120 4602 coudouatus
3150 4548 3301 4608 licet,
3325 4549 3586 4602 evaserit.

2005 4648 2356 4718 Quapropter
2421 4646 2536 4699 haec
2577 4645 2742 4698 etiam
2788 4644 3102 4713 expiatione
3162 4657 3303 4712 opus
3360 4645 3586 4710 habent,

2007 4752 2271 4813 tanquam
2301 4739 2571 4809 originale
2609 4738 2803 4792 vitium
2838 4754 2868 4792 e
2901 4737 3132 4804 vestigio
3159 4739 3590 4807 consequentia.

2005 4837 2255 4907 Namque
2274 4832 2710 4895 matrimonium,
2737 4832 2993 4901 quamvis
3021 4833 3104 4887 vel
3127 4833 3588 4895 immortalitatis,

2005 4945 2112 5001 qua
2148 4928 2479 4990 excidimus,
2513 4925 2810 4995 imaginem
2851 4926 3149 4994 quamdam
3199 4931 3312 4996 prae
3343 4943 3404 4982 se
3445 4927 3587 4981 ferre

2004 5024 2256 5077 videatur
2271 5018 2492 5091 generis
2515 5019 2895 5080 successione,
2922 5019 3302 5084 nihilominus,
3328 5021 3430 5076 nisi
3459 5020 3586 5090 quis

2003 5114 2301 5184 legitimam
2337 5118 2662 5180 potestatem
2694 5110 2976 5174 habuerit,
3016 5121 3070 5164 et
3097 5127 3259 5166 sacro
3291 5111 3396 5166 ritu
3431 5125 3582 5168 vetes

2003 5223 2118 5262 rem
2137 5216 2343 5263 statum
2366 5204 2587 5266 eluerit,
2612 5203 2756 5257 inter
2780 5218 2866 5258 res
2899 5206 3274 5259 exsecrabiles
3299 5214 3581 5260 censetur.

2004 5303 2217 5357 Idcirco
2244 5307 2300 5355 et
2332 5298 2573 5353 infantes
2610 5298 2716 5352 nisi
2759 5312 2920 5352 sacro
2949 5300 3517 5369 purgentnrlavacro,
3553 5317 3580 5350 a

2001 5394 2394 5450 communione
2425 5400 2614 5446 nostra
2631 5391 3007 5446 excluduntur
3043 5409 3058 5444 :
3092 5391 3346 5460 quamvis
3378 5407 3483 5445 non
3515 5407 3584 5445 ex

2001 5489 2290 5553 electione,
2323 5487 2416 5541 sed
2441 5486 2768 5541 naturaliter
2795 5486 2936 5540 labis
2965 5485 3251 5555 originalis
3285 5488 3582 5556 participes

2002 5584 2121 5639 ﬁeri
2160 5581 2458 5637 credantur
2490 5599 2502 5635 :
2533 5590 2807 5650 quatenus
2849 5579 3035 5633 carnis
3067 5579 3582 5648 concupiscentiam.

2004 5684 2265 5743 tanquam
2307 5667 2522 5725 natura:
2551 5671 2768 5740 culpam
2801 5670 3006 5725 ierunt.
3051 5670 3216 5740 256
3257 5667 3410 5723 Unde
3445 5673 3580 5726 dicit

2001 5779 2226 5822 sanctus
2258 5764 2428 5819 David
2462 5785 2473 5819 :
2514 5783 2532 5816 ι
2578 5765 2719 5819 Ecce
2750 5764 2897 5818 enim
2943 5765 2996 5818 in
3034 5764 3419 5834 iniquitatibus
3443 5780 3579 5818 cono

1999 5872 2191 5928 ceptus
2231 5857 2332 5924 fui,
2382 5875 2400 5908 ι
2435 5869 2541 5913 etc.
2590 5857 2771 5924 Quare
2812 5859 2857 5916 si
2898 5858 3058 5926 bella,
3093 5866 3148 5915 et
3188 5873 3308 5929 qua:
3341 5857 3468 5916 inde
3497 5878 3586 5917 se-

3513 397 3615 462 132
3708 385 3725 405 ’
