4028 6440
481 363 501 424 1
514 366 578 426 S3

1645 362 2006 422 MATTH/El
2054 365 2478 439 RLASI‘ARIS
3624 361 3711 420 ιδι

474 484 721 547 quuntur
754 474 1042 530 hominum
1087 474 1287 542 caedes,
1317 473 1640 547 passionum
1686 482 1811 544 post
1841 473 2053 544 lapsum

2167 501 2185 532 ι
2209 483 2340 536 Ἰδοὺ
2371 484 2479 553 γὰρ
2501 481 2560 535 ἐν
2591 484 2845 551 ἀνο;.ιίαις
2871 481 3230 550 συνελήφθη-λ,
3247 498 3264 529 ι
3293 476 3386 530 καὶ
3406 477 3471 529 τά
3502 475 3638 542 ἑξῆς.
3659 478 3711 528 Εἰ

477 571 912 626 voluntariarum
948 571 1167 626 soboles
1213 571 1344 635 sint,
1376 584 1514 640 opus
1553 577 1638 624 est
1685 578 1747 622 ut
1788 569 1823 622 ii
1864 569 1956 638 qui
1993 569 2047 624 in

476 666 675 720 castris
728 666 932 730 vivere,
993 672 1046 719 et
1099 664 1346 718 dextram
1407 663 1675 732 sanguine
1732 671 2046 717 cxterorum

475 758 726 811 imbuere
783 757 1026 821 student,
1085 766 1451 826 repurgentur
1506 756 1659 822 prius
1709 753 2050 823 poenitentiae

476 850 773 912 medicina,
806 859 971 916 atque
999 846 1226 914 hujusce
1251 848 1374 916 igne
1391 846 1587 903 sordes
1613 846 1692 899 illi
1715 846 1839 900 vitae
1863 846 2048 915 generi

476 943 920 996 adhmresccntes
967 943 1285 1003 absumant,
1329 949 1494 1008 atque
1543 941 1614 994 ita
1670 939 1738 991 ad
1788 938 2047 1008 mysteria

475 1035 597 1086 novi
629 1034 758 1087 Adae
783 1036 1068 1087 accedant.
1101 1031 1370 1097 Quoniam
1397 1033 1560 1085 etiam
1594 1039 1702 1085 tota
1732 1030 2048 1099 evangelica

473 1125 773 1188 institutio,
801 1141 898 1178 nos
930 1125 994 1178 ad
1025 1127 1314 1193 pristinum
1342 1133 1547 1178 statum
1577 1124 1871 1185 reducens,
1902 1131 1956 1176 et
1981 1122 2048 1175 ad

473 1219 839 1286 spiritualetu,
879 1227 939 1269 ut
974 1217 1197 1279 Iicct,et
1223 1217 1501 1270 meliorem
1538 1218 1703 1270 vitam
1737 1217 2046 1277 instruens,

472 1310 627 1361 nullo
657 1311 708 1360 in
741 1310 864 1362 loro
900 1310 981 1362 vel
1015 1309 1153 1362 bella
1192 1307 1399 1374 laudat,
1432 1317 1526 1361 aut
1561 1323 1655 1376 per
1683 1309 1858 1361 caedes
1888 1307 2049 1360 mali-

475 1402 564 1452 tiae
600 1402 864 1468 impetum
915 1400 1084 1462 sistit,
1124 1413 1361 1468 proutse
1390 1415 1476 1452 res
1518 1398 1709 1452 habuit.
1750 1397 1851 1453 sub
1876 1397 2048 1452 veteri

473 1493 591 1562 iege
636 1510 650 1546 :
709 1494 801 1545 sed
849 1494 1087 1547 maxime
1131 1492 1259 1546 huic
1308 1492 1655 1556 adversatur,
1704 1505 1759 1544 et
1817 1504 2051 1558 prorsus

475 1589 752 1640 contraria
771 1588 948 1641 docet.
971 1587 1105 1641 Nam
1144 1588 1406 1641 Dominus
1428 1586 1722 1654 aliquando
1749 1584 2052 1654 discipulos

475 1695 628 1739 suos,
667 1680 755 1747 qui
788 1687 1114 1747 rogaverant
1147 1694 1296 1741 eum,
1318 1680 1434 1731 zelo
1462 1678 1739 1732 Thesbiten
1765 1675 2047 1738 commoti,

477 1777 535 1820 nt
566 1770 729 1823 vellet
781 1769 1010 1822 fulmina
1063 1769 1115 1822 iu
1169 1768 1548 1826 Samaritanus
1600 1770 1920 1832 immittere,
1954 1769 2046 1840 qui

475 1863 626 1929 ipsos
672 1877 778 1913 non
813 1871 1157 1930 receperant,
1205 1873 1381 1915 semet
1416 1863 1481 1916 ad
1533 1863 1682 1932 ipsos
1717 1872 2049 1915 convertens

474 1951 782 2021 increpavit
813 1953 960 2006 hisce
991 1953 1175 2006 verbis
1211 1971 1224 2008 :
1275 1971 1293 2004 ι
1325 1951 1445 2006 Non
1491 1956 1667 2008 neatis
1707 1970 1817 2021 quo
1852 1953 2050 2022 spiritu

473 2044 621 2096 sitis.
687 2062 706 2094 ι
765 2041 968 2096 Verum
1022 2051 1200 2095 tamen
1268 2043 1314 2097 si
1365 2050 1602 2097 veterem
1660 2045 1824 2098 etiam
1881 2044 2052 2112 legem

471 2135 762 2202 diligenter
823 2133 1288 2198 consideravcris,
1352 2134 1504 2203 paria
1554 2148 1678 2188 cum
1737 2136 2052 2204 evangeliea

471 2225 652 2292 quoad
729 2226 833 2278 ista
897 2225 1222 2279 sentientem
1287 2227 1530 2294 reperies
1578 2244 1590 2278 :
1637 2226 1857 2280 tametsi
1913 2227 2055 2283 alius

473 2329 686 2372 natura:
718 2318 971 2371 humanae
991 2324 1167 2371 status
1199 2316 1359 2370 aliam
1379 2319 1778 2387 providentiam
1799 2320 2056 2387 legesque

473 2408 755 2476 postulare
807 2406 1112 2460 videbatur.
1172 2405 1230 2459 id
1292 2405 1466 2460 facere
1521 2405 1666 2461 Deus
1709 2407 1894 2461 Davidi
1953 2425 2052 2463 ex-

473 2501 721 2556 Slruendi
764 2498 956 2568 templi
1000 2497 1202 2567 cupido
1251 2513 1352 2551 cur
1393 2514 1501 2552 non
1539 2500 1827 2568 permisit?
1872 2515 2054 2553 annon

474 2591 622 2659 quod
687 2592 877 2644 dextra
924 2589 1045 2656 ejus
1092 2589 1308 2644 infinita
1370 2591 1520 2645 caede
1571 2602 1889 2646 cxterorum
1951 2593 2055 2646 fuit

475 2683 722 2751 polluta?
755 2681 1027 2752 Josephus
1066 2683 1233 2735 etiam
1290 2682 1379 2735 hic
1427 2684 1624 2738 merito
1665 2683 1826 2740 fidem
1865 2683 2056 2740 faciat.

474 2775 655 2840 Quare
704 2779 870 2827 etiam
923 2774 1084 2832 Deus.
1129 2774 1350 2842 quando
1395 2777 1635 2829 ostentis
1685 2780 1750 2830 de.
1787 2777 1951 2838 cmlo,
1998 2785 2053 2830 et

476 2883 608 2921 voce
639 2867 977 2922 tenuissimae
1041 2881 1191 2920 aurae
1223 2870 1276 2920 in
1318 2865 1499 2922 lioreh
1547 2868 1756 2922 dictum
1821 2866 2054 2922 Theshl-

477 2970 585 3011 rem
621 2959 896 3012 allocutus
935 2966 1042 3020 est,
1093 2957 1383 3011 Dominum
1420 2959 1473 3012 in
1510 2959 1632 3012 istis
1662 2973 1771 3012 non
1817 2972 1963 3020 esse,
1996 2959 2051 3010 iu

477 3050 581 3102 hac
628 3063 760 3102 vero
807 3050 1004 3103 adt-sse
1037 3048 1210 3102 dixit?
1240 3047 1429 3103 Nonne
1457 3048 1584 3104 inde
1634 3051 1796 3119 plane
1829 3051 2054 3104 demon-

2155 570 2250 628 οὗν
2265 575 2374 626 τῶν
2385 577 2482 642 τῆς
2504 575 2870 646 παραϐάσεως
2893 570 3298 646 προαιρετικῶν
3316 568 3502 621 παθῶν
3531 568 3710 632 ἔκγονα

2154 667 2250 719 καὶ
2267 667 2317 720 oi
2350 667 2598 738 πόλεμοι,
2626 668 2719 719 καὶ
2737 668 2785 718 οἱ
2808 665 3014 726 τούτοις
3038 663 3296 731 ἑπόμενοι
3315 662 3488 730 φόνοι,
3510 659 3710 726 ἀνάγκη

2153 759 2330 829 δήπου
2367 761 2463 812 καὶ
2511 759 2638 821 τοὺς
2695 759 2752 810 ἐν
2799 758 2986 818 ὅπλοις
3031 757 3132 827 ζῇν
3165 754 3477 822 ἑλομένους,
3510 753 3599 804 καὶ
3624 752 3715 819 τὴν

2155 851 2334 916 δεξιὰν
2359 853 2473 915 τοῖς
2500 851 2610 904 τῶν
2644 850 2958 920 ἀλλοφύλων
2988 851 3189 920 αἵμασι
3224 847 3472 917 βάπτειν,
3514 841 3710 910 καθαρ-

2155 945 2316 1012 θῆναι
2347 946 2615 1016 πρότερον
2640 947 2755 1007 τοῖς
2781 943 2883 1010 τῆς
2924 939 3217 1011 μετανοίας
3252 938 3586 1008 φαρμάκοις,
3627 935 3712 988 καὶ

2153 1039 2235 1106 τῷ
2266 1038 2470 1106 ταύτης
2505 1036 2636 1106 πυρὶ
2666 1037 2734 1088 τὰ
2787 1033 3164 1104 περιφυόμενα
3207 1030 3287 1100 τῷ
3332 1026 3712 1096 ἐπιτηδεύματι

2157 1130 2303 1198 ρύπη
2335 1129 2582 1198 ἐκτῆξαι,
2617 1129 2715 1181 καὶ
2749 1126 2894 1179 οὕτω
2947 1127 3059 1186 τοίς
3112 1123 3435 1193 μυστηρίοις
3480 1119 3571 1172 τοῦ
3601 1118 3711 1170 νέου

2155 1220 2440 1290 προσιέναι
2487 1219 2681 1288 Ἀδάμ.
2737 1219 2890 1270 Ἐπεὶ
2948 1217 3042 1269 καὶ
3108 1216 3258 1268 πᾶσα
3312 1216 3344 1282 η
3397 1211 3713 1279 εὑαγγελικὴ

2155 1312 2474 1382 νομοθεσία,
2519 1312 2612 1365 ἐπὶ
2645 1310 2706 1365 τὺ
2735 1313 2962 1380 ἀρχαῖον
3018 1309 3167 1377 ἡμᾶς
3215 1307 3586 1393 ἐπανάγουσα,
3625 1301 3712 1352 καὶ

2157 1407 2296 1474 πρὸς
2328 1406 2426 1474 τὴν
2457 1405 2836 1474 πνευματικὴν
2857 1401 2932 1466 ὡς
2955 1395 3067 1454 οἶόν
3094 1417 3152 1452 τε
3184 1398 3279 1452 καὶ
3313 1395 3521 1466 ἀμείνω
3547 1408 3713 1460 παρα-

2155 1497 2594 1565 καλοῦσαζωὴν,
2641 1494 2877 1563 οὐδαμοῦ
2937 1493 3217 1547 δείκνυται
3266 1489 3298 1556 ἦ
3351 1487 3612 1554 πολέμους
3659 1484 3710 1531 ὲν

2155 1587 2308 1657 καλῷ
2339 1586 2621 1654 τιθεμένη,
2667 1584 2700 1653 ἢ
2749 1584 2927 1650 φόνοις
2975 1582 3074 1649 τὴν
3121 1581 3222 1649 τῆς
3257 1578 3456 1637 κακίας
3485 1575 3713 1642 ἀγχουσα

2155 1681 2357 1752 ῥύμην,
2389 1680 2463 1742 ὡς
2493 1679 2563 1732 τὰ
2583 1679 2682 1745 τῆς
2717 1677 2959 1737 παλαιᾶς
2993 1672 3106 1743 εἶχε
3135 1669 3477 1742 νομοθεσίας,
3514 1665 3624 1718 ἀλλ’
3654 1665 3714 1715 ἐκ

2153 1773 2446 1842 διαμέτρου
2482 1770 2690 1832 τούτοις
2724 1769 3008 1836 ίσταμένη,
3035 1767 3129 1820 καὶ
3161 1761 3420 1818 τάναντία
3441 1759 3714 1812 διδάσκου-

2159 1881 2247 1918 σα.
2281 1865 2391 1917 Καὶ
2420 1863 2530 1933 ⁴γάρ
2570 1880 2672 1916 που
2708 1863 2816 1924 τοῖς
2851 1859 3120 1930 μαθηταῖς
3167 1855 3454 1925 ἐρομένοις
3481 1852 3569 1904 τὸν
3611 1846 3714 1900 Κύ-

2159 1974 2295 2026 ριον,
2329 1958 2375 2008 εἰ
2419 1955 2776 2024 ἐπιτραπεῖεν
2812 1950 3090 2021 σκηπτοὺς
3131 1948 3425 2015 ἐπαφεῖναι
3464 1945 3574 2003 τοῖς
3615 1940 3714 1991 Σα-

2161 2047 2446 2116 μαρείταις
2509 2047 2586 2116 μὴ
2635 2043 2953 2112 δεξαμένοις
3007 2039 3241 2102 αὐτοὺς,
3307 2035 3454 2105 ζήλῳ
3500 2031 3576 2100 τῷ
3627 2026 3714 2080 τοῦ

2159 2139 2440 2204 Θεσόίτου,
2464 2135 2846 2206 ἐπιστραφεὶς,
2863 2132 3214 2202 ἐπετίμησεν,
3237 2132 3355 2183 Οὐκ
3378 2127 3515 2187 ῐστε,
3535 2120 3716 2184 εἰπὼν,

2157 2233 2270 2285 οἴου
2309 2229 2622 2300 πνεύματός
2652 2231 2776 2281 ἐστε
2807 2228 2987 2295 ὑμεῖς.
3040 2227 3115 2276 Οὐ
3155 2223 3264 2294 μὴν
3292 2219 3406 2274 ἀλλ’
3437 2219 3484 2270 εί
3510 2218 3602 2267 καὶ
3625 2212 3715 2278 τὴν

2163 2325 2404 2378 παλαιὰν
2439 2321 2683 2392 ἀκριϐῶς
2711 2320 3037 2388 σκοπήσαις,
3069 2315 3276 2383 ἀδελφά
3312 2311 3486 2380 ταύτῃ
3505 2303 3717 2376 φρονοῦ-

2161 2434 2260 2470 σαν
2289 2415 2345 2467 ἓν
2388 2432 2451 2482 γε
2483 2416 2596 2476 τοῖς
2633 2413 2899 2473 τοιούτοις
2941 2411 3222 2482 εὑρήσεις,
3254 2409 3306 2460 εί
3347 2406 3442 2459 καὶ
3470 2402 3575 2454 τῶν
3603 2397 3718 2466 τρό-

2158 2521 2277 2558 πων
2328 2505 2426 2572 τῆς
2474 2502 2819 2572 ἀνθρωπείας
2865 2499 3081 2568 φύσεως
3114 2496 3488 2565 τδδιάφορον,
3543 2489 3600 2540 τὸ
3630 2486 3717 2553 τῆς

2160 2596 2419 2666 προνοίας
2452 2595 2652 2666 ἀπῄτει
2695 2593 2977 2664 διάφορον.
3036 2590 3189 2645 Ἐπεὶ
3232 2588 3285 2642 τί
3341 2578 3718 2656 μαθὼνόθεὸς

2157 2692 2250 2744 τὸν
2281 2692 2422 2744 θεῖον
2449 2687 2614 2742 Δαϐὶδ
2640 2687 2700 2740 οὑ
2725 2689 3062 2756 προσήκατο,
3087 2683 3216 2736 ναδν
3237 2681 3391 2751 αὑτῷ
3419 2671 3721 2747 προθυμοῦ·

2163 2800 2324 2853 μενον
2361 2782 2676 2850 ἁνεγεῖραι;
2705 2779 2778 2832 Οὑ
2808 2779 2959 2848 παρά
2993 2777 3051 2829 τὸ
3086 2775 3390 2846 μεμιάνθαι
3411 2769 3598 2823 τούτου
3629 2763 3718 2831 τὴν

2157 2876 2336 2940 δεξιάν
2377 2872 2453 2943 τῷ
2479 2872 2659 2942 μυρίῳ
2687 2872 2834 2940 φόνῳ
2861 2869 2970 2922 τῶν
3005 2866 3346 2936 ἀλλοφύλων,
3395 2863 3447 2916 εί
3485 2877 3568 2912 πω
3596 2855 3718 2908 κάν-

2156 2964 2331 3018 ταῦθα
2358 2965 2494 3034 πρὸς
2527 2962 2711 3014 πίστιν
2745 2948 3010 3028 Ἰώσηπος
3031 2956 3333 3026 ἀξιόχρεως
3362 2971 3376 3018 ;
3401 2952 3467 3005 Τί
3488 2949 3542 3002 δὲ
3572 2945 3719 3034 ἡνίκα

2157 3058 2269 3117 τοῖς
2302 3053 2362 3118 ἐξ
2390 3032 2620 3120 οὐρανοῦ
2674 3049 2917 3118 δείμασι,
2971 3047 3064 3099 καὶ
3103 3047 3170 3115 τῇ
3222 3042 3528 3109 λεπτοτάτῃ
3576 3032 3717 3102 φωνῇ

476 3139 696 3202 stravit,
754 3141 899 3206 quod
960 3138 1072 3191 sola
1128 3137 1518 3208 longanimitas
1569 3144 1625 3191 et
1671 3136 2050 3191 misericordia

2160 3147 2257 3214 τῆς
2278 3127 2472 3214 αὔρας,
2491 3145 2517 3195 ό
2534 3142 2666 3205 Θεδς
2690 3142 2746 3192 ἐν
2771 3138 2974 3210 Χωρὴϐ
2991 3135 3370 3208 ἐχρημάτιζεν
3393 3131 3538 3198 αὑτῷ
3558 3125 3722 3218 τούτω

477 3228 589 3281 Deo
621 3230 818 3297 placet,
881 3230 1166 3298 quodlibet
1193 3218 1388 3282 'autcm
1413 3237 1739 3283 cteterorum
1765 3227 2049 3282 hominum

479 3322 687 3374 malitia
755 3321 1012 3375 inducit?
1068 3321 1330 3388 Quaenam
1397 3321 1488 3374 illa
1557 3320 2054 3375 administrationis

481 3413 642 3467 illusis
678 3413 1030 3481 prestantia‘l
1062 3427 1248 3466 annon
1282 3411 1429 3481 quod
1463 3411 1797 3481 impietatem
1821 3426 1853 3466 e
1880 3412 2058 3466 medio

480 3504 674 3559 tollere
700 3507 902 3575 potuit,
936 3521 1058 3574 qua:
1088 3504 1361 3559 dominari
1389 3505 1528 3558 solet
1560 3505 1614 3557 in
1651 3504 1820 3557 vitam
1858 3504 2056 3558 humao

480 3612 630 3660 nam,
665 3607 720 3651 et
768 3605 1058 3652 conterere
1116 3612 1309 3652 omnes
1345 3596 1439 3666 qui
1495 3595 1596 3666 ipsi
1623 3597 1958 3654 renituntur,
2002 3604 2057 3649 et

478 3692 740 3745 omnibus
756 3693 932 3745 modis
948 3700 1267 3744 recusantes
1291 3689 1738 3742 reformationem
1754 3689 1808 3742 in
1829 3688 2061 3743 melius?

477 3783 661 3848 Quare
704 3784 870 3848 igitur
907 3797 1004 3835 eos
1037 3783 1130 3851 qui
1175 3781 1342 3835 etiam
1384 3796 1451 3833 ex
1489 3780 1750 3834 mandato
1807 3780 1900 3833 Dei
1933 3796 2056 3834 cum

480 3872 810 3939 rorporihus
839 3872 1094 3924 humanis
1119 3871 1460 3939 impietatem
1489 3887 1593 3922 una
1625 3870 1934 3933 demetunt,
1965 3886 2062 3940 per

479 3973 665 4014 certos
694 3960 812 4013 dies
841 3960 1052 4026 ingredi
1081 3963 1132 4014 in
1157 3970 1339 4014 castra
1367 3962 1570 4014 alicuhi
1598 3961 1806 4014 vetuit?
1825 3960 2062 4016 Nuntios

481 4054 629 4104 enim
662 4055 730 4105 ad
754 4051 1066 4106 Balaamum
1101 4051 1522 4106 infestissimum
1550 4067 1673 4104 cum
1699 4052 1835 4105 diris
1864 4067 2062 4106 oracu-

482 4143 599 4196 lisa
639 4158 698 4196 se
743 4145 968 4206 missos,
1005 4142 1098 4212 qui
1134 4141 1393 4197 civitates
1437 4142 1486 4195 ci
1525 4141 1848 4195 tributarias
1890 4157 2066 4211 expu-

483 4241 804 4305 gnaverant,
827 4245 878 4286 et
902 4235 1049 4287 cives
1075 4248 1270 4288 omnes
1298 4245 1497 4302 praeter
1515 4231 1752 4286 infantes
1772 4231 2066 4287 crudeliter

485 4326 904 4390 interfecerant,
942 4339 1067 4394 rege.
1095 4325 1262 4378 etiam
1301 4325 1419 4394 ipso
1467 4331 1730 4386 mactato,
1769 4324 1866 4392 qui
1911 4324 2064 4394 prius

483 4417 700 4478 infinita
734 4418 874 4470 mala
906 4416 1202 4472 meditatus
1225 4415 1403 4471 fuerat
1427 4425 1621 4470 contra
1644 4414 1888 4479 Judaeos,
1922 4415 2063 4470 fece-

481 4518 720 4579 ratque:
760 4513 962 4581 quippe
1007 4509 1246 4565 offerens
1271 4510 1403 4578 ipsis
1438 4511 1696 4564 mulieres
1730 4509 2060 4579 impudicas,
2097 4505 2138 4559 D

482 4601 712 4655 lascivia
755 4617 1014 4670 corpora.
1049 4611 1106 4656 et
1155 4600 1441 4670 impietate
1488 4603 1703 4654 animas
1745 4615 1938 4654 eorum
1969 4601 2064 4669 qui

481 4710 607 4748 rum
637 4696 770 4764 ipsis
802 4695 1089 4762 corrupit;
1120 4695 1240 4757 hos,
1273 4694 1521 4760 inquam,
1554 4693 1651 4767 qmi
1670 4700 1779 4745 tam
1804 4693 2066 4762 praeclare

483 4783 696 4839 hostem
749 4784 1087 4846 deviceraut,
1119 4796 1276 4837 extra
1323 4797 1578 4850 campum
1629 4797 1854 4838 manere
1897 4779 2066 4849 jussit

485 4893 661 4947 usque
707 4878 770 4929 ad
815 4877 956 4931 diem
1009 4877 1325 4944 septimum,
1368 4874 1644 4944 iussitque
1676 4890 1930 4944 magnum
1979 4891 2066 4929 sa-

407 4964 411 4968 ’
483 4971 762 5022 cerdotem
806 4968 1123 5021 Eleazarum
1175 4967 1327 5036 ipsos
1378 4979 1614 5034 purgare
1677 4983 1691 5020 :
1739 4966 2061 5027 ostendens.

487 5063 564 5120 uti
602 5072 756 5130 puto,
808 5059 956 5128 quod
991 5059 1116 5112 licet
1149 5058 1408 5127 legitima
1460 5058 1666 5114 fuerint
1713 5059 2061 5114 inimicorum

487 5154 692 5217 credes,
741 5151 1105 5205 nihilominus
1148 5158 1326 5203 tamen
1361 5151 1455 5220 qui
1505 5152 1784 5207 hominem
1832 5155 2060 5213 occidit.

485 5248 634 5316 juste
681 5244 805 5298 licet
860 5259 921 5298 se
978 5244 1341 5305 defendendo,
1398 5251 1452 5298 et
1513 5245 1682 5298 invite
1733 5244 1947 5308 fecerit,
1993 5247 2060 5300 ad

488 5338 823 5394 saeriﬁcium
859 5335 1134 5390 obnoxius
1157 5351 1282 5390 esse
1301 5335 1515 5388 videtur
1537 5345 1764 5404 propter
1791 5352 2058 5390 summam

491 5431 875 5498 cognationem
921 5439 974 5483 et
1008 5423 1453 5482 communionem
1481 5443 1496 5492 ;
1529 5427 1688 5497 cujus
1735 5443 1867 5497 ergo
1893 5434 2059 5485 etiam

489 5523 637 5576 viros
678 5524 902 5576 minime
930 5521 1232 5590 improbos,
1265 5520 1469 5589 quibus
1494 5521 1644 5576 caede
1689 5512 1859 5590 polluit
1885 5523 2062 5577 conti-

489 5625 663 5682 gcrat,
712 5616 931 5684 purgari
974 5614 1149 5668 voluit
1186 5615 1252 5668 ad
1295 5612 1586 5667 delendum
1617 5613 1770 5668 illtfm
1820 5623 2058 5667 reatum.

492 5705 672 5766 Quare
703 5706 770 5759 ad
822 5705 996 5774 legem
1038 5704 1382 5772 spiritualem
1412 5703 1656 5757 animum
1691 5720 1850 5759 suum
1884 5713 2057 5758 totum

493 5791 788 5849 intendens
838 5796 920 5847 vir
960 5801 1187 5850 sanctus
1237 5792 1315 5863 (et
1369 5793 1572 5849 Mosem
1637 5795 1740 5848 sibi
1801 5805 2058 5864 tanquam

2159 3213 2237 3308 τῷ
2267 3236 2561 3307 δηλωθέντι
2593 3233 2852 3303 Θεσϐίτῃ,
2880 3232 2974 3283 καὶ
3021 3229 3131 3282 τῶν
3187 3229 3285 3300 μὲν
3315 3227 3553 3284 ἀπεῖναι,
3581 3213 3718 3308 τῇῗδὲ

2160 3307 2416 3402 παρεῖναι
2475 3327 2681 3396 Κύριον
2729 3324 2956 3391 ἔλεγενς
3009 3319 3126 3376 Οὑκ
3178 3318 3430 3388 ἐναργῶς
3487 3307 3720 3402 ἐντεῦθὲεν

2158 3399 2381 3486 ἔδειξεν,
2411 3421 2495 3472 ὅτι
2533 3418 2888 3490 μακροθυμία
2919 3416 3013 3470 καὶ
3034 3412 3416 3483 φιλανθρωπία
3441 3409 3570 3479 μόνη
3602 3399 3719 3466 φίλη

2159 3512 2301 3582 Θεῷ,
2337 3511 2567 3565 ἕκαστον
2588 3509 2643 3562 δὲ
2696 3509 2807 3561 τῶν
2836 3507 3014 3562 ἄλλων
3051 3507 3084 3574 ἡ
3117 3504 3361 3573 πονηρία
3383 3502 3488 3554 τῶν
3517 3491 3721 3564 ἀνθρὼ-

2161 3624 2281 3659 πων
2305 3601 2635 3671 ὲιρέλκεταις
2661 3599 2726 3652 Τί
2760 3599 2858 3666 τῆς
2892 3596 3138 3658 Μωσέως
3167 3593 3477 3664 ὑπουργίας
3508 3588 3569 3642 τδ
3603 3582 3725 3653 κρά-

2159 3712 2382 3760 τιστον;
2414 3695 2488 3746 Οὑ
2529 3693 2592 3745 τὸ
2635 3691 2737 3762 τὴν
2785 3689 3040 3744 ἀσέϐειαν
3093 3687 3157 3740 ἐκ
3199 3685 3371 3755 μέσου
3415 3673 3724 3751 γεγενῆσθαι

2163 3785 2617 3856 παρασκευάσαι,
2650 3783 2729 3854 τῷ
2753 3781 2852 3852 βίῳ
2876 3779 2988 3832 τῶν
3019 3777 3332 3846 ἀνθρώπων
3385 3762 3727 3829 ἐνδυναστεύ-

2161 3896 2350 3943 ουσαν,
2379 3880 2474 3932 καὶ
2502 3879 2747 3937 ἅπαντας
2769 3871 3229 3942 ἐκτριόἧναιτοὺς
3252 3869 3429 3939 ταύτῃ
3456 3863 3725 3930 κατάκρας

2166 3971 2412 4034 ἁλόντας,
2463 3971 2558 4022 καὶ
2594 3965 3056 4034 ἀπεγνωσμένους
3104 3961 3424 4016 παντάπασι
3456 3959 3554 4028 τὴν
3597 3950 3725 4020 πρδς

2164 4063 2235 4115 τά
2259 4061 2549 4131 κρείττονα
2587 4058 2926 4129 μεταϐολήν;
2953 4057 3020 4110 Τί
3051 4052 3148 4110 οὖν
3171 4056 3236 4124 δὴ
3262 4057 3391 4118 τοὺς
3420 4046 3724 4120 ἐκθερίζον·

2165 4169 2285 4218 τας,
2314 4153 2374 4218 ἐξ
2397 4152 2776 4221 ἐπιτάγματος
2826 4151 2974 4203 θείου
3025 4147 3168 4219 μετά
3219 4148 3333 4206 τῶν
3383 4135 3728 4213 ἀνθρωπείων

2169 4244 2438 4312 σωμάτων
2489 4242 2584 4294 καὶ
2615 4241 2714 4309 τὴν
2761 4239 3018 4292 ἀσέὅειαν
3065 4236 3178 4290 ἐσθ’
3217 4237 3353 4289 ὅπου
3386 4233 3486 4301 τῆς
3517 4231 3593 4291 εἰς
3637 4221 3726 4290 τὴν

2167 4333 2522 4404 παρεμϐολὴν
2557 4334 2650 4385 ἐπὶ
2699 4333 2867 4404 ῥητὰς
2901 4332 3114 4401 ἡμέρας
3167 4331 3436 4398 ἀπεῖργεν
3486 4319 3726 4378 εἰσόδου;

2170 4427 2310 4491 Τοὺς
2338 4428 2448 4495 γὰρ
2477 4425 2570 4476 ἐπὶ
2587 4425 2678 4477 τὸν
2709 4423 2960 4494 ἔχθιστον
2993 4421 3224 4490 Βαλαὰμ
3245 4421 3384 4490 πρὸς
3410 4412 3575 4470 αὑτοῦ
3602 4404 3730 4480 μετὰ

2168 4517 2436 4592 χρησμῶν
2469 4515 2892 4585 ἐκπεμφθέντας
2931 4514 3142 4578 αίσίων,
3190 4513 3284 4567 καὶ
3327 4510 3426 4572 τὰς
3457 4498 3728 4559 ὑποτελεῖς

2169 4611 2368 4678 ἐκείνῳ
2424 4607 2608 4671 πόλεις
2637 4606 2809 4677 ἄρδην
2841 4607 3182 4676 δῃώσαντας,
3213 4603 3342 4666 τοὺς
3370 4603 3428 4653 ἐν
3455 4595 3728 4678 αὑταῐςξε

2168 4700 2402 4761 πάντας,
2429 4697 2569 4768 πλὴν
2591 4698 2715 4750 ὅσον
2763 4691 2832 4766 ἦν
2865 4698 2923 4748 ἐν
2947 4695 3186 4765 νηπίοις,
3226 4691 3461 4758 ἀφειδῶς
3503 4676 3732 4738 καταθύ-

2169 4807 2394 4853 σαντας,
2424 4788 2561 4843 ἀλλά
2587 4788 2682 4842 καὶ
2711 4788 2874 4841 αὑτὸν
2907 4786 3266 4858 ἱερεύσαντας
3306 4780 3550 4853 βασιλέα,
3569 4771 3730 4838 ἄνδρα

2171 4881 2340 4952 μυρία
2369 4881 2465 4934 καὶ
2497 4879 2926 4950 βεϐουλευμένον
2972 4877 3076 4932 καὶ
3116 4876 3423 4946 δεδρακότα
3475 4866 3731 4936 πρότερον

2167 4974 2292 5036 τοὺς
2328 4971 2613 5034 Ἰουδαίους
2646 4971 2796 5024 κακά
2851 4971 3141 5040 (γυναῖκας
3168 4969 3277 5036 γὰρ
3312 4963 3560 5030 ἀσελγεῖς
3600 4967 3730 5021 προ·

2169 5063 2531 5135 στησάμενος,
2571 5061 2853 5129 λαγνείαις
2891 5061 2990 5130 μὲν
3021 5061 3090 5112 τά
3140 5059 3396 5128 σώματα,
3424 5055 3521 5115 τάς
3557 5042 3728 5118 ψυχὰς

2166 5155 2223 5206 δὲ
2253 5153 2483 5224 ἀσεϐείᾳ
2511 5152 2619 5205 τῶν
2676 5153 2870 5212 αὑταῖς
2925 5149 3355 5220 συμφθαρέντων
3411 5140 3724 5210 διέφθειρε).

2167 5243 2308 5310 Τοὺς
2341 5241 2434 5299 οὖν
2474 5245 2616 5298 οὕτω
2647 5244 2787 5296 κατά
2824 5245 2932 5296 τῶν
2971 5241 3249 5311 πολεμίων
3302 5231 3726 5308 ἠριστευκότα-ἵν

2167 5340 2273 5404 ἔξω
2328 5341 2509 5407 μεῖναι
2558 5337 2652 5390 τοῦ
2709 5336 3078 5404 στρατοπέδου
3128 5337 3208 5396 εἰς
3248 5332 3486 5400 ἑϐδόμην
3519 5325 3726 5396 ἡμέραν

2166 5431 2418 5495 ἐπέταξε,
2451 5429 2530 5498 τῷ
2558 5429 2617 5482 δὲ
2643 5430 2864 5499 μεγάλῳ
2905 5430 3042 5498 ἱερεῖ
3081 5426 3398 5497 Ἐλεαζάρῳ
3453 5415 3728 5483 καθαίρειν

2165 5519 2365 5581 αὑτοὺς
2398 5517 2777 5588 παρεγγύησε,
2808 5517 3014 5583 δείξας,
3059 5513 3239 5587 οἶμαι,
3283 5515 3360 5577 ὡς
3407 5512 3456 5563 εί
3504 5507 3598 5561 καὶ
3643 5500 3726 5555 νό-

2167 5629 2324 5681 μιμοι
2379 5611 2437 5664 αἱ
2467 5609 2589 5664 κατ’
2619 5609 2833 5682 ἐχθρῶν
2881 5610 3112 5678 σφαγαὶ,
3163 5608 3279 5661 ἀλλ’
3307 5606 3336 5658 ὅ
3389 5619 3454 5672 γε
3509 5594 3723 5651 κτείνων

2165 5704 2473 5774 ἄνθρωπον,
2504 5707 2553 5756 εἱ
2589 5704 2682 5755 καὶ
2709 5703 2933 5764 δικαίως
2963 5702 3305 5770 ἀμυνόμενος
3333 5695 3428 5750 καὶ
3467 5686 3720 5762 βιασθεὶς.

2157 5799 2271 5870 ,κᾶν
2323 5795 2618 5848 ὁποιασοῦν
2668 5796 2744 5847 ὢν
2800 5795 3043 5867 τυγχάνῃ
3096 5794 3429 5865 θρησκείας,
3479 5785 3720 5842 ὑπαίτιος
