4028 6428
339 365 444 428 185

1325 371 1735 432 ΞΥΝΤΑΕΜᾹ
1776 373 2397 436 ALPHABETICUM.
2442 399 2510 408 -··
2547 373 2610 438 Φ.

3489 369 3598 441 186

335 476 477 532 εἶναι
503 479 651 533 δοκεῖ
676 481 766 534 διὰ
806 482 903 554 τὴν
927 485 1190 539 ἀνωτάτω
1218 487 1543 556 συγγένειαν
1576 491 1667 543 καὶ
1695 490 1902 560 κοινὴν,

2022 495 2300 560 exemplar
2350 503 2478 547 ante
2521 492 2714 546 oculoa
2763 507 3101 561 proponens,
3151 491 3244 561 qui
3286 492 3602 560 mquitatem

336 564 398 626 οὗ
427 574 585 643 χάριν
622 577 947 646 καθάρσεως
990 579 1176 649 ἐδέησε
1225 583 1334 644 τοῖς
1371 583 1614 636 κτείνασι.
1657 585 1748 636 καὶ
1786 585 1912 646 τοὺς

337 665 526 733 πόρῥω
556 665 812 730 ἀσεϐείας
861 668 1218 737 ἐληλακότας,
1272 672 1412 738 προς
1450 673 1775 742 ἀπαλλαγὴν
1815 673 1910 726 τοῦ

340 757 682 824 νομισθέντος
705 759 892 826 ἆγους.
923 761 1066 830 Πρὸς
1095 762 1273 815 τοίνυν
1297 763 1391 817 τὸν
1424 764 1589 831 νόμον
1612 763 1705 816 τοῦ
1741 765 1913 816 Πνεύ-

336 865 505 910 ματος
535 849 624 900 τὸν
653 850 776 901 νοῦν
809 851 932 904 ὅλον
956 853 1146 906 τείνων
1175 857 1201 906 ὁ
1234 854 1408 922 ᾶγιος,
1435 856 1530 909 καὶ
1557 858 1696 926 πρὶς
1727 857 1910 921 παρὰ-

335 938 534 1008 δειγμα
565 941 770 994 Μωσέα
805 941 1040 1012 βλέπων,
1085 945 1347 998 ὠδίνοντα
1383 947 1480 1016 μὲν
1529 946 1623 1000 τοῦ
1658 965 1908 1018 πνευμα-

336 1032 488 1084 τικοῦ
514 1032 676 1102 νόμου
706 1034 765 1084 τὸ
793 1033 1020 1100 δίκαιον,
1063 1039 1236 1106 μήπω
1261 1037 1320 1089 δὲ
1348 1039 1549 1101 τελέως
1601 1041 1908 1109 θαρροῦντι

334 1121 515 1174 δοῦναι
550 1122 727 1191 τούτῳ
776 1125 876 1196 τὴν
915 1128 1258 1197 παρρησίαν,
1307 1129 1399 1181 τοῦ
1438 1129 1634 1199 καιροῦ
1677 1132 1768 1182 καὶ
1801 1131 1909 1184 τῶν

2021 585 2153 653 legis
2181 584 2473 652 expressit,
2521 599 2698 653 neque
2748 595 2931 638 tamen
2978 600 3148 638 ausus
3188 594 3271 638 est
3302 585 3464 653 plene
3501 585 3606 653 ipsi

2019 678 2322 731 concedere
2347 679 2612 747 temporis
2645 690 2698 732 et
2731 695 2912 734 rerum
2939 677 3256 750 arbitrium)
3285 677 3461 732 caedes
3485 693 3608 746 qua:

2020 770 2074 822 in
2113 770 2257 822 bello
2303 770 2461 834 ﬁunt,
2499 787 2606 824 non
2637 781 2791 826 extra
2844 785 3068 842 pinnam
3112 787 3236 825 esse
3273 771 3467 833 voluit,
3509 786 3607 840 pro

2025 860 2364 914 discretione
2423 862 2544 930 ejus
2601 863 2690 932 qui
2758 864 2952 917 miscet
3004 864 3494 934 medicamentum,
3554 871 3607 915 et

2021 951 2389 1020 dispesitione
2417 954 2759 1021 recipientis,
2785 957 3038 1023 quamvis
3067 958 3132 1010 ad
3160 966 3368 1010 certmn
3393 967 3607 1025 tempus

2016 1041 2230 1094 videtur
2268 1043 2440 1111 culpae
2491 1044 2874 1098 remissionem
2914 1046 3177 1110 limitare,
3226 1047 3394 1101 siculi
3440 1049 3604 1100 etiam

2020 1133 2074 1186 in
2105 1135 2228 1188 aliis
2265 1136 2485 1190 delictis
2518 1137 2815 1205 prmeipere
2844 1139 3010 1192 solet.

334 1215 678 1284 πραγμάτων
705 1215 914 1287 ταύτην
947 1217 1022 1286 μὴ
1056 1220 1460 1290 προσιεμένων,
1510 1221 1632 1273 οὐδὲ
1684 1223 1812 1283 τοὺς
1863 1224 1920 1275 ἐν
1961 1223 2222 1294 πολέμοις
2260 1227 2456 1297 φόνους
2500 1229 2606 1292 ἔξω
2655 1229 2813 1299 δίκης
2865 1231 3090 1283 ἑστάναι
3152 1230 3386 1292 κελεύει,
3451 1230 3527 1294 ὼς
3570 1231 3604 1300 ἡ

336 1314 611 1380 ἐπίκρισις
644 1313 759 1385 ἔχει
793 1314 888 1366 τοῦ
913 1316 1275 1385 κεραννύντος
1325 1319 1396 1372 τά
1438 1320 1708 1389 φάρμακα
1742 1320 1836 1374 καὶ
1880 1321 1912 1391 ἡ
1951 1320 2193 1384 διάθεσις
2225 1323 2320 1376 τοῦ
2379 1325 2553 1378 ταῦτα
2577 1327 2972 1394 προσιεμένου,
3009 1329 3057 1378 εί
3089 1327 3183 1380 καὶ
3214 1329 3398 1396 ῥητοῖς
3457 1326 3609 1379 δοκεῖ

334 1404 546 1474 χρόνοις
597 1406 694 1474 τὴν
746 1404 842 1457 τοῦ
901 1405 1242 1476 πταίσματος
1297 1410 1623 1480 ἐπιμετρεῖν
1673 1410 1892 1478 ἄφεσιν,
1959 1411 2034 1477 ὡς
2067 1416 2161 1467 καὶ
2207 1416 2264 1467 ἐν
2293 1417 2406 1479 τοῖς
2437 1415 2620 1479 ἄλλοις
2655 1417 3055 1486 ἁμαρτήμασιν
3118 1417 3320 1488 ὁρᾶται
3383 1416 3606 1469 διατατ-

333 1502 577 1562 τόμενος.

407 1521 577 1566 μενος.

407 1594 512 1646 Καὶ
564 1595 655 1647 ἐπὶ
694 1595 785 1648 τοῦ
835 1595 1097 1666 βασιλέως
1131 1598 1189 1651 δὲ
1217 1597 1536 1668 Νικηφόρου
1563 1597 1660 1650 τοῦ
1702 1599 1869 1651 Φωκεῖ
1891 1637 1908 1664 ,

336 1681 391 1732 ἐν
419 1683 597 1753 καιρῷ
620 1685 685 1754 τῇ
728 1684 1024 1755 Ἐκκλησία
1055 1688 1122 1740 τὰ
1141 1686 1236 1740 τοῦ
1263 1689 1487 1751 κανόνος
1516 1689 1705 1756 γέγονε
1729 1689 1908 1742 τοῦδε.

347 1774 583 1833 Ἐκείνου
630 1778 739 1846 γὰρ
777 1778 1181 1847 ἀναγκάζοντος
1221 1780 1388 1850 νόμον
1430 1780 1619 1834 θέσθαι
1645 1782 1743 1850 τὴν
1789 1781 1912 1834 Ἐκ-

334 1868 586 1937 κλησίαν,
619 1872 747 1932 τοὺς
795 1871 1099 1932 πίπτοντας
1145 1873 1204 1923 ἐν
1251 1872 1510 1942 πολέμοις
1543 1873 1604 1937 ἐξ
1639 1873 1764 1943 ἴσης
1796 1875 1910 1936 τοῖς

330 1957 507 2024 ἁγίοις
548 1959 878 2029 πρεσϐεύειν
935 1961 1212 2031 μάρτυσι,
1267 1964 1364 2016 καὶ
1423 1962 1614 2032 ῶσπερ
1665 1962 1910 2024 ἐκείνους

2083 1597 2357 1654 Praeterea
2394 1599 2498 1652 sub
2523 1599 2854 1668 imperatore
2891 1596 3202 1666 Nicephoro
3258 1595 3369 1647 tilio
3411 1591 3609 1647 Pherae

2014 1690 2164 1745 utilis
2195 1688 2592 1744 eratEcclesize
2630 1689 2863 1756 hujusce
2903 1687 3137 1742 canonis
3165 1686 3470 1739 institutio.
3509 1684 3607 1736 Illo

2014 1782 2162 1838 enim
2194 1792 2428 1850 urgente
2472 1780 2802 1843 Ecclesiam,
2837 1790 2894 1833 ut
2922 1780 3288 1834 decernerent
3324 1777 3393 1829 iis
3425 1776 3516 1844 qui
3551 1775 3605 1827 in

2016 1870 2157 1925 bello
2221 1869 2384 1940 257
2444 1870 2712 1939 perierint
2745 1885 2904 1938 pares
2961 1871 3198 1923 honores
3232 1883 3356 1921 cum
3400 1867 3608 1920 sanctis

2016 1965 2375 2034 martyribus,
2395 1964 2659 2034 ipsosque
2681 1971 2940 2031 tanquam
2965 1961 3262 2016 memorias
3284 1972 3606 2031 martyrum,

333 2050 526 2121 ὕμνοις
550 2055 832 2124 γεραίρειν
860 2059 955 2110 καὶ
974 2057 1383 2128 πανηγύρεσιν,
1421 2059 1469 2111 οἱ
1490 2059 1613 2111 τότε
1645 2059 1746 2128 τῆς
1789 2059 1910 2111 Ἐκ-

2022 2056 2240 2126 hymnis
2294 2065 2350 2110 et
2392 2055 2840 2110 solemnitatibus
2870 2055 3251 2119 celebrarent;
3284 2054 3362 2108 illi
3395 2053 3488 2122 qui
3540 2067 3608 2106 eo

335 2145 560 2214 κλησίας
602 2145 1062 2218 προϐεὸλημένοι,
1119 2150 1242 2201 ἐπεὶ
1295 2149 1469 2202 πολλὰ
1517 2150 1769 2218 λέγοντες
1820 2149 1912 2202 τδν

339 2235 564 2306 βασιλέα
613 2236 712 2288 οὐκ
743 2237 962 2290 ἔπειθον
997 2237 1074 2308 μὴ
1111 2238 1260 2291 ὅσιον
1322 2234 1466 2292 εἶναι
1529 2238 1910 2306 τούπίταγμα,

332 2329 692 2392 τελευτῶντες
720 2329 799 2398 τῷ
827 2333 1006 2383 κανόνι
1053 2331 1232 2402 τούτῳ
1268 2332 1595 2401 ἐχρήσαντο,
1635 2331 1759 2392 Πῶς
1801 2323 1911 2380 οἷόν

332 2437 414 2481 τε,
443 2420 696 2490 φάμενοι,
719 2424 842 2482 τοὺς
874 2423 932 2473 ἐν
963 2423 1222 2491 πολέμοις
1251 2423 1516 2484 πεσόντας
1553 2420 1910 2490 συναριθμεῖν

333 2513 445 2572 τοῖς
479 2513 765 2583 μάρτυσιν,
795 2509 939 2574 οὒςὸ
974 2514 1148 2583 μέγας
1190 2515 1496 2575 Βασίλειος,
1527 2511 1602 2573 ὡς
1655 2513 1757 2572 τὰς
1801 2512 1914 2580 χεῖ-

339 2619 438 2672 ρας
489 2603 565 2673 μὴ
595 2603 892 2673 καθαροὺς,
938 2605 1046 2657 τῶν
1104 2605 1470 2672 ἀγιασμάτων
1522 2608 1614 2656 ἐπὶ
1669 2606 1912 2669 τριετίαν

334 2696 563 2765 ἀπεῖρξε
583 2713 598 2728 ο
627 2699 721 2750 καὶ
744 2698 887 2751 οὕτω
911 2698 1008 2770 τὴν
1040 2700 1130 2752 τοῦ
1159 2700 1426 2770 βασιλέως
1454 2701 1574 2769 βίαν
1604 2701 1914 2753 ἀπεσκευά-

337 2806 521 2858 σανεο.
551 2791 833 2860 Διαφόρων
863 2791 920 2845 δέ
966 2793 1156 2862 ἱερέων
1197 2795 1293 2846 καὶ
1323 2793 1638 2846 ἐπισκόπων
1684 2794 1778 2844 ἐπὶ
1810 2793 1906 2861 τῆς

333 2884 558 2937 συνόδου
583 2884 1164 2954 ἐξομολόγησαμένων.
1188 2886 1470 2956 πολεμίοις
1495 2887 1905 2955 συμπλακῆναι,

334 2975 433 3028 καὶ
465 2975 691 3038 πολλοὺς
738 2977 798 3042 ἐξ
855 2977 1041 3030 αὐτῶν
1089 2979 1321 3039 ἀνελεῖν,
1375 2979 1407 3046 ὴ
1467 2977 1586 3045 ἱερὰ
1639 2978 1737 3029 καὶ
1787 2976 1908 3030 Θεία

337 3063 553 3126 σύνοδος
577 3065 654 3134 τῷ
687 3065 780 3119 τοῦ
823 3067 982 3134 ἁγίου
1012 3067 1207 3121 τούτου
1241 3070 1424 3121 κανόνι
1452 3069 1546 3121 καὶ
1573 3067 1650 3136 τῷ
1681 3075 1754 3120 νε¹
1785 3067 1911 3120 ἐπό⁸

339 3173 514 3225 μενοι,
537 3155 595 3209 ὃν
627 3158 723 3212 καὶ
762 3159 913 3229 ζήτει
957 3161 1014 3212 ἐν
1053 3159 1131 3229 τῷ
1162 3167 1202 3214 ε’
1229 3177 1356 3228 κεφ.
1389 3159 1484 3214 τοῦ
1531 3161 1573 3214 Λ
1618 3159 1906 3229 στοιχείου,

333 3250 722 3320 ἀναλεγόμενοι
769 3254 863 3306 καὶ
916 3254 1015 3306 ὃσα
1062 3256 1127 3324 τῇ
1165 3253 1286 3326 θείᾳ
1346 3254 1538 3325 Γραφῇ
1572 3254 1905 3324 διείληπται,

2018 2158 2261 2215 tempore
2289 2144 2550 2200 Ecclesiae
2579 2144 2942 2215 praefuerunt.
2982 2160 3105 2200 cum
3141 2144 3316 2197 multo
3353 2155 3610 2196 sermone

2019 2239 2354 2308 imperatori
2402 2241 2629 2292 minime
2682 2239 3017 2306 persuadere
3084 2245 3336 2307 poterant
3383 2237 3605 2306 jussum

2019 2334 2194 2402 ipsius
2237 2332 2379 2386 haud
2426 2331 2574 2399 pium
2618 2331 2807 2394 fuisse,
2864 2331 3082 2384 tandem
3121 2329 3226 2384 hoc
3267 2343 3482 2383 canone
3523 2328 3606 2383 usi

2017 2433 2169 2488 sunt,
2205 2422 2524 2491 Equumne
2558 2437 2682 2476 esse
2733 2423 2935 2492 possit,
2981 2420 3253 2483 dicentes,
3295 2434 3392 2474 eos
3423 2420 3514 2488 qui
3553 2419 3608 2473 in

2018 2516 2164 2570 bello
2197 2515 2523 2577 ceciderint,
2567 2528 2690 2567 cum
2735 2512 3073 2583 martyribus
3134 2527 3243 2566 una
3291 2525 3609 2575 recensere,

2015 2622 2156 2678 quos
2194 2621 2426 2677 magnus
2463 2605 2724 2668 Basilius,
2753 2613 3019 2674 tanquam
3058 2603 3608 2672 manibnsimpuros,

2016 2716 2044 2753 a
2077 2700 2259 2753 sacris
2298 2699 2576 2770 mysteriis
2624 2713 2721 2767 per
2767 2697 3074 2752 triennium
3121 2694 3402 2750 exclusit?
3436 2706 3604 2765 atque

2015 2792 2120 2847 hoc
2149 2793 2313 2846 modo
2345 2792 2693 2860 imperatoris
2744 2791 3007 2845 ferociam
3041 2789 3253 2842 amoliti
3283 2799 3432 2842 sunt.
3464 2788 3603 2844 Cum

2020 2893 2206 2941 autem
2252 2885 2411 2940 multi
2455 2883 2777 2940 sacerdotes
2813 2891 2866 2939 et
2896 2882 3141 2952 epist-Opi
3201 2883 3609 2937 conﬁterentur

2014 2982 2157 3049 apud
2185 2980 2458 3052 synodum
2499 2996 2557 3036 se
2590 2995 2716 3034 cum
2758 2981 2916 3034 hoste
2949 2993 3281 3050 congressos
3319 2977 3514 3038 fuisse,
3551 2984 3611 3030 et

2017 3076 2222 3130 multos
2262 3089 2330 3128 ex
2383 3074 2492 3129 illis
2540 3072 2915 3136 interfecisse,
2971 3084 3160 3126 sancta
3194 3081 3249 3126 et
3287 3070 3603 3126 veneranda

2017 3166 2268 3234 synodus
2320 3165 2626 3233 procedens
2665 3165 2823 3234 juxta
2859 3164 3091 3233 hujusce
3137 3161 3238 3216 viri
3275 3163 3450 3217 sancti
3475 3178 3604 3218 can.

2016 3259 2210 3322 istum,
2263 3267 2429 3327 atque
2465 3259 2631 3312 etiam
2677 3259 2768 3322 55,
2806 3273 2967 3326 quem
3011 3257 3134 3311 vide
3176 3258 3228 3310 in
3274 3271 3398 3325 cap.
3432 3255 3465 3309 5
3499 3255 3605 3309 litt.

333 3342 433 3410 τῆς
453 3343 795 3412 λειτουργίας
827 3344 1023 3408 αὐτοὺς
1069 3345 1326 3398 ἐκέλευσε
1356 3344 1694 3408 παύσασθαι,
1725 3347 1774 3397 εί
1811 3347 1908 3398 καὶ

2022 3353 2082 3415 Λ,
2128 3359 2182 3404 et
2230 3352 2528 3404 recitantes
2589 3365 2936 3418 quascunque
2987 3350 3040 3403 in
3100 3364 3258 3403 sacra
3316 3348 3605 3418 Scriptura

335 3433 484 3499 ἔνιοι,
535 3435 642 3488 τῶν
694 3435 788 3488 τοῦ
832 3437 1227 3507 στρατιωτικοῦ
1268 3438 1576 3506 καταλόγου
1630 3438 1897 3507 μάλιστα,

335 3526 539 3588 τούτοις
583 3528 683 3581 οὐκ
741 3529 999 3584 ἐτίθεντο.
1052 3528 1216 3599 Ζήτει
1262 3531 1355 3584 καὶ
1404 3531 1463 3583 τὶ
1494 3528 1540 3596 ζ’
1568 3547 1691 3601 κεφ,
1730 3529 1823 3583 τοῦ
1859 3531 1902 3582 Δ

344 3622 623 3691 στοιχείου.

408 3733 660 3788 ΚΕΦΛΛ.
711 3732 793 3806 H'.
823 3735 966 3804 Περὶ
1005 3735 1125 3790 τῶν
1158 3736 1556 3806 φονευουσῶν
1599 3736 1906 3806 γυναικῶν

705 3805 803 3859 διὰ
827 3807 1155 3875 φαρμάκων
1179 3805 1252 3860 τὰ
1283 3808 1530 3875 ἔμϐρυα.

401 3894 560 3965 Ζὴτει
597 3894 656 3947 τὸ
678 3893 766 3964 κη’
810 3897 906 3949 καὶ
933 3898 993 3950 τὸ
1023 3898 1103 3950 κθ’
1130 3915 1254 3966 κεφ.
1293 3897 1386 3951 τοῦ
1417 3899 1457 3950 Γ
1486 3897 1780 3968 στοιχείου,
1809 3897 1904 3951 καὶ

333 3988 387 4040 ἐν
417 3987 492 4057 τῷ
523 3985 566 4038 θ’
589 4003 712 4052 κεφ.
749 3984 841 4039 τοῦ
879 3985 1044 4040 αὐτοῦ
1077 3989 1340 4057 στοιχείου
1375 3988 1575 4043 κανόνα
1605 3986 1680 4041 κε’
1704 3991 1801 4060 τῆς
1848 3991 1904 4044 ἐν

342 4077 585 4148 Ἀγκύρῃ.
611 4077 848 4131 συνόδου.
886 4079 1009 4130 Ἐτι
1057 4081 1184 4149 περὶ
1232 4080 1408 4148 φόνων
1459 4082 1754 4145 ἀκουσίων,
1809 4082 1904 4134 καὶ

328 4170 458 4240 περὶ
478 4170 584 4222 τῶν
616 4169 1024 4238 ἀποπνιγέντων
1067 4171 1276 4240 νηπίων
1327 4173 1745 4244 πορακειμένων
1793 4175 1906 4238 τοῖς

329 4261 574 4330 γονεῦσιν
599 4262 797 4317 αὐτῶν.

396 4350 488 4402 Ἐν
522 4353 631 4412 τοῖς
651 4349 926 4414 ἀκουσίοις
947 4349 1003 4403 δὲ
1025 4351 1206 4420 φόνοις
1232 4352 1408 4405 ἐκεῖνο
1441 4355 1707 4424 κρίνεται,
1743 4353 1908 4425 ἡνίκα

329 4440 435 4492 τῶν
455 4441 670 4511 βρεφῶν
705 4441 843 4508 ἔνια,
870 4443 1034 4512 μέσον
1066 4443 1295 4513 κείμενα
1321 4445 1515 4506 νυκτὸς
1548 4446 1656 4499 τῶν
1680 4448 1903 4514 γονέων,

331 4533 393 4584 ἐκ
421 4532 690 4604 ῥᾳθυμίας
715 4535 914 4600 αὐτῶν,
948 4535 980 4604 ἤ
1016 4535 1175 4606 μέθη,
1211 4535 1243 4605 ἢ
1278 4538 1513 4606 γαστρὸς
1557 4540 1704 4607 κόρῳ
1735 4537 1909 4610 βαρυ-

331 4625 587 4692 νομένων,
631 4625 724 4677 καὶ
757 4626 1107 4693 ἐμπεσόντων
1141 4615 1344 4690 αὐτοῖς,
1379 4629 1655 4699 ἀποπνιγῇ
1687 4645 1702 4659 ο
1729 4629 1778 4682 οἳ
1813 4629 1909 4682 καὶ

2015 3441 2116 3493 hac
2171 3440 2239 3495 de
2285 3455 2344 3494 re
2390 3440 2772 3502 continentur,
2833 3455 2930 3496 eos
2997 3440 3063 3494 ab
3108 3439 3286 3495 ollicio
3334 3439 3611 3498 desistera

2001 3533 2201 3601 jussit,
2242 3533 2556 3602 prmsertim
2597 3531 2642 3584 si
2675 3532 2846 3600 aliqui
2890 3547 2954 3585 ex
2992 3531 3189 3585 ordine
3234 3529 3460 3584 militari
3494 3529 3603 3584 hoc

2005 3624 2141 3693 ipsis
2179 3624 2319 3676 haud
2346 3630 2667 3691 posuerant.
2704 3621 2839 3676 Vide
2863 3631 2917 3676 et
2950 3637 3071 3691 cap.
3105 3621 3154 3674 7.
3190 3622 3298 3674 litt.
3329 3622 3395 3674 A.

2005 3737 2158 3794 CAP.
2192 3735 2422 3791 Vill.De
2472 3735 2786 3788 mulieribus
2835 3752 2954 3804 qua:
3001 3735 3407 3790 medicamentis
3461 3737 3604 3802 [eius

2615 3823 2738 3858 SUOS
2760 3817 3002 3860 enecant.

2078 3899 2215 3956 Vide
2233 3904 2411 3972 capita
2435 3901 2508 3956 23
2535 3912 2587 3955 et
2627 3899 2698 3956 29
2733 3900 2841 3953 litt.
2877 3900 3011 3966 I‘,et
3053 3899 3109 3953 in
3139 3914 3262 3968 cap.
3289 3898 3322 3953 9
3352 3897 3600 3962 eiusdem

2007 3992 2264 4046 elementi
2307 4006 2576 4045 cauonem
2614 3990 2686 4044 ‘25
2723 3989 2927 4060 synodi
2962 3989 3165 4059 Ancyr.
3205 4005 3219 4053 ;
3252 3988 3504 4056 insuper,
3532 3987 3602 4042 de

2007 4081 2248 4136 caedibus
2283 4081 2691 4146 involuntariis,
2726 4081 2878 4136 etde
2933 4079 3236 4134 infantibus
3290 4078 3383 4148 qui
3439 4076 3599 4145 juxta

2012 4185 2276 4242 parentes
2308 4187 2441 4227 suos
2483 4172 2755 4227 cubantes
2782 4169 3147 4227 suﬂ‘ocantur.

2081 4348 2472 4404 lnvoluntariis
2499 4348 2658 4401 etiam
2717 4343 3189 4400 homicidiisillud
3248 4348 3599 4404 accensclttr,

2011 4457 2132 4498 cum
2160 4441 2397 4494 infantes
2424 4439 2592 4508 aliqui
2631 4445 2796 4491 noctu
2849 4440 2992 4490 inter
3029 4446 3284 4507 parentes
3325 4452 3455 4490 suos
3511 4434 3600 4504 ja-

2011 4545 2220 4598 centes,
2248 4547 2361 4602 prae
2418 4531 2751 4600 negligentia
2813 4529 3029 4582 illorum
3080 4537 3176 4582 aut
3225 4528 3452 4597 crapula
3504 4535 3601 4580 aut

2013 4625 2236 4694 impleto
2266 4630 2457 4678 ventre
2481 4632 2855 4691 gravatorutn,
2881 4630 2933 4674 et
2957 4621 3012 4673 in
3047 4619 3196 4690 ipsos
3229 4618 3592 4674 incidentium
3668 4677 3686 4688 ’

330 4719 425 4789 τὴν
454 4719 744 4775 ἑπταετίαν
779 4720 1096 4789 φυλάξουσι,
1125 4719 1435 4793 ξηροφαγία
1464 4722 1519 4774 δὲ
1550 4723 1644 4775 καὶ
1665 4725 1907 4790 γονάτων

2022 4717 2380 4772 suﬂocantur.
2417 4712 2483 4768 Hi
2517 4713 2738 4782 quidem
2802 4714 3155 4783 septennium
3198 4713 3603 4775 ohservahunt,

333 4812 538 4865 κλίσεσι
567 4811 625 4864 τὸ
648 4812 802 4865 Θεϊον
830 4813 1215 4882 ἐξιλεούμενοι,
1245 4813 1510 4884 κλαυθμῷ
1545 4818 1636 4869 καὶ
1666 4819 1732 4888 τῇ
1766 4818 1908 4871 κατά

331 4903 557 4972 δύναμιν
581 4905 914 4976 ἐλεημοσύνη
949 4906 1310 4974 ύποτέμνουσι
1368 4907 1463 4960 καὶ
1493 4908 1618 4970 τοὺς
1666 4908 1912 4977 ὁρισθέν-

330 5011 426 5058 τας
450 4999 692 5064 χρόνους,
733 4996 1062 5069 συγγνώμην
1104 4996 1320 5067 ἔχοντες
1364 4998 1460 5052 καὶ
1509 5001 1577 5070 τῇ
1627 4999 1912 5070 ἀνηκέστῳ

330 5087 600 5157 ληφθῆναι
625 5091 903 5160 συμφορᾷ.

397 5177 522 5231 ΕΞδ⁹
548 5178 608 5246 ἐξ
639 5179 931 5246 ἐπιϐουλῆς
960 5180 1054 5234 τοῦ
1091 5182 1469 5252 ἀντικειμένου
1521 5183 1706 5250 σαφῶς
1754 5183 1915 5237 τοῦτο

336 5268 553 5338 συνέϐη,
605 5269 770 5340 μηδὲν
790 5271 897 5324 τῶν
919 5273 1122 5341 γονέων
1153 5275 1513 5337 ἐπταικότων,
1547 5275 1597 5326 εί
1646 5275 1744 5326 καὶ
1784 5291 1916 5342 συγτ-

332 5360 554 5428 γνώμης
583 5361 643 5414 τὸ
679 5360 894 5430 συμϐὰν
921 5361 1093 5429 ἄξιον,
1123 5364 1241 5417 ἀλλ’
1261 5360 1354 5418 οὗν
1408 5367 1503 5418 καὶ
1557 5367 1797 5436 μετρίων
1833 5368 1916 5422 δεῖ

332 5452 438 5502 τῶν
466 5453 777 5521 ἐπιτιμίων.
807 5455 992 5508 Ἔοικε
1015 5458 1123 5524 γὰρ
1151 5457 1218 5509 δι’
1242 5457 1404 5527 ἓτερά
1426 5475 1546 5510 τινα
1569 5459 1914 5528 ἀμετανόητα

330 5543 642 5614 πταίσματα
711 5533 812 5613 τὴν
885 5547 1268 5617 ἐγκατάλειψιν
1340 5549 1568 5616 ταυτηνὶ
1621 5551 1904 5618 γεγονέίαι

332 5637 477 5705 παρά
506 5635 598 5688 τοῦ
625 5635 992 5705 φυλάσσοντος
1027 5638 1234 5708 Κυρίου
1267 5639 1336 5691 τά
1362 5639 1552 5708 νήπια.
1607 5657 1626 5691 ι
1652 5641 1743 5710 Μὴ
1772 5639 1914 5711 δῴης

331 5731 460 5797 γὰρ,
483 5731 666 5798 φησιν,
697 5731 776 5791 είς
820 5729 982 5782 σάλον
1007 5731 1100 5784 τὸν
1133 5731 1271 5785 πόδα
1304 5748 1423 5798 σου,
1449 5734 1541 5785 καὶ
1566 5732 1627 5785 οὐ
1660 5732 1911 5796 νυστὰξει

333 5821 361 5871 ὸ
395 5817 678 5878 φυλάσσων
705 5835 762 5871 σε
785 5820 1040 5882 ἅγγελος.
1077 5841 1096 5874 ι

2011 4810 2154 4864 cibis
2177 4809 2345 4862 aridis
2366 4815 2421 4860 ct
2453 4805 2836 4876 genuﬂexione
2873 4805 3040 4858 Deum
3075 4805 3381 4873 placantes,
3407 4803 3503 4859 sed
3545 4812 3603 4858 ct

2014 4902 2164 4956 luctu
2194 4908 2242 4953 et
2292 4913 2391 4967 pro
2448 4895 2803 4951 facultatibus
2877 4896 3226 4966 cleemosyna
3296 4895 3607 4965 praecidunt

2012 4994 2352 5065 pratstitutos
2376 5003 2553 5043 annos
2581 4988 2798 5042 veniam
2837 4997 3265 5058 consequentes,
3305 4988 3437 5059 quia
3469 4989 3609 5043 irrec

2015 5083 2292 5139 mediabili
2318 5081 2459 5137 malo
2477 5089 2760 5136 tenentur.

2091 5175 2188 5230 Sin
2230 5189 2362 5231 vero
2399 5189 2467 5228 ex
2502 5172 2716 5228 insidiis
2782 5171 3088 5228 adversarii
3149 5172 3253 5228 hoc
3302 5171 3606 5241 contigisse

2022 5277 2256 5334 coiistet,
2292 5267 2614 5338 parentibus
2640 5266 2776 5320 nihil
2805 5268 3187 5337 peccantibus,
3221 5270 3478 5338 quamvis
3513 5281 3610 5324 ca-

2021 5377 2117 5418 sus
2147 5362 2252 5417 iste
2285 5359 2500 5416 veniam
2533 5366 2833 5418 mereatur.
2868 5359 3165 5414 mediocris
3223 5369 3407 5413 tamen
3436 5375 3600 5429 ptena

2022 5455 2364 5509 intercedere
2393 5453 2576 5508 debet.
2610 5451 2745 5507 Nam
2789 5453 3074 5521 probabile
3107 5462 3194 5507 est
3225 5460 3446 5522 propter
3475 5453 3603 5517 alia,

2026 5559 2260 5614 quorum
2288 5543 2532 5598 nondmn
2572 5550 2802 5609 egerunt
2835 5542 3238 5612 paenitentiam,
3272 5543 3409 5596 hanc
3441 5542 3600 5596 dere-

2020 5635 2308 5690 lictionem
2343 5649 2374 5688 a
2405 5633 2640 5688 Domino
2669 5635 2764 5704 qui
2791 5634 3039 5690 custodit
3077 5633 3320 5688 infantes
3381 5637 3599 5689 immis-

2016 5745 2158 5783 sarn.
2196 5727 2336 5781 Dicit
2369 5729 2514 5782 enim
2551 5744 2567 5780 :
2604 5725 2754 5782 «Non
2789 5729 2885 5782 des
2935 5729 2990 5780 in
3021 5726 3444 5781 commotionem
3501 5743 3598 5798 pe-

2016 5821 2138 5877 dem
2162 5831 2338 5888 tuum,
2365 5836 2538 5890 neque
2557 5821 2816 5877 dormitet
2838 5820 3066 5890 angelus
3087 5820 3182 5885 qui
3214 5831 3265 5874 te
3289 5822 3549 5876 comedit.
3567 5840 3587 5873 ι
