4028 6438
441 356 542 422 187

1649 364 2015 424 ΜΛΤΤΗ.·Ε[
2057 365 2478 430 BLASTARIS

3574 378 3668 444 188

510 471 564 523 Si
600 486 727 526 vero
757 470 1058 529 auﬂ‘ocetur
1088 473 1234 531 fetus
1269 484 1562 543 antequam
1594 475 1768 530 lucem
1803 477 2004 540 videat,

2183 480 2244 532 Εἰ
2271 479 2324 531 δὲ
2352 480 2444 533 καὶ
2474 477 2779 547 ἀφώτιστον
2807 479 2869 533 δν
2909 481 3185 553 ἀπεπνίγη
3225 485 3283 536 τὸ
3312 485 3528 554 βρέφος,
3564 489 3674 542 ἔπι-

443 575 640 632 przetcr
679 581 870 635 poenas
931 567 1098 622 etiam
1156 568 1298 639 exigi
1356 575 1634 637 oporteta
1694 570 2015 638 parentibus

2139 570 2388 623 τείνεσθαι
2421 570 2501 623 δεῖ
2531 574 2644 634 τοῖς
2669 573 2886 640 γονεῦσι
2919 575 3058 643 μετὰ
3095 574 3206 627 τῶν
3257 577 3542 646 ἐπιτιμίων
3586 582 3672 634 καὶ

439 657 685 713 ofﬁcium
725 659 1107 732 eleemosynaz.

1124 775 1310 848 Leges.

519 886 882 944 Homicidium
912 905 942 944 a
969 891 1254 948 voluntate
1292 894 1623 957 animatur.
1657 911 1723 949 an
1760 898 2019 964 proposi-

446 985 560 1030 tum
590 979 690 1047 ipsi
720 978 883 1034 fuerit
916 981 1191 1036 hominem
1251 985 1521 1049 occidere,
1567 1001 1636 1040 an
1670 1001 1800 1054 non.
1864 983 2021 1040 Unde

446 1072 528 1136 iit,
556 1079 616 1123 ut
649 1073 694 1126 is
717 1073 806 1140 qni
841 1073 1117 1127 hominem
1151 1077 1408 1144 percutit,
1435 1092 1545 1130 non
1575 1086 1756 1130 tamen
1792 1077 2016 1140 occidit,

447 1179 844 1232 nonnunquam
880 1173 1143 1236 tanquam
1195 1169 1468 1223 homicida
1523 1173 1807 1240 puniatur,
1843 1181 1897 1225 et
1933 1171 2023 1226 ille

446 1255 541 1322 qui
573 1258 796 1321 occidit,
821 1273 945 1312 eum
975 1263 1261 1315 veri-crare
1290 1263 1460 1317 solum
1481 1263 1673 1328 voluit,
1704 1279 1808 1316 non
1831 1263 2022 1330 punia-

449 1352 540 1398 tur
573 1359 631 1401 ut
656 1348 953 1404 homicida.
1003 1349 1235 1405 Intentio
1265 1362 1446 1406 autem
1505 1355 1666 1407 animi
1699 1369 1762 1407 ex
1825 1354 2027 1408 instru-

451 1444 639 1490 mento
684 1439 1020 1494 verberantis
1086 1451 1386 1510 spectatur.
1433 1441 1601 1497 Poena
1650 1443 1703 1498 in
1761 1443 2022 1498 sicarium

455 1529 829 1585 honestiorem
855 1544 935 1586 est
977 1533 1308 1601 deportatio.
1361 1536 1479 1590 sive
1536 1536 1695 1604 plena
1756 1536 2024 1590 honorum

453 1619 782 1689 publicatio.
813 1621 871 1676 ln
910 1624 1130 1680 viliores
1172 1640 1322 1688 vero,
1372 1627 1552 1696 gladio
1588 1637 1641 1680 et
1673 1627 1862 1680 bestiis
1895 1627 2028 1681 sub-

378 1770 380 1772 ν
453 1711 546 1779 jiei
579 1711 747 1766 :etin
779 1728 873 1768 eos
906 1715 999 1783 qui
1031 1731 1095 1769 ex
1127 1715 1348 1770 lascivia
1379 1728 1432 1770 et
1459 1717 1671 1770 incuria
1741 1719 2024 1781 occidunt,

2121 661 2180 714 τὺ
2210 663 2340 731 περὶ
2362 663 2460 733 τὴν
2493 663 2863 734 ἐλεημοσύνην
2895 666 3203 736 φιλότιμον.

2813 778 3016 845 Νόμοι.

2207 887 2265 941 '0
2290 889 2448 957 φόνος
2476 889 2582 942 ἀπὸ
2616 890 2911 954 διαθέσεως
2941 893 3244 958 σκοπεῖται,
3275 893 3323 946 εί
3348 893 3542 946 σκοπὸν
3565 892 3679 963 ἔσχε

2126 979 2380 1047 φονεῦσαι
2409 979 2523 1050 ἢοῠ
2559 997 2572 1012 ·
2609 982 2729 1035 ὅθεν
2753 982 2901 1035 ἔστιν
2935 985 3137 1051 εὑρεῖν,
3165 985 3244 1038 ὅτι
3279 985 3373 1037 καὶ⁵
3403 986 3430 1036 6
3464 985 3679 1053 πλήξας,

2127 1071 2202 1140 μὴ
2239 1071 2503 1138 φονεύσας
2527 1073 2602 1137 δὲ,
2638 1074 2713 1136 ὡς
2744 1074 2940 1139 φονεὺς
2979 1077 3301 1144 τιμωρεῖται
3334 1092 3348 1106 ⁸
3385 1078 3475 1128 καὶ
3525 1079 3552 1129 6
3594 1093 3684 1143 φο-

2125 1162 2344 1224 νεύσας,
2367 1163 2416 1215 ει
2453 1164 2611 1232 μόνον
2644 1163 2877 1234 ἠθέλησε
2902 1165 3122 1235 πλῆξαι,
3160 1168 3220 1220 οὐ
3254 1169 3571 1237 τιμωρεῖται
3616 1166 3686 1232 ὼς

2127 1253 2352 1321 φονεύς·
2381 1256 2411 1325 ἡ
2442 1255 2498 1308 δὲ
2535 1256 2753 1325 τοιαύτη
2815 1256 3055 1321 διάθεσις
3109 1259 3215 1310 ἀπὸ
3262 1257 3355 1312 τοῦ
3403 1256 3685 1327 πλήξαντος

2127 1345 2359 1414 ὀργάνου
2389 1350 2693 1401 σκοπεῖται.
2719 1349 2828 1400 Καὶ
2848 1349 2963 1401 ἔστι
2989 1349 3082 1402 τοῦ
3117 1350 3215 1419 μὲν
3267 1351 3512 1403 ἑκουσίου
3539 1349 3688 1411 φόνου

2127 1439 2388 1508 τιμωρία,
2431 1440 2522 1490 ἐπὶ
2570 1438 2670 1507 μὲν
2725 1439 2943 1509 ἐντίμου
3003 1442 3381 1510 φονεύσαντος,
3436 1442 3688 1509 δεπορτα-

2128 1531 2280 1596 τίων,
2317 1532 2434 1600 ἦτοι
2459 1529 2637 1582 τελεία
2670 1531 2931 1600 δήμευσις
2967 1548 2981 1563 ο
3010 1534 3100 1585 ἐπὶ
3122 1533 3178 1586 δὲ
3211 1533 3320 1587 τῶν
3359 1532 3608 1593 εὐτελῶν,
3636 1529 3691 1580 τδ

2132 1621 2277 1690 ξίφει
2318 1623 2414 1675 καὶ
2441 1623 2650 1692 θηρίοις
2709 1623 3083 1692 ὑποϐληθῆναι
3114 1639 3130 1656 ⁸
3179 1627 3272 1679 ἐπὶ
3305 1627 3362 1678 δὲ
3424 1623 3515 1677 τοῦ
3559 1620 3690 1673 κατὰ

2135 1714 2442 1784 βλακείανῆ
2475 1716 2734 1784 ἀμέλειαν
2765 1717 3143 1785 φονεύσαντος,
3173 1715 3468 1786 πενταετὴς
3500 1712 3690 1782 ἐξορίαο

453 1801 885 1871 quinquennalis
925 1806 1204 1877 relegatio.
1229 1807 1604 1863 involuntario
1649 1817 1829 1863 autem
1872 1811 2026 1865 venia

2139 1805 2225 1858 ἐπὶ
2255 1805 2310 1858 δὲ
2336 1805 2429 1859 τοῦ
2458 1807 2711 1860 ἀκουσίου
2742 1807 3040 1878 συγγνώμη
3059 1810 3290 1863 δέδοται.

454 1893 800 1948 conceditur.

527 1982 637 2038 Lex
668 1984 734 2039 de
771 1987 1198 2042 sicarilsdolum
1249 1990 1451 2043 malum
1503 1991 1754 2061 requirit,
1807 2001 1862 2047 et
1921 2005 2030 2045 non

455 2089 704 2142 magnam
732 2077 1136 2147 negligentiam:
1173 2080 1317 2134 unde
1348 2081 1392 2134 si
1427 2082 1554 2152 quis
1589 2082 1831 2151 ipsorum
1853 2099 1915 2138 ex
1944 2098 2034 2137 su-

452 2163 607 2218 blimi
637 2165 868 2235 lapidem
910 2171 1223 2240 projecerit,
1253 2183 1346 2227 aut
1395 2189 1608 2229 ramum
1643 2177 1882 2240 arboris,
1945 2184 2031 2228 at-

453 2271 562 2326 que
581 2259 892 2328 quempiam
924 2264 1210 2327 occiderit,
1248 2282 1357 2320 non
1409 2275 1627 2322 tenetur
1661 2270 1779 2339 lege
1841 2277 2034 2323 contra

457 2364 715 2405 SlCﬂl‘lOS.

533 2443 699 2512 258
748 2441 860 2499 Nec
900 2445 1109 2512 infans,
1183 2447 1284 2502 hoc
1335 2457 1442 2514 est,
1497 2462 1703 2520 septem
1763 2465 2031 2506 annorum

456 2547 617 2602 puer,
653 2550 754 2589 nec
776 2534 1020 2591 furiosus
1035 2539 1199 2594 caedis
1243 2552 1370 2594 reus
1399 2539 1514 2610 lege
1543 2543 1610 2597 de
1637 2540 1928 2597 homicidis
1955 2550 2036 2596 te-

459 2631 645 2678 netur.

531 2714 636 2782 Qui
689 2716 851 2772 alicui
908 2720 1133 2776 mandat
1185 2731 1245 2777 ut
1289 2722 1605 2792 interficiat,
1658 2731 1720 2779 ut
1764 2724 2035 2780 homicida

461 2803 778 2863 damnatur.

531 2896 591 2950 lu
622 2900 879 2954 omnibus
905 2899 1229 2959 criminibus
1276 2903 1556 2975 inquirere
1613 2916 1851 2977 oportet,
1876 2923 1944 2963 an
1972 2925 2039 2964 ex

465 2992 772 3060 proposito,
807 3008 874 3047 an
941 2995 1177 3049 fortuito
1238 2998 1362 3067 quis
1428 3002 1747 3069 patraverit,
1797 3002 2042 3071 adeoque

465 3081 553 3136 vel
583 3083 738 3150 juxta
761 3083 998 3153 rigorem
1033 3085 1188 3158 legis,
1219 3090 1304 3145 vel
1353 3091 1539 3146 mitius
1601 3107 1728 3146 eum
1782 3092 2034 3161 piectere.

541 3176 644 3241 Qui
673 3177 908 3245 aliquem
943 3195 1169 3235 suorum
1202 3195 1558 3253 cognatorum
1614 3187 1698 3241 vel
1737 3187 2040 3242 ascendeu-
2067 3153 2110 3213 α

468 3268 608 3322 tium
633 3271 722 3324 vel
753 3273 1206 3327 descendentium
1249 3277 1558 3342 sustulerit,
1609 3277 1718 3348 igni
1784 3279 2042 3334 traditur.

539 3355 642 3426 Qui
678 3375 1052 3430 aggressorem
1086 3363 1155 3418 de
1190 3367 1295 3421 vita
1337 3353 1782 3438 sua'perielitans
1817 3370 2046 3426 interfeo

466 3454 625 3519 cerit,
659 3463 811 3508 extra
847 3470 1042 3510 noxam
1070 3465 1176 3512 est.

539 3545 596 3601 Si
656 3548 780 3616 quis
824 3554 985 3602 noctu
1050 3548 1326 3604 furantem
1387 3549 1753 3616 interfecerit.
1806 3557 2046 3625 impunis

2214 1983 2272 2038 '0
2299 1985 2429 2054 περὶ
2468 1983 2806 2055 ἀνδροφόνων
2830 1984 2995 2054 νόμος
3029 1983 3180 2039 δόλον
3207 1984 3485 2054 ἐπιζητεῖ,
3528 1979 3615 2033 καὶ
3640 1979 3695 2030 οὔ

2137 2076 2380 2146 μεγάλην
2401 2075 2661 2146 ἀμέλειαν
2690 2091 2706 2106 ·
2745 2075 2868 2129 ὅθεν
2921 2074 3014 2128 ἐάν
3069 2093 3152 2140 τις
3199 2077 3381 2130 αὐτῶν
3430 2072 3489 2138 ἐξ
3541 2071 3697 2140 ὕψους

2137 2169 2300 2240 ῥίψας
2327 2170 2360 2240 ἢ
2409 2166 2578 2232 λίθον,
2606 2167 2638 2236 ἢ
2674 2167 2865 2221 κλάδον
2891 2168 2998 2221 ἀπὸ
3025 2168 3262 2239 δένδρου,
3299 2165 3530 2239 φονεύσῃ
3563 2162 3698 2227 τινὰ,

2135 2262 2232 2332 οὐχ
2265 2260 2548 2315 ὑπόκειται
2577 2259 2654 2329 τῷ
2691 2259 2918 2330 παρόντι
2949 2259 3122 2331 νόμῳ.

2206 2436 2347 2493 Οὔτε
2375 2435 2584 2505 ῖνφανς,
2609 2436 2888 2490 τουτέστιν
2915 2435 2944 2488 6
2969 2435 3259 2506 ἐπταετὴς,
3295 2435 3418 2490 οὔτε
3463 2435 3490 2486 6
3517 2429 3696 2500 μαινό·

2141 2549 2332 2604 μενος,
2412 2528 2656 2601 φονεύων
2716 2529 3000 2583 ὑπόκειται
3045 2527 3126 2597 τῷ
3189 2531 3319 2599 περὶ
3372 2523 3698 2595 ἀνδροφόνων

2137 2624 2309 2694 νόμῳ.

2219 2719 2281 2773 Ὃ
2314 2716 2689 2787 ἐντειλάμενός
2720 2733 2828 2771 τινι
2873 2717 3152 2786 φονεῦσαι,
3213 2717 3292 2780 ὡς
3339 2712 3532 2788 φονεὺς
3589 2701 3702 2776 κρί-

2140 2828 2309 2868 νεται.

2225 2905 2314 2957 Ἔν
2342 2905 2604 2967 πᾶσιτοῖς
2622 2905 2932 2974 ἐγκλήμασι
2953 2901 3034 2955 δεῖ
3064 2901 3270 2971 ζητεῖν,
3292 2903 3341 2956 εί
3369 2899 3431 2953 ὲκ
3464 2888 3705 2958 προνοίας

2141 2994 2175 3066 ἢ
2208 2995 2346 3048 κατὰ
2382 2995 2554 3064 τύχην
2585 2994 2802 3066 ἥμαρτὲ
2830 3011 2912 3055 τις
2936 3009 2951 3024 ο
2981 2993 3074 3045 καὶ
3100 2991 3272 3056 οὕτως
3299 2994 3332 3064 ἢ
3366 2988 3502 3042 κατὰ
3529 2982 3699 3050 νόμον,

2143 3088 2176 3159 ἢ
2207 3087 2512 3158 πραοτέραν
2561 3087 2662 3155 τὴν
2689 3084 2960 3155 τιμωρίαν
2994 3085 3299 3154 ἐπιφέρειν.

2225 3155 2284 3230 ’ὁ
2341 3176 2539 3231 ἀνελὼν
2587 3177 2803 3232 ἀνιόντα
2860 3174 2893 3246 ἢ
2943 3176 3201 3230 κατιόντα
3251 3167 3510 3245 συγγενῆ,
3583 3155 3706 3226 πυρὶ

2145 3267 2514 3337 παραδίδοται.

2227 3367 2288 3418 Ὀ
2315 3365 2405 3418 τδν
2432 3364 2724 3418 ἐπελθόντα
2745 3364 3030 3433 φονεύσας,
3081 3366 3140 3418 ὲν
3174 3356 3218 3433 ᾧ
3251 3363 3382 3434 περὶ⁸
3431 3358 3528 3426 τὴν
3575 3347 3708 3416 ζωὴν

2148 3455 2509 3521 ἐκινδύνευεν,
2535 3455 2824 3520 ἀνεύθυνός
2849 3457 3021 3510 ἔστιν.

2229 3548 2356 3601 Ἐὰν
2403 3548 2493 3601 τὸν
2545 3551 2602 3601 ὲν
2651 3549 2808 3599 νυκτὶ
2844 3547 3142 3600 κλέπτοντα
3197 3547 3438 3615 φονεύσῃ
3464 3556 3565 3600 τις.
3600 3530 3708 3584 τότε

466 3638 670 3701 evadit,
702 3639 746 3693 si
791 3640 954 3694 modo
986 3641 1121 3696 citra
1149 3657 1307 3696 suum
1337 3643 1639 3710 perieulum
1675 3647 1779 3716 ipsi
1816 3663 2035 3714 parcere

2149 3641 2495 3710 ἀτιμώρητος
2528 3639 2699 3708 μένει,
2733 3640 2823 3692 ὅτε
2877 3638 2952 3709 μὴ
2999 3639 3230 3708 ἠδύνατο
3272 3639 3398 3710 δίχα
3451 3629 3542 3685 τοῦ
3591 3621 3710 3677 ἰδίου

470 3731 616 3788 haud
671 3743 904 3804 poterat.
937 3733 1130 3800 Quare
1163 3737 1218 3792 in
1249 3752 1372 3810 cap.
1406 3737 1441 3795 5
1491 3739 1597 3794 litt.
1629 3739 1695 3805 A,
1726 3749 1781 3796 et
1829 3755 1952 3811 cap.
1977 3739 2035 3796 ει

2147 3729 2393 3785 κινδύνου
2421 3728 2709 3800 φείσασθαι
2735 3727 2922 3784 αὐτοῦ.
2975 3729 3134 3794 Ζήτει
3166 3732 3258 3783 καὶ
3300 3733 3358 3782 ὲν
3399 3725 3476 3794 τῷ
3495 3719 3535 3774 ε’
3595 3727 3708 3778 κεφ·

467 3823 571 3880 Ιίιι.
607 3825 667 3880 Γ.
2069 3812 2107 3840 κ
2148 3823 2242 3876 τοῦ
2275 3825 2320 3876 Λ
2351 3823 2640 3892 στοιχείου,
2662 3820 2722 3874 τδ
2745 3818 2825 3874 κδ’
2863 3837 2988 3889 κεφ.
3014 3820 3108 3873 τοῦ
3142 3822 3183 3873 Γ
3213 3818 3510 3890 στοιχείου.

541 3915 759 3968 Novella
789 3926 973 3971 autem
1005 3919 1183 3973 sancti
1227 3919 1556 3988 patriarchae
1616 3919 1933 3986 Athanasii,
1995 3930 2035 3974 el

2220 3914 2285 3967 Ἥ
2309 3915 2367 3967 δὲ
2395 3913 2563 3983 νεαρά
2589 3913 2683 3966 τοῦ
2714 3912 2867 3980 ἁγίου
2894 3913 3231 3984 πατριάρχου
3277 3905 3598 3966 Ἀθανασίου
3627 3893 3715 3988 καὶ

469 4006 807 4064 venerabilis
835 4011 1187 4078 imperatoris
1213 3986 1546 4092 Andronici,
1581 4013 1774 4065 statuit
1796 4026 1923 4065 eum
1952 4026 2035 4066 so-

2150 4005 2242 4060 τοῦ
2275 4005 2520 4074 ἀοιδίμου
2556 4002 2821 4074 βασιλέως
2873 4003 3217 4075 Ἀνδρονίκου
3277 4000 3595 4092 διορίζεται,

470 4098 797 4170 1υιιι,‹ιυὶξίη
830 4100 1128 4156 homicidio
1157 4087 1534 4172 deprehensus
1553 4115 1661 4166 est.
1700 4106 1863 4173 juxta
1896 4107 2035 4177 leges

2154 4099 2298 4168 φόνῳ
2320 4097 2516 4152 ἁλόντα
2566 4095 2727 4148 αὑτὸν
2778 4095 2938 4164 μόνον
3004 4095 3366 4166 τιμωρεῖσθαι
3419 4086 3557 4180 κατὰ
3597 4086 3716 4180 τοὺς

472 4191 650 4259 puniri
686 4208 701 4245 :
738 4191 944 4247 liberos
975 4203 1157 4248 autem
1189 4193 1310 4263 ejus
1362 4210 1470 4249 non
1533 4197 1826 4264 publicari,
1887 4198 2035 4252 modt

2152 4189 2373 4257 νόμους,
2405 4188 2528 4250 τοὺς
2566 4185 2624 4237 δὲ
2669 4185 2866 4248 παῖδας
2907 4184 3070 4238 αὑτοῦ
3131 4185 3206 4257 μὴ
3258 4177 3608 4274 δημεύεσθαι,

475 4281 620 4337 haud
657 4281 862 4338 fuerint
889 4284 1054 4340 caedis
1082 4287 1219 4340 socii
1254 4289 1386 4342 :sed
1434 4288 1591 4341 bouis
1621 4287 1918 4358 ejusjuxta
1953 4306 2053 4343 nu-

473 4389 684 4430 merum
722 4375 959 4434 ﬁliorum
1013 4377 1347 4443 distributis,
1402 4387 1612 4449 partem
1673 4396 1838 4435 unam
1886 4378 2050 4434 etiam

2159 4279 2441 4350 μιαιφονίᾳ
2464 4277 2539 4346 μὴ
2579 4277 3044 4347 συμπράξαντας·
3112 4276 3494 4348 μεριζομένης·
3540 4266 3594 4318 δὲ
3628 4258 3718 4350 τῆς

2155 4349 2318 4424 αὑτοῦ
2349 4369 2662 4438 περιουσίας
2693 4367 2833 4421 κατὰ.
2853 4367 2942 4421 τὸν
2966 4367 3199 4438 ἀριθμὸν
3228 4370 3335 4423 τῶν
3361 4361 3573 4420 οίκείων
3599 4349 3718 4422 mi-

468 4461 656 4515 oceiso
689 4463 952 4534 assignat,
1003 4466 1237 4520 maxime
1272 4465 1316 4520 si
1354 4467 1480 4518 dum
1513 4467 1728 4535 vixerit,
1778 4472 2035 4540 pauperie

2155 4464 2282 4527 δων,
2321 4461 2582 4531 ἀπονέμει
2617 4460 2746 4530 μίαν
2774 4457 2972 4529 καὶτῷ
3003 4460 3316 4525 φονευθέντι
3363 4452 3576 4551 μερίδα,
3632 4440 3717 4551 καὶ

471 4552 777 4619 laborabat,
811 4566 864 4608 et
894 4570 1114 4608 uxorem
1154 4571 1218 4608 ac
1246 4555 1450 4610 liberos
1481 4557 1698 4625 habuit,
1725 4569 1777 4614 et
1831 4561 2039 4616 dunta-

473 4653 568 4698 xat
597 4645 901 4714 portionem
930 4645 1216 4700 homicidae
1246 4646 1379 4701 lisco
1409 4645 1628 4704 cedere.

545 4818 656 4886 Qui
689 4819 956 4874 infantem
1007 4828 1224 4884 enecat,
1267 4821 1550 4877 homicidii
1597 4836 1756 4892 poma
1805 4831 2047 4882 tenetur.

547 4999 684 5057 Vide
716 5009 772 5057 et
809 5003 948 5058 duas
1004 5003 1250 5061 novellas
1305 5005 1650 5076 imperatoris
1700 5006 2048 5062 Constantini

475 5093 1024 5163 Porphyrogennctm,
1060 5109 1160 5163 pro
1197 5095 1461 5164 qualitate
1496 5098 1659 5151 caedis
1688 5097 1824 5152 alias
1873 5105 2042 5168 atque

457 5187 610 5240 "atias
639 5201 827 5254 poenas
873 5187 1250 5252 decernentes,
1309 5201 1365 5242 et
1421 5204 1692 5259 quosnam
1743 5189 2052 5248 homicidas

475 5277 622 5331 haud
655 5279 876 5347 rejicere
890 5279 1265 5348 oportet,dum
1287 5279 1352 5336 ad
1380 5282 1670 5337 ecclesiam
1697 5283 2048 5355 confugiunt,

474 5386 616 5426 ones
655 5385 784 5426 vero
815 5372 1042 5426 omnino
1075 5373 1201 5427 inde
1225 5373 1494 5429 avellere.

518 5616 678 5672 CAP.
759 5615 851 5670 IX.
911 5614 1063 5682 Quod
1145 5615 1476 5742 phytac‘teria
1529 5616 1706 5687 facere
1775 5618 1992 5673 minime

1144 5702 1324 5742 onorre
1357 5727 1372 5742 .

1144 5702 1372 5752 oportet.

554 5800 794 5857 Consule
825 5815 946 5872 cap.
990 5801 1012 5856 l
1049 5799 1157 5857 litt.
1193 5800 1262 5856 Μ.

2153 4556 2384 4625 μάλιστα
2411 4556 2459 4607 εί
2503 4553 2664 4625 πενίᾳ
2713 4552 2890 4616 συζῶν
2938 4549 3028 4624 ἦν,
3077 4555 3171 4606 καὶ
3202 4554 3296 4607 ἐπὶ
3362 4543 3578 4620 γυναικὶ

2150 4649 2336 4700 παισὶν
2373 4645 2584 4714 ἀπῆλθε
2617 4660 2633 4675 ο
2673 4643 2842 4715 μόνην
2888 4643 2945 4696 δὲ
2981 4645 3079 4715 τὴν
3106 4645 3202 4698 τοῦ
3262 4645 3468 4716 φονέως
3531 4639 3716 4705 μερισα

2149 4739 2392 4811 προσκλη
2403 4737 2623 4807 ροῦσθαι
2661 4735 2738 4806 τῷ
2767 4736 3033 4805 δημοσίῳ.
3564 4775 3575 4786 .

2221 4833 2331 4884 Καὶ
2350 4832 2378 4884 6
2413 4831 2473 4883 τὸ
2501 4831 2690 4898 νήπιον
2717 4825 3004 4896 φονεύσας,
3034 4829 3276 4902 τιμωρίᾳ
3298 4829 3461 4900 φόνου
3505 4809 3716 4869 ὑπόκει-

2150 4942 2266 4979 ται.

2221 5021 2381 5090 Ζήτει
2412 5019 2619 5082 καὶτὰς
2647 5019 2740 5073 δύο
2773 5019 2974 5089 νεαρὰς
3003 5018 3097 5072 τοῦ
3125 5019 3390 5089 βασιλέως
3435 5003 3716 5100 Κξθνσῗαῖ

2151 5112 2296 5164 τίνου
2345 5110 2440 5164 τοῦ
2493 5112 2999 5181 πορφυρογεννήτου
3067 5110 3206 5163 κατά
3271 5109 3370 5178 τὴν
3415 5095 3505 5153 τοῦ
3562 5091 3714 5180 φονου

2153 5205 2436 5275 ποιότητα,
2463 5203 2756 5271 διαφόρους
2785 5204 2880 5256 καὶ
2930 5203 3028 5264 τὰς
3080 5201 3352 5272 τιμωρίας
3407 5182 3719 5275 νομοθετοιθΙ

2156 5315 2255 5361 σας
2284 5313 2300 5328 ⁸
2334 5297 2430 5350 καὶ
2459 5295 2607 5358 τίνας
2636 5295 2718 5347 δεῖ
2741 5294 2850 5348 τῶν
2903 5293 3108 5361 φονέων
3155 5286 3606 5365 προσφεύγονταῗ
3650 5258 3712 5326 τῇ

2152 5359 2420 5460 ὲκκλησίᾳ
2501 5387 2577 5458 μὴ
2621 5359 2927 5452 ὲκόἆλλειν,
2977 5386 3072 5439 καὶ
3115 5359 3266 5449 τίνας
3316 5359 3548 5450 αφειδῶς
3585 5359 3716 5412 ἀπ⁰⁴

2154 5498 2318 5536 σπαν.

2224 5614 2476 5668 ΚΕΦΔΛ.
2523 5612 2602 5667 6'.
2633 5611 2767 5666 "Ott
2801 5613 2875 5667 οὐ
2895 5610 2993 5667 δεῖ
3015 5613 3398 5682 φυλακτήρια
3437 5587 3646 5655 ποιεῒνο

2227 5791 2389 5864 Ζήτει
2419 5791 2478 5845 τὸ
2499 5797 2548 5846 α’
2582 5807 2708 5861 κεφ.
2741 5789 2834 5844 τοῦ
2863 5791 2918 5846 Μ
2943 5789 3234 5863 στοιχείου.
