4028 6426
269 351 374 414 189

326 565 486 632 Ζήτει
509 564 566 616 ἐν
599 561 676 630 τῷ
709 567 778 614 ια’
804 559 1084 629 κεφαλαίῳ
1112 558 1206 611 τοῦ
1236 558 1280 610 Τ
1338 557 1604 628 στοιχείου
1637 557 1843 609 κανόνα

255 655 304 724 γ’
328 655 418 710 τοῦ
445 656 648 709 Φωτίου
673 650 1324 714 Κωνσταντινουπόλεως,
1355 651 1447 704 καὶ
1497 650 1558 703 τὸ
1610 647 1677 714 ιζ’
1713 665 1838 717 κεφ.

254 751 349 802 τοῦ
380 747 419 801 Ε
465 747 756 817 στοιχείου.

937 837 1157 904 Νόμος.

325 929 446 1000 Χρὴ
467 927 594 991 τοὺς
624 927 893 998 ἄρχοντας
918 929 1064 980 κατὰ
1089 924 1376 994 Κυριακὴν
1407 921 1840 976 ἐπισκέπτεσθαι

259 1024 381 1085 τοὺς
414 1023 472 1074 ἐν
498 1021 738 1093 φυλακῇ,
799 1022 892 1074 καὶ
922 1020 1148 1087 ὁρίζειν,
1181 1017 1268 1070 ἵνα
1311 1014 1715 1084 φιλανθρώπως
1745 1013 1844 1066 αὐ-

257 1119 368 1180 τοῖς
394 1116 442 1169 οί
471 1115 708 1186 φυλάκες
756 1113 1022 1185 χρῶνται,
1059 1113 1155 1164 καὶ
1210 1109 1421 1181 τροφὰς
1455 1107 1641 1171 αὐτοῖς
1705 1108 1842 1160 ἀπο-

261 1227 353 1280 ρου
361 1208 539 1280 μένοις
563 1209 820 1262 ἐπινοεῖν.

605 1342 797 1398 ΑΡΧΗ
829 1343 967 1396 ΤΟΥ
995 1342 1046 1396 X
1091 1338 1482 1395 ΣΤΟΙΧΕΙΟΥ.

255 1483 510 1538 ΚΕΦΑΛ.
584 1483 638 1535 A’
715 1480 920 1544 Ὀπως
970 1481 1031 1532 αἱ
1100 1475 1221 1531 τῶν
1283 1472 1842 1544 χειροτονουμένων

327 1553 675 1606 ἐπισκόπων
698 1543 1211 1620 ψῆφοιίγίνονται,
1259 1543 1533 1612 καὶπερὶ
1562 1543 1676 1612 τῆς
1745 1561 1839 1612 τις

328 1623 586 1694 νομένης
621 1621 691 1676 ἐν
722 1622 966 1686 ταύταις
1002 1619 1370 1689 ἀντιλογίας.

345 1768 401 1820 ’0
429 1765 469 1818 δ’
496 1762 675 1818 κανὼν
699 1762 800 1830 τῆς
835 1759 1058 1830 πρώτης
1097 1758 1318 1811 συνόδου
1347 1758 1490 1812 κατὰ
1548 1755 1701 1828 ῥῆμά
1731 1773 1837 1825 φη-

1103 430 1106 434 ,
1263 346 1670 406 SYNTAGMA
1712 348 2347 410 ALPHABETICUM.
2389 371 2456 383 ·-
2492 351 2558 408 λ.

257 472 511 528 ΚΕΦΔΔ.
573 473 634 526 ιο.
669 470 808 540 Περὶ
860 467 980 522 τῶν
1011 469 1081 523 ἐν
1126 467 1370 538 φυλακῇ
1442 468 1831 534 κατακρίτων.
1864 469 1913 528 Δ

3449 356 3546 410 1‘30

2033 466 2184 522 CAP.
2218 466 2290 521 Χ.
2336 467 2409 520 Ile
2439 469 2706 522 daninntit
2741 469 2897 538 quiin
2933 483 3146 522 carcere
3180 477 3479 522 servantur.

2030 559 2161 616 Vide.
2191 562 2398 630 in't'ap.
2436 562 2524 617 ll.
2551 564 2654 617 litt.
2681 562 2723 616 Τ
2754 578 3023 617 canonem
3046 563 3080 617 5
3101 561 3278 616 Pliotii
3313 562 3550 630 patriar-

1953 655 2071 711 cha:
2103 653 2732 726 ConstantinOpolitani,
2771 664 2826 711 et
2888 656 2954 710 17
3015 669 3140 725 cap.
3185 655 3297 709 litt.
3339 653 3403 709 E.

2688 831 2823 887 Lex.

2022 924 2257 992 Oportet
2281 925 2637 992 magistratus
2661 925 2859 980 diebus
2886 927 3186 980 Dominicis
3215 925 3444 979 visitare
3465 924 3551 980 in-

1951 1017 2576 1085 carceratos,etjnbere
2595 1017 2856 1074 custodes
2894 1019 3208 1072 humaniter
3247 1020 3394 1089 ipsos
3435 1027 3551 1072 tra-

1950 1111 2196 1168 ctare,'et
2224 1123 2422 1164 curare
2442 1120 2499 1164 ut
2525 1112 2706 1165 victus
2739 1111 2808 1165 iis
2856 1110 3235 1180 indigentibus
3272 1111 3546 1166 submini-

1952 1208 2184 1256 stretur.

2237 1336 2404 1410 259
2457 1337 2729 1395 INITIUM
2790 1338 3118 1396 LITTERE
3173 1338 3246 1396 Χ.

1948 1469 2104 1530 CAP.
2146 1475 2186 1530 l.
2227 1474 2474 1539 Quanam
2497 1477 2705 1529 ratione
2730 1475 3152 1528 ordinandomm
3183 1472 3552 1540 episcoporum

2025 1547 2161 1629 ﬁunt
2193 1546 2495 1610 electiones,
2541 1558 2590 1601 et
2625 1549 2690 1601 de
2723 1547 2906 1601 litibus
2944 1563 3060 1616 qua:
3091 1546 3234 1598 circa
3266 1544 3391 1596 illas
3423 1543 3552 1596 obo~

2023 1631 2263 1672 nuntur.

2019 1747 2255 1804 Concilii
2287 1749 2451 1816 primi
2496 1762 2674 1803 canon
2717 1759 2953 1818 quartus
2985 1748 3202 1801 diserte
3234 1745 3392 1808 dicit,
3423 1744 3548 1813 epi-

258 1876 384 1922 σιν,
423 1856 719 1909 ἐπίσκοπον
767 1853 1068 1924 προσήκειν
1116 1850 1354 1920 μάλιστα
1405 1849 1505 1920 μὲν
1553 1849 1660 1902 ὑπὸ
1709 1847 1846 1900 πάνυ

1970 1858 2177 1912 ιςοριιιη
2200 1851 2458 1910 oportere
2495 1842 2737 1894 maxime
2772 1839 2998 1909 quidem
3049 1839 3120 1893 ab
3157 1838 3420 1891 omnibus
3453 1837 3548 1901 qui

256 1969 368 2003 των
401 1949 507 2002 τῶν
529 1949 588 2000 ἐν
620 1949 685 2016 τῇ
713 1944 957 2016 ἐπαρχίᾳ
989 1941 1356 1997 καθίστασθαι
1391 1957 1406 1971 ·
1446 1940 1496 1994 εί
1539 1940 1598 1994 δέ
1652 1939 1847 2009 δυσχεο

261 2044 355 2113 ρές
375 2042 461 2110 είη
484 2041 544 2094 τὸ
570 2037 811 2093 τοιοῦτον
833 2037 866 2109 ἦ
888 2037 979 2091 διὰ
1005 2036 1446 2101 κατεπείγουσαν
1496 2033 1770 2103 ἀνάγκην,
1810 2030 1844 2102 ἢ

261 2137 348 2190 διὰ
383 2134 555 2204 μῆκος
577 2131 721 2195 όδοῦ,
758 2130 1060 2196 ἐξὰπαντος
1107 2131 1256 2200 τρεῖς
1296 2130 1389 2182 ἐπὶ
1409 2128 1472 2180 τὸ
1533 2127 1662 2180 αὐτὸ
1715 2142 1846 2178 συν-

191 2241 195 2260 ·
266 2229 586 2296 αγομένους,
619 2224 930 2296 συμψήφων
952 2224 1255 2291 γινομένων
1287 2221 1383 2274 καὶ
1416 2221 1526 2273 τῶν
1571 2219 1845 2284 ἀπόντων,

270 2321 361 2373 καὶ
388 2317 783 2388 συντιθεμένων
807 2315 898 2370 διὰ
921 2315 1288 2386 γραμμάτων,
1322 2315 1441 2366 τότε
1472 2313 1572 2382 τὴν
1601 2328 1846 2381 χειροτο-

265 2413 380 2466 νίαν
407 2411 679 2466 ποιεῖσθαι
715 2425 729 2439 ⁸
771 2408 832 2462 τὸ
863 2409 921 2463 δὲ
955 2407 1120 2479 κῦρος
1147 2407 1254 2460 τῶν
1285 2406 1588 2476 γινομένων
1609 2403 1850 2457 δίδοσθαι

265 2503 388 2559 καθ’
417 2503 653 2574 ἑκάστην
681 2501 953 2572 ἐπαρχίαν
974 2499 1051 2570 τῷ
1110 2497 1510 2569 μητροπολίτῃ.
1559 2496 1850 2566 Ἐπικυροῖ

265 2596 374 2665 γὰρ
398 2588 551 2657 οὗτος
575 2594 674 2656 τὰς
695 2591 934 2663 ψήφους,
959 2589 1057 2644 ἕνα
1108 2589 1218 2642 τῶν
1260 2588 1650 2658 ψηφισθέντων
1695 2576 1854 2640 ἐκλει-

264 2691 516 2759 γόμενος,
547 2685 643 2740 καὶ
689 2681 1017 2756 χειροτονῶν
1043 2682 1163 2752 μεθ’
1221 2682 1426 2752 ἐτέρων
1459 2680 1552 2736 δύο
1600 2680 1636 2751 ἢ
1681 2679 1852 2748 τριῶν

271 2777 613 2833 ἐπισκόπων.
676 2775 740 2828 El
777 2773 836 2827 δὲ
887 2775 922 2844 ή
996 2771 1094 2826 τοῦ
1146 2772 1545 2843 μητροπολίτου
1612 2769 1854 2839 ἐπαρχία

265 2867 518 2923 τοσοῦτον
577 2864 892 2918 ἐπισκόπων
951 2861 1148 2924 ἐνδεῶς
1198 2860 1313 2931 ἐχοι
1340 2903 1356 2926 ,
1407 2860 1501 2915 καὶ
1526 2859 1586 2925 ἐξ
1625 2859 1853 2913 ἀλλοδα-

265 2964 374 3031 πῆς
399 2957 839 3030 προσλαμϐάνειν
865 2954 1044 3026 χρεὼν
1064 2954 1146 3017 είς
1167 2970 1228 3008 τε
1265 2953 1366 3017 τὰς
1394 2952 1612 3025 ψήφους
1631 2951 1728 3005 καὶ
1753 2951 1856 3020 τὴν

305 3071 348 3104 ει
359 3051 620 3104 οοτονίαν.
933 3096 941 3104 ,

305 3071 348 3104 ει
452 3067 620 3104 ονιαν.
933 3096 941 3104 ,

265 3071 299 3122 χ
337 3067 560 3206 ἔξέτοις
587 3143 683 3196 καὶ
704 3143 733 3195 ὁ
758 3139 827 3210 ιγ’
859 3142 960 3210 τῆς
985 3140 1043 3191 ἐν
1071 3136 1406 3210 Καρθαγένῃ
1426 3134 1850 3206 ἐπιψηφίζεται.

271 3193 728 3304 abiegnast,
861 3193 968 3303 ιδΞᾷ
1020 3193 1295 3301 ὁμολογίᾳ.
1338 3193 1406 3300 ἢ..
1424 3231 1490 3300 τῇ
1537 3193 1846 3299 ’ὺῖιὲοίραφῇ
1879 3193 1924 3250 c

273 3325 641 3396 ἐναντιωθείη,
677 3326 838 3388 αὐτὸς
885 3323 1010 3378 καθ’
1039 3321 1237 3376 ἑαυτοῦ
1265 3322 1365 3393 τὴν
1419 3321 1576 3391 δίκην
1604 3321 1849 3392 ἐκφέρει,

277 3418 636 3491 στερούμενος
660 3417 760 3488 τῆς
783 3417 922 3480 ιδίας
950 3419 1139 3486 τιμῆς.
1165 3415 1460 3468 Δείκνυται
1519 3413 1580 3465 δὲ
1625 3413 1691 3466 ἐκ
1743 3413 1852 3465 τῶν

276 3513 532 3574 κανόνων,
569 3509 644 3582 μὴ
677 3510 906 3578 νόμιμον
929 3503 1068 3560 εἶναι
1121 3506 1214 3559 τὸν
1276 3505 1682 3574 μητροπολίτην
1731 3506 1854 3567 ταῖς

283 3605 466 3674 ψήφοις
503 3603 612 3657 τῶν
645 3604 736 3656 ὑπ’
771 3603 932 3655 αὐτὸν
953 3601 1258 3671 ἀρχιερέων
1293 3599 1684 3669 συμπαρεῖναι,
1721 3596 1853 3650 ἀλλὰ

284 3697 466 3770 μόνους
490 3697 617 3760 τοὺς
647 3694 1006 3754 ἐπισκόπους.

357 3789 413 3842 Ὀ
440 3789 496 3843 δὶ
517 3788 613 3859 τῆς
632 3789 690 3840 ἐν
717 3784 1010 3856 Λαοδικείᾳ
1039 3790 1080 3837 ε’
1117 3781 1300 3838 κανὼν
1355 3781 1431 3853 μὴ
1491 3780 1694 3846 ἐξεῖναί
1718 3795 1854 3851 φησι

274 3880 349 3951 τῷ
367 3881 676 3950 βουλομένῳ
706 3879 868 3932 παντὶ
901 3881 970 3948 τῇ
1005 3877 1172 3950 ψήφῳ
1207 3877 1304 3932 τοῦ
1360 3877 1645 3948 μέλλοντος
1671 3893 1856 3948 χειρο-

273 3971 544 4024 τονεῖσθαι
575 3971 871 4041 παρεῖναι·
901 3967 1230 4040 ἐγκλήματα
1285 3970 1394 4040 γὰρ
1418 3968 1530 4023 ἐσθ’
1581 3971 1670 4022 ὅτε
1712 3967 1856 4023 κατά

274 4081 435 4116 τινων
457 4063 514 4115 ἐν
533 4061 610 4132 τῷ
642 4063 790 4133 μέσῳ
813 4061 1104 4132 συμϐαίνει
1133 4062 1426 4126 κινεῖσθαι,
1460 4063 1554 4116 καὶ⁵
1583 4062 1684 4132 τῆς
1738 4080 1854 4133 χει-

281 4155 520 4225 ροτονίας
553 4156 683 4217 ἴσως
706 4154 903 4218 αὐτοὺς
935 4153 1271 4225 ἀπείργοντα
1297 4171 1313 4188 ο
1340 4157 1435 4210 καὶ
1465 4156 1515 4210 εί
1567 4157 1643 4228 μὴ
1696 4157 1859 4211 ἀνέκ-

275 4266 419 4320 φορα
454 4249 562 4311 τοῖς
586 4246 802 4310 πολλοῖς
826 4246 912 4317 είη
965 4246 1164 4312 ταῦτα,
1215 4247 1378 4311 αὐτὸς
1433 4247 1536 4318 μὲν
1589 4248 1858 4318 αἰσχύνην

278 4343 458 4403 αὐτοῖς
483 4340 707 4410 ὀφλήσει
735 4338 830 4391 καὶ
853 4337 1090 4406 γέλωτα,
1119 4341 1214 4393 καὶ
1245 4339 1362 4410 ἅμα
1384 4340 1670 4412 προτροπὴ
1721 4340 1859 4406 πρὸς

277 4433 472 4487 κακίαν
495 4433 680 4493 αὐτοῖς
706 4429 867 4483 τοῦτο
921 4430 1220 4500 γενήσεται
1252 4447 1268 4462 ·
1329 4430 1859 4503 βλασφημηθήσεται

277 4525 334 4576 δέ
360 4525 422 4576 τδ
447 4523 602 4576 Θεῖον
632 4521 764 4586 πρὸς
787 4522 893 4574 τῶν
925 4520 1000 4593 μὴ
1035 4521 1218 4584 καλῶς
1241 4521 1608 4593 ἐνιδρυμένων
1654 4523 1720 4592 τῇ
1771 4523 1860 4576 πίο

1952 1945 2087 1993 sunt
2124 1935 2178 1988 in
2211 1933 2497 2004 provincia
2525 1933 2834 1987 constitui:
2883 1933 2930 1986 si
2963 1939 3148 1985 autem
3189 1930 3292 1983 hoc
3330 1928 3554 1982 difﬁcile

1951 2032 2046 2093 sit,
2079 2029 2162 2084 vel
2193 2037 2418 2099 propter
2450 2035 2735 2096 urgentem
2763 2023 3177 2086 necessitatem,
3205 2021 3291 2074 vel
3327 2029 3554 2089 propter

1951 2124 2055 2179 via:
2086 2121 2514 2193 longitudinem.
2553 2129 2664 2172 tres
2710 2117 2940 2170 omnino
2985 2116 3243 2168 eumdem
3281 2114 3332 2165 in
3371 2112 3552 2164 Ineunt

1952 2223 2345 2285 congregatos,
2379 2209 2706 2265 absentibus
2739 2222 2964 2276 quoque
2995 2204 3326 2275 suffragium
3362 2203 3551 2256 feren-

1953 2309 2127 2368 tibus.
2147 2305 2484 2374 scriptisque
2503 2299 2969 2366 assentientibus,
2991 2306 3125 2352 tunc
3145 2299 3550 2352 ordinationem

1952 2401 2174 2456 facere:
2207 2412 2399 2453 eorum
2421 2403 2604 2450 autem
2629 2408 2753 2464 qum
2796 2399 3038 2464 aguntur
3071 2389 3552 2445 conﬁrmationem

1956 2496 2012 2549 in
2077 2503 2413 2560 unaquaque
2481 2485 2764 2557 provincia
2827 2497 2856 2538 a
2919 2481 3348 2553 metropolitano
3411 2479 3554 2534 fieri.

1953 2587 2261 2643 Conﬁrmat
2305 2582 2453 2637 enim
2503 2582 2608 2634 iste
2651 2577 2936 2648 suﬂ‘ragia,
2987 2577 3230 2647 seligens
3262 2591 3329 2630 ex
3362 2575 3556 2630 electis

1956 2679 2223 2748 aliquem,
2284 2688 2525 2742 euntque
2575 2688 2700 2727 cum
2749 2671 2972 2726 duobus
3041 2671 3164 2724 aliis
3220 2680 3318 2724 aut
3376 2668 3558 2722 tribus

1955 2767 2231 2840 episcopis
2281 2780 2650 2821 consecratis.
2713 2760 3110 2815 Verumtamen
3168 2759 3213 2812 si
3271 2759 3558 2828 provincia

1956 2859 2370 2932 metropolitani
2413 2859 2802 2928 episcoporum
2855 2853 3086 2922 penuria
3133 2851 3370 2914 laboret,
3413 2865 3558 2919 opus

1957 2964 2044 3010 est
2071 2955 2238 3009 etiam
2295 2968 2366 3008 ex
2421 2951 2604 3005 aliena
2643 2948 2900 3018 accipere
2949 2955 3060 2999 tam
3119 2944 3186 2999 ad
3225 2941 3556 2999 electionem

1957 3064 2122 3120 quam
2158 3048 2578 3103 ordinationem
2620 3041 2989 3113 peragendae.

2032 3139 2160 3196 Haec
2203 3142 2372 3195 etiam
2406 3137 2736 3206 comprobat
2777 3149 2905 3190 can.
2955 3133 3024 3187 l5
3062 3130 3286 3187 concilii
3319 3127 3555 3184 Cartha.

1955 3233 2222 3303 ginensis.
2267 3231 2325 3286 Si
2367 3231 2519 3301 quis,
2575 3229 2776 3298 inquit,
2811 3224 3092 3296 propriam
3139 3220 3554 3278 confessionem

1956 3327 2042 3381 vel
2069 3325 2537 3396 subscriptionem
2561 3332 2756 3378 contra
2779 3320 2998 3381 fecerit,
3043 3317 3316 3372 adversus
3349 3323 3556 3370 semet-

1958 3422 2140 3491 ipsum
2203 3421 2475 3492 judicium
2523 3419 2652 3483 lert,
2695 3434 2820 3473 cum
2865 3416 3079 3469 honore
3127 3428 3230 3466 suo
3282 3411 3556 3480 privatur.

1957 3511 2286 3569 Ostenditur
2338 3519 2521 3566 autem
2582 3525 2646 3564 ex
2699 3507 3034 3570 canonibus,
3091 3501 3238 3559 baud
3278 3502 3448 3556 licere
3498 3508 3559 3554 ut

1959 3606 2434 3674 metropolitanus
2465 3602 2834 3657 electionibus
2863 3597 3415 3666 archiepiscoporum
3445 3592 3556 3647 sibi

1959 3698 2346 3765 subiectorum
2383 3695 2629 3758 intersit,
2667 3695 2761 3749 sed
2795 3691 3038 3761 episcopi
3079 3688 3207 3743 soli.

2029 3791 2220 3845 Canon
2251 3805 2380 3844 vero
2431 3789 2664 3860 quintus
2722 3785 2920 3858 synodi
2959 3782 3284 3838 Laodicenae
3339 3793 3448 3834 non
3491 3775 3563 3829 li-

1959 3901 2084 3942 cere
2136 3883 2314 3954 inquit
2365 3881 2545 3936 cuivis
2569 3880 2772 3934 volenti
2797 3875 3050 3933 electioni
3079 3871 3376 3929 ordinandi
3403 3869 3560 3924 ades‘

1961 3995 2022 4035 se
2050 3998 2063 4033 :
2091 3976 2369 4044 contingit
2417 3975 2564 4032 enim
2618 3988 3016 4041 nonnunquam
3050 3979 3112 4025 ut
3137 3965 3564 4024 criminationes

1960 4072 2224 4126 adversus
2249 4071 2466 4137 aliquos
2498 4070 2552 4122 in
2578 4067 2820 4122 medium
2847 4063 3228 4135 proferantur,
3260 4075 3382 4132 quae
3405 4060 3560 4128 ipsos

1959 4163 2105 4219 forte
2157 4162 2229 4218 ab
2275 4163 2627 4218 ordinatione
2693 4157 2990 4230 prohibere
3029 4155 3254 4217 debent,
3306 4151 3444 4206 deo
3499 4159 3562 4205 ut

1961 4255 2070 4309 nisi
2102 4267 2165 4306 ea
2202 4253 2416 4322 plebem
2440 4251 2673 4315 lateant,
2701 4250 2822 4319 ipse
2851 4245 3246 4301 contumeliam
3275 4243 3572 4309 risumque

1964 4346 2110 4417 apud
2163 4346 2288 4399 illos
2325 4345 2592 4408 movebit,
2631 4351 2798 4412 atque
2839 4343 2955 4396 haec
2987 4354 3076 4394 res
3110 4339 3202 4391 ﬁet
3235 4337 3568 4390 incitamen-

1967 4453 2080 4493 tum
2146 4439 2470 4504 malorum;
2531 4445 2696 4505 atque
2744 4450 2775 4489 ο
2829 4448 2938 4488 non
2985 4433 3128 4486 bene
3189 4427 3424 4482 firmatis
3502 4426 3566 4482 in

1972 4533 2076 4584 ﬁde
2114 4527 2594 4598 blasphemabitur
2627 4539 2827 4580 nomen
2865 4522 2984 4586 Dei,
3017 4524 3164 4576 sicut
3208 4534 3306 4589 per
3336 4533 3432 4574 eos
3463 4517 3571 4588 qui

282 4634 416 4678 στει,
445 4615 631 4684 ὥσπερ
658 4615 764 4684 ἄρα
815 4614 905 4669 διὰ
961 4616 1072 4668 τῶν
1129 4613 1334 4685 ἀρετῆς
1375 4616 1858 4686 μεταποιουμένων

1972 4625 2278 4679 secundum
2312 4621 2572 4676 virtutem
2611 4618 2823 4682 vivunt,
2858 4616 3218 4685 gloriﬁcatur.

281 4708 586 4774 δοξάζεται.

349 4803 432 4855 Τὰ
458 4801 598 4854 αὐτὰ
632 4801 728 4854 καὶ
745 4801 775 4853 ό
798 4800 898 4872 τῆς
922 4802 980 4853 ἐν
1004 4801 1313 4872 Ἀντιοχείᾳ
1357 4800 1422 4853 ιθ¹
1453 4800 1636 4855 κανὼν
1693 4801 1860 4872 διορί⁴

282 4893 453 4958 ζεται,
482 4896 734 4963 παρεῖναι
762 4893 870 4946 δεῖν
900 4895 1331 4965 προηγουμένως
1380 4894 1555 4962 λέγων
1607 4895 1700 4949 τδν
1763 4913 1869 4965 μη·

280 4987 602 5057 τροπολίτην
631 4987 730 5055 τῆς
792 4985 1060 5056 ἐπαρχίας
1107 4990 1172 5054 τῇ
1230 4984 1397 5057 ψήφῳ
1433 4986 1528 5040 τοῦ
1581 4987 1869 5058 μέλλοντος

283 5079 727 5150 χειροτονεῖσθαι,
760 5078 882 5149 οὐχὶ
919 5079 998 5149 τῷ
1055 5081 1428 5148 συμπαρεῖναι
1477 5082 1589 5143 τοῖς
1628 5063 1880 5145 ,ἐπισκόιί

285 5190 430 5237 ποις,
468 5172 604 5225 ἀλλὰ
626 5172 705 5242 τῷ
735 5171 1054 5242 ἐπιτρέπειν
1093 5187 1106 5202 ·
1141 5175 1312 5242 χωρίς
1377 5173 1486 5243 γὰρ
1544 5173 1648 5242 τῆς
1700 5174 1867 5229 αὐτοῦ

284 5264 588 5334 ἐπιτροπῆς
618 5263 828 5334 ψήρους
856 5263 1118 5332 γενέσθαι
1158 5265 1443 5318 ἀδύνατον.
1497 5263 1630 5319 Εἶτα
1659 5266 1868 5333 πάντας

283 5356 408 5418 τοὺς
437 5357 532 5426 τῆς
561 5357 731 5425 αὐτῆς
786 5357 1058 5427 ἐπαρχίας
1106 5358 1440 5424 ἐπισκόπους
1498 5359 1872 5432 μετακλήτους

286 5449 685 5520 γεγενημένους
710 5447 779 5503 δι’
805 5449 1106 5503 ἐπιστολῶν
1136 5449 1231 5502 τοῦ
1274 5451 1700 5520 μητροπολίτου.
1757 5452 1870 5506 Καὶ

288 5539 495 5610 βέλτιον
531 5541 628 5612 μὲν
657 5543 786 5605 τοὺς
813 5543 1022 5606 πάντας
1058 5543 1327 5599 συνιέναι.
1383 5543 1447 5597 ΕΞ
1502 5543 1560 5596 δέ
1607 5545 1870 5616 δυσχερὲς

286 5633 369 5698 εἴη
426 5631 606 5696 τοῦτο,
658 5633 787 5695 τοὺς
835 5633 968 5701 γοῦν
1015 5635 1240 5698 πλείους
1276 5637 1534 5706 παρεῖναι
1583 5636 1666 5689 δεῖ
1695 5653 1710 5666 ’
1741 5636 1871 5700 τοὺς

291 5722 473 5791 μέντοι
500 5723 569 5777 δι’
602 5724 910 5790 ἀναγκαίας
948 5725 1129 5789 αἰτίας
1164 5726 1239 5798 μή
1293 5727 1738 5797 ἀπαντήσαντας,
1780 5729 1870 5782 διὰ

290 5816 634 5885 γραμμάτων
678 5819 791 5881 τοῖς
848 5819 1261 5889 πεπραγμένοις
1318 5820 1716 5890 ἐπιψηφίζειν,
1774 5821 1870 5874 καὶ

293 5907 434 5963 οὕτω
472 5909 721 5979 γίνεσθαι
750 5910 846 5982 τὴν
868 5910 967 5982 τῆς
985 5912 1168 5984 ψήφου
1201 5914 1534 5970 κατάστασιν
1556 5931 1570 5947 ο
1612 5916 1678 5969 ἂν
1702 5915 1758 5969 δὲ
1794 5913 1869 5986 μὴ

2039 4802 2243 4860 Eadem
2277 4812 2329 4857 et
2373 4816 2553 4858 canon
2608 4800 2676 4856 l9
2711 4799 2933 4854 concilii
2974 4797 3309 4854 Autioclteni
3350 4797 3575 4854 consti-

1968 4897 2120 4962 tuit;
2169 4897 2447 4967 praecipue
2501 4893 2696 4950 adesse
2729 4902 2990 4964 oportere
3051 4892 3244 4948 dicens
3282 4900 3566 4960 metropo-

1969 4991 2200 5044 litanum
2253 4987 2553 5059 provincia:
2614 4986 2872 5041 electioni
2929 4985 3174 5056 episcopi
3242 4985 3570 5050 ordinandi,

1968 5096 2081 5134 non
2117 5081 2338 5151 quidem
2373 5080 2440 5133 ad
2476 5078 2886 5150 suﬂ'ragandum
2939 5094 3045 5132 una
3099 5093 3227 5133 cum
3261 5078 3568 5148 episcopis,

1970 5174 2066 5228 sed
2136 5174 2204 5227 ad
2271 5172 2700 5230 moderandum:
2783 5173 2904 5226 sine
2951 5172 3112 5241 cujus
3189 5171 3571 5242 permissimie

1970 5266 2277 5322 electiones
2309 5263 2426 5318 ﬁeri
2460 5271 2762 5333 nequeant.
2799 5264 2938 5318 Tum
2991 5277 3186 5319 omnes
3225 5263 3401 5331 ipsius
3435 5277 3564 5330 proc

1971 5357 2472 5428 vinciaeepiscopos
2503 5356 3136 5424 litteristnetropolitani
3153 5363 3566 5414 convocantur.

1973 5463 2029 5507 et
2068 5453 2288 5523 quidem
2332 5451 2532 5504 melius
2578 5459 2664 5504 est
2703 5450 2755 5516 si.
2797 5463 2991 5504 omnes
3038 5446 3403 5501 conveniunt.
3461 5442 3565 5498 Sin

1973 5562 2104 5602 vero
2139 5547 2243 5601 hoc
2273 5543 2503 5600 difﬁcile
2528 5544 2724 5606 fuerit,
2748 5544 2936 5611 plures
2968 5554 3152 5594 tamen
3179 5537 3378 5593 adesse
3395 5552 3570 5607 opus,

1973 5640 2056 5694 vel
2113 5640 2336 5694 demum
2381 5638 2482 5693 hos
2533 5637 2629 5707 qui
2679 5636 2752 5691 ob
2793 5649 2996 5690 causas
3045 5633 3396 5687 necessarias
3450 5645 3561 5686 non

1975 5733 2202 5797 adeunt,
2247 5745 2345 5802 per
2385 5729 2598 5786 litteras
2643 5729 2726 5785 eis
2759 5744 2883 5799 quae
2933 5729 3152 5783 decreta
3199 5733 3332 5780 sunt
3361 5740 3560 5780 assen-

1973 5827 2098 5888 tire,
2129 5833 2183 5878 et
2215 5823 2296 5878 sic
2326 5822 2513 5892 perlici
2545 5822 2878 5878 electionem
2905 5839 2920 5876 :
2958 5822 3044 5876 sin
3075 5834 3206 5875 vero
3241 5833 3405 5874 secus
3437 5816 3564 5879 θοι,

1974 5917 2180 5971 nullam
2205 5915 2516 5990 planecsse
2540 5915 2968 5974 ordinationem.
2995 5914 3161 5987 Atqui
3192 5914 3238 5974 si
3266 5910 3568 5974 canonice,
