4028 6432
515 343 606 403 191

1692 353 2062 416 ΜΑΤΤΗΕῙ
2106 356 2534 420 BLASTARIS

3644 369 3732 432 19?

501 458 557 502 ut
590 448 852 511 diximus,
876 466 966 507 res
989 463 1309 525 peragatur,
1345 467 1398 514 et
1422 460 1676 536 nonnulli
1697 465 2080 536 episcoporum

2195 466 2337 520 οὕτω
2375 471 2622 538 γένηται,
2659 467 2951 540 ἀνίσχυρον
2989 462 3130 524 εἶναι
3165 471 3262 542 τὴν
3296 475 3630 542 χειροτονίαν.
3683 481 3734 534 El

501 526 642 594 forte
661 556 725 594 ex
747 546 1118 601 contentionis
1133 550 1318 605 studio
1337 526 1832 619 contradi‘caut,ne
1849 558 2080 612 inhibea-

2195 557 2256 611 δὲ
2290 526 2613 623 κανονικῶς,
2643 559 2720 624 ὡς
2752 526 3079 632 εἰρήκαμεν,
3113 562 3180 614 τὰ
3211 563 3302 615 τοῦ
3336 565 3644 636 πράγματος
3667 587 3725 623 τε

503 633 822 703 turelectio,
848 653 1036 693 verum
1053 641 1313 715 suﬂ‘ragia
1331 647 1744 722 majorispartis
1776 655 2012 710 valeant.

568 899 835 954 (Ia-terum
875 920 1056 961 canon
1111 909 1181 962 49
1233 913 1452 968 concilii
1503 913 1978 987 Carthaginiensis,
2031 922 2089 977 Si

501 992 568 1048 de
599 997 857 1064 episcopo
891 1002 1058 1053 etiam
1096 1016 1125 1052 a
1178 1003 1359 1059 tribus
1391 1007 1672 1078 episcopis
1713 1011 1916 1073 electo.
1951 1029 2089 1068 con-

499 1088 772 1139 troversia
811 1088 996 1150 aliqua
1028 1093 1350 1157 oboriatur,
1381 1114 1412 1149 a
1458 1099 1795 1167 quibusdam
1832 1119 1899 1158 ex
1928 1105 2088 1173 plebe

495 1193 697 1233 czmsas
730 1195 836 1234 non
869 1185 1009 1237 satis
1043 1184 1370 1242 manifestas
1391 1190 1756 1248 aﬂerentibus
1783 1206 2082 1262 commota,

497 1287 730 1326 numero
789 1274 959 1328 trium
1019 1277 1406 1350 episcoporum
1465 1284 1605 1339 alios
1656 1287 1796 1340 duos
1846 1289 2085 1356 adjicere

493 1373 736 1430 oportet,
758 1374 817 1418 ut
838 1381 1030 1423 omnes
1053 1371 1216 1423 simul
1237 1374 1558 1428 examinent
1584 1391 1647 1431 ea
1672 1392 1794 1446 quae
1815 1379 2083 1438 adversus

495 1458 730 1510 electum
761 1458 1125 1528 objiciuntur.
1157 1474 1210 1516 et
1243 1467 1417 1532 ipsum
1454 1478 1709 1538 purgent.

567 1550 731 1620 260
780 1552 977 1616 Quwre
1030 1558 1194 1609 etiam
1233 1560 1287 1612 in
1337 1574 1459 1629 cap.
1518 1561 1578 1615 ll
1642 1562 1749 1618 i-itt.
1801 1564 1842 1618 Ε
1878 1580 2077 1622 canon.

497 1640 688 1706 primae
723 1659 846 1712 syn.
888 1655 1126 1709 sextum,
1157 1659 1213 1702 et
1247 1648 1318 1704 28
1351 1653 1542 1721 synodi
1578 1663 1811 1722 quartae.

567 1729 788 1784 Novella
840 1743 1021 1788 autem
1052 1736 1352 1794 Iustiniani
1400 1742 1500 1796 157
1549 1759 1577 1797 a
1615 1745 1792 1801 tribus
1824 1749 2080 1816 personis

495 1823 819 1879 electionem
878 1828 1262 1898 episcoporum
1329 1832 1443 1888 ﬁeri
1497 1834 1676 1904 jubet,
1737 1839 1992 1894 videlicet
2049 1856 2080 1895 a

498 1916 736 1982 clericis,
785 1927 844 1972 et
879 1934 907 1971 a
943 1923 1286 1990 primoribus
1338 1926 1604 1992 civitatis,
1651 1930 1739 1983 cui
1795 1931 2083 2001 eligendus

497 2013 582 2057 est
617 2008 931 2076 episcopus,
965 2010 1208 2077 quolibet
1245 2012 1442 2067 horum
1489 2029 1656 2085 super
1695 2033 2082 2079 sacro-sancta

497 2095 790 2166 Evangelia
825 2100 929 2153 hoc
953 2099 1254 2163 juratnenti
1291 2115 1608 2173 praestante,
1653 2125 1830 2179 neque
1863 2128 1961 2180 per
1987 2113 2086 2168 da-

497 2195 606 2238 tatn
645 2197 741 2241 aut
789 2191 1121 2258 promissam
1169 2197 1485 2263 pecuniam,
1540 2215 1720 2271 neque
1758 2205 2082 2272 amicitiam,

498 2295 676 2348 neque
709 2282 966 2350 gratiam,
993 2293 1089 2338 aut
1126 2287 1288 2340 aliam
1315 2305 1706 2363 quamcunque
1735 2295 2081 2354 aﬂectiouem

495 2371 666 2424 istum
696 2373 920 2440 eligere,
948 2378 1041 2429 sed
1064 2379 1305 2433 scientes
1332 2381 1512 2450 ipsum
1540 2398 1666 2440 esse
1693 2388 2083 2458 orthodoxam,

494 2473 552 2520 et
610 2466 851 2522 honestae
903 2470 1050 2532 vitae,
1096 2484 1149 2527 et
1201 2475 1406 2530 habere
1453 2493 1704 2543 uxorem,
1758 2491 1812 2538 et
1860 2486 2080 2554 quidem

499 2558 746 2624 unicam,
797 2577 978 2631 neque
1009 2563 1230 2619 viduam
1284 2569 1365 2621 vel
1412 2571 1782 2639 repudiatam,
1835 2576 1930 2630 sed
1978 2593 2082 2632 nec

499 2650 864 2704 concubinam
899 2653 1084 2715 alere;
1128 2663 1184 2709 et
1226 2673 1292 2711 ex
1342 2660 1519 2716 tribus
1546 2662 1740 2720 electis
1771 2665 2078 2736 digniorem

494 2741 742 2796 ordinari
782 2745 942 2812 ‘juxm
999 2746 1322 2803 electionem
1399 2761 1453 2807 et
1509 2759 1836 2812 sententiam
1923 2761 2076 2815 ordi-

496 2833 838 2889 nantis.-|ta
901 2838 1066 2891 vitam
1123 2841 1412 2898 instituere
1459 2847 1617 2915 jubet
1668 2852 1832 2906 etiam
1887 2869 2081 2911 omnes

495 2925 753 2992 clericos,
788 2928 882 2996 qui
918 2930 1271 2988 ordinantur.
1305 2934 1411 2990 Sed
1446 2945 1631 2994 tamen
1680 2945 1919 2998 maxima
1951 2962 2079 3016 pars

495 3015 699 3070 horum
739 3019 943 3071 rituum
989 3031 1119 3074 sunt
1176 3034 1372 3092 prteter
1423 3044 1616 3085 sacros
1668 3047 1933 3101 canones,
1981 3040 2076 3108 qui

2195 645 2431 718 λεσθείη,
2464 649 2591 701 ἔνιοι
2613 649 2671 702 δὲ
2738 651 2848 702 τῶν
2904 652 3221 704 ἐπισκόπων
3273 653 3400 716 ἴσως
3438 657 3738 725 ἀντιλέγοιεν

2195 739 2540 808 φιλονείκως,
2579 741 2654 812 μὴ
2687 742 2756 795 τὰ
2787 743 2885 809 τῆς
2915 743 3098 814 ψήφου
3136 745 3530 815 ἐμποδιζέσθω,
3578 751 3680 803 ἀλλ’
3712 755 3738 822 ἡ

2191 831 2300 882 τῶν
2329 831 2591 884 πλειόνων
2617 833 2797 901 ψῆφος
2837 835 3133 903 κρατείτω.

2277 924 2338 975 '0
2371 924 2424 976 δὲ
2457 926 2544 993 μθ¹
2565 925 2664 993 τῆς
2691 927 2748 978 ἐν
2783 925 3135 998 Καρθαγένῃ.
3170 929 3278 982 Τοῦ
3312 931 3629 997 ἐπισκόπου,
3657 953 3736 1004 φηο

2192 1008 2296 1070 σὶν,
2330 1010 2689 1080 ἐκλεγομένου
2709 1014 2859 1082 παρά
2880 1014 3052 1084 τριῶν
3075 1017 3406 1084 ἐπισκόπων,
3436 1021 3527 1073 ἐὰν
3550 1023 3740 1094 ἀναφυῇ

2189 1115 2275 1162 τις
2307 1102 2370 1152 ἐκ
2399 1102 2507 1153 τῶν
2532 1102 2626 1155 τοῦ
2667 1103 2840 1172 δήμου
2875 1105 3174 1175 ἀντιλογία,
3205 1111 3304 1162 οὐκ
3359 1112 3570 1179 εὐαγεῖς
3612 1119 3746 1169 εἰσα-

2188 1191 2395 1258 γόντων
2425 1195 2588 1247 τινῶν
2618 1194 2822 1259 αἰτίας,
2878 1197 2961 1249 δεῖ
3000 1201 3366 1270 προστεθῆναι
3421 1203 3495 1271 τῷ
3545 1205 3742 1277 ἀριθμῷ

2186 1283 2295 1335 τῶν
2325 1286 2495 1354 τριῶν
2521 1287 2616 1340 καὶ
2649 1287 2869 1358 ἐτέρους
2895 1288 3007 1354 δύο,
3031 1289 3172 1343 ὥστε
3193 1293 3326 1362 ὁμοῦ
3354 1295 3556 1358 πάντας
3585 1297 3749 1362 ἐξετά-

2187 1391 2278 1428 σαι
2313 1378 2377 1426 τά
2410 1378 2550 1430 κατὰ
2568 1378 2662 1431 τοῦ
2691 1379 3064 1448 ψηφιζομένου
3100 1381 3392 1454 λεγόμενα,
3441 1387 3533 1438 καὶ
3585 1389 3746 1441 καθα-

2187 1465 2280 1534 ρὸν
2313 1468 2476 1520 αὐτὴν
2504 1469 2778 1538 ἀποφῆναι
2791 1509 2805 1523 .

2257 1560 2417 1628 Ζήτει
2443 1561 2538 1612 καὶ
2573 1562 2631 1612 ἐν
2660 1562 2738 1632 τῷ
2765 1569 2834 1615 ια’
2861 1581 2987 1632 κεφ.
3017 1565 3113 1618 τοῦ
3162 1567 3200 1620 Ε
3253 1584 3425 1640 στοιχ,
3485 1571 3674 1625 κανόνα
3703 1563 3750 1635 ς’

2181 1649 2280 1719 τῆς
2314 1657 2363 1702 α’
2389 1650 2630 1713 συνόδου,
2663 1654 2755 1706 καὶ
2785 1653 2872 1725 κη’
2899 1656 2999 1725 τῆς
3030 1658 3298 1729 τετάρτης
3343 1662 3580 1717 συνόδου.

2267 1743 2326 1795 'H
2357 1743 2413 1796 δὲ
2445 1743 2558 1814 ρλζ¹
2594 1742 3014 1812 Ἰουστινιοὶνειος
3045 1751 3214 1822 νεαρὰ
3267 1747 3357 1805 ἐπὶ
3379 1755 3522 1822 τρισί⁵
3555 1754 3752 1824 προσώ-

2185 1853 2306 1898 ποις
2352 1837 2414 1889 τὸ
2439 1837 2700 1908 ψήφισμα
2735 1838 2981 1906 γίνεσθαι
3034 1843 3140 1895 τῶν
3191 1845 3511 1899 ἐπισκόπων
3559 1847 3756 1898 κελεύει

2184 1929 2334 1996 παρὰ
2380 1945 2439 1980 τε
2495 1929 2604 1981 τῶν
2660 1929 2937 2000 κληρικῶν
2995 1935 3090 1986 καὶ
3143 1935 3252 1986 τῶν
3309 1940 3409 2007 τῆς
3455 1938 3653 1998 πόλεως
3697 1938 3755 1989 τὰ

2183 2018 2376 2087 πρῶτα
2443 2021 2739 2090 φερόντων,
2796 2018 2950 2096 ἐφ’ᾖ
3007 2024 3312 2094 ψηφίζεται
3375 2031 3401 2080 ὀ
3453 2028 3754 2088 ἐπίσκοπος,

2182 2111 2414 2164 ἑκάστου
2441 2112 2646 2180 τούτων
2673 2115 2818 2166 κατὰ
2852 2116 2960 2168 τῶν
3009 2117 3172 2170 θείων
3225 2119 3620 2188 ἐπομνυμένων
3662 2117 3756 2170 Εὕα·

2182 2204 2474 2272 αγγελίων,
2515 2206 2652 2273 μήτε
2678 2206 2822 2258 δόσει
2850 2208 3097 2277 χρυσίου,
3123 2209 3155 2280 ἢ
3184 2212 3504 2281 ὑποσχέσει,
3535 2212 3565 2281 ἢ
3595 2210 3754 2279 φιλίᾳ,

2181 2294 2215 2365 ἢ
2247 2295 2454 2364 χάριτι,
2481 2295 2514 2365 ἢ
2547 2295 2680 2365 ἄλλῃ
2712 2297 2816 2350 τινὶ
2840 2298 3188 2370 προσπαθείᾳ
3211 2301 3406 2355 τοῦτον
3429 2302 3756 2370 ἐκλέγεσθαι,

2180 2386 2300 2440 ἀλλ’
2335 2387 2536 2450 είδότες
2557 2390 2622 2458 τῇ
2648 2407 2704 2441 τε
2741 2391 2925 2442 πίστει
2964 2389 3124 2460 ὀρθὸν
3152 2395 3245 2445 καὶ
3272 2395 3351 2463 τῷ
3401 2395 3500 2466 βίῳ
3533 2395 3750 2463 σεμνόνο

2181 2480 2276 2531 καὶ
2301 2479 2347 2530 εί
2373 2477 2499 2547 ἔσχε
2533 2479 2805 2550 γαμετὴν,
2839 2482 2934 2534 καὶ
2965 2482 3134 2552 αὐτὴν
3169 2484 3323 2554 μίαν,
3373 2489 3467 2538 καὶ
3498 2484 3618 2538 οὔτε
3663 2485 3752 2554 χήο

2184 2583 2283 2636 ραν
2315 2565 2348 2637 ἢ
2386 2568 2824 2639 ἐκϐεϐλημένην,
2851 2571 2967 2623 ἀλλ’
2999 2571 3123 2625 οὐδέ
3152 2573 3444 2645 παλλακὴν
3479 2576 3756 2643 ἐκτήσατο,

2181 2660 2276 2713 καὶ
2308 2661 2372 2713 ἐκ
2405 2660 2514 2715 τῶν
2538 2660 2932 2731 ψηφιζομένων
2973 2663 3142 2733 τριῶν
3190 2667 3285 2719 τὸν
3347 2667 3592 2736 βελτίονα
3653 2683 3757 2735 χει·

2181 2753 2516 2820 ροτονείσθαι
2543 2755 2608 2823 τῇ
2655 2753 2882 2824 ἐπιλογῇ
2909 2757 3005 2808 καὶ
3053 2758 3120 2826 τῇ
3160 2759 3342 2828 κρίσει
3386 2758 3493 2812 τοῦκ
3529 2775 3754 2829 χειροτο-

2179 2843 2398 2906 νοῦντος
2430 2859 2444 2874 ·
2469 2843 2711 2896 τοιοῦτον
2739 2843 2884 2913 ἔχειν
2916 2844 3031 2915 βίον
3065 2846 3292 2901 ἀπαιτεῖ
3321 2850 3420 2902 καὶ
3478 2851 3600 2911 τοὺς
3650 2865 3754 2919 χει-

2185 2934 2607 3004 ροτονουμένους
2656 2934 2974 3006 κληρικούς.
3013 2937 3175 2990 Ἀλλὰ
3224 2941 3295 2992 τὰ
3347 2940 3518 2994 πλείω
3560 2941 3753 2994 τούτων

2177 3028 2292 3087 τοῖς
2323 3025 2486 3091 ἱεροῖς
2515 3027 2769 3094 παρεῖται
2797 3026 3010 3091 κανόσι,
3053 3027 3194 3098 μήτε
3243 3033 3391 3084 κατά
3435 3031 3545 3085 τῶν
3605 3028 3754 3082 θείων

495 3121 677 3173 neque
733 3111 1110 3165 necessarium
1195 3116 1451 3183 judicant
1503 3137 1666 3190 super
1723 3139 2074 3185 sacrosancta

2185 3115 2534 3184 Εὐαγγελίων
2563 3116 2793 3186 ὀμνύναι
2824 3117 2951 3182 τοὺς
2975 3118 3390 3188 ψηφιζομένους
3441 3123 3551 3176 δεῖν
3583 3121 3758 3191 οίομέ·

495 3200 782 3272 Evangelia
821 3202 1030 3271 jurare,
1060 3220 1238 3275 neque
1268 3209 1574 3269 electiones
1613 3216 1730 3271 ﬁeri
1769 3234 1798 3272 a
1859 3223 2079 3282 clericis

2185 3225 2315 3272 νοις,
2351 3209 2490 3278 μήτε
2526 3209 2677 3278 παρά
2705 3208 2813 3262 τῶν
2833 3209 3110 3279 κληρικῶν
3139 3211 3171 3280 ἢ
3196 3211 3310 3263 τῶν
3364 3214 3599 3284 πρώτων
3662 3214 3754 3282 τῆς

494 3293 582 3346 vel
634 3295 971 3362 primoribus
1023 3298 1287 3364 civitatis,
1347 3303 1442 3357 sed
1495 3305 1564 3360 ab
1596 3307 1873 3379 episcopis
1922 3315 2076 3382 solis,

495 3384 590 3454 qui
626 3394 680 3438 et
711 3388 976 3442 rationem
1022 3407 1122 3460 pro
1173 3391 1284 3448 illis
1355 3409 1540 3469 coram
1591 3399 1781 3471 judice
1830 3407 2077 3462 omnium

495 3477 759 3534 reddituri
796 3489 946 3534 sunt.

1221 3641 1353 3700 Lex.

565 3746 635 3801 At
665 3747 708 3803 si
743 3752 1184 3818 accusationem,
1212 3756 1413 3826 inquit,
1445 3757 1646 3830 aliquis
1677 3764 1915 3819 moverit
1944 3780 2079 3820 con-

495 3851 581 3896 tra
614 3845 929 3914 episcopum
967 3848 1050 3902 vel
1086 3849 1370 3918 clericum,
1423 3857 1516 3924 qui
1572 3857 1918 3914 ordinandus
1971 3871 2078 3926 est,

497 3951 668 4004 super
719 3938 917 4006 quavis
963 3955 1153 4005 causa,
1211 3943 1499 3999 differatur
1548 3947 1823 4004 ordinatio
1861 3951 1976 4016 illa,
2026 3960 2080 4009 t-t

499 4037 758 4083 accurata
796 4032 1134 4109 examinatio
1185 4035 1456 4091 habeatur
1503 4039 1647 4093 intra
1694 4051 1807 4097 tres
1841 4058 2078 4109 menses,

499 4126 555 4169 et
606 4117 652 4170 si
706 4106 1006 4173 obnoxium
1053 4121 1360 4178 invenerint
1412 4140 1537 4181 eum
1591 4128 1686 4196 qui
1738 4129 2080 4189 ordinandus

499 4218 609 4270 est,
638 4212 804 4264 etiam
833 4211 1196 4280 prohibeatur
1227 4216 1506 4272 ordinatio
1533 4236 1547 4274 :
1580 4220 1664 4274 sin
1699 4236 1828 4274 vero
1868 4221 2078 4289 insons,

501 4300 812 4356 ordinetur.
843 4303 912 4356 At
950 4304 997 4359 si
1046 4315 1341 4362 accusator
1369 4325 1480 4364 non
1527 4313 1696 4380 possit
1740 4314 1994 4382 probare,
2033 4315 2078 4372 si

500 4393 739 4450 clericus
788 4396 882 4462 sit,
931 4412 1033 4453 suo
1062 4401 1232 4469 gradu
1284 4401 1545 4469 excidat;
1589 4404 1674 4458 sin
1703 4421 1834 4460 vero
1881 4407 2076 4476 laicus,

2180 3300 2390 3363 πόλεως
2423 3301 2522 3363 τὰς
2544 3301 2759 3368 ψήφους
2789 3301 3058 3368 γίνεσθαι,
3088 3304 3229 3356 ἀλλὰ
3262 3305 3444 3375 μόνων
3497 3305 3604 3358 τῶν
3642 3306 3751 3358 ἐπι-

2182 3395 2422 3459 σκόπων,
2475 3394 2525 3446 υἳ
2589 3393 2684 3446 καὶ
2743 3394 2834 3446 τὸν
2859 3394 3000 3464 ὑπὲρ
3046 3396 3252 3450 τούτων
3305 3399 3468 3469 λόγον
3498 3398 3630 3470 πρὸς
3669 3393 3756 3450 τοῦ

2182 3481 2363 3535 κοινοῦ
2388 3482 2577 3553 κριτοῦ
2604 3483 3125 3553 είσπραχθήσονται.

2871 3622 3090 3689 Νόμος.

2251 3736 2602 3808 Κατηγορίας
2633 3736 2712 3802 δὲ,
2750 3737 2903 3807 φησὶ,
2941 3738 3075 3809 πρός
3107 3757 3254 3805 τινος
3271 3744 3598 3817 κινηθείσης
3624 3743 3758 3800 κατὰ

2179 3829 2274 3883 τοῦ
2317 3830 2607 3898 μέλλοντος
2647 3832 3078 3899 χειροτονεῖσθαι
3132 3834 3441 3891 ἐπισκόπου
3497 3839 3530 3909 ἢ
3575 3838 3760 3908 κληρι-

2182 3921 2281 3974 κοῦ
2333 3921 2418 3989 ἐφ’
2460 3921 2754 3991 οἱαδήποτε
2803 3921 2974 3994 αἰτίᾳ,
3032 3925 3432 3983 ἀναϐαλλέσθω
3477 3932 3510 4001 ἡ
3547 3930 3761 3998 τοιαύτη

2182 4011 2512 4084 χειροτονία,
2549 4013 2642 4065 καὶ
2674 4013 2900 4082 ζήτησις
2932 4015 3308 4086 ἀκριϐεστάτη
3345 4022 3580 4088 γινέσθω
3607 4021 3762 4091 τριῶν

2183 4107 2312 4159 εἴσω
2345 4106 2530 4177 μηνῶν
2557 4122 2571 4136 ο
2597 4108 2692 4158 καὶ
2722 4108 2772 4158 εἰ
2795 4107 2894 4175 μὲν
2915 4107 3220 4172 ὑπεύθυνος
3271 4113 3534 4186 εὑρεθείη
3591 4116 3618 4168 ὁ
3644 4114 3764 4185 μέλα

2181 4199 2290 4253 λων
2310 4198 2877 4269 χειροτονηθήσεσθαι,
2912 4200 3206 4256 κωλυέσθω
3241 4206 3274 4272 ἡ
3309 4208 3623 4277 χειροτονία
3650 4225 3664 4236 ·
3716 4205 3761 4259 εἰ

2180 4292 2238 4346 δέ
2267 4292 2578 4357 ἀνεύθυνος,
2603 4293 3018 4362 χειροτονείσθω
3053 4309 3066 4322 ·
3101 4296 3129 4347 ὀ
3161 4296 3216 4349 δὲ
3255 4299 3336 4369 μὴ
3373 4301 3602 4372 ίσχύσας
3631 4303 3762 4355 ἀπο-

2181 4387 2350 4452 δεῖξαι
2379 4388 2708 4456 κατήγορος,
2741 4385 2791 4440 ει
2827 4387 2930 4457 μὲν
2961 4387 3225 4458 κληρικὸς
3252 4393 3365 4464 εἴη,
3417 4397 3513 4451 τοῦ
3569 4396 3764 4452 οἰκείου

499 4495 902 4556 competentem
931 4491 1329 4547 coercitionem
1358 4495 1650 4550 sustineat.
1675 4494 1730 4549 Si
1752 4508 1931 4552 autem
1962 4500 2080 4568 quis

2188 4478 2495 4544 ἐξωθείσθω
2523 4476 2760 4547 βαθμοῦ,
2793 4479 2846 4530 εί
2885 4479 2941 4532 δὲ
2974 4480 3183 4545 λαῖκὸς,
3214 4487 3629 4558 ἶπροσηκόντως
3669 4505 3768 4541 σωο

502 4586 629 4631 aute
647 4578 1112 4636 cxamiuationem
1135 4598 1317 4638 causa:
1343 4586 1494 4640 illum
1515 4588 1877 4656 ordinaverit,
1902 4607 2084 4648 sacer-

502 4667 654 4723 dotio
681 4680 914 4724 exuatur
947 4687 1050 4728 una
1085 4691 1207 4730 cum
1237 4679 1516 4735 ordinato.

574 4759 678 4828 Qui
741 4763 906 4817 etiam
957 4775 1147 4822 contra
1198 4783 1352 4824 suam
1397 4771 1538 4828 infra
1590 4773 1731 4831 latas
1781 4777 2081 4832 sententias

501 4854 965 4926 subscriptionem
1019 4859 1204 4927 iverit,
1235 4863 1422 4918 dicens
1473 4875 1664 4936 postea
1721 4869 1932 4939 aliquid
1967 4870 2074 4926 sibi

507 4942 840 5012 innotuisse,
895 4950 1196 5018 quominus
1246 4953 1453 5011 electus
1489 4956 1796 5026 ordinetur,
1839 4977 1948 5018 non
1983 4963 2082 5016 de-

503 5045 764 5105 ponetttr,
793 5037 900 5094 nisi
933 5040 986 5094 in
1004 5047 1348 5112 argumentis
1375 5048 1616 5104 vacillet.

501 5233 656 5309 CAP,
726 5235 795 5309 ll.
861 5236 1018 5303 Quod
1078 5240 1295 5295 minime
1356 5252 1595 5309 oporteat
1658 5245 2082 5300 ordinandorum

593 5305 876 5364 electiones
905 5310 986 5365 vel
1010 5325 1044 5363 ο
1075 5305 1417 5382 magistratu,
1455 5315 1536 5368 vel
1565 5331 1597 5368 a
1626 5316 1816 5384 papula
1844 5318 1982 5386 ﬁeri.

569 5485 763 5552 Quaere
791 5502 890 5557 cap
923 5486 989 5543 19
1026 5487 1132 5543 litt.
1166 5487 1229 5542 E.

573 5579 829 5639 Canones
881 5580 1104 5647 quidem
1165 5581 1235 5634 12
1281 5593 1337 5636 et
1391 5580 1460 5637 13
1506 5582 1732 5639 concilii
1780 5581 2080 5640 Laodiceni

505 5671 650 5742 plebi
678 5687 785 5726 non
811 5675 1132 5741 permittunt
1162 5685 1258 5729 aut
1287 5678 1579 5747 episcopos
1609 5686 1712 5733 aut-
1731 5679 2082 5750 presbyteros

491 5763 728 5832 eligere,
765 5765 860 5821 sed
909 5765 1013 5822 hoc
1053 5767 1172 5848 ﬁeri
1222 5770 1412 5826 volunt
1458 5770 1760 5827 secundum
1816 5771 2078 5828 iudicium

2186 4570 2546 4639 φρονιζέσθω.
2579 4570 2641 4622 Εἰ
2674 4571 2731 4622 δέ
2760 4587 2845 4635 τις
2885 4571 2992 4641 πρὸ
3035 4571 3340 4640 ἐξετάσεως
3369 4580 3570 4634 τοῦτον
3591 4597 3768 4650 χειρο-

2184 4663 2456 4733 τονήσειε,
2505 4662 2882 4733 καθαιρείσθω
2917 4662 3143 4732 σύναιμα
3186 4667 3265 4736 τῷ
3309 4673 3768 4742 χειροτονηθέντι.

2265 4755 2329 4807 Ὀ
2355 4755 2412 4807 δὲ
2439 4757 2506 4826 τῇ
2542 4754 2721 4823 οἰκείᾳ
2759 4755 3171 4825 ἐναντιούμενος
3221 4762 3355 4829 περὶ
3407 4763 3506 4826 τὰς
3560 4764 3768 4832 ψήφους

2185 4849 2502 4916 ὑπογραφῇ,
2529 4847 2702 4915 λέγων
2730 4847 2870 4916 μετά
2896 4847 3070 4901 ταῦτα
3119 4851 3510 4922 μεμαθηκέναι
3559 4856 3677 4909 τόδε
3718 4871 3770 4907 τι

2184 4940 2243 4991 τὸ
2274 4939 2482 4991 κωλύον
2506 4939 2595 4992 τὸν
2618 4937 2964 5007 ψηφισθέντα
2993 4942 3464 5012 χειροτονηθῆναι,
3501 4945 3677 5009 ἄλλως
3710 4946 3768 4997 οὗ

2185 5028 2668 5100 καθαιρεθήσεται,
2706 5029 2754 5081 εί
2779 5027 2854 5098 μὴ
2899 5031 3028 5098 περὶ
3075 5029 3175 5093 τὰς
3215 5033 3528 5101 ἀποδείξεις
3577 5037 3769 5105 ἀτονή-

2186 5138 2244 5173 σε
2254 5139 2350 5174 ιεν.

2185 5237 2437 5292 ΚΕΦΛΛ.
2471 5234 2547 5313 ξ’.
2579 5235 2701 5287 Ὅτι
2730 5234 2849 5313 τιίς⁸
2886 5234 3006 5313 τῷν
3054 5241 3615 5313 χειροτονουμένων
3655 5241 3770 5313 ψή.

2252 5325 2409 5378 φους
2446 5305 3148 5382 οὕτε-παρὰιάρχόντων,
3179 5309 3319 5363 οὔτε
3343 5305 3509 5382 uirga
3536 5315 3644 5368 τοῦ
3663 5305 3761 5380 ’ὃή-

2251 5375 2370 5448 λιου
2404 5379 2675 5448 γίνεσθαι
2700 5375 2837 5444 χρή.

2255 5490 2494 5563 Ζήτειτδ
2535 5489 2598 5543 ιθ¹
2629 5505 2756 5556 κεφ.
2785 5485 2880 5540 τοῦ
2921 5487 2961 5540 Ε
2989 5490 3282 5560 στοιχείου,

2255 5584 2324 5635 "0
2360 5599 2422 5651 γε
2457 5581 2563 5652 μὴν
2597 5579 2665 5650 ιβ’
2692 5579 2786 5632 καὶ
2815 5578 2844 5630 ὁ
2873 5575 2939 5646 ιγ’
2967 5578 3068 5646 τῆς
3099 5581 3157 5632 ἐν
3199 5581 3502 5656 Λαοδικείᾳ
3556 5587 3768 5640 συνόδου

2186 5673 2368 5727 κανὼν
2427 5672 2486 5724 οὐ
2515 5674 2625 5734 τοῖς
2656 5668 2835 5740 ὄχλοις
2863 5669 3255 5739 ἐπιτρέπουσιν
3284 5672 3316 5742 ἢ
3362 5674 3708 5740 ἐπισκόπους
3735 5675 3767 5746 ἦ

2187 5784 2289 5825 πρε
2303 5765 2587 5834 δευτέρους
2613 5759 2948 5831 ἐκλέγεσθαι,
2978 5760 3117 5816 ἀλλὰ
3140 5764 3205 5834 τῇ
3227 5763 3414 5833 κρίσει
3437 5767 3536 5822 τοῦ
3573 5784 3748 5836 μητοο
