4028 6444
295 433 398 496 293

1319 429 1728 492 SYNTAGMA
1757 427 2392 498 ALPl-IABETlCUM.
2428 461 2495 470 -
2534 429 2604 483 X-

3482 426 3583 490 10!:

297 546 544 612 πολίτου,
581 546 678 600 καὶ
706 541 813 602 τῶν
845 546 946 617 τῆς
974 546 1246 618 ἐπαρχίας
1297 548 1463 601 αὑτοῦ
1514 550 1835 603 ἐπισκόπων
1868 564 1882 579 ⁸

1995 553 2406 622 metropolitani
2465 563 2519 610 et
2580 555 2879 626 provinciae
2930 553 3096 608 istius
3149 551 3577 622 episcoporum:
3648 545 3661 564 λ

299 636 437 691 ε’ίναι
463 638 518 690 δέ
557 639 648 690 τὸν
672 639 1035 708 ἐκλεγόμενον
1064 641 1128 692 ἐκ
1167 639 1370 693 πολλοῦ
1408 639 1880 712 δεδοκιμασμένον

297 731 355 783 ἐν
393 749 450 783 τε
471 730 615 799 λόγῳ
655 731 748 784 καὶ
779 731 1021 802 πράξει,
1053 732 1131 796 ὡς
1168 731 1248 802 τῷ
1295 731 1396 800 μὲν
1425 731 1688 787 δύνασθαι
1747 735 1876 800 τοὺς

301 826 396 880 ὑπ’
422 827 582 879 αὑτὸν
607 829 744 896 πρὸς
787 828 887 895 τὴν
920 827 1272 896 ὑγιαίνουσαν
1299 829 1485 882 πίστιν
1516 828 1879 899 παρακαλεῖν,

303 921 397 972 καὶ
434 919 559 981 τοὺς
619 920 1005 988 ἀντιλέγοντας
1031 922 1146 983 τοῖς
1185 922 1367 992 ὀρθοῖς
1400 921 1670 990 δόγμασιν
1708 919 1880 986 ’ἐλέγ-

253 991 274 1008 ⁸
304 1030 436 1081 χειν,
475 1011 550 1080 τῷ
584 1013 640 1064 δὲ
670 1012 770 1082 βίῳ
825 1007 935 1064 οἷόν
963 1030 1020 1064 τε
1058 1009 1196 1064 εἶναι
1226 1013 1362 1081 πρὸς
1406 1013 1500 1065 τὸν
1532 1011 1632 1079 τῆς
1679 1012 1882 1082 ἀρετῆς

305 1102 460 1172 ζῆλον
492 1102 670 1154 ’ἐλκειν
700 1103 828 1164 τοὺς
858 1104 994 1172 πρὸς
1022 1103 1184 1158 αὑτὸν
1229 1103 1549 1174 βλέποντας,
1600 1102 1764 1155 εύθύν
1821 1118 1879 1152 τε

300 1196 426 1247 ὄντα
454 1197 541 1246 καὶ
583 1195 967 1264 ἀνεπίληπτον,
995 1195 1090 1250 καί¹
1124 1195 1348 1266 τρόποις
1400 1196 1662 1265 χρηστοῖς
1725 1192 1882 1263 εὐθη-

300 1284 392 1338 νού
402 1302 576 1354 μενον.

295 1401 547 1456 ΚΕΦΑΛ.
577 1402 652 1454 Γ¹.
689 1401 826 1466 Περὶ
856 1401 964 1454 τοῦ
994 1402 1218 1470 χρόνου
1253 1397 1326 1457 οὗ
1371 1402 1546 1466 ἐντὸς
1592 1400 1686 1455 δεῖ
1737 1401 1879 1467 τοὺς

639 1473 1016 1536 ἐπισκόπους
1049 1473 1538 1540 χειροτονεῖσθαι,

382 1564 440 1619 Ὀ
478 1572 556 1618 κε’
577 1564 676 1634 τῆς
707 1563 748 1617 δ’
779 1565 997 1617 συνόδου
1033 1564 1213 1618 κανὼν
1262 1565 1361 1627 τὰς
1413 1565 1523 1619 τῶν
1565 1565 1878 1618 ἐπισκόπων

295 1658 633 1727 χειροτονίας
654 1657 801 1719 ἐντὸς
823 1657 992 1727 τριῶν
1023 1656 1212 1726 μηνῶν
1230 1655 1479 1724 γίνεσθαι
1508 1656 1875 1716 διατάττεται,

295 1749 428 1819 παρ’
457 1743 536 1812 οἷς
576 1749 609 1820 ή
645 1749 868 1801 ἐκείνων
891 1749 1087 1818 ἀνήκει
1124 1749 1492 1818 προχείρισις.
1532 1747 1609 1800 Οὐ
1651 1746 1761 1816 γὰρ
1785 1746 1879 1798 ἐπὶ

297 1841 435 1894 πολὺ
465 1841 569 1910 χρὴ
599 1843 726 1904 τοὺς
746 1842 856 1894 τῶν
895 1841 1206 1910 ἐκκλησιῶν
1255 1843 1418 1906 λαοὺς
1461 1843 1706 1912 ἐρήμους
1735 1839 1875 1892 εἶναι

1987 657 2113 697 esse
2133 645 2304 698 etiam
2337 645 2573 699 electum
2623 647 2715 701 diu
2767 647 3064 716 probatum
3099 653 3153 699 et
3190 644 3243 697 in
3297 657 3580 708 sermone,

1985 745 2042 792 et
2081 737 2138 791 in
2173 739 2460 806 operibus,
2497 739 2571 792 ita
2605 749 2666 793 ut
2703 740 2878 808 possit
2911 751 3106 792 omnes
3135 738 3229 805 qui
3261 737 3365 805 ipsi
3405 734 3584 802 subii-

1987 827 2218 883 ciuntur
2248 828 2302 881 in
2345 828 2452 882 ﬁde
2489 845 2620 884 sana
2657 830 2964 895 adhortari,
3013 838 3069 882 et
3115 828 3384 883 doctrinae
3417 835 3583 879 rectae

1984 921 2427 978 contradicentes
2461 937 2714 992 arguere,
2761 931 2815 976 et
2842 925 2954 976 vita
2992 923 3156 975 talem
3202 936 3259 975 se
3287 930 3574 990 praestare.

1986 1025 2044 1068 ut
2074 1025 2242 1086 queat
2275 1015 2340 1068 ad
2379 1031 2623 1070 amorem
2680 1017 2905 1071 virtutis
2953 1015 3076 1070 illos
3114 1014 3334 1070 trahere
3387 1013 3479 1082 qui
3509 1012 3575 1064 ad

1982 1107 2164 1176 ipsum
2200 1106 2496 1171 accedunt,
2531 1107 2794 1160 nimirum
2859 1116 3090 1171 rectam,
3139 1105 3475 1175 iuculpatam
3524 1110 3578 1157 et

1985 1199 2272 1253 honestam
2305 1197 2473 1252 vitam
2503 1213 2688 1268 agere.

1981 1398 2136 1453 CAP.
2172 1398 2260 1455 Ill.
2294 1399 2371 1454 De
2407 1409 2638 1470 tempore
2674 1401 2820 1454 intra
2853 1401 2994 1470 quod
3032 1401 3302 1468 episcopos
3337 1397 3580 1452 ordinari

2657 1481 2884 1523 ovortet.

2657 1483 2884 1540 oportet.

2051 1559 2240 1614 Canon
2271 1560 2344 1616 25
2371 1562 2594 1616 concilii
2667 1565 2854 1632 quarti
2911 1565 3301 1634 episcoporum
3353 1565 3580 1620 ordina-

1985 1658 2164 1710 tiones
2238 1656 2382 1711 intra
2433 1667 2544 1711 tres
2597 1671 2816 1712 menses
2853 1657 2921 1710 ab
2959 1659 3064 1713 illis
3117 1660 3230 1713 ﬁeri
3275 1659 3456 1727 jubet,
3511 1659 3579 1711 ad

1980 1763 2123 1818 quos
2150 1762 2238 1802 res
2265 1748 2370 1802 ista
2402 1748 2667 1816 pertinet.
2703 1746 2822 1802 Non
2852 1748 3000 1803 enim
3031 1750 3189 1804 decet
3215 1749 3577 1804 ecclesiarum

1981 1851 2158 1896 coctus
2185 1839 2278 1894 diu
2325 1839 2671 1909 providentia
2705 1851 2988 1910 pastorum
3016 1857 3228 1906 carere,
3252 1852 3306 1897 et
3340 1843 3582 1897 incertos

297 1931 398 2001 τῆς
417 1932 524 1988 τῶν
555 1933 829 2002 ποιμένων
859 1933 1134 2001 προνοίας,
1167 1934 1260 1986 καὶ
1288 1933 1363 1996 ῶς
1397 1932 1558 2002 ἔτυχε
1590 1930 1879 2003 φέρεσθαι,

1995 1931 2196 2004 vagari,
2233 1931 2337 1987 nisi
2373 1932 2514 1986 forte
2545 1947 2612 1986 ex
2640 1948 2810 1988 causa
2839 1949 3070 2002 prorsus
3101 1937 3414 1990 necessaria
3445 1951 3581 1990 con-

298 2025 350 2076 εί
383 2026 565 2094 μήπου
596 2023 654 2088 ἐξ
696 2025 870 2088 αίτίας
899 2027 1278 2095 ἀπαραιτήτου
1314 2026 1560 2096 συμϐαίη
1611 2023 1879 2092 ἐπιταθῆ-

298 2115 494 2167 ναιτὸν
527 2116 734 2185 χρόνον,
793 2119 885 2170 καὶ
933 2117 1298 2186 ὑπερτεθῆναι
1347 2117 1446 2188 τὴν
1517 2115 1877 2188 χειροτονίαν,

301 2205 404 2258 ὐπὸ
435 2206 727 2277 βαρϐάρων
767 2210 897 2273 ἴσως
923 2210 1230 2272 ἑαλωκυίας
1257 2211 1357 2280 τῆς
1387 2209 1597 2274 πόλεως
1622 2227 1636 2241 ·
1664 2211 1792 2273 τοὺς
1822 2211 1881 2263 δὲ

308 2299 382 2366 μὴ
405 2298 546 2352 οῦτω
574 2301 862 2364 ποιοῦντας
910 2303 1382 2373 ἐκκλησιαστικοίς
1413 2301 1711 2372 ἐπιτιμίοις
1754 2303 1884 2354 ὑπο-

304 2393 612 2453 ϐάλλεσθαι.
671 2395 781 2468 Τὴν
838 2397 1022 2468 μέντοι
1085 2398 1350 2467 πρόσοδον
1405 2398 1505 2469 τῆς
1534 2398 1884 2467 χηρευούσης

306 2490 614 2560 ἐκκλησίας,
675 2490 770 2545 τοῦ
825 2491 1020 2562 καιροῦ
1069 2493 1182 2546 τῶν
1232 2494 1400 2561 τριῶν
1450 2491 1641 2562 μηνῶν
1687 2490 1721 2561 ἦ
1789 2493 1887 2543 καὶ

1991 2023 2168 2094 tingat
2198 2033 2417 2091 tempus
2449 2025 2760 2094 prorogari,
2807 2033 2861 2080 et
2895 2023 3106 2080 differri
3146 2026 3580 2090 ordinationem,

1988 2121 2389 2192 261§civitate
2418 2130 2546 2189 puta
2567 2135 2595 2174 a
2628 2119 2883 2175 Barbaris
2902 2131 3082 2192 capta.
3103 2122 3205 2188 Qui
3239 2123 3395 2176 aliter
3430 2122 3581 2176 fece-
3667 2164 3675 2170 .

1987 2212 2120 2277 rint,
2162 2195 2341 2280 pomis
2363 2210 2762 2267 ecclesiasticis
2787 2212 3006 2281 subjici.
3029 2212 3362 2268 Proventum
3396 2223 3579 2268 tamen
3661 2240 3672 2256 ι

1985 2304 2234 2357 ecclesiae
2266 2303 2538 2368 vacantis,
2570 2319 2666 2372 per
2698 2305 2937 2373 spatium
2981 2306 3144 2359 trium
3183 2305 3454 2359 mensium
3487 2313 3581 2358 aut

1988 2396 2136 2450 ultra
2167 2396 2236 2450 ab
2267 2396 2432 2452 istius
2485 2398 2734 2453 ecclesiae
2783 2413 3070 2453 oeconomo
3107 2407 3416 2468 receptum,
3466 2399 3584 2468 epi-

1990 2504 2158 2559 scopo
2192 2490 2286 2558 qui
2318 2490 2660 2544 ordinandus
2705 2503 2790 2546 est
2833 2493 3104 2547 reservari
3161 2493 3332 2564 jubet.

302 2587 567 2652 πλείονος,
600 2589 745 2644 σώαν
807 2592 956 2661 παρὰ
1004 2590 1084 2660 τῷ
1154 2590 1428 2662 οἰκονόμῳ
1477 2589 1576 2660 τῆς
1624 2587 1794 2658 αὐτῆς
1843 2585 2138 2656 ἐκκλησίας
2191 2587 2469 2642 ἐπιτάττει
2538 2586 2904 2656 φυλάττεσθαι
2988 2589 3063 2659 τῷ
3131 2589 3582 2662 χειροτονηθήσε-

305 2685 431 2739 σθαι
457 2685 728 2753 μέλλοντι.

376 2780 620 2849 Ζήτειτὺ
658 2780 739 2846 κζ’
764 2799 889 2850 κεφ.
927 2781 1019 2836 τοῦ
1054 2783 1091 2835 Ε
1124 2780 1394 2851 στοιχείου

304 2892 556 2965 ΚΕΦΑΛ.
581 2897 650 2946 Δ’.
694 2895 979 2964 Ὀποιόυς
1007 2893 1159 2951 εἶναι
1213 2897 1310 2950 δεῖ
1334 2898 1477 2962 τοὺς
1518 2912 1894 2965 χειροτονου-

373 2964 597 3032 μένους
656 2965 1058 3034 ἐπισκόπους,
1117 2969 1218 3021 καὶ
1264 2969 1399 3021 τίνα
1452 2969 1570 3036 πρὸ
1644 2966 1891 3020 πάντων

376 3037 694 3103 γινώσκειν
720 3036 860 3106 χρή.

391 3148 448 3202 ’0
489 3149 532 3220 β’
563 3152 661 3219 τῆς
687 3149 730 3216 ζ’
760 3150 978 3204 συνόδου
1015 3149 1198 3205 κανὼν
1257 3151 1336 3222 τῷ
1375 3150 1625 3220 μέλλοντι
1667 3165 1888 3220 προχει-

311 3240 556 3312 ρίζεσθαι
592 3243 688 3294 καλ⁸
724 3245 804 3304 είς
829 3243 920 3294 τὸν
950 3243 1048 3312 τῆς
1069 3244 1378 3311 ἐπισκοπῆς
1401 3243 1610 3296 ἀνιέναι
1653 3241 1884 3311 βαθμὸν,

303 3333 463 3388 τοῦτο
485 3330 622 3385 εἷναί
650 3335 699 3385 oi
731 3332 1008 3403 προύργου
1042 3335 1450 3404 παρεγγυᾶται,
1474 3335 1564 3386 τὸν
1617 3333 1886 3401 Ψαλτῆρα

308 3425 504 3488 παντὸς
533 3425 734 3494 μᾶλλον
763 3426 1488 3489 ἐπίστασθαι,ἐκπαιδεύειν
1537 3443 1598 3478 τε
1647 3427 1740 3478 τὸν
1801 3426 1882 3477 ol-

309 3516 452 3568 κεῖον
488 3515 617 3569 λαδν
641 3518 712 3570 τά
742 3519 935 3570 τούτου
961 3517 1067 3588 πρὸ
1102 3516 1210 3569 τῶν
1257 3517 1434 3571 ἄλλων
1477 3517 1627 3588 ᾅδειν
1671 3533 1728 3569 τε
1789 3517 1886 3568 καὶ

321 3607 556 3675 μυεῖσθαι
589 3610 1014 3676 ’ἀνακρίνεσθαι
1055 3611 1112 3664 δέ
1149 3608 1408 3679 enata;
1466 3611 1602 3680 πρὸς
1657 3607 1752 3661 τοῦ
1805 3611 1886 3661 oi-

317 3698 449 3751 κείου
484 3701 906 3770 μητροπολίτου,
937 3704 984 3755 εἰ
1015 3700 1312 3773 προθύμως
1344 3701 1477 3771 ἔχει,
1513 3701 1883 3770 ἐρευνητικῶς

309 3789 398 3841 καὶ¹
421 3790 479 3841 οὐ
511 3790 651 3843 κατὰ
681 3790 742 3842 τὸ
785 3791 1036 3860 παρῆκον
1081 3790 1207 3854 τοὺς
1263 3789 1442 3860 ἱεροὺς
1481 3791 1883 3858 ἀναγινώσκειν

305 3883 550 3947 κανόνας,
580 3887 672 3935 καὶ
701 3884 760 3936 τὸ
796 3885 949 3953 ἆγιον
983 3883 1335 3952 Εὐαγγέλιον,
1374 3884 1473 3952 τήν
1522 3901 1582 3936 τε
1612 3883 1704 3935 τοῦ
1734 3883 1882 3934 θείου

318 3974 638 4036 Ἀποστόλου
670 3977 872 4046 βίὸλον,
910 3979 1004 4030 καὶ
1038 3980 1217 4030 πᾶσαν
1238 3976 1336 4047 τὴν
1359 3977 1527 4047 ἄλλην
1561 3976 1710 4030 θείαν
1745 3976 1886 4045 Γρα-

305 4061 432 4133 φὴν,
484 4065 576 4117 καὶ
634 4064 724 4118 τὸν
781 4065 905 4119 νοῦν
960 4067 1129 4134 αὐτῆς
1185 4066 1490 4130 σπουδαίως
1537 4067 1881 4135 ἐκλέγεσθαι,

307 4157 404 4208 καὶ
443 4157 580 4209 κατὰ
604 4159 670 4210 τὰ
697 4157 815 4212 θεῖα
853 4157 1056 4229 ταύτης
1080 4159 1395 4230 ἐντάλματα
1431 4161 1595 4214 αὐτόν
1625 4177 1684 4213 τε
1710 4161 1880 4231 βιοῦν,

306 4248 549 4311 καὶτοὺς
583 4249 776 4311 ἄλλους
799 4249 1014 4318 ἐνάγειν
1047 4253 1169 4322 περὶ
1207 4251 1460 4304 πλείστου
1508 4250 1683 4306 ταῦτα
1736 4252 1882 4305 τιθέ-

306 4355 414 4399 ναι,
458 4338 673 4408 ἐτοιμόν
696 4356 755 4392 τε
785 4335 928 4394 εἶναι
962 4341 1098 4411 πρὸς
1129 4341 1433 4413 ἀπολογίαν
1465 4343 1632 4396 παντὶ
1665 4345 1744 4413 τῷ
1805 4343 1886 4395 αι-

304 4432 481 4484 τοῦντι
510 4429 668 4498 λόγον
701 4433 830 4502 περὶ
856 4434 955 4502 τῆς
987 4434 1044 4486 ἐν
1070 4434 1202 4502 ἡμῖν
1231 4434 1467 4500 ἐλπίδος,
1501 4435 1595 4486 καὶ
1635 4438 1764 4498 τοὺς
1791 4436 1882 4488 ὑπ’

2045 2773 2236 2841 Quare
2265 2787 2386 2842 cap.
2424 2770 2496 2824 27
2517 2770 2620 2826 litt.
2653 2771 2717 2825 E.

1996 2889 2148 2946 CAP.
2187 2887 2276 2943 IV.
2311 2887 2510 2953 Quales
2542 2903 2654 2940 esse
2679 2903 2766 2939 eos
2807 2895 3015 2948 oportet
3041 2886 3130 2954 qui
3167 2886 3400 2954 episcopi
3429 2885 3581 2937 ordi-

2066 2960 2229 3014 nandi
2259 2969 2404 3022 suut,
2435 2969 2483 3012 et
2516 2974 2759 3028 quantum
2787 2973 2898 3024 prw
2932 2959 3134 3011 caneris
3165 2957 3300 3010 scire
3335 2956 3580 3010 debeant.

2061 3141 2252 3196 Canon
2284 3139 2320 3194 2
2355 3139 2550 3212 synodi
2582 3141 2852 3212 septimae,
2883 3140 2977 3210 qui
3002 3138 3068 3194 ad
3096 3139 3330 3210 gradum
3354 3139 3578 3207 episeo-

1993 3242 2155 3305 patus
2195 3233 2606 3305 promovendus
2661 3243 2714 3288 et
2764 3233 3102 3289 attollendus
3156 3243 3262 3298 est,
3303 3250 3576 3290 summam

1991 3340 2181 3380 curam
2229 3324 2494 3380 adhibere
2555 3325 2802 3390 mandat,
2854 3333 2914 3379 ut
2951 3325 3187 3377 maxime
3240 3323 3578 3380 Psalterium

1993 3417 2286 3487 intelligat,
2325 3428 2656 3486 moneatqne
2687 3416 2950 3485 populum
3002 3415 3238 3485 hymnos
3289 3415 3418 3470 illos
3469 3430 3581 3484 prae

1990 3510 2204 3565 caeteris
2239 3523 2440 3564 canere
2469 3517 2524 3561 et
2554 3507 2773 3561 callere:
2801 3515 3062 3561 accurate
3097 3507 3265 3559 etiam
3304 3521 3332 3558 a
3372 3514 3581 3559 metro-

1990 3602 2234 3670 politano
2288 3616 2388 3656 suo
2424 3601 2754 3664 examinari,
2786 3604 3118 3668 an‘paratus
3155 3600 3228 3653 sit
3263 3599 3444 3667 legere
3488 3599 3576 3651 di-

1989 3695 2225 3763 ligenter
2256 3705 2310 3749 et
2343 3709 2452 3748 non
2482 3693 2665 3747 obiter
2701 3708 2890 3748 sacros
2939 3707 3202 3756 canones,
3227 3700 3282 3745 et
3318 3703 3573 3745 sanctum

1990 3789 2369 3858 Evangelium,
2431 3800 2486 3840 et
2520 3787 2722 3841 librum
2758 3787 2865 3840 divi
2903 3786 3176 3854 Apostoli,
3212 3794 3265 3838 et
3303 3786 3573 3854 reliquam

1989 3878 2334 3947 Scripturam
2363 3893 2603 3943 sacram,
2635 3886 2690 3933 et
2720 3891 2946 3932 sensum
2976 3876 3095 3947 ejus
3123 3877 3317 3930 sedulo
3346 3876 3572 3931 elicere:

1987 3985 2038 4028 et
2059 3973 2214 4042 juxta
2239 3972 2360 4041 ejus
2386 3971 2571 4026 divina
2612 3981 2884 4040 praecepta
2908 3982 2961 4022 et
2991 3967 3159 4022 vitam
3196 3983 3349 4023 suam
3386 3983 3572 4037 agere,

1987 4075 2042 4118 et
2081 4065 2220 4117 alios
2262 4061 2498 4118 suadere
2527 4063 2643 4116 hzcc
2675 4060 2903 4114 maximi
2933 4057 3137 4120 facere,
3159 4065 3216 4111 et
3249 4067 3570 4128 promptum

1987 4171 2113 4212 esse
2159 4156 2224 4209 ad
2275 4155 2723 4224 respondendum
2778 4152 2930 4206 omni
2990 4155 3084 4221 qui
3139 4151 3408 4205 rationem
3453 4150 3573 4218 spei

1989 4259 2191 4303 nostrae
2217 4246 2477 4315 exquirit,
2502 4253 2558 4298 ct
2599 4258 2798 4298 curare
2827 4250 2882 4295 ut
2912 4256 3126 4306 omnes,
3159 4242 3253 4310 qui
3306 4242 3408 4310 ipsi
3440 4242 3574 4294 sub-4

1981 4343 2276 4413 jiciuntur,
2303 4341 2370 4392 ad
2404 4338 2546 4392 idem
2573 4338 2736 4391 etiam
2767 4337 2940 4404 parati
2967 4335 3100 4388 sint.
3136 4333 3391 4388 Essentia
3422 4335 3569 4388 enim

1987 4444 2042 4490 et
2078 4433 2406 4489 constitutio
2455 4439 2662 4485 nostra:
2695 4426 3020 4482 bierarchiae
3055 4433 3185 4480 sunt
3234 4425 3456 4492 eloquia
3487 4425 3572 4477 di-

304 4523 467 4574 αύτδν
493 4525 789 4594 εὐπρεπεῖς
824 4519 965 4578 εἶναι
1005 4524 1142 4594 πρὸς
1201 4523 1359 4578 τοῦτο
1409 4525 1877 4598 παρασκευάζειν.

1995 4525 2194 4579 vinitus
2233 4523 2457 4585 tradita,
2523 4521 2603 4574 uti
2657 4521 2735 4574 ait
2767 4533 3008 4588 magnus
3061 4516 3399 4587 Dionysius;
3436 4528 3488 4572 et
3523 4519 3569 4572 si

249 4679 252 4682 .
300 4614 470 4666 Οὒσία
497 4618 602 4686 γὰρ
633 4619 723 4669 καὶ
742 4616 1001 4681 σύστασις
1032 4617 1136 4686 τῆς
1188 4619 1312 4673 καθ’
1362 4619 1512 4690 ἡμᾶς
1569 4620 1876 4690 ίεραρχίας,

299 4707 364 4759 τὰ
391 4707 764 4776 θεοπαράδοτα
785 4709 958 4777 λόγια,
995 4711 1071 4773 ὡς
1102 4713 1129 4764 ό
1159 4711 1330 4779 μέγας
1391 4713 1712 4782 ἀπεφήνατο
1759 4715 1878 4764 Διο-

301 4795 480 4858 νύσιος
513 4814 527 4827 ·
555 4800 647 4850 καὶ
679 4799 728 4850 εί
761 4799 861 4866 μέν
890 4799 1142 4869 ἀσμένως
1170 4799 1341 4854 ταῦτα
1393 4802 1567 4854 ποιεῖν
1606 4801 1887 4870 ὑπισχνεῖ-

301 4905 408 4953 ται,
441 4889 538 4958 τὴν
560 4890 892 4960 χειροτονίαν
920 4890 1219 4960 λαμϐάνειν
1259 4909 1272 4921 ·
1323 4894 1372 4945 εί
1415 4893 1470 4946 δέ
1525 4892 1888 4963 ἀμφιϐάλλων

302 4978 384 5048 εἴη
419 4982 511 5032 καὶ
545 4980 932 5050 ἀναδυόμενος,
973 4983 1254 5052 ἄπρακτον
1296 4984 1750 5054 ἀποπέμπεσθαι.
1781 4984 1888 5054 Φη-

307 5072 356 5122 σὶ
377 5073 529 5141 γαρὸ
563 5072 694 5136 Θεὸς
724 5074 813 5126 διὰ
837 5075 933 5128 τοῦ
986 5077 1269 5146 προφήτου
1303 5092 1318 5107 ο
1361 5094 1380 5127 ι
1419 5077 1490 5129 Σὺ
1524 5075 1732 5129 ἀπώσω
1769 5075 1888 5129 ἐπί-

303 5179 520 5228 γνωσιν,
546 5162 700 5232 κάγὼ
731 5165 1024 5233 ἀπὼσομαί
1051 5184 1109 5219 σε
1134 5167 1228 5219 τοῦ
1264 5168 1338 5238 μὴ
1365 5167 1667 5238 ἱερατεύειν
1699 5185 1812 5238 μοι.
1859 5187 1878 5219 ι

307 5255 365 5307 Εἰ
393 5257 500 5326 γάρ
537 5257 737 5318 πάντες
765 5258 813 5309 oi
871 5259 1053 5311 πιστοὶ
1095 5248 1391 5328 ψάλλοντες
1446 5259 1886 5328 συντασσόμεθα,

315 5344 400 5398 Ἐν
431 5351 540 5408 τοῖς
571 5347 906 5417 δικαιώμασί
946 5367 1041 5404 σου
1075 5349 1382 5419 μελετήσω,
1414 5349 1516 5402 οὐκ
1556 5349 1886 5419 ἐπιλήσομαι

300 5438 406 5491 τῶν
460 5437 635 5506 λόγων
695 5456 812 5505 σου,
868 5435 1013 5510 ἦπου
1066 5443 1178 5502 τοῖς
1204 5439 1306 5510 τὴν
1331 5439 1484 5509 ἱερὰν
1513 5439 1888 5511 ἐνδεδυμένοις

303 5531 494 5602 στολὴν
517 5532 696 5602 πολλῴ
719 5549 782 5600 γε
819 5533 1021 5603 μᾶλλον
1050 5537 1210 5586 τοῦτο
1237 5534 1506 5604 προσήκει
1547 5537 1743 5588 ποιεῖν.

384 5624 440 5675 ’0
469 5624 523 5676 δὲ
555 5625 625 5692 ιη’
651 5626 745 5677 καὶ
787 5626 851 5678 ιϐ’
895 5627 992 5694 τῆς
1052 5629 1110 5678 ἐν
1154 5625 1484 5696 Καρθαγένῃ
1534 5627 1754 5679 συνόδου
1799 5629 1889 5680 τὸν

301 5717 774 5786 χειροτονούμενον
803 5718 1315 5789 ὑπομιμνήσκεσθαι
1335 5717 1548 5771 κελεύει
1579 5720 1706 5782 τοὺς
1730 5720 1888 5790 ὅρους

303 5806 412 5861 τῶν
435 5809 690 5880 Πατέρων
721 5813 1032 5881 φυλάττειν,
1054 5813 1155 5864 ὅσα
1191 5828 1249 5864 τε
1278 5813 1405 5882 περὶ
1428 5812 1738 5881 δογμάτων,
1796 5813 1888 5866 καὶ

306 5901 405 5958 ὅσα
427 5907 553 5974 περὶ
577 5906 688 5959 τῶν
717 5906 880 5978 ἱερῶν
909 5906 1152 5962 κανόνων
1182 5905 1505 5974 ἐθέσπισαν,
1541 5907 1626 5958 ἵνα
1654 5908 1729 5976 μὴ
1760 5907 1886 5968 τοὺς

1989 4619 2222 4672 libenter
2279 4617 2606 4686 polliceatur
2639 4620 2700 4668 se
2753 4613 2864 4666 haec
2900 4612 3293 4681 praestiturum,
3347 4612 3575 4666 Ordina-

1990 4711 2196 4765 tionem
2223 4709 2504 4771 obtinere;
2537 4706 2621 4760 sin
2657 4707 2802 4759 vero
2824 4707 2894 4761 sit
2922 4705 3127 4760 dubius
3158 4707 3328 4760 animi
3365 4716 3420 4760 et
3444 4721 3577 4760 con-

1991 4802 2232 4856 ditiones
2268 4807 2506 4876 recuset,
2545 4815 2602 4853 re
2635 4799 2840 4854 infecta
2882 4798 3218 4854 dimittatur.
3252 4798 3396 4854 Dicit
3427 4801 3572 4854 enim

1991 4892 2138 4950 Deus
2172 4909 2269 4964 per
2325 4893 2698 4964 prophetam:
2755 4909 2776 4943 ι
2823 4889 2908 4945 Τιι
2973 4891 3223 4961 repulisti
3262 4893 3575 4956 scientiam,

1990 4994 2046 5040 ct
2087 5000 2188 5052 ego
2243 4970 2508 5052 repellam
2562 4993 2638 5044 te,
2670 4965 2847 5038 m-‘sis
2881 4983 3011 5037 mihi
3049 4983 3330 5038 sacerdos.
3360 5000 3380 5034 ι
3439 4983 3575 5036 Nam

1991 5081 2035 5134 si
2074 5092 2268 5132 omnes
2298 5075 2601 5131 Christiani
2645 5075 3015 5130 consistentes
3065 5089 3172 5128 una
3234 5075 3523 5143 psallimus
3558 5093 3574 5131 :

1997 5190 2016 5223 ι
2061 5169 2121 5225 In
2151 5169 2380 5236 iudiciis
2433 5169 2542 5222 tuis
2577 5169 2906 5233 meditabor,
2942 5183 3051 5221 non
3109 5167 3410 5222 obliviscar
3462 5183 3580 5222 Ser-

1991 5266 2171 5319 monis
2205 5265 2314 5319 lui:
2366 5282 2384 5313 ι
2429 5273 2578 5317 certe
2617 5263 2743 5317 illos
2791 5264 2882 5332 qui
2940 5276 3159 5316 sacrum
3215 5263 3446 5314 inlulam
3491 5261 3580 5314 in-

1993 5357 2112 5410 duti
2154 5365 2308 5420 sunt,
2348 5355 2521 5409 multo
2553 5359 2726 5424 magis
2770 5353 2872 5408 hoc
2903 5353 3089 5410 facere
3113 5355 3293 5408 decet.

2064 5621 2253 5678 Canon
2311 5633 2496 5675 autem
2527 5621 2595 5675 -l8
2650 5630 2703 5676 et
2756 5621 2824 5675 l9
2885 5621 3076 5692 synodi
3123 5621 3580 5689 Carthaginiensis

1993 5714 2278 5769 admoneri
2303 5713 2673 5767 ordinandum
2702 5715 2972 5784 praacipit,
3004 5726 3062 5766 ut
3093 5713 3320 5768 Patrqu
3357 5714 3582 5771 decreta

1993 5816 2197 5870 servet,
2233 5813 2339 5858 tam
2381 5819 2504 5873 quae
2559 5805 2706 5858 circa
2747 5805 2930 5868 Iidem,
2958 5818 3125 5872 quam
3160 5819 3343 5860 mores
3375 5823 3469 5875 per
3497 5824 3583 5862 sa-

1992 5914 2117 5955 cros
2144 5913 2382 5954 canones
2413 5906 2742 5966 sanxerunt,
2771 5914 2837 5954 ne
2862 5887 3058 5953 horum
3092 5901 3408 5958 sanctiones
3442 5918 3580 5973 pra:-
