4028 6428
445 396 550 464 199

1646 376 2011 440 ΜΑΤΤΗᾸΕῙ
2061 374 2482 436 BLASTARIS

3581 366 3683 432 200

2733 441 2764 456 ’ἣ

446 505 674 560 tentiam
731 508 786 557 et
825 501 943 572 ipse
970 499 1299 570 deponatur,
1332 503 1387 551 et
1433 491 1508 547 illi
1541 507 1682 562 quos
1723 488 2025 547 ordinavit.

2142 484 2323 546 ιὺτδς,
2370 483 2468 537 καὶ
2511 480 2604 544 οὓς
2651 478 3078 552 ἐχειροτόνησεν.
3116 477 3256 530 Ἀλλ’
3283 477 3402 532 οὐδέ
3441 478 3583 548 αὐτῷ
3618 480 3688 549 τῷ

445 597 550 651 Sed
583 611 686 651 nec
723 595 1148 663 metropolitano
1182 591 1310 644 licet
1355 589 1421 642 ad
1468 585 1702 653 alicujus
1733 583 2027 650 episcopo-

443 705 589 752 rum,
649 687 743 757 qui
790 686 894 740 sub
933 685 1052 753 ipso
1099 689 1268 745 sunt,
1320 675 1588 734 dimcesin
1626 671 1922 742 proﬁcisci,
1973 678 2028 723 et

445 794 649 834 munus
717 777 938 846 aliquod
994 771 1396 829 ltierarchicum
1474 779 1755 838 peragere,
1816 762 2030 830 absque

447 883 727 923 consensu
757 865 1024 936 episcopi.

522 959 656 1014 Vide
684 961 737 1013 in
763 975 883 1028 cap.
930 961 962 1015 9
995 959 1100 1012 litt.
1137 953 1398 1025 Asynodi
1458 948 1812 1006 Antiochene
1865 957 2032 1000 cano-

447 1066 570 1104 nein
605 1048 671 1102 15
699 1059 752 1103 ει
779 1049 874 1112 22,
903 1057 956 1102 et
998 1045 1192 1117 synodi
1243 1041 1500 1098 secundae
1529 1038 1857 1096 secundum.

448 1246 600 1301 CAP.
639 1242 806 1299 XVII.
841 1243 996 1308 Quod
1018 1258 1124 1295 non
1152 1241 1478 1310 permittitur
1508 1239 1751 1307 episcopo
1779 1234 2033 1290 clericum

856 1315 994 1366 alius
1027 1313 1308 1380 provincia:
1357 1310 1629 1363 ordinare.

519 1410 706 1462 Canon
740 1405 809 1461 54
853 1404 1048 1476 synodi
1084 1399 1533 1471 Carthagiueusis
1593 1397 1886 1467 episcopos
1939 1394 2035 1464 qui

452 1501 691 1554 alienum
771 1497 1033 1552 clericum
1093 1495 1459 1563 suscipientes
1501 1493 1553 1544 in
1608 1490 1727 1544 suis
1782 1485 2036 1566 ecclesiis

451 1594 728 1658 ordinant,
765 1590 1157 1645 communione
1185 1589 1522 1657 reliquarum
1557 1584 1761 1655 privat.

523 1765 866 1820 Constitutio
921 1771 1104 1818 autem
1137 1761 1423 1833 synodica,
1457 1774 1579 1830 quae
1614 1759 1756 1812 facta
1803 1763 1886 1812 est
1931 1755 2036 1811 sub

2133 575 2510 646 μητροπολίτῃ
2551 573 2762 638 ἔξεστιν
2797 574 2875 636 είς
2915 570 3133 640 ἐνορίαν
3165 570 3312 632 τινὸς
3343 570 3451 622 τῶν
3485 567 3575 623 ὑπ’
3595 571 3690 624 αὖ·

2129 669 2221 720 τδν
2269 669 2586 721 ἐπισκόπων
2632 666 2886 727 ἀπιέναι,
2934 665 3026 718 καὶ
3079 664 3392 733 ίεραργικόν
3436 679 3490 716 τι
3529 663 3692 718 τελεῖν

2131 757 2358 828 γνώμης
2388 756 2518 811 ἄνευ
2550 756 2643 809 τοῦ
2677 755 3006 809 ἐπισκόπου.

2204 935 2364 1001 Ζὴτει
2397 935 2454 985 ἐν
2486 930 2563 1001 τῷ
2597 928 2664 985 θ’.
2716 947 2841 999 κεφ.
2874 929 2968 984 τοῦ
2997 935 3044 984 Α
3077 931 3340 1000 στοιχείου
3370 929 3468 994 τῆς
3497 930 3553 980 ἐν
3585 927 3697 980 Ἀνε-

2131 1028 2343 1098 τιοχείᾳ
2374 1025 2597 1078 συνόδου
2628 1025 2828 1078 κανόνα
2861 1021 2930 1092 ιγ’
2984 1022 3078 1076 καὶ
3134 1020 3242 1088 κδ’,
3271 1022 3364 1075 καὶ
3389 1021 3486 1090 τῆς
3514 1017 3556 1090 β’
3583 1035 3698 1072 συν-

2136 1121 2254 1173 όδου
2289 1122 2490 1172 κανόνα
2525 1116 2589 1187 β’.

2135 1239 2386 1294 ΚΕΦΑΛ.
2419 1237 2518 1291 IZ'.
2541 1236 2670 1289 "Ott
2701 1231 3062 1304 χειροτονεῖν
3085 1231 3398 1304 ἐπισκόπει)
3423 1226 3532 1280 οὐκ
3555 1225 3702 1296 ἐφεῖ-

2445 1323 2539 1360 ται
2573 1300 2864 1372 κ.1ηρίκὸν
2894 1303 3102 1369 ἐτέρας
3137 1300 3398 1368 ἐνορίας.

2217 1404 2276 1456 '0
2309 1403 2380 1455 νδ¹
2403 1403 2500 1469 τῆς
2529 1403 2587 1453 ἐν
2617 1398 2947 1468 Καρθαγένῃ
2983 1396 3203 1448 συνόδου
3233 1391 3415 1447 κανὼν
3465 1391 3590 1454 τοὺς
3619 1389 3704 1442 ἀλ-

2134 1498 2348 1568 λότριον
2373 1494 2696 1565 δεχομένους
2729 1491 2988 1561 κληρικὸν
3013 1488 3350 1548 ἐπισκόπους
3368 1527 3384 1550 ,
3414 1485 3507 1538 καὶ
3539 1499 3704 1553 χειρο-

2135 1589 2424 1650 τονοῦντας
2463 1589 2520 1640 ἐν
2549 1588 2667 1648 ταῖς
2701 1583 2793 1637 ὑπ’
2852 1583 3050 1644 αὐτοὺς
3111 1578 3433 1649 ἐκκλησίαις
3479 1579 3572 1646 τῆς
3604 1575 3705 1627 τῶν

2137 1681 2341 1737 λοιπῶν
2371 1679 2660 1742 κοινωνίας
2692 1675 2964 1746 ἀφορίζει.

2211 1775 2286 1827 Τὸ
2331 1773 2433 1842 μέν
2474 1789 2556 1824 τοι
2603 1769 2881 1822 συνοδικὺν
2927 1765 3245 1837 σημείωμα,
3288 1762 3318 1816 ὃ
3363 1763 3581 1830 γέγονεν
3619 1758 3708 1810 ἐπὶ

453 1858 764 1928 patriarcha
789 1856 1069 1918 Michaele,
1087 1855 1178 1923 qui
1199 1854 1616 1923 cognominatur
1634 1849 1886 1920 princeps
1909 1849 2032 1918 phi-

2142 1866 2231 1920 τοῦ
2283 1840 2629 1934 πατριάρχου
2684 1859 2936 1929 Μιχαὴλ,
2986 1855 3081 1908 τοῦ
3129 1856 3221 1909 καὶ
3273 1852 3705 1924 χρηματίσαντος

457 1949 840 2018 losophorum,
877 1946 1213 2001 Concessum
1269 1951 1376 2005 est.
1414 1944 1633 2013 inquit,
1665 1941 2031 1996 Pontiﬁcibus

454 2056 669 2105 omnes,
715 2041 808 2109 qui
847 2039 1086 2092 nondum
1118 2038 1294 2094 sacris
1325 2036 1522 2091 initiati
1554 2044 1705 2100 sunt,
1737 2033 1864 2088 ﬁdei
1897 2047 2024 2086 ver—

453 2135 585 2190 bum
620 2136 842 2198 docere,
874 2141 930 2188 et
968 2131 1191 2188 erudire
1235 2139 1292 2185 et
1331 2129 1609 2196 baptizare
1667 2127 2033 2194 undecunque

453 2227 590 2288 sint,
627 2235 681 2280 et
714 2239 873 2281 sacra
900 2224 1164 2294 mysteria
1220 2222 1488 2291 impertiri
1538 2220 1790 2275 ﬁdelibus
1841 2219 2035 2288 cujus-

454 2333 674 2388 cunque
721 2318 1054 2382 dioeceseos,
1129 2315 1274 2369 baud
1315 2323 1498 2368 tamen
1530 2313 1596 2368 iis
1631 2312 1729 2382 qui
1755 2312 2040 2382 undequa-

459 2425 570 2479 que
617 2409 940 2472 adveniunt,
972 2421 1162 2462 sacros
1196 2406 1421 2461 ordines
1478 2402 1733 2460 conferre
1770 2421 1785 2457 :
1820 2403 1916 2460 sed
1953 2403 2038 2458 his

459 2512 674 2555 tantum
719 2500 812 2570 qui
840 2500 906 2554 ad
940 2513 1095 2553 suam
1125 2497 1388 2551 ditionem
1425 2497 1722 2566 pertinent,
1763 2495 1843 2548 uti
1889 2494 2035 2548 sacri

463 2608 706 2648 canones
739 2593 1067 2647 decernunt.
1101 2589 1308 2645 Durum
1333 2589 1478 2643 enim
1517 2595 1832 2658 reputatum
1866 2593 1952 2642 est
1984 2595 2040 2642 et

457 2683 820 2738 inhumanum
852 2697 947 2736 eos
987 2682 1080 2751 qui
1119 2680 1223 2737 hoc
1261 2679 1441 2735 facere
1481 2689 1778 2743 attentant,
1810 2677 2030 2749 episco-

465 2789 564 2843 pos
599 2775 847 2840 scilicet',
889 2774 1390 2835 excommunicare,
1442 2772 1728 2827 ordinatos
1785 2786 1915 2828 vero
1952 2787 2040 2827 sa-

462 2865 712 2921 cerdotio
745 2867 986 2935 privare,
1051 2865 1154 2920 nisi
1194 2865 1333 2918 forte
1359 2872 1484 2934 post
1516 2879 1679 2917 unam
1723 2871 1779 2918 et
1805 2863 2040 2918 alteram

463 2959 900 3014 admonitionem
953 2957 1340 3026 obtemperare
1385 2957 1798 3021 recusaverint;
1854 2970 2040 3010 verum

468 3058 524 3103 et
549 3060 681 3103 tunc
712 3049 934 3118 quidem
959 3047 1197 3118 episcopi
1230 3046 1541 3102 socordiam
1584 3046 1832 3110 damnat,
1860 3045 2044 3102 addito

2138 1957 2348 2013 ὑπάτου
2383 1954 2493 2007 τῶν
2528 1952 2836 2021 φιλοσόφων
2858 1990 2872 2012 ,
2910 1946 3334 2018 Συγκεχώρηται
3375 1945 3471 2014 μὲν
3494 1982 3509 2006 ,
3547 1940 3706 2011 φησὶ,

2137 2053 2252 2113 τοῖς
2292 2047 2616 2118 ἀρχιερεῦσι
2657 2043 2784 2107 τοὺς
2830 2045 3114 2113 ἀμυήτους
3160 2042 3411 2099 ἅπαντας
3454 2037 3544 2089 τὸν
3589 2033 3712 2101 περὶ

2139 2141 2375 2202 πίστεως
2414 2137 2570 2206 λόγον
2603 2135 2894 2198 διδάσκειν,
2931 2133 3026 2186 καὶ
3069 2131 3356 2201 κατηχεῖν,
3393 2129 3486 2180 καὶ
3525 2123 3711 2194 βαπτί-

2139 2229 2252 2295 ζειν
2298 2229 2624 2298 ὁθενδήποτε
2676 2226 2874 2290 ὂντας,
2921 2223 3030 2276 τῶν
3078 2221 3240 2275 θείων
3287 2237 3351 2274 τε
3406 2216 3713 2289 μυστηρίων

2145 2319 2490 2393 μεταδιδόναι
2518 2319 2630 2378 τοῖς
2665 2315 2724 2381 ἐξ
2755 2314 2975 2369 οἱασοῦν
3009 2314 3226 2384 ἐνορίας
3259 2315 3479 2372 πιστοῖς
3499 2325 3512 2339 ο
3547 2323 3714 2378 χειρο-

2139 2415 2320 2476 τονίας
2353 2413 2412 2465 δέ
2447 2410 2633 2477 ἀξιοῦν
2660 2411 2789 2471 τοὺς
2821 2406 3203 2478 ἁπανταχόθεν
3254 2404 3588 2474 ἐρχομένους
3633 2398 3714 2451 οὗ·

2140 2506 2331 2577 δαμῶς
2357 2545 2369 2566 ,
2399 2503 2513 2557 ἀλλ’
2540 2503 2573 2572 ἢ
2614 2501 2808 2571 μόνους
2838 2501 2965 2560 τοὺς
2999 2502 3063 2552 ἐκ
3094 2497 3194 2567 τῆς
3226 2498 3440 2558 οἰκείας
3475 2494 3713 2564 ἐνορίας,

2143 2599 2218 2660 ὼς
2244 2598 2294 2648 οἱ
2322 2595 2458 2647 θεῖοι
2487 2593 2709 2654 κανόνες
2737 2590 3085 2662 διορίζονται.
3116 2587 3367 2658 Σκληρδν
3398 2587 3496 2656 μέν
3521 2601 3600 2635 τοι
3626 2580 3715 2634 καὶ

2141 2690 2353 2759 ἀπηνὲς
2397 2686 2707 2756 ἐλογίσαντο
2780 2684 2906 2745 τοὺς
2951 2681 3094 2734 οὕτω
3139 2679 3460 2750 φθάσαντας
3501 2675 3715 2744 πρᾶξαι,

2145 2781 2270 2843 τοὺς
2319 2778 2420 2848 μέν
2453 2776 2788 2838 ἐπισκόπους
2830 2773 3115 2844 ἀφορίσαι,
3151 2771 3279 2833 τοὺς
3325 2772 3387 2824 δὲ
3429 2779 3718 2840 χειροτονη-

2145 2873 2337 2935 θέντας
2383 2869 2674 2940 γυμνῶσαι
2719 2868 2822 2936 τῆς
2873 2864 3208 2936 ἱερωσύνης,
3261 2867 3308 2916 εἱ
3365 2865 3545 2934 μήπου
3592 2857 3718 2928 μετὰ

2147 2965 2374 3035 πρώτην
2429 2964 2524 3017 καὶ
2576 2963 2836 3033 δευτέραν
2892 2960 3220 3032 παραίνεσιν
3278 2959 3576 3027 πεισθῆναι
3628 2952 3721 3004 οὐκ

2147 3057 2520 3128 ἐϐουλήθησαν
2541 3075 2556 3089 ·
2589 3056 2725 3110 ἀλλὰ
2759 3056 2855 3108 καὶ
2884 3055 3004 3107 τότε
3040 3054 3130 3107 τοῦ
3165 3054 3265 3123 μὲν
3297 3054 3605 3107 ἐπισκόπου
3637 3051 3721 3117 ἁρ-

467 3149 622 3195 certo
673 3152 963 3212 tempore:
999 3141 1288 3195 ordinatos
1331 3147 1514 3195 autem
1563 3139 1621 3192 in
1665 3140 1755 3193 illa
1813 3139 2040 3194 dioecesi

2149 3151 2272 3218 γίαν
2307 3151 2398 3202 ἐπὶ
2444 3148 2593 3219 ῥητῷ
2635 3147 3052 3218 κατεψηφίσατο
3090 3147 3290 3216 χρόνῳ,
3325 3148 3432 3200 ’τὸν
3467 3146 3521 3199 δέ
3561 3158 3712 3248 )(stpa1

467 3232 812 3286 sacerdotale
843 3247 1006 3286 suum
1044 3245 1244 3285 munus
1277 3244 1538 3284 exercere
1566 3230 1682 3284 vult
1713 3228 1768 3283 in
1823 3244 1930 3299 qua
1956 3244 2048 3282 or-

465 3325 634 3377 dinati
683 3331 833 3377 sunt.
891 3322 1033 3377 Dare
1083 3323 1252 3378 etiam
1275 3321 1431 3390 jubet
1461 3319 1734 3375 ministris
1763 3320 2049 3389 episcopa-

467 3423 556 3469 tus
585 3424 638 3468 et
693 3413 1111 3484 chartnphylaci
1139 3416 1254 3482 [seu
1315 3411 1640 3482 registrario
1688 3427 1810 3481 quae
1843 3425 1910 3465 ex
1957 3425 2049 3465 ve-

469 3508 574 3561 teri
655 3506 1066 3562 consuetudine
1119 3505 1446 3561 ordinandis
1519 3512 1651 3558 sunt
1704 3503 2045 3574 praescripta.

466 3600 576 3656 Ista
629 3611 810 3658 autem
857 3601 1058 3670 ﬁdisces
1109 3614 1177 3654 ex
1235 3598 1417 3670 capite
1465 3597 1538 3654 28
1588 3596 1873 3669 praesentis
1921 3595 2038 3652 ele-

469 3694 668 3749 menti.

467 3808 627 3862 CAP.
677 3807 870 3862 XVIII.
904 3809 1058 3872 Quod
1091 3809 1404 3879 quibusdam
1430 3807 1689 3879 episcopis
1739 3819 2046 3879 concessum

539 3881 868 4000 estlalienos
899 3875 1116 3933 clericos
1149 3881 1398 3947 recipere,
1447 3875 1495 3931 et
1537 3877 1790 3930 ordinare
1831 3876 1886 3926 in
1935 3875 2047 3927 suis

543 3964 630 4001 ccc
657 3965 803 4002 esus.

551 4058 683 4113 Vide
714 4059 768 4112 in
798 4075 920 4130 cap.
951 4061 984 4116 9
1031 4059 1138 4114 litt.
1202 4058 1246 4112 Α
1282 4070 1551 4113 canonem
1583 4053 1654 4109 55
1699 4052 1888 4125 synodi
1917 4051 2053 4108 Car-

474 4150 844 4220 tltagiuensis.

471 4266 624 4321 CAP.
663 4266 806 4322 XIX.
842 4266 997 4332 Quod
1043 4263 1325 4320 ordinatur
1362 4261 1606 4325 clericus,
1649 4261 1808 4316 etiam
1844 4260 1934 4315 ille
1962 4261 2052 4329 qui

783 4354 890 4392 non
919 4347 994 4391 est
1025 4351 1092 4391 es
1145 4349 1330 4404 genere
1387 4332 1735 4388 sacerdotali.

545 4430 742 4497 Quare
776 4431 842 4488 i3
872 4445 993 4500 cap.
1027 4427 1138 4483 litt.
1164 4426 1229 4481 Κ.

553 4545 716 4617 265
764 4525 920 4601 CAP.
950 4541 1071 4598 XX.
1107 4541 1335 4607 Quando
1369 4542 1692 4596 ordinantur
1721 4549 1774 4596 et
1817 4542 1971 4597 serui.

545 4637 784 4694 Consule
812 4650 937 4706 cap.
969 4633 1039 4689 12
1067 4634 1237 4689 litt.A.

687 4752 843 4809 CAP.
886 4749 1032 4807 XXI.
1069 4749 1148 4804 De
1179 4748 1514 4804 ordinatione
1549 4747 1836 4804 lectorum.

546 4865 744 4932 Quaere
773 4879 898 4935 cap.
935 4863 969 4918 6
999 4863 1106 4917 litt.
1142 4862 1210 4916 Α.
1303 4878 1308 4882 ’

1186 4952 1312 5009 Lex.

547 5054 746 5109 Lector
767 5051 1055 5106 ordinatur
1080 5047 1485 5118 quamprimum
1518 5046 1749 5116 legendo
1775 5061 1873 5118 par
1908 5049 2014 5103 erit
2039 5063 2055 5115 ;

481 5159 538 5201 at
573 5148 616 5202 si
649 5144 947 5200 secundam
981 5157 1206 5195 uxorem
1235 5141 1473 5200 duxerit,
1504 5140 1587 5192 vel
1611 5140 1841 5208 primam
1877 5154 1944 5195 ex
1973 5140 2057 5194 vi-

480 5239 628 5305 duis,
665 5247 762 5291 aut
792 5233 1117 5304 repudiatis,
1148 5241 1244 5287 aut
1273 5231 1581 5287 interdictis
1613 5233 1696 5287 vel
1733 5247 1828 5302 per
1851 5232 1944 5302 jus
1981 5234 2060 5287 ci-

480 5332 591 5385 vile
621 5329 704 5383 vel
742 5342 934 5383 sacros
963 5342 1228 5392 canones,
1258 5326 1578 5394 neutiquam
1612 5325 1680 5382 ad
1729 5325 1893 5380 alium
1928 5341 2057 5395 gra-

479 5423 610 5476 dum
645 5422 1084 5476 ecclesiasticum
1137 5427 1548 5488 promoveatur.

481 5624 637 5681 CAP.
684 5624 850 5680 XXII.
902 5625 1051 5691 Quod
1079 5623 1273 5748 clerici!
1299 5639 1404 5677 non
1437 5623 1824 5679 ordinabuntur
1851 5622 2059 5692 simpli-

1203 5710 1249 5748 σι
1278 5710 1355 5748 er.

1203 5710 1355 5752 σείειν.

558 5811 688 5868 Vide
717 5825 834 5876 cap.
870 5809 938 5864 t9
972 5807 1076 5863 litt.
1111 5804 1181 5861 Κ.

2146 3238 2462 3310 τονηθὲντα,
2511 3239 2568 3290 ἐν
2619 3237 2804 3307 ἐκείνῃ
2855 3238 2922 3307 τῇ
2976 3237 3161 3306 ἐνορίᾳ
3211 3236 3546 3306 ἱερατεύειν,
3595 3236 3649 3286 ἐν

2149 3331 2580 3401 κεχειροτόνητο.
2615 3328 2866 3382 Δίδοσθαι
2898 3329 2956 3396 δέ
2988 3327 3199 3381 κελεύει
3229 3330 3350 3392 τοῖς
3377 3329 3478 3398 τῆς
3509 3325 3712 3380 ἐτῆσκο·

2151 3425 2260 3492 πῆς
2289 3421 2590 3492 ὓπηρὲταις
2617 3421 2715 3474 καὶ
2739 3419 2817 3490 τῷ
2843 3419 3217 3491 χαρτοφὺλακι
3247 3423 3397 3491 παρὰ
3422 3421 3529 3472 τῶν
3555 3434 3704 3488 χειρο

2147 3515 2511 3585 τονουμὲνων,
2543 3512 2613 3566 τὰ
2647 3513 2706 3578 ἐξ
2739 3511 2897 3575 ἔθους
2931 3513 3161 3584 ἀρχαίου
3195 3515 3586 3586 τετυπωμένα.
3620 3508 3721 3564 Καὶ

2152 3607 2304 3678 ζήτει
2334 3606 2508 3663 ταῦτα
2540 3608 2597 3661 ἐν
2625 3608 2704 3679 τῷ
2736 3607 2822 3679 κη’
2842 3625 2968 3677 κεφ.
3000 3607 3097 3660 τοῦ
3131 3608 3408 3679 παρόντος
3440 3605 3720 3676 στοιχείου.

2153 3805 2407 3863 ΚΕΦΔΛ.
2443 3806 2548 3861 nr.
2591 3807 2719 3860 Τισὶ
2749 3805 2867 3861 τῶν
2895 3806 3249 3861 ἐπισκόπων
3279 3771 3726 3862 assaracus-

2221 3881 2426 3950 eplovg
2467 3876 2799 3950 λαμϐάνειν
2836 3876 3184 3950 κληρικοὺς,
3227 3877 3328 3930 καὶ
3369 3871 3726 3950 χειροτονεῖν

2221 3947 2294 4000 ἐν
2319 3946 2450 4012 ταῖς
2481 3947 2583 4002 ὑπ’
2608 3945 2832 4012 αὐτοὺς
2852 3947 3233 4015 ἐκκλησίαις.

2226 4061 2390 4132 Ζήτει
2420 4063 2478 4113 ἐν
2504 4061 2582 4132 τῷ
2609 4063 2652 4115 θ’
2674 4078 2798 4131 κεφ.
2825 4060 2917 4115 τοῦ
2943 4063 2987 4114 Α
3012 4061 3278 4132 στοιχείου
3309 4064 3514 4118 κανόνα
3542 4065 3613 4114 νε¹
3634 4057 3726 4127 τῆς

2155 4155 2214 4210 ὲν
2246 4153 2577 4226 Καρθαγένῃ
2610 4155 2852 4210 συνόδου.
3239 4146 3242 4150 ’

2155 4267 2408 4320 ΚΕΦΑΛ.
2441 4267 2542 4322 ΙΘ’.
2572 4268 2702 4322 Ὀτι
2737 4268 3167 4337 χειροτονεῖται
3207 4270 3531 4338 κληρικὸς,
3567 4269 3662 4323 καὶ
3698 4268 3729 4320 d

2321 4338 2408 4408 μὴ
2443 4338 2515 4392 ἐκ
2549 4338 2764 4406 γένους
2801 4339 3098 4406 ἱερατικοῦ
3135 4347 3567 4410 καταγόμενος.

2227 4433 2392 4502 Ζήτει
2418 4437 2479 4484 τὸ
2515 4439 2584 4499 ιγ’
2619 4429 2920 4500 κεφάλαιον
2945 4431 3040 4484 τοῦ
3071 4433 3120 4485 K
3156 4435 3452 4504 στοιχείου.

2075 4550 2122 4607 ι)
2198 4543 2450 4599 ΚΕΦΔΛ.
2485 4545 2572 4598 ις’.
2606 4542 2757 4596 Πότε
2791 4543 3278 4613 χειροτονοῦνται
3315 4548 3419 4600 καὶ
3455 4543 3683 4600 δοῦλοι.

2125 4665 2128 4669 ·
2227 4638 2392 4708 Ζήτει
2416 4637 2478 4690 τὸ
2513 4635 2582 4689 ιϐ’
2611 4635 2907 4705 κεφάλαιον
2934 4635 3030 4690 τοῦ
3061 4639 3099 4689 Δ
3129 4637 3430 4707 στοιχείου.

2216 4750 2472 4805 ΚΕΦΔΛ.
2505 4750 2637 4804 KA'.
2671 4749 2814 4818 Περὶ
2842 4753 3218 4820 χειροτονίας
3247 4729 3674 4824 ἀναγνωστῶγ.

2233 4865 2396 4936 Ζήτει
2426 4865 2485 4918 τὸ
2517 4865 2573 4930 ς’
2600 4866 2898 4936 κεφάλαιον
2924 4867 3021 4920 τοῦ
3051 4869 3093 4921 Δ
3127 4869 3418 4939 στοιχείου.
3508 4915 3514 4917 .

2836 4960 3058 5028 Νόμος.

2243 5047 2620 5114 Ἀναγνώστης
2673 5051 3087 5119 χειροτονεισθω
3139 5053 3234 5121 ἀφ’
3270 5055 3491 5109 ὁτουοῦν
3543 5054 3734 5125 χρόνου

2158 5138 2384 5194 δύναται
2411 5142 2504 5192 καὶ
2527 5140 2818 5196 ἐπίσταται
2845 5144 3245 5212 ἀναγινώσκειν
3267 5162 3281 5177 ⁸
3309 5149 3376 5202 ἂν
3401 5149 3458 5202 δὲ
3484 5148 3738 5216 δευτέραν

2163 5232 2411 5302 γαμετὴν
2439 5232 2735 5304 ἀγάγηται,
2767 5235 2800 5306 ἦ
2835 5235 3059 5307 πρώτην
3090 5237 3211 5308 μὲν,
3243 5242 3422 5310 χήραν
3451 5242 3530 5306 δὲ,
3562 5242 3594 5313 ἢ
3627 5240 3736 5291 δια·

2162 5321 2483 5392 ζευχθεῖσαν
2513 5325 2736 5396 ἀνδρὸς,
2773 5327 2806 5397 ἢ
2842 5331 2954 5392 τοῖς
2991 5331 3178 5401 νόμοις
3287 5336 3399 5397 τοῖς
3439 5336 3606 5402 ἱεροῖς
3645 5350 3738 5386 κα-

2161 5417 2310 5470 νόσιν
2349 5416 2830 5490 ἁπηγορευμένην,
2876 5421 3078 5490 μηκέτι
3122 5425 3206 5487 είς
3245 5425 3406 5478 ἄλλον
3450 5427 3738 5495 ἐκκλησια-

2163 5509 2349 5562 στικὸν
2378 5510 2718 5579 προόαινέτω
2749 5512 2978 5582 βαθμόν.
3335 5529 3338 5532 ’

2161 5623 2414 5676 ΚΕΦΑΛ.
2448 5622 2577 5678 ΚΒ¹.
2605 5607 2735 5697 "Oct
2769 5628 2880 5680 οὐκ
2913 5627 3410 5697 ἐχειροτονοῦντο
3442 5634 3739 5688 ἀπολελυ-

2637 5693 2834 5764 μένως
2865 5700 2920 5753 οι
2945 5693 3255 5771 ἀλὴρικοί.
3365 5740 3373 5744 -

2237 5809 2399 5877 Ζήτει
2431 5809 2489 5862 τὸ
2525 5808 2590 5864 ιϐ’
2617 5813 2912 5880 κεφάλαιον
2942 5814 3036 5868 τοῦ
3069 5820 3112 5871 Κ
3151 5822 3448 5891 στοιχείου.
