4028 6492
433 321 586 386 ’203

1645 319 2017 382 ΜΑΤΤΙΙιΕΙ
2060 319 2492 383 BLASTARIS

3607 332 3704 397 ευι

474 443 606 496 tatis
637 437 805 508 huius
855 437 1133 509 particeps
1168 437 1282 503 liat,
1335 449 1424 494 aut
1463 439 1774 511 presbyter,
1810 446 1905 491 aut
1936 433 2036 489 dial

2173 431 2325 497 Αςίας
2352 436 2560 504 ταύτης
2585 436 2861 508 ιγκρατὴς
2911 438 3207 516 γέγοιω.ἢ
3262 441 3641 514 πρεσϐύτερος,
3681 449 3711 519 ἢ

456 548 672 594 ~-conus,
709 533 1021 602 deponatur
1050 540 1104 584 ct
1132 531 1271 599 ipse,
1301 540 1353 585 et
1403 533 1496 608 qui
1529 532 1768 594 ordinat,
1811 543 1863 584 et
1900 529 2054 599 peni-

477 636 566 680 tus
598 641 624 677 a
659 625 1047 678 corumunione
1081 624 1456 687 abscindatur,
1488 633 1548 678 ut
1578 622 1770 677 Simon
1802 623 1988 690 Magos
2023 634 2054 674 a

388 774 401 786 _
477 733 562 771 me

547 808 742 875 Quaere
773 818 826 862 et
866 808 935 864 50
967 822 1232 864 canonem
1268 807 1486 861 illorum
1539 807 1592 861 in
1622 805 1911 874 captiesi9
1943 805 2052 860 litt.

475 899 539 962 Ε,
579 911 632 953 et
669 917 787 968 qua:
824 900 897 952 ibi
935 899 1193 953 dicuntur
1234 897 1304 952 de
1350 897 1599 966 utrisque
1654 897 1851 949 borum
1888 910 2080 981 ωηο..

473 1008 604 1046 Ιιιιιιι
631 1029 646 1044 ο

539 1083 726 1136 Canon
755 1079 1246 1138 antemvsecundus
1274 1079 1467 1149 synodi
1513 1091 1756 1149 quartae:
1795 1080 1850 1132 Si
1901 1078 2049 1146 quis,

469 1176 670 1244 inquit,
699 1177 995 1244 episcopus
1021 1174 1319 1228 venumdat
1353 1188 1458 1227 non
1511 1171 1838 1228 vendibilem
1876 1170 2050 1239 Spiri-

451 1279 557 1321 tus
588 1269 764 1320 sancti
799 1269 1055 1337 gratiam,
1089 1266 1348 1322 nimirum
1378 1281 1502 1334 qure
1523 1263 1676 1317 nullo
1705 1262 1877 1331 pretio
1906 1260 2053 1315 resti-

451 1357 604 1410 1nari
640 1363 844 1423 potest,
874 1362 928 1409 et
969 1352 1273 1410 venditioni
1309 1366 1418 1406 non
1468 1351 1787 1414 obnoxiam,
1820 1348 1890 1400 ob
1935 1349 2050 1400 exi.

448 1452 628 1504 ‘miam
662 1466 814 1506 suam
851 1461 1104 1506 naturam
1141 1457 1194 1501 et
1225 1448 1374 1502 oniiii
1405 1447 1769 1503 aestimatione
1797 1445 2048 1514 superio-

449 1557 581 1596 rem
627 1581 643 1606 ,
720 1550 777 1595 et
831 1550 1056 1611 prepter
1127 1539 1290 1610 267
1368 1539 1660 1609 pecuniam
1709 1538 2048 1598 ordinaverit

447 1633 811 1700 episcopum,
855 1632 941 1686 vel
982 1631 1458 1700 cborepiscopum,
1504 1637 1597 1684 aut
1643 1629 2045 1700 presbyterum,

463 1723 548 1774 vel
584 1723 903 1784 diaconum,
935 1729 1032 1776 aut
1081 1720 1518 1790 bypodiaconum
1581 1721 1674 1788 {hi
1731 1720 1879 1776 enim
1913 1728 2046 1780 sunt

450 1815 558 1883 qui
581 1829 774 1869 sacros
795 1814 1020 1870 ordines
1040 1812 1420 1884 suscipiunt),
1443 1820 1540 1872 aut
1557 1813 1795 1883 aliquem
1819 1814 1875 1870 in
1892 1813 2046 1884 clero

385 1913 388 1916 ’
459 1921 815 1980 oeconomum
847 1946 862 1970 ,
910 1916 1002 1962 aut
1053 1913 1344 1972 patronum
1374 1945 1390 1970 ,
1437 1914 1533 1962 aut
1582 1913 1896 1964 curatorem
1941 1905 2045 1974 (lii

454 1999 603 2051 enim
656 1998 948 2066 primores,
998 1995 1142 2050 sicut
1183 2003 1239 2048 et
1270 1996 1502 2050 lectores
1530 2003 1584 2050 ct
1630 1995 1837 2066 psaltaaf
1861 1996 2047 2054 censi.

449 2090 776 2157 amantur);
827 2089 910 2141 vel
957 2087 1280 2141 summatim
1336 2087 1505 2140 alium
1554 2088 1793 2155 aliquem
1841 2087 1934 2157 qui
1974 2087 2042 2142 ad

447 2195 664 2240 ﬂatum
713 2183 1157 2250 ecclesiasticum
1204 2183 1465 2252 pertinet,
1506 2184 1597 2252 qui
1650 2183 1804 2238 hisce
1843 2197 2043 2236 manus

457 2272 697 2344 imponit
727 2281 952 2342 prepter
981 2287 1143 2327 suam
1173 2273 1487 2336 avaritiam,
1518 2281 1574 2328 et
1604 2275 1892 2330 convictus
1920 2272 2042 2328 fue-

453 2366 551 2430 rit,
589 2379 719 2418 cum
748 2363 1072 2418 discrimine
1104 2361 1191 2418 sui
1219 2363 1424 2432 gradus
1447 2361 1632 2426 faciet,
1666 2375 1720 2418 et
1747 2364 1795 2420 is
1829 2365 1920 2434 qui
1945 2379 2040 2419 or-

455 2457 701 2522 dinatur,
735 2455 868 2509 nihil
891 2455 1256 2512 emolumenti
1283 2456 1462 2524 capiet
1483 2472 1546 2510 ea
1574 2457 1917 2512 ordinatione
1939 2473 2038 2514 sua

441 2549 702 2618 emptitia
737 2557 832 2602 aut
857 2550 1227 2618 promotione,
1260 2550 1357 2604 sed
1393 2550 1610 2605 vacabit
1635 2552 1804 2604 etiam
1853 2551 2038 2619 digni-

447 2652 566 2698 tate
598 2643 714 2697 sive
753 2657 998 2707 munere,
1028 2641 1172 2711 quod
1211 2657 1306 2710 per
1335 2646 1619 2710 pecuniam
1673 2653 1868 2698 nactus
1895 2654 2034 2702 erat.

441 2734 510 2787 Si
543 2733 669 2803 quis
699 2748 829 2787 vero
862 2733 1130 2788 mediator
1155 2734 1383 2789 accedat
1434 2733 1688 2802 turpibus
1721 2734 1831 2788 illis
1860 2744 1914 2792 et
1937 2751 2038 2792 ne-

454 2824 610 2880 fariis
667 2824 1032 2890 muneribus,
1084 2832 1139 2880 et
1183 2824 1302 2889 hic,
1329 2825 1376 2877 si
1414 2825 1652 2880 clericus
1685 2823 1874 2888 fuerit,
1934 2841 2035 2883 suo

442 2914 622 2986 gradu
654 2915 907 2978 excidet;
937 2924 993 2968 at
1023 2915 1067 2968 si
1098 2913 1274 2968 laicus
1323 2922 1415 2968 aut
1451 2914 1776 2979 monachus,
1807 2915 2036 2969 anathe-

443 3014 594 3061 mate
641 3003 891 3060 ferietur.
946 3003 1044 3056 llic
1093 3012 1276 3058 autem
1339 3019 1556 3071 mqunm
1607 3004 1777 3058 fuerit
1842 3014 2032 3073 pectus

437 3101 733 3168 «pulsantes
767 3097 1096 3164 gravissime
1140 3095 1491 3150 exclamare:
1547 3115 1566 3146 ι
1615 3095 1672 3149 Si
1706 3096 2030 3165 iniquitates
2059 3125 2101 3181 ο

445 3193 855 3253 observaveris,
891 3187 1120 3243 Dmnine
1141 3229 1156 3253 ,
1206 3188 1455 3253 Domine,
1487 3190 1608 3258 quis
1639 3189 1975 3244 sustinebit?
2006 3209 2024 3242 ι

447 3282 555 3350 Qui
580 3284 722 3338 enim
746 3293 830 3338 est
855 3283 949 3351 qui
972 3281 1509 3336 administrationem
1537 3283 1733 3337 domus
1765 3284 2032 3353 religiosa!

443 3377 536 3430 vel
583 3375 953 3431 ministerium
1001 3374 1220 3444 aliquod
1269 3372 1702 3428 ecclesiasticum
1755 3375 2029 3444 suscipit,

444 3481 546 3523 aut
580 3469 818 3523 clericus
849 3467 932 3534 ﬁt,
971 3476 1064 3520 aut
1102 3467 1498 3522 monasterium
1533 3467 1692 3537 regit,
1746 3468 1868 3523 sine
1907 3483 2029 3520 mu-

435 3577 585 3616 :nere
613 3560 836 3627 aliquo;
871 3567 926 3612 at
957 3559 1002 3613 si
1032 3559 1296 3613 omnibus
1341 3558 1448 3613 illis
1472 3566 1582 3611 tam
1617 3559 1711 3627 qui
1737 3560 2030 3613 conferunt

435 3668 611 3722 quam
638 3652 731 3721 qui
765 3650 1041 3722 accipiunt
1076 3665 1172 3720 per
1197 3650 1378 3714 nefas,
1411 3649 1555 3705 sacri
1593 3665 1720 3705 can.
1747 3665 2025 3704 summum

438 3743 781 3814 supplicium
824 3734 1120 3808 intentant,
1147 3756 1270 3813 qua:
1319 3744 1483 3798 nobis
1517 3759 1642 3812 spes
1677 3744 1896 3809 salutis,
1934 3742 2025 3814 qui

441 3837 765 3893 nullatenus
812 3834 881 3889 ab
909 3848 1099 3888 eorum
1131 3837 1518 3890 communione
1549 3834 1931 3890 abstinemus?

517 3929 706 3983 Canon
766 3937 944 3982 autem
997 3926 1071 3980 9-2
1128 3927 1324 3997 synodi
1387 3939 1608 3982 sexta}:
1666 3925 1770 3992 Qui
1801 3935 2027 3997 propter

436 4019 738 4090 pecuniam
789 4017 1132 4078 ordinantur.
1169 4017 1265 4081 ait,
1295 4017 1412 4072 sive
1465 4017 1734 4086 episcopi,
1764 4019 1882 4072 sive
1913 4018 2027 4073 cle-

448 4111 549 4164 rici
610 4110 946 4178 quicunque,
979 4117 1033 4162 et
1069 4120 1178 4161 non
1209 4107 1511 4162 secundum
1569 4105 1943 4174 probationem
1969 4114 2026 4161 et

435 4207 571 4257 vita
623 4202 972 4271 probitatem,
1009 4208 1066 4256 et
1134 4200 1289 4271 ipsos
1320 4209 1374 4254 et
1439 4197 1761 4254 ordinantes
1824 4198 2021 4270 deponi

441 4294 720 4365 jubelnus.
790 4313 798 4320 ·
1911 4282 1916 4287 ¹

518 4469 702 4529 Canon
759 4461 942 4523 autem
1004 4466 1232 4537 quintus
1285 4466 1479 4535 synodi
1515 4467 1762 4535 septimre
1824 4483 2016 4523 omnes
2052 4475 2094 4529 n

442 4563 623 4616 dictos
651 4575 891 4614 canones
931 4573 1243 4621 recensens,
1279 4567 1333 4610 et
1361 4556 1416 4609 in
1460 4572 1732 4611 summum
1764 4559 2018 4613 Ecclesia:

437 4651 789 4706 commodum
853 4653 991 4702 latos
1015 4663 1134 4701 esse
1170 4657 1454 4716 reputans,
1515 4647 1736 4701 illorum
1795 4657 2016 4702 senten-

440 4749 570 4800 tiam
607 4746 721 4815 ipse
761 4745 925 4799 etiam
997 4739 1310 4796 conﬁrmat.

514 4902 742 4973 Magnus
766 4909 948 4955 autem
966 4897 1199 4952 Basilius
1225 4899 1290 4950 ad
1315 4899 1626 4967 episcopos,
1650 4898 1742 4968 qui
1763 4899 1869 4954 sub
1896 4897 2016 4968 ipso

439 5007 618 5057 erant,
658 4995 928 5054 scribens,
971 5006 1040 5045 ne
1072 4990 1661 5060 ordiuarentpropter
1707 4992 2013 5058 pecuniam,

435 5094 586 5146 inter
614 5087 719 5142 alia
751 5087 866 5143 base
921 5083 1085 5140 habet
1119 5101 1131 5136 :
1170 5083 1491 5137 Existimant
1518 5084 1769 5138 nonnulli
1794 5099 1855 5138 se
1880 5085 2014 5142 nihil

441 5196 692 5251 peccare,
730 5180 777 5233 si
814 5188 927 5232 tum
971 5177 1190 5245 quando
1233 5191 1422 5231 sacros
1453 5177 1678 5232 ordines
1724 5179 2017 5232 conferunt

440 5273 898 5340 nillilaccipiant,
942 5253 1044 5324 sed
1101 5278 1225 5338 post
1275 5268 1699 5326 ordinationem.
1747 5271 2014 5340 Accipere

437 5376 617 5419 autem
663 5376 748 5418 est
796 5362 988 5430 quovis
1019 5372 1258 5429 tempore
1285 5363 1552 5430 accipere.
1609 5362 1882 5417 Adhortor
1911 5363 2013 5431 igi-

441 5473 532 5512 tur
558 5472 657 5510 vos
683 5466 741 5510 ut
791 5455 938 5509 hunc
970 5470 1177 5509 morem
1209 5471 1305 5509 seu
1339 5457 1522 5524 potius
1551 5457 1690 5510 viam
1719 5455 2007 5511 ducentem

440 5552 508 5604 ad
580 5550 883 5619 gclwnnam
938 5547 1263 5617 dcponatis,
1328 5563 1506 5614 neque
1570 5550 2010 5603 contaminantes

433 5630 642 5695 manus
680 5648 891 5694 vestras
935 5641 1243 5710 hujusmodi
1300 5640 1626 5694 muneribus
1693 5656 1788 5696 vos
1852 5655 2008 5696 sacra

435 5732 702 5804 mysteria
727 5732 1052 5789 celebrando
1083 5729 1342 5801 indignos
1369 5731 1662 5801 praestctis.

2163 525 2432 588 διάκονος,
2475 527 2847 596 καθαιρείσθω
2882 530 2978 583 καὶ
3024 530 3209 593 αὐτὸς,
3262 533 3358 584 καί
3415 535 3444 585 ό
3495 551 3714 604 χειροτο-

2164 619 2358 686 νήσας,
2395 619 2490 672 καὶ
2536 621 2888 675 ἐκκοπτέσθω
2919 622 3019 691 τῆς
3046 624 3334 686 κοινωνίας
3367 627 3712 696 παντάπασιν,

2160 710 2236 772 ὡς
2274 711 2459 780 Σίμων
2489 713 2517 763 ὁ
2540 713 2728 780 Μάγος
2765 712 2859 765 ὑπ’
2889 712 3026 784 ἐμοῦ
3061 714 3290 784 Πέτρου.

2233 801 2395 870 Ζήτει
2431 803 2526 856 καί⁵
2558 804 2649 856 τὸν
2678 803 2721 856 λ’
2747 803 2953 856 τούτων
2983 806 3186 858 κανόνα
3218 807 3276 858 ὲν
3300 806 3376 874 τῷ
3401 806 3466 864 ιθ⁹
3491 825 3610 877 κεφ.
3630 809 3716 866 τοῦ

2161 895 2201 946 Ε
2231 895 2522 964 στοιχείου,
2555 895 2741 949 καὶτὰ
2787 894 3021 950 ἐνταῦθα
3069 898 3198 967 περὶ
3246 898 3568 969 ἀμφοτέρων
3618 901 3718 954 τῶν

2159 987 2402 1038 κανόνων
2429 988 2662 1050 τουτωνὶ
2692 987 2951 1058 ρηθέντα.

2193 1127 2204 1138 κ
2238 1075 2302 1130 Ὀ
2332 1077 2385 1131 δὲ
2418 1077 2462 1146 β’
2522 1076 2700 1131 κανὼν
2739 1073 2837 1148 τῆς
2890 1078 2934 1133 δ’
2968 1080 3210 1148 συνόδου,
3269 1079 3338 1133 Et
3380 1097 3485 1147 τις,
3541 1082 3714 1150 φησιν,

2157 1169 2456 1232 ἐπίσκοπος
2497 1171 2578 1234 εἰς
2618 1146 2820 1240 πρᾶσιν
2854 1174 3160 1238 καταγάγοι
3336 1146 3718 1242 ἄπρατον-χεῖ-

2161 1279 2245 1330 ριν
2276 1261 2370 1313 τοῦ
2412 1263 2570 1331 ἁγίου
2645 1263 2984 1333 ΙΙνεύματος,
3046 1265 3147 1336 τὴν
3182 1243 3452 1335 ἀτίμητον
3501 1265 3716 1336 δηλαδὴ,

2158 1353 2252 1405 καὶ
2285 1353 2488 1423 πράσει
2527 1353 2600 1424 μὴ
2633 1355 3074 1418 ὕποπίπτουσαν,
3111 1354 3188 1424 τῷ
3217 1355 3476 1426 ὑπερφυᾶ
3526 1356 3720 1426 ταύτην

2156 1437 2294 1494 εἶναι
2337 1443 2431 1495 καὶ
2498 1443 2666 1512 τιμῆς
2711 1443 2892 1512 πάσης
2946 1443 3226 1506 ἐπέκεινα,
3282 1447 3377 1498 καὶ
3420 1447 3721 1517 χειροτονήο

2157 1551 2303 1586 σειεν
2335 1535 2425 1587 ἐπὶ
2457 1535 2738 1605 χρήμασιν
2775 1536 3097 1598 ἐπίσκοπον,
3146 1537 3178 1607 ἦ
3223 1538 3718 1608 χωρεπίσκοπον,ἢ

2154 1625 2548 1696 πρεσϐύτερον,
2581 1627 2613 1698 ἦ
2669 1627 2936 1695 διάκονον,
2969 1629 3002 1699 ἢ
3037 1629 3393 1684 ὖποδιάκονον
3424 1625 3590 1700 (οὗτοι
3618 1631 3719 1702 γὰρ

2152 1721 2199 1771 oi
2235 1718 2747 1792 χειροτονούμενοι),
2779 1719 2813 1788 ἦ
2861 1738 2982 1772 τινα
3014 1721 3120 1773 τῶν
3151 1722 3208 1773 ἐν
3255 1721 3333 1790 τῷ
3379 1721 3567 1793 κλήρῳ
3595 1740 3721 1791 προ-

2151 1811 2400 1864 ϐάλλοιτο
2429 1811 2735 1880 οἰκονόμον,
2789 1812 3090 1882 ἢέκδικον,
3152 1815 3183 1880 ἢ
3239 1815 3512 1886 νεωκόρον
3559 1810 3721 1883 (οὗτοι

2149 1904 2258 1973 γὰρ
2297 1905 2346 1955 οἰ
2374 1903 2831 1973 προϐαλλόμενοι,
2879 1902 3068 1968 ὥσπερ
3121 1903 3227 1974 ἄρα
3290 1907 3342 1958 οἰ
3378 1905 3720 1972 ἀναγνῶσται

2147 1995 2240 2049 καὶ
2279 1994 2483 2064 ψάλται
2553 1995 3062 2067 σφραγίζονται),ἧ
3119 2013 3243 2050 τινα
3287 1997 3427 2060 ὅλως
3485 1997 3592 2049 τῶν
3633 1996 3721 2048 τοῦ

2145 2087 2373 2150 κανόνος
2416 2088 2625 2160 ἕτερον,
2664 2085 2926 2150 ότούτοις
2972 2090 3337 2160 ἐπιχειρήσας
3393 2089 3463 2143 δι’
3516 2091 3718 2144 οἰκείαν

2146 2178 2624 2250 αἰσχροκέρδειαν,
2683 2179 2779 2233 καὶ
2825 2180 3128 2251 ἐλεγχθεὶς,
3173 2182 3540 2237 κινδυνευέτω
3601 2183 3723 2252 περὶ

2143 2271 2235 2322 τὸν
2267 2273 2470 2325 οἰκεῖον
2502 2271 2712 2342 βαθμόν
2747 2288 2762 2302 ο
2796 2273 2891 2325 καὶ
2927 2275 2956 2326 ό
3005 2275 3502 2344 χειροτονούμενος
3560 2277 3724 2345 μηδὲν

2142 2361 2206 2412 ἐκ
2251 2363 2350 2430 τῆς
2413 2362 2533 2413 κατ⁹
2584 2363 2856 2434 ἐμπορίαν
2906 2365 3244 2432 χειροτονίας
3315 2366 3637 2434 ὠφελείσθω
3688 2367 3718 2439 ἢ

2142 2452 2436 2523 προϐολῆς,
2467 2452 2584 2505 ἀλλ’
2615 2453 2756 2506 ἔστω
2811 2453 3096 2526 ἀλλότριος
3154 2457 3252 2528 τῆς
3327 2457 3488 2523 ἀξίας
3539 2459 3572 2530 ἦ
3629 2459 3720 2512 τοῦ

2141 2544 2562 2612 φροντίσματος,
2599 2537 2660 2596 οὗ
2695 2545 2784 2598 διὰ
2818 2547 3120 2616 χρημάτων
3167 2548 3505 2620 τετύχηκεν.
3566 2551 3627 2604 Εἰ
3667 2549 3721 2602 δέ

2138 2649 2222 2693 τις
2245 2633 2341 2686 καὶ¹
2368 2635 2673 2703 μεσιτεύων
2719 2637 2914 2704 φανείη
2942 2640 3054 2699 τοῖς
3085 2636 3258 2699 οὕτως
3318 2641 3570 2712 αἰσχροῖς
3632 2641 3724 2695 καὶ

2137 2723 2423 2793 ἀθεμίτοις
2456 2725 2732 2795 λήμμασι,
2760 2728 2854 2779 καί
2880 2721 3054 2790 οὗτος,
3095 2731 3141 2781 εἰ
3168 2729 3266 2799 μὲν
3305 2733 3572 2802 κληρικδς
3613 2734 3718 2804 εἴη,

2136 2815 2230 2867 τοῦ
2263 2814 2471 2868 οἰκείου
2505 2816 2827 2870 ἐκπιπτέτω
2861 2817 3096 2886 βαθμοῦ,
3127 2821 3177 2872 εἰ
3208 2821 3264 2874 δέ
3301 2823 3518 2886 λαῖκδς,
3543 2825 3578 2894 ἢ
3630 2841 3725 2893 μο-

2136 2905 2337 2969 νὰζων,
2375 2907 2889 2976 ἀναθεματιζὲσθω.
2939 2910 3206 2964 Ἐνταῦθα
3241 2914 3420 2968 καλὸν
3453 2915 3523 2969 ἂν
3551 2916 3636 2987 εἴη
3667 2915 3725 2968 τδ

2136 2999 2334 3065 στῆθος
2395 2999 2706 3069 πλήξαντας
2765 3001 3110 3068 πεπονθότως
3147 3005 3463 3076 ἀναϐοῆσαι
3491 3024 3505 3036 ·
3543 3028 3563 3061 ι
3604 3009 3723 3062 Ἐὰν

2134 3091 2362 3161 ἀνομίας
2386 3093 2811 3162 παρατηρήσῃς,
2869 3093 3065 3164 Κύριε,
3112 3097 3319 3167 Κύριε,
3377 3102 3462 3166 τίς
3494 3101 3728 3171 ὑποστή-

2137 3199 2290 3236 σεται
2321 3201 2369 3250 ς»
2411 3184 2506 3246 Τίς
2535 3185 2644 3254 γάρ
2676 3185 2822 3239 ἐστιν
2870 3187 2900 3239 ὁ
2943 3187 3208 3255 διοίκησιν
3261 3193 3516 3262 εὐαγοῦς
3557 3197 3728 3264 οἷκον,

2132 3275 2165 3345 ἢ
2205 3275 2482 3330 διακονίαν
2533 3277 2848 3347 οἰανδήτινα
2905 3282 3008 3349 τῆς
3073 3282 3418 3353 Ἐκκλησίας
3467 3287 3726 3358 ἀναδεχό-

2135 3385 2318 3436 μενος,
2366 3368 2401 3429 ἦ
2439 3368 2698 3439 κληρικὺς
2734 3373 3041 3442 γινόμενος,
3093 3374 3126 3445 ἢ
3176 3379 3460 3451 μονίδριον
3513 3381 3723 3453 λαμεάο

2131 3476 2256 3523 νων,
2292 3459 2419 3513 ἄνευ
2459 3461 2558 3525 τῆς
2600 3462 2838 3530 δόσεωςς
2870 3466 2928 3516 Ei
2967 3465 3030 3534 δὴ
3080 3469 3217 3521 πᾶσι
3249 3473 3473 3538 τούτοις
3509 3479 3617 3539 τοῖς
3664 3493 3720 3530 τι

2132 3539 2416 3618 πορίζουσι
2454 3554 2548 3604 καὶ
2581 3554 2968 3624 ποριζομένοις
2995 3558 3256 3628 ἀθέσμως
3311 3566 3427 3618 τῶν
3475 3569 3719 3639 ἐσχάτων

2129 3643 2177 3696 οἰ
2213 3645 2347 3714 ἱεροὶ
2387 3645 2654 3713 τιμῶνται
2679 3648 2925 3716 κανόνες,
2960 3652 3087 3703 ποία
3107 3654 3240 3722 ἡμῖν
3259 3661 3550 3728 σωτηρίας
3567 3661 3724 3724 ἐλπὶς

2133 3734 2209 3804 μὴ
2243 3737 2635 3808 ἀφισταμένοις
2661 3739 2758 3792 καὶ
2797 3739 2899 3809 τῆς
2939 3742 3120 3796 αὐτῶν
3175 3748 3474 3815 κοινωνίας
3517 3751 3726 3806 παντά-

2129 3841 2294 3879 πασιν
2319 3843 2334 3890 ;
3589 3840 3604 3850 ’

2215 3915 2274 3971 ’0
2309 3919 2365 3970 δὲ
2425 3919 2516 3974 κδ’
2554 3921 2654 3990 τῆς
2721 3929 2775 3987 ςν
2848 3925 3070 3979 συνόδου
3127 3927 3358 3997 κανὼν,
3416 3935 3565 4002 Τοὺς
3633 3938 3726 3991 ἐπὶ

2129 4011 2378 4077 χρήμασι
2439 4015 2979 4088 χειροτονουμέ-νους,
3055 4020 3210 4087 φησὶ,
3287 4024 3411 4078 sit:
3493 4029 3725 4082 ἐπισκόο

2128 4113 2284 4161 πους,
2345 4098 2456 4150 εἴτε
2515 4100 2872 4171 οίουσδήποτι
2925 4103 3247 4172 κληρικοὺς,
3303 4111 3406 4164 καὶ
3457 4113 3522 4165 οὐ
3577 4113 3722 4167 κατὰ

2127 4189 2454 4260 δοκιμασίαν
2503 4195 2596 4246 καὶ
2625 4193 2716 4246 τοῦ
2771 4195 2890 4264 βίον
2935 4197 3161 4250 ἀστείαν
3212 4201 3463 4272 αἵρεσιν,
3523 4209 3725 4271 αὐτούς

2126 4297 2186 4332 τε
2221 4283 2316 4334 καὶ
2347 4283 2475 4348 τοὺς
2512 4288 3407 4362 χειροτονήσανταςκαθαιρεῖσθαι
3438 4301 3725 4370 προστάσ-

2128 4389 2314 4442 σομεν,

2205 4469 2266 4521 Ὀ
2283 4470 2339 4522 δὲ
2377 4468 2416 4521 ε’
2456 4470 2640 4522 κανὼν
2681 4471 2779 4541 τῆς
2810 4471 2866 4534 ζ’
2885 4474 3128 4542 συνόδου,
3194 4478 3542 4548 σύμπαντας
3597 4487 3724 4548 τοὺς

2123 4559 2392 4629 ῥηθέντας
2439 4563 2673 4624 κανόνας
2725 4562 2960 4629 διεξιὼν,
3027 4568 3122 4620 καὶ
3187 4569 3247 4622 ἐν
3310 4573 3496 4628 καλοῦ
3555 4578 3723 4648 μοίρᾳ

2120 4652 2184 4717 τῇ
2247 4650 2440 4720 πρώτῃ
2506 4651 2583 4720 τῷ
2635 4653 2800 4722 κοινῷ
2881 4657 2982 4724 τῆς
3047 4657 3390 4730 Ἐκκλησίας
3468 4666 3724 4719 δεδόσθαι

2121 4742 2370 4808 νομίσας,
2435 4745 2500 4813 τῇ
2558 4744 3013 4815 ἐκείνων-κρίσει
3083 4750 3176 4803 xxi.
3227 4747 3392 4817 οὗτος
3446 4758 3727 4830 ἐπιψηφί-

2116 4833 2288 4898 (erat.

2202 4927 2264 4978 '0
2297 4925 2353 4977 δὲ
2389 4927 2560 4994 μέγας
2623 4928 2908 4992 Βασίλειος
2983 4932 3125 5001 πρὸς
3168 4934 3298 4998 τοὺς
3361 4939 3465 4990 ὑπ’
3526 4943 3727 4996 ἑαυτὸν

2119 5018 2450 5080 ἐπισκόπους
2485 5020 2737 5087 γράφων,
2771 5020 2910 5074 ὥστε
2946 5023 3019 5092 μὴ
3048 5034 3397 5092 χειροτονεῖν
3431 5035 3533 5086 ἐπὶ
3591 5039 3726 5106 χρή-

2121 5123 2277 5176 μασι,
2310 5107 2446 5176 μετὰ
2484 5109 2590 5160 τῶν
2619 5110 2800 5164 ἀλλων
2835 5113 2928 5164 καὶ
2964 5113 3137 5170 ταῦτα
3161 5133 3299 5185 φησι
3332 5135 3348 5149 ⁸
3403 5119 3725 5194 Νομίζουσί

2115 5214 2260 5258 τινες
2304 5198 2378 5268 μὴ
2429 5199 2792 5268 ἁμαρτάνειν.
2828 5202 2906 5269 τῷ
2942 5204 3014 5273 μὴ
3041 5205 3154 5272 ἅμα
3190 5206 3545 5280 λαμϐάνειν,
3582 5216 3722 5267 ἀλλᾶ
3781 5230 3783 5233 ·

2120 5293 2256 5356 μετὰ
2291 5290 2385 5358 τὴν
2436 5294 2768 5360 χειροτονίαν
2790 5309 2803 5322 ·
2843 5294 3027 5346 λαϐεῖν
3061 5295 3116 5347 δέ
3150 5299 3266 5349 ἐστι
3311 5304 3376 5352 τὸ
3403 5306 3721 5377 ὀτεδήποτε

2115 5378 2324 5432 λαϐεῖν,
2369 5379 2674 5448 Παρακαλὼ
2716 5382 2829 5448 οὖν,
2859 5381 3060 5454 ταύτην
3088 5385 3186 5455 τὴν
3211 5389 3531 5455 πρόεοδον,
3573 5398 3720 5464 μᾶλ-

2114 5467 2203 5518 λον
2231 5466 2286 5518 δὲ
2321 5467 2417 5536 τὴν
2451 5470 2821 5538 προσαγωγὴν
2851 5473 2949 5540 τὴν
2982 5475 3073 5552 ἐπὶ
3103 5477 3332 5541 γέενναν
3393 5484 3722 5549 ἀπόθεσθε,

2114 5561 2209 5612 καὶ
2246 5561 2318 5629 μὴ
2345 5561 2436 5618 τὰς
2471 5565 2661 5629 χεῖρας
2685 5563 3022 5651 μολύναντές
3045 5571 3154 5630 τοῖς
3176 5570 3458 5637 τοιούτοις
3485 5576 3724 5646 λήμμα-

2115 5670 2223 5714 σιν,
2254 5655 2479 5718 ἑαυτοὺς
2517 5657 2774 5722 ἀναξίους
2807 5662 3074 5731 ποιήσητε
3109 5663 3202 5716 τοῦ
3234 5664 3533 5725 ἐπιτελεῖν
3584 5674 3721 5742 ἅγια

2116 5747 2412 5818 μυστήριαζ
