4028 6442
287 307 393 373 205

1256 313 1664 379 SYNTAGMA
1708 315 2345 384 ALPHABETICUM.
2385 326 2550 387 *X.

3462 334 3572 399 206

373 421 437 477 'H
469 422 527 476 δε
556 418 848 492 ἐγκύκλιος
879 423 1139 501 ἐπιστολὴ
1170 425 1460 481 Γενναδίου
1523 430 1870 500 πατριάρχου
1901 487 1902 492 η

2051 429 2294 504 Epistola
2355 447 2540 492 autem
2603 439 2882 509 encyclica
2933 441 3203 498 Gennadii
3250 447 3581 514 patriarcha:
3623 507 3628 511 ,

291 513 922 578 Κωνσταντινουπόλεως
944 518 1083 587 πρός
1113 535 1176 586 γε
1207 519 1322 582 τοῖς
1355 517 1541 583 ἄλλοις
1572 521 1670 574 καὶ
1698 520 1874 574 ταῦτα

2009 525 2578 598 lonstantinopolitani
2638 540 2841 601 praeter
2903 533 3010 588 alia
3074 535 3192 590 hac
3252 513 3461 596 habet:
3498 541 3582 598 Sit

292 604 581 675 περιέχει·
636 605 821 659 Ἔστω
871 606 1052 661 τοίνυν
1090 609 1186 662 καὶ
1255 607 1406 662 ἔστιν
1459 610 1873 680 ἀποκήρυκτος,

294 692 388 744 καὶ
413 691 596 760 πάσης
627 692 914 763 ἱερατικῆς
947 695 1106 761 ἀξίας
1153 714 1212 751 τε
1255 699 1350 754 καὶ
1377 698 1737 772 ’λειτουργίας
1780 701 1888 754 ἁλι

295 784 525 855 λότριος,
562 787 658 839 καὶ
679 789 746 857 τῇ
777 789 995 862 κατάρᾳ
1042 789 1138 844 τοῦ
1185 791 1532 862 ἀναθέματος
1585 794 1879 864 ὑποκείμε-

294 893 408 941 νος,
474 877 502 930 ὃ
553 894 614 931 τε
651 878 884 934 κτᾶσθαι
932 880 1029 951 τὴν
1086 881 1393 954 ἱερωσύνην
1444 882 1534 936 διὰ
1572 885 1878 956 χρημάτων

299 969 561 1038 οἰόμενος,
625 972 722 1024 καὶ
777 974 804 1026 ό
854 971 1057 1044 ταύτην
1108 975 1376 1045 παρέχειν
1451 975 1544 1028 ἐπὶ
1599 977 1880 1046 χρήμασιν

304 1059 756 1132 ὒπισχνούμενος,
788 1063 900 1118 εἴτε
941 1065 1227 1136 κληρικὸς,
1261 1065 1370 1120 εἴτε
1401 1066 1590 1130 tatus;
1619 1067 1730 1138 εἴη,
1775 1068 1880 1121 κᾶν

303 1154 613 1225 ἐλέγχηται,
651 1157 756 1210 κᾶν
793 1158 869 1228 μὴ
924 1158 1222 1230 ἐλέγχηται
1285 1161 1446 1214 τοῦτο
1499 1163 1757 1232 ποιήσας.
1804 1161 1883 1216 Οὐ

301 1249 411 1316 γὰρ
450 1245 562 1302 οἷόν
620 1267 683 1302 τε
739 1251 1021 1320 συμϐῆναί
1081 1270 1213 1306 ποτε
1250 1253 1319 1308 τὰ
1385 1253 1702 1324 ἀσύμϐατα,
1768 1253 1887 1307 οὐδὲ

301 1339 422 1410 θεῷ
481 1341 850 1410 συμφωνῆσαι
902 1343 996 1396 τὸν
1057 1345 1409 1414 Μαμωνᾶν,’
1452 1344 1486 1416 ἢ
1541 1344 1667 1408 τοὺς
1711 1343 1888 1414 τούτῳ

303 1431 656 1497 δουλεύοντας
705 1433 995 1490 δουλεῦσαι
1029 1437 1189 1507 Θεῷ⁶
1244 1437 1542 1510 δεσποτικὴ
1595 1437 1692 1490 καὶ
1747 1436 1888 1506 αῦτη

305 1529 574 1599 ἀπόφασις
604 1531 1031 1600 ἀναμφίλεκτοςο
1073 1532 1182 1586 «ού
1205 1533 1442 1586 δύνασθε
1466 1531 1587 1602 Θεῷ
1614 1530 1891 1586 δουλεύειν

301 1622 399 1674 καὶ
440 1624 698 1696 μαμωνᾷ.
739 1642 756 1674 ι
1625 1687 1630 1692 ν

387 1714 450 1768 Ἦ
490 1717 546 1769 δὲ
572 1716 666 1769 τοῦ
701 1717 760 1770 ὲν
789 1718 969 1786 ἁγίοις
1003 1716 1310 1788 Ταρασίου,
1346 1717 1692 1790 πατριάρχου
1729 1716 1889 1769 Κων-

1979 632 2112 688 ergo
2140 629 2195 673 ct
2215 627 2300 675 est
2336 623 2405 677 ab
2439 625 2590 679 omni
2618 627 2949 682 sacerdotali
2986 628 3257 700 dignitate
3321 643 3377 688 et
3412 636 3576 689 mini-

1981 711 2150 766 sterio
2189 713 2426 780 alienus,
2461 727 2516 772 et
2554 721 2928 778 anathematis
2956 727 3329 782 oxsccrationi
3398 728 3585 797 subje-

1983 814 2125 871 ctus,
2157 808 2249 878 qui
2284 825 2345 864 se
2387 827 2484 880 per
2539 815 2810 882 pecunias
2849 818 3230 874 sacerdotium
3291 823 3585 892 acquirere

1983 898 2285 966 existimat,
2318 911 2481 972 atque
2507 905 2599 974 qui
2635 906 2687 960 id
2720 909 2971 976 pecuniis
3030 913 3277 980 praibere
3345 915 3579 983 pollice-

1985 999 2098 1058 tur,
2164 994 2280 1048 sive
2338 995 2597 1062 clericus,
2666 1000 2781 1055 sive
2809 1001 2985 1058 laicus
3049 1004 3240 1072 fuerit,
3301 1007 3420 1063 sive
3479 1008 3588 1062 hoc

1990 1083 2172 1142 facere
2231 1089 2615 1154 convincatur,
2667 1092 2784 1148 sive
2847 1110 2978 1149 non.
3055 1094 3197 1162 Quia
3285 1100 3402 1154 ﬁeri
3470 1115 3583 1154 non

1991 1185 2173 1240 potest
2205 1181 2732 1238 utincom'enientia
2763 1189 3122 1254 conveniant,
3146 1191 3232 1243 vel
3262 1207 3588 1250 mammona
3687 1191 3692 1194 ’

1995 1269 2105 1325 Deo
2140 1275 2485 1341 consentiat,
2524 1275 2607 1330 vel
2641 1279 2732 1347 qui
2768 1280 2821 1352 ei
2854 1281 3150 1358 serviunt,
3179 1281 3288 1339 Deo
3322 1287 3590 1340 serviant.

1996 1363 2214 1419 Domini
2245 1377 2330 1422 est
2352 1369 2647 1424 ’sententia
2673 1411 2689 1435 ,
2727 1373 2821 1426 cui
2863 1375 3171 1430 contradici
3204 1391 3308 1430 non
3374 1386 3588 1446 potest:

1998 1475 2016 1507 ι
2057 1455 2178 1530 Non
2215 1458 2448 1530 potestis
2472 1461 2687 1520 servire
2719 1460 2832 1530 Deo
2863 1472 2920 1518 ct
2951 1479 3330 1519 mammonae.»

2065 1703 2310 1774 Epistula
2372 1722 2502 1763 vero
2537 1710 2718 1765 sancti
2761 1708 3013 1776 Tarasii,
3075 1710 3407 1780 patriarchae
3450 1711 3596 1768 Con-

310 1809 820 1876 σταντινουπόλεως,
879 1811 1016 1882 πρὸς
1061 1811 1339 1879 Ἀδριανὸν
1371 1811 1606 1864 πάππαν
1662 1808 1883 1882 Ῥώμης

2009 1797 2496 1868 itantinOpolitani,
2569 1802 2636 1856 ad
2697 1803 2998 1858 Adrianum
3086 1820 3284 1875 papam
3346 1805 3519 1861 missa
3573 1821 3590 1861 :

262 1925 267 1931 ·
308 1904 595 1970 σταλεῖσα,
624 1907 994 1979 Φορητότερος
1029 1908 1234 1978 μᾶλλόν
1284 1910 1424 1976 ἐστι,
1485 1909 1642 1980 φησι,
1704 1909 1894 1962 Μακε-

307 1992 498 2058 δόνιος,
523 1997 619 2048 καὶ
655 1997 821 2067 ὴτῶν
854 1997 994 2068 ἀμφ’
1025 1997 1191 2052 αὐτὸν
1231 1999 1722 2069 υνευματομάχων
1761 1997 1892 2052 δυσ-

312 2087 475 2159 «eaq;
542 2088 781 2158 αἵρεσις,
843 2090 875 2161 ἢ
926 2092 976 2144 οἱ
1034 2091 1373 2162 πιπράσκειν
1433 2090 1748 2162 τολμῶντες
1783 2091 1894 2162 ’τὴν

311 2179 468 2249 χάριν
492 2162 592 2233 τοῦ
629 2180 786 2248 ἁγίου
821 2181 1167 2252 Πνεύματος,
1218 2180 1455 2236 Ἐκεῖνοι
1501 2183 1604 2253 μὲν
1633 2182 1744 2253 γὰρ
1771 2182 1895 2237 κτὶ⁴

316 2289 425 2342 spat
478 2274 577 2328 καὶ
621 2274 806 2329 δοῦλον
861 2275 956 2330 τοῦ
1004 2277 1142 2330 Θεοῦ
1195 2279 1290 2331 καὶ
1359 2279 1574 2351 Πατρδς
1617 2279 1680 2332 τὸ
1740 2279 1894 2348 ἅγιον

314 2366 536 2434 Πνεῦμα
581 2367 918 2436 ληρωδοῦσίν
949 2386 964 2400 ·
1005 2363 1152 2424 οὗτοι
1181 2370 1238 2423 δὲ
1267 2370 1502 2434 ἑαυτῶν,
1537 2371 1614 2435 ὡς
1653 2371 1892 2435 δοκοῦσι,

311 2458 496 2513 δοῦλον
549 2461 682 2514 αὐτὸ
731 2462 1002 2518 ποιοῦσιν.
1063 2462 1126 2518 Ὀ
1163 2466 1274 2536 γάρ
1320 2482 1374 2517 τι
1427 2457 1761 2536 πιπράσκων
1820 2464 1898 2529 ὡς

309 2552 581 2622 δεσπότης
633 2553 800 2608 αὑτοῦ
859 2557 1210 2627 πιπράσκει·
1248 2557 1344 2612 καὶ
1381 2561 1409 2611 ὁ
1457 2557 1766 2628 ἀγοράζων,
1807 2558 1895 2612 δε-

315 2645 523 2712 σπότης
546 2641 682 2718 εἶναι
699 2637 1044 2718 ’βουλόμενος
1067 2649 1164 2703 τοῦ
1203 2649 1594 2722 ὲξωνηθέντος,
1625 2652 1894 2722 ἀργυρίου

315 2736 474 2789 τοῦτο
513 2740 704 2792 κτᾶται
734 2738 924 2808 τιμῆς.
958 2741 1296 2812 Προστὶθησι
1323 2741 1380 2794 δὲ
1417 2742 1516 2794 καὶ
1554 2740 1894 2810 ὡςὲεράμιλ-

316 2828 412 2880 λον
437 2830 496 2881 τὸ
519 2829 722 2883 τούτων
754 2831 1066 2900 ἁμάρτημα
1093 2831 1171 2902 τῷ
1223 2831 1317 2886 τοῦ
1380 2832 1641 2903 προδότου
1698 2831 1896 2896 Ἰούδα,

315 2919 518 2972 οὑτωσὶ
549 2920 1000 2993 συλλογιζομένησ
1037 2923 1100 2977 Εἰ
1157 2923 1268 2996 γὰρ
1328 2924 1620 2994 δμοούσιον
1663 2923 1741 2995 τῷ
1785 2924 1900 2994 Υἱῷ

314 3012 380 3062 τὸ
404 3011 628 3081 Πνεῦμα
651 3014 768 3066 ἐστι
825 3015 944 3068 καί.
975 3015 1261 3086 ὁμότιμον,
1311 3018 1708 3084 κατακρίνεται
1768 3017 1826 3072 δὲ
1873 3019 1901 3072 ὁ

331 3102 554 3168 Ἰούδας,
610 3105 704 3157 τὸν
757 3107 886 3159 Υἱὺν
941 3108 1279 3180 ἀποδόμενος
1335 3111 1630 3184 ἀργυρίου,
1682 3111 1899 3181 ἀνάγκη

315 3196 492 3266 δήπου
519 3198 609 3252 καὶ
632 3199 769 3263 τοὺς
783 3200 844 3254 τὸ
867 3200 1093 3272 Πνεῦμα
1122 3179 1568 3274 πιπράσκοντας
1618 3203 1694 3273 μὴ
1743 3179 1900 3258 mn;
1928 3179 1972 3238 Ω

318 3307 482 3353 τονας
525 3290 559 3360 ἢ
613 3293 821 3358 ἐκεῖνος
855 3294 956 3358 τὰς
987 3295 1224 3360 εὐθύνας
1275 3297 1521 3367 ὑπέχειν.
1567 3296 1732 3350 Ἀλλὰ
1791 3297 1904 3368 γὰρ

320 3385 539 3454 παρίτω
577 3388 671 3440 καὶ
701 3388 737 3459 ἠ
768 3389 866 3458 τῆς
920 3387 1255 3458 Ἐκκλησίας
1288 3391 1496 3459 σειρὴν,
1537 3391 1570 3458 ἡ
1595 3389 1684 3443 διὰ
1717 3393 1904 3459 πάσης

321 3478 421 3545 τῆς
477 3479 808 3551 οἰκουμένης
855 3480 1056 3552 ᾅδουσα
1105 3480 1274 3550 λύρα,
1347 3482 1376 3534 δ
1423 3481 1493 3536 τὰ
1555 3483 1905 3552 πνευματικὰ

327 3571 592 3641 φάρμακα
650 3573 852 3643 μᾶλλον
887 3574 1090 3638 παντὸς
1124 3574 1311 3646 ἰατροῦ
1337 3574 1492 3638 εἰδώς
1515 3592 1574 3626 τε
1599 3577 1697 3629 καὶ
1723 3575 1907 3646 σοφῶς

335 3665 608 3736 κεραννῦς,
649 3669 676 3720 ό
704 3666 875 3730 θεῖος,
913 3671 1082 3738 φημὶ,
1113 3668 1526 3738 Χρυσόστομος,
1560 3669 1634 3732 ὼς
1651 3667 1718 3721 ἂν
1758 3669 1907 3739 ἡμᾶς

335 3755 433 3808 κάν
467 3756 644 3828 τούτῳ
703 3758 917 3832 διδάξῃ.
967 3760 1121 3822 ὅπως
1188 3759 1294 3830 χρὴ
1360 3759 1745 3831 ’τὸ-αὐστηρὸν
1796 3761 1908 3814 τῶν

326 3845 485 3901 θείων
508 3848 750 3904 κανόνων
778 3848 892 3902 ἔσθ’
935 3850 1026 3904 ὅτε
1059 3852 1126 3922 τῇ
1165 3852 1487 3923 συμπαθείᾳ
1518 3852 1908 3923 παρακιρνῶν-

325 3954 424 4002 τας
456 3939 756 4012 ύποχαλᾷν.
800 3940 992 4011 ’Ίσμεν
1039 3942 1150 4012 γὰρ
1198 3942 1347 4004 ὅπως
1384 3942 1513 4006 τοὺς
1555 3943 1766 4013 χρυσίῳ
1809 3944 1907 4007 τὰς

327 4029 654 4098 χειροτονίας
707 4032 1051 4103 ἐωνημένους
1079 4035 1180 4104 τῆς
1211 4033 1309 4103 μὲν
1371 4032 1676 4106 ἱερωσύνης
1731 4035 1908 4106 ἐγύμ-

326 4135 489 4186 νωσε,
514 4121 573 4174 τὸ
603 4120 660 4174 δὲ
688 4125 915 4193 χρυσίον
948 4123 1101 4193 παρὰ
1125 4124 1238 4180 τῶν
1287 4125 1382 4180 τοῦ
1421 4126 1910 4197 χειροτονήσαντος

327 4213 682 4286 κληρονόμων
708 4214 957 4286 ἠξίωσεν
1001 4216 1328 4283 ἀπολαϐεῖν,
1377 4218 1566 4291 ἐπειδὴ
1622 4217 1721 4289 τὴν
1761 4218 1909 4290 ζωὴν

327 4305 679 4378 ἑκμετρήσας
709 4309 916 4373 ἐκεῖνος
953 4309 1192 4379 ἔφθασεν
1213 4311 1313 4382 ἤδη
1363 4311 1714 4381 (Ἂντωνίνος
1752 4303 1910 4374 οὗτος

327 4393 396 4470 ἦν
424 4399 524 4468 τῆς
567 4399 829 4467 Ἐφεσίων
874 4402 901 4455 ὁ
924 4401 1212 4474 πρόεδρος,
1239 4403 1266 4454 ὁ
1289 4401 1388 4472 τὴν
1424 4401 1520 4454 τοῦ
1551 4403 1710 4470 ἁγίου
1741 4401 1910 4458 [ivsti-

2002 1885 2196 1955 Multo,
2238 1889 2444 1960 inquit,
2480 1893 2829 1980 tolerabilior
2869 1902 2956 1949 est
2991 1894 3374 1958 Macedonius,
3400 1905 3453 1950 et
3485 1897 3594 1949 im-
3649 1933 3652 1935 λ

2002 1979 2093 2052 pia
2125 1981 2367 2038 hostium
2408 1985 2587 2040 sancti
2624 1987 2866 2056 Spiritus
2899 1988 3156 2054 hazrcsis,
3194 2004 3359 2058 quam
3390 1989 3468 2042 illi
3498 1989 3595 2064 qui

2002 2075 2245 2151 vendere
2274 2077 2485 2134 audent
2507 2082 2745 2150 gratiam
2767 2080 3007 2152 Spiritus
3030 2084 3230 2138 sancti.
3250 2083 3332 2139 illi
3364 2083 3509 2139 enim
3537 2083 3595 2139 in

2003 2177 2338 2236 creaturam,
2374 2178 2430 2226 et
2462 2187 2684 2229 servum
2730 2173 2823 2228 Dei
2860 2185 2915 2229 et
2947 2175 3130 2230 Patris
3159 2185 3415 2230 sanctum
3464 2176 3592 2246 Spi-

2003 2257 2172 2312 ritum
2231 2263 2628 2317 contumeliam
2714 2255 2952 2333 l‘aciunt;
3035 2266 3090 2339 hj
3140 2276 3324 2321 autem
3373 2283 3592 2322 servum

2004 2365 2191 2416 suum,
2246 2360 2306 2408 ut
2336 2353 2570 2420 videtur,
2632 2356 2810 2427 ipsum
2873 2358 3108 2414 faciunt.
3170 2358 3366 2415 Omnis
3441 2360 3594 2415 enim

2003 2445 2099 2515 qui
2133 2445 2342 2517 aliquid
2373 2449 2582 2516 vendit,
2615 2434 2880 2521 tanquam
2931 2452 3194 2508 dominus
3263 2454 3427 2509 istius
3463 2470 3598 2510 ven-

2005 2540 2105 2608 dit,
2138 2548 2191 2596 et
2215 2543 2308 2612 qui
2335 2543 2468 2599 emit
2509 2547 2736 2615 cupiens
2761 2544 3023 2601 dominus
3058 2561 3184 2603 esse
3209 2550 3287 2602 rei
3320 2548 3594 2613 venditas,
3661 2613 3664 2616 ,
3737 2553 3740 2556 ’

2005 2635 2221 2704 argenti
2280 2639 2458 2705 pretio
2508 2638 2562 2692 id
2629 2640 2892 2710 acquirit.
2928 2641 3096 2711 268
3153 2643 3321 2697 Addit
3377 2643 3540 2696 etiam
3580 2685 3595 2707 ,

2006 2727 2152 2795 quod
2189 2727 2294 2783 hoc
2341 2730 2552 2784 crimen
2595 2731 2890 2788 consimile
2923 2732 2996 2788 sit
3028 2733 3104 2786 illi
3136 2732 3290 2788 Judtc
3349 2734 3604 2803 prodito-

2007 2824 2107 2890 ris,
2163 2826 2316 2881 hunc
2378 2825 2432 2878 in
2466 2827 2688 2898 modum
2730 2826 3056 2884 disserens:
3088 2827 3223 2882 Nam
3257 2829 3302 2884 si
3353 2828 3600 2883 consub-

2008 2915 2288 2972 stantialis
2344 2916 2419 2970 sit
2453 2913 2593 2970 Filio
2651 2915 2894 2986 Spiritus
2948 2925 3205 2982 sanctus,
3234 2927 3292 2972 ct
3346 2916 3596 2986 ejusdem

2007 3009 2318 3080 dignitatis,
2393 3019 2450 3066 et
2514 3010 2807 3065 damnetur
2871 3008 3078 3076 Iudas,
3163 3012 3307 3082 quod
3377 3021 3601 3082 propter

2010 3103 2301 3172 pecuniam
2373 3102 2618 3175 prodidit
2683 3102 2926 3170 Filium,
2987 3120 3218 3161 necesse
3281 3105 3448 3160 etiam
3515 3116 3602 3162 est

2008 3195 2133 3250 illos
2209 3196 2304 3265 qui
2390 3195 2660 3266 Spiritum
2750 3197 3041 3263 vendunt,
3126 3197 3272 3252 haud
3366 3198 3601 3254 leviores

2008 3302 2173 3358 quam
2204 3288 2298 3343 ille
2327 3303 2525 3361 poenas
2565 3289 2778 3346 subire.
2822 3287 2930 3345 Sed
2967 3305 3100 3344 vero
3158 3289 3305 3345 adsit
3347 3289 3459 3358 jam
3499 3289 3603 3343 Ec-

2007 3380 2191 3437 clesia:
2216 3380 2412 3445 suada,
2450 3383 2681 3454 lyraque
2711 3376 2839 3452 qua:
2854 3395 2952 3452 per
2997 3389 3173 3436 totum
3208 3391 3478 3454 terrarum
3511 3397 3603 3436 or-

2011 3473 2133 3528 bem
2171 3483 2353 3540 sonat,
2393 3475 2440 3530 is
2469 3475 2564 3545 qui
2595 3474 2906 3545 spiritualia
2968 3476 3369 3530 medicamenta
3421 3475 3598 3544 perite

2009 3566 2184 3636 magis
2237 3581 2403 3636 quam
2472 3567 2810 3622 medicorum
2881 3567 3184 3637 quispiam,
3230 3579 3286 3621 et
3319 3567 3600 3636 sapienter

2010 3657 2224 3724 miscet,
2286 3667 2536 3726 sanctus,
2573 3660 2823 3729 inquam,
2877 3657 3450 3730 Chrysostomus,qui
3477 3660 3602 3728 qui-

2009 3748 2133 3805 dem
2172 3764 2274 3806 nos
2303 3749 2471 3806 etiam
2509 3751 2690 3806 hacin
2721 3766 2780 3806 re
2813 3751 3025 3817 docuit,
3060 3753 3206 3822 quod
3243 3753 3596 3810 severitatem

2010 3857 2292 3899 canonum
2333 3859 2734 3915 nonnunquam
2804 3846 3030 3902 lenitate
3062 3855 3436 3918 temperantes
3467 3861 3604 3916 pau-

2012 3937 2184 3993 lulum
2239 3937 2493 4008 mitigare
2549 3945 2793 4007 oprotet.
2853 3938 3077 3994 Scimus
3111 3939 3458 4010 enim‘qttod
3509 3953 3606 3994 eos

2011 4030 2106 4100 qui
2137 4044 2274 4086 auro
2295 4029 2673 4087 ordinationes
2713 4031 3088 4095 redemerunt,
3122 4031 3436 4087 sacerdotio
3491 4031 3608 4102 pri-

2013 4139 2162 4191 vare,
2200 4139 2396 4180 aurum
2422 4135 2605 4182 tamen
2641 4125 2712 4182 ab
2749 4126 3059 4191 haeredlbus
3089 4127 3212 4199 ejus
3251 4129 3341 4199 qui
3379 4127 3606 4183 ordina-

2017 4218 2093 4272 vit
2126 4227 2378 4289 repetere
2418 4219 2611 4286 voluit;
2639 4218 2900 4290 quoniam
2935 4219 3175 4290 vitajam
3207 4234 3458 4283 emensa,
3498 4219 3607 4275 iste

2014 4311 2326 4381 praeiverat.
2363 4311 2676 4365 Antoninus
2737 4317 2921 4366 autem
2949 4320 3069 4366 erat
3130 4309 3395 4366 Ecclesia!
3429 4311 3608 4380 Ephe-

2017 4404 2153 4459 sinae
2177 4402 2431 4469 antistes,
2462 4404 2557 4470 qui
2612 4402 2854 4473 Spiritus
2887 4405 3064 4460 sancti
3093 4405 3330 4473 gratiam
3373 4421 3607 4459 venum-

330 4509 497 4560 ματος
526 4493 741 4563 δωρεὰν
770 4493 931 4550 ὢνιον
962 4493 1155 4548 θέσθαι
1202 4494 1278 4565 μὴ
1309 4496 1710 4566 καταπτήξας).
1767 4495 1902 4552 Ἀλλ¹

2017 4494 2150 4550 dare
2196 4495 2382 4549 nullus
2429 4494 2742 4549 dubitabat.
2785 4493 2924 4550 Vide
2952 4503 3139 4549 autem
3183 4495 3444 4549 eximiam
3500 4497 3607 4551 viri

325 4587 430 4658 ὅρα
465 4605 555 4656 μοι
578 4588 677 4657 τῆς
699 4586 794 4640 τοῦ
827 4587 1358 4657 ἀγίουζσυμπαθείας
1399 4589 1460 4641 τὸ
1493 4588 1707 4658 περιόν.
1746 4588 1913 4654 Ἐξώ-

334 4698 537 4748 μνυντο
567 4680 666 4750 μὲν
703 4681 813 4751 γὰρ
837 4681 932 4734 ἐπὶ
971 4681 1108 4734 πολὺ
1138 4681 1408 4751 πρότερον
1431 4683 1656 4746 ἐκεῖνοι,
1704 4678 1741 4752 ἦ
1808 4682 1914 4754 μὴν

331 4773 487 4826 τοῦτο
540 4775 904 4842 πεποιηκέναι
991 4773 1306 4844 μηδέποτε’
1364 4775 1480 4838 τοῖς
1534 4775 1591 4828 δὲ
1651 4777 1913 4845 φανεροῖς

329 4866 573 4935 ἐλέγχοτς
618 4866 1055 4939 δυσωπηθέντες,
1127 4867 1313 4918 τόπων
1369 4867 1916 4937 ὑπομιμνησκόμενοι

329 4964 421 5011 καὶ
453 4959 685 5029 καιρῶν.
745 4960 838 5013 καὶ
867 4961 967 5027 τῆς
995 4959 1090 5012 τοῦ
1121 4962 1347 5031 χρυσίου
1389 4955 1713 5030 ποσότητος,
1740 4961 1917 5025 οὕτως

330 5052 476 5121 ἔχειν
508 5053 944 5122 ἁνωμολόγησαν
1009 5051 1264 5124 ὕστερον,
1301 5053 1698 5123 διατεινόμενοι
1749 5055 1825 5118 ὡς
1853 5055 1916 5108 ού

331 5147 612 5216 σκαιότητι
663 5147 915 5216 γνώμης,
961 5146 1075 5200 ἀλλ’
1113 5146 1470 5216 ἀκεραιότητι
1519 5147 1722 5216 μᾶλλον
1783 5149 1919 5204 καθ-

330 5239 667 5310 υπαχθῆναι,
727 5239 984 5308 τοιαύτην
1041 5239 1410 5309 ὑπειληφότες
1467 5239 1566 5310 τὴν
1625 5241 1918 5311 συνήθειαν

328 5326 494 5397 εἶναι,
524 5334 619 5386 καὶ
658 5331 863 5386 ἵνατοῦ
915 5332 1334 5402 βουλευτηρίου,
1455 5349 1562 5402 περ
1592 5329 1734 5404 ἦμεν
1781 5334 1917 5391 ὑπο-

328 5428 526 5489 τελεῖς,
579 5425 1056 5498 ἁπαλλαγείημεν,
1128 5427 1383 5495 φάμενοι.
1441 5427 1583 5495 Πρὸς
1643 5427 1818 5480 ταῦτα
1884 5428 1918 5497 ή

328 5521 722 5590 οὐρανομήκης
762 5517 947 5588 ἐκείνη
977 5517 1148 5589 ψυχὴ,
1177 5503 1277 5572 καὶ
1337 5518 1447 5571 τῶν
1495 5517 1588 5572 τοῦ
1637 5518 1776 5574 Θεοῦ
1841 5517 1922 5572 οἱ·

328 5612 580 5682 κτιρμῶν
614 5610 770 5681 ὕπερ
798 5627 879 5674 τις
910 5610 1198 5680 ὑφηγητὴς
1227 5611 1626 5681 γνησιώτατος,
1662 5611 1763 5664 οὐκ
1816 5612 1919 5680 ἀφ-

327 5705 558 5776 ορισμδν
599 5705 735 5776 πρὸς
755 5707 821 5774 τῇ
855 5703 1178 5773 καθαιρέσει
1208 5705 1536 5774 ἐπήνεγκεν,
1575 5705 1648 5767 ὡς
1681 5707 1730 5758 οἱ
1782 5706 1918 5758 θεῖοι

332 5801 553 5862 κανόνες
584 5797 823 5870 κρίσεως
854 5798 1095 5869 ἔχουσιν,
1133 5799 1192 5853 οὐ
1217 5799 1318 5868 τῆς
1356 5798 1680 5872 Ἐκκλῃιτίσς
1728 5791 1914 5854 ivisti)?-

2019 4586 2198 4642 saucti
2255 4586 2627 4642 clementiam.
2691 4585 3024 4641 Juraverunt
3057 4587 3202 4642 enim
3238 4588 3350 4657 jam
3384 4598 3513 4643 ante
3547 4604 3608 4643 se

2017 4693 2304 4750 nunquam
2335 4678 2441 4733 talo
2471 4680 2600 4748 quid
2628 4688 3000 4748 perpetrasse.
3030 4677 3391 4749 Argumentis
3420 4687 3603 4735 autem

2018 4769 2373 4827 evidentibus
2439 4767 2702 4834 convicti,
2753 4767 3013 4823 indicatis
3038 4776 3095 4822 et
3123 4776 3371 4837 tempore
3400 4778 3453 4821 et
3486 4768 3607 4821 auri

2019 4865 2349 4933 quantitate,
2418 4859 2767 4929 postmodum
2833 4875 2944 4912 rem
2995 4874 3055 4914 se
3106 4860 3180 4912 ita
3219 4859 3420 4914 habere
3476 4859 3609 4914 fassi

2021 4964 2177 5018 sunt,
2206 4952 2569 5008 obtendentes
2601 4967 2660 5007 se
2697 4967 2804 5005 non
2843 4951 3018 5005 animi
3072 4950 3303 5010 malitia.
3346 4950 3443 5004 sed
3474 4950 3613 5004 sim-

2022 5049 2264 5118 plicitate
2302 5045 2489 5117 potius
2542 5043 2696 5109 ferri,
2730 5051 3007 5113 quatenus
3037 5057 3102 5096 ex
3136 5056 3290 5096 more
3318 5057 3444 5097 csse
3494 5041 3611 5095 cxi-

2022 5142 2344 5202 Stimahant,
2375 5146 2430 5192 et
2479 5152 2506 5190 a
2547 5135 2808 5190 tribunali
2834 5135 3002 5205 (quod
3063 5135 3331 5202 aiebant),
3374 5133 3463 5187 cui
3507 5134 3612 5186 οὺ-

2023 5235 2173 5289 noxii
2218 5233 2457 5297 fuimus,
2509 5230 2900 5284 liberaremur.
2954 5228 3033 5281 Ad
3072 5228 3187 5281 lucc
3245 5227 3607 5295 ainplissima,

1993 5337 2086 5383 -ut
2117 5328 2318 5383 caelum
2358 5332 2529 5394 patet,
2553 5323 2660 5376 illa
2695 5321 2880 5376 anima
2933 5334 2988 5376 et
3018 5320 3438 5375 tniserationum
3487 5319 3610 5382 Dei,

2024 5420 2068 5474 si
2104 5420 2230 5488 quis
2255 5415 2426 5479 alius,
2477 5414 2720 5468 maxime
2772 5413 3052 5496 genuinus
3103 5411 3454 5479 citplanator,
3497 5425 3606 5462 non

2023 5506 2659 5566 cxcemmunicationem
2691 5503 3020 5574 dcpositioni
3073 5501 3491 5570 superinduxit,
3524 5501 3607 5553 uti

2025 5603 2168 5658 sacri
2209 5613 2448 5657 canones
2495 5600 2821 5662 decernunt,
2869 5611 3047 5664 neque
3083 5595 3328 5650 Ecclesia
3383 5593 3606 5661 penitus

2023 5697 2260 5752 exclusit
2287 5695 2308 5766 (
2346 5695 2474 5750 licet
2503 5693 2815 5748 voluntaria
2847 5691 3129 5746 confessio
3160 5691 3226 5744 de
3261 5689 3460 5758 quovis
3495 5689 3609 5742 cri-

2027 5792 2180 5847 mine
2241 5788 2479 5846 multum
2509 5787 2785 5855 detrahat,
2819 5787 2964 5844 sicut
3028 5785 3309 5842 convictio
3343 5799 3372 5839 e
3412 5791 3609 5838 contra
