4028 6466
319 535 426 600 209

1285 534 1696 596 SYNTAGMA
1726 533 2445 608 ALPIIABETICUh’Ib-
2487 539 2557 601 X.

3484 543 3604 608 suo

323 657 494 722 ἀξιον,
521 657 552 726 ἠ
581 655 802 725 φυλακὴ
832 653 926 707 τοῦ
957 653 1318 724 δωρηθέντος.
1359 653 1420 706 '0
1487 651 1610 714 δούς
1663 667 1746 704 σοι
1807 651 1900 705 τὸν
1929 699 1937 710 .

2050 653 2243 706 retium
2277 654 2509 724 requirit
2547 641 2625 710 rei
2660 645 2822 722 datm,
2876 657 2968 711 sed
3009 658 3318 712 custodiam
3352 658 3593 713 debitam

326 749 603 818 θησαυρὸν
661 749 784 818 οὐχὶ
814 747 981 818 τιμὴν
1025 748 1254 810 ἀπαιτεῖ
1281 744 1376 798 τοῦ
1433 744 1706 809 δοθέντος,
1759 743 1906 798 ἀλλά

328 836 574 908 φυλακὴν
610 836 770 930 ἀξίαν
792 837 888 890 τοῦ
922 837 1240 904 δεδομένου.

999 930 1206 998 Νόμοι.

407 1023 538 1077 Ἐάν
567 1041 654 1087 τις
685 1024 776 1078 διὰ
799 1023 1005 1086 δόσεως
1063 1023 1294 1094 χρυσίου
1344 1021 1711 1092 ὲπίσκοπος·ἥ
1771 1023 1906 1092 κληο

334 1117 487 1188 ρικδς
544 1117 794 1186 γένηται,
861 1116 892 1186 ἢ
958 1116 1255 1195 ξεινοδόκος,
1319 1115 1352 1186 ἢ
1405 1115 1816 1186 πτωχοτρόιρος,
1873 1114 1906 1185 ἦ

334 1211 649 1280 νοσοκόμος,
703 1194 1044 1282 summa;
1090 1194 1699 1278 εὐαγοδςοίουδήποτε
1735 1209 1908 1273 οἴκου,
1952 1271 1956 1274 ,

334 1306 368 1374 ἢ
401 1305 586 1374 ἑτέρου
635 1305 782 1367 τινὸς
843 1304 1307 1375 ἐκκλησιαστικοῦ
1358 1303 1692 1373 φροντιστὴς
1728 1303 1912 1355 διακο-

336 1396 600 1465 νήματος,
633 1397 729 1449 καὶ
753 1398 782 1449 ὁ
813 1397 961 1459 δοὺς,
993 1399 1089 1450 καὶ
1141 1399 1168 1448 ὁ
1191 1395 1395 1461 λαϐὼν,
1423 1395 1518 1448 καὶ
1548 1396 1576 1447 ὀ
1613 1393 1776 1464 μέσος
1821 1409 1915 1460 γε-

336 1487 579 1556 νόμενος,
615 1489 714 1557 τῆς
744 1487 1072 1560 ἱερωσύνης,
1112 1488 1145 1559 ἢ
1183 1488 1274 1541 τοῦ
1303 1489 1532 1557 κλήρου,
1586 1488 1618 1558 ἢ
1655 1487 1755 1556 τῆς
1814 1488 1911 1556 ὲμ-

336 1580 720 1650 πιστευθείσης
750 1583 1091 1650 διοικήσεως,
1120 1585 1296 1647 ἀπογυ
1307 1581 1688 1652 μνούσθωσαν.

411 1671 552 1724 Εἰδέ
585 1689 670 1734 τις
715 1672 826 1724 τῶν
851 1673 1234 1742 ἐπισκόπωνῆ
1293 1673 1598 1742 κλ-ηρικῶν,
1651 1671 1761 1724 εἴτε
1809 1672 1918 1742 πρὸ

338 1761 436 1827 τῆς
480 1761 841 1830 χειροτονίας,
879 1762 991 1814 εἴτε
1051 1763 1192 1831 μετὰ
1247 1761 1444 1824 ταῦτα,
1500 1765 1564 1815 ὲκ
1616 1762 1726 1815 τῶν
1771 1763 1918 1814 ἰδίων

339 1852 683 1921 πραγμάτων
731 1850 916 1905 δοῦναι
978 1852 1266 1923 βουληθείη
1290 1855 1356 1923 τῇ
1393 1854 1682 1924 ἐκκλησίᾳ,
1716 1855 1796 1914 εἰς
1851 1854 1919 1924 ἣν

339 1942 718 2018 ἐπεκηρύχθη,
744 1944 804 1996 οὐ
841 1944 1001 2013 μόνον
1030 1946 1091 1997 οὔ
1123 1944 1432 2014 κωλύομεν,
1469 1937 1605 1997 ἀλλὰ
1656 1945 1749 1996 καὶ
1779 1961 1920 1996 παν-

341 2034 435 2096 τὸς
475 2035 701 2089 ἐπαίνου
733 2035 884 2100 ἀξιον
903 2036 1191 2106 κρίνομεν.

342 2148 480 2218 Περὶ
517 2150 864 2215 κανονικοῦ,
891 2151 988 2204 καί
1021 2149 1142 2205 τῶν
1176 2149 1331 2218 ὑπὲρ
1360 2152 1736 2219 χειροτονίας
1765 2151 1924 2206 διδο-

1045 2223 1270 2292 μένων.

421 2312 514 2378 Ἐξ
546 2314 716 2384 αὐτῆς
741 2318 840 2386 τῆς
879 2315 1100 2387 κώμης.
1152 2317 1212 2370 ὲν
1343 2319 1493 2370 ἐστιν
1540 2319 1572 2384 ἡ
1629 2315 1922 2386 ἐκκλησίᾳ,

348 2405 489 2459 κατά
511 2405 806 2476 ἀναλογίαν
857 2408 968 2460 τῶν
1005 2409 1228 2475 τόπων,
1254 2409 1438 2479 κρίσει
1471 2407 1565 2461 τοῦ
1620 2407 1926 2461 ἐπισκόπου

349 2495 400 2546 οἱ
442 2493 695 2565 κληρικοὶ
726 2497 1276 2566 χειροτονείσθωσαν,
1313 2499 1410 2552 καλ⁸
1435 2500 1538 2570 τὴν
1560 2501 1770 2552 οὶκείαν
1807 2500 1929 2552 ἐπι-

347 2589 774 2654 γινωσκέτωσαν
805 2590 1198 2658 κεφαλιτιῶνα.
1224 2590 1404 2661 Χάριν
1435 2591 1492 2646 δὲ
1523 2591 1620 2645 τοῦ
1669 2596 1919 2648 τοιούτου

350 2677 659 2744 κανονικοῦ,
723 2679 810 2732 καὶ
875 2681 985 2732 τῶν
1051 2682 1194 2752 ὑπὲρ
1237 2681 1576 2753 χειροτονίας
1637 2683 1932 2750 διδομένων

352 2769 622 2838 συνήθως,
661 2770 960 2838 διορίζεται
993 2771 1054 2824 τὸ
1083 2772 1490 2840 χρυσόδουλλον
1539 2772 1636 2826 τοῦ
1681 2774 1930 2844 ἀοιδίμου

353 2865 620 2934 βασιλέως
678 2866 955 2920 Ἱσαακίου
998 2865 1093 2920 toﬁ
1128 2865 1423 2936 Κομνηνοῦ
1455 2869 1593 2938 πρὸς
1623 2871 1736 2931 τοῖς
1751 2868 1936 2932 ἀλλοις

352 2959 446 3011 καὶ
501 2958 671 3010 ταῦτα
705 2974 719 2990 °
751 2959 926 3013 Τυποῖ
953 2962 1084 3028 γὰρ,
1116 2959 1306 3030 φησὶν,
1333 2963 1368 3030 ἡ
1414 2959 1663 3031 βασιλεία
1699 2980 1802 3031 μου
1841 2963 1936 3015 ἐπὶ

352 3050 421 3119 τῇ
452 3049 768 3130 χειροτονία
791 3049 902 3103 τῶν
937 3051 1153 3121 ἱερέων.
1195 3052 1290 3103 καὶ
1350 3052 1446 3105 ἐπὶ
1497 3050 1577 3121 τῷ
1635 3051 1936 3122 κανονικῷ,

355 3143 448 3193 τὸν
487 3141 718 3195 παλαιὸν
745 3143 989 3214 ἐνεργεῖν
1035 3143 1232 3208 τύπον,
1275 3147 1373 3199 καὶ
1403 3144 1570 3215 μηδὲν
1595 3140 1689 3196 ἐπὶ
1715 3148 1779 3214 τῇ
1819 3162 1936 3213 χει-

359 3233 578 3303 ροτονίᾳ
598 3233 902 3304 λαμϐάνειν
931 3234 1097 3288 πλέον
1120 3237 1214 3288 τὸν
1243 3234 1665 3306 χειροτονοῦντα
1712 3235 1940 3298 τούτους

359 3325 680 3391 ἐπίσκοπον,
711 3326 900 3398 ἀλλ’-ἧ
939 3328 1080 3397 μόνα
1105 3327 1175 3380 τὰ
1203 3327 1343 3381 ἐπτά
1375 3330 1559 3399 χρυσᾶ
1598 3329 1935 3396 νομίσματα,

362 3419 531 3488 ἧγουν
554 3417 611 3470 ἓν
641 3419 760 3488 μὲν,
793 3420 881 3472 ὅτε
913 3421 1063 3473 ποιεῖ
1092 3418 1256 3473 αὐτὸν
1287 3417 1670 3488 ἀναγνώστην,
1695 3419 1824 3490 τρία
1856 3419 1935 3484 δὲ,

364 3512 450 3564 δτε
476 3515 780 3583 χειροτονεῖ
807 3512 970 3568 αὐτὸν
1000 3513 1271 3578 διάκονον,
1304 3515 1403 3567 καὶ
1437 3513 1605 3584 ἕτερα
1640 3513 1796 3584 τρία,
1849 3513 1940 3566 ὅτε

366 3603 560 3674 πληροῖ
593 3605 757 3658 αὐτὸν
790 3605 962 3674 ἱερέα.
1022 3605 1366 3660 Ἐπιϐεδαιοϊ
1418 3607 1475 3658 δὲ
1528 3604 1690 3658 τοῦτο
1731 3607 1828 3658 καὶ
1880 3590 1952 3658 τδ

374 3699 640 3752 συνοδικὸν
673 3698 937 3770 ψήφισμα
971 3698 1034 3753 τὺ
1064 3699 1290 3767 γεγονὸς
1337 3698 1439 3751 ἐπὶ·
1463 3697 1558 3751 τοῦ
1593 3697 1941 3768 πατριάρχου

369 3791 604 3862 Μιχαὴλ,
631 3793 659 3845 δ
684 3794 782 3846 καὶ
808 3792 963 3864 ζήτει
993 3792 1214 3845 κατὰτὸ
1245 3791 1310 3857 ιζ’
1343 3790 1645 3859 κεφάλαιον
1674 3789 1772 3843 τοῦ
1806 3806 1947 3859 παρ-

364 3885 514 3946 όντος
548 3885 842 3956 στοιχείου.
879 3885 1160 3948 Ὡσαύτως
1211 3886 1305 3939 καὶ
1330 3883 1471 3956 ὑπὲρ
1498 3884 1593 3937 τοῦ
1630 3881 1945 3949 κανονικοῦ,

364 3983 476 4036 ἀπὸ
513 3983 606 4035 τοῦ
635 3983 849 4052 ἔχοντος
874 3983 1078 4054 χωρίου
1107 3984 1414 4054 τριάκοντα
1464 3985 1730 4047 καπνοὺς,
1791 3979 1948 4049 νόμιο

367 4092 482 4144 σμα
514 4076 754 4147 χρυσοῦν
783 4077 863 4143 ἓν,
919 4078 1140 4147 ἀργυρᾶ
1185 4075 1298 4137 δύο,
1359 4074 1516 4144 κριὸν
1568 4074 1686 4140 ἕνα,
1750 4072 1949 4144 κριθῆς

368 4170 587 4240 μοδίους·
606 4170 686 4235 ἓξ,
717 4169 864 4223 οἴνου
899 4169 1076 4240 μέτρα
1104 4168 1184 4234 ἓξ,
1216 4168 1449 4239 ἀλεύρου
1486 4152 1708 4236 μοδίους
1733 4165 1815 4230 ἓξ,
1853 4165 1947 4218 καὶ

365 4263 543 4332 ὄρνεις
559 4263 878 4333 τριάκοντα.
921 4259 1098 4313 Ἀλλὰ.
1111 4262 1207 4314 καὶ
1230 4257 1320 4312 ἓτε
1328 4275 1422 4330 ρον
1439 4256 1726 4310 συνοδικὸν
1749 4255 1951 4326 σημεί-

366 4371 498 4424 ωμα
521 4353 745 4421 γέγονεν
796 4352 890 4406 ἐπὶ
913 4351 1010 4404 τοῦ
1044 4351 1388 4420 πατριάρχου
1421 4347 1711 4411 Νικολάου,
1729 4347 1952 4400 κελεῦον

323 4447 512 4499 λκατά
566 4446 627 4500 τὺ
675 4445 919 4498 τοιοῦτον
971 4443 1370 4528 χρυσόδουλλον
1431 4441 1670 4494 δίδοσθαι
1736 4441 1803 4495 τὰ
1856 4458 1954 4493 κα-

369 4539 573 4604 νονικά,
628 4539 722 4590 καὶ
773 4537 843 4591 τὰ
907 4537 1049 4604 ὑπὲρ
1103 4534 1464 4607 χειροτονίας.

565 4633 820 4686 ΚΕΦΑΛ.
853 4629 982 4685 ΚΘ’.
1022 4625 1163 4698 Περὶ
1197 4627 1402 4696 χηρῶν
1424 4624 1752 4697 γυναικῶν.

441 4724 602 4791 Ζὴτει
633 4721 693 4772 τὸ
734 4727 781 4774 α’
808 4721 1109 4790 κεφάλαιον
1139 4717 1232 4773 τοῦ
1261 4719 1300 4771 Γ
1329 4717 1626 4788 στοιχείου.

372 4835 625 4892 ΚΕΦΑΔ.
653 4836 733 4889 A’.
766 4835 905 4902 Περὶ
936 4835 1054 4888 τῶν
1079 4830 1494 4901 χλευαζόντων
1519 4830 1660 4897 τοὺς
1683 4828 1957 4896 ἀσθενῶς

793 4905 901 4959 τοῦ
933 4905 1205 4974 σώματος
1257 4903 1538 4971 ἔχοντας.

446 4997 684 5069 Ζήτειτδ
720 5004 766 5050 α’
803 5014 928 5066 κεφ.
962 4997 1056 5049 τοῦ
1093 4995 1138 5050 Υ
1169 4993 1464 5064 στοιχείου.

380 5111 629 5163 ΚΕΦᾹΛ.
695 5108 821 5163 ΛΛ’.
876 5107 1012 5175 Περὶ
1061 5105 1168 5159 τοῦ
1223 5106 1399 5172 ἁγίου
1454 5097 1805 5172 χρΙσματος,
1860 5103 1959 5175 καί

452 5186 614 5244 τινες
650 5181 914 5248 χρίονται
936 5173 1128 5248 λιόγζον
1167 5175 1287 5228 τῶν
1335 5175 1846 5244 προσερχομένων
1885 5173 1960 5241 τῇ

463 5246 790 5318 Ἐκκληοίᾳ
806 5246 1138 5316 αἱρετικῶν.
1321 5267 1330 5275 ·

455 5367 615 5434 Ζήτει
650 5365 707 5416 ἐν
750 5362 827 5431 τῷ
868 5361 910 5412 θ’
955 5378 1082 5428 κεφ.
1109 5359 1202 5412 τοῦ
1242 5360 1298 5414 Μ
1353 5360 1622 5427 στοιχείου
1674 5359 1874 5412 κανόνα
1907 5365 1961 5422 ς’

384 5461 480 5530 τῆς
513 5463 567 5512 ὲν
597 5457 928 5526 Καρθαγένῃ
961 5455 1208 5516 συνόδου,
1235 5455 1330 5505 καὶ
1359 5454 1416 5504 ὲν
1441 5451 1521 5520 τῷ
1555 5458 1603 5503 α’
1637 5467 1762 5520 κεφ.
1795 5451 1962 5503 τοῦοιὶ

387 5553 652 5622 στοιχείου
705 5549 903 5602 κανόνα
959 5552 1050 5616 μη¹
1106 5545 1206 5614 τῆς
1264 5545 1322 5597 ἐν
1373 5543 1667 5614 Λαοδικείᾳ
1713 5544 1958 5604 συνόδου,

387 5649 481 5700 καὶ
512 5648 570 5697 ὲν
611 5643 688 5713 τῷ
721 5642 766 5711 β’
797 5655 922 5708 κεφ.
963 5636 1057 5690 τοῦ
1089 5639 1133 5689 Α
1167 5635 1434 5705 στοιχείου
1487 5635 1689 5688 κανόνα
1718 5634 1762 5699 ζ’
1786 5637 1888 5703 τῆς
1917 5633 1962 5702 β’

387 5736 626 5790 συνόδου.

615 5827 864 5880 ΚΕΦΔΔ.
897 5826 1020 5880 AB’.
1057 5824 1198 5892 Περὶ
1235 5818 1732 5889 Χριστιανισμοῦ.

468 5918 524 5973 Ὀ
578 5917 662 5989 ρη⁹
697 5917 879 5971 κανὼν
918 5920 1016 5986 τῆς
1056 5919 1112 5969 ὲν
1164 5914 1495 5982 Καροαγὲιιῃ
1573 5912 1792 5962 συνόδου
1837 5910 1962 5971 τοὺς

390 6015 485 6080 τὴν
540 6013 775 6082 ἄσκησιν
821 6011 1229 6082 εἰσδεχομένους
1267 6007 1373 6060 τῶν
1426 6003 1764 6074 Χριστιανῶν
1810 6002 1961 6055 ἐλευ-

2014 744 2163 800 dono
2197 747 2402 803 oblato.

2726 930 2896 1001 Leges.

2089 1017 2146 1072 Si
2174 1019 2300 1098 quis
2333 1021 2563 1090 pecunia
2595 1020 2720 1076 data
2751 1025 3042 1092 episcopus
3077 1031 3170 1077 aut
3207 1012 3442 1081 clericus
3481 1027 3599 1093 liat,

2017 1112 2100 1166 vel
2133 1113 2568 1182 peregrinorum,
2605 1116 2688 1166 vel
2729 1130 3055 1184 pauperum,
3089 1116 3172 1170 vel
3205 1119 3596 1187 aagrotantium

2021 1203 2334 1272 praefectus,
2385 1211 2481 1257 aut
2515 1202 2940 1258 administrator
2975 1205 3358 1275 cujuscunque
3400 1208 3604 1262 domus

2023 1295 2134 1348 Deo
2171 1305 2544 1360 consecratae,
2599 1297 2679 1350 vel
2710 1297 2852 1365 alius
2887 1297 3254 1353 ecclesiastici
3307 1301 3602 1354 ministerii

2023 1397 2270 1449 curator,
2300 1397 2355 1440 et
2383 1388 2432 1441 is
2459 1388 2552 1457 qui
2590 1388 2704 1450 dat,
2741 1397 2796 1440 et
2820 1388 2914 1456 qui
2956 1389 3182 1458 accipit,
3215 1399 3268 1443 et
3309 1393 3609 1456 mediator,

2021 1479 2335 1534 sacerdotio
2367 1495 2468 1536 suo
2515 1491 2609 1535 aut
2649 1482 2822 1546 clero,
2865 1492 2959 1536 aut
3004 1485 3319 1540 concredita
3374 1486 3611 1542 admini-

2023 1573 2295 1628 stratione
2327 1573 2718 1641 privahuntur.

2097 1666 2156 1718 Si
2194 1665 2322 1735 quis
2361 1674 2545 1720 tamen
2575 1668 2871 1737 episcopus
2913 1669 2997 1723 vel
3032 1669 3268 1724 clericus
3301 1672 3618 1726 ante'ordi-

2027 1758 2312 1812 nationem
2340 1773 2521 1821 suam,
2572 1761 2654 1813 vel
2689 1771 2812 1831 post
2847 1763 3021 1828 illam,
3050 1764 3117 1817 de
3149 1763 3310 1818 honis
3345 1765 3462 1818 suis
3501 1764 3612 1818 lar-

2026 1843 2136 1923 giri.
2189 1853 2322 1908 velit
2380 1853 2661 1919 Ecclesiae,
2697 1855 2764 1910 ad
2823 1873 2987 1925 quam
3050 1869 3282 1921 vocatus
3339 1867 3444 1924 est,
3505 1875 3614 1912 non

2030 1948 2209 2001 solum
2259 1962 2368 2001 non
2431 1947 2811 2016 prohihemus,
2849 1949 2946 2005 sed
3005 1939 3378 2005 etiam-omni
3455 1951 3618 2022 laude

1957 2017 1999 2075 Β
2027 2039 2255 2109 dignum
2281 2039 2678 2096 decernimus.‘

2026 2152 2101 2207 De
2130 2155 2384 2210 canonico
2407 2194 2421 2222 ,
2458 2163 2508 2210 et
2551 2154 2615 2208 iis
2655 2171 2774 2224 qum
2803 2171 2899 2222 pro
2943 2155 3618 2229 ordinatione,solvuntur.

2104 2309 2184 2364 Ex
2233 2311 2425 2365 eodem
2486 2327 2630 2377 Vtco,
2681 2315 2771 2366 uht
2824 2321 2909 2368 est
2957 2312 3230 2378 ecclesia,
3275 2327 3373 2382 pro
3410 2316 3626 2406 ratiape

2033 2401 2302 2468 locorum,
2331 2412 2385 2458 et
2420 2404 2754 2459 discretione
2782 2404 3026 2474 episcopi
3055 2404 3246 2459 clerici
3266 2401 3623 2466 ordinentur,

2033 2498 2404 2567 et.proprium
2444 2510 2751 2569 agnoscant
2799 2497 3410 2570 eapitulum.‘llujusce
3439 2507 3626 2553 autem

2035 2590 2289 2644 canonici
2326 2605 2518 2654 causa,
2561 2600 2616 2646 et
2649 2606 2841 2646 eorum
2883 2588 3005 2660 quae
3044 2605 3142 2660 pro
3180 2591 3534 2645 ordinatione
3559 2605 3626 2643 ex

2035 2681 2438 2736 consuetudine
2487 2682 2616 2736 data
2655 2693 2834 2748 erant,
2865 2686 3045 2738 Aurea
3091 2683 3248 2737 Bulla
3296 2684 3634 2738 venerahilis

2037 2773 2392 2842 imperatoris
2442 2773 2636 2830 lsaacii
2687 2776 2985 2841 Comneni,
3025 2775 3172 2832 inter
3216 2778 3353 2843 alia,
3385 2778 3498 2833 haec
3537 2780 3636 2831 de-

2039 2867 2237 2920 cernit.
2300 2866 2507 2922 Statuit
2571 2868 2926 2937 imperatoria
3007 2885 3129 2924 mea
3201 2871 3512 2940 maiestas.
3567 2881 3631 2923 ut

2039 2973 2139 3028 pro
2190 2944 2980 3026 ordinatione'sacerdotum,
3037 2971 3092 3016 et
3149 2964 3422 3017 canonico
3467 2972 3633 3016 vetus

2043 3049 2217 3106 forma
2276 3053 2544 3118 obtineat,
2587 3063 2641 3110 et
2695 3055 2834 3110 nihil
2865 3055 3105 3126 amplius
3148 3071 3250 3126 pro
3287 3057 3638 3110 ordinatione

2044 3141 2283 3212 alicujus
2341 3144 2642 3214 episcopus
2690 3146 2784 3215 qui
2855 3147 3117 3213 ordinat,
3165 3147 3421 3216 recipiat,
3472 3162 3636 3216 quam

2049 3236 2205 3291 solos
2273 3248 2485 3308 septem
2544 3253 2745 3294 aureos
2803 3257 3081 3304 nummos,
3121 3240 3381 3296 videlicet
3432 3256 3632 3299 unum.

2044 3327 2264 3398 quando
2301 3344 2428 3385 eum
2463 3331 2726 3388 lectorem
2769 3345 2940 3398 creat,
2968 3341 3080 3387 tres
3115 3349 3245 3387 vero
3292 3348 3416 3386 cum
3451 3332 3644 3390 diaco-

2045 3431 2236 3476 natum
2286 3417 2552 3489 confert,
2622 3436 2676 3480 et
2712 3425 2852 3482 alios
2905 3437 3039 3491 tres,
3106 3425 3331 3494 quando
3379 3425 3642 3478 sacerdo-

2048 3523 2156 3568 tem
2213 3515 2452 3586 perﬁcit.
2508 3517 2574 3570 Et
2626 3517 2881 3572 similiter
2937 3519 3220 3572 decretum
3267 3516 3639 3587 synodicum.

2047 3609 2193 3675 quod
2222 3609 2498 3662 sancitum
2534 3617 2617 3663 est
2653 3611 2758 3664 sub
2788 3609 3052 3663 Michaele
3084 3607 3402 3679 patriarcha
3467 3607 3642 3675 (quod

2049 3699 2174 3753 vide
2217 3698 2283 3750 ad
2318 3715 2439 3768 cap.
2470 3699 2536 3752 Π
2572 3698 2804 3767 hujusce
2838 3702 3124 3770 elementi)
3163 3715 3261 3771 pro
3301 3699 3575 3754 canonico
3611 3712 3650 3752 a-

2037 3787 2195 3856 loco,
2227 3793 2318 3860 qui
2367 3793 2436 3847 ευ
2473 3793 2719 3848 caminos
2774 3793 2959 3856 habet,
3005 3810 3174 3872 unum
3223 3808 3507 3848 nummum
3543 3809 3642 3844 ειη--

2049 3899 2230 3951 reum,
2273 3899 2566 3954 argenteos
2615 3888 2777 3953 duos,
2806 3889 3032 3943 arietem
3061 3904 3259 3952 unum,
3291 3885 3482 3942 hordei
3523 3901 3642 3937 tuu-

2050 3978 2173 4034 dios
2213 3995 2333 4045 sex,
2387 3979 2499 4033 vini
2539 3996 2831 4036 mensuras
2873 3997 2991 4045 sex,
3022 3982 3190 4036 tritici
3244 3981 3462 4034 modios
3523 3995 3644 4042 sex,

2052 4083 2106 4125 et
2141 4086 2272 4127 aves
2326 4072 2575 4143 triginta.
2615 4072 2721 4128 Sed
2757 4084 2810 4128 ct
2857 4073 3001 4127 aliud
3036 4074 3279 4126 edictum
3313 4071 3640 4143 synodicqu

2054 4165 2262 4218 factum
2295 4176 2380 4219 est
2409 4166 2512 4219 sub
2537 4166 2852 4234 patriarcha
2881 4165 3134 4231 Nicolao,
3153 4165 3299 4234 quod
3334 4167 3639 4221 secundum

2054 4255 2197 4310 hanc
2237 4259 2476 4312 Auream
2525 4257 2736 4312 Bullam
2776 4257 2916 4312 solvi
2949 4257 3103 4325 jubet
3137 4256 3262 4326 jura
3292 4258 3559 4310 canonica
3590 4261 3650 4306 et

2055 4361 2178 4416 qua:
2210 4362 2308 4418 pro
2341 4348 2690 4404 ordinatione
2719 4350 2853 4421 erigi
2891 4350 3094 4404 solent.

2470 4615 2626 4670 CAP.
2664 4616 2861 4670 xm.
2909 4617 2983 4669 De
3028 4615 3220 4676 Vit/uis.
3309 4607 3316 4612 ’

1985 4723 2030 4777 ι)
2133 4705 2273 4761 Vide
2311 4722 2430 4777 cap.
2464 4709 2491 4762 1
2527 4709 2633 4760 litt.
2672 4709 2729 4762 Γ.

2061 4819 2214 4876 CAP.
2259 4819 2429 4875 XXX.
2468 4821 2544 4875 De
2577 4822 2656 4874 his
2688 4823 2777 4888 qui
2815 4823 3132 4887 inﬁrmitate
3169 4823 3351 4892 aliqua
3381 4821 3668 4889 corporali-

2553 4892 2859 4946 laborumes
2886 4893 3150 4947 derident.

2133 4984 2326 5050 Quaere
2357 4999 2478 5056 cap.
2513 4986 2534 5038 l
2575 4985 2681 5040 litt.
2721 4983 2782 5040 Υ.

2063 5099 2228 5168 270
2255 5097 2409 5152 CAP.
2447 5096 2640 5150 XXXI.
2676 5097 2750 5149 De
2782 5114 2935 5150 sacro
2975 5097 3258 5150 chrismate
3295 5113 3308 5148 :
3350 5107 3399 5148 et
3431 5095 3651 5162 quinum

2135 5188 2200 5223 ea:
2240 5170 2542 5232 Ita-relisis,
2569 5169 2662 5236 qui
2708 5171 2773 5219 ad
2814 5168 3112 5221 Ecclesium
3151 5178 3506 5230 revertuntur,
3560 5178 3653 5219 πλον

2134 5241 2312 5293 solum
2347 5240 2652 5292 unctionem
2684 5241 3038 5306 recipiuntur.

2133 5355 2373 5412 Consule
2441 5355 2493 5407 in
2549 5370 2676 5423 cap.
2737 5354 2771 5408 9
2839 5355 2945 5410 litt.
3003 5353 3048 5406 Μ
3105 5366 3370 5408 cntionem
3434 5359 3651 5402 sextum

2065 5451 2261 5520 synodi
2317 5449 2796 5519 Carthagincnsis,
2873 5459 2924 5501 et
2991 5448 3042 5501 in
3096 5464 3217 5515 cap.
3260 5445 3277 5496 l
3325 5445 3429 5496 litt.
3482 5442 3521 5492 li
3559 5459 3652 5493 ca-

2068 5559 2265 5597 noncm
2317 5537 2654 5596 -l-8‘conci|ii
2699 5542 3020 5602 Laudiceni,
3081 5556 3131 5593 et
3170 5541 3224 5592 in
3278 5554 3398 5606 cup.
3452 5538 3486 5589 ‘2
3541 5534 3650 5616 litt.

2067 5637 2112 5688 Α
2143 5650 2414 5689 canouem
2451 5634 2481 5685 7
2511 5632 2707 5703 synodi
2743 5632 3023 5686 secundae.

2344 5811 2497 5866 CAP.
2542 5806 2758 5862 ΧΧΧΊΙ.
2806 5807 2879 5860 De
2933 5805 3374 5860 Christiani-vnto.

2137 5911 2325 5964 Cauon
2393 5906 2491 5960 l08
2527 5904 2749 5958 concilii
2800 5897 3376 5971 (Im-thagincusisqui
3424 5894 3640 5965 profes—

2072 6007 2282 6061 sionem
2318 6002 2433 6059 sive
2473 5997 2798 6057 cxcreitium
2829 5988 3278 6053 (Ihristiiutorum
3315 5990 3649 6059 susripiunt,
