4028 6426
443 405 3629 444 Ν

1556 581 1728 625 ANNO
1784 579 2022 624 DOMINI
2070 579 2458 625 MCCCXXXII.

685 761 2038 946 THEODULUS
2138 754 3352 944 MONACHUS

1903 1063 2113 1132 tSlVE'

1062 1250 1858 1466 THOMAS
1969 1245 3013 1470 MAGISTER.

1715 1695 2273 1789 NOTITIA.

1484 1895 1629 1947 (Cave
1657 1894 1732 1945 De
1779 1894 1959 1956 Script.
1988 1893 2175 1945 eccles.
2197 1894 2255 1944 ad
2277 1904 2358 1942 an.
2394 1890 2557 1954 1311.)

1970 2066 2036 2084 -.

465 2225 773 2281 Theodulus
810 2224 1139 2289 monachus,
1170 2223 1262 2293 qui
1293 2221 1400 2277 alio
1432 2222 1654 2277 nomine
1685 2221 1926 2277 Thomas
1956 2218 2219 2289 Magister
2267 2219 2475 2276 dicitur
2504 2220 2727 2275 natione
2758 2218 3013 2285 Graccus,
3043 2217 3245 2289 patria,
3272 2219 3316 2274 si
3347 2219 3411 2274 L.
3448 2220 3661 2276 Allatio

406 2316 560 2379 ﬁdes,
591 2313 1118 2379 Thessalonicensis,
1155 2311 1351 2367 claruit
1382 2312 1483 2366 sub
1511 2310 1827 2365 Andronico
1880 2308 2186 2379 Palaeologo
2234 2323 2359 2370 avo,
2410 2307 2704 2364 Theodoro
2734 2307 3039 2362 Metochitze
3074 2306 3388 2376 familiaris,
3417 2306 3649 2379 Niphoni

406 2401 724 2473 patriarcha:
752 2401 971 2467 chartis,
999 2416 1143 2455 anno
1175 2400 1335 2454 1511.
1372 2399 1448 2453 Ex
1482 2398 1642 2452 variis
1665 2396 1786 2465 ejus
1817 2395 2277 2466 appellationibus
2330 2398 2481 2451 varia
2511 2411 2637 2451 eum
2675 2410 2897 2451 munera
2929 2395 3155 2462 obiisse,
3184 2405 3239 2451 et
3277 2399 3421 2467 quod
3452 2397 3657 2452 Graecis

402 2491 560 2545 istius
589 2489 687 2544 aevi
720 2489 961 2543 solemne
992 2489 1115 2553 fuit,
1148 2503 1176 2542 a
1206 2488 1520 2543 forensibus
1553 2487 1792 2555 negotiis
1836 2486 1907 2540 ad
1962 2485 2320 2541 monasticam
2357 2485 2597 2557 ἡσυχίαν
2627 2485 2939 2547 tronsiiSse,
2976 2485 3264 2553 utriusque
3308 2486 3440 2540 item
3485 2495 3679 2554 status

396 2581 607 2636 culmen
631 2580 898 2649 attigisse,
916 2596 978 2635 ac
1001 2581 1283 2635 rhetorum
1300 2578 1642 2647 magistrum,
1667 2575 1900 2632 coenohii
1940 2577 2197 2631 abbatem
2229 2574 2522 2643 aliquando
2546 2570 2739 2639 fuisse,
2765 2573 3172 2643 conjoctarilfas
3200 2582 3310 2629 est.
3332 2575 3520 2629 Exstat
3546 2576 3669 2645 ejus

400 2670 591 2724 Oratio
619 2670 993 2723 entanziauica
1018 2669 1069 2721 in
1103 2668 1161 2722 S.
1193 2667 1514 2738 Gregorium
1553 2666 1892 2737 Theologum
1926 2666 2354 2720 Nazianzenum.
2390 2661 2631 2716 [labetur
2662 2677 2767 2717 ms.
2796 2660 2850 2715 in
2895 2660 3036 2717 Bibl.
3069 2656 3306 2717 Vindob.
3344 2663 3464 2719 cod.
3488 2662 3665 2732 jurid.

402 2757 523 2822 ΧΗ,
552 2774 604 2811 n.
640 2773 695 2821 κ,
724 2756 1004 2811 Orationes
1036 2755 1405 2825 qmtulatoria:
1443 2767 1714 2824 quatuor;
1743 2754 1917 2824 prima
1951 2756 2017 2809 ad
2049 2750 2313 2823 Angelum
2345 2761 2446 2807 suo
2473 2750 2789 2808 Andronico
2816 2751 3045 2806 Seniore
3077 2752 3208 2821 imp.
3236 2767 3490 2822 magnum
3521 2761 3669 2807 stra-

411 2845 826 2915 topedaicham;
857 2848 1108 2907 secunda,
1148 2845 1214 2898 ad
1244 2844 1588 2899 Theodorum
1621 2842 1994 2905 Metochitam,
2025 2856 2281 2911 magnum
2316 2838 2652 2910 Iogothetam
2683 2857 2699 2904 ;
2739 2838 2920 2906 tertia,
2966 2842 3034 2893 ad
3066 2838 3371 2909 Niphonem
3425 2842 3662 2908 patriar-

398 2937 558 2988 cham
586 2949 752 3003 nuper
776 2932 1184 2999 renuntiatum;
1208 2943 1429 3002 quarta,
1455 2932 1523 2986 ad
1555 2945 1738 3001 regem
1768 2931 1955 3003 Cypri.
1993 2929 2248 2999 Epistula:
2300 2937 2531 2998 septem.
2574 2925 2757 2996 Opera
2787 2930 3054 2984 hactenus
3086 2937 3378 2982 numerata
3413 2944 3535 2982 cum
3564 2946 3671 2983 sua

395 3023 648 3078 versione
681 3022 852 3077 eilidit
878 3021 1044 3076 Laur.
1087 3020 1457 3087 Normannus,
1486 3020 1721 3092 Upsalia‘.
1756 3022 1911 3084 1695,
1938 3020 2024 3075 ι’.
2058 3019 2365 3073 Dictionum
2394 3019 2697 3073 Atticarum
2734 3018 2954 3091 Sylloge
2997 3019 3189 3075 Graece
3210 3018 3410 3089 prodiit
3441 3018 3654 3087 Romae,

396 3112 556 3176 i517,
591 3110 751 3166 1525.
776 3109 949 3165 Paris.
988 3110 1147 3165 1532.
1181 3110 1240 3164 8·
1273 3112 1373 3165 suh
1411 3111 1636 3164 nomine
1687 3108 1901 3164 Thema:
1964 3109 1987 3163 1

2067 3111 2212 3180 gistri
2243 3124 2372 3163 cura
2408 3107 2532 3164 Nic.
2560 3108 2848 3165 Blancardi
2903 3124 3076 3180 nuper
3109 3125 3319 3175 recusa,
3352 3124 3417 3165 ac
3470 3110 3658 3164 indice

402 3210 682 3255 auctorum
716 3200 1071 3271 locupletata,
1120 3199 1460 3270 Frauequer.
1508 3198 1672 3263 1690,
1707 3199 1786 3255 8°.
1815 3198 1960 3254 Idem
1994 3213 2129 3267 opus
2158 3208 2341 3252 exstat
2375 3196 2497 3251 MS.
2539 3196 2819 3252 Theodulo
2858 3196 3122 3267 Magistro
3156 3199 3449 3269 ascriptum
3478 3198 3529 3251 in
3564 3197 3657 3251 Bi-

393 3287 662 3342 bliotheca
689 3288 836 3357 regia
867 3285 1164 3343 Parisiensi
1192 3289 1315 3342 cod.
1348 3286 1513 3342 1855.
1547 3284 1604 3339 1η
1635 3288 1827 3342 eodem
1867 3287 1991 3342 cod.
2025 3285 2299 3342 habentur
2331 3282 2576 3355 ejusdem
2609 3282 2875 3341 Theoduli
2941 3284 3365 3340 Declamationes
3417 3285 3649 3356 aliquot,

394 3374 648 3446 Epistolas
681 3385 731 3430 et
763 3377 1066 3443 Orationes,
1096 3386 1334 3431 teStante
1374 3374 1454 3430 Cl.
1490 3375 1560 3431 du
1589 3376 1798 3446 Cangio
1826 3373 1955 3428 Ind.
1992 3374 2153 3429 Auct.
2189 3376 2260 3428 ad
2311 3372 2554 3429 Glossar.
2626 3368 2796 3429 Grec.
2835 3372 2987 3440 ,‘Quze
3025 3382 3200 3427 utrum
3244 3373 3312 3428 ab
3362 3374 3430 3428 iis
3459 3389 3489 3428 a
3519 3372 3659 3427 Nor-

400 3480 598 3519 inanno
650 3465 811 3520 editis
866 3464 1098 3519 diversa:
1152 3465 1282 3530 sint,
1315 3460 1511 3520 merito
1550 3463 1915 3517 dubitandum
1965 3472 2067 3529 est,
2101 3478 2226 3519 cum
2260 3479 2325 3519 ex
2362 3463 2426 3519 iis
2462 3474 2567 3517 una
2591 3461 2660 3517 sit
2694 3461 3089 3532 in.Triphonem
3118 3461 3267 3517 Patr.
3296 3461 3402 3517 (ΣΡ.
3429 3477 3527 3531 pro
3555 3477 3663 3530 quo

403 3551 695 3623 Niphonem
740 3555 1179 3611 substituendum
1237 3568 1362 3608 esse
1420 3555 1684 3622 temporis
1732 3553 1874 3607 ratio
1936 3554 2160 3608 omnino
2215 3554 2477 3621 postulat.
2540 3550 2715 3621 Hujus
2747 3548 2912 3606 etiam
2961 3552 3254 3605 censendus,
3307 3559 3435 3604 Stltil
3470 3549 3657 3604 Decla-

402 3648 648 3699 mationcr
710 3644 1017 3712 nonnulla;
1062 3643 1253 3699 Oratio
1294 3644 1362 3701 ad
1412 3642 1940 3699 Thessalonicenses

2127 3654 2261 3710 pace
2316 3648 2377 3695 et’
2398 3639 2711 3695 concordia.
2779 3638 2869 3692 Pr.
2903 3638 2978 3690 Οὔ
3006 3650 3097 3706 μοι
3132 3638 3277 3692 δοκὼ
3306 3639 3415 3693 τῶν
3445 3640 3672 3692 πάντων

400 3735 573 3789 οὐδέν.
612 3734 801 3791 Oratio
833 3734 886 3787 in
921 3733 1191 3804 legatione
1224 3733 1408 3788 habita
1440 3735 1508 3788 ad
1541 3734 1673 3801 imp.
1700 3732 2075 3789 Andronicum
2102 3728 2489 3799 Palicologum.
2521 3726 2602 3780 Ad
2627 3725 3013 3789 Philosophum
3037 3724 3335 3795 Josephum
3364 3731 3429 3781 de
3455 3726 3524 3780 iis
3541 3738 3663 3797 qua:

401 3823 453 3875 in
482 3823 829 3890 expeditione
858 3822 1114 3877 Italorum
1146 3830 1201 3876 et
1230 3822 1521 3875 Persarum
1556 3830 1708 3890 geSta
1739 3829 1891 3875 sunt.
1941 3820 2126 3876 Sermo
2179 3820 2232 3874 in
2290 3817 2348 3873 S.
2406 3818 2763 3889 Euthymium
2810 3815 3288 3884 Thaumaturaum
3345 3818 3667 3889 episcopum

399 3907 755 3981 Madytarum.
791 3908 1104 3965 Encomium
1139 3911 1306 3967 maris
1335 3920 1391 3965 et
1419 3910 1691 3965 universa:
1712 3924 1982 3981 aquarum
2005 3920 2239 3973 naturae,
2268 3916 2324 3963 et
2353 3912 2599 3978 quaedam
2634 3906 2764 3968 alia,
2797 3920 2918 3975 qua:
2951 3920 3055 3959 nua
3089 3920 3212 3959 cum
3247 3908 3313 3961 iis
3357 3921 3528 3976 nuper
3546 3906 3672 3961 edi-

395 4002 465 4054 tis
497 4016 526 4052 a
556 4000 709 4055 nobis
728 4015 893 4070 supra
934 4000 1253 4055 memoratis
1276 3997 1465 4055 Grazce
1500 3998 1774 4055 habentur
1801 3999 1917 4054 MS.
1947 4001 1999 4054 in
2024 3999 2165 4055 Bibl.
2207 3998 2530 4055 Residentia:
2559 3995 2681 4052 Sac.
2713 3995 2843 4050 Iesu
2874 3995 3283 4063 Conslanlittop.
3314 3995 3475 4050 Varia
3503 3997 3668 4057 etiam

394 4091 515 4159 ejus
541 4089 797 4157 epiiscnla
824 4088 1010 4144 Graeca
1042 4089 1097 4142 in
1123 4088 1359 4158 quadam
1390 4087 1558 4145 Italia:
1586 4088 1921 4145 Bibliotheca
1955 4091 2174 4146 latitare
2223 4100 2410 4144 narrat
2453 4086 2744 4151 Simlerus,
2777 4088 2883 4142 viz.
2924 4088 3006 4141 Ad
3030 4086 3373 4140 Athenienses
3413 4086 3468 4140 in
3496 4085 3670 4156 Olyn-

396 4177 567 4241 thiis;
597 4176 661 4230 de
694 4174 1050 4246 Nauigatiouc
1081 4191 1113 4231 e
1144 4175 1540 4233 Thessalonica
1570 4178 1916 4248 Byzantium,
1948 4189 2005 4234 et
2030 4195 2225 4235 rut-sus
2247 4178 2509 4249 Byzantio
2553 4175 3004 4232 Thessalonicam
3030 4190 3045 4241 ;
3087 4175 3162 4229 De
3187 4192 3364 4244 regno,
3386 4175 3451 4228 de
3485 4177 3682 4248 γεραιὸν

396 4276 504 4321 ctc.
537 4263 796 4334 Epistolaz
818 4267 983 4320 etiam
1020 4267 1297 4321 nonnulla:
1332 4265 1489 4322 MSS.
1529 4268 1581 4321 in
1612 4269 1739 4323 cod.
1770 4268 1942 4339 Regio
1972 4268 2147 4323 Paris.
2180 4268 2282 4321 185
2312 4268 2603 4322 habentur.
2641 4264 2858 4319 Scholia
2881 4263 2998 4332 ejus
3021 4266 3076 4318 in
3093 4264 3522 4331 Aristophanem,
3549 4263 3665 4317 Ea-

391 4355 615 4421 ripidem
641 4368 688 4409 et
727 4353 1045 4421 Pindarum,
1072 4369 1308 4425 quorum
1334 4352 1503 4412 etiam
1536 4355 1684 4412 Vitas
1706 4359 2223 4429 conscripsit,ulict
2241 4357 2592 4430 grammatica
2616 4356 2865 4428 quaedam
2890 4364 2942 4412 ct
2970 4354 3280 4411 istiusmodi
3310 4354 3440 4420 alia,
3467 4353 3683 4422 partim

394 4446 679 4515 impressa,
718 4447 918 4516 partim
952 4460 1088 4502 mss.
1118 4459 1228 4500 non
1250 4454 1380 4504 sunt
1400 4446 1567 4518 hujus
1600 4445 1729 4504 loci.
