4028 6452
315 473 419 542 ξιτ

1261 472 1650 566 LAUDATIO
1673 473 1735 534 S.
1760 465 2153 534 GREGORIT
2174 473 2595 538 THEOLOGI.
2706 515 2721 548 ,

3461 474 3520 536 2‘1
3533 479 3566 540 8

305 596 402 648 ’ὅτε
430 592 486 647 δὲ
526 591 665 663 πρός
702 591 804 662 μὲν
825 589 924 661 τὴν
950 588 1198 660 ἀνάγκην
1239 590 1301 654 ιξ
1334 591 1581 660 ἀνάγκης
1630 589 1873 668 εἷκομεν,

1991 604 2226 657 servare,
2289 593 2336 648 si
2395 603 2690 662 utrumque
2751 591 2978 662 assequi.
3035 591 3248 658 liceret,
3311 593 3413 647 hoc
3466 593 3564 647 tibi

317 687 413 740 καὶ
437 685 613 753 λέγειν
637 683 939 754 βουλόμεθα
968 683 1195 748 πάντες,
1236 682 1297 736 τὸ
1334 681 1394 736 δὲ
1427 683 1527 751 τῆς
1556 680 1713 747 ἀξίας
1755 681 1884 752 βου-

312 776 516 847 λόμεθα
545 775 665 846 μὲν,
691 775 754 829 οὗ
785 774 1064 842 δυνάμεθα
1088 773 1166 835 δὲ,
1200 773 1396 841 ἀλογία
1423 763 1620 844 τῳόντι
1654 791 1890 843 περιφα-

314 868 430 936 νής·
461 866 582 918 ἐπεὶ
610 864 770 920 τοῦτο
793 865 894 918 οὐκ
937 865 1114 930 ἔξεστι
1149 864 1272 936 μηδ’
1296 867 1473 920 ἐκεῖνο
1506 865 1772 936 πράσσειν
1794 868 1885 921 αἱ-

319 954 542 1024 ρεῖσθαι,
560 953 674 1006 ἀλλ’
692 953 1335 1025 ὲκατέρωθενὰμαρτάνε
1345 971 1416 1017 ιν,
1435 953 1500 1008 ἐκ
1522 972 1580 1008 τε
1608 948 1682 1008 ὧν
1703 955 1886 1022 λέγειν

319 1047 558 1114 ἀνάγκην
593 1046 812 1115 ἔχοντες
845 1037 1384 1116 παραλείπομεν,λέκ
1405 1063 1466 1098 τε
1493 1039 1568 1101 ὧν
1597 1047 1697 1117 τῆς
1731 1047 1890 1112 ἀξίας

322 1139 636 1208 λειπόμεθα,
669 1140 788 1192 δέον
814 1139 944 1202 τοὺς
993 1140 1068 1210 μὴ
1109 1138 1286 1212 ταύτῃ
1339 1157 1404 1208 γε
1434 1141 1890 1212 παρεσκευασμέ-

319 1247 461 1293 νους,
489 1230 708 1292 ἐκείνως
736 1230 866 1298 γοῦν
898 1231 1233 1286 ἑκτιννύναιο
1271 1234 1395 1286 ἐπεὶ
1433 1236 1529 1288 καὶ
1577 1233 1674 1288 τοῦ
1707 1235 1889 1303 λέγειν

319 1321 522 1384 ἁπλῶς,
581 1321 642 1373 οὑ
691 1319 785 1373 τοῦ
846 1321 1150 1392 προσαξίαν
1207 1321 1389 1391 λέγειν
1443 1324 1593 1378 ἐστὶν
1649 1324 1886 1394 ἀνάγκηο

315 1413 445 1465 ἄνευ
486 1413 595 1481 γάρ
628 1411 720 1464 τοῦ
761 1411 834 1482 μὴ
865 1411 910 1463 δ’
941 1411 1192 1480 ἡντινοῦν
1228 1413 1328 1482 μὲν
1357 1412 1622 1482 αἰσχύνην
1657 1416 1770 1477 τοῖς
1798 1414 1887 1468 λέ-

317 1519 506 1568 γουσιν
533 1498 671 1554 εἶναι
702 1502 855 1571 παρά
882 1503 982 1572 τὴν
1015 1497 1213 1574 ἧτταν,
1239 1503 1419 1558 κοινὸν
1445 1504 1553 1574 γὰρ
1591 1503 1750 1559 τοῦτο
1778 1507 1887 1558 τῶν

314 1593 532 1656 ζώντων
563 1594 618 1646 ὲν
677 1592 877 1660 λόγοις,
936 1593 1203 1663 μεγίστην
1252 1594 1296 1646 δ’
1327 1595 1745 1666 ἀγνωμοσύνην,
1791 1597 1888 1650 ὲάν

311 1685 458 1737 τοῦτ’
486 1685 612 1739 αὐτὸ
635 1685 871 1748 δεδιότες
895 1688 1054 1755 σιγᾷν
1082 1687 1349 1755 ἀξιῶμεν,
1380 1687 1416 1742 ἀ
1437 1689 1616 1756 λέγειν
1647 1689 1886 1761 ἀνάγκη,

313 1781 410 1832 καὶ
441 1780 578 1848 ὑπὲρ
610 1773 682 1833 ὧν
713 1782 843 1850 ἡμῖν
873 1780 968 1832 καὶ
994 1780 1103 1832 τῶν
1132 1780 1372 1850 Ὀμήρου
1392 1783 1698 1852 στομάτων,
1729 1783 1888 1855 εἴπερ

315 1871 424 1924 οἷόν
449 1873 496 1923 τ’
528 1867 615 1941 ἦν,
645 1870 800 1941 παρά
829 1870 990 1924 πάντ’
1024 1873 1130 1926 ἔδει
1161 1874 1256 1927 τὸν
1283 1874 1494 1942 χρόνον,
1523 1873 1608 1939 τίς
1630 1876 1730 1929 οὐκ
1747 1872 1888 1930 οἶδεν

311 1964 389 2026 ὡς
433 1958 513 2026 οἷς
555 1964 716 2023 αὐτὸς
772 1964 969 2031 λόγων,
1021 1967 1118 2017 καὶ
1163 1965 1383 2034 ἀρετῆς,
1427 1968 1522 2020 καὶ
1568 1967 1882 2038 δογμάτων,

312 2058 405 2108 καὶ
438 2054 761 2138 ξυμπάντων
791 2055 864 2119 ὡς
888 2057 1066 2109 εἰπεῖν
1095 2054 1203 2108 τῶν
1231 2056 1540 2111 καλλίστων
1583 2061 1882 2128 κεφάλαιον

315 2149 584 2219 ἀνεφάνης
622 2147 698 2218 τῷ
726 2147 847 2220 βίῳ,
877 2152 972 2204 καὶ
1021 2149 1180 2218 μόνος
1206 2148 1364 2220 ἔσχες
1394 2153 1544 2223 παρὰ
1574 2154 1794 2207 πάντων
1827 2157 1883 2207 ὲν

316 2240 522 2304 τούτοις
543 2241 604 2294 τὸ
635 2239 1080 2312 συγκεχωρηκὸς,
1115 2241 1211 2294 τοῦ
1251 2242 1350 2310 μὲν
1373 2243 1462 2297 διά
1496 2246 1676 2298 πάντα
1705 2247 1877 2300 ταῦτα

317 2331 684 2400 Θαυμάζεσθαι
704 2349 776 2400 πα
787 2333 857 2402 ρὰ
874 2333 1102 2396 πάντας,
1117 2334 1398 2403 ὀφειλέτας
1420 2337 1667 2400 ἅπαντας
1684 2338 1877 2408 ῐσχεις·

313 2424 409 2478 τοῦ
432 2425 486 2478 δὲ
521 2424 843 2492 προσαξίαν,
869 2425 1082 2479 οὐδένα·
1112 2427 1281 2497 μόνης
1309 2429 1418 2498 γὰρ
1440 2429 1537 2498 τῆς
1569 2431 1669 2501 σῆς
1706 2430 1882 2498 γλώτ-

311 2534 410 2584 της
435 2517 590 2588 εἴπερ
621 2511 733 2570 οἷόν
763 2535 822 2570 τε
858 2517 1181 2588 σπούδασμα
1229 2519 1375 2572 τοῦτ’
1415 2518 1480 2573 ἂν
1509 2515 1600 2590 ἦν.
1646 2523 1757 2575 Καὶ
1785 2523 1884 2592 μό-

311 2626 400 2670 νος
435 2609 573 2678 ὑπὲρ
609 2609 768 2672 αὐτὸς
804 2609 1008 2663 σαυτοῦ
1042 2610 1231 2663 τοῦτον
1259 2610 1324 2664 ἂν
1355 2612 1882 2688 εξσέδυςιάποχριὶξν-

311 2719 422 2761 τως
454 2704 540 2754 τὸν
578 2697 760 2754 ἆθλονο
813 2703 874 2754 οὐ
927 2703 1035 2773 μὴν
1081 2703 1168 2757 διὰ
1217 2704 1376 2757 τοῦτο
1428 2706 1652 2760 κάκεῖνο
1697 2710 1882 2761 λιπεῖν

310 2793 343 2858 ἦ
355 2793 460 2861 μᾶς
489 2792 588 2856 δεῖ,
622 2795 742 2846 οὐδὲ
775 2794 870 2847 τοῦ
903 2795 1103 2858 παντὸς
1144 2797 1444 2866 ὑστερῆσαι
1475 2797 1546 2852 τὸ,
1569 2797 1736 2867 μέρος
1778 2800 1882 2852 οὐκ

310 2884 556 2954 ἔχοντας·
586 2885 720 2939 ἀλλὰ
754 2886 986 2956 μάλιστα
1038 2887 1140 2956 μὲν
1185 2887 1464 2957 εἰσφέρειν
1495 2889 1560 2941 ἐκ
1587 2890 1696 2943 τῶν
1733 2891 1881 2946 ἐνόν-

309 2995 419 3032 των
457 2980 546 3032 καὶ
569 2979 666 3049 τὴν
699 2980 1060 3054 νομιζομένην
1106 2981 1414 3036 ἀποδιδόναι
1461 2981 1635 3052 δήπου
1688 2987 1882 3040 συντέ-

311 3071 484 3124 λειαν·
517 3073 565 3124 εἰ
602 3072 658 3124 δὲ
683 3071 783 3142 τὴν
812 3074 1150 3145 γιγνομένην
1175 3074 1276 3128 οὐκ
1305 3074 1538 3143 ἔνεστιν,
1567 3076 1720 3131 οὐδὲν
1743 3078 1884 3150 πρδς

313 3164 485 3231 ἡμᾶς’
522 3163 656 3217 ἀλλὰ
684 3165 747 3216 σύ
769 3165 820 3232 γ’
844 3166 1008 3229 αὐτὸς
1033 3165 1222 3220 τούτου
1257 3171 1454 3221 σαυτόν
1483 3169 1666 3237 αἰτιῶ,
1700 3173 1883 3225 πᾶσαν

1990 683 2224 754 quisque
2249 683 2481 738 ofﬁcium
2511 687 2655 742 haud
2686 686 2848 741 dubie
2875 685 3194 741 redditurus
3226 695 3368 750 erat,
3405 685 3570 739 nihil-

1991 789 2099 844 que
2149 783 2336 846 nostro
2371 791 2516 832 nunc
2556 776 2738 833 labore
2778 793 2920 848 opus
2967 777 3166 832 fuerat.
3206 777 3473 832 Caeterum
3508 785 3566 829 ut

1991 865 2304 920 necessitati
2339 879 2402 920 ex
2435 867 2761 922 necessitate
2787 866 3052 930 cedimus,
3084 874 3138 921 et
3171 867 3237 918 de
3269 872 3321 917 te
3345 864 3562 932 quidem

1991 951 2174 1008 dicere
2202 967 2390 1008 onmcs
2421 970 2679 1023 avemus;
2717 956 2812 1012 sed
2839 957 2998 1027 digne
3033 957 3169 1023 satis
3199 955 3405 1019 dicere,
3439 969 3568 1008 ave-

1991 1059 2147 1112 mus,
2202 1060 2310 1100 non
2366 1047 2496 1102 item
2549 1061 2838 1116 possumus
2880 1066 2895 1102 :
2936 1048 3057 1102 lteic
3085 1061 3220 1101 sane
3277 1044 3565 1100 manifeste

1992 1133 2289 1190 absurdum
2335 1135 2521 1200 fuerit,
2560 1137 2605 1190 si
2636 1138 2895 1208 quoniam
2939 1137 3043 1192 hoc
3075 1153 3182 1191 non
3233 1138 3414 1201 datur,
3446 1137 3572 1191 ideo

1992 1242 2060 1282 ne
2093 1227 2311 1296 quidem
2345 1226 2473 1281 illud
2506 1228 2659 1282 nobis
2695 1231 2966 1299 agendum
3002 1239 3332 1292 statuamus,
3376 1242 3568 1280 verum

1992 1321 2244 1388 utrinque
2274 1321 2456 1388 potius
2484 1324 2553 1376 ab
2605 1322 2781 1380 oﬂicio
2812 1323 3095 1378 discedere
3127 1321 3420 1387 malimus,
3455 1329 3569 1375 tum

1993 1425 2080 1475 eo,
2111 1411 2256 1480 quod
2285 1411 2410 1466 licet
2436 1412 2648 1468 dicendi
2683 1414 2935 1482 imposita
2968 1415 3127 1469 nobis
3153 1414 3448 1468 necessitas
3477 1413 3569 1476 sit,

1993 1518 2098 1560 non
2132 1504 2378 1560 dicamus
2413 1515 2623 1568 tamen,
2673 1514 2786 1560 tum
2829 1507 2971 1576 quod
2993 1522 3040 1588 ‘a
3087 1506 3350 1576 dignitate
3387 1506 3572 1574 operis

1990 1596 2207 1664 longius
2237 1595 2507 1662 absimus,
2560 1613 2681 1654 cum
2719 1608 2907 1652 contra
2955 1587 3262 1668 oporteret,
3295 1598 3342 1652 si
3390 1598 3458 1652 ad
3492 1597 3574 1651 di-

1991 1689 2258 1759 gnitatem
2297 1690 2455 1744 istam
2485 1691 2662 1746 minus
2695 1691 2945 1748 instructi
2997 1707 3269 1758 essemus,
3302 1692 3446 1762 quod
3477 1692 3572 1746 de.

1993 1779 2275 1846 bebamus,
2305 1792 2582 1852 utcunque
2631 1784 2861 1845 dicendo
2908 1784 3222 1854 persolvere
3255 1803 3270 1840 :
3301 1784 3573 1853 siquidem

1993 1872 2177 1928 dicere
2205 1874 2490 1939 duntaxat,
2524 1890 2636 1928 non
2664 1885 2844 1930 autem
2879 1891 2947 1930 ex
2994 1875 3190 1930 merito
3233 1876 3438 1940 dicere,
3474 1889 3570 1939 ne-

1994 1979 2147 2018 cesse
2174 1972 2278 2020 est.
2305 1965 2507 2020 Praeter
2528 1966 2582 2019 id
2612 1967 2780 2032 enini,
2809 1967 2955 2035 quod
2997 1968 3142 2022 nulla
3166 1966 3494 2030 dicentibus,
3523 1967 3570 2021 si

1994 2055 2288 2112 inferiores
2333 2057 2701 2122 discedimus,
2758 2059 3037 2114 subeunda
3095 2058 3388 2129 ignominia
3447 2069 3567 2121 est,

1992 2149 2212 2218 quando
2248 2148 2568 2204 tralati'tinm
2620 2150 2726 2207 hoc
2773 2151 2840 2206 iis
2872 2165 2938 2205 ac
2988 2165 3298 2214 commune,
3331 2151 3422 2220 qui
3485 2152 3571 2205 his

1995 2242 2048 2296 itt
2083 2242 2284 2298 litteris
2313 2252 2530 2298 aetatem
2566 2253 2757 2314 agunt,
2805 2244 2904 2300 sed
2957 2245 3194 2300 maxima
3230 2246 3408 2312 potius
3466 2246 3572 2299 iui-

1993 2333 2219 2404 quitatis
2246 2335 2455 2404 opinio,
2495 2335 2541 2388 si
2576 2345 2722 2389 metu
2754 2335 3065 2405 ignominia:
3114 2336 3276 2405 hujus
3318 2335 3480 2391 silere
3508 2351 3571 2391 ea

1994 2425 2270 2492 malimus,
2309 2441 2429 2495 quae
2458 2427 2642 2482 dicere
2677 2441 2902 2484 necesse
2935 2436 3056 2495 est;
3109 2429 3418 2498 quibusque
3449 2443 3572 2483 ex-

1995 2516 2298 2587 primendis
2328 2517 2466 2572 dena
2527 2517 2615 2571 illa
2663 2517 2885 2573 Homeri
2922 2533 3016 2574 ora
3070 2518 3172 2590 (l),
3214 2520 3396 2588 siqua
3452 2521 3570 2576 fieri

1998 2613 2200 2674 posset,
2231 2606 2388 2660 nobis
2423 2617 2689 2677 perpetuo
2739 2623 2876 2675 opus
2909 2617 3092 2664 essent
3125 2623 3144 2665 :
3179 2609 3325 2680 quis,
3356 2625 3564 2677 quaeso,

1989 2707 2076 2753 est
2104 2697 2196 2768 qui
2251 2699 2481 2763 nesciat,
2511 2700 2654 2769 quod
2684 2700 2787 2755 hoc
2821 2701 2938 2768 ipso
2969 2717 3075 2771 quo
3131 2711 3186 2756 tu
3224 2711 3279 2756 et
3307 2703 3570 2772 eloquen-

1992 2793 2105 2858 tia),
2141 2801 2196 2847 et
2222 2794 2466 2858 virtutis,
2503 2803 2557 2848 et
2590 2794 2903 2864 dogmatutn
2941 2796 3244 2866 religiOuis,
3295 2806 3349 2852 et
3385 2808 3443 2853 ut
3487 2813 3574 2854 se-

1991 2885 2096 2940 mel
2125 2886 2325 2949 dicam,
2351 2885 2841 2954 pulcherrimarum
2869 2900 3051 2941 rerum
3089 2887 3362 2954 omnium,
3406 2897 3572 2954 caput

1990 2989 2055 3030 ac
2099 2975 2378 3044 fastigium
2413 2975 2598 3044 generi
2633 2977 2875 3030 humano
2906 2977 3234 3047 apparuisti,
3280 2990 3334 3032 et
3384 2979 3470 3032 his
3508 2981 3560 3034 itt

1992 3067 2154 3122 rebus
2184 3081 2394 3120 summa
2424 3067 2668 3121 omnium
2695 3069 3079 3135 consensione,
3105 3069 3312 3137 primas
3343 3069 3442 3123 tibi
3477 3071 3568 3126 ttni

1991 3173 2285 3214 concessas
2352 3168 2548 3223 tenes;
2619 3158 2782 3214 simul
2823 3159 2894 3214 ob
2930 3160 3044 3215 haec
3077 3161 3260 3216 omnia
3307 3170 3370 3214 ut
3404 3176 3570 3230 super

311 3255 472 3323 λόγου
496 3255 724 3326 δύναμιν
755 3258 1135 3326 ὑπερϐαίνων,
1155 3260 1246 3312 καὶ
1280 3260 1439 3330 μόνος
1483 3263 1599 3325 τοῖς
1631 3266 1881 3319 ἐπαινεῖν

1991 3250 2124 3305 alios
2185 3251 2366 3306 omnis
2419 3250 2741 3317 celebreris,
2795 3252 3084 3306 universos
3140 3253 3436 3307 obstrictos
3472 3253 3569 3309 tibi
3647 3289 3659 3302 .

315 3347 660 3417 αἱρουμένοις
717 3351 1012 3418 ἀνέφικτος
1068 3349 1168 3414 ὣν,
1221 3351 1298 3414 ὥς
1343 3369 1446 3405 που
1495 3354 1590 3406 καὶ
1626 3354 1790 3419 αὐτὸς
1827 3359 1888 3410 ὲν

315 3440 554 3502 πεύσεως
588 3442 741 3508 εῖδει,
765 3442 911 3495 τοῦτ’
941 3444 1370 3513 ἀποφηνάμενος
1399 3444 1594 3515 ἔφθης,
1619 3447 1715 3510 Τίς
1737 3449 1887 3518 ἡμᾶς

320 3534 676 3601 ἐπαινέσεται;
697 3537 904 3605 φήσας·
919 3535 1109 3605 ὥσπερ
1129 3538 1575 3608 προῦπογράφων
1589 3537 1650 3591 τὸ
1668 3540 1886 3609 μέλλον,

325 3626 424 3678 καὶ
443 3625 742 3678 συστέλλων
771 3627 978 3689 πάντας
1007 3627 1144 3695 πρὸς
1173 3627 1273 3696 τὴν
1299 3629 1615 3697 ἐγχείρησιν
1637 3643 1652 3657 ο
1690 3631 1788 3683 καὶ
1819 3631 1880 3710 ορ

322 3714 452 3782 λέγω
499 3718 582 3770 ὅτι
638 3720 733 3772 καλ⁸
769 3717 919 3772 τοῦθ’
947 3718 1090 3789 ὑπὲρ
1140 3719 1235 3771 σοῦ
1293 3719 1512 3788 μᾶλλον,
1566 3718 1598 3790 ἢ
1653 3718 1882 3790 θάτερον

316 3808 581 3876 γίγνεται·
622 3809 682 3862 οὐ
719 3809 828 3879 γὰρ
860 3810 1128 3881 τοσαύτην
1156 3811 1422 3880 ἔκπληξιν
1452 3810 1563 3874 ἕξει
1593 3811 1662 3864 τὰ
1705 3812 1773 3863 σα
1800 3811 1888 3864 διὰ

317 3900 545 3970 μέγεθος
573 3900 933 3971 σιωπώμενα,
968 3903 1103 3970 ὅσην
1155 3902 1242 3966 ἂν,
1293 3904 1342 3954 εί
1396 3903 1597 3964 πάντες
1641 3903 1887 3969 ἐπαινεῖν

315 3992 694 4062 προελόμενοι,
721 3995 924 4057 πάντες
956 3995 1411 4066 ἀποτυγχάνοιεν·
1463 3995 1560 4046 καὶ
1605 3993 1714 4065 μὴν
1747 3998 1795 4049 εί
1826 3996 1888 4049 τὸ

315 4085 582 4150 καταξίαν
615 4086 903 4156 ζητήσαις,
936 4088 996 4140 οὐ
1032 4089 1193 4158 μόνον
1220 4089 1328 4140 οὐδ’
1357 4087 1598 4156 ὁντινοῦν
1631 4104 1762 4142 ποτε
1798 4089 1886 4142 τὸν

315 4179 638 4248 εἰσφέροντα
671 4179 816 4244 ἕξεις
846 4179 1070 4250 (πάντες
1092 4179 1202 4248 γὰρ
1243 4178 1423 4232 ἴσασιν
1451 4179 1704 4242 ἐλάττους
1736 4179 1888 4245 ὅντες

312 4271 422 4323 τῶν
446 4270 556 4323 σῶν
581 4271 895 4341 ἐγκωμίων,
927 4273 1023 4325 καὶ
1049 4271 1249 4333 πάντες
1274 4271 1627 4324 παντάπασιν
1646 4275 1887 4346 ἀποστή-

316 4359 544 4431 σονται),
594 4363 728 4416 ά).λά
781 4363 876 4415 καὶ
924 4362 1128 4432 τρόπον
1186 4363 1253 4416 ἂν
1291 4362 1502 4434 ἕτερον,
1558 4363 1749 4435 ὥσπερ
1806 4368 1887 4427 είς

317 4455 547 4522 αἴνιγμα
577 4453 770 4526 πέσῃς,
803 4454 900 4506 καὶ
954 4453 1111 4522 δόξῃς
1168 4451 1197 4503 ὁ
1256 4452 1421 4515 αὐτὸς
1462 4452 1776 4521 θαυμαστός
1827 4472 1886 4506 τε

309 4542 455 4600 εἶναι
488 4548 581 4600 καὶ
617 4545 714 4616 μήθ
742 4546 803 4599 τὸ
843 4547 962 4617 μὲν,
985 4541 1066 4608 οἷς
1094 4544 1268 4609 οὕτως
1300 4546 1470 4616 ἔχειςο
1512 4547 1573 4600 τὸ
1595 4547 1674 4613 δὲ,
1710 4543 1790 4610 οἷς
1823 4548 1885 4600 οὐ

1991 3342 2266 3398 debitores
2312 3343 2536 3410 habeas,
2600 3343 2874 3400 neminem
2938 3357 3090 3410 vero,
3146 3353 3202 3398 ut
3245 3359 3340 3414 pro
3375 3344 3572 3401 merito

1991 3433 2302 3489 εριεὺιειίε.
2329 3435 2487 3500 Quod
2537 3435 2582 3489 si
2633 3435 2749 3490 fieri
2803 3443 3040 3505 poterat,
3101 3437 3261 3491 unius
3321 3437 3396 3492 tui
3459 3439 3574 3492 oris

1989 3540 2127 3596 opus
2157 3536 2296 3581 erat.
2321 3526 2482 3581 Solus
2515 3527 2660 3581 enim
2706 3537 2762 3582 tu
2798 3538 2887 3582 tua
2921 3544 3088 3582 causa
3121 3529 3348 3585 idoneus
3380 3530 3432 3584 in
3464 3530 3571 3585 hoc
3599 3578 3605 3585 .

1991 3627 2266 3671 certamen
2295 3617 2495 3672 athleta
2530 3619 2894 3673 descensurus
2927 3634 3071 3675 eras.
3105 3620 3426 3690 Quanquam
3471 3637 3572 3677 nec

1991 3708 2094 3760 hac
2125 3721 2254 3758 sane
2278 3706 2343 3758 de
2371 3721 2535 3762 causa
2579 3707 2711 3763 illud
2744 3709 2818 3774 tui
2864 3709 3173 3763 celebrandi
3210 3711 3568 3765 deserendum

1989 3798 2155 3853 fuerit
2191 3797 2452 3866 ofﬁcium,
2508 3815 2609 3854 nec
2660 3809 2770 3856 toto
2803 3801 3194 3866 desistendum,
3226 3802 3370 3870 quod
3416 3815 3586 3872 parte,

1994 3888 2138 3942 illius
2170 3888 2350 3958 aliqua
2383 3889 2688 3965 deficimur.
2714 3891 2924 3946 Contra
2972 3907 3106 3946 vero
3155 3893 3334 3960 potius
3361 3910 3472 3964 quo
3499 3897 3568 3950 ad

1993 3981 2225 4037 facultas
2261 3983 2403 4038 feret
2428 3984 2576 4053 large
2607 4000 2671 4040 ac
2702 3985 3006 4040 liberaliter
3041 3987 3312 4054 conferre,
3362 3999 3567 4044 ratatn~

1994 4091 2101 4145 que
2134 4078 2442 4132 communis
2470 4078 2748 4147 pensionis
2789 4090 3000 4148 partem
3044 4096 3438 4149 repraesentare
3473 4087 3570 4141 dc-

1991 4171 2181 4226 bemus
2210 4168 2238 4226 :V
2265 4171 2410 4242 quod
2463 4173 2508 4226 si
2542 4179 2770 4236 tantam,
2806 4183 3064 4242 quautam
3114 4191 3212 4242 par
3243 4187 3380 4243 erat,
3424 4178 3569 4234 haud

1990 4266 2258 4332 valemus,
2307 4267 2438 4320 nihil
2471 4268 2601 4321 illud
2631 4267 2877 4336 proiecto
2905 4280 3088 4330 nostra
3124 4272 3310 4336 refert,
3333 4275 3426 4329 sed
3453 4284 3570 4329 tute

1992 4359 2090 4415 tibi
2127 4360 2362 4428 imputes
2393 4357 2542 4413 licet.
2577 4359 2670 4427 qui
2708 4359 3021 4414 facultatem
3059 4363 3322 4418 orationis
3349 4379 3564 4420 omnem

1990 4461 2368 4522 supervectus,
2414 4466 2661 4518 unusque
2705 4450 3081 4506 laudatoribus
3113 4455 3221 4507 tuis
3254 4457 3571 4514 iuaccessus

1990 4559 2071 4599 es.
2104 4543 2256 4611 Quod
2313 4551 2366 4598 et
2416 4543 2532 4612 ipse
2567 4542 2801 4611 quodam
2855 4542 2977 4597 loco
3008 4544 3108 4613 (2),
3148 4543 3575 4617 interrogatiun-

317 4640 442 4701 τοὺς
484 4638 859 4708 Θαυμάζοντας
889 4638 1052 4709 ἔχεις·
1080 4638 1222 4710 ὑπὲρ
1250 4631 1311 4693 οὗ
1341 4657 1431 4708 μοι
1459 4639 1609 4693 δοκεῖ
1638 4639 1732 4693 καὶ
1760 4642 1883 4703 τοὺς

1991 4637 2112 4692 cuia
2173 4636 2353 4704 aliqua
2409 4635 2536 4701 jam.
2573 4633 2862 4689 declarasti
2897 4651 2913 4688 :
2947 4653 2965 4688 t
3025 4635 3248 4705 Ecquis,
3291 4639 3569 4709 inquiens,

318 4731 570 4793 ἐπαίνους
601 4731 820 4792 αὐτοὺς,
861 4732 911 4784 εί
965 4720 1069 4800 μὴ’
1097 4731 1219 4784 κατ’
1265 4725 1585 4802 ἀνθρώπους
1618 4731 1884 4803 πρότερον

1993 4745 2094 4785 nos
2147 4729 2464 4785 laudaturos
2508 4727 2631 4783 est?
2677 4746 2696 4778 ι
2733 4728 2888 4798 quasi
2940 4730 3368 4798 praesignificans
3422 4737 3566 4802 quod

318 4818 476 4892 ἦσαν,
510 4823 727 4884 πάντως
776 4822 862 4890 ἂν,
908 4821 1028 4874 νυνιΙ
1064 4820 1397 4891 νενομίσθαι,
1450 4824 1548 4877 καὶ
1577 4823 1674 4892 τὴν
1708 4821 1883 4894 ἀρχὴν

1993 4823 2232 4878 futurum
2261 4829 2398 4882 erat,
2433 4833 2729 4882 omnesque
2783 4821 2849 4875 ab
2885 4821 2985 4875 hoc
3029 4821 3245 4891 incepto
3273 4823 3567 4879 deducens.

318 4915 564 4969 ἐντεῦθεν
592 4915 798 4968 λαϐεῖν.

1994 4914 2378 4970 Verumtamen
2427 4913 2572 4968 haud
2621 4913 2782 4968 facile
2828 4913 3062 4968 dixerim
3115 4915 3565 4973 honorificentius

319 5015 420 5068 hoc
462 5013 558 5068 tibi
593 5012 835 5067 futurum
892 5011 1167 5066 silentium
1222 5009 1314 5065 illo
1385 5009 1642 5076 laudandi
1693 5021 1917 5065 conatu.
1964 5009 2086 5065 Non
2119 5011 2265 5066 enim
2327 5009 2552 5080 perinde
2586 5007 3026 5079 obstupefactura
3086 5009 3331 5066 homines
3365 5013 3563 5067 decora

318 5118 405 5162 tua
433 5117 590 5163 erunt
623 5108 840 5162 silentio
874 5108 1210 5169 transmissa,
1243 5115 1404 5174 atque
1459 5105 1503 5159 si
1554 5115 1608 5158 et
1656 5106 1881 5164 laudare
1919 5117 1970 5162 te
1992 5122 2182 5164 omnes
2208 5107 2482 5170 insistant,
2507 5116 2559 5160 et
2589 5106 2786 5159 frustra
2820 5115 2998 5159 tamen
3025 5107 3280 5162 omnibus
3319 5109 3400 5162 -lti
3445 5169 3449 5174 ,
3479 5125 3566 5162 co-

317 5213 472 5255 natus
518 5202 643 5256 sint.
679 5200 830 5266 Quod
863 5201 908 5255 si
941 5211 992 5255 te
1056 5215 1185 5254 vero
1245 5199 1464 5268 dignum
1533 5199 1760 5253 omnino
1810 5203 2142 5270 praeconium
2197 5198 2415 5265 quaeris,
2467 5213 2588 5252 cum
2645 5199 2851 5250 nullum
2912 5199 3127 5267 inquam
3188 5199 3280 5268 qui
3343 5214 3562 5266 cperam

315 5313 463 5351 suam
510 5299 617 5352 huc
672 5298 916 5352 conferat
966 5298 1205 5367 reperies
1265 5299 1449 5366 (nemo
1501 5297 1645 5348 enim
1705 5296 1882 5350 nescit
1920 5306 2127 5366 quanto
2177 5297 2424 5349 laudibus
2475 5295 2582 5347 tuis
2629 5295 2810 5347 minor
2855 5294 2956 5360 sit;
2991 5294 3130 5348 unde
3194 5303 3250 5346 et
3325 5294 3564 5346 universi

283 5394 380 5466 _iis
414 5395 626 5466 penitus
660 5393 969 5465 absistent),
1003 5404 1188 5448 tumet
1217 5393 1320 5446 alia
1350 5407 1454 5461 qua
1499 5392 1706 5446 ratione
1739 5394 1886 5448 velut
1927 5394 1980 5448 in
2008 5393 2240 5462 muigma
2274 5391 2544 5462 quoddam
2578 5390 2802 5456 incides,
2830 5391 3208 5459 videberisque
3271 5389 3353 5442 vir
3422 5390 3562 5442 idem

315 5491 648 5548 admirabilis
697 5492 898 5566 pariter
948 5507 1091 5557 esse,
1141 5499 1195 5545 et
1251 5506 1354 5543 nou
1411 5503 1580 5545 esse:
1655 5491 1912 5557 alterum,
1992 5491 2135 5560 quod
2173 5490 2296 5544 talis
2359 5503 2544 5557 reapse
2589 5502 2668 5552 es,
2718 5488 2971 5548 alterum,
3002 5487 3145 5554 quod
3205 5485 3566 5538 admiratores

313 5586 731 5657 laudatoresque
759 5587 932 5641 nullos
963 5587 1149 5641 habes.
1179 5584 1347 5655 Cujus
1381 5587 1634 5655 equidem
1679 5602 1868 5652 causa,
1910 5586 1956 5641 si
2009 5587 2187 5642 minus
2233 5597 2395 5640 antea
2475 5597 2756 5653 usurpata:-
2819 5583 3129 5637 hominibus
3186 5579 3560 5650 hujuscemodi

313 5681 922 5751 laudationesfuissent,
955 5684 1143 5755 utique
1173 5698 1316 5738 nunc
1349 5682 1587 5753 primum
1628 5683 2009 5750 instituendas,
2044 5692 2099 5738 ct
2127 5686 2194 5739 ab
2231 5684 2333 5737 hoc
2357 5681 2606 5751 exetnplo
2671 5679 2934 5749 originem
3002 5685 3310 5748 sutnpturas
3378 5674 3569 5742 fuisse,

313 5776 656 5832 crediderim.

381 5949 460 6012 (1)
496 5945 638 6002 Iliad
661 5947 720 6003 Β.
751 5961 892 6003 vers.
919 5944 1047 6002 489.

2071 5940 2148 6012 (τὸ)
2181 5937 2312 5994 Fine
2350 5934 2618 5991 Euituvhii
2649 5937 2699 5988 in
2734 5931 3014 5987 Basiliam.
