4028 6428
564 459 676 524 ‘219

1781 449 2179 512 THEODULI
2216 448 2568 511 MONACHI
3688 453 3779 516 220

638 574 730 631 lli.
773 571 830 629 Si
862 570 994 626 illud
1041 571 1227 642 itaque
1261 569 1521 626 decorum
1553 566 1649 623 tibi
1689 573 1814 634 est;
1850 581 1975 620 nam
2029 566 2129 621 hoc

2311 566 2386 619 Ρ.
2417 565 2481 620 Ei
2510 543 2690 618 τοίνυν
2717 563 2894 618 ἐκεῖνο
2925 561 3025 634 μὲν
3075 562 3218 634 ὑπὲρ
3258 561 3352 616 σοῦ
3377 581 3392 596 ο
3439 563 3595 619 τοῦτο
3620 565 3662 619 δ’
3695 569 3781 622 οὐκ

555 668 797 723 "alterum
844 667 1159 736 neutiquam
1205 662 1522 734 probaveris
1557 669 1680 716 :est
1709 659 1854 715 enim
1890 673 2135 726 necesse,

571 763 622 814 in
664 759 1024 813 admiratione
1070 757 1351 811 hominum
1387 765 1440 809 te
1486 759 1687 823 tuaque
1716 751 1950 817 versari;
1992 750 2136 817 quod

568 863 620 907 et
648 852 926 922 pr0prium
976 848 1078 904 hoc
1106 849 1322 903 virtutis
1364 856 1470 913 est,
1505 847 1660 914 cuius
1688 846 1893 915 primas
1940 843 2135 898 merito

568 953 750 1016 partes
785 941 900 1010 ipse
936 941 1083 1001 fers:
1121 949 1178 995 et
1209 940 1352 1010 quod
1384 939 1655 994 universis
1689 933 2014 1001 hominibus,
2043 933 2134 1003 qui

567 1047 709 1088 illlllc
732 1043 883 1097 sunt,
918 1031 1122 1101 quique
1166 1041 1355 1099 postea
1394 1029 1560 1082 futuri
1594 1035 1740 1092 sunt,
1773 1027 1826 1080 in
1862 1022 2136 1094 exwplar

564 1129 617 1180 et
661 1135 844 1195 typum
892 1122 1100 1193 pulchri
1142 1123 1321 1177 omnis
1370 1129 1428 1176 et
1474 1119 1711 1186 honesti,
1761 1119 1930 1172 vitam
1983 1127 2132 1170 tuam

563 1215 796 1270 maxime
817 1213 1152 1282 propositam
1194 1225 1317 1268 esse
1348 1219 1562 1282 oportet
1605 1227 1618 1263 :
1655 1223 1866 1278 aequum
1899 1207 2125 1278 proinde

560 1305 744 1371 fuerit,
775 1315 836 1358 ut
864 1305 1053 1360 laudes
1079 1311 1196 1358 tuas
1219 1304 1361 1374 iusta
1397 1299 1844 1373 magnanimitate
1869 1295 2131 1365 excipias,

560 1397 814 1463 ierasque
847 1394 990 1462 quod
1023 1405 1075 1448 te
1111 1409 1215 1447 non
1247 1393 1461 1462 dignam
1517 1391 1649 1446 satis
1691 1388 2131 1460 praedicationem

563 1486 805 1541 auferas.
845 1482 924 1539 Eo
965 1497 1199 1552 namque
1231 1483 1389 1538 modo
1426 1481 1568 1537 haud
1595 1493 1795 1551 paucos
1822 1479 1966 1533 ultro
1995 1493 2130 1548 ope-

561 1593 676 1631 ram
725 1577 1024 1632 collaturus
1076 1575 1337 1641 habebis;
1383 1574 1580 1644 quippe
1633 1573 1880 1634 omneis.
1930 1571 2132 1641 quibus

559 1669 807 1723 nonnihil
843 1682 969 1722 cum
1001 1668 1309 1737 eloquentia
1345 1677 1476 1721 usus
1508 1665 1817 1730 intercedit,
1855 1664 1908 1718 in
1938 1662 2132 1717 lauda-

561 1761 722 1813 tionis
749 1769 854 1813 tum
879 1760 1217 1814 consortium
1273 1755 1586 1812 necessario
1613 1755 1782 1810 etiam
1830 1763 2128 1811 venturos:

559 1867 666 1907 non
701 1852 950 1920 equidem
995 1864 1105 1920 quo
1145 1864 1233 1905 res
1265 1858 1392 1904 tuas
1416 1851 1726 1903 ornatiores
1779 1862 1837 1903 se
1883 1847 2128 1903 facturos

2199 656 2202 658 ⁷
2237 658 2304 712 ἂν
2331 657 2504 710 ἕλοιο·
2533 654 2912 725 θαυμάζεσθαι
2957 656 3064 726 γὰρ
3097 655 3311 726 ἀνάγκη
3343 658 3409 710 τὰ
3448 657 3538 722 σὰ,
3580 659 3672 710 καὶ
3709 659 3780 712 ὅτι

2238 747 2384 802 τοῦτ’
2415 749 2613 819 ἀρετῆς
2653 749 2805 812 ἴδιον,
2841 742 2910 820 ἧς
2941 748 3100 812 αὐτὸς
3145 751 3286 819 φέρῃ
3325 748 3394 803 τὰ
3445 749 3650 819 πρῶτα,
3699 751 3782 804 καὶ

2238 839 2333 894 τοῦ
2367 840 2418 909 γ’
2447 840 2612 894 ἕνεκα
2639 841 2783 894 πᾶσι
2819 841 3053 910 μάλιστα
3083 843 3301 910 χρῆναι,
3331 842 3444 904 τοῖς
3469 859 3528 895 τε
3561 841 3650 894 νῦν
3675 842 3780 896 οὖσι

2237 935 2350 995 τοῖς
2378 947 2438 984 τε
2466 931 2928 1002 ἐπιγιγνομένοις,
2951 932 3302 1003 παράδειγμα
3325 932 3418 986 καὶ
3441 931 3605 986 τύπον
3630 933 3779 987 καλοῦ

2237 1022 2440 1086 παντὸς
2478 1022 2798 1090 προκεῖσθαι
2826 1024 2898 1077 τὰ
2932 1023 3002 1078 σόι
3026 1041 3040 1054 ·
3067 1022 3278 1088 δίκαιος
3325 1023 3392 1079 ἂν
3421 1026 3537 1096 εῖης
3573 1025 3772 1095 μεγαλο-

2235 1112 2408 1182 ψυχίᾳ
2435 1112 2575 1180 πρὸς
2605 1112 2732 1172 τοὺς
2765 1111 3020 1175 ἐπαίνους
3048 1111 3373 1183 κεχρῆσθαι,
3407 1113 3500 1166 καὶ
3529 1113 3780 1184 παραξίαν

2241 1202 2656 1272 Θαυμαζόμενος
2687 1201 2895 1272 φέρειν.
2936 1201 3095 1257 Οὕτω
3127 1203 3236 1275 γὰρ
3273 1203 3372 1256 οὐκ
3401 1203 3614 1270 ὀλίγους
3655 1201 3780 1266 ἕξεις

2235 1292 2610 1364 εἰσφέροντας·
2650 1294 2785 1346 πᾶσι
2821 1294 2930 1363 γὰρ
2957 1289 3037 1355 οἷς
3072 1295 3294 1361 μέτεστι
3322 1293 3640 1362 λόγωνλκαὶ
3686 1292 3780 1343 τῶν

2237 1384 2377 1454 ὑπὲρ
2408 1383 2502 1436 σοῦ
2528 1383 2702 1452 λόγων
2737 1384 2952 1452 ἀνάγκη
2980 1385 3245 1453 μετεῖναι·
3281 1383 3379 1454 οὐχ
3405 1383 3546 1437 ὥστε
3573 1383 3780 1449 κοσμεῖν

2235 1473 2382 1543 ἐχειν
2415 1474 2483 1527 τὰ
2533 1473 2622 1528 σά·
2663 1473 2778 1525 ἀλλ’
2817 1474 2910 1526 ὑπ’
2950 1473 3130 1527 αὐτῶν
3179 1475 3407 1537 τούτους
3452 1473 3780 1542 κοσμεῖσθαι,

2235 1567 2492 1636 καθάπερ
2517 1566 2610 1618 ἐπὶ
2646 1567 2756 1622 τῶν
2791 1565 3090 1634 ὀφθαλμῶν
3120 1563 3278 1637 οἴμαι
3327 1565 3630 1637 ξυμϐαίνει.
3665 1565 3781 1619 Οὐδὲ

2235 1657 2343 1728 γὰρ
2369 1651 2450 1721 οἷς
2480 1650 2626 1710 οὗτοι
2655 1656 2746 1710 τὸν
2774 1657 2926 1726 ἦλιον
2949 1657 3187 1726 ὁρῶντες
3229 1657 3594 1728 θαυμάζουσι,
3626 1655 3781 1723 τούτῳ

2231 1747 2390 1815 δόξαν
2419 1747 2668 1802 ἐντεῦθεν
2713 1746 2965 1817 ἡντινοῦν
2993 1745 3342 1818 ἐμποιοῦσιν·
3375 1748 3510 1802 ἀλλὰ
3534 1748 3669 1814 σφᾶς
3700 1745 3779 1797 αύ-

2234 1843 2362 1906 τοὺς
2397 1843 2600 1912 μᾶλλον
2627 1840 2946 1910 κοσμοῦσιν,
2980 1839 3051 1910 ἣν
3083 1840 3177 1894 τοῦ
3223 1841 3360 1912 όρᾷν
3392 1840 3599 1912 ἴσχουσι
3637 1839 3780 1892 δύνα-

557 1952 802 2010 sperent,
828 1939 922 1995 sed
952 1953 1018 1995 ex
1040 1939 1244 1995 eisdem
1269 1939 1646 1994 claritudinem
1672 1937 2129 2004 relaturos.0uale

2237 1947 2353 2001 μιν,
2373 1931 2579 2002 ταύτην
2591 1930 2800 1984 ἐκεῖθεν
2816 1930 3149 1999 προάγοντες
3171 1931 3251 1994 είς
3275 1929 3580 2000 ἐνέργειαν.
3599 1928 3780 1982 Ἀπανο

556 2038 810 2107 quiddam
840 2039 987 2090 circa
1025 2018 1336 2098 oculorum,
1366 2040 1422 2086 ut
1465 2032 1680 2100 opinor,
1718 2043 1872 2082 usum
1915 2028 2132 2083 contin-

557 2131 660 2198 git,
691 2129 786 2199 qui
828 2126 969 2198 quod
1017 2125 1188 2181 solem
1235 2129 1562 2178 contuentur
1590 2135 1654 2174 ac
1691 2119 2017 2189 suspiciunt,
2063 2133 2130 2174 eo

555 2215 690 2270 nihil
723 2215 799 2268 illi
848 2212 1032 2282 gloriae
1071 2213 1309 2275 addunt;
1343 2222 1530 2262 verum
1560 2222 1620 2263 se
1647 2209 1826 2276 potius
1863 2209 2007 2276 ipsos
2036 2221 2128 2263 or-

555 2314 707 2371 nant,
745 2304 962 2360 iusitam
995 2302 1250 2357 nimirum
1284 2299 1504 2355 videndi
1541 2301 1649 2354 vim
1675 2311 1778 2367 ope
1803 2297 1932 2352 solis
1959 2299 2013 2352 in
2040 2313 2132 2353 ac-

553 2404 671 2451 tum
715 2395 1097 2464 provehentes.
1137 2390 1372 2446 Proinde
1408 2391 1642 2460 optimos
1677 2405 1923 2461 quosque
1959 2391 2125 2457 viros,

554 2485 852 2557 quamlibet
903 2483 1104 2552 alioqui
1140 2480 1226 2537 sui
1278 2482 1525 2551 ipsorum
1580 2494 1860 2549 praecones
1907 2480 2008 2548 ipsi
2044 2489 2128 2538 te-

561 2592 781 2650 stesque
831 2589 982 2643 sunt,
1011 2579 1114 2634 hoc
1164 2580 1282 2646 ipso
1329 2578 1472 2648 quod
1523 2577 1648 2632 boni
1682 2577 1945 2646 probiqne
1977 2586 2124 2642 sunt,

553 2673 904 2740 omniumque
951 2665 1320 2739 pradicatioﬁe
1373 2667 1545 2739 digni,
1583 2666 1793 2721 laudari
1839 2678 2016 2723 tamen
2061 2669 2129 2722 ab

553 2763 678 2816 aliis
703 2764 1000 2825 cernimus,
1030 2774 1249 2831 suaeque
1287 2761 1502 2814 virtutis
1545 2759 1687 2814 hanc
1720 2759 1869 2814 velut
1901 2772 2122 2815 merce-

552 2856 678 2909 dem
723 2853 905 2908 l'erre:
953 2853 1096 2920 quod
1146 2861 1202 2907 tu
1245 2861 1559 2920 utrumque.
1587 2850 1847 2920 singulari
1895 2851 2126 2922 quadam

551 2943 934 3012 praerogativa,
971 2955 1001 2996 a
1033 2951 1085 2996 te
1119 2942 1235 3011 ipso
1276 2949 1558 3010 acceptum
1611 2942 1814 3009 habes;
1845 2950 1958 2996 tum
1985 2943 2127 3010 quod

555 3043 770 3088 summe
824 3033 968 3086 inter
1013 3032 1220 3106 omneis
1263 3032 1614 3087 admirandus
1654 3046 1753 3103 per
1792 3042 1848 3087 te
1877 3047 1957 3099 es,
2016 3041 2126 3087 tum

554 3124 696 3194 quod
743 3122 1010 3179 facundia:
1043 3132 1147 3178 tuze
1197 3123 1440 3177 fructum
1493 3123 1610 3193 ipse
1647 3123 1904 3194 percipis,
1955 3138 2021 3177 ex
2061 3138 2126 3178 eo

552 3215 697 3284 quod
720 3215 1130 3284 prepinquitate
1157 3213 1254 3267 tibi
1280 3210 1779 3282 coniunctissimos,
1813 3223 1873 3267 ut
1892 3213 2123 3284 quisque

551 3309 694 3362 diem
744 3321 900 3362 suum
931 3307 1088 3374 obiit,
1141 3303 1357 3360 funebri
1395 3305 1724 3360 allocutione
1775 3305 2122 3372 coiiaudasti,
2153 3285 2198 3350 ε

558 3413 670 3468 quo
725 3414 834 3452 non
875 3398 997 3452 illos
1030 3398 1205 3465 magis
1257 3408 1422 3466 quam
1495 3398 1838 3466 temetipsum
1886 3399 2123 3455 cohone-

553 3491 733 3547 stasti.
752 3491 887 3557 imo,
908 3499 966 3545 ut
988 3492 1190 3546 rectius
1209 3491 1418 3559 loquar.
1440 3499 1553 3546 tum
1579 3490 1700 3545 illos
1723 3491 2124 3548 laudationibus

550 3587 656 3641 tuis
689 3586 998 3640 ornatiores
1041 3581 1259 3650 iecisti,
1304 3591 1415 3636 tum
1457 3583 1761 3638 luculenter
1803 3583 2112 3651 ostendisti,

549 3676 850 3746 cuiusmodi
873 3689 998 3731 esse
1028 3683 1292 3744 oporteat.
1326 3674 1418 3744 qui
1457 3684 1508 3731 te
1532 3714 1548 3740 ,
1597 3675 1688 3745 qui
1728 3685 1956 3731 caeteros
1997 3689 2119 3731 om-

555 3782 672 3832 nes,
707 3767 980 3821 laudando
1019 3779 1214 3820 ornare
1248 3779 1308 3820 se
1343 3765 1596 3834 postulet.
1632 3765 1762 3832 Quae
1799 3766 1964 3834 igitur
2005 3775 2116 3821 tum

2234 2039 2332 2084 τας
2365 2023 2464 2092 μὲν
2494 2019 2586 2075 οὖν
2613 2025 2737 2086 τοὺς
2755 2022 3035 2092 ἀρίστους,
3065 2023 3116 2075 εί
3144 2025 3239 2076 καὶ
3269 2023 3448 2085 ἄλλως
3475 2037 3616 2074 ουτοι
3645 2018 3780 2087 σφῶν

2235 2113 2420 2168 αὐτῶν
2455 2115 2594 2167 εἰσιν
2620 2113 2905 2168 ἐπαινέται
2949 2115 3045 2168 καὶ
3081 2114 3382 2186 μάρτυρες,
3405 2114 3481 2184 τῷ
3511 2112 3661 2168 καλοὶ
3699 2109 3780 2164 καὶ

2233 2190 2431 2272 ἀγαθοὶ
2461 2202 2768 2271 γεγονέναι,
2793 2206 2889 2256 καὶ
2917 2196 3018 2256 οἷοι
3048 2206 3199 2274 παρὰ
3230 2205 3369 2258 πᾶσι
3401 2200 3779 2274 Θαυμάζεσθαι,

2234 2293 2352 2348 ἀλλ’
2383 2293 2478 2348 οῦν
2512 2295 2942 2365 ἐπαινουμένους
2991 2295 3262 2365 δήπουθεν
3310 2295 3402 2366 ὑφ’
3431 2296 3627 2366 ἐτέρων
3656 2291 3777 2363 όρῶ·

2240 2401 2360 2454 μεν,
2399 2388 2493 2438 καὶ
2528 2385 2717 2439 τοῦτον
2778 2387 2969 2456 μισθὸν
2999 2387 3392 2458 κομιζομένους
3421 2389 3517 2456 τῆς
3557 2383 3777 2457 ἀρετῆς⁹

2240 2476 2306 2530 σὺ
2339 2477 2396 2531 δὲ
2423 2476 2700 2531 καὶτοῦτο
2731 2479 2952 2533 κάκεῖνο
2987 2479 3128 2550 μετὰ
3158 2480 3359 2534 πολλοῦ
3394 2479 3486 2533 τοῦ
3516 2477 3777 2548 περιόντος

2239 2569 2390 2640 παρὰ
2419 2570 2618 2622 σαυτοῦ
2650 2570 2831 2624 λαϐὼν
2863 2572 3028 2641 ἔχεις·
3064 2571 3140 2643 τῷ
3186 2589 3246 2624 τε
3295 2571 3534 2641 μάλιστα
3584 2569 3779 2622 πάντων

2236 2663 2550 2735 Θαυμαστὸς
2601 2669 2816 2722 οἴκοθεν
2865 2663 3026 2737 εἶναι,
3056 2670 3134 2742 τῷ
3168 2687 3230 2725 τε
3257 2671 3359 2741 τῆς
3397 2670 3557 2732 αὐτὸς
3597 2660 3775 2720 σαυτοῦ

2234 2758 2479 2830 γλώττης
2507 2761 2779 2831 μετέχειν,
2809 2763 2868 2816 ἐν
2891 2756 2973 2826 οἷς
3004 2763 3114 2816 τῶν
3145 2766 3497 2820 οἰκειοτάτων
3520 2761 3778 2815 οὑστινασ-

2234 2847 2328 2904 οῦν
2360 2852 2766 2920 ἀπογεγονότας
2794 2856 3114 2924 προσεῖπες,
3173 2855 3236 2908 οὒ
3276 2855 3486 2924 μᾶλλον
3529 2849 3710 2910 αὐτοὺς
3746 2844 3774 2913 ἢ

2236 2940 2431 2994 σαυτὸν
2461 2940 2713 2995 ἐντεῦθεν
2740 2944 2984 3013 κοσμῶν·
3019 2944 3222 3014 μᾶλλον
3255 2946 3342 3011 δὲ,
3365 2948 3413 2998 εξ
3438 2945 3540 3016 χρὴ
3569 2936 3777 3007 τάληθὲς

2232 3030 2428 3095 είπεῖν,
2461 3031 2706 3095 ἐκείνους
2725 3049 2787 3086 τε
2817 3036 2926 3099 τοῖς
2957 3034 3110 3105 παρὰ
3138 3036 3344 3090 σαυτοῦ
3380 3037 3554 3102 λόγοις
3583 3026 3778 3096 ἀποφή-

2231 3139 2327 3186 νας
2357 3123 2633 3188 καλλίους,
2685 3125 2849 3188 αύτός
2900 3144 2957 3179 τε
3017 3128 3207 3196 σαφῶς
3259 3127 3544 3194 ἐπιδείξας
3587 3122 3780 3181 ὁποίους

2231 3215 2387 3278 τινὰς
2413 3211 2555 3270 εῐναι
2585 3217 2690 3287 χρὴ
2741 3218 2867 3281 τοὺς
2895 3219 2956 3272 σέ
2981 3235 3042 3271 τε
3074 3220 3169 3272 καὶ
3207 3221 3429 3285 πάντας
3460 3219 3583 3282 τοὺς
3609 3215 3780 3272 ἄλλους

2234 3308 2461 3377 κοσμεῖν
2492 3308 2878 3378 αἱρουμένους·
2908 3305 2990 3374 οἷς
3017 3312 3118 3381 μὲν
3155 3311 3247 3367 οῦν
3279 3320 3424 3387 πρὸς
3459 3313 3557 3382 τὴν
3593 3302 3776 3376 παροῦ-

2233 3415 2334 3451 σαν
2362 3398 2598 3469 σπουδὴν
2634 3399 2743 3454 ἔδει
2781 3403 3084 3473 κεχρῆσθαι
3115 3409 3211 3459 καὶ
3237 3405 3276 3460 ἃ
3321 3404 3533 3477 μάλιστ’
3561 3395 3774 3471 ἐμαυτὸν

2229 3492 2510 3556 πεπεικὼς
2561 3492 2872 3564 διανέστην,
2922 3499 3132 3568 σιωπῆς
3161 3498 3449 3552 ἀκινδύνου
3486 3495 3580 3565 τὴν
3625 3493 3678 3544 ἐν
3703 3484 3770 3554 τῷ

2226 3582 2405 3654 λέγειν
2433 3579 2607 3654 ἧτταν
2645 3585 2780 3656 ἡδίω
2839 3587 3158 3641 παντάπασι
3185 3590 3401 3658 κρίνας,
3449 3585 3596 3641 ταῦτ’
3641 3581 3772 3634 ἐστιν

2224 3668 2300 3731 ὧν
2319 3675 2426 3730 οὐδ’
2452 3677 2518 3731 ἂν
2545 3671 2648 3744 εἷς,
2673 3675 2749 3740 ὥς
2774 3694 2836 3747 γε
2858 3677 2968 3746 ἐγὼ
2987 3680 3214 3750 νομίζω,
3236 3679 3438 3747 ξυνιᾶσι
3466 3674 3661 3732 καλλίω
3688 3667 3770 3721 καὶ

2227 3769 2340 3832 τοῖς
2371 3769 2694 3839 πράγμασιν
2725 3769 3074 3841 ἀποχρῶντα.

547 3865 616 3916 ad
663 3877 902 3928 praesens
956 3861 1262 3915 institutum
1318 3861 1565 3918 adhiberi
1625 3862 1956 3931 oportebat,
2016 3871 2130 3916 tum
2196 3865 2350 3934 queis
2393 3866 2730 3934 potissimum
2769 3866 3025 3923 inductus
3087 3868 3152 3924 ad
3187 3870 3476 3926 dicendum
3540 3870 3771 3921 surrexe-

548 3954 676 4021 rim,
721 3953 978 4019 illamque
1017 3953 1068 4007 in
1111 3953 1339 4010 dicendo
1371 3954 1726 4010 oil‘ensionem
1789 3953 2166 4022 iucundiorem
2241 3957 2376 4012 mihi
2412 3958 2634 4014 omnino
2663 3958 2932 4025 duxerim,
2961 3975 3124 4031 quam
3176 3977 3409 4019 vacuum
3458 3955 3684 4032 periculo
3706 3949 3767 4006 si—

549 4047 795 4111 lentium,
835 4045 948 4099 haec
989 4045 1099 4100 fere
1139 4055 1264 4102 sunt
1297 4063 1312 4100 :
1361 4047 1558 4117 quibus
1590 4046 1873 4115 pulchrius
1899 4045 2155 4117 quiddam
2195 4049 2590 4121 bonestiusque
2620 4051 2760 4107 haud
2797 4052 2957 4108 facile
2991 4069 3320 4125 quemquam
3389 4057 3771 4126 perspecturum

546 4139 802 4202 arbitror,
843 4137 1140 4208 eademque
1189 4139 1475 4208 ejusmodi,
1518 4147 1571 4192 ut
1600 4139 1762 4194 rebus
1791 4140 1920 4206 ipsis
1949 4141 2099 4207 paria
2137 4155 2202 4198 ac
2224 4142 2517 4199 sull'ectura
2550 4147 2789 4200 credam.

617 4227 706 4283 iV.
732 4229 848 4285 Jam
890 4231 1053 4299 igitur
1091 4231 1160 4284 ad
1191 4230 1363 4300 ipsam
1397 4231 1577 4300 magni
1608 4229 1711 4287 viri
1753 4231 2117 4288 laudationem

2299 4233 2373 4290 A'.
2410 4237 2550 4308 Ἤδη
2578 4237 2635 4290 δέ
2669 4255 2738 4307 με
2765 4240 2879 4301 τοῖς
2911 4239 3158 4304 ἐπαίνοις
3188 4241 3536 4312 προσάγοντα
3567 4232 3658 4288 τοῦ
3681 4242 3769 4298 με·

546 4336 764 4376 manum
812 4323 1159 4389 admoventi,
1211 4335 1442 4391 eamque
1485 4337 1770 4392 capessere
1815 4323 2119 4380 instituenti

2232 4329 2418 4397 γάλου,
2447 4333 2542 4385 καὶ
2567 4331 2774 4385 τούτων
2794 4331 3221 4402 ἐπισαλλόμενον
3251 4331 3544 4395 ἅπτεσθαι,
3577 4317 3771 4380 οὐδενὸς

548 4415 701 4480 mihi,
734 4415 875 4469 hami
915 4415 1062 4470 aliud
1113 4414 1408 4484 quidquam
1442 4422 1569 4470 ante
1608 4415 1860 4484 patriam,
1893 4429 2122 4486 quisque

2232 4418 2379 4492 οῐμαι
2406 4422 2516 4475 δεῖν
2544 4419 2652 4475 τῶν
2679 4421 2856 4477 ἄλλων
2889 4424 2997 4494 πρὸ
3029 4426 3128 4496 τῆς
3155 4427 3418 4497 πατρίδος
3451 4413 3770 4494 μεμνῆσθαι,

545 4502 692 4556 illam
749 4505 1054 4573 attingunt,
1109 4505 1645 4559 commemorandum
1716 4507 1951 4574 videtur,
2012 4509 2121 4563 imo

2232 4514 2324 4568 καὶ
2373 4513 2466 4567 τοῦ
2503 4514 2623 4567 κατ’
2679 4513 2849 4586 αὐτὴν
2886 4515 3124 4586 ἔχοντος,
3154 4516 3293 4568 ἀλλὰ
3320 4517 3417 4570 καὶ
3466 4509 3587 4584 μάλ’
3616 4502 3771 4569 αὐτῆς

544 4608 676 4648 vero
711 4597 899 4649 deﬁilla
939 4606 1064 4650 ante
1092 4605 1291 4650 cmtera
1319 4597 1540 4652 omnino
1580 4598 1867 4669 agendum,
1911 4607 2121 4656 natum

2232 4608 2332 4678 πρὸ
2359 4606 2469 4660 τῶν
2501 4606 2681 4660 ἄλλων
2724 4585 2992 4678 ἑπόμενον
3037 4608 3197 4679 φύσει
3227 4612 3322 4663 καὶ
3364 4608 3548 4676 τέχνῃ,
3585 4597 3674 4653 καὶ
3700 4591 3772 4661 τῷ

544 4685 784 4756 artisque
815 4688 1068 4742 oratoriae
1098 4687 1352 4756 vestigia,
1385 4699 1439 4744 et
1471 4703 1626 4760 aequa
1664 4691 1950 4760 utriusque
1973 4691 2121 4747 desi-

2232 4697 2351 4768 παρ⁹
2382 4699 2586 4768 ἀμφοῖν
2618 4696 2883 4762 ἀξιοῦντι·
2911 4698 3013 4769 τῆς
3043 4699 3141 4769 μὲν
3191 4699 3304 4771 γάρ
3325 4701 3444 4753 ἐστι
3465 4694 3622 4762 νόμος
3639 4683 3770 4740 οὓτω

544 4773 717 4841 deria,
745 4778 1016 4846 sequenti.
1039 4777 1253 4847 Quippe
1279 4779 1346 4834 ad
1380 4780 1523 4836 hunc
1547 4781 1764 4836 modum
1795 4782 1955 4853 dirigi
1980 4791 2124 4840 trac-

2232 4793 2488 4863 προάγειν
2523 4792 2722 4863 χρῆναι
2747 4791 3042 4860 τὸνλόγον,
3075 4794 3169 4846 καὶ
3210 4793 3399 4847 τοῦτον
3438 4775 3768 4857 διαχειρίζειν

547 4865 762 4934 tarique
787 4875 1042 4934 oportere
1069 4869 1392 4936 orationem,
1422 4885 1544 4926 cum
1573 4885 1664 4927 ars
1689 4873 1800 4942 ipsa
1829 4874 1975 4928 velut
2003 4873 2122 4942 lege

2232 4885 2316 4937 τὸν
2336 4884 2556 4954 τρόπον·
2585 4885 2620 4953 ἠ
2656 4883 2704 4937 δ’
2756 4883 2865 4953 ἆρα
2898 4885 3056 4952 φύσις
3084 4885 3181 4938 καὶ
3204 4885 3303 4953 τὴν
3333 4881 3393 4946 ἐξ
3419 4876 3586 4946 αὐτῆς
3617 4866 3769 4931 ἀνάγ·

544 4957 742 5020 sancit,
796 4964 911 5011 tum
944 4968 999 5013 et
1023 4957 1408 5016 necessitatem
1446 4975 1599 5016 suam
1635 4971 1826 5018 natura
1851 4964 2120 5035 adiungit.

2232 4991 2324 5042 κην
2354 4973 2734 5046 προστίθησιν,
2779 4974 2922 5044 ἅπερ
2948 4975 3056 5027 τῶν
3085 4960 3182 5043 μὲν
3213 4973 3419 5027 παίδων
3459 4968 3509 5020 oi
3549 4960 3767 5026 πατέρες

547 5043 827 5115 Siquidem
861 5051 1073 5118 priores
1105 5049 1292 5107 liberis
1347 5061 1602 5121 parentes
1650 5062 1799 5120 sunt,
1826 5055 1998 5124 patria
2027 5071 2124 5126 pa-

2232 5043 2500 5136 πρότεροι,
2533 5043 2741 5119 τούτων
2777 5067 2821 5120 δ’⁴
2847 5043 2916 5120 αὖ
2944 5068 2978 5136 ἡ
3009 5067 3230 5136 πατρὶς,
3261 5066 3337 5134 τῷ
3370 5060 3568 5129 ταύτης
3592 5052 3764 5112 ὥσπερ

547 5138 816 5205 rentibus,
873 5142 1017 5210 quod
1058 5158 1123 5198 ex
1182 5159 1268 5210 ea,
1324 5151 1582 5214 tanquam
1621 5145 1994 5214 fundamento,
2028 5156 2125 5203 aut

2232 5155 2360 5217 τινὸς
2385 5155 2647 5227 κρηπῖδος
2667 5155 2700 5226 ἧ
2721 5154 2877 5226 ῥίζης
2908 5156 3275 5226 ὑποκειμένης
3291 5154 3359 5208 τὰ
3381 5152 3508 5220 γένη
3530 5139 3762 5216 φύεσθαι-⁸

548 5228 730 5283 radice
770 5229 1038 5301 subjecta,
1085 5249 1284 5305 genera
1342 5236 1621 5292 hominum
1672 5239 1788 5308 ipsa
1832 5239 2120 5306 oriuntur;

2232 5247 2516 5316 κράτιστον
2550 5245 2643 5300 οὖν
2684 5246 2750 5300 ἂν
2775 5248 2861 5318 εἴη
2895 5248 3236 5319 πανταχόθεν
3263 5247 3360 5300 καὶ
3385 5244 3497 5305 τοῖς
3523 5235 3766 5319 πρᾶγμ-αξ*

547 5319 692 5373 omni
726 5319 912 5390 itaque
943 5337 1011 5378 ex
1055 5335 1206 5393 parte
1240 5327 1503 5395 optimum
1529 5367 1542 5392 ,
1581 5341 1871 5398 rerumque
1915 5337 2122 5383 naturae

2232 5354 2307 5390 σιν
2337 5333 2506 5403 εἶκον,
2535 5338 2635 5407 τῆς
2663 5338 2992 5409 ἐνεγκούσης
3037 5338 3274 5408 πρόσθεν
3306 5332 3667 5403 ποιησάμενον
3692 5316 3766 5409 λύ-

546 5411 1118 5469 convenientissimum
1159 5427 1264 5483 est,
1317 5429 1378 5472 ut
1425 5420 1609 5489 priore
1653 5421 1771 5475 loco
1825 5419 1893 5475 dc
1943 5421 2119 5490 patria

2232 5443 2337 5494 γον,
2373 5425 2542 5478 ἔπειτ’
2582 5405 2778 5496 ἐφεξῆς
2798 5427 2890 5480 ἐπὶ
2929 5405 3051 5491 τοὺς
3085 5405 3326 5500 πατέρας
3357 5422 3572 5495 χωρεῖν,
3595 5405 3766 5471 κάκεί-

543 5503 715 5558 nostri
772 5505 1039 5581 dicamus,
1084 5516 1194 5564 tum
1244 5512 1498 5581 deinceps
1545 5516 1609 5568 ad
1654 5522 1908 5583 parentes
1937 5514 2120 5568 venia-

2232 5536 2330 5583 νοις
2369 5520 2427 5571 τὸ
2453 5518 2600 5583 εἰκὸς
2625 5520 2924 5591 ἀπονέμειν
3165 5539 3172 5545 '
3248 5519 3255 5529 ’

542 5609 686 5662 mus,
719 5597 908 5666 eisque
940 5601 1082 5670 quod
1109 5601 1200 5671 jus
1233 5603 1424 5674 fasque
1451 5612 1536 5661 est
1566 5607 1896 5663 reddamus.

618 5689 676 5742 V.
709 5689 829 5744 Jam
861 5692 1037 5762 patria
1075 5694 1338 5762 ejusmodi
1390 5711 1521 5752 sane
1555 5706 1660 5762 est,
1698 5709 1756 5752 ut
1806 5712 1912 5753 non
1958 5698 2118 5753 modo

551 5777 696 5831 Milia
742 5781 957 5850 penitus
1011 5799 1199 5839 earum
1256 5800 1461 5852 rerum,
1508 5803 1629 5857 qua:
1656 5789 1912 5844 decorare
1957 5789 2120 5844 urth

547 5871 738 5939 solent,
789 5874 1149 5943 dcstituatur,
1202 5879 1294 5934 sed
1349 5890 1402 5935 ct
1453 5891 1600 5937 tanta
1647 5897 1834 5940 eorum
1883 5897 2116 5947 cxsullc'

2231 5699 2366 5752 E'.
2405 5699 2564 5754 Ἔστι
2592 5699 2770 5754 τοίνυν
2798 5699 2938 5771 αῦτη
2965 5665 3213 5773 τοιαύτη,
3258 5699 3336 5763 ὡς
3477 5694 3628 5765 μόνον
3654 5679 3762 5780 hic

2223 5790 2454 5862 μηδενὸς
2476 5789 2584 5844 τῶν
2604 5791 2706 5844 ὅσα
2729 5792 2885 5847 πόλιν
2905 5790 3013 5846 οῐδε
3031 5793 3319 5863 σεμνύνειν
3342 5787 3463 5859 μηδ’
3480 5784 3762 5838 όπωστιουν

2219 5881 2541 5953 ἀφεστᾲναι,
2607 5883 2742 5953 ᾁλλὰ
2802 5887 2893 5940 καὶ
2953 5887 3092 5952 μετὰ
3145 5883 3369 5958 τοσῆσδε
3427 5874 3574 5934 ταῦτ’
3624 5870 3763 5938 ἔχειν
