4028 6452
324 482 429 543 221
1296 485 1695 549 LAUDATIO
1734 486 1799 548 S.
1836 486 2223 549 GREGORII
2264 430 2667 551 THIEOLOGI
3478 494 3588 557 222

326 597 672 668 περιουσίας,
695 596 772 659 ῶς
799 595 891 651 καὶ
911 597 1031 660 ταῖς
1060 595 1146 649 διὰ
1183 595 1405 651 πάντων
1436 596 1900 668 παραϐαλλομένη

2021 600 2182 656 rantia
2241 608 2482 670 praestet,
2524 610 2583 656 ut
2629 610 2753 655 eum
2799 600 3206 657 ﬂorentissimis
3254 602 3593 675 quibusque,

324 692 645 763 κρατίσταις
698 689 1053 760 εὑρίσκεσθαι
1080 689 1295 760 πρώτηο
1319 690 1461 744 οὕτω
1490 690 1590 761 μὲν
1617 690 1726 762 γὰρ
1750 690 1909 761 ἔσχεν

2021 706 2346 763 quacunque
2396 692 2451 745 in
2501 706 2560 747 re
2601 692 2823 759 collata,
2858 692 2985 761 jure
3020 693 3134 761 ipsa
3184 694 3392 761 primas
3433 696 3595 755 lerat.

328 786 507 857 ἀέρος,
549 785 623 844 ὡς
662 784 772 837 τῶν
811 784 911 854 μὲν
956 784 1280 853 ἁπανταχοῦ
1330 784 1525 838 πασῶν
1570 785 1771 855 ἄριστα
1816 802 1908 838 κε-

328 879 565 950 κρᾶσθαι
592 876 794 930 δοκεῖν·
839 876 979 946 πρὸς
1019 875 1075 929 δὲ
1112 876 1378 946 μεγίστην
1410 878 1505 931 καὶ
1547 876 1906 947 παντοδαπὴν

329 972 557 1043 καρπῶν
578 984 637 1023 τε
661 971 755 1025 καὶ
790 969 945 1035 ζώων
981 968 1261 1040 ἐρρῶσθαι
1292 970 1490 1038 φορὰν,
1532 969 1784 1023 ἑκάστων
1806 970 1908 1039 τῆς

335 1066 434 1133 γῆς
463 1066 573 1118 τῶν
609 1061 797 1133 μερῶν
823 1062 1050 1115 πλεῖστα
1088 1061 1182 1115 καὶ
1214 1057 1478 1115 κάλλιστα
1517 1061 1588 1114 τὰ
1614 1064 1746 1133 παρ’
1777 1065 1904 1117 έαυ-

333 1157 444 1216 τοῖς
470 1153 877 1223 χορηγούντων,
899 1152 995 1206 καὶ
1026 1146 1115 1205 οἶα
1148 1152 1224 1224 μὴ
1259 1153 1371 1214 τοῖς
1403 1151 1682 1205 ἐνοικοῦσι
1718 1155 1904 1224 μόνον,

332 1246 465 1299 ἀλλὰ
493 1248 583 1298 καὶ
618 1247 752 1299 πᾶσι
782 1245 1097 1316 προσοίκοις
1140 1261 1201 1297 τε
1234 1246 1327 1299 καὶ
1359 1247 1474 1307 τοῖς
1508 1246 1703 1316 πόρρω
1737 1263 1910 1318 παρεο

330 1338 546 1391 λαύνειν
584 1338 683 1408 τὴν
710 1338 921 1406 χρείαν⁸
959 1336 1104 1392 οὕτω
1132 1330 1178 1390 δ’
1220 1334 1288 1391 αὖ
1337 1336 1499 1408 ὡρῶν
1538 1338 1906 1409 συμμετρίας,

328 1432 426 1485 καὶ
454 1430 545 1483 τοῦ
578 1430 706 1484 κατ’
730 1429 902 1493 αὐτὰς
940 1429 1259 1501 εὐδοκίμου,
1291 1429 1369 1495 ὥς
1411 1430 1448 1485 ἃ
1479 1430 1611 1502 παρ’
1644 1431 1909 1495 ἑκάσταις

333 1522 594 1592 πρόσεστι
623 1521 884 1592 δυσχερῆ,
919 1522 1129 1576 τούτων
1163 1518 1421 1600 ἁπάντων
1454 1524 1547 1577 τὸν
1580 1525 1669 1577 ἀεὶ
1715 1526 1909 1596 χρόνον

329 1614 512 1683 ἐξίσης
541 1616 903 1683 ἀφεστηκυῖα,
950 1614 1127 1684 μόνων
1172 1614 1282 1668 τῶν
1318 1612 1546 1683 ἀγαθῶν
1576 1617 1642 1669 ὲκ
1681 1631 1908 1684 περιουδ

331 1709 456 1770 σίας
495 1708 771 1777 μετέχειν,
811 1706 1003 1778 ὥσπερ
1042 1706 1359 1778 ἐξεπίτηδες
1391 1706 1452 1761 τὸ
1485 1708 1584 1778 μὲν
1648 1706 1906 1772 καθάπαξ

329 1799 610 1865 λυσιτελὲς
679 1801 1003 1871 αἱρουμένη,
1057 1803 1127 1854 τὰ
1172 1801 1218 1854 δ’
1271 1800 1410 1855 ἄλλα
1465 1802 1684 1873 χαίρειν
1736 1799 1909 1858 ἐῶσα.

305 1892 614 1958 gramm;
639 1892 696 1947 δὲ
720 1893 817 1948 καὶ
844 1893 1190 1962 τηλικούτοις
1210 1893 1440 1963 ἀγαθοῖς
1467 1896 1500 1965 ὴ
1523 1893 1910 1949 Καππαδοκῶν

2012 780 2219 852 Nempe
2253 791 2309 839 et
2342 783 2487 839 aeris
2514 798 2576 839 ea
2607 794 2801 839 natura
2834 793 2941 851 est,
2980 794 3035 855 ut
3070 785 3310 841 omnium
3344 803 3463 857 quae
3506 805 3600 844 us-

2011 889 2173 943 quam
2202 882 2328 930 sunt
2359 876 2602 940 urbium,
2635 877 3088 945 temperatissima
3139 878 3296 933 facile
3327 882 3416 946 sit,
3447 890 3503 935 et
3530 884 3601 934 ad

2012 966 2349 1021 uberrimum
2401 967 2581 1021 omnis
2631 968 2849 1036 generis
2896 967 3115 1037 frugum
3170 970 3603 1041 animaliumque

2012 1060 2334 1130 proventum
2392 1061 2839 1127 instructissima,
2872 1062 3101 1131 singulis
3147 1063 3291 1119 illius
3329 1066 3597 1134 partibus,

2011 1166 2132 1221 quae
2163 1152 2215 1206 in
2246 1152 2487 1222 qualibet
2518 1162 2837 1219 nascuntur,
2872 1165 2985 1209 tum
3014 1155 3270 1225 plurima,
3312 1166 3424 1211 tum
3464 1173 3601 1228 pne-

2010 1246 2377 1312 stantisslma,
2402 1247 2894 1317 suppeditantibus,
2932 1263 3033 1304 nec
3067 1249 3368 1304 incolarum
3416 1252 3599 1314 modo.

2012 1340 2107 1395 sed
2141 1340 2495 1394 ﬁnitimorum
2540 1340 2669 1395 item
2700 1351 2755 1395 et
2782 1341 3199 1412 longinquorum
3233 1344 3474 1398 omnium
3503 1359 3601 1399 ne-

2014 1433 2305 1488 cessitates
2336 1433 2476 1490 satis
2512 1448 2785 1503 superque
2818 1432 3122 1503 expletura.
3148 1433 3350 1490 Adhazc
3376 1437 3449 1489 ita
3478 1446 3605 1504 par-

2014 1526 2145 1580 tium
2183 1527 2314 1580 anni
2360 1526 2744 1595 congruentia,
2781 1535 2838 1581 et
2867 1526 3131 1596 quidquid
3160 1522 3211 1580 in
3253 1528 3321 1582 iis
3358 1527 3599 1581 maxime

2011 1620 2453 1685 commendatur,
2502 1628 2820 1689 comparata
2856 1627 3008 1684 sunt,
3060 1619 3217 1674 utab
3242 1620 3604 1675 incommodis

2012 1710 2280 1781 cujusque
2323 1712 2498 1779 partis
2550 1713 2811 1766 omnibus
2868 1719 3135 1781 perpetuo
3187 1711 3471 1778 aequaliter
3521 1725 3606 1765 re-

2012 1812 2182 1870 mota,
2223 1803 2355 1859 solis
2381 1804 2714 1873 commodis,
2746 1814 2802 1859 et
2850 1805 2940 1859 his
2972 1803 3448 1867 cumulatissimis,
3480 1816 3606 1871 per-

2017 1894 2275 1951 fruatur:
2316 1896 2467 1951 velut
2515 1895 2786 1960 consulto,
2833 1895 2977 1964 quod
3028 1893 3261 1951 solidam
3314 1894 3607 1948 utilitatem

330 1985 702 2056 κοσμουμένη,
726 1984 822 2039 καὶ
869 1983 1017 2047 οὕτω
1048 1986 1302 2059 κομῶσα,
1351 1988 1428 2053 ὡς
1476 1989 1572 2042 καὶ
1611 1987 1741 2051 τοὺς
1770 1989 1905 2043 πᾶσι

2021 1987 2177 2044 habet
2208 1988 2547 2055 adsciscens,
2580 1988 2796 2043 caeteris
2835 1987 3160 2056 repudiatis.
3189 1985 3294 2041 Tot
3322 1996 3450 2041 vero
3487 1995 3611 2039 tan—

331 2079 446 2140 τοῖς
476 2079 660 2142 καλοῖς
683 2078 783 2132 οὐκ
821 2074 919 2133 οἶδ’
942 2080 1092 2145 ὅπως
1122 2081 1417 2147 ἀξιοῦντας
1443 2079 1787 2151 βασκαίνειν,
1811 2079 1911 2134 καὶ⁸

332 2170 393 2224 τι
414 2170 600 2236 κακῶς
615 2170 798 2240 λέγειν
825 2172 1021 2244 τέχνην
1044 2173 1121 2237 ὡς
1149 2175 1329 2229 εἰπεῖν
1358 2174 1749 2243 ποιουμένους,
1778 2174 1912 2227 θαυ-

342 2262 581 2331 μαστούς
625 2279 780 2328 τινας
826 2263 967 2331 ἄγαν
1011 2265 1305 2329 ἐπαινέτας
1336 2265 1665 2335 κεκτῆσθαι,
1712 2267 1808 2319 καὶ
1833 2266 1912 2337 τῷ

341 2352 506 2423 μηδὲν
556 2352 696 2417 ὅλως
747 2354 1028 2409 ἀντειπεῖν
1083 2355 1252 2426 εχειν,
1302 2357 1581 2427 τιμῶντας
1623 2358 1796 2428 αὐτὴν
1842 2359 1913 2412 τὰ

333 2444 650 2512 γιγνόμενα,
699 2444 971 2500 τοσούτων
1024 2448 1120 2500 καὶ
1172 2447 1515 2516 τηλικούτων
1556 2449 1770 2520 ἀνδρῶν
1825 2452 1913 2504 ἐπ’

331 2535 585 2607 ιῦσεδείᾳ
618 2538 715 2591 καὶ
743 2538 1032 2610 φιλοσοφίᾳ
1058 2540 1154 2593 καὶ
1183 2540 1386 2607 λόγοις,
1419 2542 1501 2596 ἔτι
1530 2560 1590 2597 τε
1622 2539 1737 2609 τοῖς
1766 2538 1909 2616 ὑπὲρ

332 2626 591 2696 ἀληθείας
625 2628 823 2698 ἀγῶσι,
876 2631 973 2685 καὶ
1010 2634 1180 2689 πᾶσιν
1211 2627 1294 2698 οἷς
1347 2630 1414 2687 ἄν
1439 2650 1526 2698 τις
1577 2637 1749 2705 φήσαι
1790 2637 1912 2706 βελσ

332 2720 541 2786 τίστοις
569 2722 1006 2794 θαυμαζομένων
1041 2720 1449 2799 πεπλούτηκεν,
1492 2730 1568 2793 ὠς
1604 2730 1746 2801 μήτε
1776 2733 1911 2784 ταύ-

328 2826 430 2883 την
474 2813 678 2883 ἐτέρων
714 2815 745 2883 ἢ
800 2815 1007 2871 τούτων
1061 2814 1259 2889 χρῆναι
1304 2818 1520 2891 μητέρα
1568 2822 1666 2875 καὶ
1702 2821 1913 2893 τροφὴν

328 2903 684 2973 γεγενῆσθαι,
721 2907 849 2977 μήτ’
882 2908 1081 2973 αὐτοὺς
1105 2911 1333 2975 τούτους
1370 2913 1430 2978 ἐξ
1463 2914 1632 2983 ἄλλης
1655 2915 1911 2983 ἡστινοσ-

332 2993 430 3047 οῦν
466 2995 498 3063 ἢ
543 2999 777 3066 ταυτησὶ
822 3000 1131 3069 προελθεῖν,
1177 3002 1295 3055 ἀλλ’
1347 3005 1435 3058 ἐπ’
1465 3005 1639 3075 ἄμφω
1675 3006 1736 3058 τὸ
1768 3006 1914 3069 εἰκὸς

328 3084 662 3155 ἀπαντῆσαι,
693 3086 790 3143 καὶ
819 3089 918 3162 τὴν
946 3093 1222 3162 ἁρμονίαν
1248 3096 1482 3167 ταυτησὶ
1519 3097 1618 3167 τῆς
1650 3097 1906 3170 κιθάρας,

330 3178 523 3245 ἐντελῆ
553 3176 908 3252 καταστῆναι,
942 3186 1038 3238 καὶ
1070 3182 1158 3240 διὰ
1207 3189 1423 3257 πασῶν,
1466 3189 1542 3253 ὡς
1592 3186 1795 3256 είπεῖν,
1837 3184 1913 3244 ὧν

332 3271 549 3342 πρῶτος
591 3276 686 3328 καὶ
723 3274 888 3345 μέσος
926 3279 1023 3332 καὶ
1060 3280 1413 3347 τελευταῖος,
1450 3283 1479 3335 δ
1514 3281 1610 3336 νῦν
1640 3282 1914 3353 εὐφημοῦν

341 3380 495 3435 μενος
520 3384 534 3398 ο
589 3368 650 3420 τὸ
682 3369 803 3439 μὲν,
835 3370 917 3423 ὅτι
962 3373 1098 3444 πρὸς
1135 3375 1300 3444 μηδὲν
1348 3392 1402 3429 τι
1451 3374 1695 3429 τοιοῦτον
1724 3377 1913 3443 παρά-

333 3458 528 3529 δειγμα
560 3459 800 3531 βλέπων,
834 3463 979 3518 οὕτω
1029 3466 1120 3519 διὰ
1177 3467 1395 3522 πάντων
1438 3468 1717 3538 ἒξέλαμψε
1739 3484 1754 3499 ο
1782 3469 1843 3521 τὸ
1870 3469 1916 3521 δ’

336 3550 418 3604 δτι
457 3553 592 3620 μετὰ
638 3554 869 3619 πολλούς
902 3572 1056 3622 τινας
1089 3558 1310 3629 ἑτέρους
1357 3561 1558 3624 καλοὺς
1601 3559 1947 3629 κὰγαθοὺς,’

347 3641 492 3711 μόνος
520 3639 674 3710 οὗτος
696 3647 940 3720 ἀνεφάνη
974 3651 1242 3715 τοιοῦτος.

2014 2079 2198 2151 tisque
2236 2088 2445 2136 natura;
2498 2082 2658 2136 bonis
2708 2089 2902 2133 ornata
2934 2078 3305 2149 Cappadocia,
3364 2078 3610 2155 adeoque

2015 2174 2242 2239 ﬂorens,
2280 2173 2457 2243 utqui
2509 2172 2757 2243 pulchris
2807 2174 2969 2227 rebus
3014 2171 3269 2226 omnibus
3320 2170 3463 2225 haud
3494 2171 3609 2226 ario

2018 2282 2123 2336 qua
2153 2267 2362 2321 ratione
2388 2265 2633 2320 invidere
2668 2267 2910 2328 student,
2948 2273 3002 2319 et
3030 2263 3389 2319 maledicendi
3422 2263 3609 2318 libidi-

2017 2375 2142 2415 nem
2178 2370 2352 2414 artem
2383 2357 2785 2428 quodammodo
2808 2371 2960 2411 suam
2985 2356 3187 2422 iecere,
3222 2357 3320 2411 hos
3352 2356 3611 2412 mirillcos

2015 2462 2167 2509 certe
2198 2454 2281 2507 sui
2314 2451 2633 2507 laudatores
2666 2450 2865 2505 habeat
2894 2468 2908 2504 :
2943 2449 3146 2521 quippe
3180 2449 3275 2519 qui
3307 2452 3437 2505 dum
3476 2449 3613 2504 nihil

2016 2545 2223 2600 habent
2252 2543 2397 2614 quod
2429 2544 2819 2613 obioquantur,
2870 2542 3083 2598 meritis
3135 2542 3311 2613 ipsam
3362 2538 3615 2596 laudibus

2018 2638 2311 2700 honorant,
2346 2644 2495 2689 tanta
2525 2635 2713 2690 eadem
2737 2633 3317 2702 praeSIautlssimorum
3344 2635 3611 2695 virorum,

2016 2731 2240 2801 pietate,
2290 2727 2603 2783 Christiana
2632 2726 2997 2795 philosophia,
3042 2726 3348 2779 litterarum
3392 2724 3613 2786 studiis,

2013 2821 2284 2889 obitisque
2316 2818 2444 2873 item
2481 2830 2581 2887 pro
2608 2816 2842 2871 veritate
2871 2815 3267 2870 certaminibus
3311 2821 3475 2882 atque
3505 2826 3611 2881 op-

2016 2912 2165 2968 timis
2197 2912 2528 2980 quibusque,
2554 2922 2676 2978 quae
2706 2924 2734 2962 a
2768 2909 3025 2978 quopiam
3061 2906 3331 2962 noniinari
3377 2912 3612 2974 queunt,

2013 3003 2375 3067 ornamentis,
2411 3000 2649 3055 maxime
2694 2999 3013 3064 illustrium,
3071 3000 3242 3054 ditata
3288 2999 3442 3068 copia
3479 2997 3610 3065 fuit,

2013 3104 2075 3148 ut
2105 3108 2281 3162 neque
2314 3088 2405 3147 illa
2437 3091 2693 3154 aliorum,
2722 3104 2886 3159 quam
2913 3092 3171 3143 horumce
3202 3102 3401 3159 parens
3420 3088 3619 3143 altrix‘

2015 3200 2123 3258 que
2155 3200 2279 3241 esse
2304 3184 2581 3249 debuerit,
2614 3192 2792 3252 neque
2838 3182 2894 3237 hi
2946 3182 3048 3252 ipsi
3076 3182 3319 3245 aliunde,
3355 3193 3518 3250 quam
3547 3194 3617 3236 ex

2022 3279 2111 3337 illa
2151 3278 2394 3351 prodire,
2431 3288 2594 3347 atque
2620 3278 2872 3347 utrisque
2919 3277 3065 3346 quod
3095 3290 3308 3345 aequum
3339 3284 3459 3328 erat
3486 3288 3618 3329 eve-

2023 3369 2145 3425 nire
2214 3380 2391 3437 eoque
2427 3367 2589 3423 modo
2629 3367 2855 3422 cithara:
2897 3365 3060 3436 hujus
3117 3374 3465 3429 concentum,
3514 3379 3621 3435 per

2023 3474 2237 3528 omnes,
2268 3460 2414 3530 quod
2460 3461 2681 3526 dicitur,
2733 3459 2867 3514 ﬁdes
2893 3458 3051 3528 plene
3100 3458 3329 3513 absolvi.
3365 3456 3613 3525 Quorum

2022 3559 2272 3611 virOrum
2299 3556 2507 3624 primus
2541 3553 2707 3621 idem,
2741 3562 2796 3608 et
2826 3554 3061 3619 medius,
3091 3561 3147 3609 et
3185 3560 3496 3623 postremus
3530 3551 3623 3606 hic

2018 3649 2159 3718 ipse,
2191 3646 2349 3716 cujus
2397 3658 2540 3701 nunc
2601 3646 2813 3702 laudes
2834 3645 3197 3711 celebramus,
3251 3643 3448 3698 merito
3484 3653 3569 3699 est
3601 3662 3615 3699 :

337 3737 526 3806 partim
575 3742 717 3808 quod
767 3744 980 3800 tametsi
1038 3745 1240 3800 nullum
1292 3745 1382 3802 ille
1423 3746 1529 3803 tale
1582 3751 1909 3817 tantumque
1949 3741 2228 3812 exemplar
2263 3741 2588 3804 intueretur,
2616 3739 2691 3793 ita
2729 3739 2782 3793 in
2811 3739 3062 3791 omnibus
3133 3748 3312 3793 tamen
3379 3736 3626 3791 emicue“

335 3831 406 3886 rit
431 3846 445 3886 :
475 3834 668 3903 partim
703 3835 845 3905 quod
878 3847 998 3906 post
1029 3847 1106 3893 tot
1146 3837 1424 3906 praeclarae
1456 3840 1683 3897 virtutis
1739 3840 2012 3905 homines,
2046 3835 2197 3891 solus
2227 3832 2318 3889 ille
2345 3833 2469 3888 talis
2495 3841 2791 3902 tantusque
2819 3831 3080 3886 evaserit.

404 3923 495 3993 ς’.
540 3927 702 3982 Ἀλλὰ
738 3929 835 3999 μὲν
867 3932 963 3984 καὶ
1010 3932 1094 3985 ὅτι
1131 3933 1338 4004 μηδένα
1396 3953 1484 3987 πω
1539 3935 1649 3988 τῶν
1685 3936 1909 3990 ’πάντων

333 4019 571 4073 τοιοῦτον
604 4022 896 4090 γενόμενον
930 4025 1112 4093 ῐσμεν,
1147 4024 1383 4080 δεδξσθω
1429 4027 1485 4081 δὲ
1522 4026 1661 4099 μετὰ
1694 4030 1918 4100 mpm-

340 4107 459 4174 σίας
478 4112 674 4178 εἰπεῖν,
705 4113 827 4184 μηδ’
857 4117 937 4180 είς
966 4116 1141 4171 ἔπειτ’
1172 4118 1453 4189 ἐσόμενον,
1487 4120 1580 4174 τὸν
1603 4123 1914 4177 τελευταῖον

336 4197 464 4269 ὅροιν
490 4202 588 4269 τῆς
627 4206 754 4273 περὶ
786 4206 969 4259 πᾶσαν
1003 4208 1207 4280 ἀρετὴν
1234 4209 1536 4283 εὖκληρίας
1570 4211 1819 4282 είλήφει’
1847 4208 1916 4285 ἧς

339 4292 402 4343 οὐ
460 4296 657 4364 μικρόν
707 4298 825 4350 ἔστι
877 4300 1043 4372 μέρος
1076 4302 1107 4371 ή
1139 4303 1432 4376 θαυμαστὴ
1487 4305 1596 4358 τῶν
1647 4306 1917 4360 τεκόντων

342 4386 597 4456 ὲπιτυχία
644 4391 738 4442 καὶ
780 4391 842 4444 τὸ
884 4392 1176 4463 λαμπρούς
1204 4410 1356 4459 τινας
1390 4396 1531 4465 ἄγαν
1559 4394 1710 4465 αὐτῷ
1734 4398 1835 4466 τῆς
1862 4401 1917 4461 ὲς

338 4479 428 4530 τον
452 4477 564 4550 βίον
602 4481 825 4553 προόδου
882 4485 1010 4549 τοὺς
1042 4488 1252 4552 αἰτίους
1280 4489 1536 4557 γενέσθαι
1567 4502 1581 4522 δ
1606 4492 1654 4545 εί
1680 4492 1788 4561 γὰρ
1822 4490 1918 4544 καὶ

2093 3929 2185 3985 Vl.
2230 3928 2335 3983 Sed
2376 3933 2430 3982 et
2461 3926 2732 3981 neminem
2768 3924 3082 3980 mortalium
3117 3925 3358 3979 omnium
3396 3925 3623 3999 aut‘ad-

2034 4021 2139 4077 huc
2166 4020 2330 4076 talem
2358 4026 2679 4087 tantumque
2710 4017 2904 4083 fuisse,
2937 4024 3051 4083 aut,
3082 4017 3175 4071 sed
3199 4019 3376 4086 detur,
3412 4014 3622 4087 qua-so,

2022 4116 2157 4171 mihi
2182 4114 2337 4185 plena
2365 4111 2656 4181 eloquendi
2682 4110 2927 4177 libertas,
2959 4111 3013 4165 in
3040 4114 3321 4180 posterum
3350 4113 3620 4178 futurum,

2027 4209 2256 4272 scimus,
2292 4205 2555 4277 quoniam
2596 4204 2845 4259 ultimam
2877 4205 2930 4259 in
2963 4205 3113 4259 omni
3150 4204 3353 4260 virtute
3390 4202 3625 4263 felicita-

2027 4300 2097 4354 tis
2153 4296 2526 4367 metamipse
2579 4296 2779 4364 attigit.
2838 4295 3011 4365 Cujus
3048 4307 3158 4350 non
3209 4296 3436 4351 minima
3490 4312 3623 4352 sane
3712 4308 3731 4319 '

2026 4402 2158 4461 pars
2199 4386 2432 4442 mirillca
2470 4386 2615 4440 illius
2669 4387 2816 4441 circa
2847 4399 3105 4455 parentes
3143 4388 3479 4456 prosperitas
3514 4397 3621 4453 est,

2030 4494 2085 4538 et
2128 4480 2273 4551 quod
2330 4487 2443 4533 tam
2484 4477 2726 4534 illustres
2761 4478 2844 4534 sui
2880 4480 2934 4532 in
2970 4481 3136 4533 vitam
3178 4479 3456 4550 ingressus
3487 4494 3624 4534 auc-

340 4572 546 4639 μείζων
566 4572 747 4629 αὐτῶν
776 4579 1020 4651 ἀνεφάνη
1056 4582 1172 4644 τοῖς
1189 4579 1355 4647 ὅλοις,
1381 4581 1497 4635 ἀλλ’
1536 4576 1617 4647 οἷς
1647 4584 1716 4637 τὰ
1747 4584 1914 4655 σπέρ-

2028 4587 2175 4631 tores
2230 4572 2442 4629 habuit.
2473 4570 2681 4638 Quibus
2730 4582 3045 4641 quanquam
3082 4587 3180 4640 per
3221 4574 3404 4627 omnia
3449 4574 3624 4642 major

342 4676 488 4729 ματα
539 4669 773 4739 ταυτησὶ
831 4670 931 4741 τῆς
984 4673 1309 4741 πλεονεξίας
1361 4673 1575 4727 ἐκεῖθέν
1604 4670 1811 4742 λαϐὼν,
1841 4676 1922 4739 εἰς

341 4754 535 4811 ἑκατὸν
558 4762 702 4814 κατὰ
730 4762 824 4815 τὸν
854 4764 1214 4833 εὐαγγελικδν
1242 4764 1504 4839 ἐξήνεγκε
1546 4766 1770 4840 σπόρον,
1804 4786 1920 4822 κοι-

340 4848 542 4914 νωνοὺς
570 4850 710 4923 ίσχει
740 4854 1029 4918 κάκείνους
1059 4857 1157 4922 τῆς
1180 4859 1360 4928 νίκης,
1394 4860 1488 4912 καὶ
1516 4858 1925 4926 ξυναγωνιστὰς

342 4939 434 4995 τοῦ
463 4940 706 5012 κρατεῖν.
737 4946 809 5000 Τό
836 4960 897 5000 τε
918 4949 1027 5018 γὰρ
1056 4950 1179 5004 κατ’
1210 4952 1374 5004 αὐτὸν
1423 4951 1613 5005 τοῦτον
1657 4966 1674 5002 ι
1714 4952 1784 5005 τὰ
1812 4953 1925 5006 τῶν

342 5034 549 5089 παίδων
576 5036 651 5107 τῷ
684 5039 855 5109 πατρὶ
892 5036 1230 5110 λογίζεσθαι,
1264 5042 1372 5098 τῶν
1414 5044 1813 5114 ἓννομωτάτων
1866 5059 1927 5098 τε

344 5126 436 5177 καὶ
464 5125 843 5197 δικαιοτάτων,
868 5148 887 5184 ι
910 5133 1078 5204 χωρίς
1096 5150 1154 5186 τε
1184 5135 1375 5188 τούτου
1401 5154 1420 5187 ι
1444 5136 1620 5190 αἴτιον
1646 5132 1787 5190 εἶναι
1812 5137 1924 5192 τῶν

344 5216 574 5285 φύντων,
601 5222 695 5273 τὸν
719 5224 781 5273 to
803 5223 1026 5295 σπέρμα
1052 5225 1404 5295 παρασχόντα
1430 5245 1449 5278 ›
1476 5229 1641 5296 φασιν
1667 5227 1715 5281 οἱ
1743 5226 1923 5297 σοφοί·

343 5308 483 5362 ὥστε
506 5311 695 5366 τούτου
728 5313 1082 5384 κρατοῦντος,
1108 5318 1405 5382 κάκείνους
1427 5316 1485 5386 ἐξ
1510 5319 1761 5392 ἀνάγκης
1780 5334 1925 5391 κρα-

345 5405 483 5456 τεῖν·
548 5406 643 5458 καὶ
672 5408 733 5458 τὸ
776 5407 1057 5477 μέγιστον,
1093 5411 1193 5482 οὐχ
1223 5406 1349 5464 ὅσον
1380 5409 1487 5466 τῶν
1529 5413 1707 5466 ἄλλων
1752 5414 1925 5468 ’πατέ-

348 5516 478 5569 ρων,
507 5500 645 5555 ἀλλὰ
675 5504 774 5558 καὶ
812 5504 964 5575 σφῶν
991 5506 1175 5585 αὐτῶν
1210 5508 1268 5561 ἐν
1296 5507 1473 5576 τούτῳ
1506 5505 1595 5577 τῷ·
1613 5506 1794 5579 μέρει.

422 5786 437 5815 ³
471 5786 662 5841 Matth.
706 5805 823 5853 χιιι,
863 5792 927 5857 8;
964 5790 1132 5847 Mare.
1170 5809 1242 5859 ιν,
1280 5793 1348 5862 8;
1384 5793 1517 5851 Luc.
1556 5810 1668 5863 vm,
1713 5794 1764 5847 8.

424 5952 499 6021 tl)
542 5948 614 6007 De
652 5952 975 6020 Mtte/iubetis,
1004 5955 1041 6021 l,
1078 5955 1205 6010 599.

2029 4668 2147 4737 ipse
2169 4673 2310 4727 erat,
2346 4660 2604 4733 quoniam
2638 4670 2821 4716 tamen
2848 4664 3177 4730 praestantiae
3202 4662 3367 4731 hujus
3394 4676 3620 4735 accepta

2034 4772 2063 4811 ιι
2099 4755 2416 4827 parentibus
2451 4750 2662 4808 semina
2691 4795 2704 4818 ,
2738 4750 2804 4805 ad
2850 4752 3114 4809 sementis
3144 4754 3476 4826 evangelica:
3512 4772 3627 4809 mo-

2028 4849 2181 4907 dum,
2230 4854 2347 4899 cum
2392 4845 2670 4897 centesimo
2709 4841 2943 4911 faenore‘
2976 4843 3236 4909 reddidit,
3289 4856 3458 4915 partae
3500 4846 3625 4901 illos

2028 4937 2275 4993 victorire
2320 4937 2502 4991 socios
2548 4935 2747 5002 habet,
2782 4946 2842 4990 ut
2885 4935 3165 5004 pariendm
3201 4938 3485 5008 adjutores
3519 4942 3624 4994 ha-

2033 5032 2172 5085 huit.
2207 5030 2342 5085 Nam
2372 5040 2426 5082 et
2460 5043 2527 5082 ex
2558 5025 2732 5096 ipsius
2758 5030 3029 5084 sententia
3050 5029 3159 5099 (l),
3198 5048 3219 5084 ι
3247 5032 3623 5102 aequissimum

2027 5122 2502 5194 justissitnumqne
2534 5128 2617 5176 est
2657 5120 2798 5191 patri
2834 5121 3129 5179 liberorum
3164 5125 3467 5180 attribuere
3509 5126 3623 5179 vir-

2033 5225 2201 5285 tutes,
2244 5235 2263 5269 ι
2300 5224 2356 5272 et
2388 5225 2583 5286 praeter
2611 5218 2813 5289 ipsum,
2849 5234 2868 5269 ι
2905 5228 3079 5274 enatae
3107 5219 3313 5288 segetis
3343 5228 3627 5272 auctorem

2032 5324 2172 5376 esse,
2209 5309 2299 5380 qui
2336 5323 2523 5365 semen
2574 5309 2824 5380 praebuit,
2854 5328 2872 5363 ι
2905 5309 3198 5365 adﬁrmant
3219 5309 3494 5378 sapientes
3518 5308 3623 5379 (2).

2032 5401 2110 5460 Eo
2155 5404 2340 5473 itaque
2372 5398 2650 5469 vincente,
2695 5400 2859 5458 simul
2893 5412 2947 5458 et
2981 5412 3237 5473 parentes
3274 5400 3493 5455 vincere
3528 5415 3629 5455 ne-

2032 5511 2189 5554 cosse
2234 5504 2337 5551 est.
2377 5493 2446 5549 Et
2484 5498 2626 5564 quod
2669 5507 2833 5566 caput
2867 5505 2950 5552 est
2976 5536 2992 5562 ,
3027 5511 3134 5550 non
3168 5494 3307 5549 alios
3356 5492 3626 5548 duntaxat

2035 5592 2253 5646 vincere
2296 5595 2576 5659 parentes,
2608 5592 2701 5645 scd
2741 5589 2847 5646 hac
2896 5590 2948 5644 in
2994 5596 3150 5659 parte
3204 5587 3369 5643 etiam
3419 5591 3624 5641 semet-

2037 5684 2204 5753 ipsos.

2046 5980 2053 5983 ν
2114 5953 2189 6026 (‘3)
2220 5953 2728 6030 Dcmostb.Coron.
2766 5969 2838 6010 ut
