4028 6426
517 457 627 528 923

525 619 536 624 -
596 573 711 628 Vll.
767 573 975 644 Quippe
1037 582 1089 629 et
1143 576 1359 644 propria
1413 577 1654 646 ipsorum
1719 580 1890 635 virtus
1949 581 2095 634 clara

1741 463 2058 526 THEODU
2071 466 2140 525 LI
2184 463 2536 525 MONACHI

3651 471 3742 540 224

2271 581 2346 637 Ζ’·
2377 583 2491 651 Τῆς
2541 582 2651 650 γὰρ
2696 579 3009 652 προσούσης
3077 581 3282 652 ἀρετῆς
3321 581 3464 636 οὕτω
3509 585 3746 654 λαμπρᾶς

526 665 663 720 adeo
702 680 766 721 ac
798 667 1036 721 illustris
1083 667 1203 732 fuit,
1259 676 1318 722 ut
1355 669 1852 739 splendidissimum
1900 688 1929 727 a
1982 672 2075 727 ﬁlit

2195 690 2343 736 τινος
2385 673 2480 727 καὶ
2537 671 2874 743 περιφανοῦς
2918 672 3230 740 γεγονυίας,
3256 673 3331 736 ὡς
3361 673 3455 727 καὶ
3494 677 3636 744 παρὰ
3661 677 3744 728 τοῦ
3812 689 3833 713 ι

525 755 756 823 elogium
802 756 1023 823 tulerit;
1073 773 1172 812 nec
1211 761 1354 814 enim
1405 772 1560 825 parte
1605 766 1840 833 quadam
1882 779 2089 820 morum

524 846 854 914 optimorum
904 847 1148 903 instructi
1191 859 1372 918 erant,
1405 863 1560 920 parte
1603 856 1708 909 alia
1758 871 1866 909 non
1917 858 2087 924 item;

523 949 624 989 nec
668 935 770 989 hac
801 945 952 1002 parte
985 937 1130 1005 plus,
1168 939 1254 992 illa
1290 943 1489 1008 minus,
1519 943 1613 998 sed
1641 946 1819 999 omnia
1851 947 2008 1001 simul
2036 957 2092 1002 et

523 1025 720 1079 eximie
763 1027 1050 1094 complexi,
1101 1043 1312 1085 summo
1358 1033 1742 1091 adnitebantur
1785 1051 1969 1106 opere,
2024 1054 2091 1095 ne

529 1132 634 1184 qua
675 1117 934 1174 virtutum
975 1121 1240 1188 particula
1287 1123 1694 1198 deficerentur:
1729 1137 1783 1184 et
1827 1131 1917 1198 qui
1955 1133 2091 1186 tales

521 1206 634 1275 jam
657 1222 756 1278 per
776 1223 834 1263 se
855 1218 1032 1276 erant,
1066 1211 1134 1267 iis
1163 1212 1304 1266 haud
1341 1216 1502 1284 paulo
1531 1217 1815 1286 gloriosius
1846 1220 1964 1286 fuit,
1997 1221 2091 1290 qui

525 1297 684 1366 hujus
721 1300 852 1354 tanti
889 1301 984 1360 lilii
1027 1313 1282 1371 parentes
1325 1305 1515 1361 ﬂerent
1559 1307 1748 1378 dignos
1780 1310 1888 1365 Deo
1918 1312 2081 1367 visos.

521 1387 889 1453 Quamobrem
928 1392 1106 1446 istuc?
1163 1392 1429 1458 Quoniam
1463 1397 1550 1452 illa
1583 1400 1974 1466 quidemcerte
2005 1419 2096 1457 ra-

520 1479 666 1535 tione
709 1495 867 1550 pares
903 1483 1016 1561 sibi
1039 1486 1354 1550 nonnullos,
1411 1488 1740 1560 virtutisque
1783 1492 2091 1561 aequalitate

523 1572 665 1627 haud
713 1571 871 1628 facile
919 1556 1195 1641 cessuros,
1239 1593 1339 1633 nec
1394 1578 1516 1634 illos
1568 1587 1748 1636 tamen
1801 1583 2088 1637 admodum

521 1661 746 1727 multos,
797 1663 1065 1732 habituri;
1114 1668 1179 1722 de
1227 1669 1328 1726 hac
1367 1669 1482 1740 ipsa
1526 1671 1765 1726 omnium
1803 1672 2084 1728 hominum

522 1752 793 1806 neminem
844 1755 899 1808 in
931 1766 1204 1812 certamen
1242 1761 1556 1816 admittunt.
1591 1761 1760 1829 Unde,
1799 1763 1846 1818 si
1893 1763 1974 1819 fas
2005 1777 2089 1822 eat

517 1841 719 1908 dicere,
749 1842 1045 1914 Gregorius
1069 1855 1126 1902 et
1149 1847 1365 1913 Nonna,
1399 1866 1494 1918 par
1519 1853 1808 1922 coniugum
1835 1855 2085 1910 beatissi.

518 1947 688 1998 mum,
723 1945 778 1990 et
826 1951 931 1992 una
981 1952 1103 1993 cum
1149 1939 1258 1995 lilio
1311 1944 1715 1999 sanctissimam
1759 1944 2083 2004 Trinitatem

513 2021 704 2076 ordine
745 2032 801 2078 et
849 2023 1022 2080 forma
1057 2028 1456 2095 quodammodo
1506 2032 1767 2098 referens,
1804 2037 2087 2102 probitatis

514 2123 582 2163 ne
618 2125 730 2166 suae
758 2115 988 2183 pretium
1021 2116 1198 2174 dicam
1241 2121 1446 2187 nescio,
1480 2136 1548 2176 an
1577 2133 1787 2178 certum
1818 2136 2081 2195 exceptu-

511 2217 586 2256 rae
609 2203 755 2272 ipsos
784 2203 908 2262 olim
943 2209 1294 2268 beatitudinis
1320 2213 1534 2284 pignus,
1569 2230 1636 2269 an
1667 2225 1958 2287 utrumque
1989 2235 2081 2288 po-

2193 767 2383 830 παιδὸς
2416 765 2676 828 επιεικῶς
2718 765 3122 836 προσειρῆσθαι
3169 766 3231 818 οὐ
3265 766 3375 835 γὰρ
3402 766 3464 819 τὸ
3495 769 3590 835 μὲν
3616 784 3630 800 ’
3653 769 3744 821 αὒ-

2191 859 2306 919 τοῖς
2331 856 2540 926 προσῆν
2566 855 2678 910 τῶν
2705 857 2906 921 καλῶν,
2952 858 3014 910 ea
3041 857 3087 909 δ’
3110 856 3172 910 οὗ
3193 871 3210 890 ⁸
3235 858 3356 911 οὐδὲ
3392 858 3454 911 τδ
3480 859 3577 928 μὲν
3621 863 3746 930 μᾶλ-

2191 947 2306 1013 λον,
2334 947 2444 1001 τὸδ’
2475 941 2673 1018 ἦττον·
2722 946 2858 1000 ἀλλὰ
2883 946 3044 1000 πάνθ’
3076 946 3216 1016 ὁμοῦ
3247 948 3342 1002 καί
3378 947 3494 1017 μεθ’
3524 949 3746 1016 ὐπερϐο⁹

2191 1038 2292 1107 λῆς
2322 1037 2738 1106 συνειλήφεσαν,
2767 1036 2990 1107 κῶσπερ
3040 1035 3474 1105 φιλονεικοῦντες
3531 1037 3746 1106 μηδενὸς

2191 1130 2301 1184 τῶν
2329 1127 2553 1198 ἀγαθῶν
2609 1127 2952 1197 ἐλλελεῖφθαι
2984 1144 3000 1160 ·
3041 1127 3309 1190 τοιούτοις
3357 1128 3534 1181 τοίνυν
3573 1127 3748 1190 αὐτοῖς

2169 1216 2334 1286 οοῦσι,
2372 1220 2554 1290 μεῖζον
2575 1220 2656 1282 είς
2683 1219 2842 1282 δόξαν
2869 1219 2928 1272 τὸ
2976 1218 3452 1289 τούτουιπατέρας
3493 1219 3744 1288 ἠξιῶσθαι

2192 1309 2466 1378 γενέσθαι⁶
2493 1308 2637 1363 διατί
2653 1325 2669 1371 ς
2698 1308 2820 1362 Ὀτι
2845 1307 3066 1370 ἐκείνως
3100 1308 3200 1376 μὲν
3225 1307 3313 1370 ἂν,
3337 1306 3386 1358 εί
3410 1306 3504 1358 καὶ
3537 1306 3610 1375 μὴ
3633 1304 3749 1358 πολ-

2189 1401 2338 1466 λοὺς,
2373 1399 2494 1455 ἀλλ’
2521 1399 2614 1454 οῦν
2651 1398 3074 1470 παραπλησίους
3121 1398 3186 1467 δή
3245 1415 3399 1458 τινας
3449 1398 3621 1466 σχοῖεν
3665 1393 3750 1445 καὶ

2188 1496 2299 1549 τῶν
2327 1495 2461 1548 ίσων
2490 1491 3015 1562 ἀμφισϐητοῦνταςο
3064 1491 3208 1544 οὕτω
3263 1490 3321 1542 δὲ
3367 1489 3477 1542 οὐδ’
3524 1485 3748 1542 ὁντινοῦν

2189 1587 2298 1639 τῶν
2327 1584 2604 1640 ἁπάντων.
2629 1566 2787 1636 "nos;
2809 1584 2858 1636 εί
2905 1582 3002 1636 καὶ
3025 1582 3169 1635 τοῦτ’
3201 1581 3376 1635 εἰπεῖν
3407 1582 3507 1644 δεῖ,
3541 1575 3747 1632 δοκοῦσί

2191 1693 2280 1746 μοι
2310 1675 2615 1746 Γρηγόριός
2656 1692 2715 1728 τε
2764 1676 2860 1728 καὶ
2901 1673 3163 1750 Νόννακί)
3199 1673 3449 1742 μακαρία
3481 1671 3630 1733 δυὰς,
3663 1669 3752 1723 καὶ

2186 1770 2251 1837 τῇ
2284 1767 2474 1838 Τριάδι
2515 1767 2652 1836 μετὰ
2673 1765 2769 1820 τοῦ
2799 1765 2988 1825 παιδὸς
3023 1763 3276 1831 σύστιχός
3306 1780 3366 1815 τε
3399 1763 3493 1816 καὶ
3521 1761 3753 1830 σύμμορ-

2188 1877 2306 1928 φος,
2333 1860 2432 1914 οὐκ
2465 1855 2562 1912 οἵδ’
2597 1857 2706 1912 εἴτε
2735 1858 2906 1928 γέρας
2932 1853 3369 1923 καλοκάγαθίας,
3406 1855 3514 1907 εἴτε
3559 1851 3751 1921 σύμϐο-

2119 1989 2160 2044 B
2187 1954 2280 2006 λον
2304 1952 2554 2022 ἐναργὲς,
2586 1951 2688 2020 τῆς
2736 1947 2999 2003 εἰσέπειέ
3019 1949 3219 2010 αὐτοὺς
3245 1945 3628 2044 ⁵ὲκδεξοέιένης
3653 1960 3749 2044 μα-

2195 2042 2546 2112 καριότητος,
2607 2041 2720 2094 εἴτε
2779 2040 2874 2094 καὶ
2905 2041 3072 2109 ἄμφω
3105 2037 3268 2091 ταυτὶ
3323 2038 3416 2090 τὸν
3451 2032 3751 2105 θαυμαστὸν

2187 2132 2400 2186 τουτονὶ
2425 2131 2751 2202 κεκομίσθαι
2778 2130 2986 2198 θεόθεν,
3017 2130 3144 2184 ὅσου
3171 2129 3320 2193 τινὸς
3348 2127 3546 2190 αὐτούς
3584 2141 3639 2177 τε
3665 2121 3752 2177 καὶ

2186 2222 2377 2293 τοῦτον
2409 2223 2534 2291 ἄγει
2556 2223 2894 2286 δεικνύντοςτ

505 2293 640 2360 tius,
689 2297 931 2363 divinum
968 2302 1112 2358 hunc
1160 2303 1352 2370 ﬁlium,
1396 2322 1425 2361 a
1481 2307 1608 2374 Deo,
1646 2311 1738 2379 qui
1789 2311 1974 2380 quanti
2017 2321 2071 2368 et
2111 2314 2256 2383 ipsos
2284 2325 2339 2372 et
2362 2317 2514 2372 illunt
2548 2315 2754 2372 faceret
2797 2315 3107 2385 hoc;modo
3180 2312 3545 2404 monstrabat,
3608 2321 3752 2362 acce-

508 2390 654 2458 pisse
688 2394 818 2450 mihi
851 2397 1122 2456 videntur.

587 2481 719 2538 Vlll.
752 2486 977 2552 Quando
1007 2494 1150 2548 enim
1177 2503 1230 2550 et
1257 2497 1428 2553 lilium
1459 2498 1619 2570 longe
1651 2502 1916 2570 optimum
1943 2503 2078 2558 emi-

513 2573 999 2648 nentissimumque
1020 2579 1281 2648 futurum,
1301 2601 1366 2640 ne
1382 2588 1510 2658 quid
1545 2588 1620 2642 illi
1649 2590 1715 2644 ad
1735 2591 2074 2660 amnigenam

513 2663 822 2722 felicitatem
874 2670 1109 2740 deesset,
1151 2676 1359 2732 similes
1397 2681 1526 2735 item
1558 2681 1801 2737 nancisci
1835 2684 2075 2753 oportuit

507 2764 786 2823 parentes,
821 2768 876 2813 et
902 2762 1018 2828 pari
1062 2765 1274 2822 ratione
1318 2779 1570 2837 parentes
1605 2771 1770 2841 ipsos,
1815 2775 1884 2827 ob
1923 2787 2072 2827 sum-

510 2860 652 2899 mam
683 2847 807 2903 vitae
833 2854 1277 2925 sanctimoniam,
1305 2869 1715 2932 spectatamque
1745 2863 1797 2918 in
1824 2865 2074 2919 omnibus

507 2937 855 3005 probitatem,
883 2943 1059 3023 claros
1089 2947 1142 3001 in
1177 2949 1364 3018 primis
1389 2968 1454 3008 ac
1478 2954 1690 3020 beatos,
1722 2957 2072 3026 omniumque

509 3027 620 3083 Deo
667 3031 1036 3103 charissimos,
1091 3041 1396 3098 admirabili
1439 3049 1670 3115 quadam
1719 3046 1958 3116 ipsisque
1997 3048 2075 3102 si-

512 3122 736 3177 millima
797 3124 1006 3195 dignari
1057 3132 1228 3198 prole,
1284 3134 1360 3190 ita
1409 3139 1802 3194 convenienter
1849 3140 2070 3208 prorsus

507 3213 759 3283 utrinque
805 3217 1039 3284 accidit,
1072 3222 1336 3296 alterique
1369 3228 1436 3283 ab
1467 3229 1654 3284 alteris
1684 3229 1825 3298 quo-l
1859 3245 1957 3300 par
1986 3237 2068 3285 est

2252 2504 2334 2558 H'.
2380 2501 2600 2573 Ἐπειδὴ
2633 2500 2743 2571 γὰρ
2777 2481 2887 2554 ἔδει
2918 2500 3009 2554 τὸν
3042 2507 3162 2569 μὲν,
3197 2493 3279 2559 οἷς
3321 2499 3544 2568 ἄριστος
3595 2491 3748 2568 ἐμελ-

2179 2598 2268 2650 λεν
2292 2594 2510 2648 ἔσεσθαι
2538 2595 2632 2648 καὶ⁸
2661 2595 2804 2648 πάνυ
2831 2609 2914 2654 τοι
2941 2590 3195 2668 προῦχων
3220 2595 3631 2667 παραπλησίων
3666 2608 3748 2642 τυ·

2179 2691 2294 2758 χεῖν
2325 2688 2420 2742 καὶ
2470 2687 2747 2759 πατέρων,
2794 2684 2867 2751 ὣς
2901 2689 2968 2742 ἂν
3025 2687 3179 2757 αὑτῷ
3212 2687 3560 2756 πανταχόθεν
3584 2683 3664 2750 εῐη
3696 2679 3749 2731 τὸ

2177 2777 2456 2848 εὔδαιμον,
2492 2779 2599 2832 ἔδει
2627 2779 2685 2832 δὲ
2712 2782 2854 2832 κατὰ
2887 2779 2979 2832 τὸν
3012 2779 3175 2832 αὐτὸν
3205 2778 3368 2844 λόγον
3393 2777 3487 2830 καὶ
3509 2775 3642 2842 σφᾶς
3669 2769 3748 2824 διὰ

2173 2871 2273 2942 τὴν
2302 2869 2396 2922 τοῦ
2430 2870 2545 2940 βίου
2579 2869 2904 2937 φιλοσοφίαν
2947 2870 3045 2921 καὶ
3093 2869 3194 2937 τὴν
3219 2869 3278 2932 ἐς
3305 2869 3498 2920 πάντα
3526 2861 3746 2936 χρηστά·
3797 2887 3800 2890 ~

2173 2978 2331 3031 τητα,
2366 2959 2655 3027 λαμπρούς
2685 2977 2838 3022 τινας
2881 2961 3023 3028 ἄγαν
3077 2961 3173 3012 καὶ
3216 2957 3503 3027 ζηλωτοὺς
3537 2950 3747 3022 γεγονό-

2171 3071 2290 3119 τας,
2321 3051 2416 3105 καὶ
2455 3051 2692 3122 μάλιστα
2724 3053 2944 3105 πάντων
2977 3051 3268 3120 θεοφιλεῖς,
3303 3047 3636 3119 Θαυμαστῆς
3670 3059 3746 3094 τι·

2172 3163 2259 3208 νος
2298 3143 2563 3216 ἠξιῶσθαι
2616 3146 2715 3198 κα)⁸
2748 3145 2845 3212 τῆς
2887 3145 3070 3212 γονῆς,
3105 3143 3203 3198 καὶ
3240 3143 3379 3212 μάλ’
3439 3142 3618 3202 αὐτοῖς
3646 3137 3748 3190 ἑοι-

2171 3236 2333 3299 κυίας
2353 3254 2367 3269 ο
2395 3235 2564 3307 ἄμφω
2586 3235 2794 3305 γίνεται
2821 3235 3180 3305 καταλλήλως
3201 3251 3215 3267 ο
3251 3235 3364 3288 καὶ
3402 3234 3532 3304 παρ’
3561 3226 3751 3284 ἐκατέ-

505 3304 800 3373 accipiunt,
837 3310 1186 3385 debitumque
1224 3317 1471 3373 ordinem
1508 3320 1750 3388 capiunt.
1784 3321 1916 3376 Nam
1945 3336 2070 3391 pro-

2177 3345 2285 3398 ρων
2317 3304 2571 3397 ἑκάτεροι
2599 3327 2850 3398 δέχονται
2889 3326 2949 3379 τὸ
2983 3304 3152 3389 είκός.
3189 3325 3302 3377 Καὶ
3360 3324 3462 3395 τὴν
3494 3317 3745 3390 γιγνομέ-

507 3395 623 3464 pria
659 3399 890 3467 quisque
922 3417 1018 3458 sua
1052 3415 1239 3462 mutuo
1273 3407 1572 3476 tradentes,
1609 3411 1948 3483 invicemque
1982 3430 2071 3470 re-

504 3485 790 3554 cipientes,
816 3489 895 3545 sic
918 3496 1246 3550 conveniunt
1271 3498 1505 3567 penitus,
1537 3510 1595 3555 ut
1620 3502 1848 3571 junctim
1875 3505 2074 3573 ubique

498 3590 1001 3639 commemorentur
1031 3589 1460 3659 audianturque,
1495 3600 1549 3646 et
1584 3593 1716 3660 sint,
1751 3596 1891 3664 quod
1935 3596 2072 3651 dici-

505 3681 613 3738 tur,
665 3693 686 3726 c
739 3683 924 3743 terque
964 3687 1264 3746 quaterque
1297 3680 1464 3736 beati.
1515 3701 1534 3734 ι
1582 3683 1921 3755 Quapropter
1951 3702 2071 3742 cum

504 3765 717 3830 publice
749 3781 811 3820 ac
839 3769 1115 3836 privatim,
1155 3777 1266 3822 tum
1300 3775 1588 3840 separatim
1637 3777 1875 3846 singuli,
1911 3778 2073 3832 item-

503 3871 610 3925 que
644 3856 789 3912 inter
823 3874 882 3912 se
918 3860 1240 3928 comparati,
1273 3862 1620 3921 admirabiles
1648 3868 1894 3936 profecto
1926 3878 2072 3936 sunt,

505 3948 868 4019 maximisque
909 3950 1216 4019 dignissimi
1266 3951 1513 4010 laudibus
1553 3974 1568 4010 :
1611 3961 1701 4026 qui
1747 3975 1854 4014 non
1888 3968 2076 4014 essent

502 4053 635 4092 sane
668 4040 824 4106 tales,
855 4041 956 4095 nisi
982 4042 1115 4096 tales
1142 4051 1358 4109 essent;
1389 4055 1513 4100 sunt
1539 4057 1717 4101 autem
1745 4047 1900 4115 tales,
1935 4062 2075 4118 quo-

506 4130 650 4184 niam
678 4131 810 4186 tales
833 4142 982 4188 sunt.

571 4220 664 4276 1X.
699 4221 812 4278 lluc
854 4234 908 4279 et
943 4225 1074 4280 illud
1105 4226 1503 4300 adiungendum
1537 4247 1552 4284 :
1591 4231 1814 4286 minime
1855 4231 2070 4301 quidem

499 4314 567 4368 ad
609 4314 863 4382 injuriam
897 4321 1137 4386 parentis
1165 4323 1343 4390 magni
1382 4319 1672 4390 Gregorii,
1701 4333 1759 4377 ut
1805 4323 2068 4394 suspicari

500 4405 782 4473 quisquam
835 4404 1066 4462 fortasse
1097 4411 1285 4478 possit,
1319 4413 1629 4479 pertinens;
1671 4428 1858 4468 verum
1902 4424 2072 4484 ρει-ιω

502 4496 737 4550 hominis
757 4496 942 4566 gloria:
964 4501 1258 4555 maximum
1283 4503 1459 4570 potius
1482 4506 1753 4560 cumulum
1779 4507 2064 4576 adjiciens,

2175 3436 2276 3489 νην
2329 3417 2670 3488 λαμϐάνουσι
2727 3417 2918 3490 τάᾷνο
2955 3417 3025 3470 τὰ
3046 3416 3157 3487 γὰρ
3205 3415 3271 3485 δὴ
3321 3414 3543 3485 σφέτερ’
3575 3409 3746 3467 αὐτῶν

2176 3510 2429 3581 ἀλλήλοις
2479 3509 2862 3587 ἀντιδιδόντες,
2919 3508 3016 3561 καὶ
3045 3504 3744 3608 παρῖἀλλήλωελξςεὲξςιμ·

2175 3604 2454 3666 ϐἀνοντες.
2491 3601 2634 3655 οὕτω
2667 3600 2930 3664 καθάπαξ
2981 3598 3412 3670 συμϐαίνουσιν,
3448 3593 3747 3684 dig-Boniti;-

2175 3695 2387 3748 λεῖσθαι
2405 3694 2500 3749 καὶ
2521 3689 2941 3755 συνακούεσθαι,
2967 3709 2986 3742 ι
3023 3690 3410 3761 τρισμάκαρες
3439 3683 3594 3751 δντες
3621 3705 3638 3737 ι
3676 3683 3744 3743 ὡς

2176 3789 2354 3842 εἰπεῖν
2404 3785 2499 3839 καὶ
2559 3783 2818 3853 τετράκις
2843 3799 2856 3813 ’
2919 3782 3037 3836 ἀνθ’
3070 3776 3145 3834 ὧν
3179 3782 3274 3835 καὶ
3323 3784 3483 3852 κοινῇ
3521 3777 3615 3833 καὶ
3647 3774 3746 3843 ἰδίᾳ

2178 3878 2268 3929 καὶ
2295 3875 2420 3929 καθ’
2446 3872 2644 3937 αὐτοὺς
2675 3873 2868 3942 ἀμέλει
2900 3873 3153 3943 καὶπρὸς
3191 3871 3487 3942 ἀλλήλους,
3537 3869 3747 3937 θαυμα-

2179 3967 2319 4028 στῶς
2373 3966 2511 4017 είσιν
2560 3963 2822 4034 ἔχοντες,.
2862 3963 2956 4016 καὶ
3015 3961 3290 4031 μεγίστων
3339 3963 3614 4032 ἀξιόχρεῳ
3643 3957 3748 4012 τῶν

2179 4055 2439 4118 ἐπαίνων,
2461 4054 2562 4108 οὐκ
2592 4057 2680 4118 ἂν,
2714 4054 2867 4116 ὅντες
2898 4053 3132 4131 τοιοῦτοι
3177 4053 3252 4122 μὴ
3289 4054 3534 4106 τοιοῦτοι
3562 4068 3625 4119 γε
3663 4049 3745 4101 ὃν·

2174 4165 2266 4210 τες
2287 4166 2301 4180 ·
2339 4145 2569 4199 τοιοῦτοι
2593 4145 2650 4198 δὲ
2674 4145 2848 4209 ὅντες,
2878 4143 2959 4197 ἆτ’
2991 4144 3143 4204 ὄντες
3174 4145 3438 4200 τοιοῦτοι.
3793 4187 3796 4189 .

2242 4239 2319 4292 8'.
2344 4237 2424 4308 ρὺ
2455 4235 2561 4306 μὴν
2589 4235 2728 4289 ἀλλὰ
2761 4237 2986 4288 κάκεῖνο
3019 4235 3344 4304 προσθεῖναι
3379 4237 3494 4290 δεῖ·
3527 4236 3628 4288 οὐκ
3669 4232 3747 4294 εἰς

2173 4329 2394 4394 ὄνειδος,
2422 4329 2498 4389 ὡς
2543 4328 2609 4382 ἄν
2640 4327 3002 4394 τιςέίκάσαι,
3043 4327 3212 4396 φέρον
3242 4327 3323 4397 τῷ
3367 4327 3466 4382 τοῦ
3514 4325 3748 4398 μεγάλου

2172 4421 2366 4493 πατρὶ,
2418 4420 2557 4474 ἀλλὰ
2579 4419 2676 4473 καὶ
2710 4419 2916 4490 σφόδρα
2947 4418 3344 4490 ξυναιρόμενον
3381 4423 3525 4491 πρὸς
3553 4422 3622 4491 ἢν
3656 4417 3749 4472 xs-

2175 4530 2372 4584 κτηται
2401 4510 2598 4578 δόξαν,
2652 4511 2746 4564 καὶ
2785 4510 2855 4564 τὰ
2891 4511 3086 4580 μεγάλ’
3105 4513 3259 4584 αὑτῴ
3299 4513 3618 4584 μαρτυροῦν
3641 4528 3656 4544 ο
3690 4511 3746 4574 ὃς

504 4601 822 4656 magnaeque
871 4589 1154 4657 cujusdam
1210 4591 1428 4647 virtutis
1479 4597 1845 4651 testimonium
1885 4599 2065 4668 perhi-

2177 4605 2220 4657 εί
2251 4606 2344 4658 καὶ
2375 4604 2443 4657 δι’
2475 4597 2551 4657 ὧν
2580 4601 2820 4671 πρόσθεν
2851 4602 3100 4673 ἐνόμιζεν
3146 4605 3548 4675 ἀντιπράττειν
3573 4605 3746 4658 ἐδόκει

504 4679 659 4733 hens.
711 4678 1030 4748 Quanquam
1076 4682 1219 4736 enim
1268 4685 1514 4753 pristinis
1557 4688 1672 4742 suis
1716 4688 1859 4744 circa
1907 4706 2066 4746 sacra

2177 4695 2314 4765 Θεῷ,
2348 4694 2483 4750 ἀλλὰ
2512 4694 2582 4747 δι’
2625 4689 2700 4747 ὧν
2732 4693 3018 4748 ἐπεδείκνυ
3078 4697 3191 4758 τοῖς
3240 4695 3429 4766 ἔργοις
3457 4697 3749 4770 συμπράτ-

501 4771 844 4840 opinionibus
877 4771 987 4826 Deo
1035 4774 1312 4830 adversari
1339 4778 1486 4835 visus
1508 4789 1646 4846 erat,
1671 4796 1768 4851 per
1795 4797 1856 4836 ea
1886 4793 2063 4839 tamen

501 4876 624 4927 qua:
672 4861 930 4930 operibus
976 4863 1111 4932 ipsis
1157 4870 1448 4948 spectanda
1491 4872 1755 4939 exhibuit,
1803 4877 2064 4944 quodam-

501 4949 688 5004 modo
719 4964 840 5003 cum
895 4951 986 5005 illn
1019 4953 1202 5011 facere
1253 4959 1589 5016 sentiebatur
1633 4980 1646 5016 :
1691 4973 1746 5020 et
1792 4979 1915 5020 cum
1957 4966 2063 5021 alia

499 5042 681 5094 omnia
712 5042 891 5097 animo
920 5047 1164 5114 sentiret,
1201 5050 1363 5106 rebus
1392 5053 1527 5120 ipsis
1557 5069 1812 5111 arcanam
1853 5069 2055 5113 nostra

500 5131 784 5200 religionis
821 5135 1291 5202 'signiﬁcationem
1341 5143 1473 5198 dare
1519 5146 1825 5215 videbatur,
1877 5149 1951 5203 ita
2009 5159 2068 5204 ut

501 5223 673 5277 nlhilo
725 5225 903 5280 secius
960 5231 1235 5286 actionum
1274 5249 1494 5290 suarum
1549 5236 1830 5294 affectione
1883 5251 2070 5296 noster

499 5323 664 5378 esset,
699 5329 858 5382 quam
887 5319 1029 5374 cultu
1056 5337 1336 5377 sacrorum
1365 5326 1597 5380 alienus.
1622 5327 1722 5394 Qui
1755 5330 1900 5385 enim
1928 5345 2066 5399 prae-

500 5414 825 5472 occupatum
881 5407 1340 5480 Hypsistariorum
1391 5416 1589 5472 hzeresi
1631 5420 1873 5476 animum
1915 5435 2067 5490 gere—

499 5494 612 5558 bat,
650 5510 810 5564 quam
848 5495 986 5554 luem
1023 5511 1277 5572 tanquam
1309 5517 1515 5575 partem
1548 5509 1780 5578 aliquam
1824 5520 2062 5580 paterna:

498 5586 827 5653 haereditatis
871 5591 1156 5660 creverat;
1186 5607 1394 5664 postea,
1429 5613 1461 5653 ο
1495 5599 1813 5656 admiranda
1849 5603 1939 5658 Dei
1965 5603 2063 5672 ju-

495 5676 655 5742 dicia,
689 5694 709 5726 ι
735 5679 827 5748 qui
861 5681 990 5737 facit
1017 5686 1734 5760 omniatransformatqne',
1765 5711 1783 5746 ι
1821 5694 1938 5750 solo
1963 5710 2054 5750 ar-

564 5865 584 5894 ³
620 5866 782 5921 Amos
816 5886 864 5931 v,
899 5868 950 5923 8.

2173 4807 2283 4842 των
2305 4804 2424 4850 πως
2449 4785 2601 4852 αὐτῷ
2649 4785 2891 4855 ἑωρᾶτοο
2934 4785 3028 4839 καὶ⁸
3058 4789 3319 4842 τάναντία
3380 4791 3602 4859 φρονῶν
3639 4790 3747 4850 τοῖς

2174 4881 2357 4950 ἔργοις
2388 4878 2448 4932 τδ
2494 4877 2616 4932 καθ’
2644 4878 2796 4948 ἡμᾶς
2826 4879 3229 4949 ὑποσημαίνειν
3269 4883 3452 4936 ἐδόκει
3476 4901 3491 4916 ο
3516 4884 3616 4952 οὐχ
3647 4877 3744 4955 ἧτ-

2170 4988 2262 5023 τον
2287 4970 2396 5022 ἀπὸ
2423 4967 2516 5022 τοῦ
2551 4969 2898 5038 διακειμένου
2934 4971 3042 5023 τῶν
3073 4970 3251 5041 ἔργων
3279 4975 3560 5045 ἡμέτερος
3588 4975 3686 5038 ὢν,
3710 4973 3741 5043 ἦ

2172 5060 2261 5114 διὰ
2293 5060 2353 5113 τὸ
2389 5059 2553 5123 σέϐας
2571 5060 2861 5130 ¹ἀλλότριος
2883 5077 2898 5090 ·
2926 5061 2987 5114 τὸ
3010 5062 3118 5131 γὰρ
3141 5067 3624 5135 προκατειλῆφθαι
3650 5064 3748 5132 μὲν

2167 5155 2235 5224 τῇ
2267 5153 2377 5205 τῶν
2411 5151 2785 5220 ’Υψισταρίων
2839 5152 3090 5223 αἱρέσει’
3144 5156 3240 5206 καὶ
3292 5156 3506 5226 ταύτην
3557 5157 3746 5223 ὥσπερ

2167 5245 2326 5300 ἄλλον
2375 5242 2498 5296 τινὰ
2549 5243 2750 5314 κλῆρον
2782 5243 3036 5314 πατρῷον
3061 5245 3402 5315 διαδεδέχθαι
3439 5248 3541 5316 τὴν
3568 5248 3742 5310 νόσον,

2169 5336 2366 5403 ἔπειτ’,
2389 5334 2585 5389 ὣΘεοῦ
2605 5336 2926 5407 κριμάτωνι
2953 5356 2971 5387 ι
3004 5336 3100 5389 τοῦ
3128 5339 3304 5392 πάντα
3337 5340 3626 5401 ποιοῦντος
3655 5343 3746 5392 καὶ

2171 5424 2672 5495 μετασκευάξοντος
2707 5444 2725 5476 ι
2751 5427 2901 5497 μόνῳ
2940 5427 3016 5497 τῷ
3045 5428 3355 5498 βούλεσθαι,
3410 5432 3515 5500 τῆς
3545 5431 3644 5501 μὲν
3672 5431 3745 5492 ὡς

2173 5518 2553 5586 πονηροτάτης
2594 5516 2998 5583 κατεγνωκέναι
3021 5536 3077 5570 τε
3113 5521 3209 5572 καὶ
3239 5519 3513 5590 μισῆσαι·
3547 5523 3637 5574 καὶ
3671 5521 3744 5590 μὴ

2173 5610 2333 5680 μόνον
2349 5609 2482 5661 αὐτὸ
2509 5608 2668 5660 τοῦτο
2695 5608 2912 5678 χαίρειν
2941 5611 3124 5677 ἐάσαι,
3152 5611 3292 5666 ἀλλὰ
3348 5615 3447 5693 καὶ
3477 5615 3581 5684 τῆς
3611 5614 3744 5682 μνή-

2171 5719 2280 5772 μης
2309 5701 2663 5756 παντάπασιν
2697 5701 2922 5773 ἐξελεῖν,
2951 5704 3046 5758 καὶ
3076 5705 3197 5777 μηδ’
3231 5707 3494 5776 ἡντινοῦν
3535 5709 3613 5762 ἔτ’
3649 5707 3744 5761 αὖ·
