4028 6432
538 278 646 344 231

1767 271 2177 336 THEODULI
2203 272 2557 335 MONACHI

3665 274 3757 341 232

547 387 934 454 amoenitates;
967 386 1128 444 modo
1156 398 1346 444 rimus
1381 387 1688 459 gymnasia,
1712 397 1766 442 et
1787 387 2036 451 balneas,
2064 394 2113 441 et

2229 387 2415 441 ἵππων
2455 387 2710 458 ἁμίλλας,
2767 387 2863 443 καὶ
2909 389 3340 461 θεατροσκοπίας
3394 389 3759 446 διώκεινοοὺδὲ

552 480 708 533 ludos
746 479 1061 544 circenseis,
1101 488 1156 533 et
1184 480 1467 534 theatralia
1513 479 1821 549 spectacula
1867 480 2112 545 sectari,

545 586 652 624 non
699 570 788 623 ille
823 569 972 624 circa
1013 571 1328 624 venationes
1374 569 1633 636 insanire,
1690 586 1801 626 non
1859 573 2028 628 armis
2061 573 2116 626 in

543 677 736 728 camp:
769 662 1049 724 exerceri,
1097 677 1203 716 non
1255 676 1444 716 arcum
1493 663 1732 717 scienter
1764 664 2114 731 contendere,

545 764 638 807 aut
659 764 783 822 apte
813 755 878 808 ad
911 768 1136 822 scopum
1170 753 1504 820 collineare;
1554 769 1659 808 non
1699 757 1827 810 item
1859 755 2104 811 fritillum

544 859 820 909 exercere,
855 854 946 898 aut
981 845 1205 899 choreas
1222 845 1445 909 ducere,
1468 857 1561 900 aut
1590 847 1696 916 pila
1719 846 1966 911 lusitare,
2024 857 2118 903 aut

545 939 649 991 alia
682 937 984 1003 huiusmodi
1008 936 1277 1002 factitare,
1307 939 1504 1006 quibus
1533 949 1590 992 ut
1613 940 1904 1007 plurimum
1927 949 2120 994 aetatu-

546 1030 649 1082 lam
684 1043 834 1083 suam
850 1027 1108 1097 juventus
1164 1029 1422 1094 oblectat,
1456 1045 1685 1098 quorum
1719 1030 1984 1098 Gregorio
2015 1047 2117 1086 no-

545 1132 660 1176 stro
687 1121 934 1190 placebant
959 1123 1182 1176 omnino
1199 1123 1354 1188 nihil,
1379 1123 1601 1176 multum
1627 1124 1872 1192 profecto
1895 1125 2115 1177 aberat:

545 1229 732 1266 verum
749 1213 832 1267 bis
851 1215 1103 1268 omnibus
1119 1215 1337 1284 longum
1357 1215 1540 1270 valere
1569 1215 1758 1282 jussis,
1779 1223 1839 1268 ut
1859 1231 1960 1270 suo
1975 1215 2118 1285 judi-

542 1307 629 1357 cio
659 1305 880 1372 abjeetae
903 1306 1102 1360 anitna:
1125 1307 1333 1361 vitiosis
1353 1306 1732 1362 aﬁ‘ectionibus
1756 1307 1931 1360 verius
1955 1321 2117 1376 quam

540 1396 876 1464 disciplinis;
914 1406 1105 1452 contra
1147 1397 1309 1453 rebus
1339 1399 1582 1452 omnium
1634 1397 1972 1467 gravissimis
1996 1397 2119 1468 pul-

543 1487 963 1558 cberrimisque,
1012 1499 1066 1542 et
1089 1504 1208 1558 qua:
1239 1505 1454 1546 summo
1479 1493 1619 1558 apud
1651 1489 1814 1543 Deum
1843 1491 2120 1554 homines-

541 1595 648 1648 que
715 1581 767 1635 in
816 1582 989 1650 pretio
1034 1592 1182 1646 sunt,
1220 1592 1386 1637 totum
1427 1596 1544 1636 sese
1580 1583 1804 1647 addixit,
1845 1597 2116 1651 quamque

545 1670 629 1723 ba:
674 1672 1192 1725 commentationem
1250 1684 1412 1739 atque
1469 1671 1808 1740 diligentiam
1869 1673 2112 1741 exigunt,

542 1776 605 1815 ea
679 1761 1008 1816 assiduitate
1097 1763 1583 1832 complectebatur,
1647 1773 1706 1818 ut
1755 1763 1899 1818 solas
1952 1765 2116 1819 hasce

543 1850 766 1905 delicias
791 1865 917 1905 suas
935 1851 1184 1916 duceret,
1207 1833 1498 1920 Opemque
1521 1866 1630 1905 suae
1662 1851 1834 1918 pretia
1865 1850 2112 1904 haberet.

542 1939 678 1994 Tum
729 1941 872 2008 quod
906 1939 1198 1994 maximum
1231 1941 1419 2010 utique
1454 1951 1561 2002 est.
1602 1956 1712 1995 non
1745 1940 1835 1996 ille
1874 1940 2114 1995 vicissim

542 2043 596 2087 et
623 2032 847 2087 alternis
884 2032 950 2088 ad
976 2034 1090 2088 hzec
1120 2033 1297 2088 studia
1351 2032 1729 2099 incumbebat;
1761 2047 1936 2102 neque
1970 2046 2116 2086 nunc

539 2127 678 2190 haec,
699 2140 846 2180 nunc
875 2125 992 2191 illa,
1021 2126 1116 2181 sed
1138 2125 1300 2180 simul
1323 2135 1566 2200 utraque,
1589 2125 1896 2179 tractabat:
1922 2124 2118 2193 quippe

539 2215 634 2282 qui
659 2222 997 2282 compertam
1028 2211 1254 2267 haberet
1280 2222 1640 2281 utrorumque
1699 2219 1939 2265 mutuam
1966 2210 2111 2264 inter

541 2319 602 2361 se
651 2305 994 2368 relationem,
1032 2303 1375 2373 sociatasque
1414 2317 1628 2372 operas,
1677 2302 2110 2372 quandoquidem

539 2396 721 2452 ofﬁcia
749 2397 964 2450 virtutis
989 2405 1132 2451 recte
1159 2404 1317 2449 antea
1349 2393 1594 2462 praestari
1623 2401 1917 2464 nequeunt,
1946 2408 2108 2462 quam

539 2489 682 2544 ratio
703 2488 922 2543 illorum
940 2487 1674 2543 accuratacommentatione
1694 2494 1974 2556 perspecta
1996 2486 2112 2540 rue-

544 2580 616 2634 rit
652 2598 667 2635 :
709 2595 902 2636 rursus
947 2571 1198 2636 doctrina
1234 2582 1434 2635 virtute
1488 2593 1812 2648 morumque
1835 2578 2110 2648 probitate

540 2674 754 2737 orbata,
785 2654 1133 2728 tte-doctrina
1163 2686 1284 2728 esse
1323 2672 1560 2737 videtur,
1593 2671 1686 2726 sed
1717 2668 2111 2724 irrationabilis

2223 480 2350 547 περὶ
2381 479 2552 550 Θήρας
2588 479 2872 549 μαίνεσθαι
2925 482 3015 533 ml.
3049 481 3189 534 ὅπλα
3239 482 3649 551 μεταχειρίζεινο
3679 488 3760 538 καὶ

2219 570 2375 636 τόξον
2401 572 2661 625 ἐντείνειν
2690 567 2750 624 εὖ
2771 572 2990 636 εἰδέναι,
3026 573 3121 625 ml.
3151 572 3294 642 μετὰ
3317 574 3517 626 σκοπδν
3546 573 3759 643 βάλλειν·

2219 661 2316 714 καὶ
2351 662 2578 733 προσέτι
2612 662 2892 728 κυϐεύειν,
2923 663 3232 732 ὀρχεῖσθαι,
3270 666 3504 732 σφαῖραν
3540 665 3758 730 παίζειν,

2219 753 2390 809 τάλλα
2437 757 2612 808 ποιεῖν
2673 749 2755 818 οἷς
2791 755 2939 817 εἰκός
2990 755 3119 817 τοὺς
3157 757 3214 807 έν
3265 756 3478 824 νεότητι
3527 757 3760 826 χαίρεινο

2219 845 2425 898 τούτων
2452 845 2610 898 οὐδὲν
2641 845 2835 915 ἐκείνῳ
2865 845 3000 914 πρὸς
3032 843 3212 912 λόγον’
3241 843 3443 896 πολλοῦ
3472 860 3533 910 γε
3563 845 3650 898 καὶ
3673 846 3759 898 δεῖ·

2220 935 2341 988 ἀλλ’
2385 936 2663 1007 ἐρρῶσθαι
2702 939 2910 1000 τούτοις
2966 935 3140 990 ἅπασι
3197 936 3434 1006 φράσας,
3485 937 3574 988 ml.
3601 936 3765 1005 ψυχῆς

2219 1027 2481 1095 ἀγεννοῦς
2507 1027 2808 1098 παθήματα
2837 1025 2986 1080 ταῦτ’
3017 1021 3155 1079 εἶναι
3185 1026 3387 1095 μᾶλλον
3422 1025 3453 1095 ἢ
3486 1025 3766 1094 μαθήματα

2229 1119 2426 1187 κρίνας
2451 1157 2466 1181 ,
2501 1119 2530 1171 ό
2563 1118 2619 1170 δὲ
2672 1120 2785 1180 τοῖς
2831 1119 3052 1170 πάντων
3102 1114 3538 1176 σπουδαιοτάτοις
3581 1130 3639 1166 τε
3681 1114 3768 1166 ml.

2220 1209 2525 1272 καλλίστοις
2569 1210 2664 1262 καὶ
2712 1195 2865 1278 παρά
2908 1208 3028 1276 Θεῷ
3064 1209 3158 1260 καὶ
3202 1205 3507 1275 ἀνθρώποις
3534 1204 3766 1274 μεγάλων

2220 1300 2570 1370 ἀξιουμένοις
2613 1301 2722 1362 τῶν
2759 1301 3103 1370 πραγμάτων
3155 1299 3341 1368 φέρων
3395 1297 3583 1350 ἑαυτὸν
3609 1298 3771 1364 ἐμπα-

2221 1394 2407 1462 ρέσχε·
2442 1392 2539 1445 καὶ
2577 1391 2676 1462 τὴν
2705 1393 2764 1444 ὲν
2793 1382 3005 1452 τούτοις
3043 1390 3276 1460 μελέτην
3309 1405 3368 1442 τε
3418 1388 3514 1442 καὶ
3549 1387 3766 1453 σπουδὴν

2219 1480 2490 1549 τοσαύτης
2519 1481 2674 1550 ἠξίου
2724 1480 2996 1550 σπουδῆς,
3032 1479 3107 1538 ὡς
3146 1478 3283 1545 μόνα
3319 1477 3491 1530 ταῦτα
3541 1474 3766 1545 νομίζειν

2219 1574 2415 1628 ἑαυτοῦ
2469 1575 2694 1629 παιδικὰ
2742 1575 2835 1628 καὶ
2877 1571 3159 1644 προῦργου
3217 1571 3523 1624 ποιεῖσθαι·
3578 1570 3668 1622 καὶ
3714 1568 3767 1619 τὸ

2223 1665 2506 1734 μέγιστον,
2530 1665 2592 1717 οὐ
2621 1665 2773 1734 παρὰ
2809 1665 2975 1733 μέρος
3007 1662 3222 1725 τούτοις
3260 1660 3491 1731 ἐχρῆτο,
3527 1659 3644 1711 οὐδὲ
3682 1655 3766 1709 νῦν

2221 1756 2324 1826 μὲν
2355 1755 2538 1822 τοῦτο,
2585 1755 2682 1810 νῦν
2715 1757 2759 1808 δ’
2794 1757 2998 1820 έκεῖνο,
3031 1753 3170 1808 άλλὰ
3201 1755 3348 1807 κατά
3397 1751 3590 1806 ταυτὸν
3619 1749 3769 1818 άμφω

2208 1848 2430 1919 ,μετῄειο
2455 1849 2556 1919 τὴν
2585 1848 2862 1918 ἑκατέρων
2902 1847 3060 1909 είδὼς
3100 1845 3238 1916 πρὸς
3270 1843 3480 1914 ἄλληλα
3510 1842 3687 1913 σχέσιν
3717 1855 3769 1891 τε

2218 1940 2314 1994 καὶ
2343 1941 2657 1994 συντέλειαν
2679 1959 2693 1974 ο
2720 1939 2842 1992 οὔτε
2877 1940 2985 2010 γάρ
3023 1938 3058 1992 δι
3105 1939 3185 1991 δεῖ
3228 1939 3487 2008 πράττειν
3515 1937 3626 1988 ἐστὶ
3655 1932 3770 2002 πρὶν
3863 1989 3868 1994 ,

2219 2031 2327 2085 ἔδει
2366 2031 2461 2103 [an
2498 2033 2598 2103 ἤδη
2649 2041 2743 2086 aut
2775 2031 2958 2086 denuo
2983 2029 3020 2084 ἃ
3058 2028 3161 2101 δεῖ]
3195 2029 3401 2098 γνῶναι
3445 2027 3522 2098 τῷ
3567 2025 3772 2096 λόγῳ,ὅ

2219 2140 2278 2176 τε
2319 2124 2477 2192 λόγος
2525 2124 2570 2175 εί
2633 2123 2707 2192 μὴ
2747 2124 2864 2194 μετ’
2915 2123 3116 2194 ἀρετῆς
3163 2121 3256 2174 καὶ
3286 2120 3511 2190 τρόπων
3543 2120 3623 2188 εἴη
3647 2135 3769 2187 χρη-

2220 2215 2380 2277 στῶν,
2427 2215 2729 2270 κινδυνεύει
2760 2214 2896 2285 μηδὲ
2925 2214 3083 2281 λόγος
3118 2229 3200 2275 τις
3249 2207 3415 2278 εἶναι,
3455 2209 3592 2262 ἀλλὰ
3627 2208 3770 2274 λόγος

2219 2307 2412 2374 ἄλογος
2445 2308 2518 2369 ὠς
2548 2307 2750 2360 εἰπεῖν·
2780 2308 2828 2358 εί
2855 2306 2900 2358 δ’
2922 2307 2950 2358 ό
2976 2304 3181 2358 τούτων
3214 2301 3554 2372 συνδυασμὸς
3589 2296 3770 2353 πολλοῦ

2215 2415 2364 2460 τινος
2399 2399 2569 2461 ἄξιος,
2600 2397 2717 2460 πῶς
2748 2398 2850 2450 οὑκ
2877 2377 3238 2466 ἀντιληπτέον
3272 2397 3409 2466 ἡμῖν
3438 2395 3583 2447 ἐστιν
3612 2393 3774 2459 ἀμφο-

2215 2489 2412 2559 τέρων,
2453 2489 2507 2542 εῐ
2559 2505 2623 2557 γε
2657 2487 3004 2559 βουλοίμεθα,
3037 2488 3114 2558 μὴ
3147 2487 3228 2540 ὅτι
3261 2502 3327 2554 γε
3365 2484 3586 2556 μείζους
3625 2481 3769 2553 ὴμῶν

2218 2582 2398 2635 αὐτῶν
2430 2580 2779 2652 γεγενῆσθαι,
2831 2580 2966 2634 ἀλλά
3013 2582 3108 2634 καὶ
3159 2577 3460 2632 θεοείκελοί
3495 2592 3635 2638 τινες
3665 2574 3774 2627 άτι-

2217 2674 2394 2744 χνῶς;

539 2769 786 2837 quaedam
837 2767 1005 2824 utsic
1048 2769 1260 2838 loquar,
1303 2769 1584 2834 doctrina;
1621 2768 1707 2823 sin
1767 2781 1896 2822 vero
1925 2767 2119 2839 magni
2148 2767 2397 2826 facienda
2430 2772 2620 2828 harum
2666 2786 2850 2828 rerum
2897 2770 3170 2842 copulatio
3209 2778 3318 2833 est,
3391 2781 3600 2825 sumruo
3661 2777 3771 2832 pro-

542 2868 685 2921 fecto
730 2867 912 2921 studio
957 2867 1122 2920 simul
1167 2867 1270 2922 illa:
1312 2867 1467 2923 nobis
1497 2867 1842 2937 capessendae
1865 2873 2047 2930 erunt,
2091 2866 2136 2922 si
2195 2885 2300 2926 non
2376 2874 2537 2928 modo
2607 2871 3011 2940 nobismetipsis
3082 2871 3339 2940 majores,
3379 2870 3473 2925 sed
3498 2867 3606 2922 Deo
3626 2864 3771 2919 etiam

539 2959 745 3014 similes
769 2958 886 3012 tleri
916 2959 1139 3012 omnino
1163 2961 1465 3018 studemus.

611 3053 752 3108 XVI.
815 3053 1028 3108 Etenim
1057 3069 1178 3123 qua:
1230 3067 1374 3122 sunt,
1407 3073 1511 3126 qua
1543 3069 1692 3124 sunt,
1747 3070 1930 3132 mente
1969 3075 2117 3115 com-
2143 3076 2186 3134 ε

544 3146 729 3215 plecti,
791 3161 1082 3216 rerumque
1104 3147 1408 3202 divinarum
1434 3159 1490 3204 et
1523 3150 1881 3205 humanarum
1917 3151 2116 3206 intelli-

542 3244 721 3314 gentia
757 3244 984 3313 pollere,
1011 3253 1066 3298 et
1090 3242 1214 3312 jam
1236 3260 1382 3301 nunc
1408 3245 1555 3300 velut
1587 3245 1641 3300 in
1665 3247 1897 3303 concilio
1922 3249 2116 3306 coeles—

545 3339 676 3390 tium
709 3337 942 3401 versari,
968 3350 1066 3390 nec
1099 3337 1174 3389 rei
1210 3338 1548 3400 terrestrium
1580 3351 1758 3392 rerum
1793 3339 1886 3394 ulli
1919 3339 2115 3397 afﬁxas

538 3430 932 3493 adhaerescere,
956 3429 1098 3498 quod
1119 3427 1398 3484 indefessa:
1427 3443 1492 3482 ac
1515 3429 1686 3484 beatae
1715 3431 1996 3500 cujusdam
2019 3449 2114 3488 na-

543 3530 675 3572 torte
710 3520 992 3590 proprium
1039 3529 1146 3585 εει,
1203 3519 1255 3573 id
1281 3521 1346 3573 de
1388 3519 1592 3575 virtute
1623 3522 1891 3592 bonisque
1919 3523 2114 3578 litteris

541 3608 697 3663 nobis
729 3611 1014 3678 provenit:
1072 3623 1302 3678 quarum
1339 3622 1499 3677 snpra
1547 3613 1758 3666 omneis
1789 3613 1968 3669 omnis
1994 3629 2112 3669 me-

545 3701 732 3754 :norize
776 3701 1022 3754 homines
1051 3699 1254 3768 ingenti
1288 3711 1474 3754 amore
1505 3713 1695 3757 noster
1718 3705 2028 3772 perculsus,
2060 3714 2115 3760 et

539 3805 730 3843 earum
784 3784 1375 3856 possessionem'rebus
1401 3790 1523 3845 aliis
1549 3794 1804 3849 erunibus
1836 3797 2112 3864 antiquio-

541 3894 655 3934 rem
693 3880 920 3944 ducens,
947 3889 1042 3934 aut
1083 3880 1265 3935 verius
1294 3881 1339 3936 si
1374 3880 1472 3934 has
1501 3881 1786 3938 habiturus
1813 3895 1960 3940 esset
1992 3901 2114 3940 om-

542 3972 630 4024 nia
663 3984 783 4028 sese
817 3972 1133 4041 habiturum
1171 3985 1344 4037 ratus,
1383 3972 1738 4030 continentiae
1762 3977 1997 4032 maxime
2028 3993 2115 4032 as-

538 4062 821 4130 siduisque
870 4063 1146 4118 laboribus
1206 4079 1426 4132 Operam
1490 4065 1691 4125 dabat:
1757 4081 1878 4120 cum
1925 4082 2115 4123 somno

541 4165 671 4204 vero
705 4152 757 4204 in
788 4151 980 4220 primis
1015 4151 1241 4220 ejusque
1272 4151 1598 4207 necessitate
1631 4154 1929 4223 pugnabat,
1955 4158 2028 4210 ita
2057 4168 2115 4212 ut

539 4257 644 4296 non
667 4258 855 4312 parum
881 4242 945 4296 de
968 4253 1123 4296 sueta
1146 4256 1209 4296 ac
1237 4242 1416 4296 debita
1443 4242 1624 4311 quiete
1643 4244 1956 4311 deduceret,
1982 4247 2114 4301 alia-

539 4351 646 4408 que
668 4335 794 4387 item
825 4333 1006 4387 omnia
1035 4336 1254 4404 agebat,
1289 4334 1444 4402 queis
1478 4341 1592 4388 tum
1637 4353 1656 4387 ι
1689 4352 1982 4406 corporeas
2014 4355 2112 4393 cu-

2292 3053 2410 3123 ις.
2455 3053 2529 3108 Τὸ
2582 3053 2690 3124 γάρ
2741 3048 2780 3126 ᾖ
2831 3052 2960 3106 ὅντα
3017 3051 3135 3104 ἐστὶ
3164 3051 3232 3104 τά
3271 3049 3409 3106 ὄντα
3447 3049 3658 3110 εἰδέναι,
3689 3043 3773 3097 καὶ

2218 3147 2381 3202 θείων
2406 3164 2466 3200 τε
2502 3145 2598 3198 καὶ
2635 3145 2992 3215 ἀνθρωπίνων
3032 3144 3383 3214 πραγμάτων
3422 3141 3774 3210 ἐπιστήμονας

2218 3237 2390 3304 εἶναι,
2439 3240 2534 3292 καὶ
2576 3236 2888 3292 πολιτεύειν
2942 3237 2998 3287 ἐν
3044 3236 3262 3306 οὐρανῷ
3303 3235 3593 3299 δύνασθαι,
3631 3231 3702 3302 μὴ
3735 3227 3774 3280 δ’

2216 3331 2420 3399 ὁτῳοῦν
2477 3331 2584 3383 τῶν
2645 3331 2774 3400 τῇδε
2815 3327 3273 3399 προσπάσχοντας
3307 3369 3322 3393 ,
3370 3329 3650 3397 ἀκαμάτιιυ
3689 3321 3774 3373 κ.;ὶ

2220 3424 2498 3496 μακαρίας
2524 3423 2738 3492 φύσεως
2767 3423 2898 3475 ἴδιον
2933 3421 3013 3490 ὃν,
3047 3425 3104 3488 εξ
3132 3421 3220 3492 ἄρ’
3249 3423 3460 3490 ἀρετῆς
3501 3421 3594 3472 καὶ
3618 3417 3778 3483 λόγων

2216 3515 2366 3568 ἐστιν
2413 3516 2573 3587 ,ἡμῖν’
2627 3508 2702 3568 ὧν
2741 3508 2892 3578 οὗτος
2923 3511 3054 3584 παρ’
3104 3511 3354 3565 ὁντινοῦν
3404 3505 3480 3564 ὧν
3515 3512 3670 3579 ἴσμεν
3709 3505 3778 3564 είς

2217 3609 2396 3677 ἔρωτα
2423 3607 2649 3676 μανικὸν
2687 3606 2985 3672 καταστάς,
3019 3605 3118 3657 καὶ
3150 3605 3296 3666 ὅπως
3325 3607 3598 3672 κτήσαιτο
3621 3597 3777 3651 ταῦτα

2219 3701 2348 3770 περὶ
2406 3699 2651 3764 πλείονος
2691 3699 2839 3767 άγων
2867 3699 2974 3752 τῶν
3016 3697 3214 3763 ἄλλων,
3255 3698 3469 3765 μᾶλλον
3494 3695 3537 3749 δ’
3566 3695 3612 3746 εἰ
3639 3687 3777 3743 ταῦθ’

2221 3793 2352 3856 ἔξει,
2379 3791 2451 3843 τὰ
2477 3791 2638 3848 πάνθ’
2666 3789 2830 3855 ἕξειν,
2853 3785 3113 3862 νομίζων,
3150 3787 3467 3856 ἐγκρατείᾳ
3494 3786 3584 3838 καὶ
3611 3782 3778 3838 πόνοις

2217 3883 2292 3946 ὡς
2339 3883 2551 3952 μάλιστ’
2605 3881 2841 3951 ἐχρῆτο·
2886 3881 2983 3934 καὶ
3051 3879 3434 3949 παρεϐάλλετο
3502 3878 3602 3947 μὲν
3653 3872 3776 3940 πρὸς

2219 3976 2385 4028 ὕπνον
2415 3977 2508 4028 καὶ
2544 3975 2640 4044 τὴν
2686 3973 2931 4026 ἐντεῦθεν
2961 3974 3233 4041 ἀνάγκηνο
3267 3969 3344 4033 ὼς
3378 3972 3472 4024 καὶ
3505 3967 3598 4022 τοῦ
3631 3979 3763 4032 νομι-

2219 4066 2446 4134 ζομένου
2486 4083 2543 4117 τε
2595 4068 2690 4119 καὶ
2754 4065 3123 4135 προσήκοντος
3171 4064 3232 4116 οὐ
3286 4063 3491 4133 μικρὸν
3529 4059 3771 4128 smm-

2217 4159 2392 4210 πάντα
2430 4158 2474 4210 δ’
2505 4157 2700 4220 ἐποίει,
2739 4156 2872 4225 όμοῦ
2921 4157 3021 4224 μὲν
3055 4157 3114 4206 τὸ
3160 4154 3420 4224 φρόνημα
3454 4152 3554 4222 τῆς
3587 4146 3775 4219 σαρκὸς

2215 4251 2616 4311 καταστέλλων,
2663 4250 2756 4302 καί
2790 4249 3056 4316 τάπὶκγῆς
3092 4246 3231 4315 μέλη
3278 4245 3513 4316 νεκρῶν,
3560 4241 3692 4311 ὁμοῦ
3723 4239 3773 4289 δὲ

2217 4341 2309 4393 καὶ
2329 4341 2418 4393 τδν
2447 4340 2570 4393 νοῦν
2597 4339 2878 4408 καθαίρων
2908 4356 2966 4391 τε
2999 4341 3092 4391 καί
3113 4337 3420 4406 λεπτύνων,
3450 4336 3544 4391 καὶ
3569 4334 3698 4404 πρός
3721 4345 3775 4380 τε

540 4429 791 4496 ιιὶιιῖιοιεε
815 4427 1217 4496 perdomaret“,
1248 4445 1266 4479 ι
1290 4437 1342 4481 et
1373 4446 1391 4478 ι
1419 4428 1693 4490 terrestria
1722 4429 1962 4484 membra
1988 4430 2113 4484 {un-

2221 4433 2287 4484 τὰ
2316 4429 2436 4484 θεῖα
2466 4433 2559 4482 ml.
2603 4431 2729 4492 τοὺς
2761 4429 2954 4497 λόγους
2999 4429 3192 4491 αὐτοὺς
3238 4429 3478 4498 ἑτοίμως
3503 4427 3646 4495 ἔχειν
3684 4440 3778 4476 πα·

538 4521 684 4575 ditus
712 4519 1112 4588 exstirparet’;
1149 4532 1260 4573 tum
1291 4505 1524 4574 mentem
1557 4531 1921 4591 perpurgaret
1946 4537 2109 4576 acue-

539 4617 748 4681 retqué,
789 4621 844 4666 et
893 4614 958 4665 ad
1016 4610 1196 4664 dlvina
1232 4613 1438 4680 pariter
1491 4613 1903 4682 litterarmuque
1934 4615 2109 4668 studia

537 4715 840 4773 promptam
861 4703 1274 4772 expeditamque
1295 4713 1528 4770 pararet.
1559 4704 1742 4756 Animi
1771 4720 2003 4775 namque
2030 4723 2113 4762 re-

541 4797 892 4868 missionibus
940 4811 1004 4850 ac
1047 4797 1205 4867 genio
1251 4795 1524 4850 liberalius
1565 4796 1866 4866 indulgere,
1919 4813 1948 4852 a
1977 4815 2113 4868 prae-

544 4865 748 4957 scripta
776 4887 988 4941 vivendi
1013 4865 1127 4955 lege
1159 4902 1255 4958 per
1281 4889 1563 4943 mollitiem
1591 4865 1821 4945 deiicere
1853 4865 2109 4963 est,qua-

535 4983 690 5052 sique
725 4996 835 5048 pra:
868 4980 1054 5047 sagina
1087 4995 1448 5046 crassescerc,
1480 4992 1536 5036 et
1566 4982 1616 5036 in
1643 4991 1844 5038 terram
1877 4986 2109 5055 degene-

537 5087 694 5136 rare;
752 5071 990 5139 nihilque
1018 5085 1205 5125 eorum
1253 5087 1372 5142 quae
1403 5075 1709 5128 necessaria
1745 5086 1890 5141 sunt,
1932 5091 2105 5144 neque

536 5167 721 5218 animo
751 5164 1056 5232 concipere,
1078 5179 1256 5234 neque
1282 5179 1446 5233 opere
1475 5167 1706 5242 libenter
1740 5171 1962 5236 exsequi
1991 5186 2003 5221 :
2033 5180 2104 5220 te-

535 5257 733 5309 nebras
759 5255 940 5308 animo
979 5255 1311 5322 oﬂuudente,
1347 5273 1466 5328 quae
1496 5273 1561 5311 ex
1595 5258 1900 5312 immodicis
1930 5259 2101 5328 epulis

533 5347 826 5412 excitatur,
862 5347 1076 5413 nebula,
1109 5359 1426 5418 rectumque
1457 5350 1688 5404 rationis
1719 5366 1934 5404 cursum
1959 5366 2098 5417 pra:-

539 5438 787 5504 uc-dieute
837 5452 851 5489 :
902 5448 1088 5492 contra
1135 5426 1413 5494 moderata
1475 5440 1878 5494 esculentorum
1931 5441 2098 5496 absti-

540 5530 767 5591 ucutia,
818 5540 1073 5586 contento
1125 5533 1302 5586 studio
1385 5542 1549 5598 atque
1613 5533 1904 5588 sobrietate
1968 5551 2098 5591 cen-

607 5703 628 5734 ⁸
664 5701 818 5760 Rom.
881 5726 1000 5773 \‘lll,
1040 5709 1095 5775 ϐ,
1129 5709 1180 5762 7.
1259 5710 1279 5741 ’
1313 5708 1427 5766 Col.
1495 5725 1570 5775 ill,
1602 5709 1654 5766 5.

2216 4524 2597 4592 ρασκευάζων·
2630 4521 2689 4574 τὸ
2730 4521 2830 4590 μὲν
2861 4523 2968 4590 γὰρ
2997 4515 3240 4582 δινέσεως
3288 4521 3387 4573 ml.
3415 4521 3628 4592 τρυφῆς
3657 4517 3780 4569 ἁπο-

2211 4615 2397 4668 λαύειν
2429 4614 2722 4667 ἐκλύεσθαι
2753 4610 2846 4665 τοῦ
2885 4611 3289 4682 καθεστηκότος
3343 4615 3488 4676 ἐστὶ,
3536 4612 3630 4663 καὶ
3672 4603 3776 4660 οἷον

2213 4705 2551 4775 παχύνεσθαι
2608 4709 2704 4759 καὶ
2753 4705 3033 4773 γεοῦσθαι,
3069 4706 3162 4757 ml.
3220 4705 3391 4775 μηδὲν
3422 4704 3532 4757 τῶν
3561 4704 3780 4755 δεόντων

2214 4801 2352 4868 μήτε
2381 4800 2545 4863 νοεῖν,
2583 4800 2720 4869 μήτε
2773 4799 3039 4869 πράσσειν
3088 4798 3386 4868 αἱρεῖσθαι,
3418 4797 3518 4865 τῆς
3547 4791 3780 4847 maeo-

2215 4889 2385 4960 μένης
2429 4889 2682 4943 ἐντεῦθεν
2723 4888 3120 4958 ἐπισκοτούσης
3181 4887 3408 4958 ἀχλύος,
3443 4888 3539 4940 καὶ
3587 4883 3777 4955 χωρεῖν

2209 4985 2351 5037 κατὰ
2381 4983 2545 5052 φύσιν
2591 4983 2681 5037 τὸν
2725 4983 2984 5052 λογισμὸν
3008 4985 3108 5035 οὐκ
3140 4981 3340 5051 ἐώσης,
3387 4981 3449 5036 τὸ
3475 4981 3533 5034 δὲ
3564 4983 3658 5050 τῆς
3696 4992 3779 5044 γι·

2207 5077 2477 5146 γενομένης
2532 5077 2752 5138 ἀσιτίας
2783 5076 3106 5145 τυγχάνειν,
3141 5074 3280 5142 μετὰ
3313 5075 3574 5127 συντόνου
3623 5087 3780 5123 σπου-

2207 5169 2303 5240 δῆς
2337 5172 2431 5223 καὶ
2461 5173 2653 5239 νῆφειν
2699 5168 2957 5233 καθάπαξ
2990 5168 3264 5238 μετέωρόν
3303 5184 3428 5220 τινα
3457 5166 3552 5220 καὶ
3583 5165 3778 5230 κοῦφον

2211 5263 2623 5333 παρασκευάζει
2661 5263 2750 5316 τον
2778 5260 2926 5324 νοῦν,
2961 5261 3056 5313 καὶ
3091 5260 3329 5331 κρείττω
3355 5260 3455 5312 καλ⁵
3481 5256 3777 5324 δεινότερον

2210 5359 2322 5416 τοῖς
2360 5356 2649 5425 πράγμασι
2679 5356 2944 5425 χρῆσθαι·
2979 5352 3096 5406 ἀνθ’
3140 5346 3215 5407 ὧν
3253 5353 3450 5404 ἑαυτὸν
3511 5343 3590 5409 οἷς
3648 5346 3780 5414 ἔφην

2211 5449 2452 5518 ἑξήσκει·
2485 5449 2578 5500 καὶ
2607 5448 2786 5500 τοίνυν
2838 5449 2903 5516 τῇ
2957 5449 3053 5516 τῆς
3088 5446 3302 5512 φύσεως
3347 5442 3642 5513 περιουσίᾳ
3691 5434 3778 5488 καὶ

2211 5540 2374 5610 ῥώμῃ
2416 5542 2503 5594 καὶ
2560 5540 2626 5593 τά
2660 5539 2783 5611 ,τῆς
2845 5539 3084 5608 σπουδῆς
3134 5538 3191 5603 ἐξ
3239 5536 3579 5608 ἀντιῖλρόπου
3611 5542 3783 5601 παραυ
