4028 6432
519 406 624 469 235

1744 391 2129 452 TIIEODULI
2175 390 2521 451 MONACHI

3634 395 3727 459 236

520 517 789 571 Musarum
808 528 937 578 opes
954 507 1471 579 complectebautur,
1495 516 1548 562 et
1572 514 1649 560 tot
1666 519 1888 559 numero
1904 514 2079 569 erant,

2196 504 2280 557 ml.
2321 503 2418 573 τὴν
2453 502 2606 558 πόλιν
2644 502 2949 574 ἐπέραστον
3002 502 3204 573 μᾶλλον
3234 503 3410 558 ὲποίει
3452 506 3557 567 τοῖς
3593 510 3732 574 φιλο.

521 615 653 677 qu0t
672 604 755 656 vix
777 602 827 656 in
851 610 1044 655 cuncta
1061 598 1429 667 reperirentur
1459 593 1684 648 Graecia.
1705 591 1857 658 Quod
1899 591 2087 646 urbem

522 706 677 752 tanto
705 693 1071 748 amabiliorem
1106 688 1367 743 studiosis
1397 695 1451 740 et
1473 678 1754 739 industriis
1780 682 2091 737 hominibus

522 788 796 844 reddebat.
813 785 945 839 Cum
968 782 1127 851 igitur
1152 795 1256 833 non
1277 779 1432 845 longo
1450 787 1687 843 tempore
1705 787 1951 844 magnam
1978 772 2083 826 illic

525 872 940 930 lectissimarum
966 868 1335 923 doctrinarum
1359 867 1467 918 vim
1490 862 1817 931 collegisset,
1853 861 2093 929 nihilque

522 968 828 1028 admodum,
855 977 994 1034 pene
1029 961 1200 1015 dicam
1244 966 1395 1012 extra
1440 971 1499 1010 se
1547 969 1807 1023 suamque
1850 951 2090 1008 discendi

518 1061 824 1114 aviditatem
840 1054 1165 1122 reliquisset,
1183 1050 1441 1121 quoniam
1460 1057 1731 1119 parentem
1745 1061 1809 1100 ac
1823 1046 2084 1100 nutricem

516 1152 692 1206 omnis
711 1144 1267 1220 sapientiaeAthenas,
1287 1142 1419 1196 solis
1441 1140 1601 1194 animi
1632 1136 1878 1194 sensibus
1906 1152 1936 1192 e
1968 1136 2086 1191 Ion-

519 1243 718 1314 glnquo
750 1238 1083 1299 intuebatur,
1120 1249 1342 1303 quarum
1366 1247 1552 1287 amore
1577 1228 1783 1301 jamdiu
1806 1227 2087 1299 ﬂagrabat,

518 1351 626 1393 tum
685 1347 745 1392 ut
804 1336 957 1405 queis
1008 1330 1417 1393 destituebatur,
1448 1344 1510 1382 ea
1557 1327 1666 1381 illic
1708 1335 2096 1395 compararet;

2193 598 2378 650 πονεῖν
2407 597 2775 666 αἱρουμένοις.
2811 599 2894 651 Τὰ
2919 598 3185 668 κράτιστα
3212 598 3390 650 τοίνυν
3411 598 3646 651 ἐντεῦθεν
3682 603 3732 653 ὲν

2188 691 2251 743 οὐ
2304 689 2485 760 πολλῷ
2537 691 2615 760 τῷ
2642 694 2820 761 χρόνῳ
2851 690 3194 761 ξυνειλοχὼς,
3233 691 3329 744 καὶ⁸
3365 691 3530 760 μηδὲν
3561 692 3630 755 ὡς
3666 695 3732 745 εἰ·

2194 783 2317 834 πεῖν
2351 780 2457 846 ἔξω
2509 783 2833 837 καταλιπὼν
2883 782 3080 837 ἑαυτοῦ
3132 785 3227 837 καὶ
3268 782 3363 836 τοῦ
3416 783 3532 852 καθ’
3582 784 3733 837 αὑτὸν

2192 868 2541 942 βουλομένου,
2590 873 2715 926 ἐπεὶ
2765 874 2867 945 τὴν
2912 876 3126 944 μητέρα
3178 874 3273 927 καὶ
3305 876 3504 945 τροφὸν
3530 876 3732 944 ἀπάσης

2193 962 2384 1031 σοφίας
2409 964 2509 1027 τὰς
2548 965 2799 1036 Ἀθήνας,
2830 967 3111 1037 πόρρωθεν
3140 966 3289 1036 ἑώρα
3314 971 3423 1029 τοῖς
3453 968 3734 1037 λογισμοί,

2198 1054 2292 1107 καὶ
2332 1053 2538 1107 τούτων
2576 1055 2891 1118 ὲκπλείονος
2926 1056 3054 1126 ἦρα,
3090 1056 3227 1125 ὁμοῦ
3273 1057 3374 1125 μὲν
3409 1051 3483 1109 ὧν
3506 1059 3602 1110 ούκ
3632 1054 3735 1125 εἶχε

2193 1140 2536 1211 τευξόμενος,
2568 1143 2707 1212 ὁμοῦ
2734 1144 2790 1197 δὲ
2830 1147 2923 1198 καὶ
2961 1145 3168 1209 ταύτας
3201 1141 3282 1208 οἷς
3307 1144 3469 1208 αὐτὸς
3505 1143 3610 1215 εἶχε
3658 1164 3729 1198 κο-

2201 1231 2468 1300 σμήσων,
2521 1233 2661 1303 ἄρας
2700 1233 2908 1287 ἐκεῖθεν
2969 1234 3044 1297 ὡς
3093 1236 3351 1305 τάχιστα,
3384 1238 3481 1306 τῆς
3518 1236 3737 1289 ἐνταῦθα

2207 1326 2479 1397 φερούσης
2507 1328 2864 1386 ἀντεποιεῖτο.

520 1445 632 1488 tum
663 1441 718 1485 ut
743 1432 927 1485 urbem
952 1430 1017 1483 iis
1056 1442 1173 1497 qum
1193 1425 1754 1480 habebatexornaret.
1786 1420 2109 1476 Alexandria
2135 1423 2531 1491 quamprimum
2566 1427 2781 1481 solvens
2807 1428 2858 1480 in
2888 1429 3027 1481 viam
3059 1428 3183 1483 illuc
3208 1428 3464 1484 ferentem
3491 1445 3547 1483 se
3571 1431 3739 1483 dabat.

589 1523 733 1579 XIX.
761 1522 1067 1577 Conscensa
1092 1521 1275 1589 itaque
1305 1517 1603 1588 IEginetica
1651 1515 1797 1577 navi,
1824 1524 1949 1569 sunt
1985 1530 2081 1568 au-

452 1682 455 1685 _
520 1626 624 1671 tem
656 1614 923 1684 IEgiueta’.
955 1613 1031 1666 rei
1066 1611 1294 1665 nauticae
1331 1607 1698 1672 scientissimi,
1758 1608 1909 1660 lmtus
1953 1622 2074 1659 cmn

520 1710 652 1763 laetis
676 1708 731 1761 in
762 1705 926 1760 altum
973 1704 1304 1774 provehitur;
1358 1715 1454 1756 nec
1491 1700 1645 1755 initio
1677 1699 1887 1754 adversi
1923 1697 2082 1767 quid-

522 1813 674 1867 quam
702 1794 1065 1857 sentiebatur,
1104 1807 1203 1847 nec
1229 1801 1346 1845 erat
1383 1793 1603 1844 omnino
1632 1788 1698 1843 de
1727 1802 1834 1856 quo
1884 1801 2080 1856 quere-

521 1899 726 1952 rentur,
746 1896 934 1942 contra
962 1900 1089 1939 vero
1114 1882 1321 1952 placida
1345 1882 1451 1936 illis
1477 1896 1541 1935 ae
1566 1880 1850 1949 tranquilla
1874 1880 2076 1939 oumia,

520 1979 749 2044 coelum,
807 1978 995 2042 nubes,
1058 1989 1203 2029 mare
1237 2014 1252 2039 ,
1326 1988 1438 2038 aer,
1500 1973 1664 2027 verbo
1720 1986 1867 2025 mera
1924 1970 2087 2025 undi-

519 2084 619 2139 que
703 2067 967 2123 securitas
996 2103 1010 2119 .
1090 2062 1329 2119 Subinde
1406 2077 1534 2119 vero
1605 2076 1863 2121 conversa
1942 2062 2087 2116 velut

518 2159 711 2217 testula
800 2159 855 2213 in
925 2156 1257 2212 contrarium
1332 2169 1420 2210 res
1490 2154 1747 2220 mutari;
1850 2168 2089 2208 commo.

517 2255 643 2307 dum
703 2251 845 2306 enim
907 2247 1289 2303 Partbeuicum
1357 2260 1508 2300 mare
1575 2245 2087 2313 transmittentibus,

520 2344 753 2397 decurso
782 2339 894 2410 jam
926 2337 1039 2393 fere
1088 2336 1267 2392 medio
1317 2335 1698 2403 navigationis,
1740 2346 1902 2407 atque
1955 2338 2091 2392 adeo

519 2435 711 2489 salutis
777 2433 904 2486 item
957 2428 1255 2492 curriculo,
1315 2427 1403 2484 hic
1455 2427 1615 2498 turbo
1699 2428 2089 2492 intolerandus,

522 2522 782 2593 omnique
812 2519 1093 2585 memoria,
1130 2520 1171 2573 si
1205 2519 1386 2573 nautis
1414 2520 1703 2584 credimus,
1738 2520 2091 2586 saevissimus,

521 2618 703 2673 subito
757 2613 978 2684 ingruit.
1034 2613 1158 2667 Mox
1216 2612 1379 2681 igitur
1411 2627 1560 2666 mare
1597 2612 1742 2665 cinui
1775 2612 1826 2666 in
1876 2614 2091 2667 modum

518 2707 770 2771 misceri,
806 2720 1020 2759 sursum
1053 2705 1419 2774 deorsumque
1445 2720 1636 2771 magna
1667 2705 1714 2758 vi
1734 2704 2089 2775 exagitatam,

523 2814 620 2853 uec
651 2812 881 2867 usquam
914 2795 1211 2850 consistere
1241 2797 1428 2861 situm;
1459 2798 1551 2849 sed
1577 2805 1629 2849 et
1655 2795 1924 2863 navigium
1954 2811 2095 2849 nunc

520 2890 750 2943 sublime
783 2899 1027 2943 evectum
1049 2926 1065 2952 ,
1094 2902 1235 2941 nunc
1266 2888 1421 2955 aquis
1451 2887 1781 2953 demersum,
1838 2901 1947 2955 prae
1992 2884 2095 2940 llu-

524 2980 721 3047 ztibus,
761 2994 979 3049 praeque
1007 2980 1215 3039 crebra,
1251 2989 1298 3033 et
1333 2980 1606 3042 continua,
1638 2987 1693 3032 et
1737 2978 2097 3033 vehementis-

524 3075 661 3127 sima
687 3073 949 3127 undarum
979 3070 1238 3142 jactione,
1278 3086 1381 3125 non
1408 3071 1658 3140 exiguum
1684 3071 1855 3124 ultimi
1885 3072 2097 3140 pericu-

524 3165 559 3218 li
600 3173 799 3218 ntetum
847 3162 1223 3231 navigantibus
1287 3162 1499 3231 injecit.
1552 3160 1671 3217 Jam
1726 3162 1938 3225 caeteris
1988 3178 2093 3218 non

2270 1512 2372 1569 18'.
2411 1516 2523 1568 Kal.
2551 1518 2684 1586 δῆτα
2723 1517 2859 1583 νεὼς
2903 1521 3099 1584 ἐπιϐὰς
3149 1524 3458 1589 Αἰγιναίας,
3505 1524 3661 1577 δεινοὶ
3700 1525 3740 1576 δ’

2191 1598 2339 1659 οὗτοι
2396 1608 2467 1660 τὰ
2504 1611 2759 1675 ναυτικὰ,
2820 1611 3029 1683 χαίρων
3081 1614 3364 1684 χαίρουσιν
3405 1616 3586 1678 αὐτοῖς
3632 1633 3732 1668 συν-

2188 1698 2396 1769 ανήχθη
2428 1716 2444 1733 ⁸
2472 1702 2565 1755 καὶ
2590 1702 2726 1767 τέως
2748 1704 2846 1774 μὲν
2872 1704 3161 1777 δυσχεροῦς
3193 1708 3406 1772 οὐδενὸς
3433 1711 3703 1779 ὲπειρῶντγ
3720 1750 3736 1773 ,

2186 1792 2298 1846 οὐδ’
2344 1792 2492 1865 εἶχον
2547 1797 2704 1851 οὐδὲν
2743 1799 3016 1853 ούδοτιοῦν
3084 1801 3399 1863 αἰτιᾶσθαι,
3431 1803 3563 1855 ἀλλὰ
3597 1805 3742 1856 πάντ⁹

2188 1880 2256 1954 ἦν
2301 1886 2487 1951 αὐτοῖς
2527 1890 2586 1942 ἐν
2617 1890 2869 1962 ῥᾳστώνῃ
2894 1932 2910 1958 ,
2953 1893 3049 1945 καὶ
3078 1894 3303 1963 ούρανδς
3346 1894 3440 1946 καὶ
3489 1896 3618 1962 νέφη
3659 1896 3743 1947 καὶ

2189 1975 2449 2042 θάλαττα,
2518 1981 2613 2034 καὶ
2689 1982 2819 2051 ἀὴρ,
2880 1982 2976 2037 καὶ
3034 1984 3094 2036 τὸ
3139 1984 3399 2050 καθάπαξ
3436 1987 3609 2038 εἰπεῖν
3671 1988 3741 2045 εἰς

2188 2068 2333 2122 ἅπαν
2361 2070 2603 2142 θάρῤεῖν.
2632 2074 2841 2127 Ἔπειθ’
2879 2073 3068 2146 ὥσπερ
3112 2078 3382 2147 ὀστράκου
3433 2078 3742 2148 μεταπεσόν-

2186 2176 2299 2224 τος,
2339 2164 2417 2225 είς
2448 2165 2761 2218 τούναντίον
2792 2167 2860 2221 τὰ
2911 2168 3212 2238 πράγματα
3241 2171 3527 2241 περιέστη’
3558 2173 3617 2221 τὸ
3644 2171 3744 2239 γὰρ

2189 2253 2520 2322 παρθενικδν
2549 2255 2895 2311 διαϐάλλουσι
2934 2260 3209 2328 πέλαγος,
3243 2261 3340 2314 καὶ
3378 2263 3564 2331 σχεδον
3603 2258 3743 2314 οὖσιν

2190 2344 2248 2395 ὲν
2280 2345 2601 2417 μεσημϐρίᾳ
2649 2348 2743 2400 τοῦ
2785 2350 2943 2416 πλοῦ,
2978 2352 3035 2403 ἐν
3086 2351 3184 2421 ἴσῳ
3216 2352 3274 2405 δὲ
3302 2351 3372 2424 [1⁵.
3404 2354 3529 2407 add.
3561 2352 3655 2425 ὡς]
3679 2357 3747 2405 si.-

2193 2437 2316 2488 πεῖν
2369 2438 2464 2490 καὶ
2507 2437 2605 2490 τοῦ
2638 2438 2933 2504 σώζεσθαι.
2968 2443 3216 2509 τυφῶνός
3245 2461 3393 2507 τινος
3425 2447 3739 2515 ἐμπεσόντος

2193 2525 2427 2594 ἁθρόως,
2458 2526 2573 2580 οὔθ’
2608 2528 2725 2581 οἴου
2758 2531 2857 2582 καὶ
2906 2533 3117 2602 φέρειν,
3162 2534 3254 2587 καὶ
3285 2536 3398 2587 τῶν
3429 2537 3507 2589 εί;
3537 2538 3745 2606 μνήμην

2191 2619 2438 2687 ἡκόντων
2475 2622 2866 2692 χαλεπωτάτου
2906 2624 2981 2688 ὡς
3028 2626 3137 2678 τῶν
3169 2628 3386 2681 ναυτῶν
3416 2628 3478 2700 [Γ.
3512 2628 3635 2684 add.
3662 2625 3744 2698 ἦν]

2194 2708 2436 2773 ἀκούειν,
2472 2710 2506 2781 ἦ
2539 2728 2596 2762 τε
2645 2711 2884 2766 Θάλαττα
2917 2715 3131 2769 κυκεὼν
3182 2719 3454 2785 ἐγεγόνει,
3499 2720 3609 2772 ἄνω
3661 2718 3748 2772 καὶ

2195 2800 2348 2855 κάτω
2388 2803 2664 2873 φερομένη
2705 2806 2770 2873 τῇ
2803 2805 2920 2876 βίᾳ,
2960 2806 3055 2860 καὶΙ
3101 2808 3294 2877 στῆναι
3338 2810 3587 2882 μηδαμοῦ
3605 2810 3748 2863 δυνα-

2198 2895 2355 2964 μένησ
2388 2894 2448 2946 τό
2472 2911 2531 2946 τε
2562 2895 2791 2965 σκάφος,
2821 2895 2917 2950 νῦν
2948 2899 3045 2966 μὲν
3084 2900 3388 2968 μετέωρον,
3425 2900 3518 2955 νῦν
3549 2901 3591 2954 δ’
3624 2900 3750 2968 ὕφα-

2195 2982 2286 3035 λον
2314 2985 2632 3054 γιγνόμενον
2669 2986 2775 3039 ὑπὸ
2805 2987 2915 3040 τῶν
2945 2990 3231 3057 κυμάτων,
3271 2993 3377 3045 καὶ
3408 2995 3504 3059 τῆς
3536 2990 3749 3050 smm-

2196 3072 2289 3128 λου
2321 3077 2415 3128 καὶ
2460 3078 2719 3147 συνεχοῦς
2777 3081 2871 3131 καὶ
2905 3080 3280 3153 σφοδροτάτης
3346 3085 3438 3159 τοῦ
3475 3081 3753 3138 κλυδωνίου

2198 3169 2390 3238 φορᾶς,
2425 3168 2485 3220 οὐ
2546 3170 2744 3239 μικρὸν
2797 3172 2980 3234 αὐτοῖς
3022 3189 3114 3226 τον
3168 3174 3300 3243 περὶ
3364 3177 3474 3229 τῶν
3523 3174 3754 3245 ἐσχάτων

525 3259 686 3311 modo
729 3271 876 3311 mors
912 3254 1026 3325 ipsa
1068 3254 1379 3314 imminens.
1414 3255 1507 3309 sed
1549 3262 1604 3309 et
1642 3267 1793 3308 mors
1839 3253 1893 3308 in
1937 3255 2092 3309 undis

2200 3259 2365 3328 φόϐον
2404 3261 2599 3328 ἐπῆγε.
2638 3262 2764 3325 Τοῖς
2796 3261 2893 3330 μὲν
2926 3258 3018 3315 οὖν
3063 3264 3265 3330 ἄλλοις,
3304 3267 3376 3319 οὐ
3411 3266 3472 3320 τὺ
3526 3263 3753 3334 τεθνήξε-

522 3347 851 3413 suﬁ‘erenda,
923 3361 1183 3418 perquam
1250 3347 1529 3403 horribilis
1593 3348 1701 3403 visa
1766 3357 1872 3415 est,
1945 3350 2086 3418 quod

520 3451 810 3510 utrumque
864 3438 1345 3503 abominabantur;
1377 3453 1686 3509 quanquam
1722 3442 1865 3495 enim
1897 3457 2089 3497 ncces-

524 3534 673 3587 sario
721 3532 953 3585 alterum
995 3529 1321 3598 quandoque
1377 3529 1477 3583 sibi
1513 3538 1831 3585 eventurum
1875 3543 2088 3599 norant,

522 3625 636 3678 sive
658 3635 803 3676 nunc
822 3622 926 3677 hoc
951 3630 1134 3691 pacto,
1163 3621 1277 3676 sive
1303 3620 1409 3673 alio
1431 3620 1583 3676 alias:
1612 3622 1676 3678 de
1706 3622 1880 3677 salute
1914 3633 2089 3679 tamen

524 3728 586 3766 ac
623 3713 752 3779 vita,
810 3720 869 3765 ut
895 3727 992 3781 par
1015 3719 1154 3776 erat,
1194 3710 1435 3775 solliciti,
1496 3729 1823 3784 suarumque
1854 3717 2091 3770 necessi-

522 3806 770 3861 tudinum
804 3804 1037 3875 quisque
1088 3803 1383 3870 recordati,
1433 3820 1567 3874 quas
1604 3806 1932 3862 calamitatis
1983 3823 2095 3862 sum

524 3894 853 3966 appendices
904 3893 1196 3956 habebant,
1234 3894 1488 3964 lacrymis
1519 3895 1699 3947 omnia
1736 3910 1799 3947 ac
1851 3895 2096 3949 lamentis

520 3985 906 4056 complebant,
965 4000 1065 4038 nec
1121 3998 1228 4052 quo
1289 3998 1346 4037 se
1404 3990 1723 4047 verterent,
1764 3984 1958 4052 quidve
1982 3999 2098 4039 ca:-

522 4088 759 4150 ptarcnl,
815 4076 1055 4147 reperire
1112 4083 1384 4146 poterant.
1443 4074 1704 4143 Gregorio
1753 4089 1860 4128 non
1923 4074 2098 4129 minus

521 4170 705 4239 gravia
767 4178 821 4224 et
876 4170 987 4223 bace
1046 4169 1160 4236 ipsa
1237 4165 1595 4232 accidebant;
1657 4164 1823 4219 multo
1880 4166 2099 4235 gravius

524 4275 750 4327 tamen,
813 4259 924 4315 imo
996 4259 1258 4312 malorum
1337 4255 1578 4310 omnium
1659 4256 1903 4311 ultimum
1981 4268 2100 4315 erat

530 4365 851 4421 omnemque
908 4350 1336 4405 consolationem
1392 4346 1715 4416 superabat,
1766 4350 1906 4416 quod
1969 4366 2101 4418 quo-

530 4445 674 4497 niam
743 4440 1105 4496 sauetissimis
1180 4437 1457 4507 religiOuis
1532 4439 1801 4507 mysteriis
1860 4441 2097 4495 nondum

529 4534 768 4588 initiatus
823 4541 940 4584 erat
974 4569 990 4597 ,
1043 4542 1140 4583 nec
1204 4528 1500 4597 legitimum
1565 4528 1759 4582 divinae
1819 4528 2098 4585 familiari-

528 4625 651 4679 tatis
702 4623 1039 4692 signaculum
1092 4624 1391 4687 acceperat,
1446 4619 1497 4672 in
1546 4618 1860 4674 discrimine
1914 4637 2098 4676 versa-

529 4728 696 4783 retur,
748 4730 817 4771 ne
851 4716 1016 4769 Deum
1063 4714 1239 4782 ipsutn
1290 4713 1455 4766 miser
1503 4712 1792 4776 amitteret,
1847 4712 2097 4784 illiusque

526 4810 692 4878 gloria
727 4821 949 4876 prorsus
975 4805 1270 4859 excideret.

596 4896 715 4950 XX.
769 4894 981 4963 Quippe
1033 4903 1092 4948 ut
1143 4893 1352 4947 lustrali
1409 4893 1625 4949 lavacro
1673 4893 1778 4949 rite
1825 4897 2095 4965 expiatum

527 5004 669 5053 esse,
730 4989 959 5040 docente
1006 4983 1183 5040 Paulo
1241 4985 1307 5051 ‘°,
1367 4984 1641 5040 Christum
1698 4987 1937 5043 induisse
1991 5000 2097 5057 est,

534 5095 780 5149 novoque
808 5078 1041 5149 quodam
1072 5080 1230 5133 modo
1255 5078 1534 5134 Christum
1560 5089 1761 5135 tactum
1792 5097 1935 5148 esse,
1962 5100 2098 5153 aqua

529 5172 784 5227 nimirum
821 5169 1122 5239 spirituque
1146 5180 1500 5240 perunctum;
1530 5173 1608 5227 sic
1633 5187 1852 5228 necesse
1879 5176 2101 5230 omnino

420 5314 427 5321 κ
528 5273 633 5326 est,
688 5277 716 5316 a
772 5261 987 5316 Christo
1047 5261 1209 5316 etiam
1273 5260 1603 5330 disiunctum
1659 5277 1800 5327 esse,
1857 5267 2102 5336 quisquis

534 5352 915 5408 lustrationem
951 5340 1095 5407 illam
1145 5364 1466 5409 consecutura
1513 5370 1620 5409 non
1665 5367 1787 5410 est:
1829 5371 1935 5424 quo
1971 5358 2098 5427 quid

529 5445 702 5500 dirius
733 5461 971 5515 unquam
1005 5446 1256 5502 accidere
1300 5456 1496 5517 potest,
1541 5462 1645 5504 non
1679 5449 1750 5503 illi
1779 5451 1974 5514 solum,
2007 5450 2099 5519 qui

529 5546 583 5594 et
616 5538 767 5607 prius
798 5538 907 5594 Deo
948 5549 1297 5595 consecratus
1343 5555 1507 5610 quam
1543 5549 1837 5610 conceptus
1875 5553 2012 5608 erat,
2049 5551 2104 5596 et

533 5638 715 5699 postea
747 5634 800 5686 et
832 5642 1083 5700 mentem,
1115 5641 1169 5688 et
1208 5635 1394 5700 vitam,
1432 5644 1485 5688 et
1514 5634 1829 5705 dictionem,
1860 5646 1910 5691 et
1936 5636 2102 5692 aetio-

604 5813 645 5845 "
689 5812 869 5873 Galat.
942 5831 1015 5882 tt,
1046 5815 1139 5871 27.

2203 3349 2329 3403 σθαι
2371 3350 2553 3419 μόνον,
2586 3352 2723 3404 ἀλλὰ
2750 3354 2843 3405 καὶ
2867 3353 2925 3405 τὸ
2946 3357 3058 3416 τοῖς
3087 3354 3242 3409 ὕδασι
3268 3358 3431 3410 τοῦτο
3462 3356 3752 3417 πείσεσθαι,

2190 3439 2364 3493 δεινὸν
2403 3441 2579 3495 ἐδόκει
2619 3445 2711 3495 καὶ
2767 3443 2888 3497 κατ’
2932 3446 3101 3515 ἄμφω
3130 3448 3577 3520 δυσχεραίνοντες
3603 3444 3750 3519 ἦσαν·

2191 3534 2240 3585 εί
2273 3534 2381 3602 γὰρ
2414 3533 2510 3588 καὶ
2544 3534 2773 3606 θάτερον
2832 3537 3015 3604 σφίσιν
3055 3539 3237 3600 αὐτοῖς
3269 3540 3329 3606 ἐξ
3362 3542 3606 3611 ἀνάγκης
3651 3538 3752 3591 ἐσό-

2196 3643 2357 3694 μενον
2390 3626 2613 3696 ᾔδεσαν,
2634 3629 2728 3683 ὲάν
2756 3648 2813 3683 τε
2847 3631 2940 3683 νῦν
2972 3630 3165 3696 οὕτως,
3204 3632 3301 3685 ὲάν
3341 3634 3389 3686 τ’
3415 3633 3588 3695 ἄλλως
3615 3630 3753 3705 [:idd.

2192 3717 2379 3771 ἄλλοτε
2417 3730 2510 3773 aut
2542 3718 2794 3792 ὕστερον]
2831 3721 3010 3793 ξυμϐῇ
3036 3762 3051 3782 ,
3088 3723 3202 3776 ἀλλ’
3228 3722 3341 3790 ἄρα
3369 3725 3462 3777 τοῦ
3500 3724 3754 3793 περιεῖναι

2195 3811 2290 3861 καὶ
2337 3810 2436 3880 ζῇν
2477 3810 2551 3874 ὡς
2596 3812 2743 3875 εἰκὸς
2793 3815 3111 3882 ποιούμενοι
3161 3812 3343 3881 λόγον,
3378 3819 3474 3867 καὶ
3522 3815 3636 3883 ἅμα
3660 3812 3755 3864 τῶν

2196 3898 2418 3952 οἰκείων
2466 3900 2546 3961 είς
2604 3903 2829 3973 μνήμην
2863 3905 3033 3966 ἰόντες
3083 3905 3179 3957 καὶ
3217 3906 3445 3970 τούτους
3478 3907 3756 3975 ἐπιθήκην.

2196 3989 2294 4056 τῆς
2327 3990 2612 4059 συμφορᾶς
2662 3993 3026 4061 κεκτημένοι,
3062 3992 3317 4062 δακρύων
3371 3995 3566 4049 ἅπαντ’
3600 3992 3758 4061 ὲπλή·

2201 4096 2328 4147 ρουν
2359 4081 2454 4132 καὶ
2485 4083 2769 4150 οἰμωγῶν,
2807 4084 2902 4136 καὶ
2930 4084 3028 4135 οὐκ
3051 4078 3197 4153 είχον
3226 4086 3253 4138 ὅ
3280 4103 3336 4139 τι
3374 4087 3466 4139 καὶ
3508 4087 3755 4153 γένοιντο.

2199 4169 2289 4239 Τῷ
2321 4170 2395 4235 δὲ,
2434 4172 2527 4225 καὶ
2558 4173 2729 4226 ταῦτα
2765 4174 2863 4244 μὲν
2888 4175 3038 4227 οὐδὲν
3056 4170 3218 4248 ἦττον
3242 4192 3256 4208 ⁸
3296 4177 3480 4248 πολλῷ
3508 4178 3564 4232 δὲ
3590 4176 3757 4240 πλέον,

2204 4263 2404 4332 μᾶλλον
2445 4263 2502 4318 δὲ
2558 4266 2747 4320 κακῶν
2801 4267 3031 4337 ἔσχατον
3094 4264 3186 4340 ἦν,
3251 4270 3354 4323 καὶ
3417 4268 3760 4343 παραμυθίαν

2202 4356 2385 4409 πᾶσαν
2418 4356 2771 4426 ὑπερϐαῖνον,
2797 4360 2857 4411 τὸ
2888 4360 3222 4414 κινδυνεύειν
3247 4357 3332 4425 οἷς
3356 4363 3467 4416 τῶν
3501 4361 3761 4430 μεγίστων

2201 4446 2278 4500 ἔτ’
2318 4449 2602 4510 ἀτέὶεστος
2640 4444 2707 4519 ἦν
2733 4490 2748 4514 ,
2791 4451 2883 4503 καὶ
2916 4452 3015 4520 τῆς
3059 4452 3192 4520 πρὸς
3241 4452 3380 4505 Θεὸν
3442 4453 3762 4520 οἰκειότητος

2203 4537 2355 4591 οὔπω
2413 4538 2511 4610 τὴν
2563 4541 2892 4611 γιγνομένην
2942 4543 3260 4613 δεδεγμένος
3322 4544 3621 4616 σφραγῖδα,
3642 4542 3764 4595 Θεὸν

2199 4629 2360 4682 αὐτὸν
2397 4630 2660 4684 ἀπολέσαι
2711 4633 2928 4702 καὶτῆς
2958 4633 3166 4687 ἐκείνου
3211 4635 3375 4705 δόξης
3419 4639 3763 4691 παντάπασιν

2199 4722 2474 4778 ἐκπεσεῖν.

2271 4899 2355 4953 K'.
2399 4899 2486 4961 Ὠς
2528 4901 2638 4970 γὰρ
2686 4903 2747 4954 τὸ
2780 4901 3159 4973 βαπτίσματος
3194 4905 3493 4975 ἠξιῶσθαι,
3533 4902 3763 4973 Χριστόν

2202 4996 2321 5048 ἐστι
2383 4996 2525 5049 κατὰ
2578 4995 2794 5051 Παῦλον
2846 4997 3083 5066 ὲνῆφθαι
3114 5014 3129 5031 ο
3172 5002 3268 5052 καὶ
3319 4999 3499 5062 άλλως
3546 4996 3768 5068 Χριστὸν

2203 5088 2489 5154 γεγονέναι
2541 5085 2696 5140 ὕδατι
2740 5087 3034 5156 χρισθέντα
3089 5092 3186 5142 καὶ
3238 5089 3557 5158 πνεύματι,
3603 5085 3768 5146 οὕτως

2208 5178 2427 5246 ἀνάγκη
2463 5182 2614 5231 πᾶσα
2649 5178 2744 5231 τὸν
2792 5181 2871 5249 μὴ
2909 5179 3100 5232 τούτου
3127 5180 3382 5250 τυχόντα,
3420 5184 3517 5233 καὶ
3538 5173 3767 5247 Χριστοῦ

2204 5271 2564 5341 κεχωρίσθαιο
2602 5287 2664 5323 ου
2704 5271 2759 5323 τί
2802 5270 2910 5323 τῶν
2965 5271 3228 5324 ἁπάντων
3259 5271 3650 5339 ἐλεεινότερον,
3678 5266 3770 5332 οὐχ

2204 5359 2352 5424 ὅπως
2396 5362 2589 5429 ἐκείνῳ
2629 5361 2707 5428 τῷ
2758 5363 2854 5414 καὶ
2891 5362 2996 5431 πρὸ
3032 5362 3357 5432 συλλήψεως
3392 5358 3769 5429 ἁφωσιωμένφ

2205 5452 2325 5522 Θεῷ
2351 5490 2368 5517 ,
2409 5455 2504 5507 καὶ
2539 5452 2768 5521 ὕστερον
2808 5455 2903 5508 καὶ
2935 5453 3058 5507 νοῦν
3086 5456 3179 5508 καὶ
3211 5454 3326 5524 βίον
3369 5454 3467 5506 καὶ
3496 5454 3654 5519 λόγον
3684 5446 3770 5499 καὶ

2207 5543 2449 5614 πρᾶξιν,
2504 5547 2599 5599 καὶ
2649 5547 2806 5602 πάνθ’
2860 5546 3058 5600 ἑαυτὸν
3098 5548 3195 5615 τῆς
3255 5545 3467 5601 ἄνωθεν
3521 5542 3772 5610 ἐξάψαντι

2208 5634 2412 5703 δεξιᾶς,
2463 5636 2599 5690 ἀλλὰ
2653 5639 2748 5691 καὶ
2796 5638 2932 5702 ὅλως
2954 5637 3238 5713 ,ἀνθρώπῳ
3270 5637 3398 5690 νοῦν
3440 5637 3640 5708 ἔχοντι,
3685 5631 3770 5684 καὶ
