4028 6446
256 451 361 519 237

1182 450 1581 511 L.\UD.\TIO
1614 451 1675 511 S.
1718 450 2103 511 GREGORII
2146 448 2572 509 THEOLOGI.
3442 444 3547 504 E178

265 569 591 637 λογίζεσθαι.
617 567 931 636 δυναμενῳ,
967 565 1063 618 καὶ
1114 563 1261 617 τοῦτ’
1296 563 1464 618 εἰδότι
1518 564 1723 627 καλῶς,
1765 564 1850 617 ὅτι

1982 570 2102 623 tem.
2137 568 2194 617 et
2225 575 2284 615 se
2322 561 2558 629 denique
2611 564 2785 611 totum
2818 569 3070 624 superum
3122 554 3359 609 (latera:
3405 560 3551 609 velut

266 660 370 714 κᾶν
419 659 518 728 τὴν
569 656 905 725 οἰκουμένην
951 656 1135 708 πᾶσαν
1165 654 1439 725 κατάσχῃ,
1471 654 1576 708 κᾶν
1609 655 1702 707 τὸν
1744 654 1852 707 ύπδ

267 754 370 819 γῆν
419 767 478 804 τε
528 750 623 804 καὶ
655 750 797 817 ὑπὲρ
830 748 938 818 γῆς
979 750 1252 818 κτήσηται
1286 749 1448 816 μόνος
1478 748 1706 818 χρυσὸν,
1742 748 1850 802 κᾶν

269 845 472 907 πάντας
522 841 648 903 τούς
700 858 761 893 τε
809 840 1010 905 ὄντας,
1069 841 1195 904 τούς
1235 842 1604 910 τ’ὲσομένους
1652 842 1761 912 πρὸ
1792 842 1841 895 τ’

268 937 452 999 ἐόντας
486 933 812 1005 ἀνθρώπους
845 933 1167 1005 εὐδαιμονίᾳ
1201 934 1473 1006 παρέλθῃ.
1512 934 1667 988 οὐδὲν
1702 933 1852 1004 αύτῷ

270 1028 427 1080 πλέον
471 1028 627 1081 ἔσται
676 1028 807 1095 περὶ
853 1026 1034 1097 ψυχῆς
1086 1026 1481 1081 κινδυνεύοντι.
1561 1026 1729 1082 Ταῦτ’
1759 1026 1855 1081 οὖν

271 1124 477 1183 ἐκεῖνος
498 1114 781 1190 τηνικαῦτ’
813 1119 1036 1183 ἐννοῶν,
1061 1120 1158 1171 καὶ
1182 1118 1408 1183 τούτους
1438 1118 1551 1173 ἄνω
1576 1123 1671 1173 καὶ
1704 1120 1856 1174 κάτω

272 1216 518 1284 στρέφων
556 1214 685 1275 τοὺς
721 1211 1046 1281 λογισμοὺς,
1082 1213 1471 1283 ἐπηρτημένου
1521 1214 1620 1284 μὲν
1672 1212 1858 1267 τοσού-

272 1325 365 1361 του
396 1306 670 1369 κινδύνου,
704 1306 801 1359 τοῦ
862 1304 921 1359 δὲ
977 1305 1252 1376 χειμῶνος
1289 1304 1352 1358 οὖ
1410 1323 1464 1359 τι
1514 1304 1851 1375 λωφοῦντος,

270 1401 367 1452 καὶ
398 1399 530 1469 πρὸς
588 1397 901 1469 ὑπερϐολὴν
931 1380 1251 1466 αἰρομένου,
1289 1398 1530 1467 ἀπορίας
1568 1399 1625 1453 δὲ
1661 1399 1861 1453 πάντοι

278 1494 372 1545 θεν
410 1492 599 1567 ούσης,
631 1492 1039 1546 ὲπιλειπουσῶν
1088 1493 1150 1546 δὲ
1206 1490 1394 1563 σχεδον
1451 1492 1563 1546 τῶν
1601 1493 1858 1558 ἐλπίδων,

279 1586 375 1638 ἐπὶ
407 1584 569 1656 ξυροῦ
610 1585 666 1639 δὲ
720 1586 908 1654 ἀκμῆς
959 1585 1070 1638 τῶν
1119 1587 1469 1656 πραγμάτων
1503 1587 1778 1649 ἑστώτων,
1806 1584 1863 1639 τί

274 1680 464 1740 ποιεῖ,
522 1678 614 1729 καὶ
666 1677 791 1729 τίνα
836 1675 993 1729 λύσιν
1044 1678 1252 1730 ἐπινοεῖ
1301 1679 1393 1732 τοῦ
1429 1678 1641 1743 δεινούς
1674 1679 1863 1746 Ilion;

276 1768 597 1841 ἡστινοσοῦν
653 1768 1007 1840 ἀνθρωπίνης
1059 1768 1403 1837 ἀπεγνωκὼς
1462 1770 1708 1835 ὲπινοίας
1764 1772 1862 1824 καὶ

280 1863 473 1932 μηδενὶ
504 1861 711 1915 τούτων
742 1862 839 1914 καὶ
890 1862 1015 1925 τοὺς
1067 1860 1262 1924 ἄλλους
1314 1863 1514 1926 πείσας
1544 1865 1859 1934 προσέχειν,

277 1955 376 2009 ἐπὶ
420 1955 512 2009 τὸν
562 1956 619 2007 ὲν
664 1956 892 2024 ἀπόροις
944 1957 1183 2026 πόριμον
1241 1956 1334 2007 καὶ
1382 1957 1566 2011 πάντα
1603 1955 1863 2011 ποιοῦντα

274 2049 377 2102 ’καὶ
414 2048 891 2118 μετασκευάζοντα
930 2049 1076 2117 μόνῳ
1100 2047 1179 2118 τῷ
1216 2047 1505 2119 βούλεσθαι
1548 2049 1656 2103 δεῖν
1723 2051 1865 2120 ἔγνω

280 2140 647 2208 καταφεύγειν
671 2140 805 2192 Θεὸν
834 2181 850 2202 ,
890 2140 984 2191 καὶ
1032 2139 1211 2209 τούτῳ
1265 2140 1545 2193 πιστεύειν
1604 2140 1665 2193 τὸ
1700 2142 1869 2206 σώζε-

287 2229 428 2282 σθαι·
460 2225 519 2283 εὖ
554 2228 710 2291 εἰδὼς
734 2228 811 2289 ὡς
839 2231 890 2282 εἰ
930 2231 1032 2283 καὶ
1062 2234 1563 2302 συμφοραῖςμτισιν
1585 2232 1736 2302 ἡμᾶς
1763 2249 1866 2285 πε-

289 2323 532 2391 ριπεσεῖν
564 2336 699 2373 ποτε
737 2319 1052 2390 ξυγχωροίη
1078 2360 1093 2385 ,
1131 2296 1243 2374 εἴτε
1264 2296 1567 2393 παροῦσαν
1604 2296 1870 2375 dvas-ce),-

286 2415 393 2465 λων
416 2413 636 2478 κακίαν,
669 2413 772 2466 εἴτ’
805 2412 1076 2484 ἐσομένην
1107 2413 1493 2486 προαναιρῶν,
1591 2415 1870 2484 τιμωρού-

290 2521 453 2573 μενος
489 2507 824 2573 γεγονυῖαν,
882 2506 944 2557 τὸ
1004 2508 1118 2576 γὰρ
1181 2505 1283 2576 τῆς
1337 2507 1541 2576 πείρας
1598 2486 1868 2577 παρίημι,

285 2598 435 2651 ἔστιν
467 2599 555 2651 ὅτε
588 2602 680 2651 καὶ
712 2598 799 2667 ἐφ’
824 2591 900 2651 ὧν
928 2598 1251 2670 γινομένης,
1274 2597 1391 2654 ἀλλ’
1432 2598 1577 2669 ὑπὲρ
1607 2598 1704 2652 τοῦ
1745 2599 1870 2670 βελ-

278 2690 435 2756 τίους
474 2691 541 2746 ἂν
578 2693 935 2761 γεγενῆσθαι,
973 2693 1070 2746 καὶ¹
1123 2692 1433 2764 κηδόμενος
1489 2694 1692 2764 μᾶλλον
1721 2696 1753 2763 ἢ
1783 2682 1874 2749 κοιξ

280 2783 451 2839 ὶάσαι
507 2784 831 2854 βουλόμενος
900 2786 1177 2855 συγχωρεῖ
1233 2785 1334 2854 τῆς
1401 2784 1536 2853 γοῦν
1608 2787 1876 2858 συνήθους

246 2876 254 2883 ”
283 2877 448 2939 εὐθὺς
473 2880 838 2947 χρηστότητος
897 2876 1081 2947 ἔχεται
1113 2878 1208 2931 καὶ
1238 2878 1338 2930 οὐκ
1392 2878 1651 2950 ἀνέχεται
1702 2895 1875 2933 tona-

291 2970 490 3040 ράπαν,
522 2968 634 3022 οὔτ’
670 2969 1024 3040 ἐπιλελῆσθαι
1045 2969 1137 3022 τοῦ
1169 2970 1540 3041 οίκτειρῆσαι,
1580 2969 1641 3023 οὗ
1655 2988 1707 3023 τε
1739 2973 1876 3035 τοὺς

290 3061 576 3132 (xum-nit;
630 3061 798 3115 αὐτοῦ
853 3061 1104 3132 συνέχειν
1163 3063 1223 3114 ὲν
1253 3063 1392 3134 ὀργῇ
1425 3075 1441 3092 ·
1491 3063 1880 3133 φιλάνθρωπος

289 3156 424 3225 γάρ⁸
472 3156 565 3208 καὶ
618 3154 765 3207 τοῦτ’
796 3154 947 3222 αύτῷ
1000 3154 1202 3223 μᾶλλον
1236 3155 1371 3225 πρὸς
1400 3156 1631 3227 τρόπου.

1959 657 2338 724 appenderat;
2406 665 2594 704 verum
2667 646 2759 701 ulli
2815 647 3038 700 omnino
3099 646 3300 699 homini
3359 652 3556 701 mentis

1958 746 2194 815 eompoti
2243 758 2307 799 ac
2349 741 2807 806 ratiocinationis,
2858 749 2913 795 et
2961 753 3123 808 quem
3161 740 3291 794 illud
3335 741 3556 794 minime

1962 838 2153 908 fugiat,
2189 838 2331 908 quod
2380 836 2597 891 tametsi
2632 834 2947 889 universum
2984 846 3250 889 terrarum
3286 835 3472 887 orbem
3502 834 3555 888 in

1962 933 2172 986 ditione
2194 944 2289 986 sua
2313 945 2376 984 ac
2399 938 2667 997 potestate
2692 935 2893 983 teneat.
2921 928 3152 998 aurique
3174 928 3281 982 vim
3309 944 3525 983 omnem
3542 968 3557 988 .

1959 1039 2082 1095 qua:
2112 1023 2214 1080 sub
2253 1033 2421 1089 terra,
2456 1030 2552 1077 aut
2588 1036 2751 1091 super
2784 1032 2988 1077 terram
3046 1032 3152 1090 est,
3196 1038 3337 1078 Untts
3370 1024 3552 1093 possi-

1961 1120 2128 1185 deat;
2170 1116 2389 1173 tametsi
2443 1125 2715 1187 quotquot
2765 1130 2993 1187 usquam
3043 1126 3170 1171 sunt
3219 1118 3554 1180 mortalium,

1962 1221 2057 1266 aut
2116 1212 2170 1265 in
2224 1220 2499 1281 posterum
2545 1209 2712 1265 futuri
2765 1219 2915 1273 sunt,
2976 1218 3071 1263 aut
3122 1208 3252 1265 olim
3310 1208 3556 1271 fuerunt.

1963 1301 2223 1358 felicitate
2274 1300 2534 1373 gaudeat,
2587 1301 2720 1356 nihil
2766 1302 2822 1356 id
2869 1300 2972 1358 sibi
3004 1311 3209 1366 tamen,
3263 1303 3330 1358 de
3379 1304 3558 1358 anima

1965 1394 2325 1465 periclitanti,
2369 1392 2737 1463 profuturum.
2792 1392 2919 1448 Haec
2965 1394 3054 1448 ille
3089 1403 3199 1446 tum
3247 1410 3431 1449 secum
3471 1411 3559 1450 re—

1966 1496 2191 1555 putans,
2238 1493 2293 1541 et
2338 1484 2649 1556 huiusmodi
2688 1498 2905 1539 sursum
2960 1486 3323 1553 deorsumque
3379 1489 3563 1541 animo

1962 1579 2325 1648 cogitationes
2383 1591 2629 1644 versans,
2694 1578 3124 1646 prasentissimo
3173 1580 3224 1633 in
3285 1580 3563 1650 periculo,

1968 1672 2105 1727 nihil
2144 1671 2457 1725 remittente
2500 1667 2761 1740 procella,
2800 1670 2909 1724 imo
2943 1670 3009 1725 ad
3065 1687 3337 1726 sunnnmn
3376 1686 3566 1727 exces-

1962 1782 2085 1821 sum
2143 1767 2560 1827 intumescente,
2615 1763 2759 1817 nulla
2807 1777 3039 1832 usquam
3097 1763 3347 1818 elabendi
3406 1765 3564 1829 rima,

1970 1861 2116 1914 nulla
2144 1860 2314 1916 ferme
2342 1858 2556 1913 residua
2583 1857 2826 1927 specula,
2862 1860 3134 1926 rebusque
3173 1856 3224 1911 in
3256 1857 3369 1912 acie
3400 1872 3563 1911 nova-

1970 1953 2107 2009 eules
2130 1953 2242 2023 jam
2273 1950 2626 2013 ltmrcnlibus,
2657 1949 2784 2017 quid
2828 1949 3045 2017 occ’pit,
3084 1963 3292 2018 (μείρεο,
3333 1964 3568 2018 quath

1970 2047 2428 2119 expediendorum
2507 2046 2772 2099 malorum
2835 2045 3099 2098 rationem
3169 2044 3569 2116 init?Nempe

1973 2138 2230 2194 damnata
2257 2138 2493 2192 humana
2521 2137 2667 2191 Omni
2693 2145 2811 2191 arte
2838 2148 2900 2189 ac
2929 2137 3218 2202 industria,
3246 2141 3569 2209 oratorisque

1976 2248 2044 2289 ne
2079 2234 2260 2304 aliqua
2297 2247 2355 2287 re
2383 2232 2696 2301 huiusmodi
2745 2230 3081 2286 conﬁderent
3131 2232 3447 2298 admonitis,
3504 2235 3568 2287 al

1976 2326 2152 2389 illum,
2190 2326 2283 2396 qui
2321 2324 2373 2379 in
2431 2324 2595 2380 rebus
2634 2322 2794 2377 inviis
2836 2324 2978 2377 viam
3017 2324 3242 2393 reperit,
3286 2343 3304 2376 ι
3330 2326 3421 2395 qui
3453 2343 3570 2379 om-

1980 2415 2174 2485 niaque
2204 2416 2316 2468 solo
2346 2421 2478 2467 uqu
2523 2429 2619 2466 suo
2667 2411 2800 2482 facit
2833 2429 2895 2466 ac
2937 2413 3185 2467 immutat
3222 2414 3289 2479 ",'
3322 2433 3340 2466 ι
3375 2415 3573 2470 confu-

1979 2506 2258 2576 giendum,
2326 2521 2591 2575 suamque
2655 2505 2731 2559 illi
2791 2506 3238 2560 committendam
3301 2505 3569 2570 salutem,

1979 2599 2387 2669 Statuit,baud
2417 2599 2659 2669 ignarus,
2700 2597 2841 2666 quod
2885 2613 3195 2668 quanquam
3240 2599 3293 2653 in
3343 2602 3570 2655 adversa

1984 2667 2230 2763 quredaui
2259 2707 2360 2746 nos
2391 2706 2785 2759 nonnunquam
2819 2690 3065 2745 incidere
3096 2691 3236 2746 Dens
3258 2690 3427 2756 sinat,
3458 2692 3575 2747 sive

1985 2796 2044 2841 ut
2074 2800 2315 2855 prmsens
2350 2784 2571 2853 aliquod
2614 2782 2851 2836 refrenet
2904 2781 3117 2846 vitium,
3165 2783 3282 2836 sive
3330 2781 3571 2836 futurum

1982 2878 2265 2947 praecidat,
2299 2878 2417 2933 sive
2440 2885 2603 2931 antea
2634 2875 2939 2930 admissum
2983 2875 3219 2929 vindicet
3244 2891 3258 2940 ;
3280 2889 3415 2929 nam
3450 2887 3572 2929 ten-

1984 2974 2243 3029 tatiouem
2275 2955 2534 3036 divinam,
2568 2984 2689 3038 quae
2718 2968 3035 3038 aliquando,
3076 2979 3141 3031 ,ει
3174 2973 3227 3022 in
3257 2970 3576 3037 quibusdam

1986 3066 2048 3121 lit.
2070 3106 2085 3131 ,
2116 3080 2263 3120 nunc
2287 3065 2480 3121 omitto
2509 3081 2525 3127 ;
2560 3063 2682 3118 ideo
2713 3065 2814 3118 hoc
2861 3074 3044 3117 tamen
3082 3048 3381 3133 permittat,
3414 3071 3471 3117 ut
3510 3067 3578 3117 al

1990 3161 2190 3214 bonam
2231 3146 2528 3213 redeamus
2581 3155 2816 3227 frugem,
2861 3167 2917 3210 et
2945 3156 3119 3211 nostri
3159 3155 3338 3224 potius
3391 3172 3576 3211 curant

291 3264 479 3318 agens,
527 3264 686 3316 quam
738 3247 995 3301 ultionem
1049 3258 1333 3317 expetens,
1373 3253 1516 3304 umle
1558 3265 1613 3307 et
1663 3264 1873 3309 suetam
1917 3270 2038 3308 mos
2120 3252 2510 3319 benignitatem
2563 3265 2718 3305 suam
2792 3248 3176 3318 amplectatur,
3215 3263 3314 3303 nec
3354 3249 3579 3303 omnino

293 3346 577 3409 sustineat,
620 3354 716 3398 aut
772 3343 1008 3400 oblivisci
1039 3347 1295 3407 misereri.
1325 3358 1417 3401 aut
1456 3365 1566 3418 prce
1597 3350 1880 3405 iracundia
1919 3365 2156 3406 coercere
2186 3346 2580 3403 misericordias
2612 3362 2740 3402 suas
2779 3346 2847 3402 υ.
2881 3345 3133 3403 Clemens
3195 3346 3341 3401 enim
3408 3349 3567 3400 miti.»-

297 3454 402 3509 que
438 3440 490 3494 in
534 3455 709 3511 genus
752 3442 1046 3495 humanum
1102 3451 1208 3506 est,
1255 3455 1310 3498 et
1359 3446 1411 3498 id
1472 3458 1679 3501 natura:
1730 3448 1876 3504 illius
1918 3448 2090 3519 magis
2120 3447 2396 3502 convenit.

366 3536 495 3591 ΚΝ.
542 3537 708 3591 Ταῦτ’
742 3537 850 3608 ἄρα
877 3539 974 3593 καὶ
1003 3537 1223 3592 πάντων
1248 3540 1410 3595 αὐτὸν
1436 3542 1756 3616 ἀναμνήσας
1784 3545 1873 3599 τῶι

2069 3543 2299 3599 XXI.Ob
2325 3545 2435 3597 lucc
2473 3543 2659 3611 itaque
2695 3542 3087 3598 miraculorum
3119 3542 3387 3605 omnium,
3428 3558 3578 3611 qute-

306 3628 366 3691 ὲξ
398 3629 567 3699 ἀρχῆς
608 3630 913 3700 τεραστίων
937 3670 952 3695 ,
989 3632 1086 3685 atat
1116 3626 1192 3687 ὧν
1231 3633 1497 3688 ἑκάστοτε
1537 3636 1628 3690 διὰ
1671 3636 1878 3707 πλῆθος

306 3722 474 3783 ἐλέους
504 3725 597 3776 καὶ
627 3724 899 3793 πεποίηκε
933 3725 1034 3778 καὶ
1066 3728 1234 3791 ποιεῖ,
1267 3729 1361 3780 καὶ
1385 3726 1599 3792 τούτοις
1624 3730 1882 3800 προσθείτ

300 3832 388 3868 ναι
421 3817 480 3869 τὸ
519 3816 642 3871 κατ’
682 3816 847 3870 αὑτὸν
876 3816 934 3883 ἐξ
964 3816 1110 3885 ἄγαν
1140 3817 1490 3891 ὀδυνωμένης
1528 3821 1745 3889 δεηθεὶς
1778 3821 1882 3893 τῆς

296 3910 559 3979 καρδίας,
603 3911 728 3963 ἐπεὶ
772 3910 866 3963 καὶ
910 3912 1010 3982 τὴν
1055 3912 1477 3984 φιλανθρωπίαν
1521 3914 1689 3969 αὐτοῦ
1737 3933 1882 3987 συμ-

293 4002 709 4070 πρεσὸεύουσαν
743 3998 881 4073 εἶχε.
913 4003 1009 4057 καὶ
1045 4007 1168 4069 ταῖς
1225 4006 1413 4078 εὐχαῖς
1454 4006 1880 4079 συμμαχοῦσαν,

284 4092 470 4156 eam;
505 4094 783 4147 ἀπέλαυσε
814 4096 925 4149 τῶν
963 4095 1141 4166 εὐχῶν
1170 4098 1265 4151 καὶ
1300 4098 1465 4159 αὐτὸς
1498 4099 1609 4151 τῶν
1643 4099 1842 4154 ἑαυτοῦ
1867 4141 1881 4166 ,

290 4188 391 4239 καὶ
423 4189 471 4239 oi
498 4186 650 4241 ἄλλοι
673 4187 781 4241 τῶν
802 4186 991 4253 αὐτοῦ,
1024 4187 1203 4258 ὼςζμή
1232 4189 1393 4259 μόνον
1418 4189 1584 4244 αὑτὸν
1606 4191 1674 4244 δι’
1696 4193 1879 4258 αὑτὸν,

292 4281 434 4334 αλλὰ
467 4281 536 4335 δι’
565 4281 728 4336 αὐτὸν
771 4282 868 4336 καὶ
900 4281 1032 4348 τοὺς
1072 4282 1269 4347 ἄλλους
1303 4285 1613 4338 σεσῶσθαι·
1650 4287 1746 4340 καὶ
1785 4304 1885 4357 χα-

292 4373 553 4442 ρισθῆναι
587 4375 688 4444 μὲν
720 4373 883 4427 αὐτὸν
916 4374 1069 4446 πάσῃ
1102 4377 1171 4447 τῇ
1204 4375 1501 4447 οἰκουμένῃ
1539 4375 1758 4446 σωτῆρα
1789 4378 1885 4431 καὶ

292 4466 584 4536 πρόμαχον
634 4465 1056 4533 εὐσεϐείας,κα“ι
1089 4466 1498 4541 ξυναγωνιστὴν
1545 4468 1655 4522 τῶν
1705 4470 1890 4523 καλλί-

296 4575 466 4618 στων,
490 4558 583 4612 καὶ
606 4559 741 4630 πρὸς
754 4559 887 4613 Θεὸν
925 4559 1157 4630 ἀγωγὴν
1180 4560 1242 4629 (f.
1276 4561 1539 4631 ἀγωγὸν),
1560 4560 1890 4631 χαρισθῆναι

290 4653 358 4703 δὲ
384 4651 561 4723 τούτῳ
588 4653 712 4715 τοὺς
732 4652 1039 4721 ἄλλουςκαὶ
1061 4653 1128 4707 δι’
1159 4653 1325 4707 αὑτοῦ
1361 4653 1438 4725 τῷ
1464 4653 1605 4725 Θεῷ.
1636 4654 1760 4707 Τῶν
1782 4655 1893 4727 γὰρ

292 4743 546 4796 ἀπίστων
573 4743 759 4815 σχεδὸν
793 4743 951 4808 ὄντες
977 4745 1028 4798 οῖ
1059 4744 1304 4813 πλείους,
1328 4741 1409 4810 οἷς
1438 4763 1496 4799 τε
1527 4746 1679 4815 παρὰ
1711 4751 1894 4802 πᾶσαν

291 4835 553 4906 ἡντινοῦν
596 4836 925 4907 προσδοκίαν
964 4838 1287 4909 ἀπήλλαξαν
1325 4839 1419 4892 τού
1456 4839 1747 4905 κινδύνου,
1795 4842 1892 4895 καὶ¹

1983 3646 2280 3705 cunquea
2321 3632 2622 3700 primordio
2672 3647 2851 3688 rerum
2908 3636 3053 3691 edita
3129 3635 3320 3702 fuere,
3351 3654 3579 3710 qumque

1982 3725 2285 3778 identidem
2326 3737 2425 3793 per
2456 3726 2678 3780 multam
2708 3726 3135 3784 misericordiam
3165 3745 3317 3785 suam
3348 3730 3474 3786 fecit
3503 3731 3580 3786 [ι-

1986 3815 2190 3885 citque,
2250 3816 2418 3870 Deum
2487 3817 3004 3883 cmnnwuel‘aciens,
3059 3820 3273 3889 illisque
3306 3831 3363 3875 ut
3409 3838 3580 3877 suum

1988 3910 2092 3964 hoc
2127 3909 2444 3981 adiungeret
2474 3912 2804 3977 exemplum,
2835 3914 2997 3967 anxio
3030 3914 3323 3969 admodum
3356 3928 3582 3985 pectore

1988 4005 2310 4070 obsecrans,
2344 4003 2600 4075 quoniam
2652 4004 3086 4060 benevolentiam
3143 4023 3270 4078 erga
3334 4009 3584 4075 homines

1990 4094 2108 4161 Dei,
2152 4095 2479 4165 adjutricem
2518 4112 2740 4165 precum
2770 4098 3087 4168 sociamque
3140 4098 3417 4165 habebat;
3479 4103 3583 4157 hoc

1988 4204 2055 4244 ex
2093 4190 2345 4258 precibus
2383 4192 2497 4244 suis
2529 4191 2798 4245 coinmodi
2831 4191 2946 4260 ipse
2985 4192 3281 4263 caeterique
3299 4206 3588 4263 cepere,ut

1991 4297 2113 4334 cum
2143 4281 2257 4350 ipse
2288 4295 2388 4350 per
2414 4297 2496 4345 se,
2553 4292 2666 4335 tttm
2697 4298 2790 4350 per
2850 4284 3022 4352 ipsmn
3064 4285 3281 4354 reliqui,
3344 4288 3588 4355 periculo

1993 4372 2201 4429 liberati
2234 4371 2481 4436 fuerint,
2512 4383 2569 4425 ut
2621 4373 2854 4443 orbique
2908 4377 3022 4443 ipse
3080 4377 3335 4432 universo
3386 4379 3587 4434 vindex

1994 4464 2185 4520 salutis
2244 4464 2573 4533 pietatisque
2640 4477 3034 4535 propugnator,
3082 4477 3140 4522 et
3186 4467 3590 4536 pulcherrimo-

1993 4575 2112 4612 rum
2144 4573 2369 4629 operum
2418 4558 2654 4628 adjutor,
2688 4570 2741 4611 et
2773 4561 2838 4612 ad
2860 4558 3046 4613 'Denm
3102 4560 3214 4615 dux
3245 4577 3312 4617 ac
3336 4563 3586 4633 signifer,

1993 4650 2157 4706 datus
2194 4654 2303 4716 sit,
2344 4665 2607 4707 concessa
2638 4650 2803 4705 simul
2844 4651 2944 4714 illi.
3011 4662 3064 4706 et
3094 4667 3190 4722 per
3248 4654 3398 4710 illum
3455 4656 3584 4720 Deo,

1997 4754 2192 4797 castera
2231 4752 2511 4799 vectorum
2540 4742 2718 4800 turba.
2758 4743 2995 4809 Quorum
3039 4745 3286 4816 plerique
3318 4747 3431 4802 fere
3463 4747 3591 4803 iuti-

1998 4834 2170 4901 deles,
2207 4835 2351 4904 quod
2385 4835 2460 4887 ita
2492 4847 2693 4904 prwter
2725 4851 2946 4890 onmem
2998 4840 3467 4908 exspectationem
3522 4857 3590 4897 ex

290 4924 382 4991 οἷς
417 4929 561 4982 οὕτω
603 4928 934 4997 καινότατα,
979 4931 1119 5003 πρὸς
1165 4931 1403 5002 Χριστὸν
1441 4932 1610 4996 εὐθὺς
1653 4933 1873 4999 μετετάι

1997 4927 2242 4997 periculo
2281 4926 2607 4990 evasissent,
2641 4927 2784 4994 quod
2854 4941 2994 4983 novo
3050 4930 3188 4984 adeo
3257 4930 3592 5004 insolitaque

296 5021 493 5084 ξαντο·
533 5024 628 5074 καὶ
660 5022 917 5091 γεγόνασι
962 5022 1253 5095 προσθήκη
1284 5023 1379 5077 τοῦ
1417 5024 1542 5077 καθ’
1574 5026 1727 5095 ἡμᾶς
1762 5044 1888 5080 συνο

290 5113 480 5183 εδρίου
505 5129 519 5144 ·
566 5116 627 5167 οὗ
668 5117 779 5186 γὰρ
820 5117 959 5170 κατὰ
1007 5117 1181 5187 βραχὺ
1212 5117 1273 5170 τὸ
1306 5116 1601 5171 κλυδώνιον
1632 5120 1883 5174 ὑπεδίδου

290 5205 421 5258 οὐδὲ
450 5208 613 5277 σχολῇ
648 5210 743 5259 καὶ
776 5206 944 5278 βάδην
970 5209 1047 5271 ὡς
1075 5209 1142 5261 ἂν
1174 5207 1305 5279 εἴπῃ
1335 5224 1421 5272 τις
1458 5210 1486 5262 ὁ
1517 5208 1727 5280 χειμὼν
1753 5211 1886 5273 ὑπε-

292 5298 498 5369 χώρειο
526 5299 639 5354 ἀλλ’
656 5299 701 5353 ὢ
720 5301 831 5354 τῶν
854 5300 1122 5380 μεγίστων
1148 5317 1242 5354 σου
1267 5302 1625 5372 θαυμασίωνί
1654 5304 1882 5376 Χριστὲ,

294 5393 404 5461 σμ’
432 5394 562 5456 ἔπος
595 5392 694 5464 ἅμ’
723 5395 892 5462 ἔργον
928 5391 996 5465 ἦν
1022 5395 1097 5457 ὼς
1117 5396 1147 5448 ὁ
1184 5393 1363 5464 λόγος.
1396 5396 1472 5448 Τὸ
1498 5395 1596 5465 τῆς
1620 5396 1884 5467 εὐχῆς,τδ

292 5484 398 5538 τοῦ
423 5483 712 5552 σώζεσθαι,
746 5486 821 5550 ὡς
864 5487 997 5557 μηδὲ
1026 5487 1298 5558 χειμῶνος
1326 5485 1645 5542 οὑτινοσοῦν
1704 5489 1886 5544 δοκεῖν

288 5580 376 5644 ὡς
422 5582 599 5635 εἰπεῖν
633 5580 1031 5652 πεπειρᾶσθαι.

370 5765 506 5819 KB’.
559 5764 637 5820 Οὐ
693 5763 801 5835 μὴν
846 5763 983 5818 ἀλλὰ
1035 5763 1132 5818 καὶ
1181 5763 1493 5834 προσετέθη
1538 5763 1616 5835 τῷ
1657 5762 1901 5836 θαύματι

386 5951 429 5985 ¹¹
464 5959 652 6009 Amos.
694 5969 749 6018 ν,
779 5949 831 6004 8.
923 5950 964 5983 ¹²
1006 5949 1152 6006 Psal.
1186 5965 1409 6017 Lxxvtt,
1442 5950 1498 6006 9.

360 6091 397 6126 Χ

2001 5036 2174 5086 more,
2209 5034 2239 5074 e
2273 5018 2504 5088 vestigio
2537 5019 2605 5073 ad
2654 5016 2933 5074 Christum
2980 5022 3316 5088 transibant,
3389 5027 3596 5081 nostri-

1997 5128 2104 5184 que
2128 5112 2555 5167 additamentum
2582 5120 2757 5165 cintus
2784 5111 3014 5177 liebant;
3042 5128 3150 5168 non
3173 5115 3316 5169 enim
3337 5118 3593 5183 paulatim

1998 5209 2267 5264 undarum
2300 5208 2535 5265 subsidit
2564 5217 2744 5261 tumor
2773 5247 2789 5271 ,
2825 5222 2928 5263 nec
2964 5224 3088 5264 cum
3140 5227 3290 5265 mora
3323 5211 3500 5280 aliqua
3534 5227 3599 5266 ac

1993 5303 2348 5371 pedetentim,
2382 5308 2439 5355 ut
2471 5315 2536 5355 eo
2572 5310 2788 5355 utamur
2816 5301 3002 5366 verbo,
3058 5302 3286 5357 recessit
3335 5303 3596 5372 procella,

1993 5393 2109 5457 sed,
2141 5408 2173 5446 o
2202 5392 2463 5447 immensa
2492 5391 2751 5446 miracula
2786 5393 2913 5446 tual
2946 5391 3361 5456 Christe,simul
3395 5389 3600 5445 dictum

1996 5482 2308 5552 factumque
2336 5491 2477 5545 erat,
2513 5494 2572 5536 ut
2604 5481 2764 5552 vulgo
2801 5482 3044 5538 dicitur:
3101 5481 3265 5537 simul
3294 5490 3477 5536 votum
3513 5483 3604 5537 ni-

2001 5574 2198 5628 mirum
2249 5584 2304 5629 et
2351 5573 2507 5644 plena
2572 5571 2944 5637 incolumitas,
2997 5570 3068 5626 ita
3111 5581 3172 5624 ut
3224 5569 3364 5624 haud
3436 5568 3599 5624 ullam

2008 5669 2178 5738 probe
2211 5667 2383 5721 dicam
2420 5665 2637 5736 experti
2669 5665 2987 5720 viderentur
3035 5661 3349 5730 procellam.

2080 5756 2252 5814 XXII.
2278 5759 2418 5826 Quin
2449 5769 2503 5813 et
2532 5772 2728 5814 novum
2786 5754 3054 5812 miraculo
3088 5755 3321 5811 accessit
3356 5752 3601 5810 miracu-
