4028 6476
436 406 543 469 eis
1592 386 1601 403 '
1660 407 2056 479 'rusoouu
2101 404 2454 466 MONACHI
3599 401 3712 464 εις

437 521 655 590 Stigintu
688 535 981 591 egressam,
1009 530 1062 575 et
1084 521 1322 574 novitate
1348 535 1444 574 sua
1496 520 1829 575 rarissimam
1866 535 2000 583 rem,

2125 520 2227 572 ιστὶ
2258 517 2368 571 τῶν
2393 507 2719 577 καλλίστων,
2751 514 2780 568 ὃ
2816 514 2893 588 μὴ
2924 514 3060 587 πρὸς
3088 512 3316 568 ἔπαινον
3352 511 3454 565 τὸν
3487 512 3585 564 σὸν
3619 530 3716 583 χο-

438 613 751 680 bonutuque
802 611 1073 680 quoddam
1104 613 1410 665 universale
1437 627 1451 677 ;
1485 618 1537 665 et
1587 621 1861 678 postremo
1893 610 2011 662 uni-

2120 612 2280 682 Ρητεῖ
2300 627 2316 642 ’
2346 611 2444 664 καὶ
2468 608 2537 688 τάξ
2571 607 2783 679 μεγάλα
2809 607 2945 678 πρδς
2974 605 3257 676 εὐφημίαν
3277 602 3711 673 ξυμϐάλλεται-

439 717 558 754 eam
596 702 815 754 omnino
847 709 1009 769 atque
1039 701 1376 772 pcregrinam
1433 700 1741 769 quampiam
1799 698 2007 767 pulchri

2122 704 2229 756 ἀλλ’
2265 703 2348 756 ὅτι
2386 702 2485 771 μὲν
2517 701 2625 754 τῶν
2657 703 2736 763 είς
2774 698 2980 771 ἀρετὴν
3009 699 3287 768 φερόντων
3325 695 3460 759 ἑνὸς
3495 696 3713 756 οὐδενὸς

430 793 752 854 essentiam,
778 808 839 846 ex
862 787 1140 846 'universis
1170 792 1384 847 virtutis
1416 793 1657 861 partibus
1685 790 1969 846 conﬂatam
1993 807 2008 846 :

2124 794 2439 864 τοπαράπαν
2501 791 2742 862 ἀπέσχου
2772 832 2789 860 ,
2845 791 2984 847 ἀλλὰ
3039 789 3136 845 καὶ
3190 788 3422 842 πάντων
3503 786 3715 840 τούτωι

432 900 663 953 eamque
696 884 767 938 de
804 884 949 939 nullo
999 884 1293 952 exemplati
1340 898 1683 953 expressam,
1732 897 1829 937 nec
1889 883 2012 939 imi-

2122 886 2299 947 Ξπλῶς
2332 884 2533 939 οὑτωσί⁸
2566 882 2882 954 περιέσχου,
2917 882 2993 947 ὡς
3024 881 3236 943 οὐδενός
3273 895 3433 942 τινος
3467 878 3587 930 τῶν
3619 878 3713 931 ἀλα

434 977 594 1030 tahile
625 976 747 1031 aliis
780 976 1059 1044 exemplar
1087 976 1345 1040 futuram,
1376 976 1470 1030 sed
1503 978 1730 1046 primam
1763 977 2006 1030 eamdem

2133 993 2222 1031 mw
2242 977 2438 1041 οὐδεὶς,
2458 975 2761 1045 τεκμήριον
2784 975 3041 1044 ἐναργὲς,
3067 977 3099 1045 ὴ
3127 974 3430 1043 θαυμαστή
3463 990 3550 1024 σοι
3581 970 3718 1041 πρός

431 1082 493 1121 ac
540 1068 708 1121 solam
764 1066 1081 1123 mortalibus
1137 1078 1451 1129 ostensam,
1488 1084 1634 1120 more
1668 1083 1838 1122 sacra:
1870 1068 2006 1133 avis,

2126 1070 2250 1123 Θεὸν
2281 1070 2573 1138 οἰκειότης,
2601 1070 2693 1121 καὶ
2715 1067 2774 1121 τὸ
2813 1066 2946 1123 Θεὸν
2977 1067 3171 1137 ἀμέλει
3191 1066 3462 1133 γενέσθαι
3482 1069 3556 1138 τῇ
3585 1067 3717 1135 πρὸς

431 1173 588 1225 quam
618 1158 837 1226 dicunt,
866 1175 1040 1228 usque
1078 1161 1212 1214 adeo
1259 1159 1492 1223 undique
1543 1158 1638 1214 tibi
1669 1172 1885 1214 coronae
1916 1159 2010 1214 de-

2124 1161 2284 1214 αύτδν
2331 1164 2586 1234 κοινωνίᾳ
2612 1179 2626 1195 ·
2672 1158 2740 1237 ἦς
2788 1163 2837 1216 εί
2871 1160 2967 1219 καὶ
3015 1156 3323 1229 παράδοξον
3364 1158 3592 1229 φάναι,
3624 1161 3715 1210 καὶ

431 1256 657 1304 bentur:
693 1252 933 1320 nihilque
974 1251 1460 1321 pulcherrimarum
1491 1267 1669 1305 rerum
1710 1260 1812 1315 est,
1868 1249 2010 1320 quod

2123 1256 2251 1326 πρὶν
2278 1251 2451 1327 ἧφθαι
2483 1255 2575 1311 τοῦ
2603 1253 2762 1321 εἶναι,
2798 1256 2894 1310 καὶ
2925 1254 3056 1324 πρὶν
3087 1255 3168 1317 είς
3196 1253 3539 1323 ἀνθρώπους
3573 1252 3714 1305 τελέα

432 1356 533 1394 non
573 1345 680 1398 tuis
706 1342 954 1398 laudibus
991 1344 1271 1397 materiam
1304 1352 1630 1413 suppeuttet.
1661 1354 1869 1410 tuaeque
1901 1344 2016 1410 glo-

1839 1358 1869 1396 e
1901 1344 2016 1410 glo-
2125 1362 2235 1411 σαι,
2268 1348 2457 1403 τοῦτον
2484 1349 2575 1403 τὸν
2608 1350 2809 1419 τρόπον
2845 1346 3104 1409 διετέλεις
3140 1345 3424 1415 μετέχων,

434 1436 524 1486 ria:
586 1434 815 1490 mirifice
909 1434 1231 1489 velificetur.
1286 1434 1767 1490 Verumcnintvero
1850 1435 1991 1503 quod
2031 1436 2175 1493 nulla
2211 1441 2426 1509 penitus
2458 1456 2537 1509 re,
2603 1442 2670 1496 ad
2755 1455 2981 1495 censum
3045 1439 3304 1491 virtutum
3376 1436 3719 1503 pertinente.

435 1529 782 1596 abstinueris,
810 1532 902 1587 sed
940 1530 1051 1585 haec
1077 1531 1255 1585 omnia
1292 1532 1363 1585 ita
1409 1531 1730 1601 simpliciter
1758 1532 2070 1600 complexus
2105 1533 2299 1598 fueris,
2370 1546 2430 1593 ut
2492 1551 2653 1592 nemo
2728 1536 2868 1590 alius
2954 1534 3118 1588 ullam
3175 1532 3444 1588 virtutem
3524 1546 3714 1596 unam,

437 1622 580 1678 illius
626 1624 701 1678 rei
731 1625 1092 1680 clarissimum
1126 1635 1501 1695 argumentum
1537 1636 1618 1682 est
1670 1627 2002 1682 incredibilis
2043 1638 2134 1683 tua
2165 1631 2232 1686 ad
2270 1632 2844 1696 Deum-familiaritas,
2915 1643 2970 1686 et
3037 1631 3179 1697 quod
3230 1644 3294 1683 ex
3360 1628 3559 1683 divino
3624 1627 3719 1682 hoc

438 1720 712 1774 consortio
752 1719 893 1776 Deus
925 1729 1148 1776 tutemet
1201 1723 1317 1791 ipse
1371 1737 1508 1791 pene
1559 1723 1821 1778 evasiSti:
1881 1722 2037 1792 cuius
2105 1729 2388 1794 consortii,
2433 1728 2655 1783 tametsi
2704 1728 2850 1783 dictu
2902 1726 3133 1782 fortasse
3183 1722 3496 1780 absurdum
3538 1722 3714 1775 videa-

439 1824 548 1876 tur,
602 1816 745 1870 hunc
774 1816 826 1870 in
873 1818 1092 1872 modum
1151 1817 1421 1888 particeps
1470 1818 1583 1888 jam
1632 1834 1778 1883 eras,
1829 1820 2140 1891 priusquam
2174 1837 2297 1878 esse
2338 1838 2608 1895 cmperas.
2654 1825 3007 1892 hominesque
3057 1824 3201 1876 inter
3254 1820 3506 1875 censeri.

499 1904 699 1960 .XXVI.
743 1906 950 1976 Quippe
983 1909 1028 1964 si
1077 1925 1213 1977 quos
1252 1910 1469 1980 egregie
1507 1911 1679 1966 bonos
1730 1927 1902 1983 seque
1923 1913 2005 1967 di-
2037 1923 2078 1978 Β

2180 1917 2322 1982 KG’.
2342 1916 2404 1970 El
2430 1917 2541 1987 γὰρ
2572 1915 2666 1980 οὓς
2697 1917 2795 1988 μὲν
2832 1915 3030 1978 καλοὺς
3059 1911 3343 1979 κάγαθοὺς
3377 1909 3683 1980 ἐσομένους

438 2013 572 2067 gnos
625 1998 838 2056 futuros
876 2002 1251 2071 praecognmit
1294 2004 1454 2068 Deus,
1486 2017 1581 2058 eos
1616 2003 1846 2058 necdum
1883 2020 2005 2060 sus-

2137 2007 2211 2061 ιαὶ
2259 2008 2383 2078 μάλ’
2423 2009 2722 2079 ἀξιόχρεως
2753 2007 2949 2062 ἑαυτοῦ
2993 2006 3221 2078 προῄδει
3251 2004 3433 2067 Θεὸς,
3467 2000 3728 2055 τουτουσὶ

439 2098 629 2159 ceptos
667 2101 933 2161 natosque
978 2093 1359 2163 prmdestinat,
1390 2104 1448 2149 et
1483 2104 1540 2149 ut
1572 2094 1766 2163 ingens
1790 2095 2008 2166 aliquod

2115 2101 2401 2171 προορίζει
2450 2101 2545 2155 καὶ
2580 2102 2749 2171 μήπω
2784 2098 3115 2169 γεγονότας·
3156 2098 3231 2158 ὡς
3267 2096 3543 2167 μέγιστον
3580 2095 3687 2159 ἀγα

439 2184 894 2255 emolumentum;
959 2186 1245 2254 omnisque
1296 2186 1515 2241 deceris
1551 2188 1751 2256 publici
1809 2190 2012 2244 saeculo

2124 2190 2212 2245 θδν
2248 2192 2348 2245 καὶ
2380 2191 2542 2247 πάντ’
2578 2194 2871 2261 ἐσομένους
2900 2188 2977 2260 τῷ
3019 2188 3121 2260 βίῳ
3149 2190 3481 2257 προμνᾶται
3506 2201 3521 2216 '
3561 2185 3626 2239 σὺ
3664 2184 3715 2236 δὲ

440 2282 698 2327 auctores
732 2271 969 2339 futuros,
1006 2275 1343 2343 despondet;
1383 2288 1434 2330 tu
1468 2290 1597 2330 vero
1628 2279 1693 2330 de
1725 2278 1830 2331 illis
1860 2295 2010 2343 eras,

2131 2281 2233 2335 τῶν
2270 2283 2488 2351 μάλιστ’
2529 2283 2680 2355 αὐτῷ
2714 2281 3186 2353 προεγνωσμένων
3232 2279 3548 2349 βελτίστων
3574 2316 3589 2342 ,
3622 2277 3722 2329 καὶ·

440 2378 579 2429 quos
614 2363 775 2434 longe
830 2366 1063 2434 optimos
1106 2366 1249 2421 idem
1293 2369 1683 2437 pracognovit,
1731 2385 1904 2440 eaque
1955 2385 2014 2425 re

2123 2373 2840 2447 διατοῦτοπροωρισμένων
2869 2373 3141 2443 ὑπῆρξας,
3171 2372 3391 2437 ἔοικας,
3426 2368 3636 2442 μᾶλλον
3663 2368 3714 2419 δὲ

442 2457 899 2524 prmdestinavit;
960 2457 1032 2513 ita
1099 2459 1379 2528 probabile
1434 2475 1602 2525 sane,
1656 2462 1769 2516 sive
1833 2464 2014 2520 verius

2127 2468 2282 2521 πᾶσα
2313 2468 2551 2539 ἀνάγκη,
2587 2469 2649 2521 ού
2686 2467 2849 2536 μόνον
2882 2466 3006 2519 καθ’
3035 2465 3094 2518 όν
3119 2465 3257 2534 ἔφην
3291 2464 3497 2535 χρόνον
3531 2461 3714 2529 θεοφι-

443 2548 681 2602 οιηηὶηοί
700 2562 923 2604 necesse
955 2560 1058 2616 est,
1084 2565 1191 2605 non
1230 2566 1293 2607 eo
1312 2551 1575 2609 duntaxat
1610 2563 1852 2624 tempore
1876 2558 2017 2626 quod

2125 2557 2223 2627 λής
2265 2574 2350 2621 τις
2404 2553 2564 2621 εἶναι,
2603 2559 2701 2611 καὶ
2750 2559 2952 2620 οἰκεῖος
2987 2556 3159 2626 αὐτῷ,
3202 2555 3346 2607 ἀλλά
3390 2553 3491 2607 καὶ
3536 2552 3714 2618 πάσης

443 2635 582 2703 dixi,
608 2638 832 2692 charum
870 2647 921 2695 te
950 2641 1060 2698 Deo
1092 2642 1534 2713 familiaremque
1587 2645 1777 2710 fuisse,
1827 2648 1921 2701 sed
1961 2656 2022 2703 et

2125 2652 2330 2722 ἀρετῆς
2367 2652 2444 2715 ὡς
2479 2653 2655 2705 είπεῖν
2686 2651 2855 2720 ἄκρος
2887 2651 3153 2720 ἐργάτης.
3182 2650 3261 2701 Δι’
3296 2649 3370 2718 ῆν
3402 2647 3499 2700 καὶ
3537 2661 3710 2714 προω-

445 2731 626 2786 omnis
664 2731 904 2798 virtutis,
952 2743 1012 2787 ut
1058 2735 1222 2790 verbo
1260 2736 1460 2805 dicam,
1492 2737 2012 2794 excellentissimum

2131 2745 2386 2814 ρισμένος
2441 2744 2757 2814 θαυμαστός
2807 2760 2892 2806 τις
2945 2743 3089 2810 ἄγαν
3140 2741 3235 2795 καὶ
3294 2739 3446 2811 ὑπὲρ
3505 2738 3722 2795 πάντας

445 2824 721 2893 opiﬁcem,
775 2827 1033 2881 nimirum
1084 2828 1306 2887 virtutis
1352 2844 1517 2885 causa
1571 2831 2014 2900 praedestinatum

2129 2837 2396 2904 ἐγεγόνεις
2422 2837 2548 2900 τοὺς
2569 2838 2783 2900 ἄλλους,
2808 2837 2902 2889 καὶ
2930 2831 3066 2899 οἷος,
3093 2838 3146 2887 εί
3174 2833 3268 2888 καὶ
3306 2834 3386 2903 μὴ
3414 2829 3720 2902 προώρισον.

448 2915 606 2970 valde
639 2915 769 2971 item
811 2916 1167 2984 admirabilis,
1198 2920 1432 2989 aliisque
1470 2912 1724 2976 omnibus
1746 2920 2017 2976 excelsior

2129 2931 2359 2992 εἰκότως
2392 2930 2460 2984 ἂν
2489 2929 2837 3003 προωρίσθω
2859 2946 2874 2960 ο
2902 2928 2977 2992 ὡς
3006 2928 3184 2982 πάντα
3213 2925 3286 2979 τὰ
3322 2928 3463 2980 πᾶσι
3493 2925 3605 2986 τοῖς
3635 2920 3715 2975 il-

451 3008 628 3067 factus
649 3022 750 3074 es,
804 3009 994 3080 virque
1040 3010 1291 3081 profecto
1333 3012 1657 3076 illiusmodi,
1706 3025 1760 3067 ut
1800 3014 2016 3069 tametsi

2122 3018 2240 3080 λοις
2279 3019 2446 3073 καθὲυ
2474 3023 2675 3089 είργασ
2686 3021 2845 3090 μένα,
2881 3019 3042 3087 μόνος
3075 3018 3237 3081 αὐτὸς
3270 3016 3626 3085 συνειληφώς
3655 3026 3708 3062 τε

448 3101 870 3169 prmdestinatus
925 3118 1030 3159 non
1097 3103 1315 3169 fuisses,
1383 3104 1578 3159 merito
1638 3104 2015 3173 praedestinari

1097 3103 1315 3169 fuisses,
1383 3104 1578 3159 merito
1638 3104 2015 3173 praedestinari
2127 3113 2221 3164 καὶ
2255 3113 2638 3181 καταπράξας.

451 3197 751 3265 debueris;
802 3199 999 3271 quippe
1064 3202 1155 3269 qui
1210 3216 1355 3255 unus
1399 3200 1577 3261 munia
1608 3201 1730 3255 aliis
1766 3203 2021 3259 munibus
2082 3205 2358 3277 sigillatim
2398 3209 2638 3277 pratstita
2695 3209 2929 3278 junctim
2982 3206 3480 3277 comprehenderis
3537 3199 3718 3258 confc-

452 3309 723 3363 cerisque.

524 3385 735 3445 XXVII.
777 3389 945 3445 Porro
977 3392 1041 3445 de
1094 3393 1402 3462 eloquentia
1458 3403 1545 3447 tua
1588 3394 1769 3447 dicere
1821 3410 2013 3465 aggreo
2048 3403 2092 3460 (ς.

2195 3398 2322 3451 KZ’.
2355 3396 2544 3463 Λόγων
2572 3396 2627 3448 δὲ
2654 3396 2779 3463 πέρι
2800 3394 2980 3463 λέγειν
2999 3393 3199 3446 ὲθέλων
3224 3392 3341 3446 τῶν
3367 3392 3500 3457 σῶν,
3527 3389 3718 3456 λόγους

450 3484 605 3536 cliens
639 3492 782 3537 tuam
807 3483 936 3540 mihi
972 3484 1340 3553 eloquentiam
1389 3498 1600 3551 tuasque
1629 3485 1896 3541 orationis
1936 3504 2021 3540 ro-

2126 3493 2194 3545 ἃν
2228 3491 2355 3553 τοὺς
2406 3491 2532 3552 σοὺς
2561 3489 2863 3560 ἐϐουλόμην
2888 3531 2903 3553 ,
2944 3490 3040 3542 καὶ
3083 3488 3184 3557 τὴν
3227 3487 3342 3540 τῶν
3389 3485 3500 3538 σῶν
3541 3483 3706 3550 λόγων

451 3574 556 3630 bur
591 3575 912 3646 contingere
954 3577 1139 3642 velim,
1185 3592 1294 3645 quo
1346 3592 1411 3633 ex
1468 3577 1678 3633 merito
1726 3578 1873 3633 illam
1926 3596 2026 3635 suo

2133 3583 2327 3654 ῥώμην
2374 3580 2715 3648 κεκτῆσθαι,
2761 3579 2837 3643 ὡς
2876 3580 2944 3632 τὰ
2991 3579 3299 3647 γιγνόμενα
3355 3579 3486 3646 περὶ
3537 3572 3706 3626 αὐτῶν

451 3667 838 3721 commendare
889 3682 1119 3741 queam;
1171 3667 1217 3725 is
1240 3668 1441 3723 etenim
1491 3679 1550 3724 tu
1578 3685 1660 3738 es,
1702 3672 1747 3726 si
1788 3687 2030 3726 summa-

2127 3671 2323 3729 διῖὲναι
2346 3689 2369 3721 ·.
2390 3672 2455 3726 σὺ
2485 3672 2593 3741 γὰρ
2625 3668 2737 3733 οὖν,
2758 3672 2806 3723 εί
2836 3670 2918 3723 δεῖ
2944 3670 3222 3738 συντόμως
3253 3670 3459 3730 εἰπεῖν,
3491 3669 3519 3719 ὀ
3544 3666 3707 3730 λόγων

457 3760 552 3811 tim
580 3773 667 3815 res
694 3760 1039 3828 exponenda,
1070 3762 1161 3829 qui
1200 3776 1305 3814 non
1338 3762 1500 3817 aliter
1524 3763 1576 3817 in
1618 3767 1872 3820 omnibus
1903 3780 2027 3819 ora-

2135 3764 2246 3834 μὲν,
2276 3764 2457 3818 πᾶσαν
2491 3762 2634 3817 ἰδέαν
2671 3762 2745 3825 ὡς
2770 3763 2833 3832 δή
2867 3779 2989 3816 τινα
3018 3762 3148 3831 μίαν
3179 3759 3514 3829 ἐξησκηκώς
3534 3774 3549 3789 ο
3576 3755 3708 3808 οὕτω

453 3849 619 3905 tionis
672 3850 887 3917 formis,
923 3866 1087 3920 quam
1119 3851 1172 3906 in
1210 3867 1316 3909 una
1340 3854 1592 3923 quapiam
1635 3855 2021 3921 elaboraveris_.

2134 3854 2181 3906 δ’
2225 3856 2302 3917 είς
2339 3855 2510 3924 ἀκρον
2547 3855 2641 3905 καὶ
2677 3852 2798 3922 μετ’
2838 3852 3131 3922 ἀκριϐείας
3163 3852 3440 3919 ἑκάστην,
3481 3848 3557 3909 ὡς
3588 3845 3705 3910 ξυν-

455 3941 669 3998 Rursus
724 3958 1179 4014 unamquamque
1223 3945 1294 4003 ita
1358 3944 1601 4014 perfecte
1658 3958 2025 4014 accurateque

2143 3946 2270 3998 ιδεῖν
2302 3946 2510 4015 ἄπορον
2547 3944 2688 3998 εῖναι
2726 3944 2932 4014 ποτέρᾳ
2958 3944 3167 3996 τούτων
3203 3941 3553 4000 πλεονεκτεῖς
3576 3976 3590 4001 ,
3621 3935 3707 3987 καὶ

458 4034 907 4103 pertractaveris,
954 4045 1015 4088 ut
1073 4033 1215 4089 haud
1270 4046 1580 4104 promptum
1620 4037 1804 4091 videre
1834 4036 1928 4099 sit,
1968 4037 2022 4090 in

2139 4038 2245 4092 τίνι
2275 4036 2462 4092 δοῦναι
2486 4035 2570 4097 δεῖ
2598 4035 2668 4088 τὰ
2700 4035 2989 4105 πρεσσεῖα.
3021 4035 3096 4088 Οὐ
3123 4034 3230 4103 γὰρ
3259 4032 3397 4085 αὐτὸ
3427 4028 3587 4083 τοῦτο
3615 4023 3705 4094 μό-

458 4141 695 4196 quanam
754 4126 1096 4196 potissimum
1140 4141 1375 4196 regnes,
1432 4136 1487 4182 et
1526 4128 1612 4182 cui
1643 4129 1833 4197 primae
1865 4143 2032 4197 penes

2139 4146 2229 4183 νον
2260 4129 2572 4198 φιλοσοφεῖν
2611 4127 2721 4199 ᾤου
2748 4128 2881 4192 δεῖν,
2919 4126 3238 4197 ῥητορεύειν
3261 4124 3309 4176 δ’
3342 4123 3533 4177 οὐκέτι
3559 4135 3575 4151 ⁸
3604 4113 3705 4168 οὐδ’

461 4227 516 4272 te
550 4216 854 4272 debeantur
899 4227 1106 4287 partes.
1163 4215 1279 4273 Non
1301 4218 1446 4272 enim
1508 4218 1576 4274 ed
1624 4218 2029 4287 philosophiam

2139 4216 2206 4276 αὖ
2263 4220 2582 4293 ῥητορεύειν
2640 4219 2740 4290 μὲν
2795 4217 3086 4283 καθάπαξ,
3142 4213 3240 4268 τοῦ
3295 4214 3354 4268 δὲ
3404 4205 3718 4285 φιλοσοφεῖν

460 4309 677 4376 solam,
712 4311 926 4367 omissa
976 4311 1216 4364 oratoria
1247 4348 1262 4374 ,
1322 4310 1565 4364 animum
1653 4310 2031 4381 appellendum
2141 4311 2377 4382 ἀλογεῖν.

462 4407 689 4474 duxisti,
720 4421 954 4478 nequee
985 4405 1266 4465 contrario
1326 4405 1391 4460 in-
1458 4415 1578 4463 arte
1663 4407 1902 4462 oratoria
1984 4422 2209 4475 operam
2300 4424 2539 4472 omnem,
2598 4417 2782 4475 spreta
2835 4404 3195 4475 philosophia,
3251 4404 3353 4458 tibi
3420 4396 3707 4470 ponendam

461 4499 845 4557 exiStimabas.

531 4592 773 4649 XXVI“.
814 4592 1023 4649 Rursus
1069 4607 1246 4663 neque
1268 4591 1556 4661 utriusque
1596 4602 1664 4647 tu-
1684 4594 1904 4662 quidem
1946 4610 2033 4646 ra-

2215 4590 2352 4645 KH'.
2376 4587 2458 4642 Οὐ
2498 4587 2679 4653 τοίνυν
2712 4585 2833 4639 οὐδέ
2872 4602 2958 4639 σοι
2995 4586 3108 4640 τῶν
3147 4585 3430 4652 ἑκατέρων
3485 4579 3715 4651 ἐμέλησε

464 4688 667 4747 tionem
700 4685 960 4747 habebas,
987 4684 1081 4740 sed
1108 4698 1171 4739 ex
1201 4693 1352 4751 parte
1379 4684 1611 4753 quadam
1647 4685 1911 4738 duntaxat
1943 4685 2047 4737 ha.

2149 4683 2248 4752 μὲν
2268 4722 2284 4746 ,
2311 4682 2549 4749 ἐμέλησε
2579 4678 2636 4759 et
2667 4677 2775 4731 ἀπὸ
2808 4680 3042 4748 μέρους,
3069 4677 3143 4740 ὡς
3181 4676 3380 4759 ἐνδεῶς
3412 4676 3507 4728 καὶ
3543 4669 3707 4759 τούτῳ

465 4780 653 4840 bebas,
691 4778 762 4832 ita
798 4786 857 4832 ut
892 4780 1140 4832 neutrius
1195 4776 1498 4847 disciplina:
1553 4776 1746 4845 plenus
1801 4777 2039 4844 integer-

2113 4824 2119 4857 ν
2145 4769 2385 4839 κάκείνῳ
2422 4756 2729 4838 κεχρῆσθαι
2754 4784 2768 4800 ·
2804 4770 2899 4820 καὶ
2941 4767 3132 4837 μηδενὶ
3156 4755 3421 4835 διαρκῶς,
3459 4758 3573 4815 ἀλλ’
3598 4755 3704 4813 ἑνὸς

465 4883 573 4938 que
602 4869 697 4924 tibi
723 4885 852 4924 usus
884 4869 937 4924 in
956 4869 1185 4924 solidum
1208 4875 1484 4924 constaret
1502 4883 1731 4935 ;.verum
1764 4867 1922 4921 unius
1949 4882 2038 4920 ra-

2148 4866 2318 4936 ἄμφω
2344 4863 2519 4916 ταῦτα
2547 4863 2707 4930 λόγου
2741 4862 2882 4931 μέρη
2908 4860 3159 4930 νομίσας,
3189 4862 3284 4914 καὶ
3309 4860 3401 4911 τὸν
3420 4857 3607 4926 τῳὸντι
3629 4865 3706 4900 σο-

473 4961 639 5016 tionis
670 4961 857 5014 ambas
904 4962 1069 5015 hasce
1096 4969 1281 5030 partes
1313 4976 1436 5016 esse
1461 4971 1631 5023 ratus,
1665 4977 1790 5014 eunt
1830 4970 2035 5029 praete-

2150 4957 2248 5026 φὺν
2284 4956 2439 5020 εἰδὼς
2469 4955 2557 5010 διὰ
2588 4956 2805 5009 πάντων
2827 4953 3032 5023 ἥκοντα
3054 4991 3070 5015 ,
3103 4949 3248 5004 οὕτω
3281 4949 3489 5008 τούτοις
3520 4938 3704 4996 σαυτὸν

469 5066 562 5107 rea
594 5051 767 5106 scires
802 5050 1042 5121 perfecte
1088 5053 1388 5120 sapientem
1440 5066 1536 5121 per
1569 5053 1753 5105 omnia
1797 5066 2043 5118 pertusa-

2149 5048 2523 5119 ὲμπαρέσχες,
2553 5046 2628 5109 ὡς
2662 5045 2827 5114 μηδὲν
2857 5039 3023 5117 ἦττον
3056 5046 3152 5097 καὶ
3174 5038 3256 5106 οἷς
3286 5032 3706 5121 φιλοσοφεῖς-ρη-

473 5156 680 5213 turum,
713 5116 976 5201 ita—hisce
1011 5153 1062 5200 te
1088 5116 1283 5201 studiis
1321 5116 1593 5207 dedidisti,
1615 5144 2044 5198 utnibilosecius

2151 5140 2398 5209 τορεύειν
2423 5180 2436 5200 ,
2472 5140 2571 5206 καὶ,
2596 5132 2678 5200 οἷς
2718 5135 3038 5207 ῥητορεύεις
3073 5136 3422 5203 φιλοσοφεῖν,
3455 5128 3547 5181 καὶ
3575 5116 3702 5173 εἶναι

471 5245 525 5291 rt
576 5211 1007 5307 pbilosophando
1036 5237 1362 5304 eloquentia:
1393 5253 1613 5307 operam
1662 5238 1847 5300 dares,
1880 5248 1932 5289 et
1959 5238 2045 5290 in-

2153 5229 2464 5300 θαυμαστὺς
2513 5231 2570 5280 ἐν
2619 5230 2861 5298 ἀμφοῖν,
2922 5228 3018 5282 καὶ
3067 5223 3182 5281 οἷον
3231 5227 3504 5297 βέλτιστος
3550 5211 3701 5269 αὐτὸς

474 5331 647 5384 vicem
699 5345 892 5385 causas
935 5331 1148 5384 orando
1197 5329 1598 5398 philosophiam
1650 5330 1945 5391 excole-ros,
1988 5336 2039 5380 et

2154 5323 2383 5377 σεαυτοῦ
2417 5321 2593 5392 τούτῳ
2629 5320 2709 5391 τῷ
2736 5323 2894 5392 μέρει
2917 5359 2932 5384 ,
2973 5319 3097 5373 οὕτε
3123 5321 3183 5372 τὸ
3214 5314 3520 5389 φιλοσοφῶ
3551 5310 3698 5398 ρηῖο-

472 5421 527 5473 in
575 5430 807 5489 utroque
840 5398 1039 5490 genere
1099 5419 1436 5474 admirabilis
1480 5434 1653 5481 esses,
1719 5428 1771 5471 et
1846 5419 1945 5469 hac
1988 5417 2040 5469 in

2156 5413 2308 5484 ρείας
2337 5412 2680 5481 ἀποστερῶν,
2704 5410 2817 5464 οὔτ’
2844 5412 3015 5482 αὐτὴν
3044 5411 3248 5481 ταύτην
3273 5408 3535 5477 ἀμέτοχον
3560 5394 3699 5490 σιλο-

474 5522 628 5579 parte
680 5486 827 5565 velut
865 5511 961 5564 tibi
992 5511 1088 5581 ipsi
1150 5511 1309 5577 longe
1357 5521 1682 5578 praestares.
1720 5506 1865 5577 quod
1945 5520 2042 5561 nec

2155 5505 2346 5570 σοτίας
2373 5504 2586 5566 δεικνύς
2606 5519 2621 5533 ⁸
2645 5503 2760 5556 ἀλλ’
2787 5504 3048 5571 ἑκάτερον
3098 5501 3346 5571 ἑκατέρῳ
3372 5491 3552 5561 δεξιῶς
3572 5486 3704 5550 ἄταν

474 5602 650 5655 studia
681 5601 1032 5674 pbiIOSOphia:
1059 5602 1297 5657 oratoria
1333 5602 1589 5656 facultate
1637 5600 1924 5668 spoliares,
1950 5612 2044 5652 ne—

2227 5596 2470 5660 νάπτων,
2506 5596 2598 5649 καὶ.
2633 5594 2702 5648 δι’
2741 5594 3007 5661 ἑκατέρου
3041 5594 3262 5663 κοσμῶν
3298 5589 3568 5654 ἑκάτερον·
3740 5653 3746 5659 ,
3809 5658 3817 5669 ,

476 5705 582 5757 que
638 5692 777 5747 hanc
828 5693 1001 5762 ipsam
1035 5691 1390 5761 philosophiae
1431 5690 1698 5760 praesidiis
1721 5690 2038 5744 destitutam
2077 5687 2347 5751 exiberes,
2411 5687 2505 5742 sed
2535 5685 2761 5742 alteram
2824 5685 2982 5741 alteri
3018 5699 3213 5752 magna
3246 5677 3562 5737 dexteritate
3620 5675 3700 5716 ('0-

481 5789 717 5852 ttulares,
748 5790 1058 5859 mutuisque
1093 5799 1383 5857 utramque
1409 5802 1707 5845 exornat-.123
1746 5785 2106 5841 ornamentis.

553 5846 739 5937 XXIX.
783 5846 1100 5953 Quanquam
1143 5846 1405 5953 quid-est
1447 5883 1592 5952 quod
1635 5883 1789 5938 dico?
1819 5899 1894 5938 stc
1921 5882 2037 5936 htec

2215 5879 2345 5933 KO'.
2366 5878 2631 5932 Καίτοιτί
2652 5876 2794 5945 λέγω
2819 5893 2833 5943 ς
2863 5875 3003 5930 οὓτω
3021 5876 3129 5947 γὰρ
3157 5871 3363 5946 Ἐρμῆς
3391 5846 3699 5920 κατἈίσχίν
