4028 6452
445 403 551 466 251

1688 405 2091 468 TllEODULI
2136 407 2484 471 MONACIH

3627 417 3731 479 9.52

518 519 761 579 XXXVI.
795 523 899 578 Sed
926 536 1141 597 tempus
1189 542 1334 582 nunc
1360 525 1575 581 tandem
1598 526 1764 580 fuerit
1797 540 2037 579 commc-

2215 532 2356 597 ACI".
2387 532 2594 602 Καιρδς
2629 532 2677 587 δ’
2706 534 2772 589 ἂν
2807 534 2892 602 εἴη
2943 534 3153 603 λοιπὸν⁹
3192 532 3284 588 καὶ
3318 531 3428 599 τῆς
3474 534 3615 601 πρὶς
3640 535 3735 603 τὴν

450 632 666 672 morare
698 620 868 672 nostri
906 619 959 672 iu
997 621 1229 688 patriam
1264 621 1517 683 reditum,
1547 628 1597 674 et
1633 620 1795 673 simul
1841 631 2026 671 usit-tt-

447 709 601 774 dere,
632 719 744 762 tum
772 714 914 779 qttod
955 712 1113 763 insito
1148 710 1236 764 ille
1275 726 1400 781 erga
1426 720 1679 776 parentes
1709 727 1893 764 amore
1934 712 2029 763 ad—

449 801 648 854 ductus
676 816 950 855 sumntum
995 803 1179 872 gloria:
1226 806 1451 872 gradum
1496 802 1655 857 facile
1707 805 2027 869 neglexerit,

449 899 563 946 tum
604 895 748 962 quod
778 895 1134 948 Athenienses
1174 896 1224 949 in
1264 897 1514 950 maximis
1566 896 1615 949 id
1678 897 1901 951 omnino
1937 913 2031 964 po-

446 984 681 1050 suerint,
718 995 775 1038 ut
802 986 975 1051 ipsum
1013 985 1065 1039 in
1098 1003 1259 1039 omne
1298 987 1397 1042 sibi
1431 1000 1645 1055 tempus
1685 997 2028 1041 auctoratum

447 1085 716 1130 tenerent.
746 1076 957 1147 Quippe
989 1079 1079 1133 tibi
1110 1097 1170 1132 ea
1198 1097 1428 1148 quorum
1454 1097 1616 1135 causa
1646 1082 1831 1136 urbetn
1863 1083 2028 1135 ιιιιὶἰς-

446 1177 550 1231 set,
590 1168 993 1234 perfectissime
1023 1172 1305 1237 hauserat,
1340 1173 1661 1237 felicittsqtte
1693 1190 1854 1242 quant
1891 1175 2029 1229 alios

445 1261 759 1329 quisquam,
792 1265 950 1317 nobis
990 1266 1265 1334 cognitus,
1305 1266 1634 1330 absolverat,
1690 1269 1906 1335 votique
1946 1271 2027 1321 sui

445 1353 626 1407 omnis
660 1354 817 1418 plane
853 1371 1076 1425 compos
1111 1357 1280 1410 fartus
1312 1368 1471 1423 erat;
1511 1360 1579 1410 ita
1614 1359 1842 1413 Athenis
1868 1376 2030 1413 exce-

444 1445 597 1508 dere,
654 1454 711 1496 et
790 1448 856 1497 ad
916 1442 1273 1501 dot'nesticutn
1338 1450 1502 1502 larem
1570 1451 1745 1503 redire
1817 1451 2030 1514 Stztlttil,

445 1538 666 1601 quamlo
703 1538 834 1592 nihil
872 1552 1130 1606 praeterea
1164 1552 1469 1608 supererat,
1506 1547 1647 1611 quod
1709 1545 1774 1599 iis
1813 1551 1862 1597 in
1899 1546 2032 1598 locis

449 1627 602 1680 illum
635 1631 924 1685 detineret.
982 1630 1113 1684 Nam
1146 1643 1201 1688 et
1262 1652 1482 1687 suorum
1530 1637 1679 1689 illtttn
1749 1649 2030 1705 parentum

448 1720 676 1790 urgebat
709 1723 1063 1790 desiderium,
1087 1737 1140 1779 et
1165 1737 1292 1781 ante
1327 1728 1379 1780 id
1412 1731 1614 1796 ipsum,
1648 1730 1886 1798 iten-que
1915 1741 2034 1799 post

448 1812 499 1863 id
518 1814 1057 1886 ipsum,jampridem
1081 1833 1450 1889 nuncupatum
1474 1823 1579 1875 [leo
1599 1824 1887 1877 sanctioris
1912 1826 2032 1878 vitae

2137 621 2376 690 πατρίδα
2414 623 2590 694 τούτῳ
2640 625 2869 682 καθόδου
2918 626 3246 695 μνησθῆναι,
3281 626 3381 677 καὶ
3437 623 3615 688 δεῖξαι
3649 626 3736 677 τὸν

2138 715 2258 782 μὲν,
2284 714 2373 768 διὰ
2402 715 2503 786 τὴν
2531 717 2671 782 πρὸς
2690 719 2817 779 τοὺς
2841 718 3246 785 γεγεννηκότας
3271 716 3543 784 crept/tv.
3580 716 3735 782 δόξης

2130 806 2228 873 τῆς
2257 808 2526 876 μεγίστης
2572 809 2916 877 ὑπεριδόντα,
2965 806 3294 876 Ἀθηναίους
3345 806 3406 858 δὲ
3450 808 3512 860 τὸ
3547 806 3735 859 τοῦτον

2131 898 2366 952 εἰσάπαν
2402 900 2726 968 κεκτῆσθαι,
2759 900 2851 953 τοῦ
2882 902 3080 964 παντὺς
3107 901 3489 968 τιμωμένους.
3521 899 3612 963 Ὠς
3632 901 3735 969 γὰρ

2131 984 2208 1043 ὧν
2246 992 2413 1045 εἵνεκ’
2446 996 2663 1061 ἀφῖκτο,
2703 993 2856 1047 ταῦτ’
2885 995 2964 1056 είς
3010 993 3180 1059 ἀκρον
3212 995 3496 1059 ἀσκήσας,
3538 996 3631 1046 καὶ
3661 994 3733 1054 ὡς

2131 1084 2232 1135 οὐκ
2263 1080 2360 1137 οἷδ’
2390 1085 2441 1136 εῖ
2467 1104 2543 1146 τις
2567 1085 2969 1155 κατωρθωκὼς,
2993 1086 3083 1137 καὶ
3115 1085 3209 1153 τῆς
3231 1084 3480 1152 ἐφέσεως
3516 1085 3735 1153 ἁπάσης

2129 1175 2332 1246 τυχὼν,
2356 1179 2525 1230 ἔπειτ’
2549 1180 2856 1247 ἀναχωρεῖν
2923 1177 3219 1249 Ἀθήνηθεν
3272 1177 3421 1243 ἔγνω
3466 1176 3565 1229 καὶ
3602 1178 3732 1246 πρὶς

2130 1269 2200 1320 τὰ
2235 1271 2374 1322 οἴκοι
2425 1272 2645 1339 χωρεῖν,
2683 1272 2799 1332 ἑνὸς
2850 1271 3066 1332 οὐδενὸς
3112 1270 3186 1321 ἔτ’
3236 1269 3417 1331 ὄντος,
3454 1268 3485 1321 ὃ
3543 1267 3734 1321 τοῦτον

2133 1361 2371 1414 ἐνταῦθα
2399 1362 2652 1428 καθέξει·
2685 1364 2714 1416 ὅ
2759 1381 2818 1417 τε
2849 1365 2955 1432 γὰρ
3007 1363 3115 1418 τῶν
3149 1364 3359 1417 τοκέων
3412 1362 3731 1432 κατήπειγε

2131 1453 2296 1514 πόθος
2324 1494 2339 1516 ,
2379 1452 2471 1505 καὶ
2525 1454 2633 1523 πρὸ
2688 1455 2881 1508 τούτου
2908 1456 3001 1507 καὶ
3043 1453 3184 1524 μετὰ
3237 1454 3438 1507 τοῦτον
3482 1454 3541 1506 αῖ
3600 1453 3728 1521 πρὸς

2132 1542 2265 1594 Θεὸν
2296 1542 2355 1607 ἐξ
2402 1544 2579 1614 ἀρχῆς
2627 1543 2770 1612 ὑπὲρ
2818 1543 3144 1613 φιλοσοφίας
3197 1542 3503 1611 ξυνθῆκαι,
3538 1544 3637 1598 καὶ
3664 1544 3733 1597 τὰ

2138 1629 2355 1697 μεγάλα
2396 1630 2552 1684 ταῦτ’
2585 1632 2982 1701 ἐπαγγέλματα
3031 1634 3124 1686 καὶ
3174 1632 3557 1702 βουλεύματα,
3588 1635 3726 1687 ἀπα-

2135 1720 2386 1775 νίσταται
2443 1723 2540 1791 μὲν
2577 1723 2822 1793 Ἀθηνῶν
2879 1724 3102 1794 καὶτῆς
3143 1724 3251 1778 τῶν
3281 1724 3469 1793 λόγων
3525 1726 3729 1787 ἑστίας.

2135 1814 2168 1883 ἡ
2198 1813 2308 1866 τῶν
2341 1814 2515 1882 λόγων
2538 1814 2709 1879 ὅντως
2740 1816 2898 1870 ἑστία
2924 1835 2940 1850 ο
2976 1816 3113 1887 πρὸς
3140 1817 3196 1870 δὲ
3234 1817 3337 1888 τὴν
3370 1818 3613 1888 πατρίδα
3640 1818 3731 1870 καὶ

446 1915 728 1966 Votutn,et
761 1925 949 1977 magna
1000 1911 1179 1965 haecce
1226 1915 1487 1980 promissa
1534 1928 1696 1983 atque
1738 1917 2031 1971 destinata.

2139 1905 2261 1965 τοὺς
2293 1906 2530 1968 οἰκείους
2571 1908 2778 1977 χαίρων
2813 1908 3105 1979 χαίροντας
3134 1909 3408 1976 ἐπανήκει
3434 1924 3449 1937 ⁸
3477 1911 3730 1961 τοσοῦτον

449 1994 629 2067 Surgit
654 2001 814 2067 igitur
829 2015 878 2055 et
898 2003 1147 2070 Athenis,
1175 2006 1263 2059 illo
1281 2009 1530 2061 oratorite
1548 2009 1842 2070 domicilio,
1866 2009 2036 2063 veris-

452 2092 650 2143 simmn
680 2092 793 2159 ipse
821 2095 956 2148 artis
987 2095 1129 2150 illius
1153 2099 1507 2162 domicilium,
1533 2101 1665 2164 ahit;
1688 2102 1914 2169 atquein
1942 2118 2036 2171 pa-

444 2183 608 2235 triam
654 2185 722 2238 ad
771 2201 900 2242 suos
954 2187 1106 2242 laetus
1138 2189 1486 2259 latantesque
1530 2194 1839 2256 revertitur,
1888 2204 2035 2250 tanto

446 2276 897 2340 Atheniensibus,
941 2281 1084 2347 quod
1105 2296 1200 2336 eos
1252 2284 1577 2352 reliquisset,
1637 2287 1820 2341 relicto
1864 2288 2032 2354 lueto,

449 2376 709 2433 quantam
743 2367 1004 2423 allaturus
1035 2369 1210 2424 fuerat
1243 2374 1595 2442 voluptatem,
1625 2377 1671 2430 si
1714 2378 1853 2446 apud
1891 2379 2035 2446 ipsos

451 2475 668 2513 manere
693 2463 931 2514 animum
959 2463 1282 2520 induxisset.
1309 2466 1521 2534 Quippe
1540 2469 1631 2535 qui
1651 2485 1841 2526 omnes
1886 2473 2037 2526 adhi-

452 2553 650 2605 bebant
679 2553 964 2616 machinas
995 2556 1062 2610 ad
1117 2558 1387 2612 hominem
1432 2573 1690 2628 perpetuo
1722 2563 2035 2630 tenendum,

449 2646 731 2712 sophistici
770 2646 1194 2717 professoriique
1234 2652 1503 2715 subsellii,
1530 2669 1867 2711 summorum
1909 2658 2034 2712 item

406 2797 411 2801 γ
449 2740 920 2806 maximorumque
939 2742 1204 2796 honorum
1223 2754 1651 2811 auctoramento,
1675 2764 1783 2818 quo
1805 2751 1901 2804 hos
1921 2761 2038 2804 tan-

432 2830 569 2882 dem
597 2833 779 2885 animo
804 2832 971 2888 fuisse
991 2835 1180 2888 credas
1205 2836 1293 2890 illo
1319 2837 1430 2905 jam
1487 2839 1589 2893 iter
1641 2856 1801 2895 suum
1860 2844 2037 2913 ingre-

450 2923 655 2974 diente?
674 2924 995 2992 Quanquam
1021 2934 1147 2979 vero
1172 2938 1226 2981 ut
1248 2939 1491 2984 maneret
1516 2934 1582 2985 ab
1607 2934 1723 2999 ipso
1746 2933 2038 3002 impetrare

453 3029 593 3080 nequ
622 3014 774 3078 haut,
797 3031 897 3070 nou
919 3017 1036 3070 ideo
1059 3019 1281 3072 missum
1307 3020 1824 3089 penitusfat-iebaut,
1852 3041 2035 3080 verum

451 3106 651 3172 quibus
685 3117 993 3163 monstrate
1041 3111 1215 3164 modis
1243 3125 1513 3180 peterant,
1565 3116 1667 3169 hoc
1721 3118 1858 3184 ipso,
1895 3124 2035 3188 quod

2149 1995 2457 2066 Ἀθηναίοις
2488 1999 2567 2050 ὅτι
2612 2000 2837 2061 τούτους
2863 1999 3098 2051 ἀπέλιπε
3136 1998 3337 2062 πένθος
3388 1998 3729 2061 καταλιπὼν,

2133 2091 2269 2162 ὅσην
2300 2094 2347 2145 εί
2383 2092 2516 2160 παρ’
2548 2093 2734 2155 αὐτοῖς
2763 2094 2949 2161 μένειν
2982 2095 3169 2165 ᾑρεῖτο
3199 2094 3495 2163 παρέσχεν
3524 2092 3592 2146 ἂν
3614 2092 3731 2162 ἡδο-

2135 2184 2256 2255 νήν.
2290 2185 2357 2237 Ol
2384 2186 2494 2254 γὰρ
2515 2187 2663 2248 ὅπως
2684 2184 2877 2239 τοῦτον
2899 2187 2980 2249 είς
3006 2186 3162 2249 τέλος
3187 2185 3531 2255 κατάσχοιεν
3560 2184 3727 2239 πάντα

2137 2275 2442 2340 ποιοῦντες,
2474 2277 2566 2329 καὶ
2617 2277 2776 2330 τοῦτο
2821 2278 2939 2345 μὲν,
2966 2279 3058 2331 τὸν
3098 2278 3425 2346 σοφιστικὸν
3459 2278 3557 2329 καί⁵
3574 2275 3725 2329 ’παι-

2134 2368 2383 2420 δευτικδν
2422 2368 2569 2435 αὐτῴ
2605 2367 2817 2438 θρόνον,
2851 2369 3015 2421 τοῦτο
3036 2368 3094 2421 δὲ
3118 2371 3220 2432 τὰς
3248 2371 3488 2438 πρώτας
3520 2369 3614 2422 καὶ
3644 2385 3731 2437 με-

2136 2463 2335 2525 γίστας
2387 2461 2622 2522 διδόντες
2680 2463 2867 2530 τιμὰς,
2914 2462 3031 2525 πῶς
3070 2462 3189 2514 ποτ’
3224 2462 3433 2523 αὐτοὺς
3472 2462 3731 2515 διατεθεῖ-

2139 2555 2265 2609 σθαι
2309 2555 2554 2625 νομίζεις
2606 2555 3017 2625 ἀναχωροῦντος
3055 2556 3315 2620 ἐκείνους
3356 2556 3435 2609 Ού
3490 2557 3599 2625 μὴν
3651 2549 3727 2616 οἷς

2138 2648 2326 2698 πεῖσαι
2354 2647 2452 2698 οὐκ
2487 2645 2718 2714 ἴσχυσαν
2747 2647 2841 2700 καὶ
2862 2647 3057 2699 τούτου
3079 2645 3346 2712 καθάπαξ
3380 2648 3694 2714 ἀπέστησαν
3712 2662 3724 2673 ⁸

2138 2737 2257 2790 ἀλλ’
2290 2730 2369 2799 οἷς
2402 2737 2560 2807 ἔσχον
2584 2737 2666 2790 ὅτι
2704 2737 2779 2807 μὴ
2814 2737 2947 2807 παρ’
2968 2737 3184 2800 ἑαυτοῖς
3216 2737 3420 2789 τοῦτον
3445 2739 3727 2806 κατέσχον,

2137 2829 2213 2891 ὡς
2241 2830 2353 2882 τῶν
2398 2831 2676 2897 μεγίστων
2717 2830 3148 2900 ἀποστερεῖσθαι
3198 2830 3477 2900 νομίζειν,
3524 2830 3619 2883 καὶ
3659 2827 3726 2896 μὴ

2137 2920 2401 2975 δύνασθαι
2441 2923 2655 2990 φέρειν,
2701 2923 2797 2975 καὶ
2826 2924 2901 2993 μὴ
2932 2922 3095 2991 μόνον
3137 2923 3428 2994 δυσχερῶς
3461 2925 3730 2993 ὑπερφρο-

2139 3014 2393 3084 νούμενοι
2429 3016 2601 3085 σχεῖν,
2635 3014 2772 3067 ἀλλὰ
2803 3016 2897 3069 καὶ
2929 3014 3123 3068 τοῦτον
3158 3014 3235 3077 ὡς
3264 3015 3580 3085 εὐεργέτην
3611 3012 3728 3067 ἑκά-

2144 3124 2306 3176 στοτε
2349 3111 2540 3171 πνεῖν,
2592 3107 2688 3160 καὶ
2744 3106 2992 3177 γλώττης
3053 3108 3268 3177 τρυφὴν
3342 3106 3618 3161 ποιεῖσθαι
3668 3104 3730 3157 τὰ

452 3195 725 3251 hominem
755 3199 896 3267 apud
938 3216 1135 3258 senon
1190 3206 1562 3271 retinuissent,
1622 3223 1689 3263 eo
1740 3212 2031 3265 maximam

2139 3196 2326 3249 τοῦδεο
2359 3198 2455 3250 καὶ
2482 3200 2659 3253 πάντα
2693 3198 2885 3251 παθεῖν
2910 3198 3057 3268 ἔχειν
3086 3199 3354 3269 ἑτοίμως,
3387 3200 3418 3270 ἢ
3453 3201 3552 3269 τῆς
3574 3196 3727 3252 αὐτοῦ

451 3307 571 3347 sese
598 3293 892 3362 jacturam,
927 3306 1119 3368 su0pte
1142 3298 1351 3368 iudicio
1384 3300 1602 3367 fecisse,
1630 3320 1859 3374 eamque
1892 3307 2033 3364 ferre

453 3387 538 3440 vix
594 3402 784 3455 posse;
821 3398 876 3443 et
936 3392 1077 3446 hanc
1107 3403 1285 3448 tamen
1316 3394 1400 3448 sui
1436 3398 1891 3465 contemptionem
1930 3419 2032 3458 non

454 3479 616 3534 modo
649 3497 751 3535 non
768 3483 968 3549 aegrius
994 3500 1124 3539 sane
1151 3488 1422 3555 accipere,
1473 3490 1567 3542 sed
1608 3503 1796 3547 contra
1833 3511 2034 3550 unum-
2066 3503 2077 3515 '

453 3585 724 3639 quemque
754 3573 1045 3629 identidem
1081 3575 1225 3629 hunc
1263 3587 1531 3643 nostrum,
1563 3590 1619 3634 ut
1648 3585 1850 3652 optime
1885 3589 1950 3641 de
1976 3603 2036 3644 se

455 3662 735 3727 meritntn,
781 3666 993 3732 spirare
1047 3668 1391 3737 nominisque
1443 3670 1591 3726 illius
1639 3688 2036 3731 commemora-

452 3756 654 3810 tionem
680 3772 781 3826 pro
823 3758 1020 3830 linguae
1051 3761 1450 3819 oblectamento
1474 3766 1696 3832 habere,
1744 3773 2037 3841 omniaque

464 3849 566 3902 alia
608 3852 814 3920 perpeti
873 3855 1197 3922 promptius,
1263 3874 1426 3928 quant
1471 3860 1555 3915 vel
1620 3862 1904 3919 minimum
1969 3869 2037 3920 ab

456 3945 813 4011 usurpatione
870 3951 1146 4004 memoria:
1184 3951 1516 4021 laudumque
1570 3954 1743 4022 ipsius
1783 3959 2037 4025 digredi,

453 4038 585 4092 illud
645 4054 751 4093 non
804 4041 1037 4096 obscure
1087 4049 1482 4100 monstrabant.
1541 4047 1701 4104 llunc
1752 4051 1935 4121 itaque
1984 4055 2037 4108 in

456 4134 676 4184 modum
697 4147 821 4187 cotn
846 4149 971 4199 erga
1003 4134 1151 4189 illum
1176 4138 1402 4191 animati
1432 4151 1636 4201 essent.
1665 4142 1833 4198 nihilo
1861 4147 2037 4212 ipsum

454 4223 636 4279 serius
669 4228 809 4293 apud
847 4241 903 4281 se
933 4224 1267 4299 retinebant:
1292 4234 1509 4286 tametsi
1550 4233 1825 4288 hominem
1862 4236 2038 4306 ipsum

458 4316 603 4369 nulla
649 4334 711 4371 ex
751 4332 905 4387 parte
939 4323 1260 4389 retinerent,
1316 4324 1632 4378 retinebant
1662 4327 1810 4382 illum
1847 4332 2041 4385 videli-

455 4417 543 4463 cet
595 4411 645 4462 in
680 4409 1056 4478 pulcherrimo
1086 4423 1139 4469 et
1160 4415 1571 4483 appositissimo
1593 4417 1735 4485 loco,
1766 4436 1867 4476 suo
1900 4423 2040 4493 ipso-

462 4519 582 4555 rum
611 4504 817 4561 animo.
855 4506 913 4560 id
945 4509 1093 4576 quod
1142 4509 1282 4563 haud
1323 4509 1483 4577 paulo
1507 4510 1797 4579 gloriosius
1830 4531 2037 4583 nostro,

458 4610 575 4648 mea
612 4599 903 4659 sententia,
937 4600 1057 4663 fuit,
1113 4614 1277 4668 quam
1314 4602 1504 4670 pOsitte
1557 4604 1688 4658 olim
1744 4606 2041 4664 Harmodio

456 4696 618 4759 atque
680 4688 1037 4757 Aristogitoni
1096 4697 1330 4744 statum:
1373 4672 1475 4746 illa;
1511 4692 1768 4763 nimirum
1830 4696 1880 4748 in
1921 4695 2041 4750 foro

458 4781 990 4846 puldicorollocatze
1045 4782 1287 4847 stabant,
1353 4792 1410 4838 at
1485 4796 1675 4840 noster
1724 4786 1776 4840 in
1840 4790 2039 4845 animis

457 4876 702 4929 omnium
759 4874 1077 4944 intimisque
1115 4873 1363 4930 sensibus
1411 4876 1692 4931 dedicatus
1723 4889 1883 4945 erat;
1922 4880 2040 4935 illas

459 4969 558 5021 aevi
584 4977 827 5022 vetustas
848 4968 1208 5037 consumpsit,
1245 4981 1434 5023 neSIer
1478 4984 1595 5023 aevo
1638 4971 1789 5025 omni
1856 4973 2043 5042 vigens

460 5064 757 5129 vireusqne
792 5059 1055 5131 persistit.
1092 5075 1197 5113 non
1246 5060 1365 5114 sine
1428 5075 1641 5115 summa
1681 5062 2043 5119 admiratione

463 5156 807 5209 sermonibus
824 5154 1130 5207 mortalium
1154 5164 1448 5220 usurpatus
1467 5155 2045 5224 auditusque,perintle

466 5258 523 5299 ιιι
553 5247 791 5328 maxima
827 5243 1240 5299 Atheniensium
1264 5253 1486 5310 tropzea,
1526 5243 1831 5307 Marathon,
1864 5258 1917 5300 et
1947 5246 2046 5301 Sa-

466 5337 647 5402 lamis,
688 5348 741 5389 et
769 5336 948 5389 nobile
985 5335 1363 5391 Artemisium.
1397 5335 1634 5390 l’roinde
1657 5338 1855 5390 absens
1879 5338 2044 5391 etiam

469 5441 618 5484 tanto
650 5428 1078 5483 Atheniensibus
1104 5428 1284 5485 studio
1304 5428 1608 5489 colebatur.
1643 5438 1703 5483 ut
1739 5446 1883 5483 unus
1939 5432 2049 5483 sin-

459 5525 637 5594 gulari
695 5524 887 5595 modo,
947 5537 1219 5593 supraque
1271 5504 1749 5593 pra-statttissimos
1808 5538 2052 5592 quosque

468 5617 805 5669 admirabilis
846 5617 1157 5679 haberetur,
1192 5619 1547 5685 omniumque
1575 5619 1626 5669 in
1661 5631 1756 5671 ore
1787 5626 1843 5669 ttt
1895 5618 2052 5688 longe

465 5706 707 5759 Omnium
759 5708 1012 5776 princeps
1052 5720 1218 5763 esset.
1285 5706 1550 5762 Prmterea
1611 5709 1679 5760 ita
1723 5709 1918 5762 addicti
1957 5714 2051 5762 ah-

470 5798 608 5850 SCnti
642 5808 797 5850 erant
829 5800 1307 5867 adhaervbantque,
1358 5800 1435 5852 sic
1481 5799 1746 5867 nuit-eque
1793 5800 1860 5853 tle
1908 5801 2052 5854 illius

464 5891 660 5964 gratiis
689 5890 1019 5962 pendebant,
1059 5903 1113 5947 ut
1170 5908 1276 5945 non
1339 5895 1499 5948 modo
1546 5891 1693 5947 velut
1752 5909 1872 5948 cum
1931 5892 2050 5955 ipso
2092 5901 2358 5951 praesente
2387 5905 2546 5960 agere
2582 5889 2917 5952 viderentur,
2955 5901 3187 5955 ριιηιιιιε
3220 5875 3435 5941 ἰιιιιιυιὶ,
3498 5875 3547 5925 ει

2142 3292 2364 3360 μνήμης
2411 3290 2507 3343 καὶ
2545 3291 2654 3343 τῶν
2705 3291 2948 3344 ἐπαίνων
2995 3291 3089 3344 καὶ
3139 3291 3360 3360 μικρὸν
3389 3292 3724 3362 ἀποστῆναι⁸

2137 3383 2363 3452 δηλοῦσι
2413 3384 2588 3454 δήπου
2642 3384 2828 3451 σαφῶς
2866 3384 2963 3437 καὶ
3019 3377 3100 3447 οἷς
3131 3383 3309 3448 οὕτως
3354 3385 3537 3454 ἔσχον,
3581 3383 3724 3437 οὐδὲν

2137 3470 2302 3548 ἦττον
2356 3478 2642 3545 κατέσχον,
2675 3466 2771 3529 καὶ
2824 3476 2958 3546 μηδὲ
3010 3476 3176 3529 αὐτὸν
3228 3477 3642 3548 κατασχόντες’
3672 3475 3724 3524 ὲν

2137 3569 2248 3640 γὰρ
2279 3569 2557 3639 καλλίστῳ
2590 3570 2684 3621 καὶ
2713 3569 3067 3639 καιριωτάτῳ
3092 3570 3158 3639 τῇ
3191 3570 3350 3637 σφῶν
3375 3569 3589 3638 διανοίᾳ
3602 3562 3723 3618 τοῦ·

2137 3679 2232 3716 τον
2280 3663 2571 3731 κατέσχον.
2610 3663 2676 3716 Ὅ
2703 3662 2797 3716 καὶ
2831 3659 3015 3729 μεῖξον
3064 3664 3145 3724 εἰς
3194 3661 3516 3733 φιλοτιμίαν
3558 3659 3720 3727 ἔγωγε

2138 3757 2316 3828 τούτῳ
2348 3756 2579 3824 νομίζω,
2630 3756 2663 3826 ἦ
2701 3755 2975 3826 Ἀρμοδίῳ
3028 3756 3122 3809 καὶ
3163 3757 3592 3826 Ἀριστογείτονι
3630 3751 3722 3811 τὰς

2140 3851 2376 3915 εἰκόνας,
2403 3851 2565 3920 εῖπερ
2594 3852 2649 3904 αἱ
2685 3850 2786 3919 μὲν
2828 3849 2917 3903 ἐπ’
2952 3850 3159 3920 ἀγορᾶς
3191 3851 3381 3916 σςρὲσιν
3427 3849 3665 3910 ἑστᾶσιν,
3698 3844 3723 3893 ὁ

2138 3942 2185 3995 δ’
2210 3944 2267 3996 ὲν
2290 3945 2411 4005 ταῖς
2436 3944 2696 3998 ἁπάντων
2720 3945 2936 4015 ἵδρυται
2955 3943 3161 4015 ψυχαῖς
3184 3945 3279 3997 καὶ⁵
3306 3946 3431 4007 ταῖς
3455 3945 3692 4011 γνώμαις
3707 3952 3720 3967 ’

2140 4034 2365 4097 καὶτὰς
2415 4036 2514 4106 μὲν
2579 4037 2787 4091 ἀνεῖλεν
2815 4039 2843 4090 ὁ
2881 4035 3114 4107 χρόνοςο
3160 4037 3188 4089 ὁ
3225 4035 3285 4088 δὲ
3334 4036 3481 4090 κατὰ
3534 4030 3723 4090 παντὸς

2141 4127 2409 4196 ἀκμάζων
2438 4128 2640 4199 ἕστηκε
2672 4132 2889 4200 χρόνου,
2918 4127 3216 4197 λεγόμενός
3248 4145 3313 4181 τε
3344 4129 3438 4183 καὶ
3466 4125 3724 4193 ἀκουόμε-

2140 4238 2231 4286 νος
2258 4221 2355 4275 σὺν
2384 4222 2466 4275 ὅτι
2512 4221 2752 4291 μάλιστα
2780 4224 2845 4291 τῇ
2895 4220 3158 4291 ἐκπλήξει
3196 4237 3213 4254 ο
3245 4222 3500 4291 καθάπερ
3531 4218 3599 4272 τὰ
3638 4216 3724 4285 μέ-

2140 4314 2284 4383 γιστ’
2316 4315 2500 4375 αὐτοῖς
2539 4316 2646 4368 τῶν
2666 4315 2970 4386 τροπαίων,
3000 4312 3282 4385 Μαραθών
3318 4331 3380 4367 τε
3429 4313 3525 4366 καὶ
3562 4308 3722 4363 Σαλα·-

2146 4411 2259 4478 μὶς,
2286 4409 2382 4464 καὶ
2411 4412 2472 4463 τὸ
2492 4409 2659 4463 καλὸν
2699 4410 3061 4479 Ἀρτεμίσιον.
3089 4409 3150 4461 Ὀ
3176 4409 3276 4480 μὲν
3301 4405 3396 4463 οὖν
3429 4408 3523 4461 καὶ
3549 4401 3715 4463 ἀπὼν,

2154 4501 2464 4572 Ἀθηναίοις
2494 4501 2639 4555 οὕτω
2660 4501 3128 4571 περισπούδαστος
3158 4497 3250 4573 ἦν,
3276 4501 3354 4565 tit;
3371 4496 3723 4568 διαφερόντως

2077 4572 2121 4627 D
2147 4597 2241 4648 καὶ
2275 4595 2489 4657 πάντας
2534 4588 2917 4664 θαυμάζεσθαι
2960 4595 3089 4657 τοὺς
3119 4572 3423 4663 ἀρίστους,
3472 4592 3576 4644 κάν
3616 4585 3722 4643 τοῖς

2150 4687 2407 4741 ἁπάντων
2441 4688 2517 4749 ώς
2552 4686 2813 4757 προῦχων
2845 4686 3104 4740 ἁπάντων
3134 4686 3403 4756 στόμασιν
3428 4680 3588 4736 εἶναι.
3617 4674 3721 4730 Καὶ

2150 4779 2315 4833 πάλιν
2341 4780 2576 4843 ἀπόντος
2599 4772 2747 4833 οὗτοι
2779 4778 3039 4832 τοσοῦτον
3065 4778 3276 4849 εἴχοντό
3308 4794 3368 4832 τε
3403 4774 3498 4829 καὶ
3528 4765 3721 4839 περιεί·

2148 4890 2329 4944 χοντο,
2372 4872 2607 4927 καὶτῶν
2649 4871 2815 4926 αὐτοῦ
2856 4870 3111 4935 καθάπαξ
3168 4872 3408 4941 χαρίτων
3443 4864 3717 4932 ἐξείχοπος

2150 4965 2227 5028 ὡς
2262 4964 2337 5036 μὴ
2367 4965 2531 5035 μόνον
2559 4964 2635 5027 ὡς
2684 4965 2917 5033 παρόντι
2951 4963 3128 5033 τούτῳ
3161 4962 3399 5028 ξυνεῖναι
3428 4957 3603 5012 δοκεῖν
3632 4946 3719 5002 καὶ

2148 5060 2283 5130 ὁρᾷν
2338 5060 2433 5112 καὶ
2471 5057 2801 5128 κεχρῆσθαι,
2837 5056 2977 5109 ἀλλὰ
3010 5056 3104 5108 καὶ
3154 5055 3380 5126 μονονοὺ
3420 5050 3515 5119 τὴν
3553 5040 3719 5114 ψυχὴν

2150 5154 2210 5205 ὲν
2234 5154 2346 5214 τοῖς
2393 5149 2538 5218 ὑπὲρ
2594 5149 2763 5204 αὑτοῦ
2799 5148 2981 5216 λόγοις
3022 5149 3236 5218 ἐκχεῖν,
3272 5145 3371 5199 καὶ
3422 5130 3718 5231 τούτῳ-ζῇν

2154 5245 2358 5317 μᾶλλον
2391 5245 2424 5315 ἢ
2460 5243 2650 5311 σφίσιν
2695 5243 2883 5306 αὐτοῖς
2907 5258 2920 5273 ·
2958 5240 3082 5295 ἐπεὶ
3127 5240 3224 5293 καὶ
3250 5237 3396 5309 ψυχή
3439 5249 3521 5294 τις
3552 5226 3718 5317 αὐτωγ

2144 5306 2218 5399 ti);
2259 5306 2436 5391 εἰπεῖν
2465 5306 2651 5390 ἐδόκει
2692 5334 2919 5404 παρών⁹
2972 5333 3100 5395 τοὺς
3137 5332 3239 5401 μὲν
3265 5306 3584 5398 ’προσάγων
3630 5306 3717 5364 καὶ

2149 5430 2405 5496 ξυνιστὰς
2427 5429 2505 5499 τῷ
2532 5428 2682 5498 Θεῷ·
2727 5428 2853 5490 τοὺς
2881 5425 2924 5479 δ’
2967 5424 3299 5478 ὲπιὸεεαιῶν
3327 5419 3423 5473 καὶ
3458 5405 3715 5501 στηρίζαξν

2150 5521 2247 5575 καὶ
2277 5521 2610 5589 ἁκλονήτους
2637 5516 2895 5581 καθάπαξ
2913 5515 3084 5578 τιθείς
3111 5530 3125 5544 ·
3159 5514 3255 5566 καὶ
3279 5507 3461 5567 ἁπλῶς
3490 5500 3579 5555 καὶ
3599 5508 3713 5546 των

2151 5630 2277 5677 τους
2328 5615 2615 5673 κάκείνους
2642 5611 2810 5674 θείαις
2846 5610 3156 5678 ὑποθήκαις
3206 5608 3299 5659 καὶ
3325 5603 3556 5669 δόγμασι
3600 5597 3714 5678 συψ

2150 5705 2302 5772 ἀγων
2333 5704 2428 5756 καὶ
2490 5700 2828 5772 συγκροτῶν,
2856 5703 2951 5755 καὶ
2985 5677 3084 5768 τὴν
3116 5695 3378 5769 ἀληθινὴν
3426 5687 3516 5740 καὶ
3559 5677 3711 5750 μόνην

2153 5797 2299 5867 ζωὴν
2329 5797 2427 5866 ζῇν
2456 5795 2678 5857 τούτους
2715 5792 3177 5863 παρασκευάζων.
3681 5870 3709 5906 u

2310 5901 2320 5906 -
2588 5889 2758 5906 Ur.__-
2812 5899 2822 5906 .
2876 5902 2896 5906 .-
3090 5901 3184 5906 μ..-
3220 5875 3410 5906 :_-......:
3499 5875 3544 5906 cl
3601 5874 3677 5906 t'tll

3601 5874 3677 5915 (Ui
