4028 6460
386 388 482 450 251
1336 382 1732 446 LAUDATIO
1772 384 1837 445 S.
1871 382 2262 446 GREGOBII
2303 384 2722 446 TlIEOLOGi.
3184 411 3191 419 ι
3543 385 3650 446 262

387 521 490 557 παν
513 501 622 555 τῶν
643 501 769 573 τῇδε
802 499 960 570 λόγον
991 499 1284 562 ποιεῖσθαι,
1316 501 1451 554 ἀλλὰ
1486 501 1583 555 καὶ
1611 501 1711 570 τῆς
1741 499 1875 571 πρὸς
1897 499 1960 554 τὸ

2062 516 2163 558 nec
2197 501 2303 557 ulla
2341 517 2565 575 prorsus
2597 515 2778 558 rerum
2813 500 3177 556 humanarum
3230 514 3357 555 cura
3393 508 3648 572 tangere-

386 593 545 665 σῶμα
580 592 946 661 συμπαθείας,
972 591 1115 656 οὕτω
1146 591 1401 657 καθάπαξ
1428 591 1730 660 ὑπερορᾷν,
1753 590 1829 654 ὼς
1860 608 1968 662 μη-

2070 602 2176 658 tnr,
2208 610 2394 648 verum
2425 596 2496 646 ita
2527 594 2743 663 penitus
2782 592 2946 647 etiam
2980 602 3194 646 mutuas
3238 596 3499 646 consortii
3528 604 3647 647 cor-

386 688 434 739 5ὶ
456 684 680 754 χιτῶνος
727 682 996 752 δήπουθεν
1032 681 1316 750 δεδεῆσθαι
1350 681 1632 752 δευτέρου,
1667 681 1804 734 ἀλλὰ
1870 682 1965 735 καὶ

2064 684 2213 750 porei
2269 680 2578 738 aﬂ‘ectiones
2615 694 3021 753 aspernaretur,
3059 692 3117 736 ut
3151 685 3315 738 unica
3359 695 3649 740 contentus

385 778 525 831 κατὰ
553 774 711 844 ψιλοῦ
732 778 826 828 τοῦ
855 774 1115 845 ὲδὲφους-
1148 774 1337 828 ἑαυτὸν
1367 774 1739 836 κατακλίνειν,
1777 774 1872 827 καὶ
1901 774 1964 828 τὸ

2065 778 2247 832 tunica
2322 785 2540 832 aetatem
2610 786 2813 846 ageret,
2853 778 3102 842 nudoque
3151 776 3279 831 item
3316 779 3435 832 solo
3476 779 3649 835 fessos

394 869 495 938 μὲν
515 867 682 939 μηδὲν
705 854 1039 938 ἐχειν,ἄναν
1086 868 1229 939 ἔχειν
1287 866 1572 938 ἡγεῖσθαι·
1640 865 1842 936 μᾶλλον
1904 866 1964 920 δὲ

2064 880 2216 923 artus
2267 880 2733 937 componeret,et
2768 871 2984 923 abunde
3034 885 3094 925 se
3148 870 3351 924 habere
3398 871 3648 936 crederet

396 962 574 1013 πάντα
602 960 669 1013 τὰ
689 960 955 1013 κάλλιστα
996 961 1163 1029 ἔχειν,
1218 963 1275 1011 ἐν
1302 959 1381 1028 τῷ
1418 959 1588 1029 μηδὲν
1647 958 1792 1028 ἔχειν
1854 960 1963 1013 τῶν

2066 975 2189 1015 cum
2227 961 2357 1015 nihil
2392 962 2635 1025 haberet,
2679 971 2772 1014 aut
2799 963 2985 1016 verius
3016 961 3221 1029 optima
3276 977 3503 1033 quaeque
3535 974 3647 1019 tum

386 1054 559 1117 κάτω,
587 1052 701 1106 ἀλλ’
728 1052 872 1124 ἔχειν
895 1053 1007 1107 ἄνω
1030 1053 1120 1105 τὸν
1136 1051 1283 1112 νοῦν,
1312 1054 1406 1106 καὶ
1423 1056 1545 1113 ταῖς
1571 1050 1786 1106 ἐλπίσιν
1813 1052 1963 1122 ἔχειν

2066 1054 2287 1118 habere,
2321 1070 2441 1109 cum
2488 1069 2669 1109 rerum
2706 1054 2965 1108 harumce
3019 1054 3335 1109 inferiorum
3368 1057 3500 1110 nihil
3553 1058 3651 1111 ha-

384 1146 631 1209 κάκεῖνα,
664 1142 700 1198 ἃ
724 1145 958 1212 μάλιστα
976 1144 1194 1198 πάντων
1221 1144 1366 1213 ἔχειν
1391 1144 1583 1214 ἐχρῆν,
1617 1144 1710 1197 καὶ¹
1735 1145 1949 1215 τρυφᾷν

2066 1143 2255 1210 heret;
2307 1159 2492 1197 verum
2540 1153 2721 1199 mente
2774 1160 2989 1200 sursum
3045 1161 3237 1201 versus
3288 1146 3497 1212 levata,
3534 1148 3648 1217 jam

384 1237 493 1306 μὲν
521 1236 570 1288 εί
608 1234 818 1306 πεινῴη
849 1235 1093 1306 νομίζειν
1119 1248 1134 1265 ⁶
1165 1236 1451 1289 κάλλιστον
1481 1236 1539 1289 δὲ
1563 1237 1772 1301 κρίνειν
1803 1237 1965 1289 ποτὸν

2066 1249 2164 1303 spe
2195 1236 2282 1289 illa
2319 1236 2562 1300 haberet,
2591 1252 2710 1305 quire
2729 1237 2967 1291 omnium
3001 1237 3235 1292 maxime
3264 1239 3466 1294 habere
3488 1254 3650 1310 opor-

384 1330 479 1379 καὶ
499 1327 693 1391 παντὸς
722 1328 873 1398 ἣδιον
901 1328 1190 1400 νέκταρος,
1209 1331 1270 1381 τὸ
1292 1329 1389 1398 τῆς
1413 1326 1565 1391 θείας
1586 1327 1824 1395 ὲποψίας
1843 1327 1966 1380 ὅσαι

2066 1329 2235 1391 tehat,
2266 1340 2427 1397 atque
2464 1340 2592 1382 tunc
2646 1331 2697 1383 in
2746 1331 2978 1384 suurn-is
3024 1344 3144 1385 sese
3185 1331 3396 1386 deliciis
3443 1335 3649 1388 versari

380 1414 522 1489 ὧραι
567 1423 708 1474 κατὰ
738 1420 863 1473 νοῦν
916 1421 1306 1492 ἐμφορεῖσθαι,
1354 1423 1448 1473 καὶ
1496 1422 1678 1475 πάντα
1730 1422 1830 1490 μὲν
1870 1419 1963 1474 τὸν

2062 1421 2400 1488 existimare,
2461 1422 2679 1488 quando
2734 1422 2908 1475 inedia
2963 1420 3414 1489 conﬂictabatur;
3466 1434 3650 1493 potum

383 1512 498 1581 βίον
525 1510 756 1582 μελέτην
784 1512 1019 1566 θανάτου
1070 1514 1371 1577 ποιεῖσθαι,
1403 1513 1572 1584 μόνην
1602 1512 1658 1565 δὲ
1690 1510 1836 1584 ζωὴν
1860 1510 1958 1583 τὴν

2068 1522 2244 1566 autem
2297 1513 2665 1582 gratissimum
2708 1524 2762 1568 et
2817 1526 3035 1567 nectare
3095 1515 3289 1584 quovis
3351 1517 3650 1571 dulcimem

381 1606 441 1657 ὲν
471 1605 762 1676 πνεύματι,
800 1607 901 1660 καὶ
930 1608 997 1676 ἣν
1027 1606 1153 1670 τοὺς
1184 1606 1461 1671 τοιούτους
1492 1606 1668 1668 εἰκός.

2060 1606 2347 1678 indicaret,
2386 1608 2476 1660 Dei
2507 1611 2677 1674 ipsius
2708 1608 3014 1662 visitatioue
3045 1624 3110 1662 ac
3140 1611 3427 1677 praesentia
3463 1611 3516 1663 in
3548 1610 3651 1663 ho-

384 1716 473 1753 ras
503 1701 683 1755 animo
711 1700 934 1770 perfrui,
972 1702 1209 1770 denique
1278 1711 1441 1755 Vitam
1525 1714 1744 1753 onmem
1821 1698 1874 1753 in
1954 1699 2144 1753 mortis
2195 1702 2657 1755 commentatione
2719 1711 2984 1770 poneret,
3049 1703 3194 1758 illam
3243 1714 3424 1757 autem
3480 1703 3650 1758 solam

382 1792 608 1855 viveret,
644 1808 762 1862 qua.-
816 1795 868 1846 in
901 1795 1095 1862 spiritu
1136 1803 1241 1855 est,
1276 1802 1329 1849 et
1375 1809 1539 1861 quam
1570 1778 1832 1861 ejusmodi
1871 1793 2118 1845 homines
2144 1793 2330 1847 vivere
2371 1808 2467 1862 par
2501 1804 2607 1850 est.
3046 1798 3050 1804 ’

453 1886 586 1940 ME’.
620 1885 806 1940 Ταῦτα
852 1888 1033 1940 τοίνυν
1060 1889 1362 1957 θαυμάζειν
1395 1888 1496 1958 μὲν
1549 1888 1626 1940 ἔνι
1672 1887 1770 1941 καὶ
1813 1887 1955 1939 πάνυ
1995 1895 2035 1946 ιι

2132 1885 2292 1942 XLV.
2360 1887 2859 1953 Vernmenimvero,
2919 1898 2974 1941 ιιι
3045 1888 3161 1943 haec
3222 1905 3342 1958 qua:
3411 1888 3652 1966 diximus

310 1974 327 1987 “
381 1978 704 2049 θαυμάζειν,
747 1983 883 2051 πρὸς
930 1982 1086 2048 ἀξίαν
1114 1981 1157 2034 δ’
1189 1982 1410 2034 οὐκέτι·
1449 1982 1497 2034 εἰ
1532 1981 1587 2033 δὲ
1642 1981 1801 2033 τοῦτο
1856 1981 1901 2031 οι

2058 1977 2323 2033 admirari
2367 1982 2642 2050 equidem,
2696 1993 2750 2035 et
2812 2000 3139 2055 magnopere
3184 2000 3315 2037 sane
3367 1984 3646 2049 admirari,

378 2066 489 2126 οἷόν
517 2089 597 2137 τε,
618 2074 680 2126 τὸ
713 2079 805 2127 καῖ
836 2075 1130 2146 μιμεῖσθαι
1162 2075 1265 2129 ποῦ
1296 2075 1559 2146 θήσομεν,
1595 2074 1631 2129 ἃ.
1666 2075 1758 2129 καὶ
1790 2073 1956 2134 αὐτὸς

2064 2072 2130 2126 ita
2170 2088 2513 2142 nequaquam
2568 2090 2665 2144 pro
2720 2077 2916 2129 merito
2968 2077 3103 2132 satis
3160 2077 3420 2131 admirari
3459 2092 3655 2146 possu—

379 2163 466 2231 ἐφ’
494 2164 712 2228 ἑαυτοῦ,
750 2168 843 2219 καὶ
878 2167 977 2219 σύν
1009 2185 1078 2243 ,γε
1106 2166 1183 2237 τῷ
1226 2170 1453 2239 μεγάλῳ
1502 2169 1598 2222 καὶ
1647 2167 1955 2239 θαυμαστῷ

2061 2181 2179 2217 mus
2220 2182 2235 2232 ;
2272 2167 2413 2235 quod
2466 2167 2510 2219 si
2554 2167 2655 2221 hoc
2700 2182 2728 2219 a
2775 2167 2933 2221 nobis
2981 2170 3223 2236 ρηοδιυτὶ
3278 2170 3487 2237 nequit,
3542 2184 3651 2237 quo

379 2255 644 2329 Βασιλείῳ
682 2258 1031 2332 κατώρθουν·
1067 2262 1161 2317 νῦν
1190 2264 1287 2333 μὲν
1327 2266 1385 2316 ἐν
1427 2267 1537 2327 τοῖς
1570 2264 1680 2315 τῶν
1713 2265 1960 2317 Καππα-

2058 2255 2278 2311 tandem
2348 2258 2469 2313 loco
2545 2261 2905 2313 maximorum
2988 2275 3214 2328 operum
3283 2253 3648 2314 imitationem

378 2346 555 2402 δόκων
583 2350 753 2419 ὅροις,
784 2352 877 2404 νῦν
902 2352 946 2406 δ’
984 2355 1042 2405 ἐν
1088 2358 1208 2418 ταῖς
1243 2355 1547 2425 ὑπωρείαις
1579 2353 1673 2407 τοῦ
1708 2354 1911 2408 Πόντου
1936 2365 1957 2385 ⁸

2059 2361 2342 2415 ponemus,
2369 2364 2488 2416 quae
2523 2358 2708 2403 noster
2740 2359 2847 2402 tum
2884 2350 3000 2418 ipse
3034 2349 3200 2416 solus,
3239 2356 3348 2402 lutn
3384 2366 3486 2402 una
3521 2363 3646 2401 cum

379 2440 477 2494 νῦν
502 2442 558 2494 δὲ
591 2444 714 2495 ὅποι
746 2445 868 2498 ποτ’
901 2447 1085 2510 αὐτοῖς
1133 2447 1338 2517 χωρίον
1366 2448 1599 2518 ἡσυχίας
1629 2448 1829 2511 ἐδόκει,
1863 2445 1957 2499 τὸν

2060 2456 2255 2511 magno
2278 2448 2441 2509 atque
2474 2440 2780 2495 admirabili
2830 2440 2922 2494 illo
2956 2438 3156 2494 Basilio
3197 2439 3493 2509 praestitit?
3523 2442 3648 2494 dum

382 2533 559 2602 μέγαν
601 2535 794 2591 τοῦτον
821 2537 1084 2602 ἀνύοντες
1131 2534 1319 2605 ἆθλον,
1362 2539 1460 2593 καὶ
1503 2541 1571 2593 τὰ
1621 2542 1799 2609 σεμνὰ
1860 2538 1957 2591 καὶ

2059 2551 2204 2589 nunc
2243 2534 2310 2587 ad
2344 2532 2730 2603 Cappadocum
2766 2535 2922 2598 lines,
2960 2548 3104 2587 nunc
3156 2532 3395 2589 Ponticis
3429 2535 3483 2588 in
3518 2550 3650 2587 con-

381 2627 661 2697 περιφανῆ
693 2628 998 2700 σκάμματα
1022 2646 1036 2661 ο
1076 2633 1194 2694 τοῖς
1233 2632 1333 2701 μὲν
1372 2631 1556 2694 ἄλλοις
1593 2631 1790 2702 ὥσπερ
1818 2632 1955 2684 ὑπο-

2060 2627 2313 2693 vallibus,
2346 2641 2491 2680 nunc
2521 2627 2630 2680 alio
2658 2627 2871 2697 quovis,
2906 2627 3002 2695 qui
3035 2626 3141 2680 illis
3189 2627 3493 2696 placuerat,
3526 2628 3651 2681 reli-

380 2716 546 2787 θῆκαί
597 2736 748 2785 τινες
809 2719 960 2786 ὄντες
1012 2724 1107 2776 καὶ
1165 2723 1351 2786 τύποι,
1406 2725 1501 2777 καὶ
1553 2724 1693 2794 πρὸς
1748 2724 1955 2794 ἀρετὴν

2060 2719 2222 2789 giosae
2248 2718 2450 2789 quietis
2490 2720 2632 2784 loco,
2685 2717 2880 2785 ingens
2915 2716 3017 2771 hoc
3044 2724 3349 2779 certamen,
3393 2716 3651 2786 illiusque

380 2811 828 2882 παραδείγματα,
869 2815 1130 2885 ὁμότιμοι
1181 2815 1237 2869 δὲ
1270 2816 1519 2885 ἀλλήλοις
1545 2816 1957 2887 καθεστηκότες

2059 2826 2212 2865 sacra
2270 2825 2332 2864 ac
2385 2811 2619 2865 illustria
2679 2808 2950 2865 curricula
3008 2810 3393 2863 conﬁciebant.
3441 2809 3555 2877 Qua
3593 2812 3647 2864 in

382 2901 455 2956 τὰ
512 2904 710 2969 πάντα,
768 2908 866 2959 καὶ
925 2907 1095 2977 μηδὲν
1136 2908 1301 2960 πλέον
1358 2907 1491 2978 μήτ’
1544 2909 1765 2978 ἔχοντες
1827 2908 1955 2981 μήτ’

2060 2918 2119 2957 re
2147 2902 2270 2957 aliis
2304 2902 2381 2957 illi
2418 2918 2516 2972 pro
2549 2901 2836 2971 prteceptis
2884 2915 2948 2956 ac
2996 2902 3140 2971 typis
3186 2915 3248 2954 ac
3279 2902 3541 2970 exemplis
3580 2907 3647 2956 ad

383 2992 530 3062 ἔχειν
594 2997 721 3068 μηδ’
753 2997 1065 3053 ὁπωστιοῦν
1099 2996 1404 3064 ἀξιοῦντες,
1452 3001 1591 3054 ἀλλὰ
1651 3001 1750 3054 καὶ
1799 3001 1955 3071 φιλο-

2060 2996 2311 3049 virtutem
2344 2995 2625 3049 colendam
2654 3001 2851 3048 erant:
2896 2993 3039 3047 inter
3072 3009 3131 3047 se
3186 3008 3316 3046 vero
3352 2995 3499 3063 ipsus
3531 2995 3646 3063 pari

381 3087 689 3152 νεικοῦντες
730 3090 1025 3156 καθάπαξ·
1060 3093 1160 3163 οὐχ
1195 3090 1337 3144 ὥστε
1370 3093 1465 3146 καὶ
1493 3092 1785 3164 προῦχειν,
1838 3093 1953 3146 ἀλλ’

2060 3086 2115 3140 in
2151 3089 2406 3142 omnibus
2444 3088 2650 3141 ltmzore
2684 3086 2964 3156 graduque
2995 3084 3249 3155 agebant,
3285 3101 3457 3153 neque
3485 3087 3648 3141 ullam

384 3179 524 3232 ὥστε
558 3181 664 3235 τῶν
700 3186 985 3254 πρωτεῗων
1016 3183 1266 3252 ἀλλήλοις
1291 3184 1633 3249 ἐξίστασθαι,
1661 3187 1755 3239 καὶ
1781 3201 1952 3257 προσ-

2062 3195 2172 3249 prae
2234 3178 2408 3232 altero
2461 3179 2600 3234 alter
2657 3178 3024 3247 praestantiam
3094 3188 3189 3230 aut
3239 3177 3492 3240 habebat,
3556 3186 3650 3231 aut

382 3272 465 3323 έτι
504 3273 561 3324 τὸ
584 3277 835 3328 νικᾶσθαι
882 3275 975 3328 τοῦ
1026 3277 1182 3347 νικᾷν
1204 3277 1302 3346 οὐχ
1323 3279 1447 3331 ὅσον
1470 3281 1738 3349 πρότερον
1776 3279 1955 3345 ἄγειν,

2061 3273 2271 3328 habere
2324 3272 2432 3326 ullo
2481 3287 2613 3327 sane
2657 3272 2819 3326 modo
2869 3270 3180 3335 allectabat,
3225 3279 3413 3324 contra
3464 3284 3646 3326 autem

385 3363 518 3418 ἀλλὰ
544 3367 634 3417 καὶ
655 3368 809 3438 νικᾷν
834 3368 1026 3437 τῳόντι
1058 3368 1321 3436 νομίζειν,
1355 3371 1651 3439 νικώμενοι
1669 3386 1682 3399 ’
1705 3370 1956 3440 ἀλλήλοις

2062 3370 2219 3422 unice
2263 3368 2328 3422 de
2363 3381 2430 3422 eo
2485 3366 2717 3421 invicem
2765 3364 3086 3429 certabant,
3126 3349 3230 3419 non
3268 3380 3378 3434 quo
3415 3366 3649 3419 anteiret

385 3453 585 3521 μᾶλλον
645 3456 844 3520 ζῶντες
897 3459 927 3528 ἢ
995 3459 1182 3526 σφίσιν
1218 3459 1442 3522 αὐτοῖς’
1500 3460 1707 3528 μᾶλλον
1763 3460 1818 3512 δὲ
1858 3459 1957 3512 καὶ

2059 3457 2194 3512 alter
2229 3457 2409 3523 alteri,
2457 3457 2551 3512 sed
2597 3467 2652 3510 ut
2689 3457 2901 3525 priores
2936 3454 3095 3509 alteri
3148 3466 3333 3524 partes
3383 3454 3643 3510 deferret.

385 3545 566 3610 σφίσιν
629 3549 835 3612 αὐτοῖς,
898 3552 997 3603 καὶ
1049 3552 1327 3621 ἀλλήλοις
1365 3552 1570 3616 ζῶντές
1628 3571 1686 3605 τε
1743 3554 1840 3606 καὶ
1886 3552 1957 3606 τὰ

2057 3550 2233 3615 Atque
2283 3550 2371 3602 hic
2427 3548 2569 3601 vinci
2622 3562 2788 3617 quam
2845 3546 3064 3600 vincere
3121 3560 3227 3599 non
3277 3547 3439 3599 modo
3494 3548 3647 3614 prius

386 3636 634 3705 βέλτιστα
683 3642 1082 3710 συνεχόμενοι,
1136 3642 1232 3696 καὶ
1290 3643 1427 3706 ὅλως
1478 3644 1634 3697 οὐδὲν
1680 3640 1845 3717 ἦττον
1896 3647 1956 3699 ἐν

2058 3643 2445 3711 antiquiusque
2489 3642 2776 3704 ducebant,
2813 3654 3002 3695 verum
3036 3639 3202 3693 etiam
3257 3653 3448 3693 revera
3501 3640 3646 3694 ineo

382 3728 652 3797 ἀλλήλοις,
703 3731 736 3802 ἢ
786 3733 972 3803 σφίσιν
1009 3735 1197 3796 αὐτοῖς
1229 3736 1662 3805 γνωριζόμενοιο
1718 3736 1816 3788 ἆτε
1867 3736 1956 3790 διὰ

2055 3733 2157 3787 sibi
2193 3735 2406 3787 vincere
2461 3731 2824 3794 videbantur,
2885 3732 3030 3801 quod
3108 3731 3192 3785 sic
3268 3731 3641 3786 vincerentur.

383 3822 596 3874 πάντων
633 3820 692 3875 ἒν
717 3826 968 3888 πνέοντες
1000 3829 1096 3878 καὶ
1127 3828 1456 3897 φρονοῦντες
1479 3866 1495 3891 ,
1529 3828 1622 3881 καὶ
1658 3828 1756 3897 τὴν
1783 3827 1954 3899 αὐτὴν

2054 3826 2265 3896 Quippe
2317 3825 2489 3896 magis
2527 3825 2706 3878 amico
2760 3834 2990 3894 uterque
3020 3840 3186 3893 quam
3241 3826 3343 3879 sibi
3399 3827 3637 3888 vivebat,

381 3916 475 3964 καὶ
497 3916 627 3983 μίαν
647 3917 968 3987 προαίρεσιν
987 3920 1042 3970 ἐν
1060 3917 1299 3989 διαφορᾷ
1316 3918 1584 3987 σωμάτων
1603 3919 1914 3981 δεικνύντες
1933 3933 1948 3949 ο

2055 3922 2170 3974 sive
2201 3922 2384 3973 verius
2433 3928 2487 3971 et
2524 3918 2623 3972 sibi
2663 3926 2890 3989 uterque
2937 3928 2993 3974 et
3022 3921 3202 3974 amico
3252 3934 3373 3975 cum
3408 3921 3641 3981 vivebat,

381 4003 519 4057 ὧᾱτε
555 4008 647 4059 καὶ
679 4012 728 4060 εί
765 4010 841 4079 μὴ
894 4010 1163 4080 πρότερον
1199 4011 1454 4082 εἰρῆσθαι
1506 4010 1729 4081 ξυνέϐη,
1773 4014 1833 4064 τό
1891 4027 1951 4063 τε

2055 4018 2171 4066 tum
2232 4011 2432 4081 Optima
2485 4026 2713 4079 quaeque
2775 4012 3269 4082 coinprecabalur,
3324 4022 3643 4082 poteratque

383 4099 606 4165 Ἀλλος
620 4102 821 4167 αὐτὸς,
845 4103 905 4155 τό
935 4120 993 4154 τε
1028 4105 1206 4158 Κοινὰ
1228 4103 1300 4157 τὰ
1339 4103 1458 4157 τῶν
1501 4105 1795 4174 φίλων,τὺ
1850 4106 1950 4173 μὲν

2054 4106 2219 4158 omni:
2245 4120 2276 4155 ο
2309 4103 2481 4157 nihilo
2533 4106 2711 4159 secius
2743 4104 2794 4157 in
2826 4106 3004 4159 amico
3050 4120 3277 4175 merque
3323 4122 3445 4170 suo,
3480 4125 3640 4177 quant

378 4190 469 4242 ὑπ’
501 4192 809 4259 Εὐριπίδου,
848 4194 907 4246 τὸ
943 4193 988 4247 δ’
1019 4194 1243 4261 Ἄλλος
1269 4196 1596 4262 abrogant
1615 4197 1709 4248 τοῦ
1741 4198 1950 4268 Σαμίου

2138 4198 2322 4266 seipso
2354 4198 2602 4265 agnosci,
2638 4198 2780 4266 quod
2826 4198 3083 4254 videlicet
3109 4200 3263 4266 fidem
3300 4201 3353 4255 in
3385 4204 3642 4255 Olllltilltts
3710 4212 3728 4232 ·

380 4282 567 4350 σοφοῦ,
596 4286 655 4350 ἐξ
691 4285 799 4355 ἄρα
841 4285 1049 4340 τούτων
1091 4288 1181 4343 καὶ
1223 4289 1325 4358 τῆς
1371 4290 1580 4342 τούτων
1616 4290 1946 4359 ξυμπνοίλς,

2052 4292 2212 4343 ambo
2246 4290 2517 4358 spirarent
2551 4293 2964 4361 sentirenlque:
2997 4307 3062 4365 ac
3095 4309 3255 4346 unam
3282 4298 3642 4363 (‘allttlt‘lthlle

375 4378 552 4431 δοκεῖν
582 4380 646 4432 ἄν
669 4398 760 4450 μοι
786 4381 962 4435 ταῦτα
993 4383 1093 4451 τὴν
1120 4384 1296 4452 ἀρχὴν
1335 4383 1621 4452 εἰληφέναι
1649 4380 1906 4451 λέγεσθαι
1931 4403 1947 4419 ο

2052 4383 2106 4436 in
2146 4383 2459 4436 diversitate
2502 4398 2789 4452 corporum
2839 4393 3213 4439 monstrarent
3280 4388 3636 4440 volttntatmn.

373 4471 603 4534 εἰκότως
660 4473 757 4524 καὶ
820 4473 945 4542 μάλ’
977 4472 1149 4538 ἀξίως
1201 4474 1295 4527 τοῦ
1349 4475 1449 4537 τὰς
1491 4475 1672 4527 αὐτῶν
1719 4476 1945 4543 γνώμας

2051 4476 2416 4541 Quamobrem
2449 4490 2602 4539 sane,
2634 4476 2737 4529 nisi
2787 4475 2898 4544 jam
2933 4484 3091 4528 antea
3142 4476 3458 4544 pervulgata
3492 4479 3637 4530 dicta

372 4566 796 4635 συνετετηκότος
836 4566 1026 4638 ὥσπερ
1059 4566 1218 4633 Θεοῦ,
1271 4570 1367 4620 καὶ
1410 4566 1469 4619 ἓν
1500 4567 1668 4636 ἄμφω
1711 4582 1945 4636 πεποιη-

2053 4569 2303 4631 fttissetit,
2356 4584 2477 4621 cum
2536 4586 2554 4618 ι
2584 4567 2806 4620 Amicus
2848 4566 2988 4620 alter
3032 4565 3168 4634 ipse,
3200 4584 3219 4618 ι
3252 4578 3362 4621 tum
3406 4585 3423 4618 ι
3477 4571 3639 4623 Com-

374 4659 530 4720 κότος
542 4697 559 4712 .

2053 4659 2233 4713 munia
2261 4659 2555 4712 amicorum
2575 4657 2782 4722 omnia,
2808 4675 2826 4706 ι
2855 4656 2959 4710 hoc
2987 4655 3054 4711 ab
3078 4656 3330 4724 Euripide
3354 4658 3459 4728 (2),
3485 4659 3636 4722 illud,

370 4753 620 4817 alterum,
674 4771 693 4804 ι
722 4754 946 4811 Amicus
987 4755 1125 4810 alter
1167 4756 1306 4825 ipse,
1336 4772 1354 4806 ι
1394 4769 1423 4808 a
1472 4753 1716 4824 sapiente
1767 4751 1956 4807 Samio
1996 4752 2294 4821 prolatum,
2330 4750 2398 4803 ab
2434 4750 2519 4804 his
2552 4750 2764 4819 utique,
2834 4748 3106 4803 ethorum
3159 4749 3331 4802 amica
3359 4753 3641 4819 conspira-

372 4846 534 4910 tione,
586 4846 698 4901 lnec
732 4849 993 4915 originem
1049 4865 1202 4903 suam
1253 4848 1385 4901 tnihi
1441 4860 1723 4916 stnnptura
1778 4847 1945 4900 fuisse
2018 4844 2290 4899 videntur.
2340 4840 2471 4898 Jure
2532 4841 2661 4896 illud
2715 4842 2983 4914 profecto,
3021 4842 3441 4912 erdignissinia,
3526 4843 3639 4896 Deo

368 4942 599 5003 r..tione,
636 4940 726 5008 qni
766 4942 976 4994 animos
1009 4943 1249 5010 ipsorum
1293 4942 1459 4995 veluti
1521 4939 1804 5001 conﬂavit,
1835 4939 2133 5007 ambosque
2166 4952 2331 4990 unum
2365 4934 2566 4989 eﬂ‘ecit.

438 5033 587 5098 MG'.
624 5032 778 5087 Ἐπεὶ
802 5035 910 5103 γὰρ
935 5037 961 5086 ὁ
985 5035 1148 5097 αὐτὸς
1194 5035 1289 5087 καὶ
1312 5031 1516 5094 ἁπλοῦς
1553 5035 1670 5085 ἐστι
1697 5032 1792 5086 καὶ
1825 5047 1947 5103 τρι-

2126 5027 2311 5084 XLVI.
2346 5026 2554 5096 Quippe
2591 5036 2648 5079 ut
2686 5027 2830 5082 Deus
2861 5026 3087 5095 simplex
3122 5028 3332 5095 pariter
3363 5035 3418 5078 et
3451 5025 3630 5082 trimus

366 5127 635 5188 πλοῦς,τδ
671 5126 768 5196 μὲν
818 5129 932 5190 ταῖς
969 5127 1213 5196 ἰδιότησι,
1233 5127 1293 5178 τὸ
1334 5125 1390 5178 δὲ
1412 5128 1478 5196 τῇ
1515 5125 1751 5194 θεότητι,
1778 5124 1947 5192 ἀνάγ-

2041 5130 2172 5185 ,οει,
2229 5121 2405 5174 trinus
2461 5116 2716 5172 nimirum
2770 5120 3194 5188 proprietatibus
3247 5132 3628 5186 personarum,

372 5235 443 5285 κη
508 5219 657 5269 πᾶσα
720 5217 975 5278 καὶτοὺς
1024 5218 1175 5287 αὐτῷ
1236 5218 1688 5289 προσανέχοντας,
1738 5216 1833 5269 ὲὰν
1882 5231 1944 5266 τε

2054 5222 2109 5266 at
2129 5213 2363 5267 essentia
2390 5212 2573 5265 divina
2612 5211 2840 5278 simplex
2869 5226 2883 5265 :
2916 5211 2987 5263 ita
3034 5226 3256 5265 necesse
3280 5213 3501 5263 omnino
3527 5223 3630 5276 est,

365 5311 582 5373 maiae;
622 5305 754 5363 ὦσιν
805 5313 901 5364 ὲάν
935 5327 995 5362 τε
1054 5311 1333 5372 ἐλάττους,
1374 5311 1649 5370 τοιούτους
1676 5307 1738 5377 δή
1788 5322 1943 5369 τινας

2052 5305 2142 5376 qui
2181 5306 2289 5358 Ι)οο
2325 5318 2445 5358 sese
2482 5312 2622 5356 totos
2651 5302 2930 5367 addixere,
2978 5304 3093 5356 sive
3134 5302 3316 5369 plures
3353 5301 3467 5353 sive
3495 5316 3631 5369 pau-

364 5400 525 5464 εἶναι,
560 5405 653 5454 καὶ
682 5403 823 5455 οὕτω
850 5394 986 5471 πρὸς
1012 5402 1276 5471 ἀλλήλους
1304 5401 1471 5470 ἔχειν,
1504 5398 1578 5460 ὡς
1610 5400 1702 5451 καὶ
1747 5396 1945 5457 αὐτοὺς

2049 5399 2249 5462 ciores,
2281 5397 2414 5449 tales
2437 5395 2702 5465 quosdam
2742 5409 2888 5460 esse,
2930 5404 2982 5449 et
3014 5396 3113 5447 hoc
3144 5407 3270 5461 erga
3302 5406 3359 5444 se
3392 5389 3623 5444 invicem

361 5496 418 5547 ἓν
446 5493 585 5557 εἶναι
613 5497 790 5547 δοκεῖν
821 5498 886 5565 τῇ
924 5496 1061 5562 πρὸς
1092 5496 1255 5547 αὐτὸν
1280 5494 1609 5562 οἰκειότητι’
1674 5490 1703 5542 ὃ
1730 5490 1794 5561 δὴ
1844 5491 1942 5543 καὶ

2052 5493 2212 5544 modo
2247 5488 2476 5544 allectos
2515 5502 2661 5552 esse,
2697 5497 2756 5542 ut
2786 5496 2841 5540 et
2869 5486 2970 5555 ipsi
3009 5501 3104 5553 per
3127 5486 3274 5538 illam
3315 5499 3474 5553 quam
3504 5497 3626 5536 cum

360 5592 455 5643 ἐπὶ
485 5591 579 5642 τοῦ
613 5589 816 5643 κύκλου
851 5589 1077 5654 ξυνιδεῖν
1109 5590 1169 5641 ’ἐν
1190 5592 1337 5641 ἐστιν
1364 5587 1466 5655 (1).
1486 5585 1552 5637 Αἰ
1582 5583 1691 5655 γὰρ
1724 5585 1816 5637 ἐπὶ
1845 5582 1947 5653 τῆς

2056 5582 2167 5637 Ι)οο
2218 5583 2417 5636 habent
2467 5580 2918 5645 familiaritatem,
2972 5593 3136 5631 unum
3188 5575 3445 5646 quiddam
3508 5587 3630 5630 csse

431 5791 508 5860 (i)
547 5791 649 5845 Pro
680 5791 739 5843 ἓν
782 5793 955 5853 ἐστιν,
984 5789 1048 5845 ad
1095 5764 1390 5855 marginem
1458 5787 1562 5862 mei
1611 5785 1930 5862 apographi,
2047 5800 2282 5862 pseranj‘.
2313 5783 2473 5850 eritis
2507 5778 2941 5862 ngﬂumpiget.
3041 5848 3052 5862 .
3222 5846 3250 5862 _

360 5846 503 5936 Quoi
534 5862 809 5930 exemplar
835 5846 1015 5931 operis
1064 5846 1303 5916 librariis
1337 5861 1458 5925 fuit,
1516 5846 1933 5914 Evscévvas'cri;
2048 5846 2059 5853 ’
2116 5855 2194 5926 t2)
2233 5846 2435 5919 Oreste,
2470 5853 2687 5918 v.755;
2729 5846 3083 5907 Artd‘ronmch.
3130 5863 3182 5903 ν.
3222 5846 3349 5903 576.
