  <div class='ocr_page' id='page_1' title='image "/cluster/home/n/w/nwhite01/storage/ocr_20150623/145:no.1/coo.31924054870500/141.png"; bbox 0 0 4028 6466; ppageno 0'>
   <div class='ocr_carea' id='block_1_1' title="bbox 532 461 633 522">
    <p class='ocr_par' dir='ltr' id='par_1_1' title="bbox 532 461 633 522">
     <span class='ocr_line' id='line_1_1' title="bbox 532 461 633 522; baseline -0.04 1"><span class='ocrx_word' id='word_1_1' title='bbox 532 461 633 522; x_wconf 79' lang='grc'><strong>267</strong></span> 
     </span>
    </p>
   </div>
   <div class='ocr_carea' id='block_1_2' title="bbox 1717 447 2511 515">
    <p class='ocr_par' dir='ltr' id='par_1_2' title="bbox 1717 447 2511 515">
     <span class='ocr_line' id='line_1_2' title="bbox 1717 447 2511 515; baseline -0.011 -1"><span class='ocrx_word' id='word_1_2' title='bbox 1717 450 2121 515; x_wconf 82' lang='lat' dir='ltr'><strong>THEODULI</strong></span> <span class='ocrx_word' id='word_1_3' title='bbox 2163 447 2511 509; x_wconf 75' lang='lat' dir='ltr'><strong>MONACIII</strong></span> 
     </span>
    </p>
   </div>
   <div class='ocr_carea' id='block_1_3' title="bbox 3662 437 3752 501">
    <p class='ocr_par' dir='ltr' id='par_1_3' title="bbox 3662 437 3752 501">
     <span class='ocr_line' id='line_1_3' title="bbox 3662 437 3752 501; baseline 0.044 -4"><span class='ocrx_word' id='word_1_4' title='bbox 3662 437 3752 501; x_wconf 55' lang='lat'><strong>568</strong></span> 
     </span>
    </p>
   </div>
   <div class='ocr_carea' id='block_1_4' title="bbox 536 546 2128 640">
    <p class='ocr_par' dir='ltr' id='par_1_4' title="bbox 536 560 2111 640">
     <span class='ocr_line' id='line_1_4' title="bbox 536 560 2111 640; baseline -0.01 -13"><span class='ocrx_word' id='word_1_5' title='bbox 536 574 752 627; x_wconf 78' lang='lat' dir='ltr'><strong>lllttdttm</strong></span> <span class='ocrx_word' id='word_1_6' title='bbox 780 578 1050 640; x_wconf 83' lang='lat' dir='ltr'><strong>creparet,</strong></span> <span class='ocrx_word' id='word_1_7' title='bbox 1084 568 1209 623; x_wconf 88' lang='lat' dir='ltr'><strong>dum</strong></span> <span class='ocrx_word' id='word_1_8' title='bbox 1239 581 1452 622; x_wconf 78' lang='lat' dir='ltr'><strong>sursum</strong></span> <span class='ocrx_word' id='word_1_9' title='bbox 1482 564 1738 621; x_wconf 87' lang='lat' dir='ltr'><strong>deorsum</strong></span> <span class='ocrx_word' id='word_1_10' title='bbox 1770 563 1950 618; x_wconf 85' lang='lat' dir='ltr'><strong>omnia</strong></span> <span class='ocrx_word' id='word_1_11' title='bbox 1983 560 2111 614; x_wconf 86' lang='lat' dir='ltr'><strong>mis-</strong></span> 
     </span>
    </p>
   </div>
   <div class='ocr_carea' id='block_1_5' title="bbox 2228 546 3751 640">
    <p class='ocr_par' dir='ltr' id='par_1_5' title="bbox 2228 546 3751 628">
     <span class='ocr_line' id='line_1_5' title="bbox 2228 546 3751 628; baseline -0.009 -15"><span class='ocrx_word' id='word_1_12' title='bbox 2228 575 2346 628; x_wconf 66' lang='grc' dir='ltr'>των,</span> <span class='ocrx_word' id='word_1_13' title='bbox 2378 556 2473 610; x_wconf 73' lang='lat' dir='ltr'><strong>xai.</strong></span> <span class='ocrx_word' id='word_1_14' title='bbox 2500 556 2637 624; x_wconf 81' lang='grc' dir='ltr'><strong>μετὰ</strong></span> <span class='ocrx_word' id='word_1_15' title='bbox 2667 553 2775 608; x_wconf 84' lang='grc' dir='ltr'><strong>τῶν</strong></span> <span class='ocrx_word' id='word_1_16' title='bbox 2802 552 3027 618; x_wconf 78' lang='grc' dir='ltr'>δούλων,</span> <span class='ocrx_word' id='word_1_17' title='bbox 3051 550 3167 614; x_wconf 85' lang='grc' dir='ltr'><strong>πῶς</strong></span> <span class='ocrx_word' id='word_1_18' title='bbox 3194 549 3365 613; x_wconf 68' lang='lat' dir='ltr'><strong>sine);</strong></span> <span class='ocrx_word' id='word_1_19' title='bbox 3391 546 3480 601; x_wconf 63' lang='grc' dir='ltr'>τὶν</span> <span class='ocrx_word' id='word_1_20' title='bbox 3502 548 3751 612; x_wconf 80' lang='grc' dir='ltr'>Δεσπότην</span> 
     </span>
    </p>
   </div>
   <div class='ocr_carea' id='block_1_6' title="bbox 544 656 2107 731">
    <p class='ocr_par' dir='ltr' id='par_1_6' title="bbox 544 656 2107 731">
     <span class='ocr_line' id='line_1_6' title="bbox 544 656 2107 731; baseline -0.01 -9"><span class='ocrx_word' id='word_1_21' title='bbox 544 668 723 731; x_wconf 89' lang='lat' dir='ltr'><strong>cebat,</strong></span> <span class='ocrx_word' id='word_1_22' title='bbox 755 676 808 720; x_wconf 91' lang='lat' dir='ltr'><strong>et</strong></span> <span class='ocrx_word' id='word_1_23' title='bbox 839 683 857 715; x_wconf 78' lang='grc' dir='ltr'><strong>ι</strong></span> <span class='ocrx_word' id='word_1_24' title='bbox 897 665 949 718; x_wconf 89' lang='lat' dir='ltr'><strong>in</strong></span> <span class='ocrx_word' id='word_1_25' title='bbox 978 662 1248 717; x_wconf 72' lang='lat' dir='ltr'><strong>excelsum</strong></span> <span class='ocrx_word' id='word_1_26' title='bbox 1280 660 1622 730; x_wconf 89' lang='lat' dir='ltr'><strong>iniquitatem</strong></span> <span class='ocrx_word' id='word_1_27' title='bbox 1651 659 1970 728; x_wconf 90' lang='lat' dir='ltr'><strong>loquebatur</strong></span> <span class='ocrx_word' id='word_1_28' title='bbox 1992 656 2060 721; x_wconf 75' lang='lat'><strong>“,</strong></span> <span class='ocrx_word' id='word_1_29' title='bbox 2091 672 2107 706; x_wconf 78' lang='grc' dir='ltr'><strong>ι</strong></span> 
     </span>
    </p>
   </div>
   <div class='ocr_carea' id='block_1_7' title="bbox 2220 652 2411 715">
    <p class='ocr_par' dir='ltr' id='par_1_7' title="bbox 2220 652 2411 715">
     <span class='ocr_line' id='line_1_7' title="bbox 2220 652 2411 715; baseline -0.005 -9"><span class='ocrx_word' id='word_1_30' title='bbox 2220 652 2411 715; x_wconf 84' lang='grc' dir='ltr'>τιθείς.</span> 
     </span>
    </p>
   </div>
   <div class='ocr_carea' id='block_1_8' title="bbox 537 737 3755 830">
    <p class='ocr_par' dir='ltr' id='par_1_8' title="bbox 537 737 3755 830">
     <span class='ocr_line' id='line_1_8' title="bbox 537 737 3755 830; baseline -0.01 -11"><span class='ocrx_word' id='word_1_31' title='bbox 537 771 835 830; x_wconf 82' lang='lat' dir='ltr'><strong>orbemque</strong></span> <span class='ocrx_word' id='word_1_32' title='bbox 860 771 1130 814; x_wconf 87' lang='lat' dir='ltr'><strong>terrarum</strong></span> <span class='ocrx_word' id='word_1_33' title='bbox 1158 756 1567 811; x_wconf 82' lang='lat' dir='ltr'><strong>absurdissimis</strong></span> <span class='ocrx_word' id='word_1_34' title='bbox 1593 770 1781 809; x_wconf 88' lang='lat' dir='ltr'><strong>vocum</strong></span> <span class='ocrx_word' id='word_1_35' title='bbox 1810 751 2142 806; x_wconf 77' lang='lat' dir='ltr'><strong>novitatibus</strong></span> <span class='ocrx_word' id='word_1_36' title='bbox 2175 748 2494 821; x_wconf 88' lang='lat' dir='ltr'><strong>placitisque</strong></span> <span class='ocrx_word' id='word_1_37' title='bbox 2513 744 2623 800; x_wconf 86' lang='lat' dir='ltr'><strong>suis</strong></span> <span class='ocrx_word' id='word_1_38' title='bbox 2646 741 3010 815; x_wconf 79' lang='lat' dir='ltr'><strong>perrertebat,</strong></span> <span class='ocrx_word' id='word_1_39' title='bbox 3031 739 3279 792; x_wconf 83' lang='lat' dir='ltr'><strong>nimirum</strong></span> <span class='ocrx_word' id='word_1_40' title='bbox 3301 737 3583 793; x_wconf 87' lang='lat' dir='ltr'><strong>creationis</strong></span> <span class='ocrx_word' id='word_1_41' title='bbox 3598 749 3755 791; x_wconf 78' lang='lat' dir='ltr'><strong>rerum</strong></span> 
     </span>
    </p>
   </div>
   <div class='ocr_carea' id='block_1_9' title="bbox 534 829 3753 910">
    <p class='ocr_par' dir='ltr' id='par_1_9' title="bbox 534 829 3753 910">
     <span class='ocr_line' id='line_1_9' title="bbox 534 829 3753 910; baseline -0.008 -2"><span class='ocrx_word' id='word_1_42' title='bbox 534 854 824 910; x_wconf 83' lang='lat' dir='ltr'><strong>Auctorem</strong></span> <span class='ocrx_word' id='word_1_43' title='bbox 855 853 907 907; x_wconf 91' lang='lat' dir='ltr'><strong>in</strong></span> <span class='ocrx_word' id='word_1_44' title='bbox 939 866 1118 906; x_wconf 86' lang='lat' dir='ltr'><strong>rerum</strong></span> <span class='ocrx_word' id='word_1_45' title='bbox 1146 863 1457 906; x_wconf 86' lang='lat' dir='ltr'><strong>creatarum</strong></span> <span class='ocrx_word' id='word_1_46' title='bbox 1494 838 1739 904; x_wconf 71' lang='lat' dir='ltr'><strong>ordinarii</strong></span> <span class='ocrx_word' id='word_1_47' title='bbox 1779 847 2072 905; x_wconf 88' lang='lat' dir='ltr'><strong>deducens.</strong></span> <span class='ocrx_word' id='word_1_48' title='bbox 2112 854 2167 900; x_wconf 91' lang='lat' dir='ltr'><strong>et</strong></span> <span class='ocrx_word' id='word_1_49' title='bbox 2195 856 2316 898; x_wconf 91' lang='lat' dir='ltr'><strong>cum</strong></span> <span class='ocrx_word' id='word_1_50' title='bbox 2344 840 2539 905; x_wconf 85' lang='lat' dir='ltr'><strong>servis,</strong></span> <span class='ocrx_word' id='word_1_51' title='bbox 2568 839 2720 893; x_wconf 87' lang='lat' dir='ltr'><strong>nefas</strong></span> <span class='ocrx_word' id='word_1_52' title='bbox 2744 838 2888 893; x_wconf 92' lang='lat' dir='ltr'><strong>dictu</strong></span> <span class='ocrx_word' id='word_1_53' title='bbox 2929 839 2941 889; x_wconf 85' lang='lat' dir='ltr'><strong>l</strong></span> <span class='ocrx_word' id='word_1_54' title='bbox 2974 836 3256 889; x_wconf 86' lang='lat' dir='ltr'><strong>Dominum</strong></span> <span class='ocrx_word' id='word_1_55' title='bbox 3290 840 3456 901; x_wconf 91' lang='lat' dir='ltr'><strong>ipsum</strong></span> <span class='ocrx_word' id='word_1_56' title='bbox 3488 829 3753 884; x_wconf 78' lang='lat' dir='ltr'><strong>collocatis.</strong></span> 
     </span>
    </p>
   </div>
   <div class='ocr_carea' id='block_1_10' title="bbox 606 939 2114 1003">
    <p class='ocr_par' dir='ltr' id='par_1_10' title="bbox 606 939 2114 1003">
     <span class='ocr_line' id='line_1_10' title="bbox 606 939 2114 1003; baseline -0.009 0"><span class='ocrx_word' id='word_1_57' title='bbox 606 947 697 1003; x_wconf 86' lang='lat' dir='ltr'><strong>LI.</strong></span> <span class='ocrx_word' id='word_1_58' title='bbox 731 946 1003 1001; x_wconf 66' lang='lat' dir='ltr'><strong>Caeterum</strong></span> <span class='ocrx_word' id='word_1_59' title='bbox 1044 955 1103 999; x_wconf 94' lang='lat' dir='ltr'><strong>ut</strong></span> <span class='ocrx_word' id='word_1_60' title='bbox 1128 959 1249 998; x_wconf 87' lang='lat' dir='ltr'><strong>meo</strong></span> <span class='ocrx_word' id='word_1_61' title='bbox 1308 944 1439 998; x_wconf 89' lang='lat' dir='ltr'><strong>mibi</strong></span> <span class='ocrx_word' id='word_1_62' title='bbox 1488 943 1754 995; x_wconf 88' lang='lat' dir='ltr'><strong>arbitratu</strong></span> <span class='ocrx_word' id='word_1_63' title='bbox 1807 939 2114 994; x_wconf 89' lang='lat' dir='ltr'><strong>orationem</strong></span> 
     </span>
    </p>
   </div>
   <div class='ocr_carea' id='block_1_11' title="bbox 536 1033 2117 1112">
    <p class='ocr_par' dir='ltr' id='par_1_11' title="bbox 536 1033 2117 1112">
     <span class='ocr_line' id='line_1_11' title="bbox 536 1033 2117 1112; baseline -0.008 -16"><span class='ocrx_word' id='word_1_64' title='bbox 536 1042 737 1112; x_wconf 80' lang='lat' dir='ltr'><strong>fingere</strong></span> <span class='ocrx_word' id='word_1_65' title='bbox 769 1052 901 1109; x_wconf 85' lang='lat' dir='ltr'><strong>pace</strong></span> <span class='ocrx_word' id='word_1_66' title='bbox 941 1048 1143 1101; x_wconf 77' lang='lat' dir='ltr'><strong>vestra,</strong></span> <span class='ocrx_word' id='word_1_67' title='bbox 1176 1037 1477 1097; x_wconf 83' lang='lat' dir='ltr'><strong>auditores,</strong></span> <span class='ocrx_word' id='word_1_68' title='bbox 1499 1035 1768 1102; x_wconf 82' lang='lat' dir='ltr'><strong>integrum</strong></span> <span class='ocrx_word' id='word_1_69' title='bbox 1800 1033 1873 1086; x_wconf 90' lang='lat' dir='ltr'><strong>sit</strong></span> <span class='ocrx_word' id='word_1_70' title='bbox 1903 1045 2117 1099; x_wconf 66' lang='lat' dir='ltr'><strong>quaeso;</strong></span> 
     </span>
    </p>
   </div>
   <div class='ocr_carea' id='block_1_12' title="bbox 536 1122 2123 1200">
    <p class='ocr_par' dir='ltr' id='par_1_12' title="bbox 536 1122 2123 1200">
     <span class='ocr_line' id='line_1_12' title="bbox 536 1122 2123 1200; baseline -0.008 -13"><span class='ocrx_word' id='word_1_71' title='bbox 536 1134 803 1200; x_wconf 88' lang='lat' dir='ltr'><strong>liceatque</strong></span> <span class='ocrx_word' id='word_1_72' title='bbox 845 1129 1095 1185; x_wconf 90' lang='lat' dir='ltr'><strong>nonnihil</strong></span> <span class='ocrx_word' id='word_1_73' title='bbox 1146 1128 1432 1181; x_wconf 85' lang='lat' dir='ltr'><strong>altioribus</strong></span> <span class='ocrx_word' id='word_1_74' title='bbox 1464 1125 1819 1195; x_wconf 68' lang='lat' dir='ltr'><strong>philosophia:</strong></span> <span class='ocrx_word' id='word_1_75' title='bbox 1855 1122 2123 1177; x_wconf 88' lang='lat' dir='ltr'><strong>sermoni-</strong></span> 
     </span>
    </p>
   </div>
   <div class='ocr_carea' id='block_1_13' title="bbox 541 1214 2118 1293">
    <p class='ocr_par' dir='ltr' id='par_1_13' title="bbox 541 1214 2118 1293">
     <span class='ocr_line' id='line_1_13' title="bbox 541 1214 2118 1293; baseline -0.006 -14"><span class='ocrx_word' id='word_1_76' title='bbox 541 1241 604 1279; x_wconf 89' lang='lat' dir='ltr'><strong>us</strong></span> <span class='ocrx_word' id='word_1_77' title='bbox 631 1224 934 1293; x_wconf 83' lang='lat' dir='ltr'><strong>indulgere,</strong></span> <span class='ocrx_word' id='word_1_78' title='bbox 970 1222 1272 1291; x_wconf 83' lang='lat' dir='ltr'><strong>primisque</strong></span> <span class='ocrx_word' id='word_1_79' title='bbox 1304 1220 1452 1273; x_wconf 87' lang='lat' dir='ltr'><strong>velut</strong></span> <span class='ocrx_word' id='word_1_80' title='bbox 1503 1219 1663 1273; x_wconf 87' lang='lat' dir='ltr'><strong>lineis</strong></span> <span class='ocrx_word' id='word_1_81' title='bbox 1695 1216 1966 1271; x_wconf 78' lang='lat' dir='ltr'><strong>maximas</strong></span> <span class='ocrx_word' id='word_1_82' title='bbox 2007 1214 2118 1270; x_wconf 85' lang='lat' dir='ltr'><strong>Viri</strong></span> 
     </span>
    </p>
   </div>
   <div class='ocr_carea' id='block_1_14' title="bbox 532 1302 2116 1378">
    <p class='ocr_par' dir='ltr' id='par_1_14' title="bbox 532 1302 2116 1378">
     <span class='ocr_line' id='line_1_14' title="bbox 532 1302 2116 1378; baseline -0.008 -11"><span class='ocrx_word' id='word_1_83' title='bbox 532 1313 869 1367; x_wconf 76' lang='lat' dir='ltr'><strong>adumbrare</strong></span> <span class='ocrx_word' id='word_1_84' title='bbox 916 1311 1169 1364; x_wconf 79' lang='lat' dir='ltr'><strong>virtutes.</strong></span> <span class='ocrx_word' id='word_1_85' title='bbox 1224 1306 1500 1375; x_wconf 87' lang='lat' dir='ltr'><strong>Siquidem</strong></span> <span class='ocrx_word' id='word_1_86' title='bbox 1535 1306 1702 1367; x_wconf 88' lang='lat' dir='ltr'><strong>enim,</strong></span> <span class='ocrx_word' id='word_1_87' title='bbox 1737 1314 1791 1357; x_wconf 90' lang='lat' dir='ltr'><strong>ut</strong></span> <span class='ocrx_word' id='word_1_88' title='bbox 1837 1303 1990 1378; x_wconf 70' lang='lat' dir='ltr'><strong>Plato</strong></span> <span class='ocrx_word' id='word_1_89' title='bbox 2021 1302 2116 1355; x_wconf 88' lang='lat' dir='ltr'><strong>do-</strong></span> 
     </span>
    </p>
   </div>
   <div class='ocr_carea' id='block_1_15' title="bbox 535 1394 2118 1471">
    <p class='ocr_par' dir='ltr' id='par_1_15' title="bbox 535 1394 2118 1471">
     <span class='ocr_line' id='line_1_15' title="bbox 535 1394 2118 1471; baseline -0.009 -12"><span class='ocrx_word' id='word_1_90' title='bbox 535 1415 623 1459; x_wconf 85' lang='lat' dir='ltr'><strong>cet</strong></span> <span class='ocrx_word' id='word_1_91' title='bbox 652 1403 756 1471; x_wconf 83' lang='lat' dir='ltr'><strong>(l),</strong></span> <span class='ocrx_word' id='word_1_92' title='bbox 791 1416 952 1470; x_wconf 88' lang='lat' dir='ltr'><strong>atque</strong></span> <span class='ocrx_word' id='word_1_93' title='bbox 1010 1415 1097 1454; x_wconf 87' lang='lat' dir='ltr'><strong>res</strong></span> <span class='ocrx_word' id='word_1_94' title='bbox 1145 1401 1259 1468; x_wconf 86' lang='lat' dir='ltr'><strong>ipsa</strong></span> <span class='ocrx_word' id='word_1_95' title='bbox 1293 1396 1598 1461; x_wconf 79' lang='lat' dir='ltr'><strong>confirmat,</strong></span> <span class='ocrx_word' id='word_1_96' title='bbox 1632 1406 1739 1449; x_wconf 86' lang='lat' dir='ltr'><strong>tres</strong></span> <span class='ocrx_word' id='word_1_97' title='bbox 1767 1396 1963 1448; x_wconf 69' lang='lat' dir='ltr'><strong>anima:</strong></span> <span class='ocrx_word' id='word_1_98' title='bbox 2019 1394 2118 1445; x_wconf 88' lang='lat' dir='ltr'><strong>bu-</strong></span> 
     </span>
    </p>
   </div>
   <div class='ocr_carea' id='block_1_16' title="bbox 537 1484 2118 1563">
    <p class='ocr_par' dir='ltr' id='par_1_16' title="bbox 537 1484 2118 1563">
     <span class='ocr_line' id='line_1_16' title="bbox 537 1484 2118 1563; baseline -0.007 -15"><span class='ocrx_word' id='word_1_99' title='bbox 537 1509 711 1549; x_wconf 86' lang='lat' dir='ltr'><strong>manae</strong></span> <span class='ocrx_word' id='word_1_100' title='bbox 746 1506 926 1563; x_wconf 82' lang='lat' dir='ltr'><strong>partes</strong></span> <span class='ocrx_word' id='word_1_101' title='bbox 962 1500 1089 1545; x_wconf 86' lang='lat' dir='ltr'><strong>sunt</strong></span> <span class='ocrx_word' id='word_1_102' title='bbox 1120 1506 1262 1545; x_wconf 90' lang='lat' dir='ltr'><strong>:una</strong></span> <span class='ocrx_word' id='word_1_103' title='bbox 1296 1504 1416 1559; x_wconf 74' lang='lat' dir='ltr'><strong>qua:</strong></span> <span class='ocrx_word' id='word_1_104' title='bbox 1447 1489 1711 1541; x_wconf 87' lang='lat' dir='ltr'><strong>mentiset</strong></span> <span class='ocrx_word' id='word_1_105' title='bbox 1748 1484 1976 1539; x_wconf 68' lang='lat' dir='ltr'><strong>rationis</strong></span> <span class='ocrx_word' id='word_1_106' title='bbox 1997 1496 2118 1546; x_wconf 70' lang='lat' dir='ltr'><strong>paro</strong></span> 
     </span>
    </p>
   </div>
   <div class='ocr_carea' id='block_1_17' title="bbox 538 1580 2118 1657">
    <p class='ocr_par' dir='ltr' id='par_1_17' title="bbox 538 1580 2118 1657">
     <span class='ocr_line' id='line_1_17' title="bbox 538 1580 2118 1657; baseline -0.008 -15"><span class='ocrx_word' id='word_1_107' title='bbox 538 1591 711 1657; x_wconf 71' lang='lat' dir='ltr'><strong>ticeps</strong></span> <span class='ocrx_word' id='word_1_108' title='bbox 735 1599 848 1655; x_wconf 87' lang='lat' dir='ltr'><strong>est;</strong></span> <span class='ocrx_word' id='word_1_109' title='bbox 873 1588 1066 1651; x_wconf 86' lang='lat' dir='ltr'><strong>altera,</strong></span> <span class='ocrx_word' id='word_1_110' title='bbox 1099 1587 1150 1639; x_wconf 91' lang='lat' dir='ltr'><strong>in</strong></span> <span class='ocrx_word' id='word_1_111' title='bbox 1171 1600 1272 1654; x_wconf 91' lang='lat' dir='ltr'><strong>qua</strong></span> <span class='ocrx_word' id='word_1_112' title='bbox 1302 1585 1501 1638; x_wconf 89' lang='lat' dir='ltr'><strong>irarum</strong></span> <span class='ocrx_word' id='word_1_113' title='bbox 1523 1580 1739 1636; x_wconf 78' lang='lat' dir='ltr'><strong>exsistit</strong></span> <span class='ocrx_word' id='word_1_114' title='bbox 1762 1580 1962 1643; x_wconf 87' lang='lat' dir='ltr'><strong>ardor;</strong></span> <span class='ocrx_word' id='word_1_115' title='bbox 1991 1591 2118 1646; x_wconf 83' lang='lat' dir='ltr'><strong>pos-</strong></span> 
     </span>
    </p>
   </div>
   <div class='ocr_carea' id='block_1_18' title="bbox 540 1670 2113 1749">
    <p class='ocr_par' dir='ltr' id='par_1_18' title="bbox 540 1670 2113 1749">
     <span class='ocr_line' id='line_1_18' title="bbox 540 1670 2113 1749; baseline -0.007 -16"><span class='ocrx_word' id='word_1_116' title='bbox 540 1690 710 1734; x_wconf 81' lang='lat' dir='ltr'><strong>trema</strong></span> <span class='ocrx_word' id='word_1_117' title='bbox 741 1694 862 1749; x_wconf 67' lang='lat' dir='ltr'><strong>qua:</strong></span> <span class='ocrx_word' id='word_1_118' title='bbox 893 1678 1229 1747; x_wconf 75' lang='lat' dir='ltr'><strong>voluptatum</strong></span> <span class='ocrx_word' id='word_1_119' title='bbox 1264 1675 1536 1729; x_wconf 81' lang='lat' dir='ltr'><strong>illecebris</strong></span> <span class='ocrx_word' id='word_1_120' title='bbox 1568 1672 1894 1728; x_wconf 85' lang='lat' dir='ltr'><strong>concitatur.</strong></span> <span class='ocrx_word' id='word_1_121' title='bbox 1931 1670 2002 1723; x_wconf 86' lang='lat' dir='ltr'><strong>Ea</strong></span> <span class='ocrx_word' id='word_1_122' title='bbox 2035 1685 2113 1734; x_wconf 78' lang='lat' dir='ltr'><strong>re,</strong></span> 
     </span>
    </p>
   </div>
   <div class='ocr_carea' id='block_1_19' title="bbox 2290 917 3759 1002">
    <p class='ocr_par' dir='ltr' id='par_1_19' title="bbox 2290 917 3759 1002">
     <span class='ocr_line' id='line_1_19' title="bbox 2290 917 3759 1002; baseline -0.013 -15"><span class='ocrx_word' id='word_1_123' title='bbox 2290 933 2421 989; x_wconf 82' lang='lat' dir='ltr'><strong>NA&#39;.</strong></span> <span class='ocrx_word' id='word_1_124' title='bbox 2439 935 2568 988; x_wconf 94' lang='grc' dir='ltr'>Δότε</span> <span class='ocrx_word' id='word_1_125' title='bbox 2589 933 2643 986; x_wconf 81' lang='grc' dir='ltr'><strong>δέ</strong></span> <span class='ocrx_word' id='word_1_126' title='bbox 2665 949 2755 1002; x_wconf 89' lang='grc' dir='ltr'>μοι</span> <span class='ocrx_word' id='word_1_127' title='bbox 2770 930 2846 1001; x_wconf 83' lang='grc' dir='ltr'><strong>τῷ</strong></span> <span class='ocrx_word' id='word_1_128' title='bbox 2862 924 3055 1002; x_wconf 83' lang='grc' dir='ltr'>λόγῳ</span> <span class='ocrx_word' id='word_1_129' title='bbox 3075 926 3335 998; x_wconf 83' lang='grc' dir='ltr'><strong>βούλομαι</strong></span> <span class='ocrx_word' id='word_1_130' title='bbox 3350 917 3759 995; x_wconf 74' lang='grc' dir='ltr'>χρήσασθαι,κώ</span> 
     </span>
    </p>
   </div>
   <div class='ocr_carea' id='block_1_20' title="bbox 2223 1012 3759 1099">
    <p class='ocr_par' dir='ltr' id='par_1_20' title="bbox 2223 1012 3759 1099">
     <span class='ocr_line' id='line_1_20' title="bbox 2223 1012 3759 1099; baseline -0.012 -17"><span class='ocrx_word' id='word_1_131' title='bbox 2223 1029 2591 1099; x_wconf 81' lang='grc' dir='ltr'><strong>φιλοσοφῆσαι</strong></span> <span class='ocrx_word' id='word_1_132' title='bbox 2625 1024 2846 1096; x_wconf 83' lang='grc' dir='ltr'>μικρὸν,</span> <span class='ocrx_word' id='word_1_133' title='bbox 2876 1023 2972 1076; x_wconf 71' lang='grc' dir='ltr'><strong>καὶ</strong></span> <span class='ocrx_word' id='word_1_134' title='bbox 3023 1024 3149 1076; x_wconf 86' lang='grc' dir='ltr'>ὅσον</span> <span class='ocrx_word' id='word_1_135' title='bbox 3183 1016 3509 1086; x_wconf 74' lang='grc' dir='ltr'><strong>ἐνδεδεῖχθαι</strong></span> <span class='ocrx_word' id='word_1_136' title='bbox 3550 1012 3759 1068; x_wconf 74' lang='grc' dir='ltr'>κάντεῦ-</span> 
     </span>
    </p>
   </div>
   <div class='ocr_carea' id='block_1_21' title="bbox 2220 1103 3762 1189">
    <p class='ocr_par' dir='ltr' id='par_1_21' title="bbox 2220 1103 3762 1189">
     <span class='ocr_line' id='line_1_21' title="bbox 2220 1103 3762 1189; baseline -0.012 -15"><span class='ocrx_word' id='word_1_137' title='bbox 2220 1121 2313 1174; x_wconf 85' lang='grc' dir='ltr'><strong>Θεν</strong></span> <span class='ocrx_word' id='word_1_138' title='bbox 2339 1122 2398 1173; x_wconf 73' lang='grc' dir='ltr'><strong>τδ</strong></span> <span class='ocrx_word' id='word_1_139' title='bbox 2422 1118 2561 1189; x_wconf 81' lang='grc' dir='ltr'>πρὸς</span> <span class='ocrx_word' id='word_1_140' title='bbox 2580 1116 2781 1189; x_wconf 82' lang='grc' dir='ltr'>ἀρετὴν</span> <span class='ocrx_word' id='word_1_141' title='bbox 2827 1114 2923 1167; x_wconf 80' lang='grc' dir='ltr'><strong>τοῦ</strong></span> <span class='ocrx_word' id='word_1_142' title='bbox 2949 1113 3143 1183; x_wconf 75' lang='grc' dir='ltr'>ἀνδρὸς</span> <span class='ocrx_word' id='word_1_143' title='bbox 3177 1111 3370 1182; x_wconf 84' lang='grc' dir='ltr'>περίον</span> <span class='ocrx_word' id='word_1_144' title='bbox 3389 1126 3404 1142; x_wconf 90' lang='grc'><strong>·</strong></span> <span class='ocrx_word' id='word_1_145' title='bbox 3465 1106 3625 1177; x_wconf 82' lang='grc' dir='ltr'><strong>τριῶν</strong></span> <span class='ocrx_word' id='word_1_146' title='bbox 3665 1103 3762 1173; x_wconf 79' lang='grc' dir='ltr'>γὰρ</span> 
     </span>
    </p>
   </div>
   <div class='ocr_carea' id='block_1_22' title="bbox 2218 1197 3765 1280">
    <p class='ocr_par' dir='ltr' id='par_1_22' title="bbox 2218 1197 3765 1280">
     <span class='ocr_line' id='line_1_22' title="bbox 2218 1197 3765 1280; baseline -0.015 -11"><span class='ocrx_word' id='word_1_147' title='bbox 2218 1217 2410 1280; x_wconf 73' lang='grc' dir='ltr'>ὄντων,</span> <span class='ocrx_word' id='word_1_148' title='bbox 2430 1212 2506 1276; x_wconf 80' lang='grc' dir='ltr'><strong>ὣς</strong></span> <span class='ocrx_word' id='word_1_149' title='bbox 2538 1228 2669 1280; x_wconf 87' lang='grc' dir='ltr'>φησι</span> <span class='ocrx_word' id='word_1_150' title='bbox 2700 1210 2948 1273; x_wconf 84' lang='grc' dir='ltr'><strong>Πλάτων,</strong></span> <span class='ocrx_word' id='word_1_151' title='bbox 2981 1209 3075 1261; x_wconf 71' lang='grc' dir='ltr'><strong>καὶ</strong></span> <span class='ocrx_word' id='word_1_152' title='bbox 3098 1204 3332 1273; x_wconf 81' lang='grc' dir='ltr'>τάληθὲς</span> <span class='ocrx_word' id='word_1_153' title='bbox 3354 1199 3634 1272; x_wconf 80' lang='grc' dir='ltr'>μαρτυρεῖ,</span> <span class='ocrx_word' id='word_1_154' title='bbox 3667 1197 3765 1248; x_wconf 82' lang='grc' dir='ltr'>τῶν</span> 
     </span>
    </p>
   </div>
   <div class='ocr_carea' id='block_1_23' title="bbox 2219 1284 3768 1377">
    <p class='ocr_par' dir='ltr' id='par_1_23' title="bbox 2219 1284 3768 1377">
     <span class='ocr_line' id='line_1_23' title="bbox 2219 1284 3768 1377; baseline -0.015 -18"><span class='ocrx_word' id='word_1_155' title='bbox 2219 1308 2318 1377; x_wconf 84' lang='grc' dir='ltr'><strong>τῆς</strong></span> <span class='ocrx_word' id='word_1_156' title='bbox 2358 1304 2537 1375; x_wconf 68' lang='grc' dir='ltr'>ψυχῆς</span> <span class='ocrx_word' id='word_1_157' title='bbox 2573 1303 2748 1372; x_wconf 80' lang='grc' dir='ltr'><strong>δήπου</strong></span> <span class='ocrx_word' id='word_1_158' title='bbox 2795 1298 3001 1369; x_wconf 81' lang='grc' dir='ltr'><strong>μερῶν,</strong></span> <span class='ocrx_word' id='word_1_159' title='bbox 3035 1292 3280 1363; x_wconf 78' lang='grc' dir='ltr'><strong>λογικοῦ,</strong></span> <span class='ocrx_word' id='word_1_160' title='bbox 3324 1288 3553 1360; x_wconf 81' lang='grc' dir='ltr'>Θυμικοῦ</span> <span class='ocrx_word' id='word_1_161' title='bbox 3576 1303 3653 1344; x_wconf 79' lang='grc' dir='ltr'>τε.</span> <span class='ocrx_word' id='word_1_162' title='bbox 3682 1284 3768 1337; x_wconf 71' lang='grc' dir='ltr'>καὶ</span> 
     </span>
    </p>
   </div>
   <div class='ocr_carea' id='block_1_24' title="bbox 2220 1377 3766 1468">
    <p class='ocr_par' dir='ltr' id='par_1_24' title="bbox 2220 1377 3766 1468">
     <span class='ocr_line' id='line_1_24' title="bbox 2220 1377 3766 1468; baseline -0.015 -16"><span class='ocrx_word' id='word_1_163' title='bbox 2220 1394 2645 1468; x_wconf 76' lang='grc' dir='ltr'><strong>ἐπιθυμητικοῦ,</strong></span> <span class='ocrx_word' id='word_1_164' title='bbox 2685 1393 2793 1447; x_wconf 76' lang='grc' dir='ltr'>ἔδει</span> <span class='ocrx_word' id='word_1_165' title='bbox 2812 1392 2911 1463; x_wconf 75' lang='grc' dir='ltr'>μὲν</span> <span class='ocrx_word' id='word_1_166' title='bbox 2941 1391 3036 1444; x_wconf 74' lang='grc' dir='ltr'><strong>καὶ</strong></span> <span class='ocrx_word' id='word_1_167' title='bbox 3062 1390 3214 1459; x_wconf 82' lang='grc' dir='ltr'><strong>τρεῖς</strong></span> <span class='ocrx_word' id='word_1_168' title='bbox 3243 1386 3317 1448; x_wconf 73' lang='grc' dir='ltr'>ὡς</span> <span class='ocrx_word' id='word_1_169' title='bbox 3346 1384 3489 1444; x_wconf 65' lang='grc' dir='ltr'>εἰκὸς</span> <span class='ocrx_word' id='word_1_170' title='bbox 3523 1377 3766 1438; x_wconf 80' lang='grc' dir='ltr'>εἷναιτὰς</span> 
     </span>
    </p>
   </div>
   <div class='ocr_carea' id='block_1_25' title="bbox 2222 1468 3768 1561">
    <p class='ocr_par' dir='ltr' id='par_1_25' title="bbox 2222 1468 3768 1561">
     <span class='ocr_line' id='line_1_25' title="bbox 2222 1468 3768 1561; baseline -0.016 -17"><span class='ocrx_word' id='word_1_171' title='bbox 2222 1490 2601 1561; x_wconf 79' lang='grc' dir='ltr'><strong>γενικωτάτας</strong></span> <span class='ocrx_word' id='word_1_172' title='bbox 2646 1486 2758 1540; x_wconf 80' lang='grc' dir='ltr'>τῶν</span> <span class='ocrx_word' id='word_1_173' title='bbox 2818 1485 3032 1556; x_wconf 79' lang='grc' dir='ltr'><strong>ἀρετῶν</strong></span> <span class='ocrx_word' id='word_1_174' title='bbox 3091 1482 3166 1543; x_wconf 84' lang='grc' dir='ltr'>ὡς</span> <span class='ocrx_word' id='word_1_175' title='bbox 3204 1479 3303 1546; x_wconf 79' lang='grc' dir='ltr'>τὴν</span> <span class='ocrx_word' id='word_1_176' title='bbox 3353 1475 3526 1547; x_wconf 81' lang='grc' dir='ltr'>ἀρχὴν</span> <span class='ocrx_word' id='word_1_177' title='bbox 3577 1468 3768 1525; x_wconf 73' lang='grc' dir='ltr'>ἐκεῖθεν</span> 
     </span>
    </p>
   </div>
   <div class='ocr_carea' id='block_1_26' title="bbox 2221 1568 3769 1654">
    <p class='ocr_par' dir='ltr' id='par_1_26' title="bbox 2221 1568 3769 1654">
     <span class='ocr_line' id='line_1_26' title="bbox 2221 1568 3769 1654; baseline -0.018 -17"><span class='ocrx_word' id='word_1_178' title='bbox 2221 1584 2456 1654; x_wconf 74' lang='grc' dir='ltr'>ἐχούσας</span> <span class='ocrx_word' id='word_1_179' title='bbox 2485 1599 2500 1614; x_wconf 80' lang='lat'>&#39;</span> <span class='ocrx_word' id='word_1_180' title='bbox 2570 1579 2666 1635; x_wconf 77' lang='grc' dir='ltr'><strong>νῦν</strong></span> <span class='ocrx_word' id='word_1_181' title='bbox 2689 1579 2745 1632; x_wconf 69' lang='grc' dir='ltr'>δὲ</span> <span class='ocrx_word' id='word_1_182' title='bbox 2779 1577 2875 1631; x_wconf 73' lang='grc' dir='ltr'>καὶ</span> <span class='ocrx_word' id='word_1_183' title='bbox 2913 1572 3266 1639; x_wconf 79' lang='grc' dir='ltr'>δικαιοσύνην</span> <span class='ocrx_word' id='word_1_184' title='bbox 3318 1568 3513 1626; x_wconf 77' lang='grc' dir='ltr'>αὐταῖς</span> <span class='ocrx_word' id='word_1_185' title='bbox 3563 1575 3769 1631; x_wconf 61' lang='lat' dir='ltr'><strong>«poet:-</strong></span> 
     </span>
    </p>
   </div>
   <div class='ocr_carea' id='block_1_27' title="bbox 2226 1652 3770 1740">
    <p class='ocr_par' dir='ltr' id='par_1_27' title="bbox 2226 1652 3770 1740">
     <span class='ocr_line' id='line_1_27' title="bbox 2226 1652 3770 1740; baseline -0.019 -8"><span class='ocrx_word' id='word_1_186' title='bbox 2226 1652 2417 1732; x_wconf 79' lang='grc' dir='ltr'>θέασιν</span> <span class='ocrx_word' id='word_1_187' title='bbox 2442 1692 2457 1708; x_wconf 79' lang='lat'><strong>&#39;</strong></span> <span class='ocrx_word' id='word_1_188' title='bbox 2496 1673 2700 1735; x_wconf 77' lang='grc' dir='ltr'>εἰδότες</span> <span class='ocrx_word' id='word_1_189' title='bbox 2734 1668 2935 1740; x_wconf 82' lang='grc' dir='ltr'>ἀρετὴν</span> <span class='ocrx_word' id='word_1_190' title='bbox 2962 1668 3062 1737; x_wconf 71' lang='grc' dir='ltr'>μὲν</span> <span class='ocrx_word' id='word_1_191' title='bbox 3081 1666 3174 1717; x_wconf 81' lang='grc' dir='ltr'><strong>τοῦ</strong></span> <span class='ocrx_word' id='word_1_192' title='bbox 3203 1655 3546 1728; x_wconf 72' lang='grc' dir='ltr'><strong>λογιστικοῦ.</strong></span> <span class='ocrx_word' id='word_1_193' title='bbox 3574 1652 3770 1719; x_wconf 67' lang='lat'><strong>165990-</strong></span> 
     </span>
    </p>
   </div>
   <div class='ocr_carea' id='block_1_28' title="bbox 540 1740 2128 1841">
    <p class='ocr_par' dir='ltr' id='par_1_28' title="bbox 540 1764 2124 1841">
     <span class='ocr_line' id='line_1_28' title="bbox 540 1764 2124 1841; baseline -0.004 -17"><span class='ocrx_word' id='word_1_194' title='bbox 540 1782 599 1826; x_wconf 93' lang='lat' dir='ltr'><strong>nt</strong></span> <span class='ocrx_word' id='word_1_195' title='bbox 633 1788 729 1841; x_wconf 87' lang='lat' dir='ltr'><strong>par</strong></span> <span class='ocrx_word' id='word_1_196' title='bbox 760 1779 874 1834; x_wconf 78' lang='lat' dir='ltr'><strong>est,</strong></span> <span class='ocrx_word' id='word_1_197' title='bbox 909 1779 1023 1824; x_wconf 86' lang='lat' dir='ltr'><strong>tres</strong></span> <span class='ocrx_word' id='word_1_198' title='bbox 1053 1770 1180 1823; x_wconf 84' lang='lat' dir='ltr'><strong>item</strong></span> <span class='ocrx_word' id='word_1_199' title='bbox 1212 1782 1452 1822; x_wconf 88' lang='lat' dir='ltr'><strong>summas</strong></span> <span class='ocrx_word' id='word_1_200' title='bbox 1482 1780 1544 1820; x_wconf 87' lang='lat' dir='ltr'><strong>ac</strong></span> <span class='ocrx_word' id='word_1_201' title='bbox 1585 1764 1850 1819; x_wconf 84' lang='lat' dir='ltr'><strong>latissime</strong></span> <span class='ocrx_word' id='word_1_202' title='bbox 1877 1771 2124 1834; x_wconf 85' lang='lat' dir='ltr'><strong>patentes</strong></span> 
     </span>
    </p>
   </div>
   <div class='ocr_carea' id='block_1_29' title="bbox 2228 1740 3771 1841">
    <p class='ocr_par' dir='ltr' id='par_1_29' title="bbox 2228 1740 3771 1841">
     <span class='ocr_line' id='line_1_29' title="bbox 2228 1740 3771 1841; baseline -0.02 -17"><span class='ocrx_word' id='word_1_203' title='bbox 2228 1770 2377 1834; x_wconf 80' lang='grc' dir='ltr'>νεῖν,</span> <span class='ocrx_word' id='word_1_204' title='bbox 2420 1768 2625 1822; x_wconf 82' lang='grc' dir='ltr'>κακίαν</span> <span class='ocrx_word' id='word_1_205' title='bbox 2657 1764 2714 1818; x_wconf 74' lang='grc' dir='ltr'>δὲ</span> <span class='ocrx_word' id='word_1_206' title='bbox 2770 1760 3171 1831; x_wconf 68' lang='grc' dir='ltr'>ἀφροσύνην·</span> <span class='ocrx_word' id='word_1_207' title='bbox 3205 1753 3301 1807; x_wconf 78' lang='grc' dir='ltr'><strong>τοῦ</strong></span> <span class='ocrx_word' id='word_1_208' title='bbox 3356 1751 3404 1804; x_wconf 86' lang='grc' dir='ltr'>δ’</span> <span class='ocrx_word' id='word_1_209' title='bbox 3452 1748 3521 1802; x_wconf 78' lang='grc' dir='ltr'><strong>αὖ</strong></span> <span class='ocrx_word' id='word_1_210' title='bbox 3560 1740 3771 1841; x_wconf 62' lang='lat' dir='ltr'><strong>deprimit</strong></span> 
     </span>
    </p>
   </div>
   <div class='ocr_carea' id='block_1_30' title="bbox 533 1853 2113 1931">
    <p class='ocr_par' dir='ltr' id='par_1_30' title="bbox 533 1853 2113 1931">
     <span class='ocr_line' id='line_1_30' title="bbox 533 1853 2113 1931; baseline -0.007 -13"><span class='ocrx_word' id='word_1_211' title='bbox 533 1878 655 1918; x_wconf 85' lang='lat' dir='ltr'><strong>esse</strong></span> <span class='ocrx_word' id='word_1_212' title='bbox 686 1863 924 1931; x_wconf 86' lang='lat' dir='ltr'><strong>oportuit</strong></span> <span class='ocrx_word' id='word_1_213' title='bbox 956 1862 1210 1923; x_wconf 77' lang='lat' dir='ltr'><strong>virtutes,</strong></span> <span class='ocrx_word' id='word_1_214' title='bbox 1245 1858 1444 1927; x_wconf 80' lang='lat' dir='ltr'><strong>quippe</strong></span> <span class='ocrx_word' id='word_1_215' title='bbox 1484 1856 1724 1912; x_wconf 88' lang='lat' dir='ltr'><strong>indidem</strong></span> <span class='ocrx_word' id='word_1_216' title='bbox 1760 1856 1983 1910; x_wconf 89' lang='lat' dir='ltr'><strong>omnino</strong></span> <span class='ocrx_word' id='word_1_217' title='bbox 2011 1853 2113 1908; x_wconf 88' lang='lat' dir='ltr'><strong>ini-</strong></span> 
     </span>
    </p>
   </div>
   <div class='ocr_carea' id='block_1_31' title="bbox 536 1946 2117 2020">
    <p class='ocr_par' dir='ltr' id='par_1_31' title="bbox 536 1946 2117 2020">
     <span class='ocr_line' id='line_1_31' title="bbox 536 1946 2117 2020; baseline -0.004 -14"><span class='ocrx_word' id='word_1_218' title='bbox 536 1956 672 2010; x_wconf 85' lang='lat' dir='ltr'><strong>tium</strong></span> <span class='ocrx_word' id='word_1_219' title='bbox 703 1956 984 2020; x_wconf 77' lang='lat' dir='ltr'><strong>ducentes,</strong></span> <span class='ocrx_word' id='word_1_220' title='bbox 1034 1950 1129 2007; x_wconf 87' lang='lat' dir='ltr'><strong>scd</strong></span> <span class='ocrx_word' id='word_1_221' title='bbox 1157 1950 1355 2020; x_wconf 80' lang='lat' dir='ltr'><strong>quibus</strong></span> <span class='ocrx_word' id='word_1_222' title='bbox 1382 1949 1725 2019; x_wconf 84' lang='lat' dir='ltr'><strong>postmodum</strong></span> <span class='ocrx_word' id='word_1_223' title='bbox 1757 1948 1922 2003; x_wconf 87' lang='lat' dir='ltr'><strong>etiam</strong></span> <span class='ocrx_word' id='word_1_224' title='bbox 1951 1946 2117 2017; x_wconf 85' lang='lat' dir='ltr'><strong>justi-</strong></span> 
     </span>
    </p>
   </div>
   <div class='ocr_carea' id='block_1_32' title="bbox 538 2041 2121 2114">
    <p class='ocr_par' dir='ltr' id='par_1_32' title="bbox 538 2041 2121 2114">
     <span class='ocr_line' id='line_1_32' title="bbox 538 2041 2121 2114; baseline -0.005 -12"><span class='ocrx_word' id='word_1_225' title='bbox 538 2049 668 2102; x_wconf 85' lang='lat' dir='ltr'><strong>tiam</strong></span> <span class='ocrx_word' id='word_1_226' title='bbox 698 2046 947 2113; x_wconf 78' lang='lat' dir='ltr'><strong>adjecere</strong></span> <span class='ocrx_word' id='word_1_227' title='bbox 988 2061 1003 2099; x_wconf 88' lang='lat'><strong>:</strong></span> <span class='ocrx_word' id='word_1_228' title='bbox 1039 2042 1193 2114; x_wconf 76' lang='lat' dir='ltr'><strong>gnari</strong></span> <span class='ocrx_word' id='word_1_229' title='bbox 1223 2041 1433 2097; x_wconf 87' lang='lat' dir='ltr'><strong>scilicet</strong></span> <span class='ocrx_word' id='word_1_230' title='bbox 1471 2041 1641 2111; x_wconf 85' lang='lat' dir='ltr'><strong>partis</strong></span> <span class='ocrx_word' id='word_1_231' title='bbox 1682 2042 1892 2095; x_wconf 87' lang='lat' dir='ltr'><strong>ratione</strong></span> <span class='ocrx_word' id='word_1_232' title='bbox 1920 2041 2121 2094; x_wconf 89' lang='lat' dir='ltr'><strong>utentis</strong></span> 
     </span>
    </p>
   </div>
   <div class='ocr_carea' id='block_1_33' title="bbox 539 2129 2121 2209">
    <p class='ocr_par' dir='ltr' id='par_1_33' title="bbox 539 2129 2121 2209">
     <span class='ocr_line' id='line_1_33' title="bbox 539 2129 2121 2209; baseline -0.006 -19"><span class='ocrx_word' id='word_1_233' title='bbox 539 2139 809 2209; x_wconf 77' lang='lat' dir='ltr'><strong>propriam</strong></span> <span class='ocrx_word' id='word_1_234' title='bbox 843 2136 1094 2189; x_wconf 87' lang='lat' dir='ltr'><strong>virtutem</strong></span> <span class='ocrx_word' id='word_1_235' title='bbox 1137 2130 1477 2200; x_wconf 71' lang='lat' dir='ltr'><strong>prudentia»:</strong></span> <span class='ocrx_word' id='word_1_236' title='bbox 1517 2145 1661 2194; x_wconf 88' lang='lat' dir='ltr'><strong>esse,</strong></span> <span class='ocrx_word' id='word_1_237' title='bbox 1712 2129 2121 2197; x_wconf 78' lang='lat' dir='ltr'><strong>imprudentiam</strong></span> 
     </span>
    </p>
   </div>
   <div class='ocr_carea' id='block_1_34' title="bbox 540 2221 2121 2291">
    <p class='ocr_par' dir='ltr' id='par_1_34' title="bbox 540 2221 2121 2291">
     <span class='ocr_line' id='line_1_34' title="bbox 540 2221 2121 2291; baseline -0.002 -12"><span class='ocrx_word' id='word_1_238' title='bbox 540 2230 732 2282; x_wconf 67' lang='lat' dir='ltr'><strong>utinm</strong></span> <span class='ocrx_word' id='word_1_239' title='bbox 759 2243 774 2286; x_wconf 72' lang='grc' dir='ltr'>ς</span> <span class='ocrx_word' id='word_1_240' title='bbox 806 2235 861 2279; x_wconf 92' lang='lat' dir='ltr'><strong>at</strong></span> <span class='ocrx_word' id='word_1_241' title='bbox 893 2224 1103 2277; x_wconf 84' lang='lat' dir='ltr'><strong>illarum</strong></span> <span class='ocrx_word' id='word_1_242' title='bbox 1133 2237 1318 2277; x_wconf 88' lang='lat' dir='ltr'><strong>rursus</strong></span> <span class='ocrx_word' id='word_1_243' title='bbox 1339 2236 1459 2291; x_wconf 68' lang='lat' dir='ltr'><strong>qua:</strong></span> <span class='ocrx_word' id='word_1_244' title='bbox 1487 2222 1564 2275; x_wconf 89' lang='lat' dir='ltr'><strong>ira</strong></span> <span class='ocrx_word' id='word_1_245' title='bbox 1608 2230 1703 2274; x_wconf 88' lang='lat' dir='ltr'><strong>aut</strong></span> <span class='ocrx_word' id='word_1_246' title='bbox 1735 2221 2121 2289; x_wconf 83' lang='lat' dir='ltr'><strong>cupiditatibus</strong></span> 
     </span>
    </p>
   </div>
   <div class='ocr_carea' id='block_1_35' title="bbox 539 2311 2120 2382">
    <p class='ocr_par' dir='ltr' id='par_1_35' title="bbox 539 2311 2120 2382">
     <span class='ocr_line' id='line_1_35' title="bbox 539 2311 2120 2382; baseline -0.003 -12"><span class='ocrx_word' id='word_1_247' title='bbox 539 2320 900 2371; x_wconf 63' lang='lat' dir='ltr'><strong>enervi-scunt</strong></span> <span class='ocrx_word' id='word_1_248' title='bbox 933 2353 949 2378; x_wconf 93' lang='lat'><strong>,</strong></span> <span class='ocrx_word' id='word_1_249' title='bbox 1000 2313 1321 2382; x_wconf 88' lang='lat' dir='ltr'><strong>posterioris</strong></span> <span class='ocrx_word' id='word_1_250' title='bbox 1369 2313 1586 2382; x_wconf 81' lang='lat' dir='ltr'><strong>quidem</strong></span> <span class='ocrx_word' id='word_1_251' title='bbox 1647 2312 1807 2381; x_wconf 86' lang='lat' dir='ltr'><strong>hujus</strong></span> <span class='ocrx_word' id='word_1_252' title='bbox 1866 2311 2120 2367; x_wconf 74' lang='lat' dir='ltr'><strong>virtutem</strong></span> 
     </span>
    </p>
   </div>
   <div class='ocr_carea' id='block_1_36' title="bbox 542 2406 2123 2478">
    <p class='ocr_par' dir='ltr' id='par_1_36' title="bbox 542 2406 2123 2478">
     <span class='ocr_line' id='line_1_36' title="bbox 542 2406 2123 2478; baseline -0.001 -18"><span class='ocrx_word' id='word_1_253' title='bbox 542 2409 974 2478; x_wconf 86' lang='lat' dir='ltr'><strong>temperantiam,</strong></span> <span class='ocrx_word' id='word_1_254' title='bbox 1028 2417 1082 2459; x_wconf 88' lang='lat' dir='ltr'><strong>ct</strong></span> <span class='ocrx_word' id='word_1_255' title='bbox 1130 2406 1181 2458; x_wconf 93' lang='lat' dir='ltr'><strong>in</strong></span> <span class='ocrx_word' id='word_1_256' title='bbox 1217 2406 1581 2474; x_wconf 85' lang='lat' dir='ltr'><strong>voluptatibus</strong></span> <span class='ocrx_word' id='word_1_257' title='bbox 1630 2406 2036 2471; x_wconf 79' lang='lat' dir='ltr'><strong>continentiam;</strong></span> <span class='ocrx_word' id='word_1_258' title='bbox 2067 2416 2123 2459; x_wconf 86' lang='lat' dir='ltr'><strong>at</strong></span> 
     </span>
    </p>
   </div>
   <div class='ocr_carea' id='block_1_37' title="bbox 546 2497 2122 2569">
    <p class='ocr_par' dir='ltr' id='par_1_37' title="bbox 546 2497 2122 2569">
     <span class='ocr_line' id='line_1_37' title="bbox 546 2497 2122 2569; baseline -0.002 -15"><span class='ocrx_word' id='word_1_259' title='bbox 546 2503 690 2554; x_wconf 78' lang='lat' dir='ltr'><strong>ill.ns</strong></span> <span class='ocrx_word' id='word_1_260' title='bbox 717 2500 1110 2569; x_wconf 81' lang='lat' dir='ltr'><strong>fortitudinem,</strong></span> <span class='ocrx_word' id='word_1_261' title='bbox 1135 2497 1401 2566; x_wconf 85' lang='lat' dir='ltr'><strong>animique</strong></span> <span class='ocrx_word' id='word_1_262' title='bbox 1420 2498 1875 2553; x_wconf 73' lang='lat' dir='ltr'><strong>mansuetudinem</strong></span> <span class='ocrx_word' id='word_1_263' title='bbox 1901 2498 2122 2569; x_wconf 86' lang='lat' dir='ltr'><strong>perinde</strong></span> 
     </span>
    </p>
   </div>
   <div class='ocr_carea' id='block_1_38' title="bbox 543 2590 2122 2661">
    <p class='ocr_par' dir='ltr' id='par_1_38' title="bbox 543 2590 2122 2661">
     <span class='ocr_line' id='line_1_38' title="bbox 543 2590 2122 2661; baseline -0.002 -15"><span class='ocrx_word' id='word_1_264' title='bbox 543 2610 603 2646; x_wconf 70' lang='lat' dir='ltr'><strong>at:</strong></span> <span class='ocrx_word' id='word_1_265' title='bbox 650 2595 772 2647; x_wconf 72' lang='lat' dir='ltr'><strong>vitia</strong></span> <span class='ocrx_word' id='word_1_266' title='bbox 820 2595 1124 2661; x_wconf 87' lang='lat' dir='ltr'><strong>utriusque,</strong></span> <span class='ocrx_word' id='word_1_267' title='bbox 1194 2604 1382 2658; x_wconf 86' lang='lat' dir='ltr'><strong>nempe</strong></span> <span class='ocrx_word' id='word_1_268' title='bbox 1430 2590 1738 2655; x_wconf 88' lang='lat' dir='ltr'><strong>irascentis,</strong></span> <span class='ocrx_word' id='word_1_269' title='bbox 1787 2591 2122 2645; x_wconf 79' lang='lat' dir='ltr'><strong>timidita&#39;em</strong></span> 
     </span>
    </p>
   </div>
   <div class='ocr_carea' id='block_1_39' title="bbox 539 2682 2120 2754">
    <p class='ocr_par' dir='ltr' id='par_1_39' title="bbox 539 2682 2120 2754">
     <span class='ocr_line' id='line_1_39' title="bbox 539 2682 2120 2754; baseline -0.002 -15"><span class='ocrx_word' id='word_1_270' title='bbox 539 2697 704 2754; x_wconf 66' lang='lat' dir='ltr'><strong>atque</strong></span> <span class='ocrx_word' id='word_1_271' title='bbox 736 2684 1095 2749; x_wconf 80' lang='lat' dir='ltr'><strong>iracundiam,</strong></span> <span class='ocrx_word' id='word_1_272' title='bbox 1127 2693 1179 2736; x_wconf 91' lang='lat' dir='ltr'><strong>ut</strong></span> <span class='ocrx_word' id='word_1_273' title='bbox 1210 2682 1648 2751; x_wconf 75' lang='lat' dir='ltr'><strong>concupiscentia</strong></span> <span class='ocrx_word' id='word_1_274' title='bbox 1700 2684 2120 2752; x_wconf 83' lang='lat' dir='ltr'><strong>perditissimam</strong></span> 
     </span>
    </p>
   </div>
   <div class='ocr_carea' id='block_1_40' title="bbox 543 2774 2124 2841">
    <p class='ocr_par' dir='ltr' id='par_1_40' title="bbox 543 2774 2124 2841">
     <span class='ocr_line' id='line_1_40' title="bbox 543 2774 2124 2841; baseline 0.001 -11"><span class='ocrx_word' id='word_1_275' title='bbox 543 2779 692 2830; x_wconf 84' lang='lat' dir='ltr'><strong>illam</strong></span> <span class='ocrx_word' id='word_1_276' title='bbox 759 2775 1035 2829; x_wconf 89' lang='lat' dir='ltr'><strong>libidinem</strong></span> <span class='ocrx_word' id='word_1_277' title='bbox 1093 2774 1581 2841; x_wconf 86' lang='lat' dir='ltr'><strong>intemperantiam,</strong></span> <span class='ocrx_word' id='word_1_278' title='bbox 1635 2775 1729 2828; x_wconf 86' lang='lat' dir='ltr'><strong>sed</strong></span> <span class='ocrx_word' id='word_1_279' title='bbox 1765 2774 1961 2828; x_wconf 64' lang='lat' dir='ltr'><strong>animae</strong></span> <span class='ocrx_word' id='word_1_280' title='bbox 1996 2790 2124 2831; x_wconf 81' lang='lat' dir='ltr'><strong>vero</strong></span> 
     </span>
    </p>
   </div>
   <div class='ocr_carea' id='block_1_41' title="bbox 542 2863 2123 2933">
    <p class='ocr_par' dir='ltr' id='par_1_41' title="bbox 542 2863 2123 2933">
     <span class='ocr_line' id='line_1_41' title="bbox 542 2863 2123 2933; baseline -0.001 -12"><span class='ocrx_word' id='word_1_281' title='bbox 542 2869 709 2921; x_wconf 89' lang='lat' dir='ltr'><strong>totius</strong></span> <span class='ocrx_word' id='word_1_282' title='bbox 739 2866 1014 2928; x_wconf 71' lang='lat' dir='ltr'><strong>virtutem,</strong></span> <span class='ocrx_word' id='word_1_283' title='bbox 1048 2865 1344 2932; x_wconf 77' lang='lat' dir='ltr'><strong>justitiam,</strong></span> <span class='ocrx_word' id='word_1_284' title='bbox 1370 2876 1424 2917; x_wconf 90' lang='lat' dir='ltr'><strong>et</strong></span> <span class='ocrx_word' id='word_1_285' title='bbox 1452 2875 1711 2933; x_wconf 67' lang='lat' dir='ltr'><strong>praeterea</strong></span> <span class='ocrx_word' id='word_1_286' title='bbox 1744 2863 2123 2919; x_wconf 77' lang='lat' dir='ltr'><strong>liberalitatem</strong></span> 
     </span>
    </p>
   </div>
   <div class='ocr_carea' id='block_1_42' title="bbox 542 2956 2124 3028">
    <p class='ocr_par' dir='ltr' id='par_1_42' title="bbox 542 2956 2124 3028">
     <span class='ocr_line' id='line_1_42' title="bbox 542 2956 2124 3028; baseline 0.001 -17"><span class='ocrx_word' id='word_1_287' title='bbox 542 2971 705 3028; x_wconf 85' lang='lat' dir='ltr'><strong>atque</strong></span> <span class='ocrx_word' id='word_1_288' title='bbox 745 2957 1259 3026; x_wconf 81' lang='lat' dir='ltr'><strong>magnanimitatem,</strong></span> <span class='ocrx_word' id='word_1_289' title='bbox 1288 2956 1737 3022; x_wconf 83' lang='lat' dir='ltr'><strong>quemadmodum</strong></span> <span class='ocrx_word' id='word_1_290' title='bbox 1763 2957 1916 3021; x_wconf 84' lang='lat' dir='ltr'><strong>vitia,</strong></span> <span class='ocrx_word' id='word_1_291' title='bbox 1947 2959 2124 3027; x_wconf 73' lang='lat' dir='ltr'><strong>injus-</strong></span> 
     </span>
    </p>
   </div>
   <div class='ocr_carea' id='block_1_43' title="bbox 544 3047 2193 3120">
    <p class='ocr_par' dir='ltr' id='par_1_43' title="bbox 544 3047 2193 3120">
     <span class='ocr_line' id='line_1_43' title="bbox 544 3047 2193 3120; baseline 0.001 -16"><span class='ocrx_word' id='word_1_292' title='bbox 544 3052 741 3113; x_wconf 83' lang='lat' dir='ltr'><strong>titiam,</strong></span> <span class='ocrx_word' id='word_1_293' title='bbox 794 3048 1232 3111; x_wconf 80' lang='lat' dir='ltr'><strong>illiberalitatem,</strong></span> <span class='ocrx_word' id='word_1_294' title='bbox 1257 3047 1617 3119; x_wconf 71' lang='lat' dir='ltr'><strong>abjectamque</strong></span> <span class='ocrx_word' id='word_1_295' title='bbox 1654 3048 2029 3114; x_wconf 82' lang='lat' dir='ltr'><strong>humilitatem,</strong></span> <span class='ocrx_word' id='word_1_296' title='bbox 2067 3060 2127 3105; x_wconf 92' lang='lat' dir='ltr'><strong>ut</strong></span> <span class='ocrx_word' id='word_1_297' title='bbox 2154 3096 2193 3120; x_wconf 58' lang='grc' dir='ltr'>η</span> 
     </span>
    </p>
   </div>
   <div class='ocr_carea' id='block_1_44' title="bbox 546 3140 2121 3210">
    <p class='ocr_par' dir='ltr' id='par_1_44' title="bbox 546 3140 2121 3210">
     <span class='ocr_line' id='line_1_44' title="bbox 546 3140 2121 3210; baseline 0.001 -16"><span class='ocrx_word' id='word_1_298' title='bbox 546 3142 673 3194; x_wconf 85' lang='lat' dir='ltr'><strong>hinc</strong></span> <span class='ocrx_word' id='word_1_299' title='bbox 697 3140 833 3194; x_wconf 90' lang='lat' dir='ltr'><strong>adeo</strong></span> <span class='ocrx_word' id='word_1_300' title='bbox 868 3141 1080 3194; x_wconf 85' lang='lat' dir='ltr'><strong>tametsi</strong></span> <span class='ocrx_word' id='word_1_301' title='bbox 1113 3150 1221 3193; x_wconf 86' lang='lat' dir='ltr'><strong>tres</strong></span> <span class='ocrx_word' id='word_1_302' title='bbox 1249 3140 1511 3193; x_wconf 78' lang='lat' dir='ltr'><strong>duntaxat</strong></span> <span class='ocrx_word' id='word_1_303' title='bbox 1542 3140 1737 3196; x_wconf 62' lang='lat' dir='ltr'><strong>anima</strong></span> <span class='ocrx_word' id='word_1_304' title='bbox 1768 3151 1952 3210; x_wconf 89' lang='lat' dir='ltr'><strong>partes</strong></span> <span class='ocrx_word' id='word_1_305' title='bbox 1974 3154 2121 3209; x_wconf 88' lang='lat' dir='ltr'><strong>sunt,</strong></span> 
     </span>
    </p>
   </div>
   <div class='ocr_carea' id='block_1_45' title="bbox 545 3233 2123 3302">
    <p class='ocr_par' dir='ltr' id='par_1_45' title="bbox 545 3233 2123 3302">
     <span class='ocr_line' id='line_1_45' title="bbox 545 3233 2123 3302; baseline 0.001 -15"><span class='ocrx_word' id='word_1_306' title='bbox 545 3234 673 3299; x_wconf 88' lang='lat' dir='ltr'><strong>isto,</strong></span> <span class='ocrx_word' id='word_1_307' title='bbox 722 3247 880 3302; x_wconf 85' lang='lat' dir='ltr'><strong>quem</strong></span> <span class='ocrx_word' id='word_1_308' title='bbox 935 3233 1192 3296; x_wconf 82' lang='lat' dir='ltr'><strong>diximus,</strong></span> <span class='ocrx_word' id='word_1_309' title='bbox 1247 3234 1426 3294; x_wconf 85' lang='lat' dir='ltr'><strong>modo,</strong></span> <span class='ocrx_word' id='word_1_310' title='bbox 1476 3242 1718 3300; x_wconf 84' lang='lat' dir='ltr'><strong>quatuor</strong></span> <span class='ocrx_word' id='word_1_311' title='bbox 1765 3248 1990 3289; x_wconf 82' lang='lat' dir='ltr'><strong>necesse</strong></span> <span class='ocrx_word' id='word_1_312' title='bbox 2049 3236 2123 3289; x_wconf 86' lang='lat' dir='ltr'><strong>sit</strong></span> 
     </span>
    </p>
   </div>
   <div class='ocr_carea' id='block_1_46' title="bbox 554 3323 2121 3393">
    <p class='ocr_par' dir='ltr' id='par_1_46' title="bbox 554 3323 2121 3393">
     <span class='ocr_line' id='line_1_46' title="bbox 554 3323 2121 3393; baseline 0 -14"><span class='ocrx_word' id='word_1_313' title='bbox 554 3327 821 3381; x_wconf 79' lang='lat' dir='ltr'><strong>exsistere</strong></span> <span class='ocrx_word' id='word_1_314' title='bbox 854 3327 1104 3390; x_wconf 74' lang='lat' dir='ltr'><strong>virtutes,</strong></span> <span class='ocrx_word' id='word_1_315' title='bbox 1131 3338 1184 3379; x_wconf 92' lang='lat' dir='ltr'><strong>ct</strong></span> <span class='ocrx_word' id='word_1_316' title='bbox 1223 3323 1289 3378; x_wconf 89' lang='lat' dir='ltr'><strong>ad</strong></span> <span class='ocrx_word' id='word_1_317' title='bbox 1343 3325 1684 3393; x_wconf 82' lang='lat' dir='ltr'><strong>prudentiam</strong></span> <span class='ocrx_word' id='word_1_318' title='bbox 1732 3341 1796 3380; x_wconf 89' lang='lat' dir='ltr'><strong>ac</strong></span> <span class='ocrx_word' id='word_1_319' title='bbox 1847 3325 2121 3381; x_wconf 67' lang='lat' dir='ltr'><strong>fortitudio</strong></span> 
     </span>
    </p>
   </div>
   <div class='ocr_carea' id='block_1_47' title="bbox 550 3418 2112 3490">
    <p class='ocr_par' dir='ltr' id='par_1_47' title="bbox 550 3418 2112 3490">
     <span class='ocr_line' id='line_1_47' title="bbox 550 3418 2112 3490; baseline 0.003 -20"><span class='ocrx_word' id='word_1_320' title='bbox 550 3435 670 3472; x_wconf 89' lang='lat' dir='ltr'><strong>nem</strong></span> <span class='ocrx_word' id='word_1_321' title='bbox 705 3434 766 3473; x_wconf 87' lang='lat' dir='ltr'><strong>ac</strong></span> <span class='ocrx_word' id='word_1_322' title='bbox 799 3418 1208 3487; x_wconf 82' lang='lat' dir='ltr'><strong>temperantiam</strong></span> <span class='ocrx_word' id='word_1_323' title='bbox 1249 3419 1513 3473; x_wconf 80' lang='lat' dir='ltr'><strong>accedere</strong></span> <span class='ocrx_word' id='word_1_324' title='bbox 1566 3421 1788 3474; x_wconf 92' lang='lat' dir='ltr'><strong>omnino</strong></span> <span class='ocrx_word' id='word_1_325' title='bbox 1818 3420 2112 3490; x_wconf 87' lang='lat' dir='ltr'><strong>justitiam.</strong></span> 
     </span>
    </p>
   </div>
   <div class='ocr_carea' id='block_1_48' title="bbox 2221 1834 3775 1927">
    <p class='ocr_par' dir='ltr' id='par_1_48' title="bbox 2221 1834 3775 1927">
     <span class='ocr_line' id='line_1_48' title="bbox 2221 1834 3775 1927; baseline -0.02 -11"><span class='ocrx_word' id='word_1_326' title='bbox 2221 1880 2281 1916; x_wconf 91' lang='grc' dir='ltr'><strong>τε</strong></span> <span class='ocrx_word' id='word_1_327' title='bbox 2324 1853 2864 1927; x_wconf 78' lang='grc' dir='ltr'>καὶὲπιθυμητικοῦ,</span> <span class='ocrx_word' id='word_1_328' title='bbox 2894 1852 2986 1906; x_wconf 72' lang='grc' dir='ltr'><strong>τοῦ</strong></span> <span class='ocrx_word' id='word_1_329' title='bbox 3017 1851 3135 1920; x_wconf 79' lang='grc' dir='ltr'>μὲν,</span> <span class='ocrx_word' id='word_1_330' title='bbox 3171 1845 3584 1914; x_wconf 68' lang='grc' dir='ltr'><strong>σωφροσύνην</strong></span> <span class='ocrx_word' id='word_1_331' title='bbox 3611 1834 3775 1891; x_wconf 78' lang='grc' dir='ltr'>καὶτὸ</span> 
     </span>
    </p>
   </div>
   <div class='ocr_carea' id='block_1_49' title="bbox 2224 1929 3776 2026">
    <p class='ocr_par' dir='ltr' id='par_1_49' title="bbox 2224 1929 3776 2026">
     <span class='ocr_line' id='line_1_49' title="bbox 2224 1929 3776 2026; baseline -0.026 -6"><span class='ocrx_word' id='word_1_332' title='bbox 2224 1956 2359 2026; x_wconf 78' lang='grc' dir='ltr'>πρὸς</span> <span class='ocrx_word' id='word_1_333' title='bbox 2378 1952 2472 2014; x_wconf 81' lang='grc' dir='ltr'><strong>τὰς</strong></span> <span class='ocrx_word' id='word_1_334' title='bbox 2494 1950 2688 2023; x_wconf 76' lang='grc' dir='ltr'>ἡδονὰς</span> <span class='ocrx_word' id='word_1_335' title='bbox 2706 1945 3016 2018; x_wconf 69' lang='grc' dir='ltr'>ἐγκρατὲς·</span> <span class='ocrx_word' id='word_1_336' title='bbox 3046 1942 3140 1996; x_wconf 83' lang='grc' dir='ltr'>τοῦ</span> <span class='ocrx_word' id='word_1_337' title='bbox 3168 1941 3225 1994; x_wconf 81' lang='grc' dir='ltr'>δὲ</span> <span class='ocrx_word' id='word_1_338' title='bbox 3256 1935 3516 2009; x_wconf 81' lang='grc' dir='ltr'>θυμικοῦ,</span> <span class='ocrx_word' id='word_1_339' title='bbox 3541 1929 3776 2026; x_wconf 69' lang='grc' dir='ltr'>ἀνδρίαν</span> 
     </span>
    </p>
   </div>
   <div class='ocr_carea' id='block_1_50' title="bbox 2223 2017 3774 2111">
    <p class='ocr_par' dir='ltr' id='par_1_50' title="bbox 2223 2017 3774 2111">
     <span class='ocr_line' id='line_1_50' title="bbox 2223 2017 3774 2111; baseline -0.021 -11"><span class='ocrx_word' id='word_1_340' title='bbox 2223 2017 2284 2099; x_wconf 72' lang='grc' dir='ltr'>τὲ</span> <span class='ocrx_word' id='word_1_341' title='bbox 2314 2045 2409 2099; x_wconf 75' lang='grc' dir='ltr'>καὶ</span> <span class='ocrx_word' id='word_1_342' title='bbox 2449 2017 2762 2111; x_wconf 62' lang='grc' dir='ltr'>πραότητα</span> <span class='ocrx_word' id='word_1_343' title='bbox 2787 2054 2800 2070; x_wconf 89' lang='grc'><strong>·</strong></span> <span class='ocrx_word' id='word_1_344' title='bbox 2836 2036 3041 2090; x_wconf 79' lang='grc' dir='ltr'>κακίαν</span> <span class='ocrx_word' id='word_1_345' title='bbox 3086 2033 3144 2087; x_wconf 78' lang='grc' dir='ltr'>δὲ</span> <span class='ocrx_word' id='word_1_346' title='bbox 3176 2028 3545 2100; x_wconf 83' lang='grc' dir='ltr'>ἀμφωτέρων,</span> <span class='ocrx_word' id='word_1_347' title='bbox 3569 2020 3657 2074; x_wconf 82' lang='grc' dir='ltr'><strong>τοῦ</strong></span> <span class='ocrx_word' id='word_1_348' title='bbox 3689 2017 3774 2111; x_wconf 47' lang='grc' dir='ltr'>μιν</span> 
     </span>
    </p>
   </div>
   <div class='ocr_carea' id='block_1_51' title="bbox 2223 2106 3772 2200">
    <p class='ocr_par' dir='ltr' id='par_1_51' title="bbox 2223 2106 3772 2200">
     <span class='ocr_line' id='line_1_51' title="bbox 2223 2106 3772 2200; baseline -0.016 -9"><span class='ocrx_word' id='word_1_349' title='bbox 2223 2138 2459 2192; x_wconf 66' lang='grc' dir='ltr'>δειλίαν</span> <span class='ocrx_word' id='word_1_350' title='bbox 2487 2106 2583 2187; x_wconf 71' lang='grc' dir='ltr'><strong>καὶ</strong></span> <span class='ocrx_word' id='word_1_351' title='bbox 2617 2106 3000 2200; x_wconf 71' lang='grc' dir='ltr'>ὀργιλότητα,</span> <span class='ocrx_word' id='word_1_352' title='bbox 3032 2123 3124 2177; x_wconf 78' lang='grc' dir='ltr'><strong>τοῦ</strong></span> <span class='ocrx_word' id='word_1_353' title='bbox 3152 2140 3214 2192; x_wconf 92' lang='grc' dir='ltr'><strong>γε</strong></span> <span class='ocrx_word' id='word_1_354' title='bbox 3250 2118 3358 2191; x_wconf 85' lang='grc' dir='ltr'>μὴν</span> <span class='ocrx_word' id='word_1_355' title='bbox 3376 2106 3772 2185; x_wconf 66' lang='grc' dir='ltr'><strong>ἐπιθυμητικοῦ.</strong></span> 
     </span>
    </p>
   </div>
   <div class='ocr_carea' id='block_1_52' title="bbox 2226 2202 3773 2298">
    <p class='ocr_par' dir='ltr' id='par_1_52' title="bbox 2226 2202 3773 2298">
     <span class='ocr_line' id='line_1_52' title="bbox 2226 2202 3773 2298; baseline -0.014 -16"><span class='ocrx_word' id='word_1_356' title='bbox 2226 2227 2323 2298; x_wconf 76' lang='grc' dir='ltr'>τὴν</span> <span class='ocrx_word' id='word_1_357' title='bbox 2352 2225 2573 2281; x_wconf 70' lang='grc' dir='ltr'>κάκιστ’</span> <span class='ocrx_word' id='word_1_358' title='bbox 2614 2221 2999 2290; x_wconf 70' lang='grc' dir='ltr'><strong>ἀπολουμένην</strong></span> <span class='ocrx_word' id='word_1_359' title='bbox 3042 2214 3387 2271; x_wconf 78' lang='grc' dir='ltr'><strong>ἀκολασίαν</strong></span> <span class='ocrx_word' id='word_1_360' title='bbox 3408 2225 3423 2243; x_wconf 90' lang='grc'><strong>·</strong></span> <span class='ocrx_word' id='word_1_361' title='bbox 3457 2210 3583 2277; x_wconf 81' lang='grc' dir='ltr'>ὅλης</span> <span class='ocrx_word' id='word_1_362' title='bbox 3614 2206 3667 2257; x_wconf 73' lang='grc' dir='ltr'><strong>δὲ</strong></span> <span class='ocrx_word' id='word_1_363' title='bbox 3690 2202 3773 2298; x_wconf 56' lang='grc' dir='ltr'><strong>τῇς</strong></span> 
     </span>
    </p>
   </div>
   <div class='ocr_carea' id='block_1_53' title="bbox 2223 2294 3778 2385">
    <p class='ocr_par' dir='ltr' id='par_1_53' title="bbox 2223 2294 3778 2385">
     <span class='ocr_line' id='line_1_53' title="bbox 2223 2294 3778 2385; baseline -0.023 -5"><span class='ocrx_word' id='word_1_364' title='bbox 2223 2294 2423 2385; x_wconf 48' lang='grc' dir='ltr'><strong>ιίιιλχῆς.</strong></span> <span class='ocrx_word' id='word_1_365' title='bbox 2459 2314 2686 2385; x_wconf 81' lang='grc' dir='ltr'>ἀρετὴν,</span> <span class='ocrx_word' id='word_1_366' title='bbox 2724 2311 3148 2375; x_wconf 80' lang='grc' dir='ltr'>δικαιοσύνην,</span> <span class='ocrx_word' id='word_1_367' title='bbox 3176 2305 3273 2359; x_wconf 78' lang='grc' dir='ltr'>καὶ</span> <span class='ocrx_word' id='word_1_368' title='bbox 3323 2298 3545 2372; x_wconf 84' lang='grc' dir='ltr'>προσέτ’</span> <span class='ocrx_word' id='word_1_369' title='bbox 3562 2294 3778 2351; x_wconf 67' lang='lat' dir='ltr'><strong>usuca-</strong></span> 
     </span>
    </p>
   </div>
   <div class='ocr_carea' id='block_1_54' title="bbox 2216 2386 3777 2476">
    <p class='ocr_par' dir='ltr' id='par_1_54' title="bbox 2216 2386 3777 2476">
     <span class='ocr_line' id='line_1_54' title="bbox 2216 2386 3777 2476; baseline -0.017 -16"><span class='ocrx_word' id='word_1_370' title='bbox 2216 2406 2468 2476; x_wconf 78' lang='grc' dir='ltr'>ριότητά</span> <span class='ocrx_word' id='word_1_371' title='bbox 2495 2422 2553 2458; x_wconf 89' lang='grc' dir='ltr'><strong>τε</strong></span> <span class='ocrx_word' id='word_1_372' title='bbox 2583 2405 2675 2458; x_wconf 75' lang='grc' dir='ltr'>καὶ</span> <span class='ocrx_word' id='word_1_373' title='bbox 2700 2402 3184 2473; x_wconf 65' lang='grc' dir='ltr'><strong>μεγαλοψυχίαν,</strong></span> <span class='ocrx_word' id='word_1_374' title='bbox 3211 2396 3418 2450; x_wconf 87' lang='grc' dir='ltr'>κακίαν</span> <span class='ocrx_word' id='word_1_375' title='bbox 3454 2393 3531 2450; x_wconf 74' lang='grc' dir='ltr'>δὲ,</span> <span class='ocrx_word' id='word_1_376' title='bbox 3559 2386 3777 2446; x_wconf 77' lang='grc' dir='ltr'>ἀδικίαν</span> 
     </span>
    </p>
   </div>
   <div class='ocr_carea' id='block_1_55' title="bbox 2225 2481 3779 2565">
    <p class='ocr_par' dir='ltr' id='par_1_55' title="bbox 2225 2481 3779 2565">
     <span class='ocr_line' id='line_1_55' title="bbox 2225 2481 3779 2565; baseline -0.01 -14"><span class='ocrx_word' id='word_1_377' title='bbox 2225 2499 2319 2551; x_wconf 74' lang='grc' dir='ltr'><strong>καὶ</strong></span> <span class='ocrx_word' id='word_1_378' title='bbox 2338 2498 2724 2565; x_wconf 58' lang='grc' dir='ltr'>ἀνελεευϐεριό</span> <span class='ocrx_word' id='word_1_379' title='bbox 2732 2513 2755 2547; x_wconf 90' lang='grc' dir='ltr'><strong>τ</strong></span> <span class='ocrx_word' id='word_1_380' title='bbox 2766 2510 2878 2562; x_wconf 80' lang='grc' dir='ltr'><strong>ητα</strong></span> <span class='ocrx_word' id='word_1_381' title='bbox 2893 2493 2982 2546; x_wconf 72' lang='grc' dir='ltr'>καὶ</span> <span class='ocrx_word' id='word_1_382' title='bbox 2995 2490 3438 2561; x_wconf 70' lang='grc' dir='ltr'><strong>μικροψυχίαν,</strong></span> <span class='ocrx_word' id='word_1_383' title='bbox 3458 2488 3531 2547; x_wconf 81' lang='grc' dir='ltr'>ὼς</span> <span class='ocrx_word' id='word_1_384' title='bbox 3553 2481 3779 2549; x_wconf 77' lang='grc' dir='ltr'>ἀνάγκην</span> 
     </span>
    </p>
   </div>
   <div class='ocr_carea' id='block_1_56' title="bbox 2224 2569 3776 2658">
    <p class='ocr_par' dir='ltr' id='par_1_56' title="bbox 2224 2569 3776 2658">
     <span class='ocr_line' id='line_1_56' title="bbox 2224 2569 3776 2658; baseline -0.013 -15"><span class='ocrx_word' id='word_1_385' title='bbox 2224 2590 2481 2645; x_wconf 76' lang='grc' dir='ltr'>ἐντεῦθεν</span> <span class='ocrx_word' id='word_1_386' title='bbox 2507 2585 2648 2641; x_wconf 79' lang='grc' dir='ltr'>εἶναι</span> <span class='ocrx_word' id='word_1_387' title='bbox 2666 2586 2836 2658; x_wconf 82' lang='grc' dir='ltr'>τριῶν</span> <span class='ocrx_word' id='word_1_388' title='bbox 2865 2586 3037 2639; x_wconf 80' lang='grc' dir='ltr'>ὄντων</span> <span class='ocrx_word' id='word_1_389' title='bbox 3060 2583 3308 2645; x_wconf 73' lang='grc' dir='ltr'>ἐκείνων,</span> <span class='ocrx_word' id='word_1_390' title='bbox 3360 2581 3626 2648; x_wconf 76' lang='grc' dir='ltr'>τέτταρας</span> <span class='ocrx_word' id='word_1_391' title='bbox 3663 2569 3776 2625; x_wconf 50' lang='lat' dir='ltr'><strong>cati.</strong></span> 
     </span>
    </p>
   </div>
   <div class='ocr_carea' id='block_1_57' title="bbox 2202 2666 3778 2752">
    <p class='ocr_par' dir='ltr' id='par_1_57' title="bbox 2202 2666 3778 2752">
     <span class='ocr_line' id='line_1_57' title="bbox 2202 2666 3778 2752; baseline -0.013 -14"><span class='ocrx_word' id='word_1_392' title='bbox 2202 2700 2325 2749; x_wconf 78' lang='grc' dir='ltr'>’τας</span> <span class='ocrx_word' id='word_1_393' title='bbox 2384 2682 2442 2735; x_wconf 81' lang='grc' dir='ltr'><strong>ὃν</strong></span> <span class='ocrx_word' id='word_1_394' title='bbox 2468 2681 2608 2752; x_wconf 81' lang='grc' dir='ltr'>ἔφην</span> <span class='ocrx_word' id='word_1_395' title='bbox 2658 2678 2948 2749; x_wconf 85' lang='grc' dir='ltr'>γίγνεσθαι</span> <span class='ocrx_word' id='word_1_396' title='bbox 2982 2676 3205 2747; x_wconf 80' lang='grc' dir='ltr'>τρόπον,</span> <span class='ocrx_word' id='word_1_397' title='bbox 3269 2675 3369 2727; x_wconf 74' lang='grc' dir='ltr'>καὶ</span> <span class='ocrx_word' id='word_1_398' title='bbox 3423 2674 3488 2741; x_wconf 79' lang='grc' dir='ltr'>τῇ</span> <span class='ocrx_word' id='word_1_399' title='bbox 3542 2666 3778 2740; x_wconf 73' lang='grc' dir='ltr'><strong>φρονήσει</strong></span> 
     </span>
    </p>
   </div>
   <div class='ocr_carea' id='block_1_58' title="bbox 2227 2758 3779 2847">
    <p class='ocr_par' dir='ltr' id='par_1_58' title="bbox 2227 2758 3779 2847">
     <span class='ocr_line' id='line_1_58' title="bbox 2227 2758 3779 2847; baseline -0.015 -16"><span class='ocrx_word' id='word_1_400' title='bbox 2227 2779 2322 2832; x_wconf 75' lang='grc' dir='ltr'>καὶ</span> <span class='ocrx_word' id='word_1_401' title='bbox 2355 2776 2554 2847; x_wconf 78' lang='grc' dir='ltr'>ἀνδρίᾳ</span> <span class='ocrx_word' id='word_1_402' title='bbox 2586 2774 2682 2828; x_wconf 75' lang='grc' dir='ltr'>καὶ</span> <span class='ocrx_word' id='word_1_403' title='bbox 2734 2770 3089 2843; x_wconf 75' lang='grc' dir='ltr'>σωφροσύνῃ,</span> <span class='ocrx_word' id='word_1_404' title='bbox 3146 2767 3243 2821; x_wconf 72' lang='grc' dir='ltr'>καὶ</span> <span class='ocrx_word' id='word_1_405' title='bbox 3292 2767 3393 2837; x_wconf 73' lang='grc' dir='ltr'>τὴν</span> <span class='ocrx_word' id='word_1_406' title='bbox 3451 2758 3779 2822; x_wconf 75' lang='grc' dir='ltr'>δικαιοσύνην</span> 
     </span>
    </p>
   </div>
   <div class='ocr_carea' id='block_1_59' title="bbox 2227 2847 3779 2940">
    <p class='ocr_par' dir='ltr' id='par_1_59' title="bbox 2227 2847 3779 2940">
     <span class='ocr_line' id='line_1_59' title="bbox 2227 2847 3779 2940; baseline -0.011 -18"><span class='ocrx_word' id='word_1_407' title='bbox 2227 2870 2535 2940; x_wconf 79' lang='grc' dir='ltr'>προσεῖναι.</span> <span class='ocrx_word' id='word_1_408' title='bbox 2563 2858 2664 2918; x_wconf 82' lang='grc' dir='ltr'><strong>’Ὧν</strong></span> <span class='ocrx_word' id='word_1_409' title='bbox 2699 2863 2872 2934; x_wconf 76' lang='grc' dir='ltr'>μείζω</span> <span class='ocrx_word' id='word_1_410' title='bbox 2898 2859 3080 2925; x_wconf 80' lang='grc' dir='ltr'>τάξιν,</span> <span class='ocrx_word' id='word_1_411' title='bbox 3116 2859 3391 2929; x_wconf 81' lang='grc' dir='ltr'>φρόνησις</span> <span class='ocrx_word' id='word_1_412' title='bbox 3405 2856 3546 2927; x_wconf 78' lang='grc' dir='ltr'>ἔχει,</span> <span class='ocrx_word' id='word_1_413' title='bbox 3570 2852 3641 2914; x_wconf 84' lang='grc' dir='ltr'>ὡς</span> <span class='ocrx_word' id='word_1_414' title='bbox 3670 2847 3779 2940; x_wconf 63' lang='grc' dir='ltr'>ῥίζα</span> 
     </span>
    </p>
   </div>
   <div class='ocr_carea' id='block_1_60' title="bbox 2225 2939 3782 3028">
    <p class='ocr_par' dir='ltr' id='par_1_60' title="bbox 2225 2939 3782 3028">
     <span class='ocr_line' id='line_1_60' title="bbox 2225 2939 3782 3028; baseline -0.013 -15"><span class='ocrx_word' id='word_1_415' title='bbox 2225 2939 2434 3014; x_wconf 87' lang='grc' dir='ltr'>τούτων</span> <span class='ocrx_word' id='word_1_416' title='bbox 2466 2961 2567 3013; x_wconf 73' lang='grc' dir='ltr'>καὶ</span> <span class='ocrx_word' id='word_1_417' title='bbox 2582 2957 2735 3028; x_wconf 83' lang='grc' dir='ltr'>πηγὴ</span> <span class='ocrx_word' id='word_1_418' title='bbox 2760 2954 2857 3009; x_wconf 81' lang='grc' dir='ltr'>καὶ</span> <span class='ocrx_word' id='word_1_419' title='bbox 2878 2955 3050 3016; x_wconf 77' lang='grc' dir='ltr'>αἰτία,</span> <span class='ocrx_word' id='word_1_420' title='bbox 3086 2952 3179 3005; x_wconf 75' lang='grc' dir='ltr'><strong>καὶ</strong></span> <span class='ocrx_word' id='word_1_421' title='bbox 3204 2950 3345 3022; x_wconf 85' lang='grc' dir='ltr'>μόνη</span> <span class='ocrx_word' id='word_1_422' title='bbox 3375 2946 3648 3018; x_wconf 75' lang='grc' dir='ltr'><strong>δυναμένη</strong></span> <span class='ocrx_word' id='word_1_423' title='bbox 3669 2939 3782 2995; x_wconf 72' lang='lat' dir='ltr'><strong>ratio</strong></span> 
     </span>
    </p>
   </div>
   <div class='ocr_carea' id='block_1_61' title="bbox 2228 3033 3781 3117">
    <p class='ocr_par' dir='ltr' id='par_1_61' title="bbox 2228 3033 3781 3117">
     <span class='ocr_line' id='line_1_61' title="bbox 2228 3033 3781 3117; baseline -0.021 -5"><span class='ocrx_word' id='word_1_424' title='bbox 2228 3067 2326 3111; x_wconf 76' lang='grc' dir='ltr'>τας</span> <span class='ocrx_word' id='word_1_425' title='bbox 2351 3049 2534 3112; x_wconf 80' lang='grc' dir='ltr'>καλῶς</span> <span class='ocrx_word' id='word_1_426' title='bbox 2560 3047 2939 3117; x_wconf 75' lang='grc' dir='ltr'>δημαγωγεῖν,</span> <span class='ocrx_word' id='word_1_427' title='bbox 2986 3044 3080 3096; x_wconf 76' lang='grc' dir='ltr'><strong>καὶ</strong></span> <span class='ocrx_word' id='word_1_428' title='bbox 3126 3040 3352 3094; x_wconf 82' lang='grc' dir='ltr'>διοικεῖν</span> <span class='ocrx_word' id='word_1_429' title='bbox 3406 3040 3503 3092; x_wconf 76' lang='grc' dir='ltr'>καὶ</span> <span class='ocrx_word' id='word_1_430' title='bbox 3533 3033 3781 3102; x_wconf 76' lang='grc' dir='ltr'>ξυνέχειν,</span> 
     </span>
    </p>
   </div>
   <div class='ocr_carea' id='block_1_62' title="bbox 2234 3120 3782 3213">
    <p class='ocr_par' dir='ltr' id='par_1_62' title="bbox 2234 3120 3782 3213">
     <span class='ocr_line' id='line_1_62' title="bbox 2234 3120 3782 3213; baseline -0.014 -15"><span class='ocrx_word' id='word_1_431' title='bbox 2234 3144 2328 3197; x_wconf 73' lang='grc' dir='ltr'>καὶ</span> <span class='ocrx_word' id='word_1_432' title='bbox 2358 3145 2433 3213; x_wconf 82' lang='grc' dir='ltr'>μὴ</span> <span class='ocrx_word' id='word_1_433' title='bbox 2452 3140 2757 3212; x_wconf 81' lang='grc' dir='ltr'>ξυγχωρεῖν</span> <span class='ocrx_word' id='word_1_434' title='bbox 2788 3137 2891 3202; x_wconf 73' lang='grc' dir='ltr'>ἔξω</span> <span class='ocrx_word' id='word_1_435' title='bbox 2922 3137 3016 3190; x_wconf 86' lang='grc' dir='ltr'><strong>τοῦ</strong></span> <span class='ocrx_word' id='word_1_436' title='bbox 3051 3135 3397 3206; x_wconf 83' lang='grc' dir='ltr'>τεταγμένου</span> <span class='ocrx_word' id='word_1_437' title='bbox 3430 3131 3644 3203; x_wconf 78' lang='grc' dir='ltr'>χωρεῖν,</span> <span class='ocrx_word' id='word_1_438' title='bbox 3661 3120 3782 3178; x_wconf 72' lang='grc' dir='ltr'>ἀλλὰ</span> 
     </span>
    </p>
   </div>
   <div class='ocr_carea' id='block_1_63' title="bbox 2229 3213 3786 3304">
    <p class='ocr_par' dir='ltr' id='par_1_63' title="bbox 2229 3213 3786 3304">
     <span class='ocr_line' id='line_1_63' title="bbox 2229 3213 3786 3304; baseline -0.013 -16"><span class='ocrx_word' id='word_1_439' title='bbox 2229 3234 2329 3304; x_wconf 82' lang='grc' dir='ltr'><strong>τῆς</strong></span> <span class='ocrx_word' id='word_1_440' title='bbox 2361 3234 2583 3302; x_wconf 83' lang='grc' dir='ltr'>φύσεως</span> <span class='ocrx_word' id='word_1_441' title='bbox 2612 3231 2869 3302; x_wconf 72' lang='grc' dir='ltr'>ἔχεσθαι·</span> <span class='ocrx_word' id='word_1_442' title='bbox 2907 3229 2969 3283; x_wconf 82' lang='grc' dir='ltr'><strong>οὐ</strong></span> <span class='ocrx_word' id='word_1_443' title='bbox 3012 3228 3121 3298; x_wconf 81' lang='grc' dir='ltr'>γὰρ</span> <span class='ocrx_word' id='word_1_444' title='bbox 3174 3226 3402 3298; x_wconf 83' lang='grc' dir='ltr'>ἀπόχρη</span> <span class='ocrx_word' id='word_1_445' title='bbox 3456 3225 3613 3294; x_wconf 87' lang='grc' dir='ltr'>μόνον</span> <span class='ocrx_word' id='word_1_446' title='bbox 3671 3213 3786 3270; x_wconf 83' lang='grc' dir='ltr'>ταύ-</span> 
     </span>
    </p>
   </div>
   <div class='ocr_carea' id='block_1_64' title="bbox 2224 3318 3782 3394">
    <p class='ocr_par' dir='ltr' id='par_1_64' title="bbox 2224 3318 3782 3394">
     <span class='ocr_line' id='line_1_64' title="bbox 2224 3318 3782 3394; baseline -0.014 -12"><span class='ocrx_word' id='word_1_447' title='bbox 2224 3344 2324 3390; x_wconf 87' lang='grc' dir='ltr'>τας</span> <span class='ocrx_word' id='word_1_448' title='bbox 2357 3328 2581 3394; x_wconf 84' lang='grc' dir='ltr'>είδέναι,</span> <span class='ocrx_word' id='word_1_449' title='bbox 2617 3324 2753 3379; x_wconf 79' lang='grc' dir='ltr'>ἀλλὰ</span> <span class='ocrx_word' id='word_1_450' title='bbox 2783 3324 2878 3379; x_wconf 74' lang='grc' dir='ltr'>καὶ</span> <span class='ocrx_word' id='word_1_451' title='bbox 2916 3322 3012 3376; x_wconf 81' lang='grc' dir='ltr'><strong>τοῦ</strong></span> <span class='ocrx_word' id='word_1_452' title='bbox 3054 3322 3201 3385; x_wconf 66' lang='grc' dir='ltr'>ὄπι-ς</span> <span class='ocrx_word' id='word_1_453' title='bbox 3233 3320 3318 3373; x_wconf 79' lang='grc' dir='ltr'><strong>δεῖ</strong></span> <span class='ocrx_word' id='word_1_454' title='bbox 3356 3318 3601 3388; x_wconf 81' lang='grc' dir='ltr'>μετιέναι</span> <span class='ocrx_word' id='word_1_455' title='bbox 3633 3325 3782 3381; x_wconf 83' lang='grc' dir='ltr'>προσ-</span> 
     </span>
    </p>
   </div>
   <div class='ocr_carea' id='block_1_65' title="bbox 2223 3423 2325 3474">
    <p class='ocr_par' dir='ltr' id='par_1_65' title="bbox 2223 3423 2325 3474">
     <span class='ocr_line' id='line_1_65' title="bbox 2223 3423 2325 3474; baseline -0.02 0"><span class='ocrx_word' id='word_1_456' title='bbox 2223 3423 2325 3474; x_wconf 85' lang='grc' dir='ltr'>δεῖ.</span> 
     </span>
    </p>
   </div>
   <div class='ocr_carea' id='block_1_66' title="bbox 546 3495 3784 3586">
    <p class='ocr_par' dir='ltr' id='par_1_66' title="bbox 546 3495 3784 3586">
     <span class='ocr_line' id='line_1_66' title="bbox 546 3495 3784 3586; baseline -0.002 -18"><span class='ocrx_word' id='word_1_457' title='bbox 546 3514 653 3568; x_wconf 89' lang='lat' dir='ltr'><strong>llas</strong></span> <span class='ocrx_word' id='word_1_458' title='bbox 689 3516 830 3570; x_wconf 71' lang='lat' dir='ltr'><strong>inter</strong></span> <span class='ocrx_word' id='word_1_459' title='bbox 861 3515 1087 3569; x_wconf 83' lang='lat' dir='ltr'><strong>virtutes</strong></span> <span class='ocrx_word' id='word_1_460' title='bbox 1109 3515 1356 3570; x_wconf 85' lang='lat' dir='ltr'><strong>ordinem</strong></span> <span class='ocrx_word' id='word_1_461' title='bbox 1389 3516 1677 3584; x_wconf 88' lang='lat' dir='ltr'><strong>prudentia</strong></span> <span class='ocrx_word' id='word_1_462' title='bbox 1702 3517 1875 3581; x_wconf 88' lang='lat' dir='ltr'><strong>ducit,</strong></span> <span class='ocrx_word' id='word_1_463' title='bbox 1934 3525 2120 3586; x_wconf 88' lang='lat' dir='ltr'><strong>utpote</strong></span> <span class='ocrx_word' id='word_1_464' title='bbox 2159 3518 2317 3573; x_wconf 80' lang='lat' dir='ltr'><strong>radix</strong></span> <span class='ocrx_word' id='word_1_465' title='bbox 2339 3526 2686 3582; x_wconf 61' lang='lat' dir='ltr'><strong>camerarum,</strong></span> <span class='ocrx_word' id='word_1_466' title='bbox 2711 3526 2764 3568; x_wconf 89' lang='lat' dir='ltr'><strong>et</strong></span> <span class='ocrx_word' id='word_1_467' title='bbox 2794 3514 2934 3578; x_wconf 85' lang='lat' dir='ltr'><strong>fons,</strong></span> <span class='ocrx_word' id='word_1_468' title='bbox 2963 3521 3017 3567; x_wconf 89' lang='lat' dir='ltr'><strong>et</strong></span> <span class='ocrx_word' id='word_1_469' title='bbox 3045 3525 3234 3577; x_wconf 85' lang='lat' dir='ltr'><strong>causa,</strong></span> <span class='ocrx_word' id='word_1_470' title='bbox 3266 3521 3326 3566; x_wconf 88' lang='lat' dir='ltr'><strong>et</strong></span> <span class='ocrx_word' id='word_1_471' title='bbox 3394 3521 3518 3581; x_wconf 73' lang='lat' dir='ltr'><strong>quae</strong></span> <span class='ocrx_word' id='word_1_472' title='bbox 3578 3503 3686 3561; x_wconf 84' lang='lat' dir='ltr'><strong>sola</strong></span> <span class='ocrx_word' id='word_1_473' title='bbox 3730 3495 3784 3554; x_wconf 74' lang='grc' dir='ltr'><strong>ἱΙ-</strong></span> 
     </span>
    </p>
   </div>
   <div class='ocr_carea' id='block_1_67' title="bbox 544 3604 3785 3681">
    <p class='ocr_par' dir='ltr' id='par_1_67' title="bbox 544 3604 3785 3681">
     <span class='ocr_line' id='line_1_67' title="bbox 544 3604 3785 3681; baseline -0.003 -19"><span class='ocrx_word' id='word_1_474' title='bbox 544 3614 620 3663; x_wconf 81' lang='lat' dir='ltr'><strong>las</strong></span> <span class='ocrx_word' id='word_1_475' title='bbox 644 3619 788 3662; x_wconf 88' lang='lat' dir='ltr'><strong>recte</strong></span> <span class='ocrx_word' id='word_1_476' title='bbox 816 3622 1027 3677; x_wconf 80' lang='lat' dir='ltr'><strong>regere,</strong></span> <span class='ocrx_word' id='word_1_477' title='bbox 1066 3621 1130 3660; x_wconf 89' lang='lat' dir='ltr'><strong>ac</strong></span> <span class='ocrx_word' id='word_1_478' title='bbox 1158 3608 1482 3677; x_wconf 77' lang='lat' dir='ltr'><strong>gubernare,</strong></span> <span class='ocrx_word' id='word_1_479' title='bbox 1509 3621 1573 3661; x_wconf 89' lang='lat' dir='ltr'><strong>ac</strong></span> <span class='ocrx_word' id='word_1_480' title='bbox 1595 3608 1879 3664; x_wconf 86' lang='lat' dir='ltr'><strong>continere</strong></span> <span class='ocrx_word' id='word_1_481' title='bbox 1920 3609 1974 3663; x_wconf 89' lang='lat' dir='ltr'><strong>in</strong></span> <span class='ocrx_word' id='word_1_482' title='bbox 1998 3608 2182 3665; x_wconf 85' lang='lat' dir='ltr'><strong>officio</strong></span> <span class='ocrx_word' id='word_1_483' title='bbox 2222 3618 2417 3681; x_wconf 87' lang='lat' dir='ltr'><strong>potest,</strong></span> <span class='ocrx_word' id='word_1_484' title='bbox 2452 3616 2616 3675; x_wconf 84' lang='lat' dir='ltr'><strong>atque</strong></span> <span class='ocrx_word' id='word_1_485' title='bbox 2642 3606 2907 3676; x_wconf 88' lang='lat' dir='ltr'><strong>impedire</strong></span> <span class='ocrx_word' id='word_1_486' title='bbox 2927 3605 3092 3660; x_wconf 90' lang='lat' dir='ltr'><strong>etiam</strong></span> <span class='ocrx_word' id='word_1_487' title='bbox 3121 3613 3183 3659; x_wconf 91' lang='lat' dir='ltr'><strong>ut</strong></span> <span class='ocrx_word' id='word_1_488' title='bbox 3243 3620 3313 3661; x_wconf 88' lang='lat' dir='ltr'><strong>ne</strong></span> <span class='ocrx_word' id='word_1_489' title='bbox 3377 3604 3648 3675; x_wconf 76' lang='lat' dir='ltr'><strong>legitimos</strong></span> <span class='ocrx_word' id='word_1_490' title='bbox 3700 3611 3785 3653; x_wconf 77' lang='lat' dir='ltr'><strong>ex-</strong></span> 
     </span>
    </p>
   </div>
   <div class='ocr_carea' id='block_1_68' title="bbox 543 3691 3787 3769">
    <p class='ocr_par' dir='ltr' id='par_1_68' title="bbox 543 3691 3787 3769">
     <span class='ocr_line' id='line_1_68' title="bbox 543 3691 3787 3769; baseline -0.002 -16"><span class='ocrx_word' id='word_1_491' title='bbox 543 3701 787 3767; x_wconf 65' lang='lat' dir='ltr'><strong>traJines</strong></span> <span class='ocrx_word' id='word_1_492' title='bbox 812 3709 1137 3768; x_wconf 74' lang='lat' dir='ltr'><strong>evagentur,</strong></span> <span class='ocrx_word' id='word_1_493' title='bbox 1169 3698 1263 3750; x_wconf 84' lang='lat' dir='ltr'><strong>sed</strong></span> <span class='ocrx_word' id='word_1_494' title='bbox 1297 3704 1548 3751; x_wconf 87' lang='lat' dir='ltr'><strong>naturam</strong></span> <span class='ocrx_word' id='word_1_495' title='bbox 1581 3713 1809 3769; x_wconf 66' lang='lat' dir='ltr'><strong>quaeque</strong></span> <span class='ocrx_word' id='word_1_496' title='bbox 1828 3714 1982 3753; x_wconf 87' lang='lat' dir='ltr'><strong>suam</strong></span> <span class='ocrx_word' id='word_1_497' title='bbox 2004 3711 2278 3766; x_wconf 82' lang='lat' dir='ltr'><strong>servent;</strong></span> <span class='ocrx_word' id='word_1_498' title='bbox 2317 3714 2423 3755; x_wconf 92' lang='lat' dir='ltr'><strong>non</strong></span> <span class='ocrx_word' id='word_1_499' title='bbox 2461 3700 2607 3754; x_wconf 87' lang='lat' dir='ltr'><strong>enim</strong></span> <span class='ocrx_word' id='word_1_500' title='bbox 2664 3699 2799 3754; x_wconf 87' lang='lat' dir='ltr'><strong>satis</strong></span> <span class='ocrx_word' id='word_1_501' title='bbox 2864 3706 2949 3754; x_wconf 87' lang='lat' dir='ltr'><strong>est</strong></span> <span class='ocrx_word' id='word_1_502' title='bbox 2999 3700 3097 3752; x_wconf 87' lang='lat' dir='ltr'><strong>bas</strong></span> <span class='ocrx_word' id='word_1_503' title='bbox 3130 3698 3345 3753; x_wconf 81' lang='lat' dir='ltr'><strong>.solum</strong></span> <span class='ocrx_word' id='word_1_504' title='bbox 3395 3697 3638 3769; x_wconf 80' lang='lat' dir='ltr'><strong>cognitas</strong></span> <span class='ocrx_word' id='word_1_505' title='bbox 3703 3691 3787 3746; x_wconf 77' lang='lat' dir='ltr'><strong>ha‘</strong></span> 
     </span>
    </p>
   </div>
   <div class='ocr_carea' id='block_1_69' title="bbox 540 3789 3787 3862">
    <p class='ocr_par' dir='ltr' id='par_1_69' title="bbox 540 3789 3787 3862">
     <span class='ocr_line' id='line_1_69' title="bbox 540 3789 3787 3862; baseline -0.002 -17"><span class='ocrx_word' id='word_1_506' title='bbox 540 3796 670 3845; x_wconf 87' lang='lat' dir='ltr'><strong>bere</strong></span> <span class='ocrx_word' id='word_1_507' title='bbox 700 3792 946 3853; x_wconf 85' lang='lat' dir='ltr'><strong>virtutes,</strong></span> <span class='ocrx_word' id='word_1_508' title='bbox 978 3790 1072 3844; x_wconf 81' lang='lat' dir='ltr'><strong>sed</strong></span> <span class='ocrx_word' id='word_1_509' title='bbox 1117 3790 1337 3858; x_wconf 89' lang='lat' dir='ltr'><strong>insuper</strong></span> <span class='ocrx_word' id='word_1_510' title='bbox 1366 3789 1532 3844; x_wconf 87' lang='lat' dir='ltr'><strong>etiam</strong></span> <span class='ocrx_word' id='word_1_511' title='bbox 1553 3804 1662 3858; x_wconf 88' lang='lat' dir='ltr'><strong>quo</strong></span> <span class='ocrx_word' id='word_1_512' title='bbox 1693 3790 1814 3845; x_wconf 84' lang='lat' dir='ltr'><strong>illas</strong></span> <span class='ocrx_word' id='word_1_513' title='bbox 1861 3792 2113 3861; x_wconf 83' lang='lat' dir='ltr'><strong>persequi</strong></span> <span class='ocrx_word' id='word_1_514' title='bbox 2153 3807 2220 3848; x_wconf 88' lang='lat' dir='ltr'><strong>ac</strong></span> <span class='ocrx_word' id='word_1_515' title='bbox 2290 3806 2582 3862; x_wconf 87' lang='lat' dir='ltr'><strong>capessere</strong></span> <span class='ocrx_word' id='word_1_516' title='bbox 2640 3791 2804 3847; x_wconf 86' lang='lat' dir='ltr'><strong>modo</strong></span> <span class='ocrx_word' id='word_1_517' title='bbox 2832 3806 3023 3861; x_wconf 87' lang='lat' dir='ltr'><strong>queas,</strong></span> <span class='ocrx_word' id='word_1_518' title='bbox 3081 3800 3272 3846; x_wconf 89' lang='lat' dir='ltr'><strong>notum</strong></span> <span class='ocrx_word' id='word_1_519' title='bbox 3340 3792 3545 3847; x_wconf 78' lang='lat' dir='ltr'><strong>habere</strong></span> <span class='ocrx_word' id='word_1_520' title='bbox 3576 3791 3787 3857; x_wconf 82' lang='lat' dir='ltr'><strong>oportet.</strong></span> 
     </span>
    </p>
   </div>
   <div class='ocr_carea' id='block_1_70' title="bbox 615 3872 2131 3954">
    <p class='ocr_par' dir='ltr' id='par_1_70' title="bbox 615 3872 2131 3954">
     <span class='ocr_line' id='line_1_70' title="bbox 615 3872 2131 3954; baseline 0.002 -16"><span class='ocrx_word' id='word_1_521' title='bbox 615 3885 726 3938; x_wconf 86' lang='lat' dir='ltr'><strong>LII.</strong></span> <span class='ocrx_word' id='word_1_522' title='bbox 747 3886 876 3949; x_wconf 74' lang='lat' dir='ltr'><strong>Qua:</strong></span> <span class='ocrx_word' id='word_1_523' title='bbox 893 3872 1016 3938; x_wconf 85' lang='lat' dir='ltr'><strong>eum</strong></span> <span class='ocrx_word' id='word_1_524' title='bbox 1037 3884 1109 3937; x_wconf 89' lang='lat' dir='ltr'><strong>ita</strong></span> <span class='ocrx_word' id='word_1_525' title='bbox 1136 3893 1448 3953; x_wconf 85' lang='lat' dir='ltr'><strong>comparata</strong></span> <span class='ocrx_word' id='word_1_526' title='bbox 1472 3885 1602 3947; x_wconf 89' lang='lat' dir='ltr'><strong>sint,</strong></span> <span class='ocrx_word' id='word_1_527' title='bbox 1623 3898 1853 3954; x_wconf 87' lang='lat' dir='ltr'><strong>quanam</strong></span> <span class='ocrx_word' id='word_1_528' title='bbox 1872 3886 2131 3941; x_wconf 87' lang='lat' dir='ltr'><strong>harumce</strong></span> 
     </span>
    </p>
   </div>
   <div class='ocr_carea' id='block_1_71' title="bbox 545 3973 2128 4044">
    <p class='ocr_par' dir='ltr' id='par_1_71' title="bbox 545 3973 2128 4044">
     <span class='ocr_line' id='line_1_71' title="bbox 545 3973 2128 4044; baseline -0.001 -15"><span class='ocrx_word' id='word_1_529' title='bbox 545 3979 804 4029; x_wconf 79' lang='lat' dir='ltr'><strong>virtutum</strong></span> <span class='ocrx_word' id='word_1_530' title='bbox 831 3983 1014 4028; x_wconf 75' lang='lat' dir='ltr'><strong>noster</strong></span> <span class='ocrx_word' id='word_1_531' title='bbox 1028 3973 1262 4027; x_wconf 81' lang='lat' dir='ltr'><strong>maxime</strong></span> <span class='ocrx_word' id='word_1_532' title='bbox 1278 3974 1613 4042; x_wconf 68' lang='lat' dir='ltr'><strong>praestiterit,</strong></span> <span class='ocrx_word' id='word_1_533' title='bbox 1633 3973 1684 4027; x_wconf 91' lang='lat' dir='ltr'><strong>id</strong></span> <span class='ocrx_word' id='word_1_534' title='bbox 1709 3974 2128 4044; x_wconf 84' lang='lat' dir='ltr'><strong>haudquaquam</strong></span> 
     </span>
    </p>
   </div>
   <div class='ocr_carea' id='block_1_72' title="bbox 548 4064 2130 4136">
    <p class='ocr_par' dir='ltr' id='par_1_72' title="bbox 548 4064 2130 4136">
     <span class='ocr_line' id='line_1_72' title="bbox 548 4064 2130 4136; baseline 0.001 -15"><span class='ocrx_word' id='word_1_535' title='bbox 548 4080 855 4136; x_wconf 81' lang='lat' dir='ltr'><strong>promptum</strong></span> <span class='ocrx_word' id='word_1_536' title='bbox 892 4064 1054 4120; x_wconf 86' lang='lat' dir='ltr'><strong>fuerit</strong></span> <span class='ocrx_word' id='word_1_537' title='bbox 1087 4065 1289 4127; x_wconf 89' lang='lat' dir='ltr'><strong>dicere,</strong></span> <span class='ocrx_word' id='word_1_538' title='bbox 1322 4065 1474 4133; x_wconf 82' lang='lat' dir='ltr'><strong>paria</strong></span> <span class='ocrx_word' id='word_1_539' title='bbox 1491 4066 1636 4119; x_wconf 91' lang='lat' dir='ltr'><strong>enim</strong></span> <span class='ocrx_word' id='word_1_540' title='bbox 1675 4066 1764 4119; x_wconf 90' lang='lat' dir='ltr'><strong>ille</strong></span> <span class='ocrx_word' id='word_1_541' title='bbox 1795 4066 1993 4136; x_wconf 89' lang='lat' dir='ltr'><strong>ubique</strong></span> <span class='ocrx_word' id='word_1_542' title='bbox 2017 4082 2130 4122; x_wconf 83' lang='lat' dir='ltr'><strong>me—</strong></span> 
     </span>
    </p>
   </div>
   <div class='ocr_carea' id='block_1_73' title="bbox 552 4157 2122 4228">
    <p class='ocr_par' dir='ltr' id='par_1_73' title="bbox 552 4157 2122 4228">
     <span class='ocr_line' id='line_1_73' title="bbox 552 4157 2122 4228; baseline 0.001 -15"><span class='ocrx_word' id='word_1_543' title='bbox 552 4169 704 4213; x_wconf 87' lang='lat' dir='ltr'><strong>retur</strong></span> <span class='ocrx_word' id='word_1_544' title='bbox 749 4168 969 4227; x_wconf 72' lang='lat' dir='ltr'><strong>puncta,</strong></span> <span class='ocrx_word' id='word_1_545' title='bbox 1041 4157 1241 4227; x_wconf 85' lang='lat' dir='ltr'><strong>quippe</strong></span> <span class='ocrx_word' id='word_1_546' title='bbox 1305 4172 1414 4210; x_wconf 88' lang='lat' dir='ltr'><strong>non</strong></span> <span class='ocrx_word' id='word_1_547' title='bbox 1474 4170 1634 4211; x_wconf 88' lang='lat' dir='ltr'><strong>secus</strong></span> <span class='ocrx_word' id='word_1_548' title='bbox 1685 4169 1915 4215; x_wconf 70' lang='lat' dir='ltr'><strong>cunctas</strong></span> <span class='ocrx_word' id='word_1_549' title='bbox 1962 4174 2122 4228; x_wconf 87' lang='lat' dir='ltr'><strong>quam</strong></span> 
     </span>
    </p>
   </div>
   <div class='ocr_carea' id='block_1_74' title="bbox 549 4249 2129 4320">
    <p class='ocr_par' dir='ltr' id='par_1_74' title="bbox 549 4249 2129 4320">
     <span class='ocr_line' id='line_1_74' title="bbox 549 4249 2129 4320; baseline 0.003 -15"><span class='ocrx_word' id='word_1_550' title='bbox 549 4267 710 4306; x_wconf 80' lang='lat' dir='ltr'><strong>unam</strong></span> <span class='ocrx_word' id='word_1_551' title='bbox 744 4252 1076 4320; x_wconf 78' lang='lat' dir='ltr'><strong>quampiam,</strong></span> <span class='ocrx_word' id='word_1_552' title='bbox 1105 4264 1203 4305; x_wconf 89' lang='lat' dir='ltr'><strong>nec</strong></span> <span class='ocrx_word' id='word_1_553' title='bbox 1229 4264 1389 4303; x_wconf 86' lang='lat' dir='ltr'><strong>unam</strong></span> <span class='ocrx_word' id='word_1_554' title='bbox 1428 4249 1589 4304; x_wconf 85' lang='lat' dir='ltr'><strong>aliter</strong></span> <span class='ocrx_word' id='word_1_555' title='bbox 1621 4266 1687 4307; x_wconf 86' lang='lat' dir='ltr'><strong>ac</strong></span> <span class='ocrx_word' id='word_1_556' title='bbox 1718 4262 1970 4319; x_wconf 86' lang='lat' dir='ltr'><strong>cunctas,</strong></span> <span class='ocrx_word' id='word_1_557' title='bbox 2010 4269 2129 4309; x_wconf 88' lang='lat' dir='ltr'><strong>sec-</strong></span> 
     </span>
    </p>
   </div>
   <div class='ocr_carea' id='block_1_75' title="bbox 551 4342 2131 4414">
    <p class='ocr_par' dir='ltr' id='par_1_75' title="bbox 551 4342 2131 4414">
     <span class='ocr_line' id='line_1_75' title="bbox 551 4342 2131 4414; baseline 0.003 -16"><span class='ocrx_word' id='word_1_558' title='bbox 551 4346 654 4399; x_wconf 87' lang='lat' dir='ltr'><strong>tari</strong></span> <span class='ocrx_word' id='word_1_559' title='bbox 708 4346 878 4399; x_wconf 84' lang='lat' dir='ltr'><strong>visus.</strong></span> <span class='ocrx_word' id='word_1_560' title='bbox 927 4344 1105 4411; x_wconf 84' lang='lat' dir='ltr'><strong>Atque</strong></span> <span class='ocrx_word' id='word_1_561' title='bbox 1159 4342 1443 4411; x_wconf 83' lang='lat' dir='ltr'><strong>prudentia</strong></span> <span class='ocrx_word' id='word_1_562' title='bbox 1491 4343 1707 4411; x_wconf 84' lang='lat' dir='ltr'><strong>quidem</strong></span> <span class='ocrx_word' id='word_1_563' title='bbox 1773 4361 1944 4414; x_wconf 86' lang='lat' dir='ltr'><strong>usque</strong></span> <span class='ocrx_word' id='word_1_564' title='bbox 1996 4346 2131 4402; x_wconf 85' lang='lat' dir='ltr'><strong>adeo</strong></span> 
     </span>
    </p>
   </div>
   <div class='ocr_carea' id='block_1_76' title="bbox 556 4437 2132 4510">
    <p class='ocr_par' dir='ltr' id='par_1_76' title="bbox 556 4437 2132 4510">
     <span class='ocr_line' id='line_1_76' title="bbox 556 4437 2132 4510; baseline 0.002 -18"><span class='ocrx_word' id='word_1_565' title='bbox 556 4438 658 4507; x_wconf 89' lang='lat' dir='ltr'><strong>ipsi</strong></span> <span class='ocrx_word' id='word_1_566' title='bbox 683 4437 971 4492; x_wconf 79' lang='lat' dir='ltr'><strong>familiaris</strong></span> <span class='ocrx_word' id='word_1_567' title='bbox 996 4446 1134 4501; x_wconf 81' lang='lat' dir='ltr'><strong>erat,</strong></span> <span class='ocrx_word' id='word_1_568' title='bbox 1160 4444 1214 4490; x_wconf 89' lang='lat' dir='ltr'><strong>ut</strong></span> <span class='ocrx_word' id='word_1_569' title='bbox 1237 4451 1344 4490; x_wconf 83' lang='lat' dir='ltr'><strong>non</strong></span> <span class='ocrx_word' id='word_1_570' title='bbox 1368 4452 1590 4491; x_wconf 88' lang='lat' dir='ltr'><strong>suorum</strong></span> <span class='ocrx_word' id='word_1_571' title='bbox 1617 4439 1791 4493; x_wconf 85' lang='lat' dir='ltr'><strong>solum</strong></span> <span class='ocrx_word' id='word_1_572' title='bbox 1822 4442 2132 4510; x_wconf 71' lang='lat' dir='ltr'><strong>aequalium,</strong></span> 
     </span>
    </p>
   </div>
   <div class='ocr_carea' id='block_1_77' title="bbox 2311 3870 3789 3958">
    <p class='ocr_par' dir='ltr' id='par_1_77' title="bbox 2311 3870 3789 3958">
     <span class='ocr_line' id='line_1_77' title="bbox 2311 3870 3789 3958; baseline -0.003 -16"><span class='ocrx_word' id='word_1_573' title='bbox 2311 3890 2438 3942; x_wconf 86' lang='lat' dir='ltr'><strong>NB&#39;.</strong></span> <span class='ocrx_word' id='word_1_574' title='bbox 2466 3888 2623 3943; x_wconf 76' lang='grc' dir='ltr'><strong>οοτω</strong></span> <span class='ocrx_word' id='word_1_575' title='bbox 2639 3889 2694 3942; x_wconf 80' lang='grc' dir='ltr'>δὲ</span> <span class='ocrx_word' id='word_1_576' title='bbox 2709 3888 2915 3942; x_wconf 80' lang='grc' dir='ltr'>τούτων</span> <span class='ocrx_word' id='word_1_577' title='bbox 2929 3889 3313 3958; x_wconf 83' lang='grc' dir='ltr'><strong>διακειμένων,</strong></span> <span class='ocrx_word' id='word_1_578' title='bbox 3333 3870 3436 3943; x_wconf 70' lang='grc' dir='ltr'>οὐκ</span> <span class='ocrx_word' id='word_1_579' title='bbox 3455 3888 3616 3941; x_wconf 79' lang='grc' dir='ltr'>αὑτὸν</span> <span class='ocrx_word' id='word_1_580' title='bbox 3635 3882 3789 3938; x_wconf 73' lang='grc' dir='ltr'>ειπεῖν</span> 
     </span>
    </p>
   </div>
   <div class='ocr_carea' id='block_1_78' title="bbox 2236 3964 3793 4052">
    <p class='ocr_par' dir='ltr' id='par_1_78' title="bbox 2236 3964 3793 4052">
     <span class='ocr_line' id='line_1_78' title="bbox 2236 3964 3793 4052; baseline -0.006 -19"><span class='ocrx_word' id='word_1_581' title='bbox 2236 3980 2303 4034; x_wconf 82' lang='grc' dir='ltr'><strong>ἂν</strong></span> <span class='ocrx_word' id='word_1_582' title='bbox 2337 3981 2484 4051; x_wconf 79' lang='grc' dir='ltr'>έχοις</span> <span class='ocrx_word' id='word_1_583' title='bbox 2518 3980 2643 4034; x_wconf 86' lang='grc' dir='ltr'>καθ’</span> <span class='ocrx_word' id='word_1_584' title='bbox 2673 3982 2868 4052; x_wconf 74' lang='grc' dir='ltr'>ἥντινα</span> <span class='ocrx_word' id='word_1_585' title='bbox 2895 3983 3105 4035; x_wconf 84' lang='grc' dir='ltr'>τούτων</span> <span class='ocrx_word' id='word_1_586' title='bbox 3147 3982 3402 4052; x_wconf 68' lang='grc' dir='ltr'>ἐκράτει,</span> <span class='ocrx_word' id='word_1_587' title='bbox 3435 3964 3552 4034; x_wconf 71' lang='grc' dir='ltr'>ἀλλ’</span> <span class='ocrx_word' id='word_1_588' title='bbox 3581 3978 3793 4031; x_wconf 69' lang='grc' dir='ltr'>ἕκαστα-</span> 
     </span>
    </p>
   </div>
   <div class='ocr_carea' id='block_1_79' title="bbox 2234 4067 3790 4144">
    <p class='ocr_par' dir='ltr' id='par_1_79' title="bbox 2234 4067 3790 4144">
     <span class='ocr_line' id='line_1_79' title="bbox 2234 4067 3790 4144; baseline -0.001 -19"><span class='ocrx_word' id='word_1_589' title='bbox 2234 4071 2330 4142; x_wconf 83' lang='grc' dir='ltr'>χοῦ</span> <span class='ocrx_word' id='word_1_590' title='bbox 2379 4074 2480 4143; x_wconf 81' lang='grc' dir='ltr'><strong>τὴν</strong></span> <span class='ocrx_word' id='word_1_591' title='bbox 2512 4073 2635 4144; x_wconf 85' lang='grc' dir='ltr'>ῖσην</span> <span class='ocrx_word' id='word_1_592' title='bbox 2662 4074 2892 4144; x_wconf 77' lang='grc' dir='ltr'>ἐφέρετο</span> <span class='ocrx_word' id='word_1_593' title='bbox 2918 4072 3120 4143; x_wconf 77' lang='grc' dir='ltr'>ψῆφον,</span> <span class='ocrx_word' id='word_1_594' title='bbox 3149 4074 3225 4135; x_wconf 80' lang='grc' dir='ltr'>ὡς</span> <span class='ocrx_word' id='word_1_595' title='bbox 3268 4073 3408 4143; x_wconf 86' lang='grc' dir='ltr'>μίαν</span> <span class='ocrx_word' id='word_1_596' title='bbox 3461 4073 3561 4136; x_wconf 79' lang='grc' dir='ltr'>τὰς</span> <span class='ocrx_word' id='word_1_597' title='bbox 3606 4067 3790 4126; x_wconf 75' lang='grc' dir='ltr'>πάσας.</span> 
     </span>
    </p>
   </div>
   <div class='ocr_carea' id='block_1_80' title="bbox 2231 4160 3793 4235">
    <p class='ocr_par' dir='ltr' id='par_1_80' title="bbox 2231 4160 3793 4235">
     <span class='ocr_line' id='line_1_80' title="bbox 2231 4160 3793 4235; baseline -0.002 -17"><span class='ocrx_word' id='word_1_598' title='bbox 2231 4165 2390 4235; x_wconf 78' lang='grc' dir='ltr'>ἢτὴν</span> <span class='ocrx_word' id='word_1_599' title='bbox 2426 4164 2555 4233; x_wconf 87' lang='grc' dir='ltr'>μίαν</span> <span class='ocrx_word' id='word_1_600' title='bbox 2606 4164 2681 4228; x_wconf 84' lang='grc' dir='ltr'>ὼς</span> <span class='ocrx_word' id='word_1_601' title='bbox 2710 4167 2889 4229; x_wconf 81' lang='grc' dir='ltr'>πάσας</span> <span class='ocrx_word' id='word_1_602' title='bbox 2929 4165 3102 4218; x_wconf 85' lang='grc' dir='ltr'>δοκῶν</span> <span class='ocrx_word' id='word_1_603' title='bbox 3135 4166 3387 4235; x_wconf 78' lang='grc' dir='ltr'>μετιέναι</span> <span class='ocrx_word' id='word_1_604' title='bbox 3413 4180 3430 4197; x_wconf 80' lang='grc'><em>’</em></span> <span class='ocrx_word' id='word_1_605' title='bbox 3495 4160 3793 4233; x_wconf 68' lang='grc' dir='ltr'>φρονήσεως</span> 
     </span>
    </p>
   </div>
   <div class='ocr_carea' id='block_1_81' title="bbox 2239 4247 3796 4329">
    <p class='ocr_par' dir='ltr' id='par_1_81' title="bbox 2239 4247 3796 4329">
     <span class='ocr_line' id='line_1_81' title="bbox 2239 4247 3796 4329; baseline -0.003 -20"><span class='ocrx_word' id='word_1_606' title='bbox 2239 4257 2338 4327; x_wconf 74' lang='grc' dir='ltr'><strong>μὲν</strong></span> <span class='ocrx_word' id='word_1_607' title='bbox 2371 4256 2462 4310; x_wconf 78' lang='grc' dir='ltr'>οὖν</span> <span class='ocrx_word' id='word_1_608' title='bbox 2487 4255 2632 4310; x_wconf 72' lang='grc' dir='ltr'>οὕτω</span> <span class='ocrx_word' id='word_1_609' title='bbox 2656 4258 2833 4328; x_wconf 81' lang='grc' dir='ltr'>τούτῳ</span> <span class='ocrx_word' id='word_1_610' title='bbox 2867 4257 3169 4328; x_wconf 80' lang='grc' dir='ltr'>προσῆκεν,</span> <span class='ocrx_word' id='word_1_611' title='bbox 3222 4258 3302 4320; x_wconf 82' lang='grc' dir='ltr'>ὡς</span> <span class='ocrx_word' id='word_1_612' title='bbox 3355 4258 3433 4329; x_wconf 82' lang='grc' dir='ltr'>μὴ</span> <span class='ocrx_word' id='word_1_613' title='bbox 3492 4256 3653 4328; x_wconf 85' lang='grc' dir='ltr'>μόνον</span> <span class='ocrx_word' id='word_1_614' title='bbox 3697 4247 3796 4303; x_wconf 75' lang='grc' dir='ltr'>τῶν</span> 
     </span>
    </p>
   </div>
   <div class='ocr_carea' id='block_1_82' title="bbox 2238 4338 3795 4419">
    <p class='ocr_par' dir='ltr' id='par_1_82' title="bbox 2238 4338 3795 4419">
     <span class='ocr_line' id='line_1_82' title="bbox 2238 4338 3795 4419; baseline -0.002 -19"><span class='ocrx_word' id='word_1_615' title='bbox 2238 4346 2362 4400; x_wconf 66' lang='grc' dir='ltr'>καθ’</span> <span class='ocrx_word' id='word_1_616' title='bbox 2402 4347 2594 4411; x_wconf 74' lang='grc' dir='ltr'>αὑτὸν,</span> <span class='ocrx_word' id='word_1_617' title='bbox 2634 4347 2769 4401; x_wconf 73' lang='grc' dir='ltr'>ἀλλὰ</span> <span class='ocrx_word' id='word_1_618' title='bbox 2801 4349 2894 4402; x_wconf 72' lang='grc' dir='ltr'><strong>καὶ</strong></span> <span class='ocrx_word' id='word_1_619' title='bbox 2921 4348 3028 4401; x_wconf 84' lang='grc' dir='ltr'>τῶν</span> <span class='ocrx_word' id='word_1_620' title='bbox 3069 4349 3179 4419; x_wconf 73' lang='grc' dir='ltr'><strong>πρὸ</strong></span> <span class='ocrx_word' id='word_1_621' title='bbox 3236 4349 3411 4402; x_wconf 82' lang='grc' dir='ltr'>αὑτοῦ</span> <span class='ocrx_word' id='word_1_622' title='bbox 3467 4348 3683 4403; x_wconf 84' lang='grc' dir='ltr'>πάντων</span> <span class='ocrx_word' id='word_1_623' title='bbox 3733 4338 3795 4391; x_wconf 69' lang='grc' dir='ltr'>τὰ</span> 
     </span>
    </p>
   </div>
   <div class='ocr_carea' id='block_1_83' title="bbox 2239 4435 3796 4514">
    <p class='ocr_par' dir='ltr' id='par_1_83' title="bbox 2239 4435 3796 4514">
     <span class='ocr_line' id='line_1_83' title="bbox 2239 4435 3796 4514; baseline 0.001 -20"><span class='ocrx_word' id='word_1_624' title='bbox 2239 4444 2506 4511; x_wconf 75' lang='grc' dir='ltr'>πρεσϐεῖα</span> <span class='ocrx_word' id='word_1_625' title='bbox 2540 4443 2750 4508; x_wconf 81' lang='grc' dir='ltr'>λαϐεῖν,</span> <span class='ocrx_word' id='word_1_626' title='bbox 2781 4445 3041 4498; x_wconf 73' lang='grc' dir='ltr'>καὶκατὰ</span> <span class='ocrx_word' id='word_1_627' title='bbox 3067 4444 3269 4509; x_wconf 79' lang='grc' dir='ltr'>παντὸς</span> <span class='ocrx_word' id='word_1_628' title='bbox 3302 4446 3382 4514; x_wconf 71' lang='grc' dir='ltr'><strong>(Ξ)</strong></span> <span class='ocrx_word' id='word_1_629' title='bbox 3415 4442 3650 4513; x_wconf 75' lang='grc' dir='ltr'>ἄρασθαι</span> <span class='ocrx_word' id='word_1_630' title='bbox 3678 4435 3796 4506; x_wconf 81' lang='grc' dir='ltr'>κρά-</span> 
     </span>
    </p>
   </div>
   <div class='ocr_carea' id='block_1_84' title="bbox 553 4528 2128 4606">
    <p class='ocr_par' dir='ltr' id='par_1_84' title="bbox 553 4528 2126 4604">
     <span class='ocr_line' id='line_1_84' title="bbox 553 4528 2126 4604; baseline 0.003 -19"><span class='ocrx_word' id='word_1_631' title='bbox 553 4534 647 4586; x_wconf 85' lang='lat' dir='ltr'><strong>sed</strong></span> <span class='ocrx_word' id='word_1_632' title='bbox 682 4530 924 4583; x_wconf 82' lang='lat' dir='ltr'><strong>omnium</strong></span> <span class='ocrx_word' id='word_1_633' title='bbox 953 4528 1079 4582; x_wconf 86' lang='lat' dir='ltr'><strong>item</strong></span> <span class='ocrx_word' id='word_1_634' title='bbox 1108 4529 1199 4597; x_wconf 91' lang='lat' dir='ltr'><strong>qui</strong></span> <span class='ocrx_word' id='word_1_635' title='bbox 1233 4541 1391 4584; x_wconf 82' lang='lat' dir='ltr'><strong>antea</strong></span> <span class='ocrx_word' id='word_1_636' title='bbox 1436 4530 1672 4598; x_wconf 86' lang='lat' dir='ltr'><strong>fuerant,</strong></span> <span class='ocrx_word' id='word_1_637' title='bbox 1716 4530 1880 4588; x_wconf 80' lang='lat' dir='ltr'><strong>facile</strong></span> <span class='ocrx_word' id='word_1_638' title='bbox 1921 4534 2126 4604; x_wconf 81' lang='lat' dir='ltr'><strong>primas</strong></span> 
     </span>
    </p>
   </div>
   <div class='ocr_carea' id='block_1_85' title="bbox 2228 4528 3797 4606">
    <p class='ocr_par' dir='ltr' id='par_1_85' title="bbox 2232 4528 3797 4606">
     <span class='ocr_line' id='line_1_85' title="bbox 2232 4528 3797 4606; baseline -0.007 -17"><span class='ocrx_word' id='word_1_639' title='bbox 2232 4553 2323 4599; x_wconf 81' lang='grc' dir='ltr'><strong>τος</strong></span> <span class='ocrx_word' id='word_1_640' title='bbox 2351 4538 2444 4589; x_wconf 80' lang='grc' dir='ltr'><strong>καὶ</strong></span> <span class='ocrx_word' id='word_1_641' title='bbox 2478 4536 2797 4606; x_wconf 83' lang='grc' dir='ltr'>θαυμαστὸν</span> <span class='ocrx_word' id='word_1_642' title='bbox 2830 4537 2999 4606; x_wconf 83' lang='grc' dir='ltr'>ἄμφω</span> <span class='ocrx_word' id='word_1_643' title='bbox 3021 4535 3302 4604; x_wconf 81' lang='grc' dir='ltr'>γενέσθαι,</span> <span class='ocrx_word' id='word_1_644' title='bbox 3341 4538 3440 4590; x_wconf 74' lang='grc' dir='ltr'><strong>καὶ</strong></span> <span class='ocrx_word' id='word_1_645' title='bbox 3499 4528 3581 4596; x_wconf 73' lang='grc' dir='ltr'><strong>οἷς</strong></span> <span class='ocrx_word' id='word_1_646' title='bbox 3627 4528 3797 4583; x_wconf 76' lang='grc' dir='ltr'>τοῦτον</span> 
     </span>
    </p>
   </div>
   <div class='ocr_carea' id='block_1_86' title="bbox 554 4620 2129 4695">
    <p class='ocr_par' dir='ltr' id='par_1_86' title="bbox 554 4620 2129 4695">
     <span class='ocr_line' id='line_1_86' title="bbox 554 4620 2129 4695; baseline 0.003 -19"><span class='ocrx_word' id='word_1_647' title='bbox 554 4637 700 4676; x_wconf 91' lang='lat' dir='ltr'><strong>unus</strong></span> <span class='ocrx_word' id='word_1_648' title='bbox 724 4622 915 4685; x_wconf 85' lang='lat' dir='ltr'><strong>ferret,</strong></span> <span class='ocrx_word' id='word_1_649' title='bbox 952 4629 1008 4674; x_wconf 90' lang='lat' dir='ltr'><strong>et</strong></span> <span class='ocrx_word' id='word_1_650' title='bbox 1035 4620 1098 4675; x_wconf 90' lang='lat' dir='ltr'><strong>de</strong></span> <span class='ocrx_word' id='word_1_651' title='bbox 1128 4622 1273 4675; x_wconf 78' lang='lat' dir='ltr'><strong>enini</strong></span> <span class='ocrx_word' id='word_1_652' title='bbox 1312 4622 2129 4695; x_wconf 44' lang='lat' dir='ltr'><strong>sarctilorumtetustatetrium-</strong></span> 
     </span>
    </p>
   </div>
   <div class='ocr_carea' id='block_1_87' title="bbox 554 4714 2126 4787">
    <p class='ocr_par' dir='ltr' id='par_1_87' title="bbox 554 4714 2126 4787">
     <span class='ocr_line' id='line_1_87' title="bbox 554 4714 2126 4787; baseline 0.002 -18"><span class='ocrx_word' id='word_1_653' title='bbox 554 4717 767 4787; x_wconf 80' lang='lat' dir='ltr'><strong>pharct,</strong></span> <span class='ocrx_word' id='word_1_654' title='bbox 822 4723 1077 4782; x_wconf 87' lang='lat' dir='ltr'><strong>essetque</strong></span> <span class='ocrx_word' id='word_1_655' title='bbox 1132 4714 1379 4769; x_wconf 68' lang='lat' dir='ltr'><strong>bifariam</strong></span> <span class='ocrx_word' id='word_1_656' title='bbox 1434 4716 1703 4786; x_wconf 64' lang='lat' dir='ltr'><strong>praecipue</strong></span> <span class='ocrx_word' id='word_1_657' title='bbox 1765 4718 2126 4782; x_wconf 88' lang='lat' dir='ltr'><strong>admirabilis,</strong></span> 
     </span>
    </p>
   </div>
   <div class='ocr_carea' id='block_1_88' title="bbox 553 4807 2128 4881">
    <p class='ocr_par' dir='ltr' id='par_1_88' title="bbox 553 4807 2128 4881">
     <span class='ocr_line' id='line_1_88' title="bbox 553 4807 2128 4881; baseline 0.001 -18"><span class='ocrx_word' id='word_1_658' title='bbox 553 4819 666 4863; x_wconf 80' lang='lat' dir='ltr'><strong>tum</strong></span> <span class='ocrx_word' id='word_1_659' title='bbox 702 4807 843 4878; x_wconf 87' lang='lat' dir='ltr'><strong>quod</strong></span> <span class='ocrx_word' id='word_1_660' title='bbox 874 4821 1048 4861; x_wconf 63' lang='lat' dir='ltr'><strong>avum</strong></span> <span class='ocrx_word' id='word_1_661' title='bbox 1077 4808 1252 4875; x_wconf 87' lang='lat' dir='ltr'><strong>ipsum</strong></span> <span class='ocrx_word' id='word_1_662' title='bbox 1282 4819 1585 4877; x_wconf 84' lang='lat' dir='ltr'><strong>superarat,</strong></span> <span class='ocrx_word' id='word_1_663' title='bbox 1620 4819 1729 4863; x_wconf 90' lang='lat' dir='ltr'><strong>tum</strong></span> <span class='ocrx_word' id='word_1_664' title='bbox 1756 4813 1902 4881; x_wconf 88' lang='lat' dir='ltr'><strong>quod</strong></span> <span class='ocrx_word' id='word_1_665' title='bbox 1935 4813 1988 4865; x_wconf 79' lang='lat' dir='ltr'><strong>in</strong></span> <span class='ocrx_word' id='word_1_666' title='bbox 2011 4822 2128 4865; x_wconf 87' lang='lat' dir='ltr'><strong>tan-</strong></span> 
     </span>
    </p>
   </div>
   <div class='ocr_carea' id='block_1_89' title="bbox 555 4899 2132 4970">
    <p class='ocr_par' dir='ltr' id='par_1_89' title="bbox 555 4899 2132 4970">
     <span class='ocr_line' id='line_1_89' title="bbox 555 4899 2132 4970; baseline 0.003 -18"><span class='ocrx_word' id='word_1_667' title='bbox 555 4911 667 4952; x_wconf 89' lang='lat' dir='ltr'><strong>tum</strong></span> <span class='ocrx_word' id='word_1_668' title='bbox 695 4909 998 4968; x_wconf 86' lang='lat' dir='ltr'><strong>superarat,</strong></span> <span class='ocrx_word' id='word_1_669' title='bbox 1036 4908 1303 4968; x_wconf 85' lang='lat' dir='ltr'><strong>quantum</strong></span> <span class='ocrx_word' id='word_1_670' title='bbox 1335 4899 1551 4955; x_wconf 87' lang='lat' dir='ltr'><strong>nescire</strong></span> <span class='ocrx_word' id='word_1_671' title='bbox 1585 4916 1745 4957; x_wconf 89' lang='lat' dir='ltr'><strong>nemo</strong></span> <span class='ocrx_word' id='word_1_672' title='bbox 1780 4903 1972 4970; x_wconf 89' lang='lat' dir='ltr'><strong>possit.</strong></span> <span class='ocrx_word' id='word_1_673' title='bbox 2013 4904 2132 4957; x_wconf 81' lang='lat' dir='ltr'><strong>Pri-</strong></span> 
     </span>
    </p>
   </div>
   <div class='ocr_carea' id='block_1_90' title="bbox 556 4989 2136 5062">
    <p class='ocr_par' dir='ltr' id='par_1_90' title="bbox 556 4989 2136 5062">
     <span class='ocr_line' id='line_1_90' title="bbox 556 4989 2136 5062; baseline 0.003 -19"><span class='ocrx_word' id='word_1_674' title='bbox 556 5005 705 5043; x_wconf 89' lang='lat' dir='ltr'><strong>mum</strong></span> <span class='ocrx_word' id='word_1_675' title='bbox 739 4991 883 5043; x_wconf 82' lang='lat' dir='ltr'><strong>enim</strong></span> <span class='ocrx_word' id='word_1_676' title='bbox 926 5004 990 5041; x_wconf 79' lang='lat' dir='ltr'><strong>cx</strong></span> <span class='ocrx_word' id='word_1_677' title='bbox 1019 4989 1082 5042; x_wconf 88' lang='lat' dir='ltr'><strong>iis</strong></span> <span class='ocrx_word' id='word_1_678' title='bbox 1116 5003 1237 5059; x_wconf 65' lang='lat' dir='ltr'><strong>quae</strong></span> <span class='ocrx_word' id='word_1_679' title='bbox 1259 4990 1371 5058; x_wconf 82' lang='lat' dir='ltr'><strong>ipse</strong></span> <span class='ocrx_word' id='word_1_680' title='bbox 1400 4991 1464 5047; x_wconf 87' lang='lat' dir='ltr'><strong>de</strong></span> <span class='ocrx_word' id='word_1_681' title='bbox 1505 4993 1686 5062; x_wconf 83' lang='lat' dir='ltr'><strong>seipse</strong></span> <span class='ocrx_word' id='word_1_682' title='bbox 1720 4995 1997 5049; x_wconf 84' lang='lat' dir='ltr'><strong>hominum</strong></span> <span class='ocrx_word' id='word_1_683' title='bbox 2019 5011 2136 5049; x_wconf 87' lang='lat' dir='ltr'><strong>om-</strong></span> 
     </span>
    </p>
   </div>
   <div class='ocr_carea' id='block_1_91' title="bbox 557 5081 2139 5151">
    <p class='ocr_par' dir='ltr' id='par_1_91' title="bbox 557 5081 2139 5151">
     <span class='ocr_line' id='line_1_91' title="bbox 557 5081 2139 5151; baseline 0.004 -16"><span class='ocrx_word' id='word_1_684' title='bbox 557 5085 705 5135; x_wconf 88' lang='lat' dir='ltr'><strong>nium</strong></span> <span class='ocrx_word' id='word_1_685' title='bbox 742 5081 1109 5151; x_wconf 88' lang='lat' dir='ltr'><strong>pulcherrime</strong></span> <span class='ocrx_word' id='word_1_686' title='bbox 1136 5082 1329 5135; x_wconf 80' lang='lat' dir='ltr'><strong>statuit</strong></span> <span class='ocrx_word' id='word_1_687' title='bbox 1357 5097 1421 5137; x_wconf 86' lang='lat' dir='ltr'><strong>ac</strong></span> <span class='ocrx_word' id='word_1_688' title='bbox 1442 5083 1689 5151; x_wconf 74' lang='lat' dir='ltr'><strong>perfecit,</strong></span> <span class='ocrx_word' id='word_1_689' title='bbox 1730 5094 1967 5141; x_wconf 83' lang='lat' dir='ltr'><strong>nostram</strong></span> <span class='ocrx_word' id='word_1_690' title='bbox 1998 5087 2139 5142; x_wconf 85' lang='lat' dir='ltr'><strong>hanc</strong></span> 
     </span>
    </p>
   </div>
   <div class='ocr_carea' id='block_1_92' title="bbox 555 5171 2138 5234">
    <p class='ocr_par' dir='ltr' id='par_1_92' title="bbox 555 5171 2138 5234">
     <span class='ocr_line' id='line_1_92' title="bbox 555 5171 2138 5234; baseline 0.005 -8"><span class='ocrx_word' id='word_1_691' title='bbox 555 5173 883 5228; x_wconf 86' lang='lat' dir='ltr'><strong>sententiam</strong></span> <span class='ocrx_word' id='word_1_692' title='bbox 922 5171 1198 5225; x_wconf 87' lang='lat' dir='ltr'><strong>luculente</strong></span> <span class='ocrx_word' id='word_1_693' title='bbox 1224 5173 1549 5232; x_wconf 70' lang='lat' dir='ltr'><strong>confirmat:</strong></span> <span class='ocrx_word' id='word_1_694' title='bbox 1574 5176 1720 5232; x_wconf 87' lang='lat' dir='ltr'><strong>nullo</strong></span> <span class='ocrx_word' id='word_1_695' title='bbox 1761 5177 2011 5233; x_wconf 81' lang='lat' dir='ltr'><strong>videlicet</strong></span> <span class='ocrx_word' id='word_1_696' title='bbox 2047 5180 2138 5234; x_wconf 86' lang='lat' dir='ltr'><strong>ille</strong></span> 
     </span>
    </p>
   </div>
   <div class='ocr_carea' id='block_1_93' title="bbox 549 5265 2136 5335">
    <p class='ocr_par' dir='ltr' id='par_1_93' title="bbox 549 5265 2136 5335">
     <span class='ocr_line' id='line_1_93' title="bbox 549 5265 2136 5335; baseline 0.006 -18"><span class='ocrx_word' id='word_1_697' title='bbox 549 5282 711 5319; x_wconf 65' lang='lat' dir='ltr'><strong>vana!</strong></span> <span class='ocrx_word' id='word_1_698' title='bbox 750 5265 959 5333; x_wconf 78' lang='lat' dir='ltr'><strong>gloriae,</strong></span> <span class='ocrx_word' id='word_1_699' title='bbox 992 5276 1045 5318; x_wconf 90' lang='lat' dir='ltr'><strong>et</strong></span> <span class='ocrx_word' id='word_1_700' title='bbox 1074 5267 1350 5333; x_wconf 73' lang='lat' dir='ltr'><strong>putentize,</strong></span> <span class='ocrx_word' id='word_1_701' title='bbox 1375 5275 1430 5320; x_wconf 90' lang='lat' dir='ltr'><strong>et</strong></span> <span class='ocrx_word' id='word_1_702' title='bbox 1469 5270 1736 5335; x_wconf 74' lang='lat' dir='ltr'><strong>superbia:</strong></span> <span class='ocrx_word' id='word_1_703' title='bbox 1770 5270 1949 5325; x_wconf 89' lang='lat' dir='ltr'><strong>studio</strong></span> <span class='ocrx_word' id='word_1_704' title='bbox 1975 5272 2136 5326; x_wconf 75' lang='lat' dir='ltr'><strong>duce-</strong></span> 
     </span>
    </p>
   </div>
   <div class='ocr_carea' id='block_1_94' title="bbox 564 5355 2133 5427">
    <p class='ocr_par' dir='ltr' id='par_1_94' title="bbox 564 5355 2133 5427">
     <span class='ocr_line' id='line_1_94' title="bbox 564 5355 2133 5427; baseline 0.004 -18"><span class='ocrx_word' id='word_1_705' title='bbox 564 5360 742 5411; x_wconf 82' lang='lat' dir='ltr'><strong>batur.</strong></span> <span class='ocrx_word' id='word_1_706' title='bbox 777 5356 892 5409; x_wconf 85' lang='lat' dir='ltr'><strong>Non</strong></span> <span class='ocrx_word' id='word_1_707' title='bbox 939 5357 1161 5408; x_wconf 81' lang='lat' dir='ltr'><strong>intidutn</strong></span> <span class='ocrx_word' id='word_1_708' title='bbox 1201 5355 1347 5409; x_wconf 82' lang='lat' dir='ltr'><strong>illum</strong></span> <span class='ocrx_word' id='word_1_709' title='bbox 1388 5369 1443 5409; x_wconf 89' lang='lat' dir='ltr'><strong>et</strong></span> <span class='ocrx_word' id='word_1_710' title='bbox 1493 5359 1734 5427; x_wconf 82' lang='lat' dir='ltr'><strong>fugacem</strong></span> <span class='ocrx_word' id='word_1_711' title='bbox 1767 5361 1975 5416; x_wconf 83' lang='lat' dir='ltr'><strong>colebat</strong></span> <span class='ocrx_word' id='word_1_712' title='bbox 2009 5360 2133 5415; x_wconf 83' lang='lat' dir='ltr'><strong>Plit-</strong></span> 
     </span>
    </p>
   </div>
   <div class='ocr_carea' id='block_1_95' title="bbox 548 5447 2136 5525">
    <p class='ocr_par' dir='ltr' id='par_1_95' title="bbox 548 5447 2136 5525">
     <span class='ocr_line' id='line_1_95' title="bbox 548 5447 2136 5525; baseline 0.004 -24"><span class='ocrx_word' id='word_1_713' title='bbox 548 5458 700 5525; x_wconf 18' lang='lat' dir='ltr'><strong>‘llllll,</strong></span> <span class='ocrx_word' id='word_1_714' title='bbox 762 5448 910 5502; x_wconf 88' lang='lat' dir='ltr'><strong>illum</strong></span> <span class='ocrx_word' id='word_1_715' title='bbox 959 5447 1225 5500; x_wconf 80' lang='lat' dir='ltr'><strong>scelerum</strong></span> <span class='ocrx_word' id='word_1_716' title='bbox 1274 5449 1490 5513; x_wconf 73' lang='lat' dir='ltr'><strong>ducem,</strong></span> <span class='ocrx_word' id='word_1_717' title='bbox 1536 5448 1916 5518; x_wconf 80' lang='lat' dir='ltr'><strong>buttarmnquc</strong></span> <span class='ocrx_word' id='word_1_718' title='bbox 1956 5467 2136 5509; x_wconf 81' lang='lat' dir='ltr'><strong>rerum</strong></span> 
     </span>
    </p>
   </div>
   <div class='ocr_carea' id='block_1_96' title="bbox 559 5536 2142 5613">
    <p class='ocr_par' dir='ltr' id='par_1_96' title="bbox 559 5536 2142 5613">
     <span class='ocr_line' id='line_1_96' title="bbox 559 5536 2142 5613; baseline 0.006 -22"><span class='ocrx_word' id='word_1_719' title='bbox 559 5543 795 5593; x_wconf 78' lang='lat' dir='ltr'><strong>ouinitnn</strong></span> <span class='ocrx_word' id='word_1_720' title='bbox 832 5553 1167 5603; x_wconf 85' lang='lat' dir='ltr'><strong>eversorem,</strong></span> <span class='ocrx_word' id='word_1_721' title='bbox 1192 5550 1249 5593; x_wconf 84' lang='lat' dir='ltr'><strong>ut</strong></span> <span class='ocrx_word' id='word_1_722' title='bbox 1275 5540 1353 5593; x_wconf 87' lang='lat' dir='ltr'><strong>sic</strong></span> <span class='ocrx_word' id='word_1_723' title='bbox 1384 5555 1507 5595; x_wconf 88' lang='lat' dir='ltr'><strong>cum</strong></span> <span class='ocrx_word' id='word_1_724' title='bbox 1535 5536 1769 5610; x_wconf 78' lang='lat' dir='ltr'><strong>quodam</strong></span> <span class='ocrx_word' id='word_1_725' title='bbox 1799 5541 1990 5611; x_wconf 85' lang='lat' dir='ltr'><strong>loquar</strong></span> <span class='ocrx_word' id='word_1_726' title='bbox 2015 5558 2142 5613; x_wconf 85' lang='lat' dir='ltr'><strong>poe-</strong></span> 
     </span>
    </p>
   </div>
   <div class='ocr_carea' id='block_1_97' title="bbox 637 5672 1181 5739">
    <p class='ocr_par' dir='ltr' id='par_1_97' title="bbox 637 5672 1181 5739">
     <span class='ocr_line' id='line_1_97' title="bbox 637 5672 1181 5739; baseline 0.004 -14"><span class='ocrx_word' id='word_1_727' title='bbox 637 5672 681 5703; x_wconf 72' lang='lat'>”</span> <span class='ocrx_word' id='word_1_728' title='bbox 715 5672 854 5728; x_wconf 81' lang='lat' dir='ltr'><strong>Psal.</strong></span> <span class='ocrx_word' id='word_1_729' title='bbox 897 5688 1091 5739; x_wconf 74' lang='grc' dir='ltr'>ωιιιιιι,</span> <span class='ocrx_word' id='word_1_730' title='bbox 1126 5673 1181 5727; x_wconf 90' lang='lat'><strong>8.</strong></span> 
     </span>
    </p>
   </div>
   <div class='ocr_carea' id='block_1_98' title="bbox 633 5804 1189 5873">
    <p class='ocr_par' dir='ltr' id='par_1_98' title="bbox 633 5804 1189 5873">
     <span class='ocr_line' id='line_1_98' title="bbox 633 5804 1189 5873; baseline 0.005 -15"><span class='ocrx_word' id='word_1_731' title='bbox 633 5807 709 5873; x_wconf 66' lang='grc' dir='ltr'><strong>(Ι)</strong></span> <span class='ocrx_word' id='word_1_732' title='bbox 747 5804 819 5860; x_wconf 84' lang='lat' dir='ltr'><strong>De</strong></span> <span class='ocrx_word' id='word_1_733' title='bbox 850 5804 1068 5871; x_wconf 84' lang='lat' dir='ltr'><strong>Republ.</strong></span> <span class='ocrx_word' id='word_1_734' title='bbox 1098 5805 1189 5861; x_wconf 78' lang='lat' dir='ltr'><strong>IX.</strong></span> 
     </span>
    </p>
   </div>
   <div class='ocr_carea' id='block_1_99' title="bbox 636 5897 2226 5970">
    <p class='ocr_par' dir='ltr' id='par_1_99' title="bbox 636 5897 2226 5970">
     <span class='ocr_line' id='line_1_99' title="bbox 636 5897 2226 5970; baseline 0.003 -18"><span class='ocrx_word' id='word_1_735' title='bbox 636 5900 711 5968; x_wconf 59' lang='lat'><strong>(‘2)</strong></span> <span class='ocrx_word' id='word_1_736' title='bbox 741 5899 893 5952; x_wconf 83' lang='lat' dir='ltr'><strong>Addo</strong></span> <span class='ocrx_word' id='word_1_737' title='bbox 922 5898 1014 5952; x_wconf 68' lang='grc' dir='ltr'><strong>τοῦ</strong></span> <span class='ocrx_word' id='word_1_738' title='bbox 1049 5900 1264 5963; x_wconf 77' lang='grc' dir='ltr'>αἰῶνος,</span> <span class='ocrx_word' id='word_1_739' title='bbox 1299 5910 1388 5954; x_wconf 90' lang='lat' dir='ltr'><strong>aut</strong></span> <span class='ocrx_word' id='word_1_740' title='bbox 1420 5897 1509 5951; x_wconf 79' lang='grc' dir='ltr'><strong>τοῦ</strong></span> <span class='ocrx_word' id='word_1_741' title='bbox 1538 5900 1729 5970; x_wconf 78' lang='grc' dir='ltr'>χρόνου</span> <span class='ocrx_word' id='word_1_742' title='bbox 1759 5908 1818 5955; x_wconf 87' lang='grc' dir='ltr'><strong>ιιι</strong></span> <span class='ocrx_word' id='word_1_743' title='bbox 1849 5916 1997 5955; x_wconf 91' lang='lat' dir='ltr'><strong>num.</strong></span> <span class='ocrx_word' id='word_1_744' title='bbox 2036 5900 2226 5958; x_wconf 74' lang='lat' dir='ltr'><strong>XLVI.</strong></span> 
     </span>
    </p>
   </div>
   <div class='ocr_carea' id='block_1_100' title="bbox 2235 4621 3794 4697">
    <p class='ocr_par' dir='ltr' id='par_1_100' title="bbox 2235 4621 3794 4697">
     <span class='ocr_line' id='line_1_100' title="bbox 2235 4621 3794 4697; baseline -0.005 -16"><span class='ocrx_word' id='word_1_745' title='bbox 2235 4627 2530 4697; x_wconf 84' lang='grc' dir='ltr'>ὑπερέσχε,</span> <span class='ocrx_word' id='word_1_746' title='bbox 2587 4630 2681 4680; x_wconf 81' lang='grc' dir='ltr'>καὶ</span> <span class='ocrx_word' id='word_1_747' title='bbox 2704 4621 2788 4688; x_wconf 76' lang='grc' dir='ltr'><strong>οἷς</strong></span> <span class='ocrx_word' id='word_1_748' title='bbox 2818 4643 2882 4694; x_wconf 91' lang='grc' dir='ltr'><strong>γε</strong></span> <span class='ocrx_word' id='word_1_749' title='bbox 2909 4627 3170 4680; x_wconf 76' lang='grc' dir='ltr'>τοσοῦτον</span> <span class='ocrx_word' id='word_1_750' title='bbox 3188 4668 3204 4691; x_wconf 89' lang='grc'><strong>,</strong></span> <span class='ocrx_word' id='word_1_751' title='bbox 3247 4627 3378 4679; x_wconf 83' lang='grc' dir='ltr'>ὅσον</span> <span class='ocrx_word' id='word_1_752' title='bbox 3403 4627 3507 4680; x_wconf 72' lang='grc' dir='ltr'><strong>οὐκ</strong></span> <span class='ocrx_word' id='word_1_753' title='bbox 3555 4625 3620 4677; x_wconf 77' lang='grc' dir='ltr'>ἂν</span> <span class='ocrx_word' id='word_1_754' title='bbox 3649 4621 3794 4684; x_wconf 79' lang='grc' dir='ltr'>ἁγνο-</span> 
     </span>
    </p>
   </div>
   <div class='ocr_carea' id='block_1_101' title="bbox 2234 4707 3798 4790">
    <p class='ocr_par' dir='ltr' id='par_1_101' title="bbox 2234 4707 3798 4790">
     <span class='ocr_line' id='line_1_101' title="bbox 2234 4707 3798 4790; baseline -0.002 -19"><span class='ocrx_word' id='word_1_755' title='bbox 2234 4721 2414 4790; x_wconf 77' lang='grc' dir='ltr'>ῆσαι·</span> <span class='ocrx_word' id='word_1_756' title='bbox 2445 4711 2665 4788; x_wconf 79' lang='grc' dir='ltr'>πρῶτον</span> <span class='ocrx_word' id='word_1_757' title='bbox 2696 4718 2935 4789; x_wconf 78' lang='grc' dir='ltr'>μὲνγὰρ</span> <span class='ocrx_word' id='word_1_758' title='bbox 2987 4719 3047 4783; x_wconf 84' lang='grc' dir='ltr'>ἐξ</span> <span class='ocrx_word' id='word_1_759' title='bbox 3099 4713 3175 4779; x_wconf 79' lang='grc' dir='ltr'>ὧν</span> <span class='ocrx_word' id='word_1_760' title='bbox 3234 4719 3369 4788; x_wconf 76' lang='grc' dir='ltr'>περὶ</span> <span class='ocrx_word' id='word_1_761' title='bbox 3427 4713 3596 4773; x_wconf 67' lang='grc' dir='ltr'>αὗτυῦ</span> <span class='ocrx_word' id='word_1_762' title='bbox 3648 4707 3798 4768; x_wconf 68' lang='grc' dir='ltr'>αὐτὸς</span> 
     </span>
    </p>
   </div>
   <div class='ocr_carea' id='block_1_102' title="bbox 2236 4801 3794 4881">
    <p class='ocr_par' dir='ltr' id='par_1_102' title="bbox 2236 4801 3794 4881">
     <span class='ocr_line' id='line_1_102' title="bbox 2236 4801 3794 4881; baseline -0.003 -17"><span class='ocrx_word' id='word_1_763' title='bbox 2236 4810 2482 4864; x_wconf 77' lang='grc' dir='ltr'>κάλλιστ’</span> <span class='ocrx_word' id='word_1_764' title='bbox 2526 4810 2833 4881; x_wconf 82' lang='grc' dir='ltr'>ἀνθρώπων</span> <span class='ocrx_word' id='word_1_765' title='bbox 2893 4811 3035 4878; x_wconf 71' lang='grc' dir='ltr'>ἔγνω</span> <span class='ocrx_word' id='word_1_766' title='bbox 3074 4811 3170 4863; x_wconf 79' lang='grc' dir='ltr'>καὶ</span> <span class='ocrx_word' id='word_1_767' title='bbox 3201 4811 3615 4879; x_wconf 79' lang='grc' dir='ltr'>κατεπράξατο,</span> <span class='ocrx_word' id='word_1_768' title='bbox 3649 4801 3794 4871; x_wconf 58' lang='grc' dir='ltr'>δῆλον</span> 
     </span>
    </p>
   </div>
   <div class='ocr_carea' id='block_1_103' title="bbox 2238 4893 3799 4973">
    <p class='ocr_par' dir='ltr' id='par_1_103' title="bbox 2238 4893 3799 4973">
     <span class='ocr_line' id='line_1_103' title="bbox 2238 4893 3799 4973; baseline -0.001 -14"><span class='ocrx_word' id='word_1_769' title='bbox 2238 4906 2266 4959; x_wconf 83' lang='grc' dir='ltr'><strong>ὃ</strong></span> <span class='ocrx_word' id='word_1_770' title='bbox 2296 4907 2438 4973; x_wconf 80' lang='grc' dir='ltr'>λέγω</span> <span class='ocrx_word' id='word_1_771' title='bbox 2463 4907 2652 4958; x_wconf 79' lang='grc' dir='ltr'>ποιεῖ’</span> <span class='ocrx_word' id='word_1_772' title='bbox 2689 4905 2749 4957; x_wconf 83' lang='grc' dir='ltr'><strong>οὐ</strong></span> <span class='ocrx_word' id='word_1_773' title='bbox 2786 4904 2952 4973; x_wconf 78' lang='grc' dir='ltr'>κενῆς</span> <span class='ocrx_word' id='word_1_774' title='bbox 3001 4903 3160 4970; x_wconf 77' lang='grc' dir='ltr'>δόξης</span> <span class='ocrx_word' id='word_1_775' title='bbox 3204 4904 3303 4956; x_wconf 72' lang='grc' dir='ltr'>καὶ</span> <span class='ocrx_word' id='word_1_776' title='bbox 3352 4899 3675 4957; x_wconf 81' lang='grc' dir='ltr'>δυναστείας</span> <span class='ocrx_word' id='word_1_777' title='bbox 3715 4893 3799 4946; x_wconf 59' lang='grc' dir='ltr'><strong>καὶ</strong></span> 
     </span>
    </p>
   </div>
   <div class='ocr_carea' id='block_1_104' title="bbox 2241 4983 3800 5066">
    <p class='ocr_par' dir='ltr' id='par_1_104' title="bbox 2241 4983 3800 5066">
     <span class='ocr_line' id='line_1_104' title="bbox 2241 4983 3800 5066; baseline -0.01 -15"><span class='ocrx_word' id='word_1_778' title='bbox 2241 4995 2411 5063; x_wconf 79' lang='grc' dir='ltr'>τύφου</span> <span class='ocrx_word' id='word_1_779' title='bbox 2444 4997 2736 5064; x_wconf 77' lang='grc' dir='ltr'>γενόμενος</span> <span class='ocrx_word' id='word_1_780' title='bbox 2767 4996 3028 5066; x_wconf 75' lang='grc' dir='ltr'>ἐραστὴς,</span> <span class='ocrx_word' id='word_1_781' title='bbox 3066 4994 3175 5047; x_wconf 73' lang='grc' dir='ltr'>οὐδ’</span> <span class='ocrx_word' id='word_1_782' title='bbox 3207 4993 3615 5062; x_wconf 80' lang='grc' dir='ltr'>ἀσπασάμενος</span> <span class='ocrx_word' id='word_1_783' title='bbox 3645 4983 3800 5039; x_wconf 63' lang='lat' dir='ltr'><strong>ultr)-</strong></span> 
     </span>
    </p>
   </div>
   <div class='ocr_carea' id='block_1_105' title="bbox 2236 5072 3797 5156">
    <p class='ocr_par' dir='ltr' id='par_1_105' title="bbox 2236 5072 3797 5156">
     <span class='ocr_line' id='line_1_105' title="bbox 2236 5072 3797 5156; baseline -0.009 -17"><span class='ocrx_word' id='word_1_784' title='bbox 2236 5103 2328 5139; x_wconf 88' lang='grc' dir='ltr'><strong>τον</strong></span> <span class='ocrx_word' id='word_1_785' title='bbox 2373 5086 2463 5140; x_wconf 76' lang='grc' dir='ltr'>τὸν</span> <span class='ocrx_word' id='word_1_786' title='bbox 2499 5090 2730 5141; x_wconf 78' lang='grc' dir='ltr'>ἄπιστον</span> <span class='ocrx_word' id='word_1_787' title='bbox 2784 5087 2880 5140; x_wconf 75' lang='grc' dir='ltr'>καὶ</span> <span class='ocrx_word' id='word_1_788' title='bbox 2928 5085 3229 5156; x_wconf 77' lang='grc' dir='ltr'>δραπέτην,</span> <span class='ocrx_word' id='word_1_789' title='bbox 3273 5086 3373 5137; x_wconf 79' lang='grc' dir='ltr'>καὶ</span> <span class='ocrx_word' id='word_1_790' title='bbox 3410 5082 3653 5154; x_wconf 71' lang='grc' dir='ltr'>ἀρχηγὸν</span> <span class='ocrx_word' id='word_1_791' title='bbox 3701 5072 3797 5126; x_wconf 73' lang='grc' dir='ltr'>τῶν</span> 
     </span>
    </p>
   </div>
   <div class='ocr_carea' id='block_1_106' title="bbox 2237 5162 3799 5249">
    <p class='ocr_par' dir='ltr' id='par_1_106' title="bbox 2237 5162 3799 5249">
     <span class='ocr_line' id='line_1_106' title="bbox 2237 5162 3799 5249; baseline -0.001 -19"><span class='ocrx_word' id='word_1_792' title='bbox 2237 5179 2447 5245; x_wconf 81' lang='grc' dir='ltr'>κακῶν,</span> <span class='ocrx_word' id='word_1_793' title='bbox 2507 5179 2601 5232; x_wconf 73' lang='grc' dir='ltr'><strong>καὶ</strong></span> <span class='ocrx_word' id='word_1_794' title='bbox 2629 5180 2806 5233; x_wconf 87' lang='grc' dir='ltr'>πάντα</span> <span class='ocrx_word' id='word_1_795' title='bbox 2830 5178 3175 5249; x_wconf 81' lang='grc' dir='ltr'>χαλέπτοντα</span> <span class='ocrx_word' id='word_1_796' title='bbox 3208 5178 3354 5230; x_wconf 84' lang='grc' dir='ltr'>κατά</span> <span class='ocrx_word' id='word_1_797' title='bbox 3389 5192 3520 5230; x_wconf 89' lang='grc' dir='ltr'>τινα</span> <span class='ocrx_word' id='word_1_798' title='bbox 3565 5162 3799 5233; x_wconf 67' lang='grc' dir='ltr'>ποιητὴνο</span> 
     </span>
    </p>
   </div>
   <div class='ocr_carea' id='block_1_107' title="bbox 2239 5260 3797 5339">
    <p class='ocr_par' dir='ltr' id='par_1_107' title="bbox 2239 5260 3797 5339">
     <span class='ocr_line' id='line_1_107' title="bbox 2239 5260 3797 5339; baseline -0.001 -17"><span class='ocrx_word' id='word_1_799' title='bbox 2239 5270 2352 5323; x_wconf 82' lang='grc' dir='ltr'><strong>οὐδ’</strong></span> <span class='ocrx_word' id='word_1_800' title='bbox 2382 5270 2561 5324; x_wconf 78' lang='grc' dir='ltr'>ἄλλων</span> <span class='ocrx_word' id='word_1_801' title='bbox 2599 5288 2663 5339; x_wconf 82' lang='grc' dir='ltr'><strong>γε</strong></span> <span class='ocrx_word' id='word_1_802' title='bbox 2726 5271 2939 5332; x_wconf 68' lang='grc' dir='ltr'>οὐδενὸς</span> <span class='ocrx_word' id='word_1_803' title='bbox 2983 5269 3094 5322; x_wconf 83' lang='grc' dir='ltr'>οὐδ’</span> <span class='ocrx_word' id='word_1_804' title='bbox 3129 5269 3381 5327; x_wconf 86' lang='grc' dir='ltr'>ὁντινοῦν</span> <span class='ocrx_word' id='word_1_805' title='bbox 3441 5260 3797 5332; x_wconf 65' lang='grc' dir='ltr'>ποιησάμενος</span> 
     </span>
    </p>
   </div>
   <div class='ocr_carea' id='block_1_108' title="bbox 2238 5342 3796 5434">
    <p class='ocr_par' dir='ltr' id='par_1_108' title="bbox 2238 5342 3796 5434">
     <span class='ocr_line' id='line_1_108' title="bbox 2238 5342 3796 5434; baseline -0.018 -6"><span class='ocrx_word' id='word_1_806' title='bbox 2238 5361 2418 5427; x_wconf 79' lang='grc' dir='ltr'>λόγον,</span> <span class='ocrx_word' id='word_1_807' title='bbox 2448 5363 2551 5415; x_wconf 86' lang='grc' dir='ltr'>ὅσα</span> <span class='ocrx_word' id='word_1_808' title='bbox 2572 5364 2695 5426; x_wconf 78' lang='grc' dir='ltr'>τοὺς</span> <span class='ocrx_word' id='word_1_809' title='bbox 2714 5363 3154 5434; x_wconf 68' lang='grc' dir='ltr'>προστετηκότας</span> <span class='ocrx_word' id='word_1_810' title='bbox 3191 5360 3435 5425; x_wconf 80' lang='grc' dir='ltr'>ἀπάγειν</span> <span class='ocrx_word' id='word_1_811' title='bbox 3494 5351 3600 5407; x_wconf 70' lang='grc' dir='ltr'>οἶδε</span> <span class='ocrx_word' id='word_1_812' title='bbox 3639 5342 3796 5402; x_wconf 60' lang='lat'><strong>8‘05&#39;</strong></span> 
     </span>
    </p>
   </div>
   <div class='ocr_carea' id='block_1_109' title="bbox 2242 5441 3799 5528">
    <p class='ocr_par' dir='ltr' id='par_1_109' title="bbox 2242 5441 3799 5528">
     <span class='ocr_line' id='line_1_109' title="bbox 2242 5441 3799 5528; baseline 0.001 -21"><span class='ocrx_word' id='word_1_813' title='bbox 2242 5454 2381 5508; x_wconf 73' lang='grc' dir='ltr'>ἀλλὰ</span> <span class='ocrx_word' id='word_1_814' title='bbox 2409 5456 2471 5508; x_wconf 76' lang='grc' dir='ltr'><strong>τὸ</strong></span> <span class='ocrx_word' id='word_1_815' title='bbox 2501 5456 2644 5525; x_wconf 84' lang='grc' dir='ltr'>μέγα</span> <span class='ocrx_word' id='word_1_816' title='bbox 2680 5459 2776 5511; x_wconf 80' lang='grc' dir='ltr'><strong>καὶ</strong></span> <span class='ocrx_word' id='word_1_817' title='bbox 2806 5457 3210 5528; x_wconf 77' lang='grc' dir='ltr'>περιμάχητον,</span> <span class='ocrx_word' id='word_1_818' title='bbox 3242 5457 3338 5515; x_wconf 66' lang='grc' dir='ltr'>καὶ</span> <span class='ocrx_word' id='word_1_819' title='bbox 3368 5452 3534 5524; x_wconf 84' lang='grc' dir='ltr'>μόνον</span> <span class='ocrx_word' id='word_1_820' title='bbox 3564 5448 3639 5511; x_wconf 81' lang='grc' dir='ltr'><strong>ὡς</strong></span> <span class='ocrx_word' id='word_1_821' title='bbox 3677 5441 3799 5509; x_wconf 84' lang='grc' dir='ltr'><strong>ἀλη⁶</strong></span> 
     </span>
    </p>
   </div>
   <div class='ocr_carea' id='block_1_110' title="bbox 2240 5543 3800 5621">
    <p class='ocr_par' dir='ltr' id='par_1_110' title="bbox 2240 5543 3800 5621">
     <span class='ocr_line' id='line_1_110' title="bbox 2240 5543 3800 5621; baseline -0.006 -22"><span class='ocrx_word' id='word_1_822' title='bbox 2240 5546 2348 5609; x_wconf 76' lang='grc' dir='ltr'>θῶς</span> <span class='ocrx_word' id='word_1_823' title='bbox 2404 5547 2694 5609; x_wconf 81' lang='grc' dir='ltr'>θεσπέσιον</span> <span class='ocrx_word' id='word_1_824' title='bbox 2729 5550 2920 5621; x_wconf 72' lang='grc' dir='ltr'>χρῆμα</span> <span class='ocrx_word' id='word_1_825' title='bbox 2986 5551 3086 5621; x_wconf 77' lang='grc' dir='ltr'>τὴν</span> <span class='ocrx_word' id='word_1_826' title='bbox 3137 5547 3342 5620; x_wconf 79' lang='grc' dir='ltr'>ἀρετὴν</span> <span class='ocrx_word' id='word_1_827' title='bbox 3390 5546 3469 5610; x_wconf 78' lang='grc' dir='ltr'>ὥς</span> <span class='ocrx_word' id='word_1_828' title='bbox 3538 5543 3645 5613; x_wconf 82' lang='grc' dir='ltr'><strong>πέρ</strong></span> <span class='ocrx_word' id='word_1_829' title='bbox 3690 5547 3800 5590; x_wconf 79' lang='grc' dir='ltr'>τινα</span> 
     </span>
    </p>
   </div>
  </div>
