4028 6434
291 377 397 444 96)
1246 386 1643 449 LAUDATIO
1683 386 1746 447 S.
1781 384 1865 443 οι

1971 386 2164 447 milii
2203 390 2613 453 TIIEOLOGI.
3466 396 3574 457 £70

290 493 540 559 ξύνοικον
579 496 838 566 ἑλόμενος
869 497 1071 567 ἑαυτῷ,
1112 500 1207 553 καὶ
1247 501 1461 570 ταύτης
1498 501 1590 554 τὸν
1622 501 1727 555 ὑπὸ
1758 500 1864 568 γῆν

1976 511 2024 555 ta
2059 505 2157 567 (2).
2189 505 2305 559 Non
2331 507 2468 560 alius
2501 507 2576 561 rei
2610 504 2792 571 ullius,
2824 506 2889 560 de
2934 505 3004 561 iis
3053 519 3175 575 Quae
3203 505 3303 561 sibi
3334 507 3521 562 amatos
3542 524 3572 565 ι

287 602 349 640 τε
389 586 484 640 καὶ
518 588 661 658 ὑπὲρ
692 588 796 657 γῆν
831 589 1031 661 χρυσον
1056 592 1157 646 ούκ
1188 592 1442 661 ἀντάξιον
1467 594 1686 666 κρίνας,
1719 595 1864 649 κατά

1982 594 2094 652 Deo
2119 597 2418 662 abducunt,
2442 599 2605 653 ullam
2651 599 2865 669 penitus
2898 598 3164 653 rationem
3194 597 3448 654 habebat.
3467 600 3573 654 Sed

290 678 382 732 τὸν
410 679 694 745 Πλάτωνος
728 680 909 750 λόγον,
958 684 1209 757 ῥᾳστώνῃ
1263 686 1435 759 πολλῇ
1494 689 1672 760 διῆγε,
1727 688 1863 744 Θεοῦ

1974 702 2087 745 rem
2119 690 2358 743 omnium
2384 690 2699 752 maximam,
2746 690 3086 759 summisque
3134 689 3367 756 viribus,
3391 699 3444 745 et
3486 706 3549 746 so

294 771 580 837 ξυνουσίαν
607 775 688 838 είς
717 773 864 828 ἀπαν
892 777 1447 847 πραγματευόμενος.

1971 786 2073 840 lam
2110 778 2363 850 profecto
2399 781 2661 844 divinam,
2707 779 2990 844 virtutem,
3047 782 3102 835 in
3154 781 3587 835 contubernium-

292 871 446 918 Suum
471 867 810 933 adsciscens,
837 869 1023 940 illique
1058 887 1263 925 omnem
1289 874 1415 927 auri
1432 874 1537 927 vim
1559 890 1677 945 qua:
1701 878 1795 932 sub
1832 888 1997 945 terra,
2024 885 2118 933 aut
2142 891 2300 944 super
2327 884 2521 927 terram
2546 882 2643 938 est,
2668 873 2878 928 minime
2902 872 3323 944 comparandam
3348 862 3567 938 ducens,

291 970 359 1009 ex
399 956 661 1009 sententia
686 956 924 1012 Platonis
953 959 1052 1026 (De
1083 960 1311 1030 legibus,
1361 962 1501 1019 libro
1523 967 1719 1034 quinto
1740 968 1809 1022 ab
1842 968 2044 1039 initio),
2085 968 2224 1022 bene
2286 979 2419 1020 sane
2471 965 2736 1036 beateque
2784 964 3000 1036 agebat,
3055 967 3196 1041 etin
3240 964 3567 1020 familiarem

293 1049 385 1104 Dei
412 1054 853 1107 consuetudinem
910 1070 1073 1111 omne
1118 1059 1358 1113 studium
1382 1074 1715 1132 omnemque
1760 1080 1981 1134 operam
2018 1062 2359 1120 conferebat.

361 1190 488 1242 Nl".
524 1189 737 1243 Ἐπειτ’
767 1192 824 1244 ὲν
857 1192 1064 1260 λόγοις,
1095 1196 1181 1258 τίς
1213 1194 1311 1265 μὲν
1345 1194 1520 1262 οὕτως
1544 1192 1730 1253 ὦπται
1765 1200 1865 1254 τῶι

2047 1198 2176 1253 Llll.
2204 1198 2404 1254 Deinde
2437 1199 2490 1253 in
2529 1199 2872 1255 orationibus
2923 1199 3278 1255 conﬁciendis
3307 1201 3432 1267 quis
3467 1217 3567 1254 un-

294 1284 515 1336 πάντων
531 1282 756 1351 γόνιμος
774 1283 1086 1353 καὶξδεινὸς,
1105 1289 1202 1339 καὶ
1225 1288 1354 1354 ὀξὺς
1377 1291 1471 1343 καὶ
1489 1290 1766 1361 ἀγχίνους,
1783 1292 1865 1344 καλ

1974 1308 2139 1362 quam
2167 1293 2475 1346 mortalium
2501 1291 2636 1345 adeo
2671 1291 2958 1357 fecuudus,
2992 1300 3046 1346 et
3089 1308 3237 1359 acer,
3267 1303 3319 1346 et
3345 1303 3561 1360 acutus,

289 1378 369 1443 τῷ
396 1378 515 1446 ἡδεῖ
541 1378 602 1431 τὸ
661 1381 910 1434 ποικίλον
965 1384 1359 1454 συμμεμιχὼς,
1405 1388 1500 1441 καὶ
1550 1387 1727 1460 ταύτῃ
1782 1387 1865 1439 τὸν

1976 1396 2035 1438 et
2091 1384 2331 1448 subtilis,
2369 1384 2548 1439 adhuc
2577 1384 2872 1452 apparuit?
2928 1383 3050 1451 quis
3095 1385 3429 1438 suavitatem
3462 1402 3563 1437 va-

292 1469 572 1539 ἁκροατὴν
605 1468 862 1537 ὲξιστάςς
890 1473 975 1535 τίς
1032 1474 1088 1528 δὲ
1141 1468 1275 1545 πρὸς
1322 1479 1505 1542 πάσας
1567 1478 1765 1549 βουλάς
1809 1497 1872 1533 τε

296 1565 395 1614 καὶ
437 1564 664 1630 πράξεις
698 1564 872 1626 οὕτως
904 1565 1255 1635 ἑτοιμότατα
1278 1573 1377 1625 καὶ
1419 1571 1686 1625 κάλλιστα
1713 1572 1872 1643 ἔχων,

288 1656 368 1718 ὡς
412 1657 675 1732 μήτετὰς
705 1655 903 1726 βουλάς
957 1658 1063 1724 ἔξω
1101 1659 1197 1713 τοῦ
1255 1659 1614 1732 λογιζομένου
1662 1681 1727 1717 τε
1779 1666 1875 1719 καὶ

290 1746 524 1818 δοκίμου
552 1731 646 1801 καὶ
672 1749 956 1817 ἀσφαλοῦς
988 1750 1352 1816 καθεστάναι,
1388 1731 1528 1824 μήτε
1574 1755 1674 1818 τάς
1732 1757 1876 1823 πρά-

294 1840 410 1904 ξεις
434 1842 603 1895 ἐνδεῖν
629 1841 738 1895 τῶν
771 1842 1001 1912 βουλῶν,
1036 1844 1173 1898 ἀλλά
1234 1846 1596 1914 καταλλήλως
1665 1849 1879 1902 παντάο

292 1950 464 1988 πασιν
495 1933 644 2003 ἔχειν
671 1951 686 1965 ·
719 1936 841 1988 insi.
869 1937 962 1989 καὶ
1001 1938 1062 1989 τὸ
1092 1937 1321 2006 γεγονὸς
1351 1939 1408 1991 ἓν
1436 1939 1722 2010 Σασίμοις.
1776 1940 1875 1995 καὶ

292 2024 356 2078 τὸ
399 2024 497 2094 μὲν
525 2020 621 2078 οὖν
669 2025 769 2095 τὴν
819 2027 1166 2096 χειροτονίαν
1220 2027 1297 2090 ὼς
1368 2028 1546 2097 ῥᾷστα
1600 2027 1870 2098 δεδέχθαι,

290 2116 422 2187 μήτ’
470 2118 818 2181 ἀντιστάντα,
895 2118 1020 2189 μήθ’
1073 2119 1211 2183 ὅλως
1269 2121 1450 2173 ὁτιοῦν
1519 2120 1872 2186 ἀντειπόντα,

296 2208 442 2262 αἰδοῖ
508 2209 749 2279 μεγίστῃ
806 2208 905 2263 τοῦ
965 2210 1418 2280 προϐαλλομένου
1472 2213 1565 2264 καὶ
1605 2211 1878 2281 χρίοντος,

296 2299 494 2353 αὐτίκα
526 2298 582 2351 δὲ
605 2300 782 2353 ταῦτα
811 2302 1135 2355 καταλιπεῖν
1165 2304 1260 2354 καὶ
1288 2303 1506 2371 χαίρειν
1546 2303 1733 2367 ἐᾶσαι,
1781 2302 1877 2355 καὶ

296 2390 424 2460 μηδ’
459 2389 707 2460 ἡντινοῦν
767 2393 1106 2463 ἐπιστροφὴν
1161 2392 1521 2461 πεποιῆσθαι..
1586 2393 1703 2457 πῶς
1775 2393 1876 2447 οὐκ

295 2480 365 2533 ἂν
398 2480 589 2551 ἀνδρὸς
613 2481 689 2544 ὡς
723 2482 939 2550 ἐγῷμαι
969 2482 1191 2536 συνέσει
1224 2483 1514 2553 θαυμαστῇ
1585 2483 1873 2555 κεχρημέο

294 2588 391 2624 νου
419 2573 512 2624 καὶ
539 2573 606 2626 τά
632 2574 853 2641 μεγάλα
887 2576 1026 2628 πᾶσι
1057 2576 1155 2629 καὶ
1196 2576 1491 2641 δοκοῦντος
1549 2577 1644 2630 καὶ
1699 2577 1872 2643 ὄντος,

295 2662 378 2734 μὴ
402 2662 728 2735 βουλομένου
778 2666 858 2731 δὲ,
916 2668 1052 2738 μήτε
1099 2667 1193 2720 τὸν
1239 2667 1529 2738 σύμπνουν
1572 2669 1674 2739 τῆς
1737 2669 1875 2741 πρὸς

291 2755 453 2811 τοῦτο
483 2760 839 2829 καινοτομίας
881 2762 956 2828 (λι)
987 2760 1170 2815 αἰτίαν
1199 2763 1315 2824 τοῖς
1372 2761 1556 2825 ἄλλοις
1615 2762 1866 2832 ὑπέχειν,

292 2849 611 2920 μήθάὐτδν
636 2854 996 2921 νεμεσᾶσθαι,
1035 2856 1086 2907 εί
1141 2856 1324 2908 πᾶσαν
1385 2853 1485 2924 τὴν
1537 2856 1873 2925 οἰκουμένην

292 2937 355 2995 εὖ
394 2946 566 2996 ποιεῖν
594 2943 754 3014 ἔχων,
784 2944 979 2999 ἔπειτα
1017 2946 1275 3017 πνιγηρῷ
1307 2946 1405 3000 καὶ
1435 2947 1716 3018 αὐχμηρῷ
1774 2947 1872 3000 καὶ

1977 1477 2174 1529 rictate
2203 1488 2358 1543 atque
2404 1475 2633 1538 condiit,
2668 1489 2839 1544 eaque
2892 1476 3103 1529 ratione
3156 1476 3465 1531 auditorem
3508 1480 3564 1531 in

1981 1580 2260 1633 Stuporem
2288 1566 2575 1621 traduxit!
2598 1565 2721 1635 quis
2751 1567 2818 1620 ad
2843 1567 3025 1621 omnia
3058 1585 3179 1637 quae
3206 1569 3259 1622 in
3287 1570 3566 1623 consulta-

1984 1660 2184 1710 tionem
2217 1657 2596 1726 actionemque
2635 1658 2883 1721 veniunt,
2918 1668 3093 1728 usque
3125 1662 3260 1715 adeo
3313 1671 3566 1730 prompte

1986 1757 2152 1816 atque
2206 1749 2434 1818 pulchre
2496 1749 2796 1802 instructus
2844 1764 3064 1818 semper
3090 1749 3221 1814 fuit,
3269 1764 3330 1806 ut
3390 1767 3566 1821 neque

1983 1838 2220 1893 consilia
2252 1840 2320 1892 ab
2346 1853 2413 1892 eo
2456 1840 2604 1907 quod
2657 1839 2942 1893 subductae
2978 1840 3176 1894 rationi
3209 1844 3484 1907 convenit,
3511 1853 3566 1899 et

1978 1931 2210 2002 probutn
2240 1946 2303 1985 ac
2330 1938 2508 1984 tntum
2542 1942 2647 1995 eSI,
2684 1931 3019 1986 dissiderent
3103 1948 3283 2002 neque
3309 1935 3558 1989 actiones

1981 2025 2096 2080 suis
2129 2028 2387 2080 cederent
2415 2025 2688 2089 consiliis,
2728 2027 2823 2081 sed
2862 2035 3054 2078 mutuo
3095 2024 3202 2079 sibi
3244 2041 3342 2095 per
3380 2028 3561 2080 omnia

1976 2116 2366 2170 convenirent.
2422 2115 2701 2184 Siquidem
2753 2114 2902 2184 quod
2960 2115 3193 2170 Sasimis
3251 2118 3560 2179 accidebat,

1980 2207 2240 2260 nimirum
2291 2215 2349 2259 ut
2397 2222 2520 2260 cum
2570 2221 2676 2261 non
2728 2218 2952 2276 gravate
3003 2206 3358 2277 pontiﬁcatus
3406 2208 3560 2262 init-ia

1978 2298 2336 2367 suscepisset,
2391 2297 2528 2351 nihil
2574 2312 2906 2367 repugnans,
2939 2310 3031 2352 aut
3056 2299 3289 2351 otttuiuo
3330 2309 3561 2354 contra-

1979 2390 2191 2459 dicens,
2227 2391 2298 2444 ob
2338 2405 2612 2445 summam
2646 2391 2904 2446 videlicet
2927 2390 3321 2456 inaugurantis
3345 2408 3561 2461 ungen-

1978 2485 2160 2550 tisque
2184 2486 2571 2549 reverentiam,
2632 2500 2755 2539 mox
2791 2494 2973 2540 tamen
3001 2487 3193 2541 eadem
3225 2488 3555 2555 relinqueret

1977 2586 2031 2630 et
2068 2576 2250 2631 valere
2279 2578 2510 2639 sineret,
2547 2576 2795 2644 nihilque
2824 2576 2892 2631 de
2918 2577 2984 2630 iis
3023 2578 3321 2643 laboraret,
3356 2593 3466 2645 quo
3503 2579 3555 2633 id

1980 2669 2198 2723 tandem
2251 2669 2412 2723 modo
2467 2681 2573 2721 non
2628 2668 2754 2732 viri,
2811 2678 2868 2721 ut
2921 2670 3182 2733 arbitror,
3245 2670 3556 2726 incredibiii

1973 2759 2265 2831 prudentia
2317 2760 2530 2827 praediti
2583 2759 2769 2825 luerit,
2802 2767 2863 2814 et
2907 2760 3001 2829 qui
3052 2762 3276 2815 maximi
3332 2763 3555 2832 quidem

1975 2854 2228 2907 omnibus
2257 2852 2418 2922 pretii
2471 2866 2594 2906 cum
2650 2851 2947 2916 videretur,
2997 2861 3112 2906 tum
3149 2868 3335 2908 revera
3368 2864 3553 2923 esset;

1976 2947 2069 2999 sed
2103 2945 2193 3015 qui
2232 2945 2403 2999 nollet
2439 2953 2621 2998 tamen
2658 2954 2758 2998 aut
2786 2944 3031 2999 sodalem
3059 2960 3219 3000 suum
3244 2947 3555 3018 (Basiliam)

290 3033 594 3105 θορυῦιῦδει
620 3037 715 3090 καὶ
738 3036 930 3109 φαύλῳ
952 3040 1065 3102 τοῖς
1091 3040 1233 3103 ὅλοις
1270 3040 1461 3110 χωρίῳ
1511 3039 1611 3092 καὶ
1658 3039 1865 3104 οὐδενὸς

1979 3036 2167 3091 nescio
2184 3037 2347 3103 cujus
2375 3049 2530 3089 novae
2554 3049 2618 3089 ea
2652 3034 2707 3089 in
2746 3050 2806 3089 re
2832 3036 3134 3090 molitionis
3164 3036 3379 3105 culpam
3414 3040 3554 3105 apud

292 3126 552 3191 καθάπαξ
577 3127 734 3199 ἀξίῳ,
788 3130 973 3201 φέρων
1008 3131 1369 3185 κατέκλεισεν
1410 3132 1622 3196 ἑαυτὸν,
1681 3130 1872 3201 ὥσπερ

294 3217 607 3286 βασκαίνων
632 3221 968 3291 ἀνθρώπως,
998 3223 1050 3276 εί
1089 3222 1199 3277 τῶν
1225 3222 1390 3277 αὐτοῦ
1423 3224 1667 3294 χαρίτων
1696 3223 1871 3293 μετά-

293 3329 492 3383 σχοιεν.

1971 3128 2105 3184 alios
2142 3128 2438 3194 sustinere,
2483 3135 2576 3182 aut
2606 3129 2964 3197 semetipsum
3010 3128 3157 3183 haud
3190 3129 3390 3199 injuria
3434 3130 3553 3184 ideo

1973 3221 2332 3293 reprehendi,
2371 3219 2421 3274 si
2458 3220 2547 3290 qui
2579 3219 3003 3290 praeclarissime
3031 3221 3099 3274 de
3120 3220 3394 3275 ~ttttiverso
3420 3220 3554 3274 orbe

1970 3325 2244 3372 terrarum
2272 3304 2469 3368 mereri
2497 3322 2736 3384 poterat,
2758 3313 2850 3369 ille
2864 3314 3179 3370 conclusum
3200 3315 3550 3382 semetipsum

289 3417 518 3473 teneret,
551 3408 603 3462 in
645 3410 844 3478 angulo
876 3409 1018 3466 adeo
1067 3419 1327 3476 estuoso,
1366 3419 1423 3466 et
1480 3411 1758 3482 squalido.
1803 3419 1861 3467 et
1896 3409 2236 3475 turbulento,
2267 3415 2322 3463 et
2345 3408 2587 3476 undique
2630 3407 3126 3478 contemptissimo,
3184 3418 3239 3461 et
3277 3407 3370 3478 qui
3405 3409 3553 3462 nouo

291 3518 515 3573 prorsus
560 3520 790 3560 numero
819 3516 988 3574 esset,
1016 3506 1172 3576 quasi
1223 3509 1269 3561 si
1323 3507 1593 3562 bonorum
1644 3522 1865 3562 suorum
1908 3521 2068 3561 usum
2094 3503 2409 3559 hominibus
2445 3502 2736 3558 invideret.

367 3640 484 3696 NA'.
509 3643 619 3698 Καὶ
654 3643 760 3715 μὴν
790 3643 851 3698 τὸ
888 3642 958 3696 τὰ
989 3643 1090 3714 μὲν
1122 3642 1398 3714 προσόντα
1436 3640 1732 3709 συναύξειν
1782 3644 1865 3694 εί-

283 3732 441 3787 δέναι
462 3734 568 3786 τῶν
602 3731 827 3800 ἀγαθῶν
857 3734 954 3800 καὶ
989 3731 1168 3802 μείζω
1211 3731 1307 3784 καὶ
1352 3731 1528 3783 πλείω
1562 3731 1765 3793 ποιεῖν,
1793 3727 1863 3782 τὰ

288 3824 338 3879 δ’
373 3825 435 3879 οὐ
472 3823 741 3895 προσόντα
776 3823 896 3892 μὲν,
947 3818 1035 3876 οἷα
1065 3821 1110 3876 δ’
1141 3822 1206 3877 ἂν
1247 3822 1648 3893 προσγενέσθαι
1695 3836 1864 3891 προσ·

288 3914 578 3983 επινοῆσαι
620 3915 715 3966 καὶ
735 3913 1129 3983 προσεξευρεῖν
1152 3930 1211 3966 τε
1250 3912 1350 3966 καὶ
1383 3908 1860 3984 κατεργάσασθαι,

283 4012 424 4081 περὶ
452 4009 495 4063 δ’
522 4005 587 4062 αὖ
616 4009 725 4061 τῶν
750 4009 1016 4061 ἐναντίων
1045 4006 1143 4060 καὶ
1177 4006 1384 4077 ἑτέρων
1428 4006 1543 4069 τοῖς
1590 4004 1862 4068 ἐναντίοις

286 4101 613 4175 κεχρῆσθαι,
643 4100 748 4152 τίνι
774 4098 975 4169 μᾶλλον
1008 4097 1234 4169 ἢτούτῳ
1264 4095 1671 4167 κατώρθωταις
1708 4097 1771 4150 Ei
1799 4094 1860 4148 δὲ

286 4192 468 4246 καὶτὸ
505 4191 605 4262 μὲν
658 4193 726 4245 τὰ
775 4192 982 4261 ἀρχαῖα
1033 4190 1322 4257 κατάκρας
1379 4187 1603 4251 ειδέναι,
1657 4188 1861 4256 γνῶσιν

285 4286 344 4339 δὲ
376 4285 580 4337 τούτων
609 4283 815 4354 ἀκριϐῆ
840 4281 1202 4353 πεπορίσθαι,
1234 4281 1332 4335 καὶ
1365 4280 1533 4351 μηδὲν
1565 4281 1645 4345 ὼς
1679 4282 1860 4334 εἰπεῖν

2043 3640 2182 3696 LIV.
2232 3639 2354 3695 Jant
2412 3653 2582 3711 porro
2646 3638 2770 3709 quis
2820 3653 3059 3709 unquam
3104 3638 3324 3697 felicius
3363 3651 3552 3695 nostra

1969 3733 2288 3803 rectiusque
2344 3741 2525 3800 norat,
2594 3733 2713 3786 sive
2767 3733 3064 3800 praesentia
3122 3747 3325 3802 augere
3382 3733 3547 3797 bona,

1970 3826 2348 3896 amplioraque
2389 3825 2580 3880 eadem
2616 3834 2782 3895 atque
2811 3824 3122 3894 copiosiora
3157 3824 3397 3888 edicere,
3434 3828 3551 3881 sive

1969 3918 2241 3983 absentia,
2289 3917 2388 3974 sed
2438 3916 2729 3989 parabilia,
2780 3917 3059 3988 sagaciter
3109 3916 3446 3987 excogitare,
3495 3928 3551 3975 ct

1968 4011 2308 4074 adinvenire,
2328 4020 2384 4066 et
2408 4022 2746 4079 comparare,
2767 4009 2881 4064 sive
2907 4008 2961 4063 in
2979 4009 3271 4064 contrariis
3292 4016 3353 4065 et
3381 4010 3551 4065 alius-

1968 4102 2118 4158 modi
2167 4101 2335 4157 rebus
2362 4100 2555 4157 dextre
2587 4100 2665 4154 uti
2696 4099 2988 4156 contrariis
3022 4098 3284 4156 Hiursus
3310 4102 3356 4153 si
3412 4102 3552 4157 auti-

1967 4211 2076 4266 qua
2110 4195 2293 4250 omnia
2325 4193 2577 4266 perfecte
2610 4200 2822 4258 tenere,
2856 4206 3152 4261 rerumque
3178 4190 3303 4260 ejus
3333 4193 3551 4262 generis

1967 4289 2302 4360 exquisitam
2336 4293 2696 4341 consecutum
2723 4298 2846 4339 esse
2866 4284 3179 4347 scientiam,
3217 4294 3382 4355 atque
3412 4285 3550 4341 adeo

285 4380 400 4431 τῶν
432 4378 543 4437 τοῖς
558 4376 810 4439 παλαιοῖς
835 4375 1148 4447 εἰρημένων
1192 4373 1290 4428 καὶ
1316 4371 1731 4444 πεπραγμένων
1750 4370 1858 4438 ἔξω

1971 4380 2106 4435 nihil
2135 4375 2534 4448 propemodum
2579 4388 2769 4429 eorum
2800 4388 2921 4442 quae
2948 4374 3177 4441 pulchre
3204 4373 3273 4428 ab
3302 4377 3549 4443 antiquis

282 4470 387 4540 τῆς
415 4468 581 4522 αὑτοῦ
618 4468 880 4533 διανοίας,
921 4467 1037 4535 τόγ’
1062 4467 1143 4528 είς
1192 4466 1357 4519 αὑτὸν
1415 4458 1551 4537 ἧκον
1602 4464 1863 4535 ἐθελῆσαι

283 4560 634 4626 καταλιπεῖν,
666 4559 866 4613 πολλοῦ
890 4575 1037 4622 τινος
1082 4556 1257 4622 ἀξιον,
1315 4557 1424 4611 τίνι
1477 4558 1586 4610 τῶν
1639 4557 1861 4610 πάντων

283 4653 428 4709 οὕτω
477 4655 779 4725 περίεστιν,
830 4653 910 4716 ὡς
961 4651 1109 4705 ἕνεκ’
1169 4651 1338 4705 αὐτοῦ
1398 4650 1863 4722 παραϐεὸλῆσθαι

285 4749 464 4818 τούτῳ
494 4748 590 4801 καὶ
619 4745 864 4819 ὁπῃοῦν;
892 4745 1039 4799 ὥστε
1071 4745 1166 4799 καὶ
1193 4744 1253 4810 ἐξ
1282 4739 1357 4799 ὦν
1383 4744 1639 4815 ὑπερεῖδε
1679 4747 1775 4798 καὶ
1795 4745 1854 4811 ἐξ

285 4833 362 4894 ὧν
386 4838 658 4910 εὐκληρίᾳ
704 4836 922 4908 φύσεως
944 4837 1071 4906 ἔσχε
1094 4853 1111 4869 ο
1153 4838 1247 4892 καὶ
1269 4831 1351 4899 οἷς
1382 4836 1640 4890 ἁπάντων
1677 4836 1752 4902 ὡς
1783 4838 1862 4889 εί-

288 4934 414 4985 πεῖν
460 4932 648 5001 γέγονε
706 4930 947 5001 πλήρης,
991 4929 1301 5000 εὐδοκιμεῖν
1361 4929 1629 5000 ὑπάρχειν
1689 4929 1862 4999 αὐτῷ,

285 5024 385 5077 καὶ
411 5022 622 5093 φρονῶν
655 5019 716 5077 εὖ
747 5024 904 5094 ἣκειν
934 5022 1074 5093 ὑπὲρ
1104 5020 1200 5086 οὒς
1231 5022 1297 5075 ἀν
1342 5038 1427 5085 τις
1457 5024 1553 5077 καὶ⁸
1575 5022 1733 5092 φαίη,
1769 5023 1865 5079 καὶ

291 5116 450 5184 μόνον
473 5115 675 5171 εἰδέναι
709 5115 944 5183 φάσκειν
973 5115 1096 5172 τάτ’
1141 5113 1275 5168 ὄντα
1308 5114 1424 5168 τάτ³
1466 5115 1708 5187 ἐσόμενα
1752 5115 1860 5187 πρό

360 5292 435 5364 (1)
473 5298 516 5348 Τ
514 5297 589 5365 ῆς
613 5296 763 5365 πρὸς
791 5297 970 5351 τοῦτο
1001 5297 1413 5367 καινοτομίας.
1442 5293 1631 5367 Placet
1656 5296 1855 5363 adhuc,

289 5369 429 5431 quod
490 5371 718 5433 primum
753 5370 1052 5434 placuerat,
1108 5366 1317 5432 τοῦτον,
1379 5374 1434 5419 et
1475 5366 1526 5418 in
1583 5368 1856 5431 versione,

288 5451 434 5488 nam
462 5451 588 5507 ergo
616 5437 789 5504 ipsum
836 5437 1131 5506 affectionis
1163 5436 1698 5505 mucltinatiom'sque.
1753 5435 1859 5491 Sed

290 5514 399 5576 t_uut
459 5505 774 5572 conjectura
847 5520 1006 5572 erat,
1071 5524 1213 5562 nunc
1268 5517 1599 5575 pt'teettutetu
1657 5521 1861 5576 sequor

282 5574 600 5644 Gregorium
627 5580 715 5643 εις
745 5576 1071 5631 Βασίλειον
1100 5578 1137 5631 f.
1168 5574 1279 5632 275
1321 5596 1333 5630 :
1358 5576 1478 5647 Καὶ
1506 5576 1616 5645 γὰρ
1661 5574 1861 5647 ὁμολο-

287 5647 440 5713 γήσω
458 5648 518 5717 τὸ
545 5646 736 5711 πάθος,
758 5648 878 5701 οὐδὲ
912 5648 1090 5712 ἄλλως
1120 5652 1234 5711 τοῖς
1283 5646 1501 5710 πολλοῖς
1557 5646 1861 5717 amoma-

287 5733 400 5804 νον,
431 5716 529 5804 τὴν
579 5721 713 5804 περὶ
741 5719 901 5804 ἡμας
930 5719 1283 5804 καινοτομίαν
1331 5719 1721 5804 καὶῆάπιστίαν

287 5788 407 5859 οὐδὲ
430 5791 458 5841 ὀ
490 5786 687 5859 χρόνος
720 5786 818 5857 τὴν
843 5789 1023 5857 λύπην
1054 5786 1382 5859 κάνάλωσεν.
1424 5786 1652 5841 Constat
1706 5786 1850 5841 enim

286 5856 431 5913 inter
457 5856 674 5929 omnes,
704 5856 826 5914 cum
874 5856 1015 5928 aegre
1045 5858 1414 5915 Sasimensem
1457 5860 1609 5914 thum
1638 5860 1851 5928 episco-

1967 4474 2123 4531 dicta
2184 4470 2440 4539 factaque
2485 4476 2637 4532 sunt,
2671 4475 2932 4537 quantum
2976 4466 3030 4521 in
3068 4467 3187 4536 ipso
3231 4476 3347 4531 est,
3390 4481 3547 4524 extra

1966 4564 2333 4633 cognitionem
2378 4574 2533 4614 suam
2569 4559 2882 4626 relinquere
2914 4558 3070 4623 velle,
3102 4558 3156 4612 id
3204 4574 3404 4630 magno
3445 4562 3551 4615 uti-

1963 4672 2069 4727 que
2097 4655 2284 4710 haberi
2315 4653 2367 4706 in
2396 4652 2569 4721 pretio
2594 4650 2731 4706 solet
2760 4666 2773 4703 :
2798 4649 2974 4715 ercui,
3004 4665 3208 4719 quaeso,
3236 4653 3548 4710 mortalium

1972 4747 2219 4802 omnium
2262 4752 2410 4799 tanta
2446 4757 2635 4797 earum
2673 4757 2856 4796 rerum
2919 4740 3101 4796 adluit
3152 4744 3333 4812 copia,
3388 4756 3447 4797 ut
3482 4763 3548 4799 eo

1970 4838 2191 4890 nomine
2223 4835 2305 4889 vel
2341 4833 2443 4887 ulla
2469 4847 2535 4887 ex
2567 4843 2724 4900 parte
2755 4846 2878 4885 cum
2908 4842 3104 4885 nostro
3138 4837 3550 4902 componendus

1967 4928 2079 4983 sit?
2105 4925 2174 4982 Ut
2198 4942 2265 4981 ex
2302 4925 2369 4979 iis
2390 4925 2531 4978 adeo
2568 4934 2676 4977 tam
2710 4936 2832 4991 quae
2868 4922 3348 4991 prtctermittebat,
3386 4942 3547 4995 quam

1973 5036 2092 5090 quae
2141 5017 2344 5089 ingenii
2402 5015 2663 5081 felicitate
2712 5014 2944 5082 adeptus
2996 5016 3256 5087 tenebat,
3290 5029 3345 5074 et
3401 5021 3548 5089 quod

1983 5114 2145 5170 bonis
2175 5114 2338 5168 rebus
2377 5110 2653 5175 omnibus,
2694 5117 2751 5164 ut
2784 5122 2892 5163 uno
2935 5123 3048 5162 rem
3080 5111 3246 5166 verbo
3273 5115 3551 5182 exprima-

1959 5304 2145 5365 patum
2175 5292 2465 5365 admisisse
2491 5289 2844 5361 Gregorium,
2865 5303 2978 5365 tum
3010 5310 3042 5352 e
3096 5293 3356 5365 vestigio,
3396 5296 3549 5348 nullo

1956 5363 2127 5435 opere
2156 5363 2436 5435 pontitjcio
2473 5364 2641 5427 edito,
2665 5374 2851 5435 atque
2875 5363 3171 5420 olTeusiore
3199 5365 3251 5418 in
3282 5364 3543 5435 iii-mltum

1960 5433 2142 5490 animo
2158 5433 2292 5489 inde
2335 5433 2470 5488 sese
2530 5433 2884 5501 proripuisse.
2922 5436 2975 5488 ld
3014 5437 3157 5504 quod
3202 5444 3257 5488 et
3291 5434 3547 5488 Theodo-

1960 5506 2045 5561 lus
2076 5517 2259 5560 noster
2287 5504 2400 5558 hoe'
2424 5505 2544 5557 loco
2572 5513 2774 5574 etrcap.
2802 5504 2871 5557 8U
2897 5506 3281 5574 uounutlisque
3312 5518 3548 5572 sequen-

1965 5579 2110 5630 tibus
2139 5576 2323 5639 tradit,
2360 5583 2417 5628 et
2466 5573 2583 5641 ipse
2632 5572 2926 5645 Gregorius
2978 5574 3126 5627 dicto
3167 5572 3278 5644 jam
3313 5574 3549 5645 locoiet

1960 5646 2298 5716 Apologetz‘co
2324 5645 2392 5696 ad
2422 5654 2649 5711 patrem,
2692 5644 2787 5699 sed
2818 5660 2945 5697 vero
2973 5645 3239 5716 imprimis
3264 5644 3425 5711 epist.
3450 5644 3544 5706 3i.

1967 5729 2033 5769 aii
2066 5715 2344 5777 Basilium,
2370 5726 2424 5769 et
2463 5718 2706 5769 carmine
2728 5716 2803 5777 De
2832 5717 2935 5769 vita
2977 5731 3100 5778 sua,
3138 5715 3227 5769 ubi
3272 5729 3377 5770 nec
3430 5725 3547 5769 stu-

1966 5791 2162 5857 macho
2188 5798 2242 5840 et
2267 5785 2640 5857 asperioribus
2668 5786 2721 5840 itt
2754 5785 3015 5840 Basiliuut
3049 5786 3230 5851 verbis
3253 5795 3541 5857 temperat.

2034 5859 2112 5929 (Ξ)
2139 5851 2365 5926 Pbocyi.
2391 5851 2453 5911 Υ.
2487 5853 2575 5909 40.
