4028 6432
266 469 372 530 273

1179 466 1574 534 LAUDATIO
1617 474 1677 533 S.
1720 471 2110 534 GREGORII
2154 474 2558 535 THEOLOGI

3442 465 3547 528 274

271 592 516 659 adeoque
547 592 790 649 studiose
821 593 1108 650 honestam
1143 609 1205 647 ac
1245 594 1572 649 laudabilem
1607 594 1950 660 gravitatem,
1980 595 2257 665 multaque
2323 594 2746 649 mansuetudine
2815 608 2877 647 ac
2945 592 3203 647 comitate
3270 598 3544 658 tempera-

275 697 384 739 tam
407 687 911 755 magnanimitatem
942 691 1281 756 sectabatur,
1300 700 1350 743 et
1382 689 1617 759 posteris
1634 689 1860 743 omnino
1892 690 2007 744 suis
2038 691 2215 745 instar
2250 691 2542 760 gnomonis
2582 699 2899 759 exacta-que
2936 685 3171 741 amttssis
3222 682 3323 738 fuit
3353 724 3371 749 ,
3443 695 3548 752 quo

272 786 431 845 pacto
457 778 751 835 concitatis
778 782 973 836 animae
1008 782 1248 838 motibus
1283 792 1430 836 recte
1456 792 1621 850 atque
1653 782 1849 836 ordine
1888 783 1953 837 ad
1983 782 2168 837 omnia
2199 784 2455 839 utendum
2483 784 2574 837 sit.

342 869 488 936 NCT.
542 873 655 927 Καὶ
705 873 813 943 μὴν
872 875 965 927 καὶ
1023 874 1384 945 σωφροσύνην
1445 874 1546 944 τὴν
1591 874 1851 927 πλείστου

2029 876 2163 931 LVI.
2202 876 2377 931 Porro
2459 886 2514 933 et
2557 872 3014 944 temperantiam,
3063 870 3320 927 virtutem
3389 865 3550 937 longe

271 963 454 1028 ἀξίαν,
511 969 595 1016 κα⁷
634 965 772 1032 μετά
795 966 908 1016 τῶν
936 968 1184 1033 ἀγγέλων
1219 967 1459 1034 μάλιστα
1484 968 1611 1028 τοὺς
1640 966 1855 1035 ἀνθρώ·

271 1072 406 1116 πους
434 1057 697 1119 τιθεῖσαν,
760 1058 1052 1123 ἠσπάσατο
1111 1058 1208 1127 μὲν
1259 1060 1322 1111 ὲκ
1371 1057 1563 1120 παιδὸς
1620 1057 1696 1117 ὡς
1749 1057 1850 1111 οὐκ

273 1142 370 1199 οἷδ’
399 1147 565 1209 εἴτιςο
600 1144 746 1200 οὕτω
775 1146 820 1201 δ’
875 1150 958 1213 είς
1022 1151 1192 1220 ἄκρον
1246 1149 1419 1220 αὐτὴν
1462 1138 1847 1218 κατωρθὼκει,

273 1237 348 1300 ὡς
381 1239 454 1308 μὴ
484 1240 565 1293 ὅτι
593 1241 702 1294 τῶν
731 1241 948 1294 ἀτόπων
983 1245 1081 1313 τῆς
1119 1242 1325 1313 σαρκὸς
1353 1243 1656 1314 ὑπερσχεῖν
1696 1261 1847 1315 κινη·

278 1331 464 1400 μάτων
497 1333 590 1384 καὶ
624 1332 808 1403 πάσης
840 1333 1185 1403 ἡδυπαθείας
1245 1334 1514 1403 κρείττων
1566 1333 1848 1402 γενέσθαι,

272 1422 414 1476 ἀλλά
460 1423 555 1477 καὶ
603 1425 956 1478 παντάπασιν
1015 1426 1391 1496 νενεκρῶσθαι
1438 1427 1517 1499 τῷ
1580 1426 1700 1497 βίῳ,
1756 1427 1853 1481 καὶ

272 1515 464 1569 τοῦτον
489 1516 660 1587 αὐτῷ,
711 1520 805 1573 καὶ
836 1517 935 1589 ζῇν
970 1520 1149 1582 ἀΰλως
1201 1519 1259 1571 ὲν
1296 1518 1471 1589 ΰλικῷ
1529 1521 1744 1591 σώματι
1773 1524 1853 1574 εί-

275 1606 494 1671 κότως·
524 1609 586 1661 τὸ
641 1609 749 1680 γὰρ
795 1611 931 1680 πρὸς
984 1610 1083 1683 τὴν
1138 1613 1237 1683 τῆς
1301 1614 1506 1683 σαρκὸς
1551 1614 1850 1667 κολακείαν

274 1698 532 1769 ἀπεχθῶς
553 1699 627 1762 ὡς
661 1700 898 1770 μάλιστα
921 1700 1228 1777 διακεῖσθαι
1255 1703 1494 1776 γνησίως
1520 1704 1672 1757 ἐστιν
1702 1705 1851 1775 ἔχειν

276 1788 416 1857 πρὸς
461 1790 560 1857 τὴν
604 1789 704 1858 τῆς
736 1790 914 1861 ψυχῆς
964 1791 1285 1861 θεραπείαν,
1332 1793 1430 1848 καὶ
1470 1793 1532 1848 τὸ
1562 1793 1670 1849 τῶν
1732 1797 1849 1849 εἰσι

276 1897 428 1935 απαν
452 1885 720 1952 μενόντων
740 1882 998 1949 καθάπαξ
1022 1885 1448 1951 ἀντιποιεῖσθαι,
1475 1887 1850 1959 ὑπερφρονεῖν

276 1974 396 2029 ὲστι
424 1975 639 2039 πάντως
670 1972 778 2030 τῶν
802 1974 980 2031 οὐκέτ’
1014 1977 1309 2045 ἐσομένων.

1961 962 2581 1036 prastantissimam,'et
2608 981 2727 1036 quae
2759 979 2861 1018 una
2890 962 3125 1016 maxime
3156 962 3207 1015 in
3236 959 3545 1016 caelestium

1961 1059 2282 1129 angelorum
2315 1058 2550 1115 concilio
2572 1058 2821 1113 homines
2848 1056 3098 1117 collocat,
3148 1053 3228 1107 sic
3280 1068 3309 1107 a
3374 1066 3545 1120 puero

1959 1160 2167 1215 noster,
2202 1150 2662 1222 quemadmodum
2697 1149 2789 1203 vix
2809 1148 2947 1202 alius
2970 1146 3124 1201 nobis
3138 1145 3330 1199 saltem
3360 1140 3561 1209 notus,

1958 1246 2240 1316 amplexus
2265 1255 2386 1302 erat
2414 1263 2429 1300 :
2465 1261 2626 1317 quam
2653 1245 2724 1299 ita
2754 1243 3004 1299 absoluto
3024 1255 3189 1311 opere
3210 1238 3459 1310 perfecit,
3494 1246 3552 1293 ιιι

1958 1353 2064 1393 non
2092 1340 2449 1394 obscenarum
2482 1337 2642 1391 modo
2662 1336 2907 1406 corporis
2950 1332 3402 1397 commotionum,
3436 1347 3553 1382 out-

1957 1431 2151 1499 nisque
2181 1428 2493 1499 voluptariae
2520 1428 2825 1484 ali‘ectionis
2871 1429 3045 1483 victor
3093 1423 3403 1488 exsisteret,
3454 1426 3550 1477 sed

1956 1522 2316 1592 penitusitem
2342 1522 2465 1578 vitae
2481 1523 2701 1578 caducae
2728 1528 2971 1575 mortuus
2998 1529 3166 1583 esset,
3197 1528 3252 1572 et
3278 1519 3381 1571 vita
3413 1514 3548 1585 ipsi,

1955 1620 2010 1665 et
2036 1627 2159 1666 cum
2202 1613 2488 1667 materiato
2507 1626 2733 1682 corpore
2762 1595 3060 1665 nonaliter
3104 1610 3265 1663 vitam
3295 1607 3544 1677 degere',

1953 1718 2115 1773 quam
2144 1703 2188 1758 si
2222 1707 2462 1759 materia:
2491 1718 2685 1774 expers
2701 1703 2914 1768 fuisset,
2947 1716 3080 1758 sane
3119 1700 3338 1763 merito,
3363 1715 3543 1769 quau-

1948 1798 2019 1852 do
2045 1797 2112 1851 ab
2132 1796 2257 1852 istis
2284 1797 2646 1866 cupiditatum
2668 1795 2958 1851 lenociniis
2995 1794 3314 1852 abhorrere.
3355 1791 3406 1845 id
3436 1798 3545 1854 est,

1957 1887 2266 1942 reetissime
2327 1895 2704 1959 comparatum
2794 1900 2915 1941 esse
2980 1884 3048 1939 ad
3134 1881 3536 1952 suscipiendam

1957 1980 2155 2034 anima:
2173 1979 2536 2045 curationem,
2561 1990 2615 2033 et
2652 1992 2715 2032 ea
2742 1992 2929 2031 rursus
2960 1989 3081 2044 quae
3123 1983 3397 2029 retentum
3421 1986 3557 2039 νοτε

279 2075 520 2130 manent,
543 2067 680 2123 bona
702 2068 805 2124 (ide
821 2069 1130 2139 complecti,
1160 2078 1243 2124 est
1267 2069 1542 2139 negligere
1560 2072 1784 2125 omnino
1808 2070 2073 2143 quidquid
2098 2071 2246 2125 brevi
2272 2078 2394 2138 post
2424 2079 2668 2138 tempore
2693 2084 2802 2122 non
2830 2069 3065 2138 amplius
3093 2066 3414 2121 duraturum
3432 2073 3537 2118 est.

350 2163 474 2216 NZ'.
504 2163 603 2217 Διά
633 2163 809 2217 ταῦτα
838 2163 1021 2235 πάσης
1050 2165 1151 2235 μὲν
1190 2166 1387 2236 ἀπεῖχε
1421 2167 1636 2238 τρυφῆς
1666 2208 1682 2233 ,
1741 2167 1865 2239 ἐμί-

2040 2165 2200 2222 LVlI.
2260 2166 2597 2222 Delicatiore
2658 2165 2848 2233 itaque
2913 2166 3056 2218 victu
3125 2162 3177 2217 in
3239 2163 3551 2216 universum

285 2270 368 2307 σει
394 2252 450 2306 δὲ
473 2256 713 2310 ἀσωτίαν
740 2296 755 2320 ,
783 2256 1123 2327 ἐγκράτειαν
1148 2257 1207 2312 δὲ
1254 2260 1639 2327 περιπλείονος
1683 2256 1821 2332 ἦγεν
1842 2276 1857 2292 ·

283 2343 589 2413 ἐπιθυμιῶν
618 2344 699 2410 δὲ,
755 2345 865 2401 τῶν
924 2346 1023 2415 μὲν
1069 2347 1169 2401 οὐκ
1220 2348 1634 2421 ἐπαινουμένων
1692 2349 1865 2405 καθά-

285 2436 396 2501 παξ
424 2437 610 2507 ηλόγει
631 2478 646 2504 ,
685 2438 863 2509 μόνων
895 2438 952 2492 δὲ
978 2440 1088 2494 τῶν
1139 2438 1236 2494 τοῦ
1290 2441 1605 2511 πνεύματος
1633 2443 1815 2513 εἴχετο
1844 2458 1861 2474 ⁸

284 2527 485 2595 γαστρὶ
520 2528 576 2581 δὲ
623 2527 881 2582 τοσοῦτον
920 2530 1116 2597 ἐδίδου,
1147 2533 1273 2585 ὅσον
1292 2532 1438 2587 τοῦτ’
1466 2533 1600 2587 αὐτὸ
1654 2537 1867 2607 περιεῖ-

285 2636 411 2672 ναιο
445 2621 505 2674 ού
553 2622 661 2693 γὰρ
689 2621 1122 2693 τοῦ-τρέφεσθαι
1163 2625 1329 2695 χάριν
1392 2627 1699 2692 δσπούδαζε
1737 2627 1861 2700 ζῇν,

285 2710 365 2775 ὡς
398 2715 491 2767 καὶ
509 2713 678 2777 ἀδεῶς
709 2713 854 2786 ἔχειν
886 2716 1101 2788 τρυφᾷν
1124 2733 1140 2748 ο
1163 2717 1305 2771 ἀλλά
1334 2718 1431 2771 τοῦ
1464 2719 1538 2789 μὴ
1565 2720 1671 2790 πρὸ
1718 2720 1866 2791 ὧραι

284 2805 605 2874 ἀπαντῆσαι
648 2806 749 2877 τὴν
773 2808 1038 2879 τελευτὴν
1100 2810 1196 2863 καὶ
1249 2808 1600 2883 ζημιωθῆναι
1662 2812 1866 2883 στεφά-

285 2914 432 2961 νους,
462 2897 554 2962 οὓς
576 2900 640 2953 ὲκ
669 2899 781 2953 τῶν
818 2900 1000 2955 πόνων
1052 2902 1264 2973 περιὼν
1294 2901 1523 2974 ἔμελλεν
1563 2903 1728 2972 ἕξειν,
1767 2923 1863 2977 μι-

286 2990 421 3057 κρόν
459 3007 511 3044 τι
544 2991 640 3061 τῆς
679 2992 851 3062 ἀρχῆς
877 2992 1217 3064 συνεχώρει·
1275 2994 1423 3048 σιτία
1479 2994 1535 3048 δὲ
1584 2996 1679 3050 καλ⁹
1725 2997 1865 3051 ποτά

286 3081 388 3134 καὶ
415 3083 639 3151 κρότους
667 3086 760 3138 καὶ
796 3085 989 3156 ἡδονὰς
1020 3086 1115 3140 καὶ
1149 3085 1243 3140 τὸν
1268 3085 1485 3157 πατέρα
1514 3088 1615 3155 τῆς
1652 3086 1867 3159 ῦϐρεως

285 3174 475 3241 κόρον,
512 3174 605 3226 καὶ
631 3174 726 3245 τὴν
756 3175 1145 3247 ἀνδραποδώδη
1191 3176 1286 3230 καὶ
1321 3177 1713 3231 κατάπτυστον
1733 3194 1864 3230 ταυ-

286 3265 415 3334 τηνὶ
457 3266 745 3337 φλυαρίαν,
785 3267 894 3321 οὐδ’
932 3267 1159 3323 ἀκούειν
1191 3268 1330 3331 ὅλως
1380 3270 1607 3339 ᾑρεῖτοο
1640 3269 1695 3321 τί
1757 3269 1867 3339 γὰρ

293 3358 391 3411 καὶ
424 3362 535 3421 τοῖς
555 3358 819 3424 τοιούτοις
849 3359 1000 3431 αὐτῷ
1021 3401 1037 3424 ,
1080 3360 1252 3414 πάλαι
1302 3359 1393 3413 διὰ
1428 3359 1548 3431 βίου
1610 3360 1705 3413 καὶ
1734 3359 1870 3414 θεω-

296 3451 420 3520 ρὶας
442 3452 519 3516 είς
551 3451 683 3523 ῦψος
706 3451 934 3525 ἡρμένῳ
997 3453 1094 3506 καὶ
1136 3452 1276 3523 μετὰ
1318 3452 1414 3507 τοῦ
1463 3452 1601 3506 Θεοῦ
1656 3452 1867 3507 συνόντι

292 3544 404 3604 τοῖς
432 3543 746 3614 λογισμοϊς;
790 3542 915 3597 οὔτε
947 3543 1056 3616 γὰρ
1080 3546 1221 3612 φωτὶ
1276 3543 1469 3607 σκότος
1520 3542 1694 3597 συνίοι
1743 3543 1864 3595 ποτ’
1892 3542 1934 3600 C
1969 3547 2121 3600 rebat

300 3637 385 3700 ἂν,
416 3640 473 3693 οὐ
501 3640 705 3710 μᾶλλόν
739 3657 802 3709 γε
833 3639 865 3711 ἢ
893 3638 954 3693 τὸ
1002 3637 1273 3708 ψύχεσθαι
1311 3637 1389 3710 τῷ
1445 3636 1862 3709 θερμαίνεσθαι,

296 3730 412 3784 οὔθ’
435 3733 539 3805 ὅτῳ
589 3732 685 3786 τοῦ
730 3729 1002 3787 σεσῶσθαι
1065 3730 1304 3800 μάλιστα
1377 3729 1555 3800 μέλει,
1617 3734 1713 3782 καὶ
1757 3727 1870 3781 τῶν

305 3825 580 3896 Ὀλύμπου
606 3829 811 3897 τυχεῖν,
833 3823 1040 3879 δύναιτ’
1070 3822 1137 3877 ἀν
1167 3815 1325 3887 οὗτος
1352 3828 1595 3876 τουτοισὶ
1628 3821 1871 3893 προσηλ-

291 3916 470 3971 ῶσθαι
504 3923 598 3973 καὶ
649 3918 790 3982 ὅλως
826 3919 1112 3989 προσχεῖν,
1165 3917 1277 3972 ἀνω
1331 3914 1549 3988 βλέπων
1590 3914 1720 3977 alet,
1777 3914 1873 3968 καὶ

291 4009 605 4080 φιλοσοφῶν
636 4010 705 4064 τά
748 4011 1049 4083 γιγνόμενα
1073 4027 1087 4043 ο
1138 4009 1387 4073 τοιοῦτος
1438 4007 1534 4063 καὶ
1564 3998 1724 4071 οὗτος
1762 4000 1833 4076 ἦν
1855 4020 1870 4035 ⁶

292 4100 501 4165 πάσαις
549 4101 649 4171 μὲν
675 4103 795 4166 ταῖς
843 4101 941 4155 τοῦ
1006 4102 1264 4173 σώματος
1321 4100 1542 4171 ἡδοναῖς
1595 4096 1874 4170 ἐρρῶσθαι

290 4193 612 4248 παντάπασι
645 4193 884 4263 φράσας,
932 4194 1032 4248 καὶ
1065 4195 1166 4264 τὴν
1194 4192 1462 4263 τοιαύτην
1490 4190 1754 4262 γοητείαν
1796 4189 1874 4253 ὡς

291 4286 428 4353 ἀγος
457 4270 954 4356 ἀποστρεφόμενος.
1000 4286 1196 4357 ἁγνείᾳ
1232 4284 1290 4340 δὲ
1345 4286 1443 4340 καὶ
1475 4290 1614 4358 μόνῃ
1646 4283 1741 4337 καὶ
1788 4284 1880 4353 ὲγ-

292 4374 523 4446 κρατείᾳ
545 4374 640 4428 καὶ
668 4374 907 4445 λιτότητι
938 4374 1056 4446 βίου
1099 4373 1299 4442 συζῶν,
1324 4375 1420 4428 καλ⁵
1450 4371 1510 4426 τὸ
1539 4373 1641 4442 τῆς
1694 4368 1879 4441 ψυχῆς

292 4467 452 4537 ὄμμα
468 4468 634 4521 πᾶσιν
655 4460 737 4532 οἷς
761 4467 971 4536 ἔξεστιν
998 4468 1343 4538 ἀποσμήχων
1365 4481 1425 4519 τε
1448 4465 1545 4519 καὶ
1572 4463 1875 4533 καθαίρων,

294 4558 393 4613 καὶ
432 4557 683 4625 καθάπαξ
716 4558 1009 4631 εἱλικρινὲς
1061 4559 1187 4612 ὅσαι
1227 4550 1367 4628 ὧραι
1417 4552 1879 4627 παρασκευάζων,

296 4650 413 4723 ὲφῷ
427 4652 537 4704 τῶν
566 4668 625 4704 τε
654 4651 791 4705 κατά
824 4651 948 4705 νοῦν
982 4650 1305 4722 κινημάτων
1336 4648 1396 4702 εὖ
1445 4648 1592 4719 μάλα
1622 4648 1882 4719 δέχεσθαι

297 4744 397 4806 τὰς
428 4743 744 4814 ἐλλάμψεις,
777 4743 985 4799 καὶτοῦ
1029 4741 1327 4813 ξυγγενοῦς
1355 4741 1652 4798 ἀπολαύειν
1682 4742 1881 4808 φωτὸς,

298 4826 360 4888 οῦ
399 4835 510 4897 τοῖς
533 4832 705 4898 οὕτως
735 4833 918 4904 ἔχουσι
950 4835 1083 4898 Θεὸς
1117 4832 1375 4905 χορηγὸς,
1423 4832 1503 4902 τῷ
1542 4849 1602 4887 τε
1655 4831 1883 4902 καθαρῷ

298 4926 554 4997 καθαρῶς
583 4927 825 4991 ξυνιέναι
856 4946 916 4982 τε
948 4930 1044 4983 καὶ
1076 4926 1431 4998 ξυγγίνεσθαι
1451 4925 1595 4980 ’τῶν
1625 4925 1736 4995 γάρ
1758 4925 1883 4979 ἀθε-

303 5015 476 5087 μίτων
503 5017 669 5087 ἔφησε
722 5019 971 5087 Πλάτων,
1027 5018 1183 5073 ταῦτ’
1237 5018 1488 5088 ἀλλήλοις
1538 5016 1877 5087 ξυμὸαίνειν,

302 5109 523 5175 καὶτῆς
548 5108 643 5162 τοῦ
702 5108 947 5181 καθαροῦ
1012 5109 1313 5181 συναφείας
1350 5108 1451 5181 τὴν
1512 5108 1587 5179 μὴ
1640 5107 1882 5178 καθαρὸν

301 5197 605 5263 ἀξιοῦσθαι.

1966 2257 2305 2322 abstinebat,
2335 2271 2668 2327 omnemque
2706 2256 2980 2311 luxuriem
3010 2268 3266 2324 perosus,
3313 2253 3567 2307 maxime

1965 2358 2155 2403 contra
2201 2348 2258 2405 in
2311 2349 2488 2420 pretio
2531 2348 2925 2404 continentiam
2972 2348 3243 2413 habebat;
3298 2354 3461 2415 atque
3497 2354 3556 2399 ut

1967 2438 2259 2495 illaudatas
2305 2438 2636 2512 cupiditates
2672 2439 2995 2508 simpliciter
3027 2438 3445 2507 aspernabatur,
3483 2437 3556 2491 ita

1968 2531 2105 2587 solis
2162 2533 2415 2587 addictus
2471 2543 2592 2587 erat
2650 2531 3058 2602 spiritualibus.
3094 2529 3284 2587 Ventri
3338 2538 3554 2585 tantum

1968 2624 2131 2677 dabat
2156 2634 2423 2694 quantum
2459 2625 2675 2679 luendae
2724 2624 2899 2680 solum
2954 2624 3075 2678 vita:
3112 2632 3392 2690 utcunque
3437 2621 3556 2676 suf-

1968 2714 2159 2770 ﬂceret
2215 2730 2229 2769 :
2289 2715 2490 2786 quippe
2546 2731 2657 2769 non
2716 2724 2774 2769 ut
2819 2713 3154 2769 lautiuscule
3212 2722 3559 2784 pasceretnr,

1968 2807 2152 2863 vivere
2180 2808 2464 2874 studebat,
2493 2808 2598 2864 hoc
2624 2817 2712 2863 est
2744 2818 2802 2863 ut
2828 2806 3042 2864 deliciis
3063 2807 3288 2862 liberius
3311 2805 3559 2875 perfrue-

1970 2908 2144 2966 retur,
2179 2915 2366 2955 verum
2401 2914 2471 2955 ne
2524 2909 2653 2955 ante
2696 2914 2848 2954 suam
2903 2900 3045 2954 diem
3092 2908 3290 2953 metam
3335 2897 3555 2952 vivendi

1969 3002 2279 3060 assecutus,
2313 3009 2549 3050 coronas
2586 2995 2884 3055 amitteret,
2922 3007 3059 3061 quas
3088 2991 3157 3047 de
3191 2992 3306 3046 suis
3358 2989 3562 3044 labori.—

1971 3087 2096 3152 bus,
2125 3087 2169 3143 si
2204 3087 2409 3143 diutius
2458 3087 2567 3142 vita
2617 3087 3016 3157 suppeditaret,
3067 3082 3355 3139 habiturus
3395 3092 3559 3147 erat;

1970 3180 2223 3235 nonnihil
2259 3180 2416 3235 initio
2450 3180 2556 3235 sibi
2590 3179 2928 3249 indulgebat.
2967 3177 3037 3231 At
3068 3177 3280 3247 epulas,
3318 3185 3371 3230 et
3409 3175 3557 3240 vina,

1970 3283 2026 3327 et
2058 3272 2295 3329 ludicros
2318 3273 2698 3328 conviviorum
2736 3273 3022 3341 strepitus,
3053 3280 3107 3325 et
3133 3270 3472 3338 voluptates,
3504 3278 3562 3321 et

1972 3364 2290 3433 petulantiae
2324 3375 2611 3435 parentem
2646 3364 2982 3431 satietatem,
3029 3373 3083 3417 et
3115 3361 3343 3417 serviles
3393 3370 3561 3430 atque

1973 3458 2327 3514 detestabiles
2364 3459 2529 3514 hasce
2563 3474 2757 3529 nugas,
2789 3473 2859 3512 ne
2908 3458 3181 3512 nominari
3221 3456 3443 3525 quidem
3479 3452 3566 3509 fe—

2178 3562 2192 3599 :
2242 3546 2371 3615 quid
2424 3536 2579 3602 enitu‘
2628 3561 2751 3600 eum
2786 3544 3101 3615 hujusutodi
3131 3543 3294 3598 rebus
3327 3543 3428 3607 illi,
3466 3540 3562 3611 qui

1974 3641 2085 3684 tum
2150 3631 2274 3686 vita:
2349 3632 2668 3697 sanctitate,
2736 3640 2849 3684 tum
2919 3630 3155 3684 assiduis
3218 3639 3561 3684 commenta-

1972 3719 2243 3785 tionibus,
2298 3719 2497 3773 dmlum
2560 3718 2794 3772 sublime
2846 3728 3065 3772 evectus
3111 3726 3269 3781 erat,
3315 3715 3556 3769 intimis-

1973 3827 2079 3883 que
2131 3813 2554 3881 cogitationibus
2611 3828 2734 3867 cum
2787 3811 2895 3865 Deo
2945 3825 3048 3865 suo
3100 3812 3296 3880 agebat
3344 3808 3370 3862 τ
3443 3808 3557 3863 sci-

1974 3907 2102 3964 licet
2149 3922 2323 3978 ueque
2354 3907 2460 3961 lttci
2510 3922 2749 3977 unquam
2794 3904 2944 3975 juugi
2987 3912 3247 3975 poterunt
3296 3902 3559 3965 tenehrze,

1977 4002 2147 4058 nihilo
2189 4002 2441 4073 equidem
2508 4002 2681 4070 magis
2730 4014 2894 4071 quant
2955 3997 3145 4070 frigori
3193 4011 3315 4053 cum
3380 3995 3565 4049 calore

1975 4094 2255 4160 convenit,
2313 4109 2488 4163 neque
2528 4094 2613 4148 cui
2675 4092 2821 4148 salus
2884 4106 2983 4146 sua
3039 4091 3267 4159 vitaeque
3322 4085 3565 4143 (celestis

1976 4188 2197 4258 adeptio
2226 4202 2453 4243 summae
2487 4200 2630 4240 cum
2664 4196 2769 4251 est,
2802 4183 3140 4252 ejuscemodi
3189 4180 3387 4237 afﬁxus
3442 4193 3565 4235 esse

1979 4286 2158 4349 potest
2187 4280 2369 4341 rebus,
2395 4285 2488 4331 aut
2508 4275 2752 4332 animum
2780 4274 2845 4329 ad
2874 4274 2996 4329 illas
3016 4273 3245 4326 omnino
3279 4271 3567 4335 adhibere,

1979 4370 2183 4439 quippe
2204 4371 2296 4441 qui
2329 4383 2523 4439 supera
2550 4378 2605 4423 et
2634 4366 2881 4423 caelestia
2914 4367 2969 4420 in
2993 4365 3143 4421 omni
3177 4365 3283 4417 vita
3310 4361 3565 4432 suspicit,

1978 4471 2033 4514 et
2066 4459 2414 4514 convenienti
2466 4457 2628 4512 modo
2658 4456 3020 4527 philosophia:
3069 4454 3242 4510 sacris
3282 4463 3566 4520 operatur.

1982 4545 2132 4603 Talis
2165 4560 2354 4602 revera
2386 4546 2473 4600 hic
2502 4553 2690 4601 noster
2724 4555 2867 4605 erat.
2899 4553 3090 4614 utpote
3134 4541 3229 4612 qui
3272 4553 3569 4609 corporeae

1984 4641 2291 4708 voluptates
2316 4650 2511 4691 omnes
2544 4650 2635 4691 res
2665 4651 2793 4691 suas
2822 4634 2926 4691 sibi
2953 4634 3119 4704 plane
3146 4634 3349 4687 habere
3390 4632 3571 4701 jusse-

1984 4736 2092 4793 rat,
2123 4739 2177 4784 et
2209 4726 2504 4783 illiusmodi
2545 4726 2954 4782 incantamenta
2995 4725 3144 4781 velut
3194 4724 3564 4781 {mitissimum

1989 4823 2267 4894 quoddam
2307 4821 2582 4892 piaculum
2632 4822 3015 4886 aversabatur,
3064 4835 3188 4875 cum
3233 4819 3347 4875 sola
3390 4826 3572 4872 autem

1914 4894 1960 4952 ο
1988 4915 2242 4971 castitate
2274 4923 2330 4969 et
2367 4913 2705 4970 continentia
2739 4911 3031 4982 victusque
3079 4912 3401 4980 frugalitate
3442 4924 3570 4964 cono

1980 5012 2333 5083 iunctissime
2410 5010 2655 5074 vivebat,
2716 4997 3001 5078 animique
3072 5009 3291 5062 oculum
3368 5006 3575 5074 quibus

1990 5113 2208 5174 poterat
2235 5103 2453 5158 eluebat
2483 5102 2890 5174 purgabatque,
2920 5106 2979 5154 et
3014 5112 3197 5153 aerem
3242 5105 3582 5164 acutumque-

1991 5171 2141 5255 omni
2190 5207 2436 5268 tempore
2485 5171 2800 5265 praestabat,
2856 5206 2966 5262 quo
3026 5200 3081 5245 et
3140 5188 3577 5245 illuminatioucs

1995 5290 2298 5344 motionum
2330 5287 2533 5342 mentis
2579 5284 2890 5341 rectissime
2920 5284 3223 5352 exeiperet-,
3258 5290 3315 5333 et
3343 5286 3576 5349 cognato

303 5374 528 5447 lumine,
557 5383 703 5453 quod
750 5384 935 5456 largiri
986 5384 1054 5440 iis
1092 5382 1234 5439 Deus
1273 5382 1433 5449 solet,
1467 5382 1560 5451 qui
1606 5382 1674 5435 ad
1727 5382 1872 5436 hunc
1916 5379 2171 5437 instructi
2216 5380 2434 5436 modum
2471 5387 2621 5443 sunt,
2676 5375 2974 5439 frueretur,
3008 5383 3065 5428 et
3122 5387 3246 5428 eum
3276 5370 3577 5442 purissimo

302 5468 523 5525 numine
597 5487 730 5541 pure
807 5483 1103 5543 sancteque
1158 5473 1373 5534 coiret,
1448 5470 1748 5541 intimaque
1799 5471 2125 5540 iungeretur
2181 5468 2581 5525 consuetudine
2632 5482 2646 5519 :

2700 5462 2867 5520 Nefas
2933 5466 3079 5519 enim
3137 5470 3263 5527 est,
3346 5461 3578 5513 docente

301 5556 547 5624 ΡΙδίοηθ.
577 5566 653 5637 (I)
698 5566 815 5621 haec
849 5565 1008 5620 aliter
1032 5566 1176 5621 inter
1217 5580 1278 5621 se
1328 5563 1646 5629 convenire,
1699 5573 1755 5617 et
1779 5562 1895 5632 puri
1933 5559 2318 5629 conjunctione
2347 5557 2440 5627 qui
2467 5557 2712 5623 impurus
2748 5563 2833 5608 est
2856 5554 3080 5621 dignum
3114 5550 3254 5604 ﬁeri.

374 5653 507 5709 NH'.
541 5657 622 5711 Τὰ
655 5657 754 5728 μὲν
778 5659 842 5729 δὴ
877 5659 975 5728 τῆς
1000 5656 1360 5729 σωφροσύνης
1403 5658 1532 5727 ἄχρι
1562 5654 1658 5709 τοῦ
1688 5654 1866 5725 δεῦρο,

303 5749 399 5804 καὶ
426 5750 577 5805 οὐδὲν
616 5748 697 5803 δεῖ
728 5751 1097 5822 προστιθωαιη
1114 5766 1132 5784 ο
1149 5753 1310 5821 ἡμεῖς
1336 5750 1393 5805 δέ
1425 5766 1478 5803 τι
1500 5751 1597 5805 καὶ
1625 5748 1754 5820 περὶ
1775 5750 1874 5820 τῆς

378 5928 453 6000 (ί)
483 5928 539 5986 Itt
578 5928 864 5998 Plut-done,
897 5928 939 5999 I,
967 5928 1056 5988 67.

2051 5652 2235 5709 LVIII.
2269 5656 2445 5723 Atque
2464 5654 2577 5707 haec
2590 5650 2807 5722 quidem
2829 5649 3092 5703 hactenus
3114 5647 3179 5701 de
3192 5638 3576 5714 temperantia.

1982 5744 2093 5802 Nec
2149 5745 2306 5802 video
2353 5757 2461 5813 quo
2512 5740 2727 5812 adjecto
2778 5740 2912 5796 mihi
2978 5736 3209 5810 ampllus
3281 5745 3420 5805 opus
3478 5732 3576 5789 sit.
