4028 6464
495 426 605 490 275

1720 438 2122 500 TIlEODULl
2157 437 2512 499 MONACHI

3624 431 3721 493 £76

497 537 653 593 Nunc
677 537 865 610 igitur,
897 551 956 594 ut
986 541 1213 598 facultas
1237 544 1393 612 feret,
1453 550 1705 603 nonnulla
1759 551 1827 606 de
1874 552 2072 605 sutmui

2186 551 2271 605 τοῦ
2312 549 2551 622 μεγάλου
2586 547 2951 619 δικαιοσύνης,
2986 546 3061 610 ὡς
3088 544 3155 602 ἃν
3186 542 3354 599 οἷοίτε
3402 537 3567 615 ὦμεν,
3591 545 3730 617 ἐροῦ-

502 631 602 683 viri
625 630 835 699 justitia
855 630 1162 697 alTrrenms,
1181 649 1348 704 caque
1363 639 1664 694 orationem
1685 650 1949 708 nostram,
1973 657 2077 697 non

502 722 652 776 illam
680 725 946 789 oratione,
972 727 1307 782 ornabimns.
1334 728 1598 797 Bil‘artito
1624 746 1801 787 autem
1838 734 1951 787 haec
1974 736 2081 789 dis-

509 813 712 867 tributa
743 814 915 868 virtus
949 825 1054 881 est,
1083 817 1250 871 altera
1286 833 1411 889 erga
1448 818 1641 885 Deum,
1673 836 1801 890 erga
1833 822 2078 876 homines

491 901 696 968 altera;
729 905 993 971 posterior
1025 908 1241 976 preprie
1264 906 1475 976 justitia
1500 911 1777 965 vocitatur
1808 929 1822 965 :
1858 927 1976 982 quae
2011 913 2075 966 ad

492 990 659 1048 Deum
686 995 1017 1063 referuntur,
1041 1013 1102 1053 ea
1127 1002 1192 1054 ad
1214 1002 1526 1072 religionem
1550 1005 2079 1076 sanctimOniamque

490 1087 972 1157 pertinent;quod
1005 1092 1048 1145 si
1083 1105 1149 1146 ex
1182 1102 1302 1147 utra
1334 1095 1593 1151 harumce
1619 1097 1872 1151 virtutum
1906 1097 2078 1166 majo-

490 1191 602 1230 rem
636 1188 823 1233 noster
855 1178 1068 1234 laudem
1102 1184 1299 1238 merito
1342 1199 1438 1239 suo
1469 1189 1683 1241 auferat
1733 1202 1968 1257 quaeras,
2024 1189 2076 1242 in

487 1279 680 1322 neutra
716 1271 897 1340 seipse
922 1271 1233 1327 inferiorem
1267 1274 1414 1329 illum
1455 1278 1729 1345 reperies;
1771 1279 1887 1346 pari
1927 1280 2075 1333 enim

488 1376 553 1413 ac
576 1359 748 1415 simili
765 1363 1049 1432 utrobique
1074 1365 1377 1434 ingreditur
1398 1371 1589 1438 gradu,
1617 1380 1768 1425 tanto
1791 1381 2077 1439 utramque

487 1451 817 1519 complexus
837 1454 1018 1508 studio
1046 1465 1250 1522 quanto
1278 1473 1437 1512 nemo
1466 1460 1709 1513 omnium
1742 1470 1799 1513 nt
1829 1461 2071 1516 arbitror

490 1541 830 1596 alterutram.
851 1542 1058 1614 Quippe
1088 1556 1143 1601 et
1178 1548 1260 1602 ita
1295 1550 1546 1621 religiose
1577 1550 1771 1605 divinis
1800 1553 2079 1622 obtempe-

490 1636 645 1688 rabat
692 1637 966 1692 mandatis
1009 1639 1162 1707 quasi
1225 1638 1271 1693 si
1327 1640 1416 1694 ιιιιὶ
1494 1640 1598 1712 ipsi
1671 1642 1787 1712 lege
1849 1644 2077 1713 quadam

489 1722 725 1791 primum
762 1727 968 1781 sancita
1012 1727 1266 1793 fuissent,
1312 1731 1547 1799 primum
1596 1731 1845 1786 videlicet
1878 1733 2069 1788 eadem

492 1825 611 1883 tum
658 1815 1034 1884 observatum,
1071 1830 1182 1874 tum
1214 1823 1426 1876 caeteris
1454 1822 1763 1892 prodituro.
1793 1822 1859 1879 Et
1887 1837 2078 1879 rursus

2188 657 2309 714 μεν,
2353 641 2413 692 ού
2445 641 2650 707 ταύτην
2674 638 2751 708 τῷ
2779 638 2945 708 λόγῳ,
2985 636 3177 690 τοῦτον
3208 635 3254 689 δ’
3305 637 3371 689 ὲκ
3405 634 3595 704 ταύτης
3619 652 3728 687 κοσ-

2187 732 2477 801 μήσοντες.
2506 728 2722 799 Ταύτης
2747 726 2927 780 τοίνυν
2983 728 3062 789 εἰς
3113 725 3206 778 δύο
3246 723 3727 794 διαιρουμένης,εἶς

2183 841 2241 876 τε
2266 823 2397 876 Θεὸν
2425 822 2517 874 καὶ
2543 819 2890 890 ἀνθρώπους,
2931 817 2992 871 τὸ
3031 817 3133 886 μὲν
3159 816 3400 873 καλεῖται
3419 813 3726 883 δικαιοσύνη·

2180 916 2281 968 ὅσα
2311 914 2354 966 δ’
2384 916 2463 978 είς
2499 913 2633 967 Θεὸν
2654 912 2938 981 ἀναφέρει,
2971 909 3127 962 ταῦτ’
3149 910 3230 971 είς
3259 908 3510 977 ὁσιότητα
3539 907 3681 975 φέρει
3710 920 3726 937 ο

2181 1009 2241 1060 ὲν
2265 1006 2503 1076 ὁποτέρᾳ
2533 1004 2598 1073 δὴ
2621 1002 2827 1056 τούτων
2862 1000 3039 1072 μείζω
3075 1000 3301 1070 φέρεται
3354 996 3534 1067 ψῆφον
3582 995 3734 1064 ζητή-

2183 1115 2304 1161 σας,
2351 1096 2447 1149 xui.
2482 1093 2670 1147 τοῦτον
2696 1094 2752 1146 ἐν
2775 1091 2887 1145 οὐδ’
2914 1090 3156 1161 ὁποτέρα
3188 1088 3501 1160 ἡττώμενον
3530 1087 3699 1158 εὕροις
3717 1128 3731 1151 ,

2182 1188 2315 1242 ἀλλὰ
2331 1186 2400 1240 δι’
2433 1184 2551 1239 ίσου
2580 1183 2675 1237 καὶ
2717 1183 2905 1253 ὁμοίου
2965 1182 3166 1252 χωρεῖ·
3204 1178 3459 1233 τοσοῦτον
3488 1177 3735 1244 ἐκατέρου

2179 1280 2338 1346 λόγον
2361 1276 2751 1345 πεποιημένος,
2784 1275 2909 1327 ὅσον
2937 1272 3116 1334 οὐδεὶς
3143 1265 3305 1341 οἶμαι
3342 1270 3575 1339 θατέρου
3597 1283 3611 1298 ο
3636 1268 3734 1319 τῶν

2181 1386 2241 1422 τε
2275 1367 2382 1437 γὰρ
2419 1366 2578 1420 θείων
2614 1361 3008 1432 ἐπιταγμάτων
3029 1359 3176 1414 οὕτω
3203 1356 3381 1428 φύλαξ
3405 1352 3473 1429 ἦν
3496 1354 3735 1426 ἀκριϐὴς,

2180 1459 2255 1523 ὡς
2284 1458 2350 1513 ἂν
2382 1459 2462 1520 είς
2493 1454 2684 1509 τοῦτον
2714 1453 2879 1510 αὑτὸν
2909 1453 3008 1524 τὴν
3036 1451 3214 1523 ἀρχὴν
3265 1447 3739 1521 νομοθετηθέντων,

2177 1551 2253 1615 ὡς
2278 1549 2493 1620 πρῶτον
2522 1547 2689 1601 αὐτόν
2719 1563 2778 1599 τε
2804 1545 2981 1598 ταῦτα
3006 1544 3351 1614 φυλάξοντα,
3387 1546 3483 1596 καὶ
3516 1541 3638 1604 τοὺς
3659 1538 3746 1593 ἀλ-
3842 1592 3847 1595 ,

2179 1642 2305 1705 λους
2333 1639 2651 1707 διδάξοντα·
2706 1637 3019 1707 ἀνθρώποις
3069 1654 3130 1691 τε
3177 1635 3353 1700 οὕτως
3410 1635 3627 1706 ἐχρῆτο,
3675 1631 3743 1693 ὡς

2179 1733 2245 1787 ἄν
2275 1749 2358 1795 τις
2414 1727 2740 1801 νομοθετῶν,
2792 1728 2853 1782 ού
2914 1729 3102 1798 νόμοις
3152 1725 3510 1799 συνηγορῶν,
3559 1723 3747 1794 μᾶλλον

2180 1823 2237 1877 δὲ
2270 1822 2345 1888 ὼς
2419 1822 2635 1894 πρῶτος
2695 1819 2882 1875 θεόθεν
2933 1819 3243 1891 ἀνθρώποις
3293 1817 3601 1889 πεμφθεὶς,
3643 1813 3747 1882 tot}

488 1922 555 1962 eo
581 1923 706 1962 cum
753 1912 1059 1967 hominibus
1112 1915 1274 1970 modo
1316 1917 1533 1987 agebat,
1585 1918 1729 1973 velut
1783 1920 1872 1990 qui
1932 1920 2077 1990 leges

2186 1916 2281 1985 τὴν
2308 1914 2585 1985 περίγειον
2625 1912 2778 1983 λῆξιν
2816 1912 3092 1982 κοσμῆσαι
3148 1910 3240 1963 καὶ
3293 1908 3637 1979 καταστῆσαι
3689 1907 3753 1959 τὰ

488 2000 622 2071 ipsis
666 1999 833 2056 ferret
888 2004 1093 2074 potius,
1152 2022 1314 2074 quam
1366 2007 1492 2062 latis
1560 2009 1772 2080 legibus
1836 2013 2075 2078 patroci-

488 2093 635 2145 niunt
664 2100 1057 2163 connnodaret,
1095 2098 1213 2154 sive
1246 2100 1427 2155 verius
1460 2102 1606 2157 velut
1636 2105 1726 2173 qui
1760 2105 1967 2174 primus
1995 2104 2075 2159 di-

489 2184 693 2239 vinitus
734 2188 1053 2243 mortalibus
1093 2191 1292 2246 missus
1341 2192 1556 2260 fuisset,
1610 2211 1715 2263 quo
1766 2196 1908 2250 hanc
1959 2210 2078 2264 quae

489 2274 545 2326 in
579 2277 739 2330 turris
793 2276 1010 2346 drg‘tttr
1063 2282 1227 2334 vitam
1304 2296 1453 2339 recte
1511 2286 1814 2349 ordinaret,
1878 2300 2076 2354 resque

490 2370 745 2424 turbatas
767 2383 1115 2439 componeret
1155 2374 1289 2428 :sed
1321 2378 1558 2432 nondum
1601 2381 1667 2434 de
1726 2380 1813 2433 his
1849 2380 2079 2449 agimus,

490 2460 748 2514 nimirum
788 2464 939 2529 prius
966 2463 1033 2516 de
1066 2466 1284 2531 divinis,
1311 2478 1420 2522 tum
1450 2480 1634 2537 postea
1672 2472 1737 2524 de
1760 2471 1975 2525 caeteris
1995 2486 2080 2523 re-

490 2553 592 2606 bus
627 2553 1054 2623 cuiusquemodi,
1080 2560 1231 2612 nobis
1263 2560 1575 2616 dicendum.
1609 2560 1949 2629 Et-qttidnam
1979 2562 2080 2628 igi-

494 2655 582 2699 tur
609 2655 711 2712 est,
742 2648 881 2716 quod
920 2648 1028 2705 Deo
1056 2651 1326 2721 praecipue
1353 2668 1381 2706 a
1415 2653 1569 2707 nobis
1602 2656 1849 2719 debetur,
1900 2664 1953 2707 et
1987 2669 2083 2706 eu-

491 2736 578 2805 ius
607 2738 706 2807 ipsi
739 2741 1009 2797 debitores
1059 2760 1245 2800 omnes
1300 2763 1488 2802 sumus
1535 2748 1557 2801 ?
1611 2749 1861 2817 pietatem
1935 2746 2077 2801 haud

491 2828 695 2896 dubie;
727 2832 925 2886 deinde
959 2849 1224 2899 amorem,
1253 2845 1310 2888 et
1337 2851 1519 2890 veram
1586 2837 1757 2907 ipsius
1791 2837 2080 2907 {cognitio-

2185 2009 2525 2075 πράγματα’
2569 2003 2705 2056 ἀλλά
2750 2003 2916 2073 μήπω
2952 2001 3147 2054 τοῦτο·
3193 2000 3276 2053 δεῐ
3325 1999 3437 2069 γὰρ
3478 1998 3606 2066 περὶ
3653 1996 3753 2049 τῶν

2185 2099 2346 2151 θείων
2387 2095 2628 2168 πρῶτον,
2658 2095 2896 2148 κᾶπειτα
2926 2093 3056 2164 περὶ
3084 2092 3194 2146 τῶν
3251 2092 3457 2145 λοιπῶν
3514 2089 3753 2144 ἁπάντων

2185 2188 2497 2254 διεξελθεῖν.
2526 2187 2592 2239 Τί
2618 2186 2797 2238 τοίνυν
2819 2184 3097 2254 ὀφείλεται
3150 2183 3389 2252 μάλιστα
3446 2181 3575 2251 παρ’
3604 2178 3753 2249 ἡμῶν

2180 2283 2260 2351 τῷ
2282 2281 2420 2349 Θεῷ,
2450 2283 2543 2332 καὶ
2570 2279 2668 2331 τοῦ
2701 2276 3047 2346 καθέσταμεν
3103 2276 3364 2345 ύπόχρεῳ
3399 2275 3599 2336 πάντες
3625 2287 3640 2336 ;
3666 2270 3750 2321 εὐ-

2186 2375 2403 2428 σέόειαν
2439 2369 2826 2441 καὶφιλοθεῖαν
2854 2368 3070 2430 πάντως
3098 2368 3267 2438 ἐρεῖς,
3305 2368 3400 2421 καὶ
3424 2366 3488 2418 τὸ
3518 2362 3747 2433 γνησίως

2184 2466 2372 2520 τοῦτον
2413 2465 2612 2518 εἰδέναι
2636 2480 2694 2515 τε
2758 2463 2856 2516 καὶ
2913 2461 3085 2532 τιμᾷν
3127 2460 3220 2511 καὶ
3279 2459 3611 2529 φοϐεῖσθαι,
3669 2450 3753 2507 καὶ

2187 2560 2326 2630 πρὸς
2365 2559 2463 2629 μὲν
2490 2559 2699 2610 ἐκεῖνον
2732 2556 2991 2609 ἑκάστοτε
3020 2553 3223 2607 τείνειν
3243 2569 3257 2584 ⁶
3290 2553 3500 2624 ἥκιστα
3532 2548 3587 2601 δὲ
3629 2546 3754 2599 παν-

2184 2668 2293 2705 των
2321 2652 2435 2709 τοίς
2466 2648 2703 2718 παροῦσι
2740 2646 3031 2718 προσέχειν
3050 2685 3066 2708 ,
3095 2645 3188 2697 καὶ
3241 2642 3474 2713 προσέτι
3526 2639 3715 2707 δεῆσαν
3735 2676 3755 2699 ,

2185 2746 2278 2798 καὶ
2317 2744 2543 2812 μυρῖονς
2575 2740 2641 2796 ἂν
2676 2742 2814 2810 ὑπὲρ
2848 2739 3040 2793 τούτου
3073 2737 3361 2803 θανάτους,
3390 2736 3550 2805 εἴπερ
3603 2726 3753 2783 οἷοντ’

2188 2839 2245 2888 ἐν
2277 2835 2630 2903 ἀνασχέσθαι.

492 2937 639 2990 nem,
673 2939 969 2996 verumque
1002 2930 1262 2986 honorem
1299 2945 1362 2985 ac
1415 2932 1665 2985 timorem
1728 2931 1858 2985 mibi
1900 2932 2070 2994 dices,
2117 2939 2227 2983 tum
2258 2939 2315 2982 ut
2357 2929 2476 2983 dies
2521 2938 2820 2996 noctesque
2864 2926 3047 2981 animo
3116 2927 3182 2980 azl
3229 2925 3386 2979 illum
3473 2918 3754 2978 contenda-

494 3032 634 3081 mus,
658 3023 855 3088 spretis
878 3025 1100 3080 omnino
1130 3028 1495 3098 neglectisque
1521 3030 1914 3095 prmsentibus;
1949 3027 2154 3093 adbaec,
2186 3026 2228 3079 si
2256 3026 2470 3095 quando
2496 3042 2717 3081 necesse
2747 3026 2932 3088 fuerit,
2959 3036 3016 3079 ut
3048 3024 3141 3079 Dei
3172 3039 3362 3090 causa,
3394 3023 3440 3077 si
3479 3034 3583 3090 quo
3650 3014 3757 3070 ﬁeri

492 3124 654 3183 pacto
672 3119 863 3185 possit,
901 3121 984 3176 vel
1014 3122 1158 3177 mille
1186 3124 1413 3178 libenter
1444 3126 1809 3194 perpetiantur
1838 3134 2062 3179 mortes.

566 3209 700 3266 LIX.
753 3215 883 3281 Quis
939 3229 1125 3272 nostro
1173 3230 1350 3273 autem
1410 3219 1659 3277 Numinis
1719 3221 2080 3299 reverentior?

2259 3217 2390 3270 NG'.
2424 3216 2520 3279 Τίς
2549 3214 2641 3269 οὖν
2668 3214 3055 3284 εὐσεϐέστερος
3083 3214 3305 3277 τούτου,
3360 3212 3459 3266 καὶ
3491 3207 3684 3281 μᾶλλον
3706 3205 3757 3258 ὲν

494 3303 618 3369 quis
655 3301 881 3357 Domino
918 3306 1171 3372 religioso
1213 3314 1445 3377 quodam
1499 3326 1620 3363 cuttt
1673 3312 1865 3365 timore
1912 3309 2082 3379 magis

496 3395 766 3459 σετνίθηεο
799 3409 886 3450 aut
916 3398 1145 3452 clariore
1172 3418 1266 3470 per
1314 3402 1429 3457 lta-c
1469 3404 1647 3458 omnia
1695 3404 1901 3472 fulgore
1945 3407 2083 3457 emi-

501 3500 637 3540 cans
671 3486 809 3556 iqui
839 3504 951 3542 sna-
979 3491 1196 3558 quidem
1244 3509 1370 3562 erga
1410 3494 1580 3549 Deum
1624 3495 1837 3563 pietatis
1876 3495 2081 3550 semina

496 3601 526 3636 ιι
586 3592 779 3646 matre,
830 3582 1026 3638 femina
1072 3585 1275 3654 optima
1333 3597 1388 3641 et
1443 3589 1810 3653 sanctissima,
1846 3604 2079 3658 accepe-

499 3681 624 3736 rat;
658 3672 736 3726 sic
792 3688 915 3729 vere
967 3674 1033 3728 ad
1093 3680 1446 3733 centesimam
1514 3680 1718 3750 frugem
1778 3682 2077 3747 produxit,

505 3776 558 3819 ιιι
623 3770 965 3835 postmodum
1035 3768 1127 3824 Dei
1181 3772 1349 3841 ipsius
1397 3774 1734 3831 admirabilis
1771 3777 2086 3831 administer

500 3859 823 3932 adjutorqne
892 3863 1101 3930 fuerit,
1144 3876 1306 3936 atque
1364 3879 1472 3923 tum
1528 3871 1731 3936 verbis,
1786 3881 1894 3924 tum
1952 3886 2086 3939 ope-

505 3953 652 4006 ribus
702 3954 773 4007 ita
830 3958 1117 4023 magnifice
1190 3974 1255 4013 ac
1320 3961 1579 4029 praeclare
1648 3976 1802 4030 opem
1875 3963 2086 4027 tulerit,

504 4055 558 4097 nt
591 4045 672 4100 bis
703 4045 907 4100 eisdem
942 4049 1110 4103 armis
1158 4062 1306 4105 recte
1337 4053 1596 4106 adversus
1627 4053 1744 4107 illos
1782 4055 1856 4107 uti
1909 4064 2089 4123 poste-

508 4138 644 4192 ritas
687 4141 1006 4209 queat;qni
1064 4141 1117 4195 in
1196 4142 1482 4197 divinitate
1542 4159 1758 4198 omnem
1840 4146 2088 4201 essentia:

509 4231 771 4284 rationem
806 4245 1183 4300 supergressa,
1208 4232 1390 4286 nescio
1416 4248 1552 4302 quas
1574 4233 1815 4304 dispares
1832 4237 1933 4289 sibi
1961 4251 2087 4305 par-

505 4321 728 4376 titiones
773 4322 1003 4392 l‘tuguttt,
1043 4332 1098 4375 et
1156 4322 1455 4391 simplicem
1482 4324 1631 4378 illam
1662 4342 1725 4379 ac
1756 4327 2085 4381 individuam

502 4413 636 4467 vitio
668 4414 932 4478 dividunt,
970 4415 1220 4485 illiusque
1261 4419 1672 4473 coesst-ntialcm
1703 4432 1949 4475 evertere
1968 4435 2086 4474 mo-

505 4501 711 4557 liuntur
773 4514 1054 4567 naturam,
1106 4506 1315 4560 scilicet
1353 4517 1408 4560 nt
1464 4507 1604 4563 Deus
1646 4512 1834 4566 eadem
1883 4510 2088 4581 pariter

2187 3312 2338 3382 φόὸῳ
2360 3311 2431 3381 τῷ
2455 3309 2645 3380 Κυρίῳ
2665 3307 2959 3372 δουλεύων,
2987 3309 3080 3359 καὶ
3098 3305 3415 3359 διαπάντων
3436 3304 3635 3357 τούτων
3651 3300 3757 3352 δια-

2186 3404 2457 3474 φερόντως
2486 3401 2820 3469 ὲκλάμπων;
2850 3397 2909 3461 ὃς
2948 3399 3239 3468 σπέρματα
3274 3395 3593 3456 θεοσεϐείας
3623 3386 3759 3458 παρά

2183 3500 2283 3570 τῆς
2317 3499 2476 3551 πάντ’
2499 3497 2729 3567 ἀρίστης
2763 3492 2968 3564 μητρὸς
3002 3491 3229 3556 ἐδέξατο
3260 3491 3389 3560 μὲν,
3418 3485 3562 3543 οὓτω
3589 3484 3667 3581 δ’Δ
3683 3482 3756 3581 eis

2185 3590 2383 3646 ὲκατδν
2433 3588 2605 3642 ταῦτα
2644 3587 2981 3656 προήγαγεν,
3040 3584 3117 3645 ὡς
3176 3582 3275 3634 καὶ
3311 3582 3603 3652 σύμμαχος
3634 3575 3761 3627 Θεοῦ

2186 3680 2564 3754 τομεταταῦτα
2625 3677 2936 3745 θαυμαστός
2995 3673 3378 3742 γεγενῆσθαι,
3451 3676 3547 3724 καὶ
3601 3667 3762 3725 οὕτως

2187 3775 2336 3844 αὐτῷ
2364 3774 2544 3840 λόγοις
2571 3772 2668 3823 καὶ
2701 3769 2885 3838 ἔργοις
2924 3765 2993 3819 τὰ
3034 3764 3247 3836 μεγάλα
3307 3762 3671 3835 συνάρασθαι,
3693 3756 3762 3818 ὡς

2189 3865 2287 3920 καὶ
2308 3865 2436 3926 τοὺς
2470 3862 2928 3930 ἐπιγιγνομένους
2955 3860 3068 3919 τοῖς
3095 3857 3282 3917 αὐτοῖς
3329 3855 3548 3916 τούτοις
3592 3851 3764 3908 ὅπλοις

2191 3961 2336 4029 ἔχειν
2363 3955 2693 4028 κεχρῆσθαι,
2721 3953 2867 4007 κατὰ
2887 3953 2989 4012 τὰς.
3015 3950 3116 4020 τῆς
3145 3949 3487 4019 ὑπερουσίου
3520 3947 3764 4015 θεότητος

2191 4051 2413 4111 ἀνίσους
2467 4047 2643 4118 τομὰς
2689 4044 3079 4107 ἐπινοούντων,
3130 4041 3228 4096 καὶ
3273 4040 3641 4113 διαιρούντων
3676 4035 3765 4103 τὴν

2186 4141 2522 4212 ἀδιαίρετον,
2573 4138 2667 4193 καὶ
2721 4136 3076 4207 περιτρέπειν
3122 4134 3427 4189 ἐθελόντων
3479 4131 3679 4200 ταύτης
3713 4124 3768 4179 τὸ

2188 4234 2496 4306 όμοούσιον.
2537 4232 2615 4292 ὡς
2644 4231 2744 4299 τὴν
2770 4230 2940 4296 αὐτὴν
2974 4228 3068 4281 καὶ
3098 4225 3232 4279 Θεὸν
3267 4228 3369 4279 καὶ
3431 4225 3644 4293 κτίσμα
3689 4219 3768 4271 δο-

2187 4330 2328 4392 κεῖν,
2378 4329 2473 4379 καὶ
2535 4324 2833 4394 μηδέτερον
2877 4320 3084 4374 τούτων
3146 4319 3268 4370 ἐπεὶ
3314 4317 3462 4388 μηδὲ
3497 4307 3767 4383 συναμφό-

2187 4436 2372 4490 τερον.
2396 4416 2567 4470 (lt/160‘:
2608 4414 2668 4468 δὲ
2723 4414 2886 4477 θεῖον,
2937 4412 3041 4466 οὐκ
3076 4404 3195 4463 οἴδα
3226 4410 3329 4481 μὲν
3369 4410 3523 4472 ὅστις
3556 4404 3650 4459 καὶ
3678 4400 3771 4456 ἅλα

2188 4512 2279 4575 λος
2328 4511 2515 4580 ὅμοιον
2561 4507 2727 4576 ἐσχεσ
2760 4506 2901 4575 πλὴν
2959 4503 3017 4556 ἐν
3067 4501 3212 4556 τοῦτ’
3246 4497 3367 4555 οῖδα
3420 4502 3521 4555 καὶ
3575 4497 3775 4555 πάντες.

503 4605 666 4662 atque
721 4610 806 4650 res
883 4596 1131 4663 quaedam
1192 4607 1372 4653 creata
1446 4614 1571 4655 esse
1640 4603 1912 4668 videatur,
1988 4614 2080 4657 aut

2192 4605 2535 4667 ἐπίστανται,
2561 4600 2638 4663 ὡς
2688 4598 2831 4652 οὕτω
2860 4597 3073 4650 πενθῶν
3105 4596 3200 4650 καὶ
3227 4595 3493 4666 δακρύων
3520 4595 3599 4658 εἰς
3630 4591 3772 4645 ἅπαν

508 4692 699 4740 norum
752 4689 932 4757 potius
990 4696 1267 4756 neutrum,
1300 4694 1517 4765 quando
1586 4703 1874 4764 utrumque
1919 4694 2085 4749 simul

504 4790 631 4831 esse
696 4779 903 4846 nequit.
960 4777 1138 4834 Simili
1203 4796 1366 4851 porro
1426 4782 1517 4837 Dei
1543 4783 1736 4839 timore
1808 4800 1899 4853 qut
1950 4800 2062 4853 prte

506 4869 652 4924 ditus
685 4870 852 4925 fuerit
909 4871 1185 4927 hominem
1240 4875 1355 4929 scio
1412 4876 1705 4940 neminem,
1743 4890 1928 4930 verum
1985 4879 2087 4931 hoc

506 4976 674 5015 ιιιιιιιιι
730 4962 955 5033 pulchre
1012 4965 1153 5032 seio,
1209 4968 1494 5037 sciuntque
1554 4968 1681 5021 item
1737 4967 1825 5020 alii
1870 4982 2083 5029 omnes.

508 5055 579 5108 ita
624 5055 1247 5127 tristititelacrymisqne
1297 5072 1558 5130 perpetuo
1605 5060 1926 5131 Gregorium
1967 5074 2086 5114 sese

512 5146 824 5213 tradidisse,
862 5158 920 5201 ut
943 5150 1182 5204 assiduis
1224 5150 1483 5220 precibus
1508 5168 1535 5204 a
1567 5153 1674 5206 Deo
1732 5151 2087 5205 contenderet

510 5247 566 5289 ut
599 5247 654 5291 et
681 5238 799 5306 ipse
831 5247 886 5293 et
916 5241 1097 5295 caeteri
1157 5244 1290 5297 salvi
1325 5241 1540 5307 fierent,
1569 5242 1653 5296 sin
1693 5243 1893 5306 minus,
1925 5241 2087 5294 altem

511 5335 589 5390 ιιι»
616 5327 865 5397 exemplo
896 5328 1045 5384 Pauli
1069 5332 1130 5397 ⁸⁸,
1151 5334 1333 5387 casta-ri
1356 5348 1567 5398 omnes,
1593 5348 1698 5386 uno
1728 5333 1842 5402 ipso
1867 5332 2089 5386 excluso

511 5431 879 5477 servarentur.
962 5421 1056 5478 Sic
1109 5425 1244 5480 adeo
1309 5424 1400 5479 ille
1462 5440 1567 5478 non
1604 5426 1764 5478 modo
1815 5424 1968 5493 juxta
2024 5439 2090 5479 ac

512 5514 882 5583 semetipsum,
907 5516 1000 5570 sed
1046 5524 1101 5571 et
1159 5531 1321 5587 supra
1366 5518 1714 5584 semetipsum
1736 5557 1753 5582 ,
1776 5519 2081 5587 proximum

513 5621 670 5660 suum
738 5605 1008 5673 ducebat,
1062 5609 1322 5678 illumque
1379 5610 1526 5663 omni
1577 5611 1735 5663 modo
1807 5623 2087 5680 prapone-

519 5697 630 5751 bat.
664 5696 829 5752 Recte
872 5698 961 5754 ille
987 5700 1229 5770 quidem,
1260 5715 1324 5756 ac
1357 5702 1594 5757 divinum
1634 5712 1963 5772 praeceptum
1989 5702 2092 5755 im-

596 5876 641 5908 "
668 5878 822 5931 Rom.
861 5895 942 5944 ιιι,
970 5880 1020 5935 3.

2184 4692 2276 4767 ἦν,
2305 4695 2381 4758 ὡς
2410 4696 2503 4747 καὶ
2530 4690 2759 4746 πλεῖστα
2786 4690 2995 4744 δεῖσθαι
3025 4686 3187 4749 Θεοῦ,
3211 4687 3314 4740 καὶ
3341 4686 3509 4740 αὐτὸν
3540 4684 3660 4754 μὲν,
3684 4675 3772 4732 καὶ

2186 4788 2314 4849 τοὺς
2343 4785 2538 4847 ἄλλους
2581 4781 2893 4835 σεσῶσθαι·
2930 4781 2979 4832 εἰ
3004 4778 3062 4832 δὲ
3091 4777 3168 4848 μὴ
3212 4777 3405 4843 τοῦτο,
3436 4776 3654 4835 πάντας
3679 4769 3772 4839 μὲν

2189 4879 2331 4934 κατά
2366 4876 2578 4930 Παῦλον
2608 4875 2734 4936 τοὺς
2778 4872 2992 4936 ἄλλους,
3027 4870 3221 4926 ἑαυτὸν
3253 4869 3313 4922 δὲ
3352 4872 3429 4941 μή
3461 4884 3474 4898 ⁸
3501 4866 3646 4921 οὕτω
3687 4861 3771 4913 τὶν

2190 4970 2417 5038 πλησίον
2451 4968 2512 5021 ού
2552 4964 2677 5020 καθ’
2719 4964 2880 5018 αὐτὸν
2926 4963 3109 5033 μόνον,
3139 4960 3278 5015 ἀλλὰ
3310 4963 3411 5014 καὶ
3444 4960 3589 5028 ὑπὲρ
3618 4955 3772 5055 αὐτόν

2192 5064 2448 5123 ἐποιεῖτο,
2479 5061 2571 5111 καὶ
2603 5060 2718 5119 τοῖς
2751 5056 2895 5119 ὅλοις
2931 5053 3215 5125 προυτίθει
3242 5070 3255 5085 ·
3292 5052 3479 5114 καλῶς
3516 5068 3580 5119 γε
3612 5052 3775 5100 ποιῶν

2192 5154 2289 5206 καὶ
2324 5151 2422 5221 τὴν
2446 5149 2666 5218 ἐντολὴν
2698 5146 2867 5200 ποιῶν
2887 5144 3024 5214 ὁμοῦ
3047 5161 3105 5196 τε
3138 5144 3232 5197 καὶ
3276 5143 3661 5214 ὑπερὸαίνων,
3687 5132 3774 5188 καὶ

2193 5246 2336 5316 δρῶν
2370 5244 2537 5313 ἄμφω
2572 5241 2711 5313 μετά
2751 5238 2847 5293 τοῦ
2879 5237 3046 5292 αὐτοῦ
3079 5235 3427 5304 πνεύματος.
3473 5236 3534 5287 'U
3557 5234 3613 5286 δὲ
3649 5226 3772 5333 πρθς

2195 5337 2516 5404 ἀνθρώπους
2546 5333 2706 5385 τοῦτο
2747 5330 2941 5390 ποιῶν,
2964 5329 3061 5382 καὶ
3094 5328 3306 5397 ταύτην
3341 5327 3489 5397 ἔχων
3518 5327 3616 5396 τὴν
3643 5327 3775 5389 γνιὶιο

2198 5445 2327 5498 μην,
2366 5425 2522 5488 τινας
2548 5424 2648 5476 οὐκ
2686 5421 2751 5476 ἂν
2780 5420 2930 5490 ὑπὲρ
2952 5419 3195 5489 Χριστοῦ
3226 5418 3521 5480 κινδύνους
3548 5414 3777 5478 ὑπέστη,

2192 5520 2261 5573 δι’
2283 5519 2343 5571 ὃν
2372 5516 2645 5579 κάκείνοις
2695 5514 2869 5579 οὕτως
2927 5514 3173 5585 ὲχρῆτο;
3207 5509 3309 5565 καὶ
3366 5511 3481 5580 μὴν
3541 5505 3775 5564 κάκεῖνο,

2192 5611 2369 5681 ψυχῆς
2404 5610 2540 5677 ἄγαν
2579 5608 2829 5662 συντόνου
2856 5607 2953 5661 καὶ
2977 5604 3117 5676 πρὸς
3144 5604 3428 5657 Θεὺναὶει
3450 5595 3773 5663 τεταμένης,

2198 5704 2261 5756 τὸ
2312 5701 2501 5756 τοῦτον
2538 5700 2638 5771 μὲν
2692 5698 2988 5767 διαπαντὸς
3021 5696 3279 5761 ἐνώπιον,
3309 5693 3488 5748 αὐτοῦ
3519 5698 3662 5747 κατα
3690 5683 3777 5737 τὸν
