4028 6428
315 359 438 425 ’277
1257 357 1654 421 LAUDATIO
1696 356 1758 419 S.
1789 357 1906 418 GRI

2033 357 2173 423 )RIl
2214 353 2632 416 THEOLOGI.
3398 418 3406 425 .
3517 356 3624 424 279

331 472 633 544 ψαλμῳδδν
674 472 1038 543 προορᾶσθαι,
1071 474 1167 527 καὶ
1211 474 1378 544 μηδὲν
1411 473 1516 540 ἔξω
1569 475 1680 527 τῶν
1733 474 1922 546 ἐκείνῳ

2036 475 2192 543 pit-ns
2224 473 2383 528 sitniil
2416 482 2468 527 et
2508 484 2862 539 exsuperans,
2898 475 2948 524 et
2976 468 3163 524 eodem
3189 454 3479 540 utrumque
3506 475 3622 541 spi.

333 563 662 625 δοκούντων,
711 564 851 634 μήτε
902 564 1192 633 πράττειν,
1251 565 1390 634 μήτε
1435 562 1715 633 βουλεύειν
1742 602 1756 627 ,
1798 564 1924 634 μήθ’

2042 568 2144 620 ritu
2175 576 2461 634 praestans.
2491 566 2765 618 Caeterum
2802 562 2891 631 qui
2928 562 3041 615 haec
3087 575 3213 625 erga
3249 560 3496 616 homines
3552 561 3632 616 fa-

337 656 475 717 ὅλως
505 654 689 723 λέγειν
715 656 1011 725 αἱρεῖσθαι,
1040 656 1178 709 ἀλλὰ
1211 656 1394 709 πάντα
1430 656 1782 710 παντάπασιν
1844 656 1928 721 ἒξ-

2039 660 2240 723 cirhat,
2270 666 2323 712 et
2352 658 2453 711 hoc
2474 658 2699 711 omnino
2733 657 2914 709 animo
2957 664 3098 719 erat,
3129 670 3248 724 qua:
3285 671 3389 709 uou
3410 655 3502 710 ille
3532 669 3630 725 pro

337 750 533 802 ἅπτειν
562 748 800 813 ἐκείνου,
831 749 1116 817 λογισμοῖς
1159 749 1218 803 δὲ
1246 748 1343 802 καὶ
1374 748 1452 817 τῷ
1489 746 1805 821 βουλομένῳ
1827 748 1928 819 τῆς

2041 748 2254 802 Christo
2278 750 2401 803 vitae
2426 747 2736 802 discrimina
2762 757 3009 815 prompte
3038 746 3319 800 subiturus
3338 757 3506 808 esset,
3537 763 3632 803 cu-

338 838 566 910 -ίνώμης
619 839 743 907 μήδ’
789 838 1100 892 ὁπωστιοῦν
1151 839 1393 907 ὑφιέναι,
1431 839 1555 910 μηδ’
1583 833 1668 902 οἷς
1699 839 1765 893 ἂν
1795 840 1929 893 ὐπο-

2040 841 2125 911 ins
2154 842 2328 911 gratia
2374 841 2532 894 talem
2566 855 2686 895 sese
2718 840 3009 894 homuibus
3045 840 3320 908 prabebnt
3352 838 3542 894 'l'l‘um
3577 849 3631 894 et

338 929 574 985 εάλλωσι
600 929 875 984 τίθεσθαι.

2042 934 2171 986 illud
2204 935 2400 989 animae
2419 934 2771 988 vehementer
2792 942 3083 999 contenta,
3105 942 3161 987 et
3183 935 3249 987 ad
3281 932 3448 987 Deum
3470 948 3628 989 suum

338 1033 600 1092 perpetuo
620 1023 843 1077 intentae
861 1033 1002 1084 erat,
1024 1024 1165 1093 quod
1186 1039 1310 1078 cum
1333 1023 1520 1079 divino
1552 1022 1790 1088 ﬁdicine,
1820 1022 2107 1079 Dominum
2129 1039 2256 1081 ante
2307 1028 2494 1082 oculos
2521 1041 2651 1082 suos
2708 1027 2943 1097 positum
2994 1040 3212 1096 semper
3244 1027 3544 1083 intueretur
3562 1030 3629 1077 η»

341 1114 581 1184 nihilque
619 1124 818 1185 praeter
871 1131 933 1171 ea
989 1131 1109 1183 qu».
1150 1118 1259 1172 Deo
1299 1116 1797 1185 comprobabantur
1852 1130 2029 1184 neque
2082 1133 2264 1186 agere,
2332 1133 2509 1187 neque
2560 1119 2745 1173 animo
2784 1132 3024 1189 versare,
3058 1132 3234 1185 neque
3271 1131 3369 1171 ore
3401 1118 3633 1171 omnino

343 1205 585 1273 proloqui
611 1207 928 1271 sustineret,
982 1208 1077 1262 sed
1138 1207 1322 1262 omnia
1368 1208 1585 1276 penitus
1634 1208 1688 1261 in
1732 1205 1844 1260 Deo
1896 1219 2204 1277 reponeret.
2263 1209 2376 1262 suis
2415 1223 2545 1264 vero
2612 1208 3032 1279 cogitationibus
3083 1208 3360 1278 animique
3403 1221 3639 1279 propen-

342 1299 590 1356 sionibus
616 1297 760 1352 nulla
786 1299 845 1353 in
880 1314 937 1354 re
989 1298 1319 1368 indulgeret,
1345 1314 1524 1369 neque
1559 1299 1642 1352 his
1670 1313 1792 1365 qua!
1853 1298 1959 1352 illa:
1992 1301 2356 1368 siggerebant
2392 1301 2769 1357 asscutiretur.

413 1394 488 1449 ε’.
520 1393 600 1447 Τὰ
632 1392 735 1464 μὲν
763 1394 830 1465 δὴ
864 1394 1002 1465 πρὸς
1046 1396 1108 1448 τὸ
1135 1395 1293 1448 Θείον
1353 1394 1596 1456 τοιοῦτος
1619 1410 1635 1426 ·
1690 1395 1828 1463 πρὸς
1862 1395 1922 1448 δὲ

2122 1396 2239 1452 LX.
2277 1399 2454 1467 Atque
2485 1398 2608 1454 talis
2637 1399 2888 1468 equidem
2937 1415 3063 1470 erga
3118 1398 3290 1453 Deum
3339 1398 3637 1468 Gregorius

340 1491 471 1550 τοὺς
501 1486 825 1558 ἀνθρώπους
853 1488 1039 1551 ὁποῖος
1071 1504 1198 1552 τις;
1233 1485 1323 1558 ἆρ’
1358 1487 1505 1540 ἔστιν
1541 1487 1795 1541 ὁστισοῦν
1820 1486 1931 1540 τῶν

2049 1497 2152 1541 πει
2176 1502 2193 1541 :
2219 1486 2394 1556 qualis
2426 1486 2566 1542 idem
2615 1502 2742 1542 vero
2784 1503 2911 1558 erga
2945 1488 3196 1544 homines
3222 1488 3367 1542 luit?
3396 1490 3640 1559 nunquid

342 1581 621 1644 ἁπάντων,
653 1579 714 1644 ὃς
743 1579 934 1636 τοῦτον
962 1582 1026 1635 οὔ
1077 1583 1208 1652 περὶ
1243 1581 1495 1644 πλείονος
1515 1575 1619 1651 ἦγε
1647 1580 1757 1633 τῶν
1791 1580 1930 1632 πάν-

2081 1577 2210 1646 ςῑιιη
2247 1577 2536 1647 quisquam
2568 1578 2810 1632 omnium
2845 1579 3127 1635 hominum
3161 1588 3268 1643 est,
3304 1579 3432 1650 quin
3466 1580 3672 1655 pluris,

342 1692 475 1737 των,
500 1676 562 1728 οὐ
591 1674 702 1729 τῶν
731 1673 1109 1729 εὐσεϐούντων
1140 1675 1284 1745 φημὶ
1316 1674 1500 1744 μόνον,
1529 1672 1670 1727 ἀλλὰ
1700 1671 1795 1725 καὶ
1823 1671 1932 1724 τῶν

2052 1670 2221 1740 ipsum
2251 1670 2413 1739 quam
2454 1670 2590 1725 alios
2618 1670 2842 1725 omnino
2864 1686 3059 1726 omnes
3112 1670 3302 1727 l'ecerit
3331 1671 3356 1726 Υ
3384 1685 3489 1725 non
3525 1685 3643 1724 mo-

342 1768 585 1838 ἒλλὴνων
616 1768 732 1822 ὅσοι
761 1767 953 1821 τοῦτόν
981 1785 1042 1820 τε
1074 1764 1237 1834 εἶδον,
1260 1770 1355 1822 καὶ
1375 1768 1538 1830 ὅσους
1557 1768 1590 1835 ἡ
1612 1765 1742 1834 περὶ
1768 1762 1933 1817 αὐτοῦ

2052 1766 2116 1817 do
2144 1762 2583 1819 Christianorum
2615 1765 2910 1834 quispiam,
2949 1766 3045 1820 sed
3094 1778 3431 1834 paganorum
3502 1779 3643 1835 quo-

347 1863 508 1931 φήμη
563 1861 983 1931 κατέσχε;οὐχ
1040 1862 1090 1914 οἱ
1146 1860 1268 1930 μὲν,
1331 1858 1699 1914 παντοδαπῶν
1756 1857 1935 1925 λόγων

2052 1874 2170 1927 que,
2203 1865 2468 1926 quotquot
2490 1857 2763 1912 hominem
2789 1871 3025 1927 unquam
3058 1858 3332 1922 viderunt,
3383 1868 3474 1910 aut
3504 1872 3643 1927 quos

348 1955 557 2020 ἑστίαν,
590 1956 639 2007 οἱ
674 1953 755 2020 δὲ,
785 1952 1082 2023 κεφάλαιον
1115 1951 1553 2020 καλοκαγαθίας,
1593 1951 1691 2005 καὶ
1720 1950 1939 2019 θαυμα-

2052 1950 2189 2006 fama
2228 1951 2376 2005 illius
2407 1951 2721 2020 occupavit.
2766 1948 2963 2005 Nonne
3014 1949 3162 2004 illum
3210 1949 3304 2004 alii
3373 1952 3643 2006 eruditio-

352 2042 486 2114 στῆν
519 2042 758 2114 χαρίτων
787 2042 986 2113 φορὰν,
1021 2044 1117 2096 καὶ
1167 2043 1338 2112 ἄκρον
1383 2042 1588 2113 ἀρετῆς
1617 2040 1938 2113 παιδευτὴν,

2053 2043 2134 2097 nis
2216 2042 2485 2097 universa:
2537 2041 2858 2109 delubrum;
2911 2041 3004 2096 alii
3078 2040 3288 2109 apicem
3354 2041 3644 2109 probitatis

350 2137 448 2192 καὶ
483 2139 592 2191 πᾶν
640 2138 668 2192 ὃ
706 2155 761 2191 τι
796 2137 1086 2192 κάλλιστον
1126 2136 1322 2190 τοῦτον
1363 2137 1641 2204 ὲκὰλουνς
1693 2134 1818 2206 οὐχὶ
1849 2134 1941 2190 τὸν

2049 2134 2502 2206 integritatisque,
2535 2141 2590 2189 et
2618 2133 2939 2190 admirabile
2964 2133 3280 2189 Gratiarum
3307 2132 3640 2189 instrumen-

362 2230 621 2303 ’Λθήνῃσι
652 2229 842 2301 θρόνον
873 2229 1062 2299 ἠξίουν
1091 2227 1302 2293 λαϐεῖν,
1327 2232 1377 2284 οἱ
1416 2230 1537 2298 μὲν,
1568 2228 1661 2282 τὸν
1693 2243 1941 2297 σοφιστι-

2052 2237 2164 2282 tum
2216 2235 2272 2282 et
2308 2240 2584 2297 summum
2622 2226 2839 2280 virtutis
2888 2225 3228 2295 magistrum,
3280 2232 3336 2277 et
3381 2223 3643 2292 quidquid

352 2324 474 2387 κον,
503 2324 616 2376 ὅσοι
670 2322 728 2376 δὲ
781 2323 907 2376 καθ’
939 2324 1089 2393 ἡμᾶς
1143 2322 1444 2393 ἐτύγχανον
1493 2321 1668 2384 ὄντες,
1731 2321 1820 2374 τὸν
1848 2320 1943 2389 τῆς

2055 2319 2575 2375 honestissimorum
2605 2316 2902 2385 elogiorum
2925 2324 3028 2380 est,
3054 2315 3446 2385 appellabant?
3470 2329 3646 2368 nonne

353 2418 476 2471 κατ’
506 2418 704 2480 αὐτοὺς
733 2417 1077 2488 ἑκκλησίαςς
1109 2417 1235 2487 οὐχὶ⁸
1292 2416 1565 2487 παρόντος
1614 2417 1725 2486 μὲν
1751 2415 1944 2484 ἑορτὴν

2051 2412 2301 2473 Athenis.
2326 2411 2505 2466 caeteri
2530 2409 2747 2481 quidem
2784 2407 2891 2463 ludi
2925 2408 3176 2475 oratorii,
3223 2419 3280 2463 at
3331 2417 3642 2465 nostrarum

351 2508 509 2582 ἦγον,
531 2512 640 2565 τῶν
664 2513 882 2566 πάντων
925 2512 984 2564 οὐ
1022 2514 1117 2565 καὶ
1150 2512 1293 2579 σφᾶς
1326 2511 1524 2572 αὐτοὺς
1556 2506 1942 2578 εὖδαιμόνιζονε

2058 2517 2244 2558 omnes
2268 2501 2529 2572 partium,
2556 2499 2800 2555 ecclesiae
2831 2500 3050 2555 urbana:
3075 2500 3354 2564 thronum,
3379 2506 3437 2552 ut
3460 2513 3649 2567 capes-

350 2606 660 2674 ἀπάραντος
680 2603 736 2657 δὲ
759 2602 1014 2657 τοσοῦτον
1040 2604 1232 2667 πένθος
1253 2604 1452 2666 αὐτοὺς
1476 2601 1941 2670 κατειλῆφει,ὅσοι

2063 2601 2223 2658 seret,
2249 2606 2576 2662 magnopere
2599 2590 2900 2660 urgebant?
2923 2593 3360 2661 nounequandin
3394 2590 3482 2644 ille
3508 2605 3654 2659 prte-

354 2694 406 2746 sl
431 2694 524 2747 καὶ
544 2696 641 2756 τὰς
681 2693 913 2764 Ἀθήνας
953 2694 1126 2756 αὑτὰς
1158 2688 1297 2746 εἶδον
1316 2692 1771 2757 καταπεσούσας;
1804 2694 1854 2744 εἰ
1888 2690 1945 2744 δὲ

2054 2700 2182 2741 seus
2209 2694 2327 2740 erat
2350 2686 2518 2739 festos
2559 2683 2776 2738 assidue
2806 2683 2924 2736 dies
2956 2682 3320 2739 Athenienses
3343 2685 3645 2753 agitabant,

355 2785 487 2856 περὶ
524 2785 687 2839 αὐτὸν
714 2780 861 2840 οὗτοι
886 2786 1142 2851 τοιοῦτοι,
1167 2787 1421 2855 ἐννόησον
1455 2785 1661 2856 ἡλίκων
1683 2785 1779 2837 καὶ
1807 2784 1946 2837 ὅσων

2061 2794 2226 2846 seque
2257 2780 2404 2849 ipsos
2454 2780 2644 2833 beatos
2675 2775 3084 2846 praedicabant?
3128 2790 3268 2844 quos
3296 2785 3486 2835 contra
3535 2780 3652 2846 ipso

352 2882 509 2944 παρὰ
523 2882 635 2943 τοῖς
656 2883 755 2952 τῆς
781 2881 1064 2946 εύσεσείας
1093 2881 1306 2952 ἠξιοῦτο
1330 2882 1646 2952 τροφίμοις,
1670 2878 1766 2936 καὶ
1785 2876 1943 2932 τίνων

2060 2887 2207 2928 uram
2240 2871 2488 2928 solvente
2518 2867 2702 2924 tantus
2729 2868 3004 2939 oppressit
3031 2881 3252 2935 mceror,
3279 2868 3427 2924 velut
3461 2873 3507 2926 si
3529 2878 3651 2925 astu

353 2974 598 3029 ἀπέλαυε
620 2975 731 3029 τῶν
766 2978 1032 3032 παιάνων.

2063 2968 2241 3036 ipsmu
2282 2965 2530 3020 funditus
2560 2978 2818 3020 corruere
2869 2962 3151 3016 vidissent.
3179 2962 3280 3028 Qui
3316 2962 3361 3017 si
3394 2963 3497 3017 hoc
3524 2978 3653 3033 erga

357 3072 602 3121 nostrum
621 3068 805 3124 animo
835 3068 1075 3134 inierunt,
1121 3079 1333 3138 reputa,
1359 3084 1565 3140 quaso,
1588 3079 1721 3140 quot
1744 3069 1835 3123 ille
1871 3061 2198 3135 quantisque
2226 3060 2524 3115 honoribus
2559 3074 2589 3113 a
2624 3074 2765 3115 verte
2819 3056 3038 3126 pietatis
3082 3057 3318 3112 alumnis
3346 3059 3656 3113 cumulatus

355 3164 620 3230 quibusve
645 3163 862 3219 laudum
900 3164 1187 3236 praeconiis
1213 3175 1438 3220 ornatus
1468 3164 1650 3222 fuerit.

429 3256 554 3311 EA’.
585 3251 757 3330 Οἶμαι
787 3255 898 3328 γὰρ
929 3257 979 3310 εἰ
1007 3257 1256 3311 ἐδέδοκτο
1283 3258 1451 3311 πᾶσιν
1487 3258 1802 3330 ἀνθρώποις
1834 3261 1945 3316 ἀπὸ
1973 3272 2018 3330 c

2136 3261 2271 3319 LXI.
2306 3261 2397 3318 Sic
2424 3262 2570 3318 enim
2604 3269 2806 3325 statuo,
2839 3263 2883 3315 si
2915 3261 3171 3314 universo
3202 3257 3509 3313 mortalium
3562 3268 3653 3324 ge-

357 3347 543 3401 κηινοῦ
591 3348 873 3419 συνεδρίου
925 3349 1101 3418 φιλεῖν
1138 3348 1237 3419 μὲν
1270 3349 1432 3403 αὐτὸν
1473 3349 1614 3419 ὑπὲρ
1653 3350 1793 3419 σφᾶς
1843 3354 1945 3406 αὐ-

2060 3357 2199 3418 neri,
2234 3356 2511 3410 communi
2541 3355 2777 3423 quodam
2829 3353 3064 3407 caucilio
3100 3353 3381 3405 decretum
3440 3347 3651 3406 luisset.

358 3441 508 3505 τοὺς,
539 3438 843 3510 θαυμάζειν
873 3440 931 3494 δὲ
967 3441 1122 3512 παρὰ
1157 3442 1389 3507 πάντας,
1423 3442 1705 3514 ἐξαίρετον
1739 3444 1797 3498 δέ
1820 3463 1947 3500 τινα

2065 3437 2376 3510 Gregorium
2412 3440 2697 3509 plusquam
2727 3439 3057 3507 semetipsos
3098 3435 3347 3504 diligere,
3381 3444 3656 3500 supraque

363 3533 461 3586 καὶ
481 3533 746 3605 περιττὴν
776 3533 1092 3603 φιλοτιμίαν
1116 3535 1252 3588 θεοῦ
1283 3537 1420 3605 πρὸς
1448 3536 1543 3589 ἀνθ
1555 3536 1772 3606 ρώπους
1797 3539 1950 3608 ἠγιτο

2064 3529 2193 3583 alios
2222 3543 2414 3583 omnes
2449 3529 2751 3597 suspicere,
2811 3539 2865 3583 et
2892 3544 2990 3598 pro
3027 3526 3294 3594 singulari
3347 3534 3512 3593 atque
3544 3538 3655 3576 ex-

369 3627 488 3677 obat
510 3625 716 3695 κόσμον
745 3643 799 3678 τι
833 3626 1018 3679 κοινὸν
1052 3627 1154 3694 τῆς
1187 3627 1540 3696 ἀνθρωπείας
1586 3628 1804 3696 φύσεως
1842 3631 1948 3698 φά.-

2067 3620 2272 3675 :ellenti
2327 3621 2520 3675 divinae
2561 3637 2689 3689 erga
2729 3622 2978 3675 homines
3044 3619 3236 3688 gratias
3278 3615 3658 3686 benignitatis-

366 3734 539 3784 σκειν,
576 3718 860 3786 φείδεσθαι
885 3720 943 3774 δὲ
979 3720 1212 3791 μηδενός
1238 3735 1254 3752 ο
1285 3721 1467 3774 πάντα
1523 3720 1579 3774 δὲ
1608 3721 1677 3775 τὰ
1729 3723 1947 3777 πάντων

2068 3730 2162 3785 que
2198 3713 2444 3784 exemplo
2484 3714 2710 3779 habere,
2760 3723 2817 3767 et
2862 3721 2916 3766 ut
2966 3725 3255 3767 commune
3304 3722 3514 3764 naturae
3560 3711 3659 3760 hu-

364 3809 626 3864 κάλλιστα
654 3811 832 3882 τούτῳ
860 3814 1197 3883 προσνέμειν
1221 3830 1236 3846 ·
1269 3814 1380 3867 τῶν
1415 3813 1461 3866 δ’
1484 3815 1565 3877 είς
1588 3814 1756 3885 τιμὴν
1786 3815 1946 3885 ἠκόν-

2068 3820 2231 3861 iuauat
2290 3816 2670 3860 ornamentum
2726 3804 3043 3872 pra'dicare,
3093 3817 3196 3857 nec
3260 3800 3385 3856 ullis
3423 3798 3659 3866 denique

365 3922 498 3969 των,
537 3906 763 3976 μηδενὸς
812 3906 1145 3978 τοπαράπαν
1200 3907 1452 3977 ἀπέχειν,
1506 3908 1673 3978 μηδὲν
1704 3883 1775 3961 ἂν
1807 3883 1952 3963 εἶναι

2067 3895 2307 3952 laudibus
2356 3909 2605 3966 parcere,
2657 3909 2842 3948 verum
2910 3894 3172 3964 quidquid
3222 3893 3276 3947 in
3329 3883 3658 3959 uuoquoqne

363 3998 541 4069 τούτῳ
569 3999 730 4054 πλέον
758 4001 839 4063 εἰς
871 3999 1051 4066 δόξαν,
1082 3995 1150 4071 ἧς
1174 3994 1320 4054 οὗτοι
1348 4000 1613 4071 παρεῖχον
1633 4013 1646 4028 ⁶
1674 4000 1819 4054 οὕτω
1846 4020 1954 4072 μα-

2066 3988 2567 4060 splendidissimum
2598 3987 2891 4042 haberetur
2919 3987 2970 4042 id
2999 3999 3161 4041 omne
3195 3985 3299 4055 ipsi
3331 3981 3657 4039 attribueret

363 4093 507 4145 νικοί
545 4110 686 4156 τινες
712 4088 854 4163 ἦσαν
879 4093 1148 4164 ἀσχέτως,
1185 4094 1278 4147 καὶ
1326 4087 1438 4146 οἷον
1471 4092 1697 4165 ἔμπλεῳ
1723 4095 1825 4165 τῆς
1855 4096 1952 4149 αύ-

2065 4090 2221 4148 atque
2263 4078 2407 4133 nulla
2447 4077 2669 4132 omnino
2728 4093 2805 4142 re,
2834 4093 2956 4146 qua:
3016 4075 3264 4145 aliquam
3311 4069 3539 4129 honoris
3576 4068 3656 4124 si—

364 4182 462 4237 τοῦ
495 4185 730 4255 κατοχῆς
755 4201 769 4217 ο
795 4183 917 4239 οὐδὲ
952 4184 1063 4254 γὰρ
1086 4183 1195 4237 οὐδ’
1225 4182 1474 4239 ὁντινοῦν
1518 4183 1695 4254 τούτῳ
1738 4200 1801 4253 γε
1835 4185 1952 4239 ἴσον

2070 4173 2457 4245 gniﬁcatiouem
2484 4170 2786 4241 praelerret,
2819 4170 3097 4226 abstinere
3125 4186 3139 4233 ;
3178 4167 3384 4222 nullam
3419 4165 3546 4220 inde
3577 4168 3661 4214 la-

366 4275 557 4346 ὲώρων
588 4277 622 4349 ἢ
666 4276 1077 4347 παραπλήσιον,
1119 4275 1258 4331 ἀλλὰ
1287 4278 1501 4340 πάντας
1533 4276 1687 4332 κάτω
1709 4277 1954 4349 χωροῦν-

2064 4280 2181 4319 men
2218 4265 2587 4319 accessionem
2621 4262 2858 4316 futuram
2889 4260 2956 4314 ad
2985 4275 3103 4313 eam
3142 4258 3380 4313 hominis
3426 4257 3655 4328 gloriam

368 4383 470 4432 τας
499 4369 594 4422 καὶ
626 4370 816 4441 πόρρω
842 4371 1109 4440 φέροντας
1137 4387 1149 4398 ·
1181 4370 1244 4422 οὐ
1269 4370 1446 4437 λόγων
1470 4370 1656 4424 εἵνεκα
1681 4370 1827 4436 λέγω
1857 4371 1955 4426 καὶ

2063 4371 2220 4426 quam
2268 4355 2344 4410 illi
2391 4352 2690 4409 ChriStiani
2744 4352 3072 4412 tribuebant,
3124 4364 3297 4417 usque
3347 4351 3484 4403 adeo
3538 4358 3654 4403 tau-

365 4460 514 4531 ἠθῶν
547 4450 641 4517 Stal.
673 4464 915 4533 χαρίτων
954 4463 1050 4516 καὶ
1083 4464 1326 4533 τρόπων,
1361 4462 1454 4517 καὶ
1492 4461 1587 4516 τοῦ
1621 4463 1709 4516 διὰ
1735 4463 1956 4517 πάντων

2070 4466 2223 4519 quam
2256 4448 2307 4501 vi
2340 4449 2575 4516 quadam
2623 4444 2826 4513 majore
2869 4442 3156 4514 lymphati,
3210 4452 3267 4497 et
3322 4456 3481 4496 sacro
3516 4441 3661 4496 illius

370 4555 512 4627 ὑπὲρ
546 4556 755 4620 πάντας
792 4556 1103 4627 εὐδοκιμεῖν
1143 4555 1447 4608 δύνασθαι·
1476 4556 1593 4610 ἀλλ’
1625 4558 1708 4610 ὅτι
1736 4557 1955 4622 τούτοις

2069 4542 2323 4598 instinctu
2357 4538 2568 4595 attoniti
2600 4547 2758 4592 erant
2786 4554 2799 4590 :
2827 4535 3027 4604 quippe
3048 4536 3142 4604 qui
3197 4550 3382 4604 parem
3438 4533 3660 4604 ipsi,aut

368 4647 509 4718 ἔχων
562 4648 950 4718 σεμνύνεσθαι,
982 4649 1076 4703 καὶ
1127 4650 1272 4718 μέγα
1306 4652 1548 4719 φρονεῖν,
1584 4650 1660 4703 ξδ’
1689 4650 1796 4702 ὑπὸ
1825 4651 1959 4703 θαυ-

2068 4639 2327 4700 similem,
2380 4634 2640 4690 videbant
2691 4630 3267 4695 omnino-neminem,
3310 4631 3404 4685 sed
3469 4644 3659 4683 omnes

374 4742 585 4811 μαστῆς
610 4742 750 4808 ἄγαν
777 4740 1106 4812 πραότητος,
1137 4740 1232 4793 καὶ
1274 4739 1368 4792 τοῦ
1401 4741 1570 4810 μηδὲν
1598 4740 1710 4794 οὐδ’
1737 4741 1764 4793 ὅ
1788 4757 1957 4810 φασιν

2071 4732 2292 4785 multum
2357 4726 2499 4782 infra
2554 4727 2812 4782 sedentes
2863 4724 3187 4795 longiusque
3254 4733 3516 4778 remotos.
3561 4722 3662 4775 At-

370 4831 504 4901 ιναρ
535 4830 742 4885 τούτων
769 4830 1116 4900 προσίεσθαι,
1152 4829 1328 4894 οὕτως
1361 4830 1507 4902 ἔχειν
1537 4829 1676 4902 ᾤετο
1723 4832 1832 4884 δεῖν
1861 4832 1958 4884 καὶ

2071 4833 2168 4886 que
2220 4818 2270 4870 id
2325 4831 2433 4871 non
2494 4827 2602 4869 tam
2650 4817 2995 4887 eloquentia},
3023 4826 3079 4870 et
3134 4815 3330 4868 nativae
3365 4813 3662 4878 iudolis,et

369 4921 561 4976 τοῦτον
604 4921 909 4976 διακεῖσθαι
937 4922 1026 4976 τὸν
1067 4922 1292 4992 τρόπον,
1343 4921 1419 4985 ὡς
1468 4922 1534 4974 ἂν
1599 4922 1724 4991 μηδ’
1772 4920 1958 4975 ὁτιοῦν

2067 4912 2269 4980 gratiae,
2292 4921 2347 4965 et
2375 4926 2588 4965 morum
2621 4926 2783 4966 causa
2812 4927 2827 4978 ;
2860 4922 2914 4966 et
2938 4910 3082 4979 quod
3110 4909 3368 4963 omnibus
3410 4909 3460 4960 in
3497 4907 3658 4962 rebus

372 5014 514 5083 ἔχων
543 5014 656 5068 τῶν
692 5015 1015 5084 δυναμένων
1045 5016 1209 5069 αὐτὸν
1235 5014 1479 5085 ἐπαίρων
1518 5013 1785 5083 ἐπαίρειν,
1838 5013 1958 5067 ἀλλ’

2064 5005 2291 5058 aliorum
2340 5004 2583 5057 omnium
2627 5003 2856 5074 gloriam
2903 5003 3060 5057 facile
3105 5003 3324 5056 vincere
3369 4999 3655 5070 potuisset.

371 5103 478 5171 ἔξω
507 5104 675 5158 καλοῦ
708 5106 908 5169 παντὸς
934 5106 1200 5175 πεφυκὼς
1232 5107 1328 5159 καὶ
1356 5104 1606 5159 διατοῦτο
1634 5103 1703 5157 τὰ
1726 5104 1956 5159 τοιαῦτα

2069 5097 2157 5151 sed
2190 5096 2332 5165 quod
2355 5095 2571 5149 etiamsi
2611 5095 2696 5150 his
2722 5094 3036 5150 nominibus
3069 5094 3210 5148 haud
3243 5092 3440 5161 injuria
3472 5106 3660 5158 super-

375 5197 708 5267 φιλοσοφῶν,
749 5198 818 5252 δι’
848 5200 916 5271 ἣν
955 5199 1080 5253 οὐδὲ
1111 5200 1408 5268 θαυμάτων
1454 5197 1761 5268 αὐτουργὸς
1794 5196 1961 5268 ἠξίω-

2071 5188 2250 5241 cilium
2289 5186 2503 5253 tollere,
2537 5195 2593 5241 et
2621 5186 2894 5240 sublatius
2942 5186 3010 5240 de
3047 5200 3107 5241 se
3162 5184 3481 5238 existimare
3513 5190 3662 5249 pote—

377 5305 469 5343 σεν
500 5291 560 5345 ἐν
585 5290 663 5361 τῷ
720 5292 952 5361 παρόντι
999 5292 1296 5360 γενέσθαι,
1331 5291 1453 5344 οὐδὲ
1511 5294 1702 5361 τέρασι
1731 5292 1824 5344 καὶ
1866 5306 1964 5360 ση-

2073 5299 2178 5353 rat,
2201 5300 2415 5342 summe
2438 5285 2751 5340 admirabili
2777 5296 2954 5339 tamen
2978 5282 3263 5345 modestia,
3285 5278 3502 5348 etquod
3527 5276 3659 5330 nihil

381 5382 554 5450 μείοις
584 5384 959 5454 ἐπικοσμῆσαι
986 5385 1078 5437 τὸν
1113 5385 1226 5454 βίον
1260 5383 1583 5454 δυνάμενος,
1617 5383 1692 5447 ὡς
1722 5383 1823 5435 οὐκ
1870 5378 1966 5435 οἷδ’

2073 5381 2364 5435 admodum
2431 5378 2658 5432 istarum
2722 5391 2927 5440 rerum,
2988 5389 3055 5429 ue
3123 5374 3173 5426 iu
3223 5370 3476 5455 somqiis,
3519 5368 3663 5436 quod

377 5475 535 5538 εἴτις,
568 5474 663 5527 τοῦ
684 5475 738 5527 δὲ
765 5476 991 5548 μετρίου
1028 5476 1191 5547 μόνου
1221 5475 1553 5546 φροντίζων,
1577 5477 1674 5529 καὶ
1701 5476 1801 5547 τὴν
1824 5477 1968 5530 ὲκεῖ-

2075 5474 2248 5533 aiunt,
2269 5479 2590 5539 agnosceret
2621 5485 2636 5536 ;
2669 5469 2745 5522 ita
2786 5467 3119 5533 habendum,
3151 5464 3332 5531 itaque
3377 5474 3536 5515 suum
3556 5458 3661 5512 sibi

380 5562 471 5619 θεν
500 5564 892 5635 ἀποσειόμενος
920 5569 1100 5633 δόξαν,
1133 5569 1272 5622 ἀλλὰ
1299 5568 1398 5639 τὴν
1432 5558 1544 5623 ἄνω
1578 5569 1964 5640 μακαριότητα

2073 5561 2317 5617 animum
2365 5560 2753 5629 instituendum
2819 5566 3104 5618 statueret,
3168 5554 3314 5637 velut
3378 5553 3467 5621 qui
3528 5549 3661 5607 nihil

386 5653 556 5724 μόνην
588 5657 771 5728 ἐζήτει
798 5654 898 5711 ὂιαὶ
931 5659 992 5712 τὶ
1021 5658 1160 5728 μετὰ
1190 5656 1328 5713 Θεοῦ
1357 5658 1618 5729 τετάχθαι
1641 5659 1735 5710 καὶ
1767 5655 1958 5712 τοῦτον

2066 5655 2361 5724 quidquam
2414 5664 2601 5706 eorum
2628 5664 2748 5719 qua:
2786 5649 2999 5704 animos
3046 5646 3147 5717 ipsi
3186 5647 3367 5701 facere
3410 5648 3656 5714 possent,

469 5840 511 5871 "
543 5843 688 5898 l’sal.
727 5857 836 5907 xw,
868 5840 922 5894 8.
