4028 6432
437 328 546 392 Q79

1642 333 2040 429 ΤΙΙΕΟΒῌῌ
2087 335 2434 396 ΜωΝΑςιιι

3611 341 3711 408 ἳὸθ

438 453 661 506 haberet
685 452 784 524 (l).
813 452 905 508 Vir
936 455 1188 510 nimirum
1213 464 1400 524 suapte
1427 465 1617 509 natura
1662 471 1690 508 a
1721 457 1863 510 \‘itiis
1906 473 2025 510 om.

2134 461 2355 526 ἀμέσως
2383 462 2514 530 ὁρᾷν
2547 477 2559 492 ο
2593 459 2714 514 ὅθεν
2739 461 3090 534 θαρρούντως
3123 460 3424 532 ἐπέρχεταί
3448 479 3539 531 μοι
3565 463 3709 533 βοᾷκ,

438 545 601 597 nibus
638 544 884 610 alienior,
921 559 974 599 et
1007 559 1291 616 prop'erea
1323 548 1463 601 hanc
1494 547 1907 616 philosolihaudi
1945 565 2024 603 ra—

441 640 648 692 tionem
679 651 919 696 secutus.
966 641 1220 710 Ejusdem
1279 643 1557 697 modestiae
1609 656 1878 712 respecm,
1925 658 2025 698 nec

440 734 728 800 miracula,
776 737 900 789 dum
944 739 1122 790 adhuc
1157 737 1298 790 inter
1324 741 1476 793 vivos
1506 747 1648 804 erat,
1685 741 1911 807 ipsemet
1936 755 2025 808 ναν

443 836 611 891 trare,
658 843 756 881 nec
803 830 968 883 vitam
1021 844 1174 883 suam
1238 832 1409 897 signis
1456 844 1509 887 et
1542 835 1772 887 ostentis
1803 834 2026 898 insuper

2133 553 2342 606 ὃτι.καὶ
2375 553 2536 608 πλέον
2569 555 2678 606 τῶν
2705 554 2880 607 ἄλλων
2928 547 3084 618 οὗτος
3128 553 3378 623 ἐκράτει,
3412 553 3446 624 ἢ
3474 555 3583 608 τῶν
3615 557 3712 622 ἀγ-

2132 647 2310 715 γέλων
2345 649 2544 714 ἡττᾶτο
2568 665 2580 677 ·
2631 641 2707 702 ὧν
2739 648 2959 702 ἔλαττον
3004 648 3143 718 ἔχων
3181 648 3270 700 διά
3300 648 3364 700 τὸ
3399 646 3584 716 σῶμα,
3630 649 3714 702 διὰ

2139 741 2359 795 πάντων
2385 740 2596 802 τούτοις
2628 738 2876 805 ἐξισοῦτο
2908 740 3020 794 τῶν
3051 740 3229 794 ἄλλων
3255 755 3270 772 ο
3309 741 3518 809 μᾶλλον
3542 740 3599 793 δὲ
3627 739 3717 794 καὶ

2135 832 2324 901 παρίει
2361 828 2612 902 [παρῄει]
2641 829 2778 901 μετὰ
2809 831 2909 897 τῆς
2943 828 3078 898 ὕλης
3103 828 3382 882 τάκείνων
3412 830 3650 891 δεικνύς.

442 913 712 970 illusu'are
771 919 1093 985 voluit,cui
1151 922 1253 976 hoc
1320 939 1432 992 pra:
1467 924 1576 979 alio
1617 926 1811 994 quovis
1861 924 1912 976 in
1974 922 2196 992 proclivi
2262 922 2473 988 fuisset,
2514 923 2621 978 nisi
2674 921 2886 977 modica
2953 921 3042 976 ille
3124 923 3386 976 duntaxat
3409 925 3717 990 expetisset.

439 1020 494 1062 et
551 1010 816 1078 ejusmodi
881 1016 1178 1083 respuisset
1241 1019 1513 1085 gloriam,
1565 1019 1778 1073 scilicet
1835 1034 2125 1088 supernam
2203 1017 2348 1071 illam
2426 1016 2818 1071 beatitudinem
2880 1015 3050 1071 solam
3116 1017 3449 1084 quarehat,
3515 1023 3571 1068 et
3618 1010 3722 1065 Deo

440 1108 717 1177 conjungi,
746 1109 1008 1179 illumque
1050 1113 1116 1166 de
1167 1116 1418 1181 proximo
1463 1117 1736 1184 contueri,
1781 1118 1924 1171 unde
1987 1117 2222 1170 lidenter
2285 1115 2599 1170 exclamare
2670 1115 2838 1180 subit,
2871 1115 3048 1185 magis
3079 1122 3324 1169 nostrum
3365 1111 3479 1166 alio
3510 1109 3721 1171 vicisse.

439 1217 600 1270 quam
639 1203 836 1258 victmn
867 1207 935 1260 ab
967 1203 1174 1273 angelis
1210 1205 1393 1272 fuisse,
1431 1208 1684 1261 nimirum
1706 1217 1762 1261 ut
1800 1208 1870 1261 ob
1893 1221 2206 1275 corpoream
2241 1207 2436 1260 molem
2468 1205 2574 1261 illis
2609 1205 2855 1271 inferior,
2924 1217 2998 1262 ita
3021 1216 3215 1260 castera
3265 1205 3450 1258 omnia
3505 1217 3602 1271 par
3673 1214 3724 1258 ει

438 1296 663 1362 aequalis
686 1303 822 1360 erat,
844 1299 960 1352 sive
988 1299 1170 1354 verius
1192 1309 1244 1354 et
1277 1301 1376 1354 hos
1404 1300 1602 1356 vicisse
1623 1315 1855 1368 quorum
1881 1313 2044 1362 opera
2084 1300 2436 1370 quantumvis
2475 1299 2699 1353 materie
2731 1300 3098 1353 circumdatus
3123 1300 3442 1368 praestabat.

513 1389 678 1444 LXII.
711 1392 942 1456 Quando
987 1393 1173 1458 itaque
1207 1393 1331 1447 talis
1362 1393 1584 1448 omnino
1623 1393 1741 1462 ipse
1781 1407 1926 1456 esse,
1968 1401 2026 1445 et

443 1484 590 1538 hunc
645 1485 698 1538 in
749 1487 963 1538 modum
1017 1485 1236 1539 ultimas
1283 1485 1544 1555 cujusque
1589 1485 1802 1539 virtutis
1851 1493 2023 1540 metas

443 1575 765 1644 contingere
796 1575 1069 1641 studebat,
1101 1591 1160 1630 ut
1190 1577 1271 1629 sui
1303 1587 1525 1644 stupore
1559 1586 1787 1630 cunctos
1813 1575 2024 1644 percel-

445 1666 581 1721 leret
609 1683 673 1722 ac
703 1668 990 1735 detineret,
1029 1683 1204 1738 eoque
1240 1670 1556 1735 adduceret,
1587 1679 1645 1722 ut
1682 1667 1940 1722 maximis
1973 1668 2024 1720 in

2199 1390 2320 1444 EB'.
2359 1391 2490 1443 Ὅτε
2525 1389 2768 1454 τοιοῦτος
2824 1392 2924 1461 μὲν
2978 1390 3144 1453 αὐτὸς
3192 1390 3536 1444 ἐσπούδακεν
3563 1383 3723 1447 εἶναι,

2127 1485 2224 1537 καὶ
2254 1483 2401 1538 οὕτω
2441 1485 2623 1553 πάσης
2668 1483 2876 1553 ἀρετῆς
2909 1482 2998 1536 ἐπ’
3029 1483 3235 1552 ἔσχατα
3267 1483 3432 1553 ἥκειν
3482 1482 3560 1544 ὡς
3590 1481 3723 1535 πάν-

2129 1593 2230 1640 τας
2265 1577 2536 1645 ἐκπλῆξαι
2568 1586 2664 1630 και
2708 1580 3030 1647 κατασχεῖν,
3081 1577 3176 1630 καὶ
3226 1579 3421 1628 πεῖσαι
3456 1575 3638 1646 τούτῳ
3659 1575 3724 1628 τὰ

2130 1670 2390 1723 πλείστου
2416 1670 2585 1739 φασὶν
2620 1669 2748 1736 ἀξια
2777 1669 3040 1740 χρῆσθαι,
3078 1669 3172 1722 καὶ
3205 1668 3370 1738 μόνον
3399 1665 3589 1734 ἀξιοῦν
3620 1665 3723 1718 τῶν

444 1763 609 1816 rebus
661 1763 777 1827 ipso
828 1764 963 1814 duce
1016 1771 1070 1816 et
1114 1772 1340 1816 auctore
1382 1771 1686 1824 uterentur,
1745 1773 2022 1827 unumque

2133 1761 2429 1830 μεγίστων,
2475 1762 2569 1814 τὸν
2615 1763 2828 1815 οἴκοθεν
2877 1761 2974 1813 καὶ
3022 1760 3156 1829 παρ’
3189 1758 3390 1812 ἑαυτοῦ
3439 1755 3601 1810 τοῦτο
3633 1756 3724 1809 καὶ

443 1853 735 1921 praecipuis
780 1851 1136 1919 dignarentur
1180 1853 1499 1914 honoribus,
1552 1853 1643 1921 qui
1691 1859 1886 1917 suapte
1937 1849 2022 1902 in-

443 1947 605 2014 genio
651 1952 704 1999 et
751 1960 846 2012 per
891 1959 949 1999 se
1001 1943 1311 2011 huiusmodi
1365 1959 1498 1998 sane
1542 1953 1596 1997 et
1646 1942 1942 1996 haberetur
1970 1949 2028 1995 et

443 2049 624 2104 esset;
661 2040 784 2094 talis
824 2039 964 2094 idem
997 2040 1161 2093 etiam
1200 2039 1326 2094 aliis
1360 2048 1681 2108 procurator
1709 2038 1902 2094 salutis
1932 2050 2028 2090 ex-

444 2132 601 2188 stitit.
636 2133 702 2189 Et
732 2133 803 2186 ita
855 2131 1197 2187 admirabilis
1251 2132 1410 2202 plane
1441 2133 1506 2187 ad
1549 2133 1780 2187 salutent
1826 2145 2024 2197 capes-

445 2225 672 2279 sendam
724 2223 1008 2294 impulsor,
1049 2234 1102 2279 et
1149 2225 1429 2294 particeps
1471 2225 1672 2292 operis,
1721 2234 1778 2279 et
1821 2224 2026 2287 socius,

445 2318 770 2386 adiutorque
797 2325 939 2380 erat,
976 2327 1036 2369 ut
1061 2316 1301 2385 ipsorum
1334 2316 1560 2384 gloriam
1591 2331 1701 2371 suae
1725 2325 2029 2384 antepone-

446 2421 550 2472 ret,
569 2423 800 2477 eamque
829 2423 951 2462 cum
981 2407 1149 2461 Paulo
1176 2408 1231 2460 ⁸⁷.
1253 2407 1627 2473 jucnudiorem
1657 2408 1901 2466 duceret,
1933 2421 2032 2460 nec

448 2502 613 2556 ullum
641 2503 798 2556 linem
825 2502 1024 2556 faceret
1058 2501 1178 2554 illos
1199 2499 1521 2554 admonendi
1551 2499 1612 2564 ⁸⁸,
1639 2499 1912 2562 hortandi,
1936 2499 2032 2552 do-

447 2595 627 2661 cendi,
648 2605 807 2664 atque
834 2598 995 2648 etiam
1035 2594 1320 2659 suadendi,
1361 2604 1414 2648 ut
1443 2593 1566 2648 vitia
1588 2607 1694 2644 non
1715 2591 1889 2655 ﬂocci,
1922 2593 2032 2646 vir-

449 2688 582 2742 tutis
613 2697 792 2740 autem
826 2684 997 2740 nﬁicia
1032 2696 1180 2741 recte
1214 2696 1497 2755 perspecta
1523 2684 1744 2749 habere,
1779 2685 1830 2737 id
1863 2699 2028 2738 unum

447 2779 668 2834 maximi
705 2779 966 2845 facerent,
1003 2779 1202 2848 quippe
1243 2775 1332 2848 qui
1383 2777 1560 2830 omnis
1586 2777 1700 2844 ipse
1727 2777 2030 2831 honestatis

449 2885 606 2942 typus
650 2881 820 2933 esset,
871 2881 924 2922 et
957 2871 1138 2924 omnia
1186 2868 1407 2922 omnin
1452 2868 1704 2922 onmibus
1759 2868 1935 2930 ﬁeret,
1976 2875 2033 2919 ut

447 2979 638 3018 omnes
662 2965 882 3019 Christo
903 2963 1024 3029 jure
1047 2961 1351 3028 adoptionis
1373 2970 1639 3015 assereret
1667 2959 1862 3025 "'.Qui
1887 2969 2035 3013 utra-

453 3070 562 3125 que
598 3057 768 3123 igitur
799 3055 900 3108 ista
941 3055 1139 3108 virtute
1186 3055 1252 3106 ad
1303 3054 1444 3106 hunc
1483 3058 1696 3107 modum
1734 3055 2032 3106 inStructus

2128 1852 2396 1906 δοκοῦντα
2428 1853 2524 1908 καὶ
2539 1855 2668 1907 ὄντα
2693 1869 2707 1882 ·
2732 1853 2978 1915 τοιοῦτος
3003 1852 3060 1904 δὲ
3081 1853 3178 1904 καί
3202 1853 3320 1909 τοῖς
3347 1849 3538 1913 ἄλλοις
3574 1847 3724 1920 μελε·

2127 1945 2296 2008 δωνδς
2325 1944 2600 2016 σωτηρίας
2643 1944 2904 2014 κατέστη.
2953 1943 3063 1997 Καὶ
3112 1941 3258 1997 οὕτω
3286 1941 3612 2012 θαυμαστός
3645 1955 3723 2003 τις

2127 2037 2336 2092 τούτων
2369 2039 2506 2106 πρὸς
2538 2037 2819 2109 σωτηρίαν
2854 2036 3120 2106 ἀλείπτης
3169 2036 3267 2089 καὶ
3310 2030 3723 2102 συναγωνιστὴς

2129 2130 2223 2206 καὶ
2257 2129 2640 2198 συπουδαστὴς
2674 2129 2772 2182 καὶ
2822 2127 3151 2198 συλλήπτωρ
3182 2127 3258 2190 ὡς
3290 2129 3391 2180 καὶ
3421 2127 3523 2196 τὴν
3547 2122 3722 2179 αὐτῶν

2130 2225 2493 2295 εὐδοκίμησιν
2525 2223 2624 2293 τῆς
2652 2223 2860 2285 οἰκείας
2896 2223 3098 2292 μᾶλλον
3131 2219 3419 2292 αἱρεῖσθαι
3447 2219 3545 2273 καὶ
3590 2215 3719 2285 ἡδίω

2136 2317 2344 2388 ταύτην
2378 2318 2516 2371 κατὰ
2542 2316 2756 2370 Παῦλον
2784 2315 3047 2386 νομίζων,
3080 2315 3158 2384 μὴ
3193 2313 3475 2366 παύεσθαι
3504 2309 3718 2370 τούτους

2131 2410 2403 2465 νουθετῶν
2430 2452 2445 2478 ,
2495 2409 2778 2478 παραινῶν
2805 2447 2820 2473 ,
2869 2408 3162 2472 διδάσκων,
3217 2407 3316 2458 καὶ
3397 2406 3584 2473 μέντοι
3630 2401 3717 2454 καὶ

2136 2503 2362 2565 πείθων,
2397 2501 2597 2555 κακίαν
2629 2502 2728 2570 μὲν
2759 2499 2887 2570 περὶ
2922 2499 3163 2563 οὐδενὸς,
3193 2497 3258 2552 τὸ
3288 2497 3336 2550 δ’
3363 2497 3400 2552 ἃ
3433 2498 3516 2550 δεῖ
3547 2493 3715 2565 πράτ-

2131 2611 2246 2649 τειν
2274 2595 2474 2648 εἰδέναι
2504 2593 2635 2664 περὶ
2662 2593 2863 2656 παντδς
2893 2593 3057 2660 μόνον
3098 2594 3405 2655 ποιεῖσθαι,
3428 2588 3596 2651 τύπος
3621 2601 3714 2640 καο

2131 2685 2224 2739 λοῦ
2257 2686 2462 2747 παντὸς
2496 2683 2660 2749 αὐτὸς
2686 2685 2782 2749 ὢν,
2819 2687 2914 2738 καὶ
2971 2685 3109 2748 ὅλως
3146 2687 3336 2739 πάντα
3365 2685 3506 2736 πᾶσι
3538 2677 3716 2748 γιγνό-

2145 2797 2307 2849 μενος
2341 2778 2457 2848 ἐφῷ
2516 2784 2726 2841 πάντας
2781 2777 3100 2845 είσποιῆσαι
3158 2775 3410 2846 Χριστῷ.
3453 2774 3514 2828 '0
3545 2772 3714 2825 τοίνυν

2132 2873 2275 2927 οὕτω
2304 2872 2425 2926 κατ’
2454 2871 2627 2940 άμφω
2647 2870 2941 2933 διατεθεὶς,
2967 2874 3061 2922 τὸν
3085 2869 3186 2937 τῆς
3211 2867 3569 2935 δικαιοσύνης
3596 2865 3712 2933 ὅρον

2137 2966 2210 3027 ὡς
2245 2964 2461 3034 ἀληθῶς
2501 2963 2714 3032 βεϐαιοῖ
2743 2962 2923 3030 ἐαυτῷ
2945 2979 3004 3014 τε
3032 2963 3128 3014 καὶ
3168 2963 3288 3024 τοῖς
3320 2961 3507 3022 ἄλλοις
3561 2972 3714 3010 τοκα-

2135 3055 2328 3119 ταξίαν
2376 3055 2451 3117 ὡς
2483 3055 2628 3122 εἰκὸς
2661 3054 2967 3120 διανείμας,
3003 3054 3097 3105 καὶ
3150 3052 3300 3106 οὕτω
3357 3048 3600 3106 κάλλιστ’
3628 3047 3712 3100 άν-

449 3158 589 3212 crat,
627 3149 673 3202 is
707 3162 978 3201 summum
1005 3146 1227 3214 justitiaa
1272 3146 1560 3199 terminum
1591 3145 1876 3200 verissime
1905 3144 2022 3198 ﬁxit

2135 3148 2372 3217 θρώπων
2403 3147 2495 3200 τοῦ
2523 3146 2640 3199 κατ’
2673 3145 2835 3198 αὑτὸν
2871 3145 3139 3198 ταλάντου
3195 3143 3518 3214 φροντίσας,
3543 3141 3615 3202 ὡς
3642 3136 3712 3207 μὴ

450 3255 514 3293 ac
541 3238 795 3294 ﬁrmavit.
843 3235 970 3290 dum
1003 3237 1129 3300 sibi,
1166 3235 1295 3290 dum
1346 3235 1486 3297 aliis,
1523 3238 1666 3304 quod
1713 3235 1904 3288 merita
1934 3249 2025 3288 cu-

444 3331 643 3399 jusque
672 3330 983 3400 exigebant,
1014 3339 1074 3382 ut
1117 3345 1326 3397 arqnum
1370 3339 1471 3393 est,
1503 3329 1798 3392 distribuit,
1841 3339 1894 3382 et
1927 3343 2025 3397 op-

448 3424 580 3477 time
629 3424 766 3477 adeo
818 3423 1058 3478 omnium
1107 3423 1292 3477 talenti
1367 3424 1452 3477 sui
1510 3422 1775 3476 rationem
1825 3420 2035 3488 habuit,

2131 3241 2262 3294 δέκα
2294 3241 2500 3303 πόλεις,
2529 3239 2590 3292 τὸ
2619 3238 2712 3290 τοῦ
2757 3237 2905 3290 θείου
2943 3235 3222 3306 χρησμοῦ,
3266 3237 3410 3305 μηδὲ
3461 3231 3708 3304 μυριάκις

2131 3329 2382 3389 τοσάσδε,
2440 3328 2578 3382 άλλά
2615 3329 2715 3397 τὴν
2763 3326 2872 3379 τῶν
2924 3325 3176 3396 οὐρανῶν
3227 3325 3513 3395 βασιλείαν
3557 3317 3708 3376 ἆθλον

2128 3423 2316 3476 λαϐεῖν
2352 3421 2651 3491 ἀξιόχρεως
2677 3417 2841 3474 εἶναι.

449 3527 508 3568 ut
560 3515 908 3585 dignissimus
959 3526 1127 3584 esset,
1163 3533 1266 3570 non
1317 3516 1409 3585 qui
1446 3515 1635 3569 decem
1673 3515 1857 3579 urbes.
1907 3526 1966 3571 ut
2011 3516 2255 3571 divinum
2294 3517 2454 3570 habet
2485 3513 2766 3568 oraculum
2807 3497 2873 3578 "I,
2906 3523 2998 3567 aut
3033 3521 3250 3568 centum
3283 3509 3500 3565 urbium
3530 3504 3706 3563 millia.

445 3629 632 3669 verum
686 3629 910 3682 regnum
953 3614 1126 3683 ipsum
1171 3614 1458 3679 caelorum,
1507 3614 1789 3682 praemium
1828 3616 2118 3685 acciperet.

514 3708 698 3764 LXIII.
753 3708 926 3779 Atque
953 3709 1058 3776 {hic
1089 3710 1339 3778 equidem
1387 3709 1533 3762 hunc
1577 3708 1644 3762 de
1675 3709 2020 3778 generalibus

444 3804 739 3858 virtutibus
784 3804 961 3857 locum
991 3803 1334 3868 concludere,
1369 3818 1542 3872 neque
1578 3804 1643 3856 de
1677 3802 2019 3870 sequentium

444 3906 501 3950 et
548 3895 870 3962 posterioris
919 3897 1068 3948 velut
1119 3895 1329 3948 ordinis
1380 3895 1485 3946 ulla
1528 3894 1707 3960 aliqua
1759 3902 2021 3960 praeterea

445 4003 608 4058 agere
659 3987 1050 4040 constitueram
1087 3985 1327 4054 :quippe
1357 3982 1815 4052 quemadmodum
1853 3980 1905 4034 in
1937 3995 2028 4047 ge-

445 4078 670 4133 neribus
696 4078 810 4132 suis
840 4077 1051 4147 species
1075 4077 1447 4136 continentur,
1485 4073 1537 4126 in
1571 4071 1857 4142 speciebus
1897 4073 2024 4126 item

448 4168 763 4233 individua;
810 4170 882 4221 ita
913 4169 1283 4235 pertractatis,
1315 4173 1580 4232 quantum
1613 4164 1665 4217 in
1694 4163 1850 4218 nobis
1880 4175 2023 4230 erat,

443 4261 814 4330 superioribus
843 4259 950 4314 illis
980 4257 1269 4311 virtutibus
1292 4296 1307 4321 ,
1338 4256 1526 4310 eadem
1558 4271 1721 4324 opera
1755 4257 1851 4312 has
1879 4257 2022 4326 ipsas

443 4352 830 4422 propemodum
866 4350 1118 4404 oratione
1147 4355 1332 4401 nostra
1361 4345 1838 4413 comprehendisse
1869 4347 2024 4400 nobis

443 4446 784 4509 videbamur,
821 4442 1292 4497 verumenimvero
1351 4454 1419 4494 ne
1460 4439 1600 4493 idem
1633 4438 1789 4493 nobis
1820 4440 1922 4494 hac
1967 4440 2020 4492 in

442 4554 609 4594 causa
653 4553 752 4592 usu
787 4538 988 4595 veniat,
1023 4534 1168 4602 quod
1217 4535 1284 4588 iis
1317 4533 1536 4597 accidit,
1586 4532 1679 4602 qui
1726 4533 1792 4586 de
1828 4539 2020 4586 natura

2207 3707 2330 3761 ΞΓ’.
2379 3705 2716 3775 Ἐὅουλόμην
2763 3703 2860 3772 μὲν
2893 3699 2987 3756 οῦν
3021 3703 3269 3763 ἐνταῦθα¹
3309 3703 3406 3757 τοῦ
3451 3698 3579 3769 περὶ
3606 3694 3704 3748 τῶν

2125 3802 2360 3866 γενικῶν
2391 3801 2604 3870 ἀρετῶν
2649 3799 2810 3866 λόγου
2857 3796 3190 3860 πεπαῦσθαι,
3223 3797 3322 3848 καὶ
3359 3795 3706 3866 μηδηστινοσ·

2126 3896 2221 3947 οῦν
2278 3893 2352 3946 ἔτ’
2382 3893 2548 3960 ἄλλης
2606 3892 2715 3944 τῶν
2752 3890 2949 3960 ἐφεξῆς
2976 3907 3034 3943 τε
3067 3890 3163 3942 καὶ
3195 3889 3318 3958 μετ’
3339 3888 3553 3948 ἐκείνας
3585 3895 3707 3952 μνη-

2131 3986 2323 4054 σθῆναι
2349 4001 2362 4014 '
2395 3987 2584 4056 σχεδὸν
2612 3987 2721 4056 γὰρ
2759 3986 2948 4055 ὥσπερ
2982 3986 3096 4046 τοῖς
3128 3982 3315 4048 γένεσι
3349 3980 3450 4051 μὲν
3479 3979 3544 4031 τὰ
3571 3974 3702 4039 είδηο

2129 4077 2520 4146 ἐμπεριέχεται
2551 4077 2607 4130 δέ
2643 4081 2758 4140 τοῖς
2793 4078 2960 4130 εἴδεσι
2996 4077 3063 4129 τὰ
3098 4077 3222 4129 καθ’
3255 4075 3514 4137 ἕκαστον,
3542 4068 3704 4126 οὕτως

2127 4168 2228 4220 ὅσα
2263 4169 2476 4236 ἔξεστιν
2506 4170 2731 4222 ἐκείνων
2784 4168 3139 4238 μνησθέντες,
3177 4169 3272 4221 καὶ
3303 4167 3509 4228 ταύτας
3537 4164 3702 4232 δήπου

2127 4261 2632 4332 συμπαρελάὸομεν
2665 4277 2682 4294 ο
2727 4261 2844 4315 ἀλλ’
2897 4261 2984 4314 ἴνα
3028 4261 3102 4330 μὴ
3155 4261 3359 4314 ταυτὸν
3416 4255 3568 4312 πάθω
3595 4252 3699 4311 τοῖς

2127 4354 2260 4424 περὶ
2312 4352 2531 4419 φύσεως
2598 4352 2700 4420 μὲν
2768 4353 2870 4421 τῆς
2924 4351 3278 4422 ἀνθρωπείας
3329 4341 3696 4418 φιλοσοφοῦσιν

2127 4445 2287 4511 λόγον
2320 4444 2364 4496 δ’
2407 4445 2601 4496 οὐδένα
2655 4443 2888 4497 τουτωνὶ
2939 4439 3322 4510 ποιουμένοις,⁶
3355 4440 3388 4512 ἢ
3419 4439 3512 4493 καὶ
3555 4432 3700 4490 εἴτις

2129 4537 2293 4606 σῶμα
2345 4536 2580 4598 κάλλους
2625 4531 2686 4588 εὖ
2742 4538 2864 4605 ἕχον
2919 4536 3166 4587 ἐπαινεῖν
3219 4534 3514 4605 ᾑρημένος,
3539 4518 3699 4578 ἔπειθ’

444 4631 676 4682 humana
726 4628 893 4681 multa
929 4609 1212 4681 subtiliter:
1235 4625 1534 4694 disputant,
1561 4622 1703 4677 nulla
1741 4622 2018 4677 hominum

2132 4627 2208 4690 ὡς
2269 4629 2366 4697 μὲν
2406 4627 2604 4680 πολλοῦ
2663 4646 2810 4690 τινος
2851 4627 3006 4691 ἄξιον
3035 4628 3210 4694 λέγοι,
3253 4628 3324 4680 τὰ
3352 4626 3409 4678 δὲ
3464 4619 3582 4675 καθ’
3609 4616 3699 4666 ἕνα

443 4735 688 4789 ipsorum
739 4718 942 4771 viritim
975 4717 1156 4771 habita
1193 4717 1401 4770 ratione
1426 4755 1441 4778 ,
1479 4723 1571 4768 aut
1621 4715 1667 4770 si
1701 4713 1794 4784 qui
1825 4729 2024 4782 corpus

443 4815 644 4868 eximia
689 4811 870 4880 specie
909 4809 1291 4866 commendare
1319 4809 1537 4873 institit,
1571 4807 2022 4877 pretiosissimum

446 4907 576 4960 illud
621 4905 839 4974 quidem
881 4917 944 4957 ac
991 4901 1438 4957 venusﬁssimum
1480 4903 1792 4955 summatim
1835 4902 2022 4965 faciat,

447 5000 782 5064 singulorum
845 5007 1026 5053 autem
1093 4999 1460 5053 membrorum
1522 4997 2022 5066 pulchritudinem,

443 5105 605 5161 atque
646 5089 967 5145 concinnam
1019 5090 1167 5144 inter
1214 5103 1272 5144 se
1301 5090 1750 5158 compositionem
1784 5089 2020 5142 omittat.

443 5185 655 5239 Idcirco
681 5191 737 5236 et
766 5184 909 5237 hunc
946 5183 1120 5251 ipsum
1149 5181 1387 5235 laborem
1419 5221 1434 5245 ,
1465 5196 1560 5247 pro
1597 5181 1803 5235 viribus
1837 5196 2026 5248 aggre-

444 5277 587 5339 diar,
633 5275 798 5330 solito
857 5272 1188 5328 sanctissimi
1243 5274 1347 5327 viri
1409 5269 1680 5342 adjutorio
1736 5272 2020 5326 subnixus.

2131 4722 2196 4793 lf-
2223 4721 2304 4794 ἓν]
2331 4721 2438 4773 τῶν
2489 4722 2692 4790 μερῶν,
2726 4722 2820 4773 καὶ
2851 4723 3002 4783 ὅπως
3030 4721 3143 4790 ἔχει
3201 4721 3338 4788 πρὸς
3366 4715 3571 4782 ἄλληλα
3599 4722 3697 4760 πα-

2135 4816 2376 4884 ραλίποι,
2412 4813 2522 4880 ἐγὼ
2556 4814 2613 4868 δέ
2647 4814 2745 4866 και
2783 4815 2975 4868 τοῦτον
3015 4815 3163 4876 ὅπως
3195 4814 3261 4866 ἂν
3291 4813 3400 4881 ἔχω
3423 4809 3512 4860 τὸν
3548 4799 3697 4856 ἆθλον

2128 4908 2304 4968 εἰσίω.
2329 4907 2431 4976 τῆς
2470 4908 2564 4959 τοῦ
2617 4907 2860 4977 μεγάλου
2905 4907 3156 4976 βοηθείας
3189 4906 3266 4966 ὡς
3300 4903 3421 4963 ἔθος
3454 4904 3696 4957 συναιρο-

2133 5001 2324 5071 μένης.
2386 4999 2916 5069 Ταπεινοφροσύνην
2965 5000 3148 5051 τοίνυν
3178 4997 3278 5066 τὴν
3330 4995 3438 5048 τῶν
3491 4978 3696 5050 ἀγαθῶν

2131 5093 2352 5146 πάντων
2416 5094 2618 5158 αἰτίαν,
2678 5095 2772 5145 καὶ
2809 5086 2878 5162 ἧς
2937 5092 3068 5144 ἄνευ
3125 5088 3408 5158 ούδητιοῦν
3450 5081 3553 5133 τῶν
3579 5075 3696 5140 ἀρ⁶’

2129 5188 2237 5239 τῶν
2266 5187 2499 5252 συσταίη
2535 5187 2654 5238 ποτ’
2687 5187 2775 5248 ἂν,
2850 5187 2950 5237 οὐκ
3003 5179 3102 5236 οἷδ’
3130 5184 3183 5236 εί
3228 5199 3313 5243 τις
3354 5178 3459 5232 τῶν
3493 5169 3694 5252 πάντωγ

2130 5279 2163 5349 ἢ
2197 5279 2389 5331 τούτου
2429 5279 2591 5331 πλέον
2623 5277 2953 5348 ἐθαύμασεν,
2985 5275 3017 5345 ἦ
3055 5275 3257 5344 μᾶλλον
3283 5266 3494 5342 ἠράσθη
3523 5276 3578 5313 τε
3609 5250 3692 5304 καὶ

459 5458 462 5460 ⁷
515 5480 556 5513 ιτ
596 5481 825 5555 Philipp.
860 5501 936 5551 ιν,
969 5504 1008 5553 ι,
1040 5489 1060 5542 l
1091 5489 1160 5555 ;t
1216 5489 1408 5548 Thess.
1453 5492 1609 5558 1,19,
1643 5490 1736 5545 se.
1820 5492 1861 5523 ιε
1899 5491 2022 5544 Act.

2143 5529 2157 5551 ν
2188 5489 2299 5548 ⁵51..
2358 5486 2630 5542 “‘lCor.
2669 5501 2721 5541 ix
2761 5485 2855 5540 22.
2934 5487 2976 5517 ⁸³
3012 5483 3144 5539 Luc.
3175 5499 3293 5548 xu,
3336 5477 3425 5530 l7.

519 5677 594 5746 (l)
634 5674 759 5730 Post
791 5677 1010 5735 haberet
1039 5690 1231 5734 σαντειά
1291 5681 1386 5732 hoc
1414 5675 1787 5731 continuandm
1833 5673 1986 5727 modo
2006 5691 2025 5728 .°

446 5743 645 5800 Verum
685 5748 802 5803 ideo
837 5751 981 5819 quod
1028 5752 1355 5805 eximiarum
1393 5764 1572 5802 rerum
1621 5749 1864 5819 omnium
1925 5759 2024 5819 per

449 5829 703 5874 naturam
738 5815 928 5891 expers
956 5830 1121 5888 esset,
1156 5826 1221 5876 ad
1247 5821 1353 5877 hoc
1375 5834 1492 5876 sese
1521 5817 1800 5875 modestiae
1833 5815 2014 5870 humi-

2136 5675 2416 5744 litatisque
2445 5673 2683 5729 studium
2720 5671 3083 5744 adiunxisset,
3114 5668 3253 5744 Hinc
3289 5664 3425 5722 enim
3454 5651 3572 5710 mihi
3593 5645 3689 5701 lati

2132 5742 2411 5814 sententia,
2447 5753 2645 5801 retento
2676 5742 2863 5807 καλοῦ,
2895 5756 3005 5795 esse
3039 5742 3261 5794 videtur.
