  <div class='ocr_page' id='page_1' title='image "/cluster/home/n/w/nwhite01/storage/ocr_20150623/145:no.1/coo.31924054870500/148.png"; bbox 0 0 4028 6432; ppageno 0'>
   <div class='ocr_carea' id='block_1_1' title="bbox 268 378 374 440">
    <p class='ocr_par' dir='ltr' id='par_1_1' title="bbox 268 378 374 440">
     <span class='ocr_line' id='line_1_1' title="bbox 268 378 374 440; baseline 0.009 -1"><span class='ocrx_word' id='word_1_1' title='bbox 268 378 374 440; x_wconf 70' lang='lat'><strong>$81</strong></span> 
     </span>
    </p>
   </div>
   <div class='ocr_carea' id='block_1_2' title="bbox 1139 364 2525 446">
    <p class='ocr_par' dir='ltr' id='par_1_2' title="bbox 1139 364 2525 446">
     <span class='ocr_line' id='line_1_2' title="bbox 1139 364 2525 446; baseline 0.004 -6"><span class='ocrx_word' id='word_1_2' title='bbox 1139 380 1545 442; x_wconf 64' lang='lat' dir='ltr'><strong>’I.AUDATIO</strong></span> <span class='ocrx_word' id='word_1_3' title='bbox 1583 382 1643 442; x_wconf 88' lang='lat' dir='ltr'><strong>s.</strong></span> <span class='ocrx_word' id='word_1_4' title='bbox 1673 379 2057 441; x_wconf 79' lang='lat' dir='ltr'><strong>GREGORII</strong></span> <span class='ocrx_word' id='word_1_5' title='bbox 2102 364 2525 446; x_wconf 67' lang='lat' dir='ltr'><strong>THEOLOGI.</strong></span> 
     </span>
    </p>
   </div>
   <div class='ocr_carea' id='block_1_3' title="bbox 3435 389 3542 451">
    <p class='ocr_par' dir='ltr' id='par_1_3' title="bbox 3435 389 3542 451">
     <span class='ocr_line' id='line_1_3' title="bbox 3435 389 3542 451; baseline -0.009 0"><span class='ocrx_word' id='word_1_6' title='bbox 3435 389 3542 451; x_wconf 65' lang='lat'><strong>382</strong></span> 
     </span>
    </p>
   </div>
   <div class='ocr_carea' id='block_1_4' title="bbox 264 488 1855 568">
    <p class='ocr_par' dir='ltr' id='par_1_4' title="bbox 264 488 1855 566">
     <span class='ocr_line' id='line_1_4' title="bbox 264 488 1855 566; baseline 0.003 -24"><span class='ocrx_word' id='word_1_7' title='bbox 264 492 606 558; x_wconf 65' lang='grc' dir='ltr'>προσέσχεψ</span> <span class='ocrx_word' id='word_1_8' title='bbox 647 488 704 552; x_wconf 72' lang='grc' dir='ltr'>ὃς</span> <span class='ocrx_word' id='word_1_9' title='bbox 734 489 909 553; x_wconf 73' lang='grc' dir='ltr'>οὕτως</span> <span class='ocrx_word' id='word_1_10' title='bbox 945 490 1067 544; x_wconf 68' lang='lat' dir='ltr'><strong>am</strong></span> <span class='ocrx_word' id='word_1_11' title='bbox 1100 492 1318 545; x_wconf 78' lang='grc' dir='ltr'>πάντων</span> <span class='ocrx_word' id='word_1_12' title='bbox 1353 510 1414 545; x_wconf 87' lang='grc' dir='ltr'><strong>τε</strong></span> <span class='ocrx_word' id='word_1_13' title='bbox 1459 495 1556 547; x_wconf 69' lang='grc' dir='ltr'>καὶ</span> <span class='ocrx_word' id='word_1_14' title='bbox 1586 494 1689 566; x_wconf 66' lang='grc' dir='ltr'><strong>πρδ</strong></span> <span class='ocrx_word' id='word_1_15' title='bbox 1723 494 1855 547; x_wconf 88' lang='grc' dir='ltr'>πάν-</span> 
     </span>
    </p>
   </div>
   <div class='ocr_carea' id='block_1_5' title="bbox 1959 488 3545 568">
    <p class='ocr_par' dir='ltr' id='par_1_5' title="bbox 1963 493 3545 568">
     <span class='ocr_line' id='line_1_5' title="bbox 1963 493 3545 568; baseline 0.006 -21"><span class='ocrx_word' id='word_1_16' title='bbox 1963 493 2238 563; x_wconf 80' lang='lat' dir='ltr'><strong>Principio</strong></span> <span class='ocrx_word' id='word_1_17' title='bbox 2284 499 2447 568; x_wconf 85' lang='lat' dir='ltr'><strong>igitur</strong></span> <span class='ocrx_word' id='word_1_18' title='bbox 2483 498 2847 554; x_wconf 85' lang='lat' dir='ltr'><strong>humilitatem</strong></span> <span class='ocrx_word' id='word_1_19' title='bbox 2898 498 3089 564; x_wconf 84' lang='lat' dir='ltr'><strong>animi,</strong></span> <span class='ocrx_word' id='word_1_20' title='bbox 3129 501 3395 556; x_wconf 84' lang='lat' dir='ltr'><strong>bonorum</strong></span> <span class='ocrx_word' id='word_1_21' title='bbox 3427 519 3545 557; x_wconf 86' lang='lat' dir='ltr'><strong>om-</strong></span> 
     </span>
    </p>
   </div>
   <div class='ocr_carea' id='block_1_6' title="bbox 271 580 1851 653">
    <p class='ocr_par' dir='ltr' id='par_1_6' title="bbox 271 580 1851 653">
     <span class='ocr_line' id='line_1_6' title="bbox 271 580 1851 653; baseline 0.002 -18"><span class='ocrx_word' id='word_1_22' title='bbox 271 597 383 635; x_wconf 82' lang='grc' dir='ltr'><strong>των</strong></span> <span class='ocrx_word' id='word_1_23' title='bbox 415 580 477 632; x_wconf 86' lang='grc' dir='ltr'>τὸ</span> <span class='ocrx_word' id='word_1_24' title='bbox 516 581 640 633; x_wconf 82' lang='grc' dir='ltr'>κατ’</span> <span class='ocrx_word' id='word_1_25' title='bbox 684 580 857 652; x_wconf 79' lang='grc' dir='ltr'>αὐτὴν</span> <span class='ocrx_word' id='word_1_26' title='bbox 883 580 1145 643; x_wconf 77' lang='grc' dir='ltr'>ἐποιεῖτο,</span> <span class='ocrx_word' id='word_1_27' title='bbox 1173 583 1264 636; x_wconf 81' lang='grc' dir='ltr'>καὶ</span> <span class='ocrx_word' id='word_1_28' title='bbox 1302 582 1395 635; x_wconf 83' lang='grc' dir='ltr'><strong>τοῦ</strong></span> <span class='ocrx_word' id='word_1_29' title='bbox 1452 585 1652 648; x_wconf 80' lang='grc' dir='ltr'>παντὸς</span> <span class='ocrx_word' id='word_1_30' title='bbox 1682 585 1851 653; x_wconf 78' lang='grc' dir='ltr'>τιμώο</span> 
     </span>
    </p>
   </div>
   <div class='ocr_carea' id='block_1_7' title="bbox 276 669 1854 747">
    <p class='ocr_par' dir='ltr' id='par_1_7' title="bbox 276 669 1854 747">
     <span class='ocr_line' id='line_1_7' title="bbox 276 669 1854 747; baseline 0.004 -22"><span class='ocrx_word' id='word_1_31' title='bbox 276 690 439 741; x_wconf 88' lang='grc' dir='ltr'>μενος</span> <span class='ocrx_word' id='word_1_32' title='bbox 462 674 555 726; x_wconf 73' lang='grc' dir='ltr'>καὶ</span> <span class='ocrx_word' id='word_1_33' title='bbox 587 673 874 744; x_wconf 84' lang='grc' dir='ltr'>χρώμενος</span> <span class='ocrx_word' id='word_1_34' title='bbox 911 669 1002 745; x_wconf 79' lang='grc' dir='ltr'>ἦν,</span> <span class='ocrx_word' id='word_1_35' title='bbox 1027 675 1103 737; x_wconf 84' lang='grc' dir='ltr'>ὡς</span> <span class='ocrx_word' id='word_1_36' title='bbox 1134 676 1210 745; x_wconf 76' lang='grc' dir='ltr'>μὴ</span> <span class='ocrx_word' id='word_1_37' title='bbox 1249 677 1412 744; x_wconf 87' lang='grc' dir='ltr'>μόνον</span> <span class='ocrx_word' id='word_1_38' title='bbox 1437 676 1544 747; x_wconf 76' lang='grc' dir='ltr'><strong>γῆν</strong></span> <span class='ocrx_word' id='word_1_39' title='bbox 1579 678 1674 731; x_wconf 74' lang='grc' dir='ltr'>καὶ</span> <span class='ocrx_word' id='word_1_40' title='bbox 1724 695 1854 732; x_wconf 89' lang='grc' dir='ltr'>σπο-</span> 
     </span>
    </p>
   </div>
   <div class='ocr_carea' id='block_1_8' title="bbox 272 767 1852 831">
    <p class='ocr_par' dir='ltr' id='par_1_8' title="bbox 272 767 1852 831">
     <span class='ocr_line' id='line_1_8' title="bbox 272 767 1852 831; baseline -0.001 -9"><span class='ocrx_word' id='word_1_41' title='bbox 272 768 365 822; x_wconf 83' lang='grc' dir='ltr'>δὸν</span> <span class='ocrx_word' id='word_1_42' title='bbox 395 767 586 819; x_wconf 74' lang='grc' dir='ltr'>ἑαυτὸν</span> <span class='ocrx_word' id='word_1_43' title='bbox 626 768 721 820; x_wconf 76' lang='grc' dir='ltr'>καὶ</span> <span class='ocrx_word' id='word_1_44' title='bbox 750 768 819 821; x_wconf 78' lang='grc' dir='ltr'>τὰ</span> <span class='ocrx_word' id='word_1_45' title='bbox 850 767 1077 820; x_wconf 83' lang='grc' dir='ltr'>τοιαῦτα</span> <span class='ocrx_word' id='word_1_46' title='bbox 1112 767 1320 831; x_wconf 82' lang='grc' dir='ltr'>καλεῖν,</span> <span class='ocrx_word' id='word_1_47' title='bbox 1360 771 1453 820; x_wconf 73' lang='grc' dir='ltr'>καὶ</span> <span class='ocrx_word' id='word_1_48' title='bbox 1489 768 1701 830; x_wconf 84' lang='grc' dir='ltr'><strong>πάντας</strong></span> <span class='ocrx_word' id='word_1_49' title='bbox 1727 769 1852 821; x_wconf 80' lang='grc' dir='ltr'>ἑαυ-</span> 
     </span>
    </p>
   </div>
   <div class='ocr_carea' id='block_1_9' title="bbox 272 851 1849 930">
    <p class='ocr_par' dir='ltr' id='par_1_9' title="bbox 272 851 1849 930">
     <span class='ocr_line' id='line_1_9' title="bbox 272 851 1849 930; baseline -0.001 -18"><span class='ocrx_word' id='word_1_50' title='bbox 272 859 369 912; x_wconf 77' lang='grc' dir='ltr'><strong>τοῦ</strong></span> <span class='ocrx_word' id='word_1_51' title='bbox 402 858 736 930; x_wconf 72' lang='grc' dir='ltr'>προῦχοντας</span> <span class='ocrx_word' id='word_1_52' title='bbox 769 858 934 929; x_wconf 78' lang='grc' dir='ltr'>ἔχειν,</span> <span class='ocrx_word' id='word_1_53' title='bbox 960 851 1036 912; x_wconf 80' lang='grc' dir='ltr'>ὧν</span> <span class='ocrx_word' id='word_1_54' title='bbox 1084 861 1221 913; x_wconf 73' lang='grc' dir='ltr'><strong>πᾶτι</strong></span> <span class='ocrx_word' id='word_1_55' title='bbox 1271 859 1488 921; x_wconf 78' lang='grc' dir='ltr'>πάντως</span> <span class='ocrx_word' id='word_1_56' title='bbox 1515 861 1629 923; x_wconf 87' lang='grc' dir='ltr'>τοῖς</span> <span class='ocrx_word' id='word_1_57' title='bbox 1665 860 1849 922; x_wconf 83' lang='grc' dir='ltr'>ἄλλοις</span> 
     </span>
    </p>
   </div>
   <div class='ocr_carea' id='block_1_10' title="bbox 272 954 1849 1026">
    <p class='ocr_par' dir='ltr' id='par_1_10' title="bbox 272 954 1849 1026">
     <span class='ocr_line' id='line_1_10' title="bbox 272 954 1849 1026; baseline -0.001 -17"><span class='ocrx_word' id='word_1_58' title='bbox 272 956 435 1019; x_wconf 69' lang='grc' dir='ltr'>αὐτὸς</span> <span class='ocrx_word' id='word_1_59' title='bbox 468 956 783 1026; x_wconf 77' lang='grc' dir='ltr'><strong>ὑπερεῖχεν,</strong></span> <span class='ocrx_word' id='word_1_60' title='bbox 815 957 952 1009; x_wconf 80' lang='grc' dir='ltr'><strong>ἀλλὰ</strong></span> <span class='ocrx_word' id='word_1_61' title='bbox 990 957 1079 1009; x_wconf 76' lang='grc' dir='ltr'>καὶ</span> <span class='ocrx_word' id='word_1_62' title='bbox 1125 958 1238 1018; x_wconf 83' lang='grc' dir='ltr'>τοῖς</span> <span class='ocrx_word' id='word_1_63' title='bbox 1283 954 1468 1025; x_wconf 76' lang='grc' dir='ltr'>ἔργοις</span> <span class='ocrx_word' id='word_1_64' title='bbox 1496 957 1623 1016; x_wconf 80' lang='grc' dir='ltr'>τοὺς</span> <span class='ocrx_word' id='word_1_65' title='bbox 1656 955 1849 1021; x_wconf 87' lang='grc' dir='ltr'>λόγους</span> 
     </span>
    </p>
   </div>
   <div class='ocr_carea' id='block_1_11' title="bbox 278 1034 1852 1118">
    <p class='ocr_par' dir='ltr' id='par_1_11' title="bbox 278 1034 1852 1118">
     <span class='ocr_line' id='line_1_11' title="bbox 278 1034 1852 1118; baseline 0.001 -20"><span class='ocrx_word' id='word_1_66' title='bbox 278 1049 423 1117; x_wconf 81' lang='grc' dir='ltr'>μάλα</span> <span class='ocrx_word' id='word_1_67' title='bbox 458 1047 779 1101; x_wconf 79' lang='grc' dir='ltr'><strong>πιστοῦσθαι</strong></span> <span class='ocrx_word' id='word_1_68' title='bbox 800 1064 816 1079; x_wconf 73' lang='grc' dir='ltr'><strong>ο</strong></span> <span class='ocrx_word' id='word_1_69' title='bbox 844 1047 905 1100; x_wconf 83' lang='grc' dir='ltr'>τὸ</span> <span class='ocrx_word' id='word_1_70' title='bbox 936 1048 1045 1118; x_wconf 73' lang='grc' dir='ltr'>γὰρ</span> <span class='ocrx_word' id='word_1_71' title='bbox 1078 1047 1180 1116; x_wconf 80' lang='grc' dir='ltr'>τῆς</span> <span class='ocrx_word' id='word_1_72' title='bbox 1229 1047 1445 1118; x_wconf 81' lang='grc' dir='ltr'>μάλιστ’</span> <span class='ocrx_word' id='word_1_73' title='bbox 1474 1034 1852 1118; x_wconf 74' lang='grc' dir='ltr'>ἀπολουμένης</span> 
     </span>
    </p>
   </div>
   <div class='ocr_carea' id='block_1_12' title="bbox 276 1134 1851 1208">
    <p class='ocr_par' dir='ltr' id='par_1_12' title="bbox 276 1134 1851 1208">
     <span class='ocr_line' id='line_1_12' title="bbox 276 1134 1851 1208; baseline -0.002 -20"><span class='ocrx_word' id='word_1_74' title='bbox 276 1136 650 1208; x_wconf 73' lang='grc' dir='ltr'><strong>ὑπερηφανίας</strong></span> <span class='ocrx_word' id='word_1_75' title='bbox 705 1136 960 1190; x_wconf 68' lang='grc' dir='ltr'>τοσοῦτον</span> <span class='ocrx_word' id='word_1_76' title='bbox 1008 1136 1259 1206; x_wconf 82' lang='grc' dir='ltr'><strong>ἀπέχειν,</strong></span> <span class='ocrx_word' id='word_1_77' title='bbox 1290 1136 1414 1187; x_wconf 74' lang='grc' dir='ltr'>ὅσον</span> <span class='ocrx_word' id='word_1_78' title='bbox 1472 1135 1567 1189; x_wconf 81' lang='grc' dir='ltr'>καὶ</span> <span class='ocrx_word' id='word_1_79' title='bbox 1611 1135 1717 1203; x_wconf 80' lang='grc' dir='ltr'>τῆς</span> <span class='ocrx_word' id='word_1_80' title='bbox 1770 1134 1851 1198; x_wconf 89' lang='grc' dir='ltr'><strong>είς</strong></span> 
     </span>
    </p>
   </div>
   <div class='ocr_carea' id='block_1_13' title="bbox 275 1223 1852 1297">
    <p class='ocr_par' dir='ltr' id='par_1_13' title="bbox 275 1223 1852 1297">
     <span class='ocr_line' id='line_1_13' title="bbox 275 1223 1852 1297; baseline -0.003 -17"><span class='ocrx_word' id='word_1_81' title='bbox 275 1226 406 1280; x_wconf 58' lang='grc' dir='ltr'>Θεὸν</span> <span class='ocrx_word' id='word_1_82' title='bbox 437 1227 805 1296; x_wconf 71' lang='grc' dir='ltr'><strong>βλασφημίας,</strong></span> <span class='ocrx_word' id='word_1_83' title='bbox 836 1228 1103 1297; x_wconf 77' lang='grc' dir='ltr'><strong>μεγίστης</strong></span> <span class='ocrx_word' id='word_1_84' title='bbox 1124 1226 1326 1295; x_wconf 83' lang='grc' dir='ltr'>δηλαδὴ</span> <span class='ocrx_word' id='word_1_85' title='bbox 1344 1223 1852 1296; x_wconf 75' lang='grc' dir='ltr'><strong>ταπεινοφροσύνης</strong></span> 
     </span>
    </p>
   </div>
   <div class='ocr_carea' id='block_1_14' title="bbox 275 1312 1850 1389">
    <p class='ocr_par' dir='ltr' id='par_1_14' title="bbox 275 1312 1850 1389">
     <span class='ocr_line' id='line_1_14' title="bbox 275 1312 1850 1389; baseline -0.004 -19"><span class='ocrx_word' id='word_1_86' title='bbox 275 1319 424 1371; x_wconf 70' lang='grc' dir='ltr'>ἐστὶν</span> <span class='ocrx_word' id='word_1_87' title='bbox 452 1317 782 1389; x_wconf 76' lang='grc' dir='ltr'>ἐπειλῆφθαι</span> <span class='ocrx_word' id='word_1_88' title='bbox 808 1331 821 1346; x_wconf 77' lang='grc'><strong><em>⁵</em></strong></span> <span class='ocrx_word' id='word_1_89' title='bbox 857 1318 933 1381; x_wconf 81' lang='grc' dir='ltr'>ὡς</span> <span class='ocrx_word' id='word_1_90' title='bbox 971 1318 1110 1388; x_wconf 87' lang='grc' dir='ltr'>μήτε</span> <span class='ocrx_word' id='word_1_91' title='bbox 1137 1316 1250 1371; x_wconf 83' lang='grc' dir='ltr'><strong>τῶν</strong></span> <span class='ocrx_word' id='word_1_92' title='bbox 1278 1317 1579 1385; x_wconf 79' lang='grc' dir='ltr'><strong>ἐλαχίστων</strong></span> <span class='ocrx_word' id='word_1_93' title='bbox 1617 1312 1850 1386; x_wconf 78' lang='grc' dir='ltr'>μηδενὸς</span> 
     </span>
    </p>
   </div>
   <div class='ocr_carea' id='block_1_15' title="bbox 273 1404 1848 1479">
    <p class='ocr_par' dir='ltr' id='par_1_15' title="bbox 273 1404 1848 1479">
     <span class='ocr_line' id='line_1_15' title="bbox 273 1404 1848 1479; baseline -0.001 -18"><span class='ocrx_word' id='word_1_94' title='bbox 273 1409 595 1479; x_wconf 76' lang='grc' dir='ltr'>τοπαράπαν</span> <span class='ocrx_word' id='word_1_95' title='bbox 625 1411 991 1479; x_wconf 81' lang='grc' dir='ltr'>καταφρονεῖν</span> <span class='ocrx_word' id='word_1_96' title='bbox 1024 1408 1231 1473; x_wconf 77' lang='grc' dir='ltr'>ἀξιοῦν,</span> <span class='ocrx_word' id='word_1_97' title='bbox 1270 1408 1363 1462; x_wconf 67' lang='grc' dir='ltr'><strong>καὶ</strong></span> <span class='ocrx_word' id='word_1_98' title='bbox 1390 1407 1610 1461; x_wconf 79' lang='grc' dir='ltr'>πάντων</span> <span class='ocrx_word' id='word_1_99' title='bbox 1639 1404 1848 1459; x_wconf 76' lang='grc' dir='ltr'>ἐθέλειν</span> 
     </span>
    </p>
   </div>
   <div class='ocr_carea' id='block_1_16' title="bbox 273 1499 1719 1574">
    <p class='ocr_par' dir='ltr' id='par_1_16' title="bbox 273 1499 1719 1574">
     <span class='ocr_line' id='line_1_16' title="bbox 273 1499 1719 1574; baseline 0 -21"><span class='ocrx_word' id='word_1_100' title='bbox 273 1500 503 1571; x_wconf 75' lang='grc' dir='ltr'>ἔσχατον</span> <span class='ocrx_word' id='word_1_101' title='bbox 536 1502 601 1574; x_wconf 63' lang='lat' dir='ltr'><strong>if.</strong></span> <span class='ocrx_word' id='word_1_102' title='bbox 635 1501 886 1574; x_wconf 73' lang='grc' dir='ltr'>ἔσχατος]</span> <span class='ocrx_word' id='word_1_103' title='bbox 923 1499 1066 1555; x_wconf 80' lang='grc' dir='ltr'>εἶναι</span> <span class='ocrx_word' id='word_1_104' title='bbox 1104 1501 1189 1556; x_wconf 79' lang='grc' dir='ltr'>ἵνα</span> <span class='ocrx_word' id='word_1_105' title='bbox 1221 1501 1456 1572; x_wconf 45' lang='grc' dir='ltr'>γένηται,</span> <span class='ocrx_word' id='word_1_106' title='bbox 1476 1500 1719 1571; x_wconf 79' lang='grc' dir='ltr'>πρῶτος.</span> 
     </span>
    </p>
   </div>
   <div class='ocr_carea' id='block_1_17' title="bbox 1960 585 3544 660">
    <p class='ocr_par' dir='ltr' id='par_1_17' title="bbox 1960 585 3544 660">
     <span class='ocr_line' id='line_1_17' title="bbox 1960 585 3544 660; baseline 0.008 -23"><span class='ocrx_word' id='word_1_107' title='bbox 1960 585 2109 639; x_wconf 86' lang='lat' dir='ltr'><strong>nium</strong></span> <span class='ocrx_word' id='word_1_108' title='bbox 2157 602 2403 657; x_wconf 82' lang='lat' dir='ltr'><strong>causam,</strong></span> <span class='ocrx_word' id='word_1_109' title='bbox 2451 604 2555 657; x_wconf 90' lang='lat' dir='ltr'><strong>qua</strong></span> <span class='ocrx_word' id='word_1_110' title='bbox 2596 591 2716 644; x_wconf 88' lang='lat' dir='ltr'><strong>sine</strong></span> <span class='ocrx_word' id='word_1_111' title='bbox 2766 589 2908 644; x_wconf 81' lang='lat' dir='ltr'><strong>nulla</strong></span> <span class='ocrx_word' id='word_1_112' title='bbox 2968 606 3204 660; x_wconf 81' lang='lat' dir='ltr'><strong>unquam</strong></span> <span class='ocrx_word' id='word_1_113' title='bbox 3241 593 3544 649; x_wconf 75' lang='lat' dir='ltr'><strong>consistere</strong></span> 
     </span>
    </p>
   </div>
   <div class='ocr_carea' id='block_1_18' title="bbox 1957 674 3543 750">
    <p class='ocr_par' dir='ltr' id='par_1_18' title="bbox 1957 674 3543 750">
     <span class='ocr_line' id='line_1_18' title="bbox 1957 674 3543 750; baseline 0.006 -23"><span class='ocrx_word' id='word_1_114' title='bbox 1957 674 2131 732; x_wconf 88' lang='lat' dir='ltr'><strong>virtus</strong></span> <span class='ocrx_word' id='word_1_115' title='bbox 2180 686 2378 741; x_wconf 61' lang='lat' dir='ltr'><strong>potest,</strong></span> <span class='ocrx_word' id='word_1_116' title='bbox 2424 679 2568 732; x_wconf 76' lang='lat' dir='ltr'><strong>haud</strong></span> <span class='ocrx_word' id='word_1_117' title='bbox 2617 681 2731 733; x_wconf 84' lang='lat' dir='ltr'><strong>scio</strong></span> <span class='ocrx_word' id='word_1_118' title='bbox 2783 695 2850 733; x_wconf 88' lang='lat' dir='ltr'><strong>an</strong></span> <span class='ocrx_word' id='word_1_119' title='bbox 2886 681 3179 750; x_wconf 76' lang='lat' dir='ltr'><strong>quisquam</strong></span> <span class='ocrx_word' id='word_1_120' title='bbox 3229 682 3543 736; x_wconf 76' lang='lat' dir='ltr'><strong>mortalium</strong></span> 
     </span>
    </p>
   </div>
   <div class='ocr_carea' id='block_1_19' title="bbox 1957 770 3540 843">
    <p class='ocr_par' dir='ltr' id='par_1_19' title="bbox 1957 770 3540 843">
     <span class='ocr_line' id='line_1_19' title="bbox 1957 770 3540 843; baseline 0.002 -18"><span class='ocrx_word' id='word_1_121' title='bbox 1957 770 2201 826; x_wconf 88' lang='lat' dir='ltr'><strong>omnium</strong></span> <span class='ocrx_word' id='word_1_122' title='bbox 2234 771 2353 837; x_wconf 85' lang='lat' dir='ltr'><strong>plus</strong></span> <span class='ocrx_word' id='word_1_123' title='bbox 2388 785 2549 840; x_wconf 81' lang='lat' dir='ltr'><strong>quam</strong></span> <span class='ocrx_word' id='word_1_124' title='bbox 2589 782 2775 828; x_wconf 87' lang='lat' dir='ltr'><strong>noster</strong></span> <span class='ocrx_word' id='word_1_125' title='bbox 2805 782 2894 826; x_wconf 86' lang='lat' dir='ltr'><strong>aut</strong></span> <span class='ocrx_word' id='word_1_126' title='bbox 2943 774 3278 843; x_wconf 76' lang='lat' dir='ltr'><strong>suspexerit,</strong></span> <span class='ocrx_word' id='word_1_127' title='bbox 3313 783 3408 829; x_wconf 87' lang='lat' dir='ltr'><strong>aut</strong></span> <span class='ocrx_word' id='word_1_128' title='bbox 3441 774 3540 828; x_wconf 79' lang='lat' dir='ltr'><strong>ad-</strong></span> 
     </span>
    </p>
   </div>
   <div class='ocr_carea' id='block_1_20' title="bbox 1952 864 3541 935">
    <p class='ocr_par' dir='ltr' id='par_1_20' title="bbox 1952 864 3541 935">
     <span class='ocr_line' id='line_1_20' title="bbox 1952 864 3541 935; baseline 0 -17"><span class='ocrx_word' id='word_1_129' title='bbox 1952 864 2214 918; x_wconf 78' lang='lat' dir='ltr'><strong>amaverit</strong></span> <span class='ocrx_word' id='word_1_130' title='bbox 2236 864 2592 932; x_wconf 87' lang='lat' dir='ltr'><strong>colueritque,</strong></span> <span class='ocrx_word' id='word_1_131' title='bbox 2615 867 2705 935; x_wconf 91' lang='lat' dir='ltr'><strong>qni</strong></span> <span class='ocrx_word' id='word_1_132' title='bbox 2735 867 2807 919; x_wconf 83' lang='lat' dir='ltr'><strong>ita</strong></span> <span class='ocrx_word' id='word_1_133' title='bbox 2835 867 2979 919; x_wconf 89' lang='lat' dir='ltr'><strong>illam</strong></span> <span class='ocrx_word' id='word_1_134' title='bbox 3007 879 3059 920; x_wconf 89' lang='lat' dir='ltr'><strong>et</strong></span> <span class='ocrx_word' id='word_1_135' title='bbox 3080 867 3251 920; x_wconf 88' lang='lat' dir='ltr'><strong>instar</strong></span> <span class='ocrx_word' id='word_1_136' title='bbox 3276 866 3541 928; x_wconf 90' lang='lat' dir='ltr'><strong>omnium,</strong></span> 
     </span>
    </p>
   </div>
   <div class='ocr_carea' id='block_1_21' title="bbox 1957 957 3546 1028">
    <p class='ocr_par' dir='ltr' id='par_1_21' title="bbox 1957 957 3546 1028">
     <span class='ocr_line' id='line_1_21' title="bbox 1957 957 3546 1028; baseline 0 -19"><span class='ocrx_word' id='word_1_137' title='bbox 1957 967 2012 1010; x_wconf 88' lang='lat' dir='ltr'><strong>et</strong></span> <span class='ocrx_word' id='word_1_138' title='bbox 2045 966 2172 1009; x_wconf 84' lang='lat' dir='ltr'><strong>ante</strong></span> <span class='ocrx_word' id='word_1_139' title='bbox 2201 957 2380 1009; x_wconf 84' lang='lat' dir='ltr'><strong>omnia</strong></span> <span class='ocrx_word' id='word_1_140' title='bbox 2409 957 2738 1021; x_wconf 76' lang='lat' dir='ltr'><strong>aestimabat,</strong></span> <span class='ocrx_word' id='word_1_141' title='bbox 2770 957 3017 1027; x_wconf 83' lang='lat' dir='ltr'><strong>adquue</strong></span> <span class='ocrx_word' id='word_1_142' title='bbox 3045 973 3260 1012; x_wconf 90' lang='lat' dir='ltr'><strong>summo</strong></span> <span class='ocrx_word' id='word_1_143' title='bbox 3285 957 3336 1011; x_wconf 95' lang='lat' dir='ltr'><strong>iu</strong></span> <span class='ocrx_word' id='word_1_144' title='bbox 3369 959 3546 1028; x_wconf 91' lang='lat' dir='ltr'><strong>pretio</strong></span> 
     </span>
    </p>
   </div>
   <div class='ocr_carea' id='block_1_22' title="bbox 1958 1048 3540 1113">
    <p class='ocr_par' dir='ltr' id='par_1_22' title="bbox 1958 1048 3540 1113">
     <span class='ocr_line' id='line_1_22' title="bbox 1958 1048 3540 1113; baseline 0.001 -11"><span class='ocrx_word' id='word_1_145' title='bbox 1958 1049 2150 1102; x_wconf 86' lang='lat' dir='ltr'><strong>habuit</strong></span> <span class='ocrx_word' id='word_1_146' title='bbox 2201 1056 2256 1102; x_wconf 89' lang='lat' dir='ltr'><strong>et</strong></span> <span class='ocrx_word' id='word_1_147' title='bbox 2297 1048 2616 1113; x_wconf 74' lang='lat' dir='ltr'><strong>usurpavit,</strong></span> <span class='ocrx_word' id='word_1_148' title='bbox 2669 1057 2728 1101; x_wconf 92' lang='lat' dir='ltr'><strong>ut</strong></span> <span class='ocrx_word' id='word_1_149' title='bbox 2778 1063 2886 1103; x_wconf 89' lang='lat' dir='ltr'><strong>nou</strong></span> <span class='ocrx_word' id='word_1_150' title='bbox 2943 1050 3105 1104; x_wconf 92' lang='lat' dir='ltr'><strong>modo</strong></span> <span class='ocrx_word' id='word_1_151' title='bbox 3160 1067 3182 1102; x_wconf 88' lang='grc'><strong>‹</strong></span> <span class='ocrx_word' id='word_1_152' title='bbox 3238 1056 3437 1103; x_wconf 81' lang='lat' dir='ltr'><strong>terram</strong></span> <span class='ocrx_word' id='word_1_153' title='bbox 3483 1056 3540 1103; x_wconf 90' lang='lat' dir='ltr'><strong>et</strong></span> 
     </span>
    </p>
   </div>
   <div class='ocr_carea' id='block_1_23' title="bbox 1955 1138 3536 1210">
    <p class='ocr_par' dir='ltr' id='par_1_23' title="bbox 1955 1138 3536 1210">
     <span class='ocr_line' id='line_1_23' title="bbox 1955 1138 3536 1210; baseline -0.002 -15"><span class='ocrx_word' id='word_1_154' title='bbox 1955 1141 2195 1195; x_wconf 89' lang='lat' dir='ltr'><strong>cinerem</strong></span> <span class='ocrx_word' id='word_1_155' title='bbox 2225 1140 2311 1206; x_wconf 81' lang='grc'><strong>¹⁰⁶,</strong></span> <span class='ocrx_word' id='word_1_156' title='bbox 2346 1158 2363 1192; x_wconf 75' lang='grc' dir='ltr'><strong>ι</strong></span> <span class='ocrx_word' id='word_1_157' title='bbox 2404 1138 2620 1208; x_wconf 88' lang='lat' dir='ltr'><strong>aliaque</strong></span> <span class='ocrx_word' id='word_1_158' title='bbox 2663 1140 2714 1195; x_wconf 89' lang='lat' dir='ltr'><strong>id</strong></span> <span class='ocrx_word' id='word_1_159' title='bbox 2751 1155 2923 1207; x_wconf 70' lang='lat' dir='ltr'><strong>genus</strong></span> <span class='ocrx_word' id='word_1_160' title='bbox 2961 1140 3313 1210; x_wconf 88' lang='lat' dir='ltr'><strong>semetipsum</strong></span> <span class='ocrx_word' id='word_1_161' title='bbox 3351 1138 3536 1207; x_wconf 72' lang='lat' dir='ltr'><strong>appel-</strong></span> 
     </span>
    </p>
   </div>
   <div class='ocr_carea' id='block_1_24' title="bbox 1954 1227 3535 1300">
    <p class='ocr_par' dir='ltr' id='par_1_24' title="bbox 1954 1227 3535 1300">
     <span class='ocr_line' id='line_1_24' title="bbox 1954 1227 3535 1300; baseline -0.002 -14"><span class='ocrx_word' id='word_1_162' title='bbox 1954 1232 2115 1297; x_wconf 86' lang='lat' dir='ltr'><strong>laret,</strong></span> <span class='ocrx_word' id='word_1_163' title='bbox 2147 1243 2448 1300; x_wconf 88' lang='lat' dir='ltr'><strong>omnesque</strong></span> <span class='ocrx_word' id='word_1_164' title='bbox 2483 1230 2729 1284; x_wconf 85' lang='lat' dir='ltr'><strong>homines</strong></span> <span class='ocrx_word' id='word_1_165' title='bbox 2760 1232 2862 1285; x_wconf 87' lang='lat' dir='ltr'><strong>sibi</strong></span> <span class='ocrx_word' id='word_1_166' title='bbox 2897 1238 3254 1300; x_wconf 65' lang='lat' dir='ltr'><strong>praeponeret,</strong></span> <span class='ocrx_word' id='word_1_167' title='bbox 3279 1231 3383 1284; x_wconf 83' lang='lat' dir='ltr'><strong>etsi</strong></span> <span class='ocrx_word' id='word_1_168' title='bbox 3414 1227 3535 1283; x_wconf 78' lang='lat' dir='ltr'><strong>illos</strong></span> 
     </span>
    </p>
   </div>
   <div class='ocr_carea' id='block_1_25' title="bbox 1954 1318 3537 1397">
    <p class='ocr_par' dir='ltr' id='par_1_25' title="bbox 1954 1318 3537 1397">
     <span class='ocr_line' id='line_1_25' title="bbox 1954 1318 3537 1397; baseline -0.002 -25"><span class='ocrx_word' id='word_1_169' title='bbox 1954 1319 2168 1373; x_wconf 69' lang='lat' dir='ltr'><strong>caeteris</strong></span> <span class='ocrx_word' id='word_1_170' title='bbox 2199 1320 2364 1374; x_wconf 84' lang='lat' dir='ltr'><strong>rebus</strong></span> <span class='ocrx_word' id='word_1_171' title='bbox 2392 1318 2667 1397; x_wconf 56' lang='lat' dir='ltr'><strong>.omnibus</strong></span> <span class='ocrx_word' id='word_1_172' title='bbox 2703 1320 2864 1390; x_wconf 80' lang='lat' dir='ltr'><strong>longo</strong></span> <span class='ocrx_word' id='word_1_173' title='bbox 2918 1319 3199 1375; x_wconf 86' lang='lat' dir='ltr'><strong>intervallo</strong></span> <span class='ocrx_word' id='word_1_174' title='bbox 3234 1328 3537 1386; x_wconf 78' lang='lat' dir='ltr'><strong>superaret,</strong></span> 
     </span>
    </p>
   </div>
   <div class='ocr_carea' id='block_1_26' title="bbox 1956 1408 3545 1481">
    <p class='ocr_par' dir='ltr' id='par_1_26' title="bbox 1956 1408 3545 1481">
     <span class='ocr_line' id='line_1_26' title="bbox 1956 1408 3545 1481; baseline -0.001 -18"><span class='ocrx_word' id='word_1_175' title='bbox 1956 1409 2050 1463; x_wconf 83' lang='lat' dir='ltr'><strong>sed</strong></span> <span class='ocrx_word' id='word_1_176' title='bbox 2096 1418 2148 1463; x_wconf 85' lang='lat' dir='ltr'><strong>et</strong></span> <span class='ocrx_word' id='word_1_177' title='bbox 2178 1409 2322 1464; x_wconf 89' lang='lat' dir='ltr'><strong>dicta</strong></span> <span class='ocrx_word' id='word_1_178' title='bbox 2355 1425 2451 1466; x_wconf 88' lang='lat' dir='ltr'><strong>sua</strong></span> <span class='ocrx_word' id='word_1_179' title='bbox 2486 1411 2743 1480; x_wconf 79' lang='lat' dir='ltr'><strong>operibus</strong></span> <span class='ocrx_word' id='word_1_180' title='bbox 2772 1412 2908 1481; x_wconf 87' lang='lat' dir='ltr'><strong>ipsis</strong></span> <span class='ocrx_word' id='word_1_181' title='bbox 2940 1412 3201 1466; x_wconf 80' lang='lat' dir='ltr'><strong>ﬁrmaret.</strong></span> <span class='ocrx_word' id='word_1_182' title='bbox 3235 1408 3369 1464; x_wconf 81' lang='lat' dir='ltr'><strong>Nam</strong></span> <span class='ocrx_word' id='word_1_183' title='bbox 3400 1409 3545 1477; x_wconf 84' lang='lat' dir='ltr'><strong>quod</strong></span> 
     </span>
    </p>
   </div>
   <div class='ocr_carea' id='block_1_27' title="bbox 1958 1502 3545 1574">
    <p class='ocr_par' dir='ltr' id='par_1_27' title="bbox 1958 1502 3545 1574">
     <span class='ocr_line' id='line_1_27' title="bbox 1958 1502 3545 1574; baseline -0.001 -19"><span class='ocrx_word' id='word_1_184' title='bbox 1958 1516 2063 1556; x_wconf 91' lang='lat' dir='ltr'><strong>non</strong></span> <span class='ocrx_word' id='word_1_185' title='bbox 2100 1505 2281 1559; x_wconf 90' lang='lat' dir='ltr'><strong>minus</strong></span> <span class='ocrx_word' id='word_1_186' title='bbox 2304 1520 2334 1559; x_wconf 91' lang='lat' dir='ltr'><strong>a</strong></span> <span class='ocrx_word' id='word_1_187' title='bbox 2365 1504 2825 1574; x_wconf 76' lang='lat' dir='ltr'><strong>pestilentissimae</strong></span> <span class='ocrx_word' id='word_1_188' title='bbox 2846 1504 3116 1573; x_wconf 62' lang='lat' dir='ltr'><strong>superbiae</strong></span> <span class='ocrx_word' id='word_1_189' title='bbox 3143 1502 3287 1566; x_wconf 84' lang='lat' dir='ltr'><strong>labe,</strong></span> <span class='ocrx_word' id='word_1_190' title='bbox 3318 1515 3481 1571; x_wconf 82' lang='lat' dir='ltr'><strong>quam</strong></span> <span class='ocrx_word' id='word_1_191' title='bbox 3515 1515 3545 1554; x_wconf 90' lang='lat' dir='ltr'><strong>a</strong></span> 
     </span>
    </p>
   </div>
   <div class='ocr_carea' id='block_1_28' title="bbox 272 1590 3543 1662">
    <p class='ocr_par' dir='ltr' id='par_1_28' title="bbox 272 1590 3543 1662">
     <span class='ocr_line' id='line_1_28' title="bbox 272 1590 3543 1662; baseline 0 -17"><span class='ocrx_word' id='word_1_192' title='bbox 272 1593 441 1646; x_wconf 83' lang='lat' dir='ltr'><strong>divini</strong></span> <span class='ocrx_word' id='word_1_193' title='bbox 497 1595 733 1648; x_wconf 82' lang='lat' dir='ltr'><strong>uouiinis</strong></span> <span class='ocrx_word' id='word_1_194' title='bbox 822 1594 1231 1660; x_wconf 84' lang='lat' dir='ltr'><strong>maledictione,</strong></span> <span class='ocrx_word' id='word_1_195' title='bbox 1281 1596 1537 1659; x_wconf 90' lang='lat' dir='ltr'><strong>abesset;</strong></span> <span class='ocrx_word' id='word_1_196' title='bbox 1598 1593 1651 1646; x_wconf 88' lang='lat' dir='ltr'><strong>id</strong></span> <span class='ocrx_word' id='word_1_197' title='bbox 1704 1592 1893 1662; x_wconf 86' lang='lat' dir='ltr'><strong>utique</strong></span> <span class='ocrx_word' id='word_1_198' title='bbox 1965 1608 2234 1650; x_wconf 85' lang='lat' dir='ltr'><strong>summam</strong></span> <span class='ocrx_word' id='word_1_199' title='bbox 2297 1596 2462 1650; x_wconf 83' lang='lat' dir='ltr'><strong>animi</strong></span> <span class='ocrx_word' id='word_1_200' title='bbox 2519 1596 2882 1652; x_wconf 86' lang='lat' dir='ltr'><strong>humilitatem</strong></span> <span class='ocrx_word' id='word_1_201' title='bbox 2943 1610 3132 1652; x_wconf 82' lang='lat' dir='ltr'><strong>revera</strong></span> <span class='ocrx_word' id='word_1_202' title='bbox 3187 1590 3543 1650; x_wconf 88' lang='lat' dir='ltr'><strong>consecutum</strong></span> 
     </span>
    </p>
   </div>
   <div class='ocr_carea' id='block_1_29' title="bbox 275 1685 3547 1763">
    <p class='ocr_par' dir='ltr' id='par_1_29' title="bbox 275 1685 3547 1763">
     <span class='ocr_line' id='line_1_29' title="bbox 275 1685 3547 1763; baseline 0.002 -24"><span class='ocrx_word' id='word_1_203' title='bbox 275 1685 441 1741; x_wconf 77' lang='lat' dir='ltr'><strong>fuisse</strong></span> <span class='ocrx_word' id='word_1_204' title='bbox 469 1688 727 1754; x_wconf 81' lang='lat' dir='ltr'><strong>declarat,</strong></span> <span class='ocrx_word' id='word_1_205' title='bbox 764 1697 822 1743; x_wconf 93' lang='lat' dir='ltr'><strong>ut</strong></span> <span class='ocrx_word' id='word_1_206' title='bbox 853 1702 1029 1758; x_wconf 88' lang='lat' dir='ltr'><strong>neque</strong></span> <span class='ocrx_word' id='word_1_207' title='bbox 1060 1687 1230 1741; x_wconf 89' lang='lat' dir='ltr'><strong>ullum</strong></span> <span class='ocrx_word' id='word_1_208' title='bbox 1259 1689 1484 1748; x_wconf 88' lang='lat' dir='ltr'><strong>omnino</strong></span> <span class='ocrx_word' id='word_1_209' title='bbox 1508 1689 1578 1745; x_wconf 89' lang='lat' dir='ltr'><strong>de</strong></span> <span class='ocrx_word' id='word_1_210' title='bbox 1608 1688 1849 1746; x_wconf 84' lang='lat' dir='ltr'><strong>minimis</strong></span> <span class='ocrx_word' id='word_1_211' title='bbox 1888 1688 2196 1760; x_wconf 85' lang='lat' dir='ltr'><strong>despicatui</strong></span> <span class='ocrx_word' id='word_1_212' title='bbox 2224 1691 2470 1759; x_wconf 85' lang='lat' dir='ltr'><strong>duceret,</strong></span> <span class='ocrx_word' id='word_1_213' title='bbox 2500 1701 2554 1747; x_wconf 91' lang='lat' dir='ltr'><strong>et</strong></span> <span class='ocrx_word' id='word_1_214' title='bbox 2590 1693 2705 1761; x_wconf 87' lang='lat' dir='ltr'><strong>ipse</strong></span> <span class='ocrx_word' id='word_1_215' title='bbox 2740 1693 2982 1747; x_wconf 72' lang='lat' dir='ltr'><strong>omniium</strong></span> <span class='ocrx_word' id='word_1_216' title='bbox 3045 1699 3355 1763; x_wconf 85' lang='lat' dir='ltr'><strong>postremus</strong></span> <span class='ocrx_word' id='word_1_217' title='bbox 3422 1700 3547 1746; x_wconf 80' lang='lat' dir='ltr'><strong>esse</strong></span> 
     </span>
    </p>
   </div>
   <div class='ocr_carea' id='block_1_30' title="bbox 272 1779 1489 1847">
    <p class='ocr_par' dir='ltr' id='par_1_30' title="bbox 272 1779 1489 1847">
     <span class='ocr_line' id='line_1_30' title="bbox 272 1779 1489 1847; baseline 0.003 -16"><span class='ocrx_word' id='word_1_218' title='bbox 272 1786 517 1846; x_wconf 83' lang='lat' dir='ltr'><strong>cuperet,</strong></span> <span class='ocrx_word' id='word_1_219' title='bbox 548 1788 606 1831; x_wconf 91' lang='lat' dir='ltr'><strong>ut</strong></span> <span class='ocrx_word' id='word_1_220' title='bbox 638 1794 824 1833; x_wconf 85' lang='lat' dir='ltr'><strong>coram</strong></span> <span class='ocrx_word' id='word_1_221' title='bbox 855 1779 962 1834; x_wconf 84' lang='lat' dir='ltr'><strong>Deo</strong></span> <span class='ocrx_word' id='word_1_222' title='bbox 994 1779 1206 1847; x_wconf 90' lang='lat' dir='ltr'><strong>primus</strong></span> <span class='ocrx_word' id='word_1_223' title='bbox 1235 1779 1393 1836; x_wconf 82' lang='lat' dir='ltr'><strong>ﬁeret</strong></span> <span class='ocrx_word' id='word_1_224' title='bbox 1420 1781 1489 1835; x_wconf 79' lang='lat'><strong>&#39;°.</strong></span> 
     </span>
    </p>
   </div>
   <div class='ocr_carea' id='block_1_31' title="bbox 343 1847 1855 1947">
    <p class='ocr_par' dir='ltr' id='par_1_31' title="bbox 343 1874 1855 1947">
     <span class='ocr_line' id='line_1_31' title="bbox 343 1874 1855 1947; baseline -0.001 -17"><span class='ocrx_word' id='word_1_225' title='bbox 343 1876 460 1930; x_wconf 66' lang='grc' dir='ltr'><strong>ΞΝ.</strong></span> <span class='ocrx_word' id='word_1_226' title='bbox 502 1875 659 1929; x_wconf 78' lang='grc' dir='ltr'>Οὕτω</span> <span class='ocrx_word' id='word_1_227' title='bbox 681 1874 727 1927; x_wconf 83' lang='grc' dir='ltr'>δ’</span> <span class='ocrx_word' id='word_1_228' title='bbox 777 1874 916 1944; x_wconf 73' lang='grc' dir='ltr'>ἔχων</span> <span class='ocrx_word' id='word_1_229' title='bbox 970 1876 1070 1929; x_wconf 75' lang='grc' dir='ltr'>καὶ</span> <span class='ocrx_word' id='word_1_230' title='bbox 1123 1876 1244 1947; x_wconf 71' lang='grc' dir='ltr'>ἅμα</span> <span class='ocrx_word' id='word_1_231' title='bbox 1280 1875 1376 1929; x_wconf 83' lang='grc' dir='ltr'>τὸν</span> <span class='ocrx_word' id='word_1_232' title='bbox 1407 1875 1560 1930; x_wconf 85' lang='grc' dir='ltr'>ταῦτ’</span> <span class='ocrx_word' id='word_1_233' title='bbox 1593 1874 1855 1947; x_wconf 61' lang='grc' dir='ltr'>εἰρηκότα</span> 
     </span>
    </p>
   </div>
   <div class='ocr_carea' id='block_1_32' title="bbox 1959 1847 3633 1947">
    <p class='ocr_par' dir='ltr' id='par_1_32' title="bbox 2031 1847 3633 1942">
     <span class='ocr_line' id='line_1_32' title="bbox 2031 1847 3633 1942; baseline -0.001 -15"><span class='ocrx_word' id='word_1_234' title='bbox 2031 1870 2221 1928; x_wconf 80' lang='lat' dir='ltr'><strong>LXIV.</strong></span> <span class='ocrx_word' id='word_1_235' title='bbox 2264 1868 2383 1925; x_wconf 83' lang='lat' dir='ltr'><strong>Jam</strong></span> <span class='ocrx_word' id='word_1_236' title='bbox 2419 1872 2511 1942; x_wconf 89' lang='lat' dir='ltr'><strong>qui</strong></span> <span class='ocrx_word' id='word_1_237' title='bbox 2545 1870 2618 1926; x_wconf 84' lang='lat' dir='ltr'><strong>ita</strong></span> <span class='ocrx_word' id='word_1_238' title='bbox 2658 1870 2930 1927; x_wconf 85' lang='lat' dir='ltr'><strong>animatus</strong></span> <span class='ocrx_word' id='word_1_239' title='bbox 2955 1881 3132 1935; x_wconf 87' lang='lat' dir='ltr'><strong>esset,</strong></span> <span class='ocrx_word' id='word_1_240' title='bbox 3188 1879 3245 1929; x_wconf 89' lang='lat' dir='ltr'><strong>et</strong></span> <span class='ocrx_word' id='word_1_241' title='bbox 3273 1870 3435 1926; x_wconf 85' lang='lat' dir='ltr'><strong>simul</strong></span> <span class='ocrx_word' id='word_1_242' title='bbox 3466 1869 3544 1942; x_wconf 65' lang='grc' dir='ltr'><strong>(ἓ)</strong></span> <span class='ocrx_word' id='word_1_243' title='bbox 3629 1847 3633 1851; x_wconf 32' lang='grc'><strong><em>’</em></strong></span> 
     </span>
    </p>
   </div>
   <div class='ocr_carea' id='block_1_33' title="bbox 272 1967 1851 2041">
    <p class='ocr_par' dir='ltr' id='par_1_33' title="bbox 272 1967 1851 2041">
     <span class='ocr_line' id='line_1_33' title="bbox 272 1967 1851 2041; baseline 0.001 -20"><span class='ocrx_word' id='word_1_244' title='bbox 272 1968 552 2039; x_wconf 82' lang='grc' dir='ltr'>ιιεσπὸτην</span> <span class='ocrx_word' id='word_1_245' title='bbox 579 1968 753 2031; x_wconf 79' lang='grc' dir='ltr'>εἰδὼς,</span> <span class='ocrx_word' id='word_1_246' title='bbox 786 1967 884 2038; x_wconf 81' lang='grc' dir='ltr'>τὴν</span> <span class='ocrx_word' id='word_1_247' title='bbox 914 1968 992 2022; x_wconf 83' lang='grc' dir='ltr'>ὅτι</span> <span class='ocrx_word' id='word_1_248' title='bbox 1025 1969 1200 2041; x_wconf 83' lang='grc' dir='ltr'>πρᾷός</span> <span class='ocrx_word' id='word_1_249' title='bbox 1229 1970 1347 2023; x_wconf 72' lang='grc' dir='ltr'>ἐστι</span> <span class='ocrx_word' id='word_1_250' title='bbox 1381 1971 1477 2025; x_wconf 75' lang='grc' dir='ltr'>καὶ</span> <span class='ocrx_word' id='word_1_251' title='bbox 1504 1970 1759 2034; x_wconf 80' lang='grc' dir='ltr'>ταπεινὸς</span> <span class='ocrx_word' id='word_1_252' title='bbox 1785 1972 1851 2041; x_wconf 82' lang='grc' dir='ltr'><strong>τῇ</strong></span> 
     </span>
    </p>
   </div>
   <div class='ocr_carea' id='block_1_34' title="bbox 275 2060 1855 2131">
    <p class='ocr_par' dir='ltr' id='par_1_34' title="bbox 275 2060 1855 2131">
     <span class='ocr_line' id='line_1_34' title="bbox 275 2060 1855 2131; baseline 0.003 -19"><span class='ocrx_word' id='word_1_253' title='bbox 275 2060 476 2130; x_wconf 78' lang='grc' dir='ltr'>καρδίᾳ</span> <span class='ocrx_word' id='word_1_254' title='bbox 505 2060 864 2131; x_wconf 85' lang='grc' dir='ltr'>συναίσθησίν</span> <span class='ocrx_word' id='word_1_255' title='bbox 903 2077 966 2113; x_wconf 88' lang='grc' dir='ltr'><strong>τε</strong></span> <span class='ocrx_word' id='word_1_256' title='bbox 999 2062 1095 2114; x_wconf 69' lang='grc' dir='ltr'>καὶ</span> <span class='ocrx_word' id='word_1_257' title='bbox 1126 2062 1350 2129; x_wconf 85' lang='grc' dir='ltr'>γνῶσιν,</span> <span class='ocrx_word' id='word_1_258' title='bbox 1397 2061 1724 2116; x_wconf 76' lang='grc' dir='ltr'>ἀνάπαυλαν</span> <span class='ocrx_word' id='word_1_259' title='bbox 1749 2061 1855 2128; x_wconf 82' lang='grc' dir='ltr'>ψυ·</span> 
     </span>
    </p>
   </div>
   <div class='ocr_carea' id='block_1_35' title="bbox 274 2151 1854 2224">
    <p class='ocr_par' dir='ltr' id='par_1_35' title="bbox 274 2151 1854 2224">
     <span class='ocr_line' id='line_1_35' title="bbox 274 2151 1854 2224; baseline 0 -18"><span class='ocrx_word' id='word_1_260' title='bbox 274 2151 388 2221; x_wconf 72' lang='grc' dir='ltr'><strong>χῶν</strong></span> <span class='ocrx_word' id='word_1_261' title='bbox 429 2151 749 2224; x_wconf 79' lang='grc' dir='ltr'>ὁριζόμενον</span> <span class='ocrx_word' id='word_1_262' title='bbox 770 2192 787 2218; x_wconf 90' lang='grc'><strong>,</strong></span> <span class='ocrx_word' id='word_1_263' title='bbox 838 2152 934 2206; x_wconf 71' lang='grc' dir='ltr'>καὶ</span> <span class='ocrx_word' id='word_1_264' title='bbox 962 2153 1194 2224; x_wconf 77' lang='grc' dir='ltr'>προσέτι</span> <span class='ocrx_word' id='word_1_265' title='bbox 1225 2152 1417 2207; x_wconf 86' lang='grc' dir='ltr'>τοῦτον</span> <span class='ocrx_word' id='word_1_266' title='bbox 1466 2154 1629 2208; x_wconf 85' lang='grc' dir='ltr'>αὐτὸν</span> <span class='ocrx_word' id='word_1_267' title='bbox 1663 2152 1854 2207; x_wconf 85' lang='grc' dir='ltr'>δούλου</span> 
     </span>
    </p>
   </div>
   <div class='ocr_carea' id='block_1_36' title="bbox 284 2244 1854 2316">
    <p class='ocr_par' dir='ltr' id='par_1_36' title="bbox 284 2244 1854 2316">
     <span class='ocr_line' id='line_1_36' title="bbox 284 2244 1854 2316; baseline 0.001 -20"><span class='ocrx_word' id='word_1_268' title='bbox 284 2245 493 2315; x_wconf 83' lang='grc' dir='ltr'>μορφὴν</span> <span class='ocrx_word' id='word_1_269' title='bbox 524 2244 788 2316; x_wconf 71' lang='grc' dir='ltr'>εἰληφότα</span> <span class='ocrx_word' id='word_1_270' title='bbox 813 2284 830 2310; x_wconf 84' lang='grc'><strong>,</strong></span> <span class='ocrx_word' id='word_1_271' title='bbox 880 2244 968 2299; x_wconf 66' lang='grc' dir='ltr'><strong>1ἶνα</strong></span> <span class='ocrx_word' id='word_1_272' title='bbox 999 2246 1098 2315; x_wconf 80' lang='grc' dir='ltr'>τὴν</span> <span class='ocrx_word' id='word_1_273' title='bbox 1148 2245 1468 2316; x_wconf 68' lang='grc' dir='ltr'>ἐλευθερίαν</span> <span class='ocrx_word' id='word_1_274' title='bbox 1518 2245 1681 2310; x_wconf 79' lang='grc' dir='ltr'>αὐτὸς</span> <span class='ocrx_word' id='word_1_275' title='bbox 1713 2249 1854 2301; x_wconf 83' lang='grc' dir='ltr'>ἀπο-</span> 
     </span>
    </p>
   </div>
   <div class='ocr_carea' id='block_1_37' title="bbox 277 2336 1856 2409">
    <p class='ocr_par' dir='ltr' id='par_1_37' title="bbox 277 2336 1856 2409">
     <span class='ocr_line' id='line_1_37' title="bbox 277 2336 1856 2409; baseline 0.002 -21"><span class='ocrx_word' id='word_1_276' title='bbox 277 2336 446 2400; x_wconf 77' lang='grc' dir='ltr'>λάϐω,</span> <span class='ocrx_word' id='word_1_277' title='bbox 500 2339 594 2390; x_wconf 67' lang='grc' dir='ltr'><strong>καὶ⁵</strong></span> <span class='ocrx_word' id='word_1_278' title='bbox 644 2339 780 2408; x_wconf 76' lang='grc' dir='ltr'>πρὸς</span> <span class='ocrx_word' id='word_1_279' title='bbox 832 2338 930 2409; x_wconf 82' lang='grc' dir='ltr'>τὴν</span> <span class='ocrx_word' id='word_1_280' title='bbox 981 2341 1255 2407; x_wconf 82' lang='grc' dir='ltr'>προτέραν</span> <span class='ocrx_word' id='word_1_281' title='bbox 1289 2339 1554 2408; x_wconf 72' lang='grc' dir='ltr'>ἑπανήκω</span> <span class='ocrx_word' id='word_1_282' title='bbox 1584 2338 1856 2408; x_wconf 77' lang='grc' dir='ltr'>μακαριό-</span> 
     </span>
    </p>
   </div>
   <div class='ocr_carea' id='block_1_38' title="bbox 276 2429 1855 2503">
    <p class='ocr_par' dir='ltr' id='par_1_38' title="bbox 276 2429 1855 2503">
     <span class='ocr_line' id='line_1_38' title="bbox 276 2429 1855 2503; baseline 0.001 -19"><span class='ocrx_word' id='word_1_283' title='bbox 276 2447 436 2501; x_wconf 66' lang='grc' dir='ltr'>τητα*</span> <span class='ocrx_word' id='word_1_284' title='bbox 461 2429 732 2483; x_wconf 78' lang='grc' dir='ltr'>τοσούτων</span> <span class='ocrx_word' id='word_1_285' title='bbox 787 2430 968 2484; x_wconf 84' lang='grc' dir='ltr'>τοίνυν</span> <span class='ocrx_word' id='word_1_286' title='bbox 1003 2433 1083 2494; x_wconf 84' lang='grc' dir='ltr'><strong>είς</strong></span> <span class='ocrx_word' id='word_1_287' title='bbox 1116 2432 1630 2503; x_wconf 75' lang='grc' dir='ltr'>ταπεινοφροσύνην</span> <span class='ocrx_word' id='word_1_288' title='bbox 1670 2450 1855 2501; x_wconf 87' lang='grc' dir='ltr'>παρα-</span> 
     </span>
    </p>
   </div>
   <div class='ocr_carea' id='block_1_39' title="bbox 278 2520 1857 2592">
    <p class='ocr_par' dir='ltr' id='par_1_39' title="bbox 278 2520 1857 2592">
     <span class='ocr_line' id='line_1_39' title="bbox 278 2520 1857 2592; baseline 0.002 -18"><span class='ocrx_word' id='word_1_289' title='bbox 278 2521 606 2586; x_wconf 77' lang='grc' dir='ltr'>καλούντων,</span> <span class='ocrx_word' id='word_1_290' title='bbox 642 2520 759 2583; x_wconf 85' lang='grc' dir='ltr'>πῶς</span> <span class='ocrx_word' id='word_1_291' title='bbox 791 2522 891 2574; x_wconf 81' lang='grc' dir='ltr'>οὐκ</span> <span class='ocrx_word' id='word_1_292' title='bbox 927 2521 1062 2576; x_wconf 79' lang='grc' dir='ltr'>αὐτὸ</span> <span class='ocrx_word' id='word_1_293' title='bbox 1102 2522 1264 2576; x_wconf 84' lang='grc' dir='ltr'>τοῦτο</span> <span class='ocrx_word' id='word_1_294' title='bbox 1309 2525 1405 2576; x_wconf 76' lang='grc' dir='ltr'>καὶ</span> <span class='ocrx_word' id='word_1_295' title='bbox 1433 2523 1595 2585; x_wconf 81' lang='grc' dir='ltr'>αὐτὸς</span> <span class='ocrx_word' id='word_1_296' title='bbox 1628 2524 1857 2592; x_wconf 75' lang='grc' dir='ltr'>ἔμελλεν</span> 
     </span>
    </p>
   </div>
   <div class='ocr_carea' id='block_1_40' title="bbox 278 2606 1856 2685">
    <p class='ocr_par' dir='ltr' id='par_1_40' title="bbox 278 2606 1856 2685">
     <span class='ocr_line' id='line_1_40' title="bbox 278 2606 1856 2685; baseline 0.003 -23"><span class='ocrx_word' id='word_1_297' title='bbox 278 2606 443 2675; x_wconf 82' lang='grc' dir='ltr'>εἶναι,</span> <span class='ocrx_word' id='word_1_298' title='bbox 476 2612 570 2664; x_wconf 73' lang='grc' dir='ltr'>καὶ</span> <span class='ocrx_word' id='word_1_299' title='bbox 597 2611 761 2665; x_wconf 82' lang='grc' dir='ltr'>πᾶσιν</span> <span class='ocrx_word' id='word_1_300' title='bbox 796 2613 854 2665; x_wconf 77' lang='grc' dir='ltr'>ἐν</span> <span class='ocrx_word' id='word_1_301' title='bbox 887 2611 1152 2685; x_wconf 76' lang='grc' dir='ltr'>συντριϐῇ</span> <span class='ocrx_word' id='word_1_302' title='bbox 1183 2613 1412 2683; x_wconf 82' lang='grc' dir='ltr'>καρδίας</span> <span class='ocrx_word' id='word_1_303' title='bbox 1455 2614 1549 2668; x_wconf 56' lang='grc' dir='ltr'><strong>καί⁵</strong></span> <span class='ocrx_word' id='word_1_304' title='bbox 1578 2613 1856 2683; x_wconf 83' lang='grc' dir='ltr'>πνεύματι</span> 
     </span>
    </p>
   </div>
   <div class='ocr_carea' id='block_1_41' title="bbox 272 2700 1857 2777">
    <p class='ocr_par' dir='ltr' id='par_1_41' title="bbox 272 2700 1857 2777">
     <span class='ocr_line' id='line_1_41' title="bbox 272 2700 1857 2777; baseline 0.004 -23"><span class='ocrx_word' id='word_1_305' title='bbox 272 2700 657 2764; x_wconf 81' lang='grc' dir='ltr'>ταπεινώσεως</span> <span class='ocrx_word' id='word_1_306' title='bbox 675 2703 932 2773; x_wconf 77' lang='grc' dir='ltr'>χρῆσθαι,</span> <span class='ocrx_word' id='word_1_307' title='bbox 958 2704 1053 2758; x_wconf 71' lang='grc' dir='ltr'>καὶ</span> <span class='ocrx_word' id='word_1_308' title='bbox 1072 2705 1216 2758; x_wconf 77' lang='grc' dir='ltr'>κατὰ</span> <span class='ocrx_word' id='word_1_309' title='bbox 1233 2705 1332 2776; x_wconf 84' lang='grc' dir='ltr'>τὴν</span> <span class='ocrx_word' id='word_1_310' title='bbox 1351 2707 1444 2759; x_wconf 86' lang='grc' dir='ltr'><strong>τοῦ</strong></span> <span class='ocrx_word' id='word_1_311' title='bbox 1463 2704 1600 2759; x_wconf 83' lang='grc' dir='ltr'>Θεοῦ</span> <span class='ocrx_word' id='word_1_312' title='bbox 1626 2707 1857 2777; x_wconf 78' lang='grc' dir='ltr'>καρδίαν</span> 
     </span>
    </p>
   </div>
   <div class='ocr_carea' id='block_1_42' title="bbox 271 2791 1858 2868">
    <p class='ocr_par' dir='ltr' id='par_1_42' title="bbox 271 2791 1858 2868">
     <span class='ocr_line' id='line_1_42' title="bbox 271 2791 1858 2868; baseline 0.004 -23"><span class='ocrx_word' id='word_1_313' title='bbox 271 2792 350 2856; x_wconf 84' lang='grc' dir='ltr'><strong>ὡς</strong></span> <span class='ocrx_word' id='word_1_314' title='bbox 377 2797 550 2847; x_wconf 79' lang='grc' dir='ltr'>εἰπεῖν</span> <span class='ocrx_word' id='word_1_315' title='bbox 577 2795 994 2862; x_wconf 78' lang='grc' dir='ltr'>πολιτεύεσθαις</span> <span class='ocrx_word' id='word_1_316' title='bbox 1039 2797 1182 2850; x_wconf 80' lang='grc' dir='ltr'>’Δνθ’</span> <span class='ocrx_word' id='word_1_317' title='bbox 1204 2791 1281 2850; x_wconf 82' lang='grc' dir='ltr'>ὧν</span> <span class='ocrx_word' id='word_1_318' title='bbox 1310 2798 1472 2858; x_wconf 79' lang='grc' dir='ltr'>αὐτός</span> <span class='ocrx_word' id='word_1_319' title='bbox 1523 2815 1583 2851; x_wconf 89' lang='grc' dir='ltr'><strong>τε</strong></span> <span class='ocrx_word' id='word_1_320' title='bbox 1633 2799 1725 2851; x_wconf 88' lang='grc' dir='ltr'><strong>τοῦ</strong></span> <span class='ocrx_word' id='word_1_321' title='bbox 1757 2799 1858 2868; x_wconf 83' lang='grc' dir='ltr'><strong>τῆς</strong></span> 
     </span>
    </p>
   </div>
   <div class='ocr_carea' id='block_1_43' title="bbox 272 2887 1858 2963">
    <p class='ocr_par' dir='ltr' id='par_1_43' title="bbox 272 2887 1858 2963">
     <span class='ocr_line' id='line_1_43' title="bbox 272 2887 1858 2963; baseline 0.006 -24"><span class='ocrx_word' id='word_1_322' title='bbox 272 2888 774 2959; x_wconf 76' lang='grc' dir='ltr'>ταπεινοφροσύνης</span> <span class='ocrx_word' id='word_1_323' title='bbox 797 2890 870 2951; x_wconf 82' lang='grc' dir='ltr'>ὡς</span> <span class='ocrx_word' id='word_1_324' title='bbox 895 2890 996 2944; x_wconf 77' lang='grc' dir='ltr'>οὐκ</span> <span class='ocrx_word' id='word_1_325' title='bbox 1020 2887 1117 2944; x_wconf 76' lang='grc' dir='ltr'>οἷδ’</span> <span class='ocrx_word' id='word_1_326' title='bbox 1135 2893 1186 2946; x_wconf 81' lang='grc' dir='ltr'><strong>εί</strong></span> <span class='ocrx_word' id='word_1_327' title='bbox 1205 2909 1288 2956; x_wconf 88' lang='grc' dir='ltr'><strong>τις</strong></span> <span class='ocrx_word' id='word_1_328' title='bbox 1312 2892 1509 2963; x_wconf 71' lang='grc' dir='ltr'>ἐπέϐη,</span> <span class='ocrx_word' id='word_1_329' title='bbox 1532 2893 1629 2946; x_wconf 78' lang='grc' dir='ltr'>καὶ</span> <span class='ocrx_word' id='word_1_330' title='bbox 1649 2892 1858 2962; x_wconf 87' lang='grc' dir='ltr'>ταύτην</span> 
     </span>
    </p>
   </div>
   <div class='ocr_carea' id='block_1_44' title="bbox 274 2977 1854 3056">
    <p class='ocr_par' dir='ltr' id='par_1_44' title="bbox 274 2977 1854 3056">
     <span class='ocr_line' id='line_1_44' title="bbox 274 2977 1854 3056; baseline 0.006 -28"><span class='ocrx_word' id='word_1_331' title='bbox 274 2977 605 3048; x_wconf 77' lang='grc' dir='ltr'>ἐκόσμησεν,</span> <span class='ocrx_word' id='word_1_332' title='bbox 637 2980 713 3043; x_wconf 87' lang='grc' dir='ltr'><strong>ὡς</strong></span> <span class='ocrx_word' id='word_1_333' title='bbox 766 2981 855 3035; x_wconf 80' lang='grc' dir='ltr'>διὰ</span> <span class='ocrx_word' id='word_1_334' title='bbox 888 2982 1076 3036; x_wconf 83' lang='grc' dir='ltr'>τοῦτον</span> <span class='ocrx_word' id='word_1_335' title='bbox 1116 2985 1321 3054; x_wconf 85' lang='grc' dir='ltr'>μᾶλλον</span> <span class='ocrx_word' id='word_1_336' title='bbox 1367 2985 1561 3055; x_wconf 85' lang='grc' dir='ltr'>αὐτὴν,</span> <span class='ocrx_word' id='word_1_337' title='bbox 1592 2985 1625 3056; x_wconf 90' lang='grc' dir='ltr'>ἢ</span> <span class='ocrx_word' id='word_1_338' title='bbox 1659 2983 1729 3038; x_wconf 82' lang='grc' dir='ltr'><strong>δι’</strong></span> <span class='ocrx_word' id='word_1_339' title='bbox 1761 2986 1854 3038; x_wconf 84' lang='grc' dir='ltr'>αύ-</span> 
     </span>
    </p>
   </div>
   <div class='ocr_carea' id='block_1_45' title="bbox 274 3057 1856 3147">
    <p class='ocr_par' dir='ltr' id='par_1_45' title="bbox 274 3057 1856 3147">
     <span class='ocr_line' id='line_1_45' title="bbox 274 3057 1856 3147; baseline 0.007 -28"><span class='ocrx_word' id='word_1_340' title='bbox 274 3069 375 3139; x_wconf 79' lang='grc' dir='ltr'>τὴν</span> <span class='ocrx_word' id='word_1_341' title='bbox 393 3069 578 3125; x_wconf 78' lang='grc' dir='ltr'>τοῦτον</span> <span class='ocrx_word' id='word_1_342' title='bbox 602 3071 986 3142; x_wconf 74' lang='grc' dir='ltr'>θαυμάζεσθαι</span> <span class='ocrx_word' id='word_1_343' title='bbox 1011 3090 1027 3105; x_wconf 75' lang='grc'><strong>⁸</strong></span> <span class='ocrx_word' id='word_1_344' title='bbox 1061 3075 1157 3129; x_wconf 74' lang='grc' dir='ltr'>καὶ</span> <span class='ocrx_word' id='word_1_345' title='bbox 1182 3057 1262 3141; x_wconf 63' lang='grc' dir='ltr'>ὥς</span> <span class='ocrx_word' id='word_1_346' title='bbox 1290 3076 1469 3147; x_wconf 83' lang='grc' dir='ltr'>ἀληθῆ</span> <span class='ocrx_word' id='word_1_347' title='bbox 1498 3077 1668 3147; x_wconf 75' lang='grc' dir='ltr'>λέγω,</span> <span class='ocrx_word' id='word_1_348' title='bbox 1696 3076 1856 3147; x_wconf 77' lang='grc' dir='ltr'>δῆλον</span> 
     </span>
    </p>
   </div>
   <div class='ocr_carea' id='block_1_46' title="bbox 276 3159 513 3215">
    <p class='ocr_par' dir='ltr' id='par_1_46' title="bbox 276 3159 513 3215">
     <span class='ocr_line' id='line_1_46' title="bbox 276 3159 513 3215; baseline 0.013 -3"><span class='ocrx_word' id='word_1_349' title='bbox 276 3159 513 3215; x_wconf 66' lang='grc' dir='ltr'>ἐκεῖθεν.</span> 
     </span>
    </p>
   </div>
   <div class='ocr_carea' id='block_1_47' title="bbox 351 3425 1847 3506">
    <p class='ocr_par' dir='ltr' id='par_1_47' title="bbox 351 3425 1847 3506">
     <span class='ocr_line' id='line_1_47' title="bbox 351 3425 1847 3506; baseline 0.004 -25"><span class='ocrx_word' id='word_1_350' title='bbox 351 3425 467 3483; x_wconf 74' lang='lat' dir='ltr'><strong>EE&#39;.</strong></span> <span class='ocrx_word' id='word_1_351' title='bbox 510 3429 571 3482; x_wconf 84' lang='lat' dir='ltr'><strong>Ei</strong></span> <span class='ocrx_word' id='word_1_352' title='bbox 610 3430 718 3499; x_wconf 77' lang='grc' dir='ltr'><strong>γὰρ</strong></span> <span class='ocrx_word' id='word_1_353' title='bbox 765 3429 824 3483; x_wconf 78' lang='grc' dir='ltr'>τὸ</span> <span class='ocrx_word' id='word_1_354' title='bbox 870 3430 1040 3501; x_wconf 82' lang='grc' dir='ltr'>μόνην</span> <span class='ocrx_word' id='word_1_355' title='bbox 1087 3432 1592 3506; x_wconf 72' lang='grc' dir='ltr'>ταπεινοφροςύνην</span> <span class='ocrx_word' id='word_1_356' title='bbox 1626 3434 1847 3502; x_wconf 81' lang='grc' dir='ltr'>ἀσκεῖν,</span> 
     </span>
    </p>
   </div>
   <div class='ocr_carea' id='block_1_48' title="bbox 282 3521 1852 3597">
    <p class='ocr_par' dir='ltr' id='par_1_48' title="bbox 282 3521 1852 3597">
     <span class='ocr_line' id='line_1_48' title="bbox 282 3521 1852 3597; baseline 0.006 -26"><span class='ocrx_word' id='word_1_357' title='bbox 282 3521 545 3589; x_wconf 69' lang='grc' dir='ltr'>ἑτέρωθεν</span> <span class='ocrx_word' id='word_1_358' title='bbox 566 3521 623 3575; x_wconf 81' lang='grc' dir='ltr'>δὲ</span> <span class='ocrx_word' id='word_1_359' title='bbox 654 3522 964 3592; x_wconf 76' lang='grc' dir='ltr'>μηδαμόθεν</span> <span class='ocrx_word' id='word_1_360' title='bbox 978 3523 1065 3594; x_wconf 75' lang='grc' dir='ltr'>ἔχε</span> <span class='ocrx_word' id='word_1_361' title='bbox 1076 3542 1124 3577; x_wconf 83' lang='grc' dir='ltr'><strong>ιν</strong></span> <span class='ocrx_word' id='word_1_362' title='bbox 1144 3525 1684 3592; x_wconf 79' lang='grc' dir='ltr'>ἐγκαλλωπίζεσθαι,</span> <span class='ocrx_word' id='word_1_363' title='bbox 1714 3527 1852 3597; x_wconf 72' lang='grc' dir='ltr'>πρὸς</span> 
     </span>
    </p>
   </div>
   <div class='ocr_carea' id='block_1_49' title="bbox 290 3610 1851 3689">
    <p class='ocr_par' dir='ltr' id='par_1_49' title="bbox 290 3610 1851 3689">
     <span class='ocr_line' id='line_1_49' title="bbox 290 3610 1851 3689; baseline 0.006 -26"><span class='ocrx_word' id='word_1_364' title='bbox 290 3613 499 3665; x_wconf 71' lang='grc' dir='ltr'>ἔπαινον</span> <span class='ocrx_word' id='word_1_365' title='bbox 531 3614 705 3682; x_wconf 84' lang='grc' dir='ltr'>φέρει,</span> <span class='ocrx_word' id='word_1_366' title='bbox 735 3615 865 3668; x_wconf 80' lang='grc' dir='ltr'>ὅταν</span> <span class='ocrx_word' id='word_1_367' title='bbox 892 3631 976 3677; x_wconf 85' lang='grc' dir='ltr'><strong>τις</strong></span> <span class='ocrx_word' id='word_1_368' title='bbox 1009 3615 1084 3677; x_wconf 84' lang='grc' dir='ltr'><strong>ὡς</strong></span> <span class='ocrx_word' id='word_1_369' title='bbox 1130 3610 1284 3671; x_wconf 72' lang='grc' dir='ltr'>οὗτος</span> <span class='ocrx_word' id='word_1_370' title='bbox 1326 3618 1676 3689; x_wconf 80' lang='grc' dir='ltr'>παντοδαπὴν</span> <span class='ocrx_word' id='word_1_371' title='bbox 1709 3619 1851 3686; x_wconf 80' lang='grc' dir='ltr'>ἁγα-</span> 
     </span>
    </p>
   </div>
   <div class='ocr_carea' id='block_1_50' title="bbox 287 3703 1856 3779">
    <p class='ocr_par' dir='ltr' id='par_1_50' title="bbox 287 3703 1856 3779">
     <span class='ocr_line' id='line_1_50' title="bbox 287 3703 1856 3779; baseline 0.006 -25"><span class='ocrx_word' id='word_1_372' title='bbox 287 3703 393 3755; x_wconf 85' lang='grc' dir='ltr'>θῶν</span> <span class='ocrx_word' id='word_1_373' title='bbox 421 3703 552 3774; x_wconf 81' lang='grc' dir='ltr'>ἔχων</span> <span class='ocrx_word' id='word_1_374' title='bbox 584 3704 778 3774; x_wconf 85' lang='grc' dir='ltr'>φορὰν,</span> <span class='ocrx_word' id='word_1_375' title='bbox 815 3706 1142 3776; x_wconf 84' lang='grc' dir='ltr'>θαυμαστῆς</span> <span class='ocrx_word' id='word_1_376' title='bbox 1175 3724 1323 3771; x_wconf 90' lang='grc' dir='ltr'>τινος</span> <span class='ocrx_word' id='word_1_377' title='bbox 1364 3708 1711 3779; x_wconf 78' lang='grc' dir='ltr'>ἐκπλήξεως,</span> <span class='ocrx_word' id='word_1_378' title='bbox 1757 3710 1856 3764; x_wconf 81' lang='grc' dir='ltr'>καὶ</span> 
     </span>
    </p>
   </div>
   <div class='ocr_carea' id='block_1_51' title="bbox 282 3798 1853 3871">
    <p class='ocr_par' dir='ltr' id='par_1_51' title="bbox 282 3798 1853 3871">
     <span class='ocr_line' id='line_1_51' title="bbox 282 3798 1853 3871; baseline 0.004 -23"><span class='ocrx_word' id='word_1_379' title='bbox 282 3798 526 3849; x_wconf 79' lang='grc' dir='ltr'>παιάνων</span> <span class='ocrx_word' id='word_1_380' title='bbox 549 3798 700 3868; x_wconf 79' lang='grc' dir='ltr'>παρὰ</span> <span class='ocrx_word' id='word_1_381' title='bbox 728 3800 863 3851; x_wconf 80' lang='grc' dir='ltr'>πᾶσι</span> <span class='ocrx_word' id='word_1_382' title='bbox 888 3801 1196 3870; x_wconf 81' lang='grc' dir='ltr'>τυγχάνων,</span> <span class='ocrx_word' id='word_1_383' title='bbox 1229 3799 1424 3854; x_wconf 74' lang='grc' dir='ltr'>ἔπειτα</span> <span class='ocrx_word' id='word_1_384' title='bbox 1456 3801 1628 3871; x_wconf 78' lang='grc' dir='ltr'>δήπου</span> <span class='ocrx_word' id='word_1_385' title='bbox 1653 3818 1853 3855; x_wconf 80' lang='grc' dir='ltr'>ταπει-</span> 
     </span>
    </p>
   </div>
   <div class='ocr_carea' id='block_1_52' title="bbox 278 3890 1854 3964">
    <p class='ocr_par' dir='ltr' id='par_1_52' title="bbox 278 3890 1854 3964">
     <span class='ocr_line' id='line_1_52' title="bbox 278 3890 1854 3964; baseline 0.004 -23"><span class='ocrx_word' id='word_1_386' title='bbox 278 3891 560 3956; x_wconf 81' lang='grc' dir='ltr'>νοφρονεῖν</span> <span class='ocrx_word' id='word_1_387' title='bbox 590 3890 771 3957; x_wconf 74' lang='grc' dir='ltr'>οἴηται</span> <span class='ocrx_word' id='word_1_388' title='bbox 807 3891 939 3955; x_wconf 87' lang='grc' dir='ltr'>δεῖν,</span> <span class='ocrx_word' id='word_1_389' title='bbox 974 3894 1070 3945; x_wconf 78' lang='grc' dir='ltr'>καὶ</span> <span class='ocrx_word' id='word_1_390' title='bbox 1103 3893 1310 3963; x_wconf 82' lang='grc' dir='ltr'>ταύτης</span> <span class='ocrx_word' id='word_1_391' title='bbox 1356 3893 1497 3963; x_wconf 86' lang='grc' dir='ltr'>ὑπὲρ</span> <span class='ocrx_word' id='word_1_392' title='bbox 1525 3894 1653 3955; x_wconf 81' lang='grc' dir='ltr'>τοὺς</span> <span class='ocrx_word' id='word_1_393' title='bbox 1683 3893 1854 3964; x_wconf 83' lang='grc' dir='ltr'>μηδέν</span> 
     </span>
    </p>
   </div>
   <div class='ocr_carea' id='block_1_53' title="bbox 276 3980 1857 4057">
    <p class='ocr_par' dir='ltr' id='par_1_53' title="bbox 276 3980 1857 4057">
     <span class='ocr_line' id='line_1_53' title="bbox 276 3980 1857 4057; baseline 0.004 -24"><span class='ocrx_word' id='word_1_394' title='bbox 276 3997 335 4033; x_wconf 85' lang='grc' dir='ltr'><strong>τι</strong></span> <span class='ocrx_word' id='word_1_395' title='bbox 369 3980 610 4035; x_wconf 84' lang='grc' dir='ltr'>τοιοῦτον</span> <span class='ocrx_word' id='word_1_396' title='bbox 637 3984 853 4046; x_wconf 79' lang='grc' dir='ltr'>ἑαυτοῖς</span> <span class='ocrx_word' id='word_1_397' title='bbox 878 3986 1192 4049; x_wconf 78' lang='grc' dir='ltr'>συνειδότας</span> <span class='ocrx_word' id='word_1_398' title='bbox 1218 3986 1587 4057; x_wconf 81' lang='grc' dir='ltr'>ἀντιποιῆται,</span> <span class='ocrx_word' id='word_1_399' title='bbox 1612 3986 1710 4057; x_wconf 78' lang='grc' dir='ltr'>οὐχ</span> <span class='ocrx_word' id='word_1_400' title='bbox 1730 3987 1857 4039; x_wconf 71' lang='grc' dir='ltr'>ἑαυ-</span> 
     </span>
    </p>
   </div>
   <div class='ocr_carea' id='block_1_54' title="bbox 283 4070 1855 4149">
    <p class='ocr_par' dir='ltr' id='par_1_54' title="bbox 283 4070 1855 4149">
     <span class='ocr_line' id='line_1_54' title="bbox 283 4070 1855 4149; baseline 0.005 -25"><span class='ocrx_word' id='word_1_401' title='bbox 283 4070 380 4124; x_wconf 81' lang='grc' dir='ltr'>τὸν</span> <span class='ocrx_word' id='word_1_402' title='bbox 415 4073 616 4141; x_wconf 77' lang='grc' dir='ltr'>μᾶλλον</span> <span class='ocrx_word' id='word_1_403' title='bbox 652 4115 668 4140; x_wconf 95' lang='grc'><strong>,</strong></span> <span class='ocrx_word' id='word_1_404' title='bbox 703 4074 736 4147; x_wconf 77' lang='grc' dir='ltr'>ἢ</span> <span class='ocrx_word' id='word_1_405' title='bbox 769 4077 979 4145; x_wconf 87' lang='grc' dir='ltr'>ταύτην</span> <span class='ocrx_word' id='word_1_406' title='bbox 1018 4077 1279 4147; x_wconf 82' lang='grc' dir='ltr'>σεμνύνει</span> <span class='ocrx_word' id='word_1_407' title='bbox 1314 4080 1411 4131; x_wconf 76' lang='grc' dir='ltr'>καὶ</span> <span class='ocrx_word' id='word_1_408' title='bbox 1454 4078 1855 4149; x_wconf 81' lang='grc' dir='ltr'>περιφανεστέ-</span> 
     </span>
    </p>
   </div>
   <div class='ocr_carea' id='block_1_55' title="bbox 280 4153 1856 4241">
    <p class='ocr_par' dir='ltr' id='par_1_55' title="bbox 280 4153 1856 4241">
     <span class='ocr_line' id='line_1_55' title="bbox 280 4153 1856 4241; baseline 0.006 -25"><span class='ocrx_word' id='word_1_409' title='bbox 280 4181 382 4232; x_wconf 83' lang='grc' dir='ltr'><strong>ραν</strong></span> <span class='ocrx_word' id='word_1_410' title='bbox 412 4166 506 4220; x_wconf 74' lang='grc' dir='ltr'>καὶ</span> <span class='ocrx_word' id='word_1_411' title='bbox 536 4166 740 4220; x_wconf 86' lang='grc' dir='ltr'>καλλίω</span> <span class='ocrx_word' id='word_1_412' title='bbox 766 4170 878 4233; x_wconf 85' lang='grc' dir='ltr'>τοῖς</span> <span class='ocrx_word' id='word_1_413' title='bbox 901 4168 1045 4233; x_wconf 81' lang='grc' dir='ltr'>ὅλοις</span> <span class='ocrx_word' id='word_1_414' title='bbox 1077 4173 1242 4225; x_wconf 86' lang='grc' dir='ltr'>ποιεῖ.</span> <span class='ocrx_word' id='word_1_415' title='bbox 1277 4171 1390 4241; x_wconf 83' lang='grc' dir='ltr'><strong>Τῆς</strong></span> <span class='ocrx_word' id='word_1_416' title='bbox 1415 4153 1558 4226; x_wconf 76' lang='grc' dir='ltr'><strong>δ’ἀῦ</strong></span> <span class='ocrx_word' id='word_1_417' title='bbox 1596 4170 1734 4241; x_wconf 83' lang='grc' dir='ltr'>πρὸς</span> <span class='ocrx_word' id='word_1_418' title='bbox 1763 4171 1856 4225; x_wconf 83' lang='grc' dir='ltr'>τὸν</span> 
     </span>
    </p>
   </div>
   <div class='ocr_carea' id='block_1_56' title="bbox 276 4256 1858 4333">
    <p class='ocr_par' dir='ltr' id='par_1_56' title="bbox 276 4256 1858 4333">
     <span class='ocr_line' id='line_1_56' title="bbox 276 4256 1858 4333; baseline 0.007 -25"><span class='ocrx_word' id='word_1_419' title='bbox 276 4256 506 4326; x_wconf 77' lang='grc' dir='ltr'>πλησίον</span> <span class='ocrx_word' id='word_1_420' title='bbox 554 4258 778 4328; x_wconf 79' lang='grc' dir='ltr'>ἀγάπης</span> <span class='ocrx_word' id='word_1_421' title='bbox 830 4260 925 4314; x_wconf 71' lang='grc' dir='ltr'>καὶ</span> <span class='ocrx_word' id='word_1_422' title='bbox 987 4261 1083 4314; x_wconf 87' lang='grc' dir='ltr'><strong>τοῦ</strong></span> <span class='ocrx_word' id='word_1_423' title='bbox 1131 4263 1302 4316; x_wconf 75' lang='grc' dir='ltr'>πᾶσιν</span> <span class='ocrx_word' id='word_1_424' title='bbox 1355 4262 1523 4318; x_wconf 80' lang='grc' dir='ltr'>αὑτὸν</span> <span class='ocrx_word' id='word_1_425' title='bbox 1570 4264 1858 4333; x_wconf 76' lang='grc' dir='ltr'>σπλάγχνα</span> 
     </span>
    </p>
   </div>
   <div class='ocr_carea' id='block_1_57' title="bbox 279 4342 1860 4429">
    <p class='ocr_par' dir='ltr' id='par_1_57' title="bbox 279 4342 1860 4429">
     <span class='ocr_line' id='line_1_57' title="bbox 279 4342 1860 4429; baseline 0.008 -29"><span class='ocrx_word' id='word_1_426' title='bbox 279 4350 645 4423; x_wconf 76' lang='grc' dir='ltr'>χρηστότητος</span> <span class='ocrx_word' id='word_1_427' title='bbox 701 4353 798 4407; x_wconf 74' lang='grc' dir='ltr'>καὶ</span> <span class='ocrx_word' id='word_1_428' title='bbox 850 4348 1140 4408; x_wconf 77' lang='grc' dir='ltr'>εῖναι·καὶ</span> <span class='ocrx_word' id='word_1_429' title='bbox 1186 4356 1496 4424; x_wconf 86' lang='grc' dir='ltr'>γίγνεσθαι,</span> <span class='ocrx_word' id='word_1_430' title='bbox 1555 4342 1860 4429; x_wconf 84' lang='grc' dir='ltr'>τεκμήριον</span> 
     </span>
    </p>
   </div>
   <div class='ocr_carea' id='block_1_58' title="bbox 279 4434 1858 4518">
    <p class='ocr_par' dir='ltr' id='par_1_58' title="bbox 279 4434 1858 4518">
     <span class='ocr_line' id='line_1_58' title="bbox 279 4434 1858 4518; baseline 0.006 -24"><span class='ocrx_word' id='word_1_431' title='bbox 279 4443 544 4512; x_wconf 71' lang='grc' dir='ltr'>ἱναργὲς’</span> <span class='ocrx_word' id='word_1_432' title='bbox 587 4445 822 4513; x_wconf 88' lang='grc' dir='ltr'>μάλιστα</span> <span class='ocrx_word' id='word_1_433' title='bbox 865 4448 966 4518; x_wconf 76' lang='grc' dir='ltr'>μὲν</span> <span class='ocrx_word' id='word_1_434' title='bbox 1020 4447 1082 4502; x_wconf 84' lang='grc' dir='ltr'>τὸ</span> <span class='ocrx_word' id='word_1_435' title='bbox 1129 4434 1226 4503; x_wconf 76' lang='grc' dir='ltr'><strong>τοῦ</strong></span> <span class='ocrx_word' id='word_1_436' title='bbox 1274 4449 1410 4504; x_wconf 85' lang='grc' dir='ltr'>Θεοῦ</span> <span class='ocrx_word' id='word_1_437' title='bbox 1454 4449 1715 4516; x_wconf 80' lang='grc' dir='ltr'>καθάπαξ</span> <span class='ocrx_word' id='word_1_438' title='bbox 1766 4450 1858 4517; x_wconf 75' lang='grc' dir='ltr'><strong>ἐξ·</strong></span> 
     </span>
    </p>
   </div>
   <div class='ocr_carea' id='block_1_59' title="bbox 1962 1962 3547 2033">
    <p class='ocr_par' dir='ltr' id='par_1_59' title="bbox 1962 1962 3547 2033">
     <span class='ocr_line' id='line_1_59' title="bbox 1962 1962 3547 2033; baseline 0 -16"><span class='ocrx_word' id='word_1_439' title='bbox 1962 1963 2250 2019; x_wconf 86' lang='lat' dir='ltr'><strong>Dominum</strong></span> <span class='ocrx_word' id='word_1_440' title='bbox 2282 1977 2440 2018; x_wconf 88' lang='lat' dir='ltr'><strong>suum</strong></span> <span class='ocrx_word' id='word_1_441' title='bbox 2462 1976 2585 2017; x_wconf 86' lang='lat' dir='ltr'><strong>esse</strong></span> <span class='ocrx_word' id='word_1_442' title='bbox 2615 1962 2801 2031; x_wconf 87' lang='lat' dir='ltr'><strong>sciret,</strong></span> <span class='ocrx_word' id='word_1_443' title='bbox 2840 1981 2860 2015; x_wconf 79' lang='grc' dir='ltr'><strong>ι</strong></span> <span class='ocrx_word' id='word_1_444' title='bbox 2896 1963 2987 2033; x_wconf 89' lang='lat' dir='ltr'><strong>qui</strong></span> <span class='ocrx_word' id='word_1_445' title='bbox 3018 1962 3200 2018; x_wconf 86' lang='lat' dir='ltr'><strong>mitem</strong></span> <span class='ocrx_word' id='word_1_446' title='bbox 3228 1975 3349 2017; x_wconf 82' lang='lat' dir='ltr'><strong>sese</strong></span> <span class='ocrx_word' id='word_1_447' title='bbox 3373 1970 3427 2015; x_wconf 92' lang='lat' dir='ltr'><strong>et</strong></span> <span class='ocrx_word' id='word_1_448' title='bbox 3450 1963 3547 2017; x_wconf 74' lang='lat' dir='ltr'><strong>ltu-</strong></span> 
     </span>
    </p>
   </div>
   <div class='ocr_carea' id='block_1_60' title="bbox 1961 2052 3547 2126">
    <p class='ocr_par' dir='ltr' id='par_1_60' title="bbox 1961 2052 3547 2126">
     <span class='ocr_line' id='line_1_60' title="bbox 1961 2052 3547 2126; baseline -0.003 -13"><span class='ocrx_word' id='word_1_449' title='bbox 1961 2058 2142 2113; x_wconf 89' lang='lat' dir='ltr'><strong>milcm</strong></span> <span class='ocrx_word' id='word_1_450' title='bbox 2172 2058 2336 2112; x_wconf 89' lang='lat' dir='ltr'><strong>corde</strong></span> <span class='ocrx_word' id='word_1_451' title='bbox 2378 2075 2397 2110; x_wconf 79' lang='grc' dir='ltr'><strong>ι</strong></span> <span class='ocrx_word' id='word_1_452' title='bbox 2437 2054 2844 2126; x_wconf 85' lang='lat' dir='ltr'><strong>appellavisset,</strong></span> <span class='ocrx_word' id='word_1_453' title='bbox 2888 2053 3168 2119; x_wconf 87' lang='lat' dir='ltr'><strong>morbique</strong></span> <span class='ocrx_word' id='word_1_454' title='bbox 3197 2052 3448 2108; x_wconf 88' lang='lat' dir='ltr'><strong>notitiam</strong></span> <span class='ocrx_word' id='word_1_455' title='bbox 3481 2067 3547 2109; x_wconf 85' lang='lat' dir='ltr'><strong>ac</strong></span> 
     </span>
    </p>
   </div>
   <div class='ocr_carea' id='block_1_61' title="bbox 1961 2144 3546 2215">
    <p class='ocr_par' dir='ltr' id='par_1_61' title="bbox 1961 2144 3546 2215">
     <span class='ocr_line' id='line_1_61' title="bbox 1961 2144 3546 2215; baseline -0.005 -9"><span class='ocrx_word' id='word_1_456' title='bbox 1961 2148 2353 2206; x_wconf 86' lang='lat' dir='ltr'><strong>conscientiam</strong></span> <span class='ocrx_word' id='word_1_457' title='bbox 2382 2148 2716 2201; x_wconf 71' lang='lat' dir='ltr'><strong>«animarum</strong></span> <span class='ocrx_word' id='word_1_458' title='bbox 2739 2146 3012 2215; x_wconf 65' lang='lat' dir='ltr'><strong>requiem»</strong></span> <span class='ocrx_word' id='word_1_459' title='bbox 3037 2160 3159 2201; x_wconf 85' lang='lat' dir='ltr'><strong>esse</strong></span> <span class='ocrx_word' id='word_1_460' title='bbox 3182 2144 3458 2199; x_wconf 83' lang='lat' dir='ltr'><strong>statuisset</strong></span> <span class='ocrx_word' id='word_1_461' title='bbox 3474 2145 3546 2210; x_wconf 79' lang='grc'><strong>³³,</strong></span> 
     </span>
    </p>
   </div>
   <div class='ocr_carea' id='block_1_62' title="bbox 1960 2237 3549 2312">
    <p class='ocr_par' dir='ltr' id='par_1_62' title="bbox 1960 2237 3549 2312">
     <span class='ocr_line' id='line_1_62' title="bbox 1960 2237 3549 2312; baseline 0 -18"><span class='ocrx_word' id='word_1_462' title='bbox 1960 2242 2050 2311; x_wconf 86' lang='lat' dir='ltr'><strong>qui</strong></span> <span class='ocrx_word' id='word_1_463' title='bbox 2083 2251 2338 2312; x_wconf 58' lang='lat' dir='ltr'><strong>praeterea</strong></span> <span class='ocrx_word' id='word_1_464' title='bbox 2364 2239 2512 2295; x_wconf 82' lang='lat' dir='ltr'><strong>servi</strong></span> <span class='ocrx_word' id='word_1_465' title='bbox 2533 2237 2763 2294; x_wconf 81' lang='lat' dir='ltr'><strong>formam</strong></span> <span class='ocrx_word' id='word_1_466' title='bbox 2791 2239 3154 2309; x_wconf 84' lang='lat' dir='ltr'><strong>assumpisset</strong></span> <span class='ocrx_word' id='word_1_467' title='bbox 3176 2239 3246 2304; x_wconf 81' lang='lat'><strong>&quot;,</strong></span> <span class='ocrx_word' id='word_1_468' title='bbox 3270 2246 3329 2292; x_wconf 88' lang='lat' dir='ltr'><strong>ut</strong></span> <span class='ocrx_word' id='word_1_469' title='bbox 3353 2252 3454 2306; x_wconf 77' lang='lat' dir='ltr'><strong>ego</strong></span> <span class='ocrx_word' id='word_1_470' title='bbox 3484 2237 3549 2294; x_wconf 88' lang='lat' dir='ltr'><strong>li-</strong></span> 
     </span>
    </p>
   </div>
   <div class='ocr_carea' id='block_1_63' title="bbox 1962 2331 3543 2403">
    <p class='ocr_par' dir='ltr' id='par_1_63' title="bbox 1962 2331 3543 2403">
     <span class='ocr_line' id='line_1_63' title="bbox 1962 2331 3543 2403; baseline -0.002 -16"><span class='ocrx_word' id='word_1_471' title='bbox 1962 2334 2225 2388; x_wconf 89' lang='lat' dir='ltr'><strong>bertatem</strong></span> <span class='ocrx_word' id='word_1_472' title='bbox 2265 2348 2670 2403; x_wconf 77' lang='lat' dir='ltr'><strong>recuperarent,</strong></span> <span class='ocrx_word' id='word_1_473' title='bbox 2707 2343 2869 2402; x_wconf 88' lang='lat' dir='ltr'><strong>atque</strong></span> <span class='ocrx_word' id='word_1_474' title='bbox 2908 2334 2974 2386; x_wconf 88' lang='lat' dir='ltr'><strong>ad</strong></span> <span class='ocrx_word' id='word_1_475' title='bbox 2998 2333 3283 2403; x_wconf 87' lang='lat' dir='ltr'><strong>pristinam</strong></span> <span class='ocrx_word' id='word_1_476' title='bbox 3311 2331 3543 2385; x_wconf 89' lang='lat' dir='ltr'><strong>redirem</strong></span> 
     </span>
    </p>
   </div>
   <div class='ocr_carea' id='block_1_64' title="bbox 1961 2423 3544 2500">
    <p class='ocr_par' dir='ltr' id='par_1_64' title="bbox 1961 2423 3544 2500">
     <span class='ocr_line' id='line_1_64' title="bbox 1961 2423 3544 2500; baseline -0.002 -22"><span class='ocrx_word' id='word_1_477' title='bbox 1961 2426 2391 2500; x_wconf 76' lang='lat' dir='ltr'><strong>beatitudinem:</strong></span> <span class='ocrx_word' id='word_1_478' title='bbox 2428 2426 2520 2496; x_wconf 89' lang='lat' dir='ltr'><strong>qui</strong></span> <span class='ocrx_word' id='word_1_479' title='bbox 2576 2434 2684 2480; x_wconf 89' lang='lat' dir='ltr'><strong>tam</strong></span> <span class='ocrx_word' id='word_1_480' title='bbox 2719 2426 2885 2480; x_wconf 85' lang='lat' dir='ltr'><strong>multa</strong></span> <span class='ocrx_word' id='word_1_481' title='bbox 2941 2440 3007 2479; x_wconf 90' lang='lat' dir='ltr'><strong>ac</strong></span> <span class='ocrx_word' id='word_1_482' title='bbox 3055 2439 3271 2495; x_wconf 78' lang='lat' dir='ltr'><strong>magna,</strong></span> <span class='ocrx_word' id='word_1_483' title='bbox 3307 2423 3544 2492; x_wconf 86' lang='lat' dir='ltr'><strong>inquam,</strong></span> 
     </span>
    </p>
   </div>
   <div class='ocr_carea' id='block_1_65' title="bbox 1962 2513 3549 2584">
    <p class='ocr_par' dir='ltr' id='par_1_65' title="bbox 1962 2513 3549 2584">
     <span class='ocr_line' id='line_1_65' title="bbox 1962 2513 3549 2584; baseline -0.003 -11"><span class='ocrx_word' id='word_1_484' title='bbox 1962 2517 2308 2574; x_wconf 82' lang='lat' dir='ltr'><strong>demissionis</strong></span> <span class='ocrx_word' id='word_1_485' title='bbox 2342 2518 2514 2572; x_wconf 86' lang='lat' dir='ltr'><strong>animi</strong></span> <span class='ocrx_word' id='word_1_486' title='bbox 2570 2516 2921 2572; x_wconf 82' lang='lat' dir='ltr'><strong>invitamenta</strong></span> <span class='ocrx_word' id='word_1_487' title='bbox 2971 2515 3214 2580; x_wconf 87' lang='lat' dir='ltr'><strong>haberet,</strong></span> <span class='ocrx_word' id='word_1_488' title='bbox 3251 2513 3441 2584; x_wconf 90' lang='lat' dir='ltr'><strong>quidni</strong></span> <span class='ocrx_word' id='word_1_489' title='bbox 3491 2521 3549 2569; x_wconf 88' lang='lat' dir='ltr'><strong>et</strong></span> 
     </span>
    </p>
   </div>
   <div class='ocr_carea' id='block_1_66' title="bbox 1963 2603 3546 2677">
    <p class='ocr_par' dir='ltr' id='par_1_66' title="bbox 1963 2603 3546 2677">
     <span class='ocr_line' id='line_1_66' title="bbox 1963 2603 3546 2677; baseline -0.003 -15"><span class='ocrx_word' id='word_1_490' title='bbox 1963 2609 2081 2677; x_wconf 87' lang='lat' dir='ltr'><strong>ipse</strong></span> <span class='ocrx_word' id='word_1_491' title='bbox 2113 2622 2238 2662; x_wconf 77' lang='lat' dir='ltr'><strong>vere</strong></span> <span class='ocrx_word' id='word_1_492' title='bbox 2289 2608 2509 2662; x_wconf 87' lang='lat' dir='ltr'><strong>humilis</strong></span> <span class='ocrx_word' id='word_1_493' title='bbox 2531 2606 2807 2669; x_wconf 81' lang='lat' dir='ltr'><strong>evaderet,</strong></span> <span class='ocrx_word' id='word_1_494' title='bbox 2831 2613 3031 2660; x_wconf 88' lang='lat' dir='ltr'><strong>etcum</strong></span> <span class='ocrx_word' id='word_1_495' title='bbox 3059 2604 3310 2658; x_wconf 89' lang='lat' dir='ltr'><strong>omnibus</strong></span> <span class='ocrx_word' id='word_1_496' title='bbox 3335 2603 3387 2657; x_wconf 90' lang='lat' dir='ltr'><strong>in</strong></span> <span class='ocrx_word' id='word_1_497' title='bbox 3410 2617 3546 2657; x_wconf 86' lang='lat' dir='ltr'><strong>con-</strong></span> 
     </span>
    </p>
   </div>
   <div class='ocr_carea' id='block_1_67' title="bbox 1963 2695 3534 2770">
    <p class='ocr_par' dir='ltr' id='par_1_67' title="bbox 1963 2695 3534 2770">
     <span class='ocr_line' id='line_1_67' title="bbox 1963 2695 3534 2770; baseline -0.003 -15"><span class='ocrx_word' id='word_1_498' title='bbox 1963 2701 2181 2755; x_wconf 86' lang='lat' dir='ltr'><strong>tritione</strong></span> <span class='ocrx_word' id='word_1_499' title='bbox 2208 2701 2390 2755; x_wconf 85' lang='lat' dir='ltr'><strong>cordis</strong></span> <span class='ocrx_word' id='word_1_500' title='bbox 2430 2708 2486 2755; x_wconf 81' lang='lat' dir='ltr'><strong>et</strong></span> <span class='ocrx_word' id='word_1_501' title='bbox 2512 2700 2705 2770; x_wconf 90' lang='lat' dir='ltr'><strong>spiritu</strong></span> <span class='ocrx_word' id='word_1_502' title='bbox 2734 2695 3075 2754; x_wconf 84' lang='lat' dir='ltr'><strong>demissiouis</strong></span> <span class='ocrx_word' id='word_1_503' title='bbox 3100 2706 3306 2766; x_wconf 83' lang='lat' dir='ltr'><strong>ageret,</strong></span> <span class='ocrx_word' id='word_1_504' title='bbox 3345 2701 3400 2748; x_wconf 91' lang='lat' dir='ltr'><strong>et</strong></span> <span class='ocrx_word' id='word_1_505' title='bbox 3443 2708 3534 2750; x_wconf 79' lang='lat' dir='ltr'><strong>se-</strong></span> 
     </span>
    </p>
   </div>
   <div class='ocr_carea' id='block_1_68' title="bbox 1961 2788 3537 2858">
    <p class='ocr_par' dir='ltr' id='par_1_68' title="bbox 1961 2788 3537 2858">
     <span class='ocr_line' id='line_1_68' title="bbox 1961 2788 3537 2858; baseline -0.003 -12"><span class='ocrx_word' id='word_1_506' title='bbox 1961 2794 2197 2846; x_wconf 87' lang='lat' dir='ltr'><strong>cundum</strong></span> <span class='ocrx_word' id='word_1_507' title='bbox 2246 2806 2341 2847; x_wconf 91' lang='lat' dir='ltr'><strong>cor</strong></span> <span class='ocrx_word' id='word_1_508' title='bbox 2373 2792 2489 2858; x_wconf 88' lang='lat' dir='ltr'><strong>Dei,</strong></span> <span class='ocrx_word' id='word_1_509' title='bbox 2530 2801 2589 2844; x_wconf 93' lang='lat' dir='ltr'><strong>ut</strong></span> <span class='ocrx_word' id='word_1_510' title='bbox 2629 2791 2731 2847; x_wconf 85' lang='lat' dir='ltr'><strong>hoc</strong></span> <span class='ocrx_word' id='word_1_511' title='bbox 2759 2789 2920 2845; x_wconf 84' lang='lat' dir='ltr'><strong>verbo</strong></span> <span class='ocrx_word' id='word_1_512' title='bbox 2951 2788 3248 2853; x_wconf 79' lang='lat' dir='ltr'><strong>utamur”,</strong></span> <span class='ocrx_word' id='word_1_513' title='bbox 3282 2788 3403 2841; x_wconf 70' lang='lat' dir='ltr'><strong>vitae</strong></span> <span class='ocrx_word' id='word_1_514' title='bbox 3423 2800 3537 2842; x_wconf 68' lang='lat' dir='ltr'><strong>suae</strong></span> 
     </span>
    </p>
   </div>
   <div class='ocr_carea' id='block_1_69' title="bbox 1962 2879 3548 2949">
    <p class='ocr_par' dir='ltr' id='par_1_69' title="bbox 1962 2879 3548 2949">
     <span class='ocr_line' id='line_1_69' title="bbox 1962 2879 3548 2949; baseline -0.004 -10"><span class='ocrx_word' id='word_1_515' title='bbox 1962 2885 2199 2941; x_wconf 87' lang='lat' dir='ltr'><strong>rationes</strong></span> <span class='ocrx_word' id='word_1_516' title='bbox 2227 2900 2415 2939; x_wconf 87' lang='lat' dir='ltr'><strong>omnes</strong></span> <span class='ocrx_word' id='word_1_517' title='bbox 2435 2884 2765 2939; x_wconf 84' lang='lat' dir='ltr'><strong>institueret?</strong></span> <span class='ocrx_word' id='word_1_518' title='bbox 2782 2882 2899 2949; x_wconf 85' lang='lat' dir='ltr'><strong>Qua</strong></span> <span class='ocrx_word' id='word_1_519' title='bbox 2932 2881 3000 2937; x_wconf 91' lang='lat' dir='ltr'><strong>de</strong></span> <span class='ocrx_word' id='word_1_520' title='bbox 3026 2895 3192 2936; x_wconf 87' lang='lat' dir='ltr'><strong>causa</strong></span> <span class='ocrx_word' id='word_1_521' title='bbox 3216 2880 3297 2936; x_wconf 87' lang='lat' dir='ltr'><strong>sic</strong></span> <span class='ocrx_word' id='word_1_522' title='bbox 3330 2879 3421 2934; x_wconf 92' lang='lat' dir='ltr'><strong>ille</strong></span> <span class='ocrx_word' id='word_1_523' title='bbox 3446 2879 3548 2934; x_wconf 87' lang='lat' dir='ltr'><strong>hu-</strong></span> 
     </span>
    </p>
   </div>
   <div class='ocr_carea' id='block_1_70' title="bbox 1961 2971 3552 3047">
    <p class='ocr_par' dir='ltr' id='par_1_70' title="bbox 1961 2971 3552 3047">
     <span class='ocr_line' id='line_1_70' title="bbox 1961 2971 3552 3047; baseline -0.006 -15"><span class='ocrx_word' id='word_1_524' title='bbox 1961 2978 2207 3032; x_wconf 76' lang='lat' dir='ltr'><strong>militatis</strong></span> <span class='ocrx_word' id='word_1_525' title='bbox 2240 2977 2525 3033; x_wconf 86' lang='lat' dir='ltr'><strong>insistebat</strong></span> <span class='ocrx_word' id='word_1_526' title='bbox 2549 2976 2811 3047; x_wconf 77' lang='lat' dir='ltr'><strong>vestigiis,</strong></span> <span class='ocrx_word' id='word_1_527' title='bbox 2840 2986 2895 3030; x_wconf 90' lang='lat' dir='ltr'><strong>ut</strong></span> <span class='ocrx_word' id='word_1_528' title='bbox 2931 2974 3168 3030; x_wconf 89' lang='lat' dir='ltr'><strong>nesciam</strong></span> <span class='ocrx_word' id='word_1_529' title='bbox 3199 2988 3268 3028; x_wconf 88' lang='lat' dir='ltr'><strong>an</strong></span> <span class='ocrx_word' id='word_1_530' title='bbox 3302 2971 3552 3028; x_wconf 83' lang='lat' dir='ltr'><strong>habuerit</strong></span> 
     </span>
    </p>
   </div>
   <div class='ocr_carea' id='block_1_71' title="bbox 1961 3065 3549 3140">
    <p class='ocr_par' dir='ltr' id='par_1_71' title="bbox 1961 3065 3549 3140">
     <span class='ocr_line' id='line_1_71' title="bbox 1961 3065 3549 3140; baseline -0.003 -17"><span class='ocrx_word' id='word_1_531' title='bbox 1961 3084 2144 3140; x_wconf 89' lang='lat' dir='ltr'><strong>parem</strong></span> <span class='ocrx_word' id='word_1_532' title='bbox 2183 3070 2481 3124; x_wconf 89' lang='lat' dir='ltr'><strong>neminem.</strong></span> <span class='ocrx_word' id='word_1_533' title='bbox 2527 3068 2618 3123; x_wconf 87' lang='lat' dir='ltr'><strong>Sic</strong></span> <span class='ocrx_word' id='word_1_534' title='bbox 2652 3068 2794 3123; x_wconf 86' lang='lat' dir='ltr'><strong>hanc</strong></span> <span class='ocrx_word' id='word_1_535' title='bbox 2839 3068 2966 3122; x_wconf 88' lang='lat' dir='ltr'><strong>item</strong></span> <span class='ocrx_word' id='word_1_536' title='bbox 3004 3067 3262 3120; x_wconf 84' lang='lat' dir='ltr'><strong>virtutem</strong></span> <span class='ocrx_word' id='word_1_537' title='bbox 3297 3065 3549 3128; x_wconf 84' lang='lat' dir='ltr'><strong>ornabat,</strong></span> 
     </span>
    </p>
   </div>
   <div class='ocr_carea' id='block_1_72' title="bbox 1963 3158 3554 3232">
    <p class='ocr_par' dir='ltr' id='par_1_72' title="bbox 1963 3158 3554 3232">
     <span class='ocr_line' id='line_1_72' title="bbox 1963 3158 3554 3232; baseline -0.004 -14"><span class='ocrx_word' id='word_1_538' title='bbox 1963 3172 2025 3218; x_wconf 92' lang='lat' dir='ltr'><strong>ut</strong></span> <span class='ocrx_word' id='word_1_539' title='bbox 2070 3162 2193 3232; x_wconf 89' lang='lat' dir='ltr'><strong>plus</strong></span> <span class='ocrx_word' id='word_1_540' title='bbox 2238 3163 2352 3231; x_wconf 86' lang='lat' dir='ltr'><strong>ipsa</strong></span> <span class='ocrx_word' id='word_1_541' title='bbox 2397 3161 2582 3231; x_wconf 76' lang='lat' dir='ltr'><strong>gloriae</strong></span> <span class='ocrx_word' id='word_1_542' title='bbox 2631 3170 2793 3229; x_wconf 88' lang='lat' dir='ltr'><strong>atque</strong></span> <span class='ocrx_word' id='word_1_543' title='bbox 2843 3158 3220 3214; x_wconf 76' lang='lat' dir='ltr'><strong>admirationis</strong></span> <span class='ocrx_word' id='word_1_544' title='bbox 3263 3173 3292 3211; x_wconf 91' lang='lat' dir='ltr'><strong>a</strong></span> <span class='ocrx_word' id='word_1_545' title='bbox 3341 3167 3554 3221; x_wconf 80' lang='lat' dir='ltr'><strong>nostro,</strong></span> 
     </span>
    </p>
   </div>
   <div class='ocr_carea' id='block_1_73' title="bbox 1883 3223 3551 3327">
    <p class='ocr_par' dir='ltr' id='par_1_73' title="bbox 1883 3223 3551 3327">
     <span class='ocr_line' id='line_1_73' title="bbox 1883 3223 3551 3327; baseline -0.005 -16"><span class='ocrx_word' id='word_1_546' title='bbox 1883 3223 1927 3283; x_wconf 56' lang='grc' dir='ltr'><strong>(δ</strong></span> <span class='ocrx_word' id='word_1_547' title='bbox 1963 3271 2125 3327; x_wconf 82' lang='lat' dir='ltr'><strong>quam</strong></span> <span class='ocrx_word' id='word_1_548' title='bbox 2163 3265 2348 3307; x_wconf 86' lang='lat' dir='ltr'><strong>noster</strong></span> <span class='ocrx_word' id='word_1_549' title='bbox 2377 3253 2444 3307; x_wconf 95' lang='lat' dir='ltr'><strong>ab</strong></span> <span class='ocrx_word' id='word_1_550' title='bbox 2480 3251 2592 3316; x_wconf 82' lang='lat' dir='ltr'><strong>illa,</strong></span> <span class='ocrx_word' id='word_1_551' title='bbox 2625 3258 3085 3320; x_wconf 84' lang='lat' dir='ltr'><strong>consequeretur,</strong></span> <span class='ocrx_word' id='word_1_552' title='bbox 3120 3247 3267 3318; x_wconf 86' lang='lat' dir='ltr'><strong>quod</strong></span> <span class='ocrx_word' id='word_1_553' title='bbox 3304 3262 3434 3303; x_wconf 85' lang='lat' dir='ltr'><strong>vere</strong></span> <span class='ocrx_word' id='word_1_554' title='bbox 3462 3261 3551 3302; x_wconf 90' lang='lat' dir='ltr'><strong>me</strong></span> 
     </span>
    </p>
   </div>
   <div class='ocr_carea' id='block_1_74' title="bbox 1953 3343 2929 3415">
    <p class='ocr_par' dir='ltr' id='par_1_74' title="bbox 1953 3343 2929 3415">
     <span class='ocr_line' id='line_1_74' title="bbox 1953 3343 2929 3415; baseline -0.013 -6"><span class='ocrx_word' id='word_1_555' title='bbox 1953 3349 2244 3412; x_wconf 75' lang='lat' dir='ltr'><strong>aliirmare,</strong></span> <span class='ocrx_word' id='word_1_556' title='bbox 2271 3347 2397 3403; x_wconf 86' lang='lat' dir='ltr'><strong>hinc</strong></span> <span class='ocrx_word' id='word_1_557' title='bbox 2426 3346 2766 3415; x_wconf 83' lang='lat' dir='ltr'><strong>perspicuum</strong></span> <span class='ocrx_word' id='word_1_558' title='bbox 2803 3343 2929 3398; x_wconf 89' lang='lat' dir='ltr'><strong>erit.</strong></span> 
     </span>
    </p>
   </div>
   <div class='ocr_carea' id='block_1_75' title="bbox 2003 3429 3553 3508">
    <p class='ocr_par' dir='ltr' id='par_1_75' title="bbox 2003 3429 3553 3508">
     <span class='ocr_line' id='line_1_75' title="bbox 2003 3429 3553 3508; baseline -0.007 -13"><span class='ocrx_word' id='word_1_559' title='bbox 2003 3437 2168 3495; x_wconf 79' lang='lat' dir='ltr'><strong>LXV.</strong></span> <span class='ocrx_word' id='word_1_560' title='bbox 2186 3438 2392 3508; x_wconf 87' lang='lat' dir='ltr'><strong>Quippe</strong></span> <span class='ocrx_word' id='word_1_561' title='bbox 2407 3437 2452 3492; x_wconf 75' lang='lat' dir='ltr'><strong>si</strong></span> <span class='ocrx_word' id='word_1_562' title='bbox 2475 3436 2589 3491; x_wconf 83' lang='lat' dir='ltr'><strong>sola</strong></span> <span class='ocrx_word' id='word_1_563' title='bbox 2605 3433 2825 3490; x_wconf 89' lang='lat' dir='ltr'><strong>demissi</strong></span> <span class='ocrx_word' id='word_1_564' title='bbox 2846 3440 3009 3502; x_wconf 85' lang='lat' dir='ltr'><strong>atque</strong></span> <span class='ocrx_word' id='word_1_565' title='bbox 3028 3429 3426 3487; x_wconf 87' lang='lat' dir='ltr'><strong>bumilisauimi</strong></span> <span class='ocrx_word' id='word_1_566' title='bbox 3445 3430 3553 3486; x_wconf 84' lang='lat' dir='ltr'><strong>vir-</strong></span> 
     </span>
    </p>
   </div>
   <div class='ocr_carea' id='block_1_76' title="bbox 1956 3524 3552 3596">
    <p class='ocr_par' dir='ltr' id='par_1_76' title="bbox 1956 3524 3552 3596">
     <span class='ocr_line' id='line_1_76' title="bbox 1956 3524 3552 3596; baseline -0.004 -11"><span class='ocrx_word' id='word_1_567' title='bbox 1956 3538 2040 3587; x_wconf 90' lang='lat' dir='ltr'><strong>tus</strong></span> <span class='ocrx_word' id='word_1_568' title='bbox 2061 3529 2303 3585; x_wconf 81' lang='lat' dir='ltr'><strong>studiose</strong></span> <span class='ocrx_word' id='word_1_569' title='bbox 2325 3528 2494 3593; x_wconf 89' lang='lat' dir='ltr'><strong>culta,</strong></span> <span class='ocrx_word' id='word_1_570' title='bbox 2523 3525 3001 3596; x_wconf 62' lang='lat' dir='ltr'><strong>quanquamznulla</strong></span> <span class='ocrx_word' id='word_1_571' title='bbox 3024 3524 3242 3578; x_wconf 87' lang='lat' dir='ltr'><strong>aliunde</strong></span> <span class='ocrx_word' id='word_1_572' title='bbox 3258 3524 3552 3579; x_wconf 84' lang='lat' dir='ltr'><strong>accedente</strong></span> 
     </span>
    </p>
   </div>
   <div class='ocr_carea' id='block_1_77' title="bbox 1955 3615 3549 3693">
    <p class='ocr_par' dir='ltr' id='par_1_77' title="bbox 1955 3615 3549 3693">
     <span class='ocr_line' id='line_1_77' title="bbox 1955 3615 3549 3693; baseline -0.006 -16"><span class='ocrx_word' id='word_1_573' title='bbox 1955 3623 2139 3693; x_wconf 72' lang='lat' dir='ltr'><strong>gloria:</strong></span> <span class='ocrx_word' id='word_1_574' title='bbox 2195 3620 2462 3687; x_wconf 88' lang='lat' dir='ltr'><strong>materie,</strong></span> <span class='ocrx_word' id='word_1_575' title='bbox 2514 3620 2730 3674; x_wconf 81' lang='lat' dir='ltr'><strong>laudem</strong></span> <span class='ocrx_word' id='word_1_576' title='bbox 2793 3617 2994 3673; x_wconf 76' lang='lat' dir='ltr'><strong>aﬂ&#39;ert:</strong></span> <span class='ocrx_word' id='word_1_577' title='bbox 3050 3616 3267 3686; x_wconf 86' lang='lat' dir='ltr'><strong>quando</strong></span> <span class='ocrx_word' id='word_1_578' title='bbox 3309 3615 3434 3686; x_wconf 81' lang='lat' dir='ltr'><strong>quis</strong></span> <span class='ocrx_word' id='word_1_579' title='bbox 3481 3616 3549 3668; x_wconf 85' lang='lat' dir='ltr'><strong>ad</strong></span> 
     </span>
    </p>
   </div>
   <div class='ocr_carea' id='block_1_78' title="bbox 1954 3707 3550 3780">
    <p class='ocr_par' dir='ltr' id='par_1_78' title="bbox 1954 3707 3550 3780">
     <span class='ocr_line' id='line_1_78' title="bbox 1954 3707 3550 3780; baseline -0.006 -10"><span class='ocrx_word' id='word_1_580' title='bbox 1954 3713 2263 3779; x_wconf 79' lang='lat' dir='ltr'><strong>exemplum</strong></span> <span class='ocrx_word' id='word_1_581' title='bbox 2305 3712 2482 3766; x_wconf 85' lang='lat' dir='ltr'><strong>nostri</strong></span> <span class='ocrx_word' id='word_1_582' title='bbox 2514 3710 2841 3780; x_wconf 85' lang='lat' dir='ltr'><strong>Optimarum</strong></span> <span class='ocrx_word' id='word_1_583' title='bbox 2890 3724 3071 3762; x_wconf 81' lang='lat' dir='ltr'><strong>rerum</strong></span> <span class='ocrx_word' id='word_1_584' title='bbox 3103 3707 3344 3762; x_wconf 89' lang='lat' dir='ltr'><strong>omnium</strong></span> <span class='ocrx_word' id='word_1_585' title='bbox 3371 3707 3550 3777; x_wconf 80' lang='lat' dir='ltr'><strong>copiis</strong></span> 
     </span>
    </p>
   </div>
   <div class='ocr_carea' id='block_1_79' title="bbox 1956 3799 3547 3868">
    <p class='ocr_par' dir='ltr' id='par_1_79' title="bbox 1956 3799 3547 3868">
     <span class='ocr_line' id='line_1_79' title="bbox 1956 3799 3547 3868; baseline -0.008 -6"><span class='ocrx_word' id='word_1_586' title='bbox 1956 3804 2356 3868; x_wconf 83' lang='lat' dir='ltr'><strong>circumﬂuens,</strong></span> <span class='ocrx_word' id='word_1_587' title='bbox 2406 3810 2461 3858; x_wconf 86' lang='lat' dir='ltr'><strong>et</strong></span> <span class='ocrx_word' id='word_1_588' title='bbox 2520 3802 2823 3856; x_wconf 85' lang='lat' dir='ltr'><strong>incredibili</strong></span> <span class='ocrx_word' id='word_1_589' title='bbox 2885 3800 3118 3868; x_wconf 85' lang='lat' dir='ltr'><strong>quadam</strong></span> <span class='ocrx_word' id='word_1_590' title='bbox 3163 3799 3547 3862; x_wconf 88' lang='lat' dir='ltr'><strong>admiratione,</strong></span> 
     </span>
    </p>
   </div>
   <div class='ocr_carea' id='block_1_80' title="bbox 1959 3892 3551 3974">
    <p class='ocr_par' dir='ltr' id='par_1_80' title="bbox 1959 3892 3551 3974">
     <span class='ocr_line' id='line_1_80' title="bbox 1959 3892 3551 3974; baseline -0.006 -19"><span class='ocrx_word' id='word_1_591' title='bbox 1959 3915 2021 3955; x_wconf 90' lang='lat' dir='ltr'><strong>ac</strong></span> <span class='ocrx_word' id='word_1_592' title='bbox 2044 3898 2243 3974; x_wconf 69' lang='lat' dir='ltr'><strong>divinis</strong></span> <span class='ocrx_word' id='word_1_593' title='bbox 2294 3913 2430 3969; x_wconf 90' lang='lat' dir='ltr'><strong>pene</strong></span> <span class='ocrx_word' id='word_1_594' title='bbox 2468 3896 2719 3951; x_wconf 72' lang='lat' dir='ltr'><strong>laudibus</strong></span> <span class='ocrx_word' id='word_1_595' title='bbox 2769 3894 2973 3964; x_wconf 86' lang='lat' dir='ltr'><strong>ubique</strong></span> <span class='ocrx_word' id='word_1_596' title='bbox 3023 3893 3271 3959; x_wconf 80' lang='lat' dir='ltr'><strong>aﬁ‘ectus,</strong></span> <span class='ocrx_word' id='word_1_597' title='bbox 3307 3892 3551 3947; x_wconf 78' lang='lat' dir='ltr'><strong>modeste</strong></span> 
     </span>
    </p>
   </div>
   <div class='ocr_carea' id='block_1_81' title="bbox 1957 3983 3550 4046">
    <p class='ocr_par' dir='ltr' id='par_1_81' title="bbox 1957 3983 3550 4046">
     <span class='ocr_line' id='line_1_81' title="bbox 1957 3983 3550 4046; baseline -0.006 -1"><span class='ocrx_word' id='word_1_598' title='bbox 1957 3998 2138 4046; x_wconf 89' lang='lat' dir='ltr'><strong>tamen</strong></span> <span class='ocrx_word' id='word_1_599' title='bbox 2190 3998 2244 4044; x_wconf 93' lang='lat' dir='ltr'><strong>et</strong></span> <span class='ocrx_word' id='word_1_600' title='bbox 2291 3989 2560 4044; x_wconf 84' lang='lat' dir='ltr'><strong>submisse</strong></span> <span class='ocrx_word' id='word_1_601' title='bbox 2604 3987 2671 4041; x_wconf 85' lang='lat' dir='ltr'><strong>de</strong></span> <span class='ocrx_word' id='word_1_602' title='bbox 2695 4000 2757 4042; x_wconf 86' lang='lat' dir='ltr'><strong>se</strong></span> <span class='ocrx_word' id='word_1_603' title='bbox 2805 3983 2909 4040; x_wconf 84' lang='lat' dir='ltr'><strong>sibi</strong></span> <span class='ocrx_word' id='word_1_604' title='bbox 2958 3984 3384 4041; x_wconf 81' lang='lat' dir='ltr'><strong>existimandum</strong></span> <span class='ocrx_word' id='word_1_605' title='bbox 3433 3992 3550 4035; x_wconf 81' lang='lat' dir='ltr'><strong>sta-</strong></span> 
     </span>
    </p>
   </div>
   <div class='ocr_carea' id='block_1_82' title="bbox 1960 4075 3548 4149">
    <p class='ocr_par' dir='ltr' id='par_1_82' title="bbox 1960 4075 3548 4149">
     <span class='ocr_line' id='line_1_82' title="bbox 1960 4075 3548 4149; baseline -0.005 -10"><span class='ocrx_word' id='word_1_606' title='bbox 1960 4084 2087 4149; x_wconf 88' lang='lat' dir='ltr'><strong>tuit,</strong></span> <span class='ocrx_word' id='word_1_607' title='bbox 2109 4093 2167 4137; x_wconf 92' lang='lat' dir='ltr'><strong>et</strong></span> <span class='ocrx_word' id='word_1_608' title='bbox 2191 4081 2414 4138; x_wconf 78' lang='lat' dir='ltr'><strong>virtutis</strong></span> <span class='ocrx_word' id='word_1_609' title='bbox 2465 4080 2611 4136; x_wconf 87' lang='lat' dir='ltr'><strong>illius</strong></span> <span class='ocrx_word' id='word_1_610' title='bbox 2659 4079 2802 4134; x_wconf 87' lang='lat' dir='ltr'><strong>haud</strong></span> <span class='ocrx_word' id='word_1_611' title='bbox 2860 4079 3024 4148; x_wconf 86' lang='lat' dir='ltr'><strong>paulo</strong></span> <span class='ocrx_word' id='word_1_612' title='bbox 3074 4075 3377 4135; x_wconf 86' lang='lat' dir='ltr'><strong>studiosior</strong></span> <span class='ocrx_word' id='word_1_613' title='bbox 3403 4075 3548 4148; x_wconf 79' lang='lat' dir='ltr'><strong>aliis,</strong></span> 
     </span>
    </p>
   </div>
   <div class='ocr_carea' id='block_1_83' title="bbox 1961 4169 3546 4243">
    <p class='ocr_par' dir='ltr' id='par_1_83' title="bbox 1961 4169 3546 4243">
     <span class='ocr_line' id='line_1_83' title="bbox 1961 4169 3546 4243; baseline -0.006 -13"><span class='ocrx_word' id='word_1_614' title='bbox 1961 4174 2159 4230; x_wconf 92' lang='lat' dir='ltr'><strong>nullius</strong></span> <span class='ocrx_word' id='word_1_615' title='bbox 2200 4171 2536 4243; x_wconf 79' lang='lat' dir='ltr'><strong>ejuscemodi</strong></span> <span class='ocrx_word' id='word_1_616' title='bbox 2589 4171 2922 4240; x_wconf 74' lang='lat' dir='ltr'><strong>praestantiae</strong></span> <span class='ocrx_word' id='word_1_617' title='bbox 2979 4170 3085 4227; x_wconf 87' lang='lat' dir='ltr'><strong>sibi</strong></span> <span class='ocrx_word' id='word_1_618' title='bbox 3127 4169 3387 4233; x_wconf 88' lang='lat' dir='ltr'><strong>consciis,</strong></span> <span class='ocrx_word' id='word_1_619' title='bbox 3423 4177 3546 4222; x_wconf 86' lang='lat' dir='ltr'><strong>est:</strong></span> 
     </span>
    </p>
   </div>
   <div class='ocr_carea' id='block_1_84' title="bbox 1961 4258 3548 4336">
    <p class='ocr_par' dir='ltr' id='par_1_84' title="bbox 1961 4258 3548 4336">
     <span class='ocr_line' id='line_1_84' title="bbox 1961 4258 3548 4336; baseline -0.007 -13"><span class='ocrx_word' id='word_1_620' title='bbox 1961 4269 2053 4323; x_wconf 89' lang='lat' dir='ltr'><strong>ille</strong></span> <span class='ocrx_word' id='word_1_621' title='bbox 2084 4258 2335 4336; x_wconf 76' lang='lat' dir='ltr'><strong>profecto</strong></span> <span class='ocrx_word' id='word_1_622' title='bbox 2366 4282 2471 4320; x_wconf 85' lang='lat' dir='ltr'><strong>non</strong></span> <span class='ocrx_word' id='word_1_623' title='bbox 2521 4280 2582 4320; x_wconf 88' lang='lat' dir='ltr'><strong>se</strong></span> <span class='ocrx_word' id='word_1_624' title='bbox 2627 4266 2823 4336; x_wconf 71' lang='lat' dir='ltr'><strong>magis,</strong></span> <span class='ocrx_word' id='word_1_625' title='bbox 2871 4279 3035 4334; x_wconf 85' lang='lat' dir='ltr'><strong>quam</strong></span> <span class='ocrx_word' id='word_1_626' title='bbox 3085 4262 3341 4318; x_wconf 83' lang='lat' dir='ltr'><strong>virtutem</strong></span> <span class='ocrx_word' id='word_1_627' title='bbox 3374 4260 3548 4327; x_wconf 85' lang='lat' dir='ltr'><strong>ipsam</strong></span> 
     </span>
    </p>
   </div>
   <div class='ocr_carea' id='block_1_85' title="bbox 1960 4349 3552 4424">
    <p class='ocr_par' dir='ltr' id='par_1_85' title="bbox 1960 4349 3552 4424">
     <span class='ocr_line' id='line_1_85' title="bbox 1960 4349 3552 4424; baseline -0.008 -11"><span class='ocrx_word' id='word_1_628' title='bbox 1960 4358 2244 4421; x_wconf 81' lang='lat' dir='ltr'><strong>honestat,</strong></span> <span class='ocrx_word' id='word_1_629' title='bbox 2267 4356 2529 4424; x_wconf 89' lang='lat' dir='ltr'><strong>omnique</strong></span> <span class='ocrx_word' id='word_1_630' title='bbox 2562 4354 2778 4409; x_wconf 78' lang='lat' dir='ltr'><strong>ratione</strong></span> <span class='ocrx_word' id='word_1_631' title='bbox 2814 4353 3107 4409; x_wconf 83' lang='lat' dir='ltr'><strong>clariorem</strong></span> <span class='ocrx_word' id='word_1_632' title='bbox 3134 4366 3254 4405; x_wconf 89' lang='lat' dir='ltr'><strong>eam</strong></span> <span class='ocrx_word' id='word_1_633' title='bbox 3277 4349 3552 4420; x_wconf 87' lang='lat' dir='ltr'><strong>pulchrio-</strong></span> 
     </span>
    </p>
   </div>
   <div class='ocr_carea' id='block_1_86' title="bbox 1961 4442 3553 4516">
    <p class='ocr_par' dir='ltr' id='par_1_86' title="bbox 1961 4442 3553 4516">
     <span class='ocr_line' id='line_1_86' title="bbox 1961 4442 3553 4516; baseline -0.006 -12"><span class='ocrx_word' id='word_1_634' title='bbox 1961 4462 2187 4516; x_wconf 88' lang='lat' dir='ltr'><strong>remque</strong></span> <span class='ocrx_word' id='word_1_635' title='bbox 2236 4445 2434 4500; x_wconf 88' lang='lat' dir='ltr'><strong>reddit.</strong></span> <span class='ocrx_word' id='word_1_636' title='bbox 2488 4444 2660 4499; x_wconf 87' lang='lat' dir='ltr'><strong>Porro</strong></span> <span class='ocrx_word' id='word_1_637' title='bbox 2693 4451 2752 4496; x_wconf 91' lang='lat' dir='ltr'><strong>ut</strong></span> <span class='ocrx_word' id='word_1_638' title='bbox 2783 4442 3062 4511; x_wconf 72' lang='lat' dir='ltr'><strong>sigillatim</strong></span> <span class='ocrx_word' id='word_1_639' title='bbox 3111 4452 3553 4508; x_wconf 84' lang='lat' dir='ltr'><strong>unumquemque</strong></span> 
     </span>
    </p>
   </div>
   <div class='ocr_carea' id='block_1_87' title="bbox 274 4528 1855 4618">
    <p class='ocr_par' dir='ltr' id='par_1_87' title="bbox 274 4531 1855 4614">
     <span class='ocr_line' id='line_1_87' title="bbox 274 4531 1855 4614; baseline 0.005 -25"><span class='ocrx_word' id='word_1_640' title='bbox 274 4531 450 4603; x_wconf 81' lang='grc' dir='ltr'>ἧφθαι</span> <span class='ocrx_word' id='word_1_641' title='bbox 480 4536 576 4590; x_wconf 76' lang='grc' dir='ltr'>καὶ</span> <span class='ocrx_word' id='word_1_642' title='bbox 606 4537 798 4592; x_wconf 86' lang='grc' dir='ltr'>τοῦτον</span> <span class='ocrx_word' id='word_1_643' title='bbox 831 4539 893 4605; x_wconf 70' lang='grc' dir='ltr'><strong>ἑξ</strong></span> <span class='ocrx_word' id='word_1_644' title='bbox 930 4541 1060 4611; x_wconf 83' lang='grc' dir='ltr'>ὅλης</span> <span class='ocrx_word' id='word_1_645' title='bbox 1085 4541 1259 4611; x_wconf 87' lang='grc' dir='ltr'>δήπου</span> <span class='ocrx_word' id='word_1_646' title='bbox 1286 4542 1464 4614; x_wconf 76' lang='grc' dir='ltr'>ψυχῆς</span> <span class='ocrx_word' id='word_1_647' title='bbox 1490 4544 1586 4597; x_wconf 77' lang='grc' dir='ltr'>καὶ</span> <span class='ocrx_word' id='word_1_648' title='bbox 1621 4542 1855 4607; x_wconf 85' lang='grc' dir='ltr'>διανοίας</span> 
     </span>
    </p>
   </div>
   <div class='ocr_carea' id='block_1_88' title="bbox 1959 4528 3549 4618">
    <p class='ocr_par' dir='ltr' id='par_1_88' title="bbox 1963 4528 3549 4606">
     <span class='ocr_line' id='line_1_88' title="bbox 1963 4528 3549 4606; baseline -0.008 -11"><span class='ocrx_word' id='word_1_649' title='bbox 1963 4538 2241 4604; x_wconf 76' lang='lat' dir='ltr'><strong>dilexerit,</strong></span> <span class='ocrx_word' id='word_1_650' title='bbox 2294 4548 2463 4606; x_wconf 89' lang='lat' dir='ltr'><strong>utque</strong></span> <span class='ocrx_word' id='word_1_651' title='bbox 2513 4534 2727 4591; x_wconf 77' lang='lat' dir='ltr'><strong>viscera</strong></span> <span class='ocrx_word' id='word_1_652' title='bbox 2784 4533 2901 4603; x_wconf 90' lang='lat' dir='ltr'><strong>ipsa</strong></span> <span class='ocrx_word' id='word_1_653' title='bbox 2962 4529 3245 4586; x_wconf 85' lang='lat' dir='ltr'><strong>charitatis</strong></span> <span class='ocrx_word' id='word_1_654' title='bbox 3298 4528 3549 4598; x_wconf 76' lang='lat' dir='ltr'><strong>benigni-</strong></span> 
     </span>
    </p>
   </div>
   <div class='ocr_carea' id='block_1_89' title="bbox 278 4626 1854 4706">
    <p class='ocr_par' dir='ltr' id='par_1_89' title="bbox 278 4626 1854 4706">
     <span class='ocr_line' id='line_1_89' title="bbox 278 4626 1854 4706; baseline 0.008 -29"><span class='ocrx_word' id='word_1_655' title='bbox 278 4626 455 4694; x_wconf 79' lang='grc' dir='ltr'>φιλεῖν</span> <span class='ocrx_word' id='word_1_656' title='bbox 475 4644 491 4659; x_wconf 75' lang='grc' dir='ltr'><strong>ο</strong></span> <span class='ocrx_word' id='word_1_657' title='bbox 528 4628 661 4681; x_wconf 84' lang='grc' dir='ltr'><strong>αὐτό</strong></span> <span class='ocrx_word' id='word_1_658' title='bbox 690 4647 747 4682; x_wconf 88' lang='grc' dir='ltr'><strong>τε</strong></span> <span class='ocrx_word' id='word_1_659' title='bbox 779 4631 892 4702; x_wconf 82' lang='grc' dir='ltr'><strong>γὰρ</strong></span> <span class='ocrx_word' id='word_1_660' title='bbox 919 4635 1078 4686; x_wconf 83' lang='grc' dir='ltr'>τοῦτο</span> <span class='ocrx_word' id='word_1_661' title='bbox 1110 4634 1209 4688; x_wconf 75' lang='grc' dir='ltr'>καὶ</span> <span class='ocrx_word' id='word_1_662' title='bbox 1267 4634 1330 4687; x_wconf 85' lang='grc' dir='ltr'><strong>τδ</strong></span> <span class='ocrx_word' id='word_1_663' title='bbox 1368 4635 1464 4688; x_wconf 89' lang='grc' dir='ltr'><strong>τοῦ</strong></span> <span class='ocrx_word' id='word_1_664' title='bbox 1499 4636 1725 4706; x_wconf 84' lang='grc' dir='ltr'>πλησίον</span> <span class='ocrx_word' id='word_1_665' title='bbox 1757 4637 1854 4691; x_wconf 81' lang='grc' dir='ltr'>άν-</span> 
     </span>
    </p>
   </div>
   <div class='ocr_carea' id='block_1_90' title="bbox 274 4718 1853 4796">
    <p class='ocr_par' dir='ltr' id='par_1_90' title="bbox 274 4718 1853 4796">
     <span class='ocr_line' id='line_1_90' title="bbox 274 4718 1853 4796; baseline 0.007 -26"><span class='ocrx_word' id='word_1_666' title='bbox 274 4718 629 4785; x_wconf 85' lang='grc' dir='ltr'>τιποιεῖσθαι,</span> <span class='ocrx_word' id='word_1_667' title='bbox 660 4721 908 4791; x_wconf 77' lang='grc' dir='ltr'>ἀλλήλων</span> <span class='ocrx_word' id='word_1_668' title='bbox 931 4741 992 4778; x_wconf 85' lang='grc' dir='ltr'><strong>τε</strong></span> <span class='ocrx_word' id='word_1_669' title='bbox 1022 4724 1334 4796; x_wconf 77' lang='grc' dir='ltr'>ἐξανάγκης</span> <span class='ocrx_word' id='word_1_670' title='bbox 1363 4724 1573 4796; x_wconf 83' lang='grc' dir='ltr'>ἔχεται,</span> <span class='ocrx_word' id='word_1_671' title='bbox 1609 4725 1707 4779; x_wconf 81' lang='grc' dir='ltr'><strong>καί</strong></span> <span class='ocrx_word' id='word_1_672' title='bbox 1736 4743 1853 4789; x_wconf 83' lang='grc' dir='ltr'><strong>πως</strong></span> 
     </span>
    </p>
   </div>
   <div class='ocr_carea' id='block_1_91' title="bbox 281 4806 1857 4889">
    <p class='ocr_par' dir='ltr' id='par_1_91' title="bbox 281 4806 1857 4889">
     <span class='ocr_line' id='line_1_91' title="bbox 281 4806 1857 4889; baseline 0.006 -26"><span class='ocrx_word' id='word_1_673' title='bbox 281 4811 543 4882; x_wconf 75' lang='grc' dir='ltr'>ἑκάτερον</span> <span class='ocrx_word' id='word_1_674' title='bbox 580 4814 827 4885; x_wconf 80' lang='grc' dir='ltr'>ἑκατέρῳ</span> <span class='ocrx_word' id='word_1_675' title='bbox 875 4818 1263 4889; x_wconf 69' lang='grc' dir='ltr'><strong>συμπράττει⁸</strong></span> <span class='ocrx_word' id='word_1_676' title='bbox 1312 4819 1408 4871; x_wconf 77' lang='grc' dir='ltr'><strong>καὶ</strong></span> <span class='ocrx_word' id='word_1_677' title='bbox 1452 4806 1578 4871; x_wconf 78' lang='grc' dir='ltr'>οὔτε</span> <span class='ocrx_word' id='word_1_678' title='bbox 1607 4818 1742 4872; x_wconf 79' lang='grc' dir='ltr'>Θεὸν</span> <span class='ocrx_word' id='word_1_679' title='bbox 1779 4819 1857 4882; x_wconf 83' lang='grc' dir='ltr'><strong>ὡς</strong></span> 
     </span>
    </p>
   </div>
   <div class='ocr_carea' id='block_1_92' title="bbox 278 4900 1853 4979">
    <p class='ocr_par' dir='ltr' id='par_1_92' title="bbox 278 4900 1853 4979">
     <span class='ocr_line' id='line_1_92' title="bbox 278 4900 1853 4979; baseline 0.007 -27"><span class='ocrx_word' id='word_1_680' title='bbox 278 4900 415 4971; x_wconf 78' lang='grc' dir='ltr'>ἔφην</span> <span class='ocrx_word' id='word_1_681' title='bbox 440 4901 517 4955; x_wconf 67' lang='grc' dir='ltr'>ενι</span> <span class='ocrx_word' id='word_1_682' title='bbox 546 4904 723 4972; x_wconf 88' lang='grc' dir='ltr'>φιλεῖν</span> <span class='ocrx_word' id='word_1_683' title='bbox 743 4907 817 4975; x_wconf 83' lang='grc' dir='ltr'>μὴ</span> <span class='ocrx_word' id='word_1_684' title='bbox 841 4907 921 4977; x_wconf 81' lang='grc' dir='ltr'><strong>τῷ</strong></span> <span class='ocrx_word' id='word_1_685' title='bbox 943 4908 1174 4979; x_wconf 87' lang='grc' dir='ltr'>πλησίον</span> <span class='ocrx_word' id='word_1_686' title='bbox 1204 4909 1282 4972; x_wconf 82' lang='grc' dir='ltr'>ὡς</span> <span class='ocrx_word' id='word_1_687' title='bbox 1308 4908 1459 4971; x_wconf 84' lang='grc' dir='ltr'>είκὺς</span> <span class='ocrx_word' id='word_1_688' title='bbox 1488 4909 1853 4978; x_wconf 80' lang='grc' dir='ltr'>κεχρημένον,</span> 
     </span>
    </p>
   </div>
   <div class='ocr_carea' id='block_1_93' title="bbox 276 4991 1855 5070">
    <p class='ocr_par' dir='ltr' id='par_1_93' title="bbox 276 4991 1855 5070">
     <span class='ocr_line' id='line_1_93' title="bbox 276 4991 1855 5070; baseline 0.008 -27"><span class='ocrx_word' id='word_1_689' title='bbox 276 4991 389 5044; x_wconf 80' lang='grc' dir='ltr'>οὔτ’</span> <span class='ocrx_word' id='word_1_690' title='bbox 428 4992 496 5046; x_wconf 79' lang='grc' dir='ltr'>αὖ</span> <span class='ocrx_word' id='word_1_691' title='bbox 530 4994 722 5049; x_wconf 85' lang='grc' dir='ltr'>τούτου</span> <span class='ocrx_word' id='word_1_692' title='bbox 754 4999 1064 5067; x_wconf 78' lang='grc' dir='ltr'>φροντίζειν</span> <span class='ocrx_word' id='word_1_693' title='bbox 1108 4999 1184 5064; x_wconf 85' lang='grc' dir='ltr'><strong>ὡς</strong></span> <span class='ocrx_word' id='word_1_694' title='bbox 1224 4999 1309 5052; x_wconf 88' lang='grc' dir='ltr'><strong>δεῖ</strong></span> <span class='ocrx_word' id='word_1_695' title='bbox 1341 4999 1431 5051; x_wconf 72' lang='grc' dir='ltr'>τὸν</span> <span class='ocrx_word' id='word_1_696' title='bbox 1477 5000 1855 5070; x_wconf 77' lang='grc' dir='ltr'>ὲρῤᾳστωνευ-</span> 
     </span>
    </p>
   </div>
   <div class='ocr_carea' id='block_1_94' title="bbox 280 5074 1855 5161">
    <p class='ocr_par' dir='ltr' id='par_1_94' title="bbox 280 5074 1855 5161">
     <span class='ocr_line' id='line_1_94' title="bbox 280 5074 1855 5161; baseline 0.004 -23"><span class='ocrx_word' id='word_1_697' title='bbox 280 5086 455 5151; x_wconf 83' lang='grc' dir='ltr'>μένως</span> <span class='ocrx_word' id='word_1_698' title='bbox 487 5088 625 5155; x_wconf 73' lang='grc' dir='ltr'>πρὸς</span> <span class='ocrx_word' id='word_1_699' title='bbox 657 5090 865 5143; x_wconf 78' lang='grc' dir='ltr'>ἐκεῖνον</span> <span class='ocrx_word' id='word_1_700' title='bbox 893 5091 1088 5161; x_wconf 72' lang='grc' dir='ltr'>ἔχοντα</span> <span class='ocrx_word' id='word_1_701' title='bbox 1108 5106 1123 5121; x_wconf 76' lang='grc'><strong><em>⁸</em></strong></span> <span class='ocrx_word' id='word_1_702' title='bbox 1176 5074 1431 5144; x_wconf 56' lang='lat' dir='ltr'><strong>mare:</strong></span> <span class='ocrx_word' id='word_1_703' title='bbox 1469 5090 1632 5158; x_wconf 88' lang='grc' dir='ltr'>λόγον</span> <span class='ocrx_word' id='word_1_704' title='bbox 1663 5090 1855 5145; x_wconf 75' lang='grc' dir='ltr'>ἐκατέ-</span> 
     </span>
    </p>
   </div>
   <div class='ocr_carea' id='block_1_95' title="bbox 280 5178 1858 5259">
    <p class='ocr_par' dir='ltr' id='par_1_95' title="bbox 280 5178 1858 5259">
     <span class='ocr_line' id='line_1_95' title="bbox 280 5178 1858 5259; baseline 0.008 -31"><span class='ocrx_word' id='word_1_705' title='bbox 280 5194 375 5246; x_wconf 80' lang='grc' dir='ltr'><strong>ρου</strong></span> <span class='ocrx_word' id='word_1_706' title='bbox 405 5178 497 5229; x_wconf 77' lang='grc' dir='ltr'><strong>τὸν</strong></span> <span class='ocrx_word' id='word_1_707' title='bbox 547 5180 869 5249; x_wconf 75' lang='grc' dir='ltr'>γιγνόμενον</span> <span class='ocrx_word' id='word_1_708' title='bbox 920 5186 1132 5255; x_wconf 73' lang='grc' dir='ltr'>ἴσχειν,</span> <span class='ocrx_word' id='word_1_709' title='bbox 1179 5187 1278 5239; x_wconf 78' lang='grc' dir='ltr'>καὶ</span> <span class='ocrx_word' id='word_1_710' title='bbox 1318 5186 1508 5259; x_wconf 79' lang='grc' dir='ltr'>ὥσπερ</span> <span class='ocrx_word' id='word_1_711' title='bbox 1551 5189 1731 5242; x_wconf 78' lang='grc' dir='ltr'>ἐκεῖνο</span> <span class='ocrx_word' id='word_1_712' title='bbox 1761 5189 1858 5241; x_wconf 75' lang='grc' dir='ltr'>καὶ</span> 
     </span>
    </p>
   </div>
   <div class='ocr_carea' id='block_1_96' title="bbox 278 5269 1860 5349">
    <p class='ocr_par' dir='ltr' id='par_1_96' title="bbox 278 5269 1860 5349">
     <span class='ocr_line' id='line_1_96' title="bbox 278 5269 1860 5349; baseline 0.009 -29"><span class='ocrx_word' id='word_1_713' title='bbox 278 5269 436 5322; x_wconf 82' lang='grc' dir='ltr'>τοῦτο</span> <span class='ocrx_word' id='word_1_714' title='bbox 470 5273 814 5335; x_wconf 76' lang='grc' dir='ltr'>σπουδάζειν·</span> <span class='ocrx_word' id='word_1_715' title='bbox 846 5277 896 5329; x_wconf 79' lang='grc' dir='ltr'><strong>εί</strong></span> <span class='ocrx_word' id='word_1_716' title='bbox 924 5278 982 5330; x_wconf 79' lang='grc' dir='ltr'>δὲ</span> <span class='ocrx_word' id='word_1_717' title='bbox 1011 5278 1088 5349; x_wconf 84' lang='grc' dir='ltr'>μὴ</span> <span class='ocrx_word' id='word_1_718' title='bbox 1117 5278 1298 5344; x_wconf 84' lang='grc' dir='ltr'>τοῦτο,</span> <span class='ocrx_word' id='word_1_719' title='bbox 1325 5278 1443 5342; x_wconf 83' lang='grc' dir='ltr'>πῶς</span> <span class='ocrx_word' id='word_1_720' title='bbox 1472 5281 1668 5345; x_wconf 79' lang='grc' dir='ltr'>ἐκεῖνο,</span> <span class='ocrx_word' id='word_1_721' title='bbox 1733 5296 1860 5334; x_wconf 86' lang='grc' dir='ltr'>συν-</span> 
     </span>
    </p>
   </div>
   <div class='ocr_carea' id='block_1_97' title="bbox 348 5453 1896 5529">
    <p class='ocr_par' dir='ltr' id='par_1_97' title="bbox 348 5453 1896 5529">
     <span class='ocr_line' id='line_1_97' title="bbox 348 5453 1896 5529; baseline 0.01 -25"><span class='ocrx_word' id='word_1_722' title='bbox 348 5453 412 5486; x_wconf 78' lang='grc'><strong>¹’·</strong></span> <span class='ocrx_word' id='word_1_723' title='bbox 445 5454 582 5529; x_wconf 64' lang='lat' dir='ltr'><strong>Gen.</strong></span> <span class='ocrx_word' id='word_1_724' title='bbox 611 5470 769 5529; x_wconf 56' lang='lat' dir='ltr'><strong>_XVLII,</strong></span> <span class='ocrx_word' id='word_1_725' title='bbox 802 5457 894 5512; x_wconf 74' lang='grc'><strong>27.</strong></span> <span class='ocrx_word' id='word_1_726' title='bbox 974 5457 1020 5489; x_wconf 83' lang='grc'><strong>³⁰</strong></span> <span class='ocrx_word' id='word_1_727' title='bbox 1047 5458 1235 5513; x_wconf 78' lang='lat' dir='ltr'><strong>Matth.</strong></span> <span class='ocrx_word' id='word_1_728' title='bbox 1267 5475 1378 5518; x_wconf 70' lang='lat' dir='ltr'><strong>XIX,</strong></span> <span class='ocrx_word' id='word_1_729' title='bbox 1403 5458 1506 5525; x_wconf 82' lang='lat'><strong>50;</strong></span> <span class='ocrx_word' id='word_1_730' title='bbox 1537 5478 1627 5527; x_wconf 79' lang='lat' dir='ltr'><strong>xx,</strong></span> <span class='ocrx_word' id='word_1_731' title='bbox 1664 5461 1754 5529; x_wconf 79' lang='grc'><strong>16,</strong></span> <span class='ocrx_word' id='word_1_732' title='bbox 1787 5473 1896 5520; x_wconf 82' lang='lat' dir='ltr'><strong>etc.</strong></span> 
     </span>
    </p>
   </div>
   <div class='ocr_carea' id='block_1_98' title="bbox 285 5524 1582 5598">
    <p class='ocr_par' dir='ltr' id='par_1_98' title="bbox 285 5524 1582 5598">
     <span class='ocr_line' id='line_1_98' title="bbox 285 5524 1582 5598; baseline 0.006 -21"><span class='ocrx_word' id='word_1_733' title='bbox 285 5538 405 5588; x_wconf 76' lang='lat' dir='ltr'><strong>xm,</strong></span> <span class='ocrx_word' id='word_1_734' title='bbox 438 5524 529 5578; x_wconf 68' lang='grc'><strong>14.</strong></span> <span class='ocrx_word' id='word_1_735' title='bbox 609 5527 655 5557; x_wconf 70' lang='grc'><strong>³⁵</strong></span> <span class='ocrx_word' id='word_1_736' title='bbox 684 5524 845 5583; x_wconf 88' lang='lat' dir='ltr'><strong>Deut.</strong></span> <span class='ocrx_word' id='word_1_737' title='bbox 882 5544 955 5594; x_wconf 74' lang='lat' dir='ltr'><strong>VI,</strong></span> <span class='ocrx_word' id='word_1_738' title='bbox 988 5528 1055 5594; x_wconf 78' lang='lat'><strong>5;</strong></span> <span class='ocrx_word' id='word_1_739' title='bbox 1084 5529 1220 5585; x_wconf 87' lang='lat' dir='ltr'><strong>an.</strong></span> <span class='ocrx_word' id='word_1_740' title='bbox 1254 5545 1311 5597; x_wconf 65' lang='grc' dir='ltr'>χ,</span> <span class='ocrx_word' id='word_1_741' title='bbox 1338 5529 1437 5598; x_wconf 73' lang='lat'><strong>27,</strong></span> <span class='ocrx_word' id='word_1_742' title='bbox 1469 5524 1582 5587; x_wconf 85' lang='lat' dir='ltr'><strong>etc.</strong></span> 
     </span>
    </p>
   </div>
   <div class='ocr_carea' id='block_1_99' title="bbox 1966 4622 3551 4697">
    <p class='ocr_par' dir='ltr' id='par_1_99' title="bbox 1966 4622 3551 4697">
     <span class='ocr_line' id='line_1_99' title="bbox 1966 4622 3551 4697; baseline -0.01 -9"><span class='ocrx_word' id='word_1_743' title='bbox 1966 4633 2221 4695; x_wconf 78' lang='lat' dir='ltr'><strong>latisque,</strong></span> <span class='ocrx_word' id='word_1_744' title='bbox 2271 4638 2386 4684; x_wconf 89' lang='lat' dir='ltr'><strong>tum</strong></span> <span class='ocrx_word' id='word_1_745' title='bbox 2431 4637 2629 4697; x_wconf 87' lang='lat' dir='ltr'><strong>suopte</strong></span> <span class='ocrx_word' id='word_1_746' title='bbox 2673 4635 2859 4681; x_wconf 90' lang='lat' dir='ltr'><strong>noster</strong></span> <span class='ocrx_word' id='word_1_747' title='bbox 2905 4623 3148 4693; x_wconf 75' lang='lat' dir='ltr'><strong>ingenio,</strong></span> <span class='ocrx_word' id='word_1_748' title='bbox 3179 4629 3294 4689; x_wconf 74' lang='lat' dir='ltr'><strong>tum</strong></span> <span class='ocrx_word' id='word_1_749' title='bbox 3331 4622 3551 4676; x_wconf 85' lang='lat' dir='ltr'><strong>institu-</strong></span> 
     </span>
    </p>
   </div>
   <div class='ocr_carea' id='block_1_100' title="bbox 1968 4697 3548 4789">
    <p class='ocr_par' dir='ltr' id='par_1_100' title="bbox 1968 4697 3548 4789">
     <span class='ocr_line' id='line_1_100' title="bbox 1968 4697 3548 4789; baseline -0.008 -12"><span class='ocrx_word' id='word_1_750' title='bbox 1968 4697 2139 4788; x_wconf 56' lang='lat' dir='ltr'><strong>tione,</strong></span> <span class='ocrx_word' id='word_1_751' title='bbox 2189 4735 2321 4789; x_wconf 77' lang='lat' dir='ltr'><strong>erga</strong></span> <span class='ocrx_word' id='word_1_752' title='bbox 2373 4734 2566 4773; x_wconf 85' lang='lat' dir='ltr'><strong>omnes</strong></span> <span class='ocrx_word' id='word_1_753' title='bbox 2628 4717 2814 4781; x_wconf 75' lang='lat' dir='ltr'><strong>fuerit,</strong></span> <span class='ocrx_word' id='word_1_754' title='bbox 2850 4716 3221 4771; x_wconf 85' lang='lat' dir='ltr'><strong>certissimum</strong></span> <span class='ocrx_word' id='word_1_755' title='bbox 3256 4727 3548 4780; x_wconf 79' lang='lat' dir='ltr'><strong>argumen-</strong></span> 
     </span>
    </p>
   </div>
   <div class='ocr_carea' id='block_1_101' title="bbox 1964 4804 3552 4878">
    <p class='ocr_par' dir='ltr' id='par_1_101' title="bbox 1964 4804 3552 4878">
     <span class='ocr_line' id='line_1_101' title="bbox 1964 4804 3552 4878; baseline -0.006 -11"><span class='ocrx_word' id='word_1_756' title='bbox 1964 4822 2082 4867; x_wconf 90' lang='lat' dir='ltr'><strong>tum</strong></span> <span class='ocrx_word' id='word_1_757' title='bbox 2123 4808 2505 4867; x_wconf 81' lang='lat' dir='ltr'><strong>est:maxime</strong></span> <span class='ocrx_word' id='word_1_758' title='bbox 2557 4807 2776 4878; x_wconf 84' lang='lat' dir='ltr'><strong>quidem</strong></span> <span class='ocrx_word' id='word_1_759' title='bbox 2821 4805 3050 4875; x_wconf 79' lang='lat' dir='ltr'><strong>quodex</strong></span> <span class='ocrx_word' id='word_1_760' title='bbox 3100 4804 3552 4872; x_wconf 81' lang='lat' dir='ltr'><strong>D&#39;eotutusaptus</strong></span> 
     </span>
    </p>
   </div>
   <div class='ocr_carea' id='block_1_102' title="bbox 1961 4897 3550 4973">
    <p class='ocr_par' dir='ltr' id='par_1_102' title="bbox 1961 4897 3550 4973">
     <span class='ocr_line' id='line_1_102' title="bbox 1961 4897 3550 4973; baseline -0.008 -11"><span class='ocrx_word' id='word_1_761' title='bbox 1961 4916 2130 4971; x_wconf 84' lang='lat' dir='ltr'><strong>esset,</strong></span> <span class='ocrx_word' id='word_1_762' title='bbox 2176 4918 2409 4973; x_wconf 85' lang='lat' dir='ltr'><strong>eumque</strong></span> <span class='ocrx_word' id='word_1_763' title='bbox 2438 4917 2505 4957; x_wconf 80' lang='lat' dir='ltr'><strong>ex</strong></span> <span class='ocrx_word' id='word_1_764' title='bbox 2539 4910 2647 4956; x_wconf 86' lang='lat' dir='ltr'><strong>tota</strong></span> <span class='ocrx_word' id='word_1_765' title='bbox 2696 4902 2880 4956; x_wconf 88' lang='lat' dir='ltr'><strong>anima</strong></span> <span class='ocrx_word' id='word_1_766' title='bbox 2910 4913 2976 4955; x_wconf 86' lang='lat' dir='ltr'><strong>ac</strong></span> <span class='ocrx_word' id='word_1_767' title='bbox 3005 4906 3185 4953; x_wconf 88' lang='lat' dir='ltr'><strong>mente</strong></span> <span class='ocrx_word' id='word_1_768' title='bbox 3206 4898 3454 4966; x_wconf 72' lang='lat' dir='ltr'><strong>diligeret</strong></span> <span class='ocrx_word' id='word_1_769' title='bbox 3481 4897 3550 4950; x_wconf 74' lang='lat'><strong>“.</strong></span> 
     </span>
    </p>
   </div>
   <div class='ocr_carea' id='block_1_103' title="bbox 1960 4992 3552 5069">
    <p class='ocr_par' dir='ltr' id='par_1_103' title="bbox 1960 4992 3552 5069">
     <span class='ocr_line' id='line_1_103' title="bbox 1960 4992 3552 5069; baseline -0.006 -15"><span class='ocrx_word' id='word_1_770' title='bbox 1960 4997 2166 5069; x_wconf 87' lang='lat' dir='ltr'><strong>Nempe</strong></span> <span class='ocrx_word' id='word_1_771' title='bbox 2221 4998 2311 5053; x_wconf 87' lang='lat' dir='ltr'><strong>hic</strong></span> <span class='ocrx_word' id='word_1_772' title='bbox 2351 4998 2468 5065; x_wconf 89' lang='lat' dir='ltr'><strong>ipse</strong></span> <span class='ocrx_word' id='word_1_773' title='bbox 2524 4994 2617 5049; x_wconf 84' lang='lat' dir='ltr'><strong>Dei</strong></span> <span class='ocrx_word' id='word_1_774' title='bbox 2652 5009 2831 5061; x_wconf 87' lang='lat' dir='ltr'><strong>amor,</strong></span> <span class='ocrx_word' id='word_1_775' title='bbox 2881 5001 2937 5048; x_wconf 92' lang='lat' dir='ltr'><strong>et</strong></span> <span class='ocrx_word' id='word_1_776' title='bbox 2988 5006 3257 5063; x_wconf 90' lang='lat' dir='ltr'><strong>propensa</strong></span> <span class='ocrx_word' id='word_1_777' title='bbox 3285 5005 3413 5058; x_wconf 69' lang='lat' dir='ltr'><strong>erga</strong></span> <span class='ocrx_word' id='word_1_778' title='bbox 3451 4992 3552 5045; x_wconf 85' lang='lat' dir='ltr'><strong>ho-</strong></span> 
     </span>
    </p>
   </div>
   <div class='ocr_carea' id='block_1_104' title="bbox 1965 5085 3553 5155">
    <p class='ocr_par' dir='ltr' id='par_1_104' title="bbox 1965 5085 3553 5155">
     <span class='ocr_line' id='line_1_104' title="bbox 1965 5085 3553 5155; baseline -0.009 -7"><span class='ocrx_word' id='word_1_779' title='bbox 1965 5094 2142 5148; x_wconf 89' lang='lat' dir='ltr'><strong>mines</strong></span> <span class='ocrx_word' id='word_1_780' title='bbox 2199 5093 2366 5146; x_wconf 88' lang='lat' dir='ltr'><strong>auimi</strong></span> <span class='ocrx_word' id='word_1_781' title='bbox 2399 5091 2695 5154; x_wconf 83' lang='lat' dir='ltr'><strong>voluntas,</strong></span> <span class='ocrx_word' id='word_1_782' title='bbox 2730 5087 3060 5143; x_wconf 84' lang='lat' dir='ltr'><strong>necessitate</strong></span> <span class='ocrx_word' id='word_1_783' title='bbox 3122 5087 3358 5155; x_wconf 87' lang='lat' dir='ltr'><strong>quadam</strong></span> <span class='ocrx_word' id='word_1_784' title='bbox 3409 5085 3553 5139; x_wconf 90' lang='lat' dir='ltr'><strong>inter</strong></span> 
     </span>
    </p>
   </div>
   <div class='ocr_carea' id='block_1_105' title="bbox 1963 5177 3550 5256">
    <p class='ocr_par' dir='ltr' id='par_1_105' title="bbox 1963 5177 3550 5256">
     <span class='ocr_line' id='line_1_105' title="bbox 1963 5177 3550 5256; baseline -0.009 -14"><span class='ocrx_word' id='word_1_785' title='bbox 1963 5188 2352 5256; x_wconf 63' lang='lat' dir='ltr'><strong>se,cob:erent,</strong></span> <span class='ocrx_word' id='word_1_786' title='bbox 2401 5194 2456 5240; x_wconf 87' lang='lat' dir='ltr'><strong>et</strong></span> <span class='ocrx_word' id='word_1_787' title='bbox 2505 5192 2689 5238; x_wconf 87' lang='lat' dir='ltr'><strong>mutua</strong></span> <span class='ocrx_word' id='word_1_788' title='bbox 2720 5183 2835 5237; x_wconf 81' lang='lat' dir='ltr'><strong>fere</strong></span> <span class='ocrx_word' id='word_1_789' title='bbox 2887 5181 3121 5235; x_wconf 88' lang='lat' dir='ltr'><strong>invicem</strong></span> <span class='ocrx_word' id='word_1_790' title='bbox 3159 5177 3360 5233; x_wconf 79' lang='lat' dir='ltr'><strong>auxilia</strong></span> <span class='ocrx_word' id='word_1_791' title='bbox 3408 5190 3550 5245; x_wconf 72' lang='lat' dir='ltr'><strong>prte-</strong></span> 
     </span>
    </p>
   </div>
   <div class='ocr_carea' id='block_1_106' title="bbox 1965 5268 3557 5349">
    <p class='ocr_par' dir='ltr' id='par_1_106' title="bbox 1965 5268 3557 5349">
     <span class='ocr_line' id='line_1_106' title="bbox 1965 5268 3557 5349; baseline -0.009 -14"><span class='ocrx_word' id='word_1_792' title='bbox 1965 5292 2148 5347; x_wconf 83' lang='lat' dir='ltr'><strong>stant;</strong></span> <span class='ocrx_word' id='word_1_793' title='bbox 2184 5290 2299 5334; x_wconf 85' lang='lat' dir='ltr'><strong>tum</strong></span> <span class='ocrx_word' id='word_1_794' title='bbox 2317 5292 2493 5349; x_wconf 84' lang='lat' dir='ltr'><strong>neque</strong></span> <span class='ocrx_word' id='word_1_795' title='bbox 2518 5278 2683 5332; x_wconf 89' lang='lat' dir='ltr'><strong>Deum</strong></span> <span class='ocrx_word' id='word_1_796' title='bbox 2712 5277 2786 5330; x_wconf 89' lang='lat' dir='ltr'><strong>ita</strong></span> <span class='ocrx_word' id='word_1_797' title='bbox 2817 5288 2876 5330; x_wconf 89' lang='lat' dir='ltr'><strong>ut</strong></span> <span class='ocrx_word' id='word_1_798' title='bbox 2895 5275 3150 5341; x_wconf 77' lang='lat' dir='ltr'><strong>diximus,</strong></span> <span class='ocrx_word' id='word_1_799' title='bbox 3177 5287 3303 5327; x_wconf 86' lang='lat' dir='ltr'><strong>vere</strong></span> <span class='ocrx_word' id='word_1_800' title='bbox 3330 5268 3557 5339; x_wconf 70' lang='lat' dir='ltr'><strong>diligere</strong></span> 
     </span>
    </p>
   </div>
   <div class='ocr_carea' id='block_1_107' title="bbox 3252 5449 3536 5517">
    <p class='ocr_par' dir='ltr' id='par_1_107' title="bbox 3252 5449 3536 5517">
     <span class='ocr_line' id='line_1_107' title="bbox 3252 5449 3536 5517; baseline -0.014 -9"><span class='ocrx_word' id='word_1_801' title='bbox 3252 5455 3299 5488; x_wconf 79' lang='grc'><strong>¹²</strong></span> <span class='ocrx_word' id='word_1_802' title='bbox 3322 5452 3344 5507; x_wconf 90' lang='lat' dir='ltr'><strong>l</strong></span> <span class='ocrx_word' id='word_1_803' title='bbox 3396 5449 3536 5517; x_wconf 69' lang='lat' dir='ltr'><strong>Reg.</strong></span> 
     </span>
    </p>
   </div>
   <div class='ocr_carea' id='block_1_108' title="bbox 2012 5457 3137 5530">
    <p class='ocr_par' dir='ltr' id='par_1_108' title="bbox 2012 5457 3137 5530">
     <span class='ocr_line' id='line_1_108' title="bbox 2012 5457 3137 5530; baseline -0.009 -10"><span class='ocrx_word' id='word_1_804' title='bbox 2012 5466 2058 5498; x_wconf 80' lang='grc' dir='ltr'>ἰ</span> <span class='ocrx_word' id='word_1_805' title='bbox 2092 5464 2285 5519; x_wconf 82' lang='lat' dir='ltr'><strong>Matth.</strong></span> <span class='ocrx_word' id='word_1_806' title='bbox 2339 5477 2418 5527; x_wconf 70' lang='grc' dir='ltr'>ιι,</span> <span class='ocrx_word' id='word_1_807' title='bbox 2465 5463 2558 5518; x_wconf 73' lang='lat'><strong>29.</strong></span> <span class='ocrx_word' id='word_1_808' title='bbox 2683 5461 2731 5495; x_wconf 81' lang='lat'>“</span> <span class='ocrx_word' id='word_1_809' title='bbox 2757 5460 2953 5530; x_wconf 86' lang='lat' dir='ltr'><strong>Philip.</strong></span> <span class='ocrx_word' id='word_1_810' title='bbox 2986 5472 3047 5526; x_wconf 87' lang='grc' dir='ltr'><strong>ιι,</strong></span> <span class='ocrx_word' id='word_1_811' title='bbox 3081 5457 3137 5510; x_wconf 85' lang='lat'><strong>7.</strong></span> 
     </span>
    </p>
   </div>
   <div class='ocr_carea' id='block_1_109' title="bbox 349 5659 3550 5744">
    <p class='ocr_par' dir='ltr' id='par_1_109' title="bbox 349 5659 3550 5744">
     <span class='ocr_line' id='line_1_109' title="bbox 349 5659 3550 5744; baseline -0 -26"><span class='ocrx_word' id='word_1_812' title='bbox 349 5664 428 5737; x_wconf 74' lang='lat'><strong>(2)</strong></span> <span class='ocrx_word' id='word_1_813' title='bbox 461 5665 735 5744; x_wconf 28' lang='grc' dir='ltr'>δαείω-..ει</span> <span class='ocrx_word' id='word_1_814' title='bbox 760 5670 922 5744; x_wconf 81' lang='lat' dir='ltr'><strong>simul</strong></span> <span class='ocrx_word' id='word_1_815' title='bbox 944 5673 1216 5744; x_wconf 84' lang='lat' dir='ltr'><strong>eumdem,</strong></span> <span class='ocrx_word' id='word_1_816' title='bbox 1241 5673 1331 5744; x_wconf 89' lang='lat' dir='ltr'><strong>qui</strong></span> <span class='ocrx_word' id='word_1_817' title='bbox 1356 5674 1471 5728; x_wconf 65' lang='lat' dir='ltr'><strong>haec</strong></span> <span class='ocrx_word' id='word_1_818' title='bbox 1495 5674 1607 5740; x_wconf 84' lang='lat' dir='ltr'><strong>ipsa</strong></span> <span class='ocrx_word' id='word_1_819' title='bbox 1632 5672 1865 5744; x_wconf 77' lang='lat' dir='ltr'><strong>dixisset</strong></span> <span class='ocrx_word' id='word_1_820' title='bbox 1975 5689 2109 5738; x_wconf 82' lang='lat' dir='ltr'><strong>esse,</strong></span> <span class='ocrx_word' id='word_1_821' title='bbox 2165 5683 2406 5730; x_wconf 90' lang='lat' dir='ltr'><strong>statuere</strong></span> <span class='ocrx_word' id='word_1_822' title='bbox 2460 5659 2807 5744; x_wconf 77' lang='lat' dir='ltr'><strong>perspectum</strong></span> <span class='ocrx_word' id='word_1_823' title='bbox 2869 5668 3116 5744; x_wconf 72' lang='lat' dir='ltr'><strong>haberet,</strong></span> <span class='ocrx_word' id='word_1_824' title='bbox 3180 5675 3344 5735; x_wconf 84' lang='lat' dir='ltr'><strong>atque</strong></span> <span class='ocrx_word' id='word_1_825' title='bbox 3403 5664 3550 5721; x_wconf 88' lang='lat' dir='ltr'><strong>hunc</strong></span> 
     </span>
    </p>
   </div>
   <div class='ocr_carea' id='block_1_110' title="bbox 280 5735 1867 5814">
    <p class='ocr_par' dir='ltr' id='par_1_110' title="bbox 280 5735 1867 5814">
     <span class='ocr_line' id='line_1_110' title="bbox 280 5735 1867 5814; baseline 0.004 -26"><span class='ocrx_word' id='word_1_826' title='bbox 280 5735 589 5814; x_wconf 68' lang='grc' dir='ltr'>Βιιιιιιιιιιιιι,</span> <span class='ocrx_word' id='word_1_827' title='bbox 645 5738 990 5814; x_wconf 81' lang='lat' dir='ltr'><strong>illutnanimi</strong></span> <span class='ocrx_word' id='word_1_828' title='bbox 1041 5735 1273 5814; x_wconf 44' lang='lat' dir='ltr'><strong>sensum.</strong></span> <span class='ocrx_word' id='word_1_829' title='bbox 1296 5735 1681 5812; x_wconf 80' lang='lat' dir='ltr'><strong>notitiamque,</strong></span> <span class='ocrx_word' id='word_1_830' title='bbox 1726 5742 1867 5810; x_wconf 81' lang='lat' dir='ltr'><strong>quod</strong></span> 
     </span>
    </p>
   </div>
   <div class='ocr_carea' id='block_1_111' title="bbox 273 5809 1868 5879">
    <p class='ocr_par' dir='ltr' id='par_1_111' title="bbox 273 5809 1868 5879">
     <span class='ocr_line' id='line_1_111' title="bbox 273 5809 1868 5879; baseline 0.004 -20"><span class='ocrx_word' id='word_1_831' title='bbox 273 5821 380 5873; x_wconf 67' lang='lat' dir='ltr'><strong>ipse</strong></span> <span class='ocrx_word' id='word_1_832' title='bbox 411 5809 550 5859; x_wconf 77' lang='lat' dir='ltr'><strong>mitis</strong></span> <span class='ocrx_word' id='word_1_833' title='bbox 603 5815 651 5860; x_wconf 85' lang='lat' dir='ltr'><strong>et</strong></span> <span class='ocrx_word' id='word_1_834' title='bbox 682 5811 834 5865; x_wconf 82' lang='lat' dir='ltr'><strong>corde</strong></span> <span class='ocrx_word' id='word_1_835' title='bbox 885 5811 1104 5867; x_wconf 81' lang='lat' dir='ltr'><strong>humilis</strong></span> <span class='ocrx_word' id='word_1_836' title='bbox 1149 5815 1238 5879; x_wconf 84' lang='lat' dir='ltr'><strong>sit,</strong></span> <span class='ocrx_word' id='word_1_837' title='bbox 1302 5817 1527 5873; x_wconf 61' lang='lat' dir='ltr'><strong>requiem</strong></span> <span class='ocrx_word' id='word_1_838' title='bbox 1563 5809 1868 5869; x_wconf 63' lang='lat' dir='ltr'><strong>animatum</strong></span> 
     </span>
    </p>
   </div>
   <div class='ocr_carea' id='block_1_112' title="bbox 1977 5738 3404 5816">
    <p class='ocr_par' dir='ltr' id='par_1_112' title="bbox 1977 5738 3404 5816">
     <span class='ocr_line' id='line_1_112' title="bbox 1977 5738 3404 5816; baseline -0.006 -17"><span class='ocrx_word' id='word_1_839' title='bbox 1977 5747 2149 5815; x_wconf 86' lang='lat' dir='ltr'><strong>ipsum</strong></span> <span class='ocrx_word' id='word_1_840' title='bbox 2178 5751 2443 5816; x_wconf 63' lang='lat' dir='ltr'><strong>praetcrea</strong></span> <span class='ocrx_word' id='word_1_841' title='bbox 2463 5738 2607 5797; x_wconf 76' lang='lat' dir='ltr'><strong>servi</strong></span> <span class='ocrx_word' id='word_1_842' title='bbox 2633 5738 2986 5805; x_wconf 73' lang='lat' dir='ltr'><strong>assumpsisse</strong></span> <span class='ocrx_word' id='word_1_843' title='bbox 3015 5738 3268 5807; x_wconf 76' lang='lat' dir='ltr'><strong>formam,</strong></span> <span class='ocrx_word' id='word_1_844' title='bbox 3296 5746 3404 5792; x_wconf 89' lang='lat' dir='ltr'><strong>etc.</strong></span> 
     </span>
    </p>
   </div>
  </div>
