4028 6440
534 371 645 436 283
1720 369 2118 428 Tlll'IODULt
2157 369 2505 429 ΜΟΝΛΟΗΙ
3656 369 3751 434 2η

531 491 738 554 potest,
786 483 880 552 qui
937 483 1174 538 debitam
1221 485 1466 551 proximo
1517 497 1614 535 suo
1677 482 2108 533 benevolentiam

2178 533 2182 546 _
2217 481 2347 532 ιδεῖν
2376 485 2475 533 οὐκ
2502 479 2610 550 ἔχω
2631 493 2642 507 ⁸
2684 481 2748 533 '0
2766 479 2872 549 γὰρ
2897 479 2987 533 τὸν
3007 478 3257 547 ἀδελφὸν,
3277 479 3462 549 φησὶν,
3496 481 3550 533 ὃν
3582 483 3769 553 ἑώρακε

537 591 644 629 non
679 578 874 638 reddit,
931 591 1106 645 neque
1157 576 1314 643 hujus
1365 591 1556 629 rursus
1602 590 1698 642 pro
1728 590 1794 627 eo
1846 590 1908 626 ac
1958 572 2116 626 debet

2229 570 2306 640 μὴ
2343 571 2536 640 φιλῶν,
2589 571 2648 624 ὃν
2700 574 2797 640 οὐχ
2843 569 3054 641 ἑώρακε
3101 569 3260 634 Θεὸν,
3313 569 3430 633 πῶς
3484 571 3769 642 ἀγαπήσεις

535 680 724 718 curam
763 665 1010 731 ‘habere,
1049 668 1137 736 qui
1191 668 1334 719 circa
1393 665 1558 718 Deum
1607 664 1965 731 negligentior
2012 672 2116 715 est.

2229 663 2461 715 Ἔπειτα
2511 663 2542 732 ἡ
2601 663 2891 731 Θαυμαστὴ
2953 661 3048 714 καὶ
3075 662 3277 722 ἄτοπος
3312 661 3451 731 ὑπὲρ
3484 663 3578 729 τῆς
3610 668 3772 734 κοινῆς

535 754 634 809 Est
681 758 825 810 enim
867 761 1012 824 justa
1068 759 1288 811 omnino
1343 771 1406 810 ac
1457 756 1788 809 conveniens
1840 755 2121 820 utriusque

2229 751 2510 824 σωτηρίας
2545 754 2620 816 ὡς
2673 753 2810 821 ἔφην
2849 753 3046 806 τούτου
3100 752 3307 822 σπουδὴ
3358 754 3453 805 καὶ
3487 754 3546 805 τδ
3593 754 3772 807 διδόναι

539 847 782 900 habenda
826 849 985 910 ratio,
1017 859 1072 902 et
1103 857 1162 901 ut
1193 846 1285 901 ille
1334 845 1425 899 Dei
1458 859 1632 906 amor,
1688 845 1755 897 ita
1803 845 1917 896 haec
1957 842 2119 894 etiam

2233 847 2367 897 πᾶσι
2409 844 2611 913 μᾶλλον
2637 844 2872 896 ἐνταῦθα
2909 844 2969 896 τὸ
3003 843 3450 912 συγκεχωρηκὸς,
3489 844 3520 912 ἦ
3576 843 3771 913 ἐαυτῷ·

537 939 770 1006 proximi
804 953 932 992 cura
965 952 1178 993 summo
1204 939 1386 993 studio
1431 937 1841 1005 complectenda
1866 945 1972 996 est,
2001 948 2120 1003 quae

2229 931 2294 1006 ἧς
2329 936 2438 989 οὐδ’
2479 937 2546 989 ἂν
2595 930 2677 998 εἷς
2712 930 2868 1004 οἶμαι
2925 936 3034 988 τῶν
3092 938 3312 988 πάντων
3363 935 3577 988 κάλλιον
3642 934 3775 1004 εὖροι

534 1028 580 1081 si
641 1031 950 1098 negligitur,
1004 1046 1113 1098 quo
1166 1047 1299 1085 sane
1351 1039 1511 1098 pacto
1559 1030 1708 1098 prior
1762 1029 1849 1082 itle
1899 1028 2121 1082 retineri

2236 1019 2593 1100 γνησιότητος
2620 1029 2820 1099 δεῖγμα
2850 1029 2960 1082 οὐδ’
2992 1028 3077 1099 ἐφ’
3107 1022 3150 1096 ᾧ
3184 1029 3382 1098 μᾶλλον
3409 1027 3475 1082 ἄν
3503 1044 3583 1090 τις
3606 1026 3774 1096 ἡσθείη

535 1134 718 1186 queat,
747 1124 930 1176 videre
957 1139 1061 1176 non
1096 1138 1351 1189 possunt:
1395 1120 1524 1174 Nam
1569 1123 1658 1188 qui
1696 1120 1914 1173 fratrem
1941 1134 2122 1183 suum,

984 1139 1061 1176 mn
1096 1138 1351 1189 possunt:
1395 1120 1524 1174 Nam
1569 1123 1658 1188 qui
1696 1120 1914 1173 fratrem
1941 1134 2122 1183 suum,
2230 1121 2575 1189 φιλούμενος.

535 1210 711 1278 inquit
748 1216 816 1278 ⁸⁸,
846 1227 1006 1282 quem
1066 1215 1232 1279 vidit,
1278 1230 1380 1267 non
1419 1213 1637 1282 diligit,
1697 1211 1862 1264 Deum
1931 1227 2089 1278 quem
2141 1225 2245 1266 nOn
2291 1213 2444 1274 vidit.
2477 1211 2748 1282 quomodo
2809 1212 3040 1282 diliget?
3077 1212 3222 1266 Idem
3293 1213 3485 1266 deinde
3515 1212 3779 1269 continuat

540 1307 832 1362 tuirilicutn
886 1310 1059 1364 nostri
1095 1317 1149 1362 οι
1199 1323 1228 1362 a
1279 1309 1490 1362 ratione
1526 1308 1788 1369 aliettutn,
1852 1303 2156 1359 communis
2235 1306 2512 1358 hominum
2581 1305 2771 1360 salutis
2811 1344 2824 1367 ,
2894 1307 3036 1374 quod
3101 1305 3524 1359 memoravimus
3583 1303 3779 1358 deside-

539 1398 705 1451 rium.

611 1487 792 1542 LXVI.
850 1489 914 1544 Et
963 1490 1103 1557 quod
1155 1491 1210 1544 in
1258 1505 1320 1543 ea
1369 1489 1716 1558 adipiscenda
1767 1488 1888 1544 aliis
1951 1489 2128 1556 potius

2309 1485 2442 1552 ΞΤ.
2478 1486 2538 1538 Εἰ
2564 1484 2673 1553 γὰρ
2703 1483 2906 1546 παντὸς
2939 1484 3038 1552 μὲν
3068 1483 3276 1551 ἀγαθοῦ
3307 1483 3600 1552 κεφάλαιον
3627 1483 3682 1535 τδ
3706 1499 3781 1536 σεο

540 1583 796 1634 omnibus
826 1597 985 1649 quam
1027 1584 1128 1637 sibi
1169 1583 1402 1649 priorcnt
1433 1583 1608 1635 locum
1649 1582 1831 1646 dabat,
1867 1597 1974 1646 quo
2002 1593 2131 1648 pro-

2242 1579 2450 1632 σῶσοαι
2475 1594 2489 1608 ο
2533 1577 2648 1640 πῶς
2681 1577 2790 1646 γὰρ
2812 1576 2909 1640 οὓς
2943 1577 3103 1628 τοῦτο
3132 1577 3186 1628 δὲ
3219 1577 3319 1629 οὐκ
3358 1575 3427 1629 ἂν
3460 1577 3631 1638 ἄλλως
3654 1593 3779 1644 παρ·

541 1669 682 1729 l'ecto
736 1690 895 1729 nemo
947 1677 1207 1737 omnium,
1261 1686 1317 1727 ut
1369 1675 1622 1738 arbitror,
1670 1673 1971 1743 speciosius
2035 1673 2132 1726 ali-

2242 1674 2348 1740 είη,
2387 1673 2459 1742 μὴ
2487 1671 2877 1742 συναιρομένου
2909 1669 3066 1734 Θεοῦ,
3099 1670 3204 1722 κᾶν
3228 1671 3410 1723 πᾶσαν
3430 1663 3576 1738 ὦμεν
3601 1667 3780 1738 ἀρετὴν

541 1767 685 1834 quod
713 1782 982 1833 germanae
1023 1767 1300 1821 charitatis
1332 1767 1604 1835 specimen
1649 1766 1891 1835 proferre
1943 1777 2128 1834 queat,

2190 1811 2204 1864 ι
2241 1765 2579 1830 ἠσκηκότες,
2637 1765 2744 1818 κᾶν
2784 1763 3066 1832 ποταμοὺς
3126 1762 3371 1832 ίδρὼτων
3412 1760 3508 1814 καὶ
3554 1758 3781 1828 δακρύων

542 1868 597 1910 ct
663 1873 772 1927 quo
834 1861 1004 1928 magis
1069 1861 1120 1912 in
1193 1861 1310 1914 sinu
1390 1860 1620 1929 gaudeat
1692 1859 1786 1927 qui
1865 1856 2126 1927 diligitur.

2190 1852 2204 1864 ’
2235 1860 2536 1930 ὲκχέωμεν,
2562 1860 2588 1911 ὁ
2619 1859 2812 1911 τοῦτον
2841 1859 2957 1921 τοῖς
2987 1857 3173 1920 ἄλλοις
3208 1856 3411 1926 μᾶλλον
3453 1857 3485 1926 ἢ
3527 1855 3696 1919 ἐαυτῷ
3725 1852 3781 1906 δι’

544 1951 754 2019 Quippe
816 1951 861 2005 si
933 1950 1072 2020 boni;
1129 1953 1312 2006 omnis
1388 1965 1598 2004 summa
1673 1962 1889 2004 :eterntc
1942 1951 2132 2006 salutis

2232 1946 2307 2006 ὧν
2341 1953 2512 2006 δεῖται
2543 1951 2714 2012 τιθεὶς
2752 1951 2980 2021 εὐμενῆ,
3028 1950 3149 2012 πῶς
3201 1949 3264 2002 οὐ
3319 1951 3530 2012 πάντας
3574 1949 3781 2017 τρόπους

541 2045 761 2111 ιιιΙιοιιιίο
819 2055 922 2112 est,
989 2051 1047 2098 ut
1097 2045 1218 2099 sine
1269 2044 1376 2099 ulfa
1429 2045 1800 2097 controversia
1853 2056 1984 2097 sane
2019 2051 2127 2108 est,

2234 2045 2449 2108 εὐνοίας
2477 2046 2661 2098 οὐτοσὶ
2716 2044 3070 2115 παρελαύνει.
3114 2043 3222 2096 Καὶ
3254 2043 3337 2095 δεῖ
3367 2043 3553 2094 τοῦτον
3597 2040 3783 2108 θαυμά-

541 2137 688 2190 salus
742 2147 920 2191 autem
997 2137 1157 2191 aliter
1214 2152 1374 2206 quam
1428 2137 1538 2190 Deo
1594 2136 1840 2205 adiutore
1893 2134 2125 2189 obtineri

2232 2135 2350 2200 ζειν
2377 2151 2436 2187 τε
2477 2135 2574 2188 κα)⁸
2613 2134 2931 2203 ξυγχαίρειν
2985 2135 3220 2202 ταυτησὶ
3268 2133 3372 2202 τῆς
3425 2133 3778 2203 προκλήσεως·

543 2229 777 2297 nequit,
841 2232 1192 2298 quantumvis
1255 2245 1447 2284 omnes
1520 2231 1708 2284 sedulo
1771 2243 2126 2284 exerceamus

2234 2229 2369 2282 et‘os
2407 2230 2502 2282 καὶ
2551 2228 2620 2282 τὰ
2668 2229 2799 2296 περὶ
2829 2229 2957 2291 τούς
2997 2227 3224 2297 ἐχθροὺς
3265 2225 3432 2279 αὐτὸν
3459 2226 3656 2278 οὑτωσὶ
3680 2223 3779 2275 δια-

543 2318 774 2374 virtutes
803 2362 818 2385 ,
853 2323 1203 2388 quantumvis
1242 2322 1458 2376 Iltunina
1507 2322 1619 2389 ipsa
1649 2321 1908 2376 sudorum
1941 2321 2125 2391 lacryo

2234 2320 2448 2374 κεῖσθαι
2480 2319 2795 2388 προσδείης.
2841 2319 2915 2373 ὡς
2965 2320 3058 2372 καὶ
3097 2317 3199 2386 τῆς
3249 2316 3422 2370 αὐτοῦ
3451 2315 3686 2384 κεφαλῆς
3720 2313 3783 2375 ὠς

549 2427 882 2482 tuarumque
919 2413 1336 2482 profundamus,
1382 2415 1470 2484 qui
1509 2415 1672 2468 Deum
1722 2414 1975 2482 precibus
2015 2413 2126 2474 suis

2233 2413 2411 2464 είπείν
2441 2411 2592 2464 οὐδὲν
2634 2411 2834 2471 αὐτοὺς
2867 2409 3089 2462 ἔλαττον
3125 2409 3305 2476 ἄγειν,
3347 2408 3485 2461 ἀλλὰ
3515 2408 3604 2459 καὶ
3633 2406 3781 2472 φιλείν

551 2504 673 2556 aliis
710 2506 884 2570 magis
931 2521 1091 2574 quam
1129 2508 1230 2562 sibi
1289 2507 1636 2576 propitiahat,
1670 2521 1777 2574 quo
1820 2515 1978 2572 parto
2019 2520 2126 2558 non

2231 2505 2324 2558 καὶ
2359 2506 2608 2570 στέργειν
2632 2543 2646 2566 ,
2701 2502 2795 2556 καὶ
2828 2503 3041 2564 τούτοις
3069 2501 3137 2554 τὰ
3172 2501 3370 2569 βελτίω
3409 2499 3776 2568 συνεύχεσθαι,

552 2608 771 2646 omnem
809 2595 899 2648 ille
935 2596 1328 2651 benevolentia:
1375 2597 1651 2664 egreditur
1701 2598 1940 2656 modmn,
1969 2605 2021 2648 et
2059 2595 2130 2650 ob

2232 2598 2326 2650 καὶ
2356 2596 2492 2660 ὅλως
2520 2597 2599 2658 είς
2647 2595 3078 2665 εὐεργετοῦντας
3117 2595 3327 2648 τιθέναι
3349 2611 3363 2626 ο
3397 2595 3552 2646 τοῦτο
3599 2592 3687 2660 μὲν
3711 2585 3776 2646 οἷς

554 2684 698 2740 hanc
746 2701 901 2739 suam
952 2688 1384 2742 obsecrationem
1447 2689 1500 2742 in
1564 2689 1796 2740 maxima
1855 2687 2126 2742 hominem

2233 2687 2382 2755 αὐτῷ
2435 2689 2698 2756 μεγίστης
2747 2687 3064 2754 φιλοσοφίας
3121 2685 3265 2750 ὓλην.
3305 2687 3604 2754 παρεῖχον,
3644 2679 3779 2733 τοῦτο

547 2775 907 2829 admiratione
943 2777 1164 2839 habere,
1204 2777 1389 2846 illique
1419 2777 1784 2846 congratulari
1818 2778 2076 2830 debemus
2107 2776 2130 2828 ?

2233 2779 2291 2832 δὲ
2325 2774 2407 2842 οἷς
2437 2780 2831 2849 εὐμενέστερον
2858 2778 3005 2847 αὐτῷ
3032 2779 3126 2831 καὶ
3157 2778 3361 2848 μᾶλλον
3391 2779 3548 2831 ἵλεων
3566 2776 3622 2826 τὸ
3645 2774 3778 2826 Θείον

550 2865 722 2919 Porro
764 2868 807 2921 si
863 2868 1014 2922 hisce
1067 2869 1316 2939 adjicias,
1373 2870 1516 2939 quod
1579 2884 1644 2923 eo
1703 2885 1826 2937 erga
1871 2869 2121 2922 inimicos

2234 2871 2486 2924 ἐποίουν·
2525 2873 2607 2925 ὅτι
2649 2889 2753 2941 περ
2785 2867 2860 2925 ὧν
2902 2871 3140 2940 ἔδρασαν
3174 2872 3488 2939 ὀφείλοντες
3524 2869 3694 2937 δίκην,
3739 2865 3777 2916 οί

533 2972 685 3012 suos
733 2960 918 3014 animo
965 2971 1132 3024 esset,
1165 2971 1224 3014 ut
1271 2962 1392 3016 illos
1432 2977 1536 3016 non
1586 2964 1744 3016 modo
1789 2977 1895 3014 non
1949 2961 2124 3015 minus

2235 2961 2314 3028 δὲ,
2361 2963 2630 3032 τοσαύτης
2667 2963 2968 3031 ἐτύγχανον
3020 2963 3152 3030 παρ’
3197 2963 3367 3015 αὐτοῦ
3424 2963 3520 3030 τῆς
3553 2959 3778 3018 εὐνοίας⁰

547 3050 616 3103 rh
639 3064 748 3102 -rns
767 3065 926 3120 quam
956 3068 1110 3106 suum
1141 3053 1253 3122 ipse
1279 3064 1440 3123 caput
1463 3053 1919 3122 vitamque,quod
1952 3052 2121 3116 aiunt,

2239 3053 2334 3104 ἰὰν
2366 3052 2546 3104 τοίνυν
2587 3053 2860 3106 καὶτοῦτο
2896 3054 3162 3122 προσθῇς,
3199 3051 3346 3106 ἔστω
3382 3052 3474 3106 καὶ
3513 3049 3660 3105 τοῦτο
3685 3046 3781 3112 τρί⁸

553 3141 818 3206 haheret,
883 3145 976 3197 sed
1032 3144 1281 3214 diligeret
1332 3145 1463 3198 item
1531 3153 1884 3216 amarctque,
1939 3153 1994 3197 et
2041 3144 2121 3197 eis

2188 3156 2192 3208 ι
2223 3159 2345 3207 τον,
2375 3142 2526 3195 οὐδέν
2547 3159 2608 3209 γε
2634 3143 2958 3211 ἀτιμότερον
2983 3142 3208 3195 ἐκείνων
3237 3141 3314 3204 ὣς
3355 3159 3417 3208 γε
3446 3139 3554 3209 ἐγὼ
3582 3135 3779 3207 νομίζω,

550 3227 723 3284 [arista
747 3232 926 3286 omnia
954 3244 1190 3303 optaret,
1218 3236 1326 3290 imo
1364 3237 1417 3289 in
1451 3235 1586 3289 bene
1615 3236 1680 3288 de
1711 3250 1771 3288 se
1800 3234 2117 3288 meritorum

1451 3235 1586 3289 bene
1615 3236 1680 3288 de
1711 3250 1771 3288 se
1800 3234 2117 3288 meritorum
2229 3231 2367 3286 ἀλλὰ
2399 3234 2493 3286 καὶ
2528 3232 2672 3302 μάλα
2709 3232 3005 3301 ξυμὸαἰνον
3025 3268 3039 3284 .

551 3339 776 3378 tuuncro
813 3326 971 3394 plane
1007 3338 1308 3396 reponeret,
1343 3330 1552 3384 scilicet
1583 3331 1780 3399 partim
1819 3330 1939 3383 ideo
1972 3331 2115 3398 quod
2153 3329 2377 3384 maximi
2428 3345 2491 3382 ac
2547 3327 2846 3382 dillicillimi
2929 3329 2979 3381 in
3054 3327 3368 3382 Christiana
3467 3320 3773 3396 philosophia

549 3415 730 3482 operis
773 3421 1054 3473 materiem
1109 3420 1209 3489 ipsi
1233 3421 1606 3490 praebuissent,
1651 3423 1843 3491 partim
1879 3423 2018 3491 quod
2059 3439 2121 3476 ea
2165 3438 2223 3476 re
2269 3424 2442 3492 magis
2485 3421 2558 3475 illi
2605 3422 2894 3490 pr0pitiuut
2945 3437 3008 3475 ac
3048 3423 3343 3490 benignum
3391 3421 3552 3474 Deum
3587 3415 3776 3473 ell'eeis-

553 3515 696 3573 sent,
745 3511 1177 3578 quandoquidem
1256 3513 1345 3580 qui
1391 3514 1656 3566 scelerum
1709 3529 1931 3568 suorum
2017 3511 2460 3582 ﬂagitiorumque
2541 3512 2876 3582 gravissimis
2939 3520 3253 3565 tenerentur
3330 3513 3523 3580 pinnis,
3597 3519 3779 3561 tantum

555 3601 701 3656 illius
745 3610 925 3660 tamen
1013 3605 1435 3674 experiebantur
1491 3608 1765 3664 lenitatem
1824 3625 1887 3664 ac
1935 3610 2396 3672 benevolentiam,
2432 3611 2573 3677 quod
2608 3610 2782 3679 ipsum
2829 3609 2872 3662 si
2922 3609 3298 3678 superioribus
3382 3609 3634 3680 exemplis
3697 3605 3779 3660 ad.

549 3696 765 3767 iunges,
805 3700 1022 3752 tertium
1064 3700 1350 3756 charitatis
1379 3702 1763 3758 documentum
1793 3705 1921 3770 erit,
1953 3705 2125 3759 nihilo
2167 3705 2300 3759 illud
2333 3704 2566 3767 cancris,
2616 3718 2729 3755 mea
2766 3704 3055 3768 sententia,
3105 3703 3357 3770 inferius,
3427 3706 3532 3759 imo
3594 3715 3780 3773 genua-

551 3803 676 3840 num
717 3791 951 3859 undique
977 3799 1031 3845 et
1058 3792 1414 3850 simillimum.

621 3877 826 3936 LXVII.
855 3879 959 3937 Sed
1001 3893 1049 3935 et
1082 3884 1489 3939 beneficentiam
1533 3885 1794 3940 adversus
1833 3900 2122 3954 pauperes,

2303 3883 2418 3935 EZ'.
2472 3881 2582 3950 Τὴν
2613 3881 2668 3934 δὲ
2721 3880 2855 3949 πρὸς
2905 3881 3033 3942 τοὺς
3084 3882 3330 3952 πένητας
3365 3883 3628 3945 εὐποιίαν,
3665 3875 3779 3951 ἦςὸ

550 3970 711 4036 cujus
729 3971 875 4024 velut
891 3974 1140 4028 columna
1163 3975 1357 4031 caalum
1379 3975 1666 4028 altitudine
1686 3991 1931 4044 mquans,
1954 3977 2126 4029 nostri

2233 3989 2300 4028 πε
2313 3976 2363 4044 ρὶ
2394 3975 2761 4044 φιλοπτωχίας
2793 3973 2947 4040 λόγος
2971 3975 3362 4045 οὐρανομήκης
3388 3977 3585 4044 ἕστηκε
3609 3972 3777 4042 στήλη,

557 4074 578 4108 ι
612 4059 677 4112 de
708 4061 952 4114 amandis
977 4065 1302 4132 pauperibus
1333 4082 1349 4114 r
1385 4074 1562 4118 exstat
1587 4064 1785 4126 oratio,
1833 4065 2132 4133 eademque

2234 4067 2331 4121 καὶ
2365 4063 2475 4118 οἷον
2501 4084 2585 4129 τις
2625 4065 2918 4134 νομοθεσία
2947 4065 3041 4118 τοῦ
3089 4066 3225 4136 πρὸς
3261 4069 3391 4130 τοὺς
3424 4067 3617 4129 ἐνδεεῖς
3645 4065 3782 4131 εὐμε-

552 4147 838 4203 charitatis
867 4166 994 4221 erga
1030 4151 1351 4221 indigentes,
1387 4154 1624 4206 maxime
1672 4154 1859 4206 marho
1901 4167 2124 4222 Oppres-

2236 4159 2384 4223 νοῦς,
2439 4159 2531 4211 καὶ
2573 4159 2813 4227 μάλιστα
2845 4159 2973 4221 τούς
3011 4158 3153 4227 νόσῳ
3203 4159 3586 4228 πιεζομένους,
3638 4157 3692 4208 τό
3731 4167 3779 4203 τε

554 4256 668 4308 sos,
714 4244 959 4310 quaedam
1023 4246 1176 4313 quasi
1231 4245 1557 4312 legislatoria
1609 4246 1859 4311 sanctio,
1899 4246 1950 4300 id
1993 4248 2128 4301 satis

2240 4251 2408 4322 μηδὲν
2438 4250 2658 4302 πώποτε
2699 4249 2830 4317 μήτ’
2866 4249 3110 4318 ἄργυρον
3159 4250 3299 4318 μήτε
3345 4249 3546 4319 χρυσον
3582 4242 3781 4315 ἐσχηκέ-

551 4337 888 4404 comprobat,
941 4337 1084 4407 quod
1140 4336 1276 4388 nihil
1335 4335 1554 4389 omnino
1602 4349 1860 4406 unquam,
1919 4338 2118 4392 nullum

2236 4357 2347 4405 ναιο
2410 4340 2536 4409 μήτ’
2597 4338 2766 4408 ἄλλην
2815 4340 3067 4411 ἡντινοῦν
3115 4343 3445 4410 τοπαράπαν
3504 4337 3780 4408 κτήσασθαι

551 4427 668 4480 auri
715 4429 1036 4497 argentique
1085 4429 1408 4496 scriptulum
1443 4428 1516 4483 illi
1569 4429 1754 4493 fuerit,
1805 4430 1963 4484 nulla:
1995 4431 2119 4484 item

2229 4435 2446 4499 κτῆσιν,
2487 4431 2626 4485 ἀλλὰ
2655 4433 2765 4484 τῶν
2797 4433 2902 4499 μὲν
2951 4435 3213 4500 ἐκστῆναι
3277 4435 3392 4496 τοῖς
3440 4430 3777 4501 βουλομένοις.

550 4531 778 4585 prorsus
812 4533 898 4572 res
925 4517 1406 4586 possessionesque
1453 4518 1599 4582 alia,
1637 4535 1822 4573 verum
1856 4521 2120 4589 quidquid

2186 4582 2191 4590 ,
2231 4524 2298 4576 τὰ
2325 4524 2379 4576 δὲ
2415 4524 2680 4591 προέσθαι
2727 4527 2840 4584 τοῖς
2868 4523 3064 4592 πένησι
3087 4539 3100 4553 ·
3135 4523 3278 4590 πλὴν
3303 4518 3380 4577 ὧν
3414 4518 3777 4592 περιεϐέϐλητο

556 4610 894 4673 obvenisset,
925 4609 978 4662 id
1011 4608 1202 4676 partim
1233 4610 1376 4663 ultro
1401 4611 1453 4662 in
1488 4609 1783 4664 fortunulas
1819 4626 1946 4665 suas
1977 4613 2125 4665 invo-

2187 4603 2486 4684 icpzxivwv
2513 4615 2742 4683 ῥακίων,
2778 4617 2872 4668 καὶ
2911 4615 3121 4668 τούτων
3159 4615 3419 4672 εὐτελῶν.
3459 4617 3550 4667 καὶ
3585 4612 3778 4680 φιλοσο·

551 4701 794 4756 [uitibus
851 4699 1121 4764 cesserit,
1177 4702 1373 4769 partim
1436 4702 1487 4754 in
1542 4716 1742 4771 egenos
1801 4702 2120 4772 profuderit,

2231 4707 2330 4775 φίιὲι
2357 4706 2696 4773 πρεπόντων.
2741 4707 2832 4758 καὶ
2861 4705 3084 4773 βιϐλίων
3105 4705 3326 4771 ὀλίγων,
3367 4705 3448 4757 ἔτι
3473 4719 3527 4754 τε
3553 4697 3778 4770 νηστείας

554 4791 788 4859 receptis
825 4791 928 4846 sibi
976 4793 1135 4845 modo
1183 4793 1534 4863 retentisque.
1567 4793 1723 4846 nirtis
1769 4794 2121 4862 quibusdam,

2231 4799 2327 4848 καὶ
2363 4797 2692 4865 χαμευνίας,
2747 4799 2842 4851 καὶ
2876 4799 3096 4859 στάσεις
3129 4796 3462 4864 παννύχους,
3495 4797 3584 4846 καὶ
3617 4786 3779 4843 συντό-

553 4883 710 4951 queis
735 4886 1042 4951 regebatur,
1074 4885 1431 4949 centunculis,
1476 4893 1532 4938 et
1561 4885 1644 4938 his
1665 4900 1795 4939 sane
1822 4886 2121 4950 vilissimis,

2231 4903 2354 4948 νοῦς
2397 4887 2633 4951 δεήσεις,
2695 4888 2788 4939 καὶ
2845 4889 3185 4954 στεναγμοὺς
3270 4887 3366 4938 καὶ
3417 4887 3644 4952 δάκρυα,
3695 4875 3779 4929 καὶ

553 4976 788 5045 vimque
838 4975 1100 5046 religiosa:
1153 4977 1388 5045 apprime
1438 4978 1885 5045 congruentibus,
1913 4991 2122 5045 paucu-

2234 4979 2486 5047 ἱδρῶτας,
2515 4979 2610 5030 καὶ
2638 4979 2776 5040 ὅλως
2805 4972 2886 5039 οἷς
2915 4979 2940 5030 ὁ
2971 4978 3113 5031 κατὰ
3137 4978 3270 5030 Θεὸν
3305 4967 3780 5046 χαρακτηρίζεσθαι

558 5071 730 5137 lisque
764 5070 966 5138 aliquot
1007 5069 1179 5122 libris.
1219 5067 1335 5124 Huc
1377 5071 1642 5124 accedunt
1686 5078 1738 5122 et
1782 5069 2014 5137 jejunia,
2068 5080 2125 5122 et

2227 5073 2470 5138 πέφυκεν
2498 5070 2784 5140 ἄνθρωπος
2804 5087 2817 5099 '
2843 5064 2918 5124 ὦν
2945 5063 3102 5132 οὗτος
3135 5069 3498 5139 παράδειγμα
3521 5067 3608 5118 καὶ
3629 5061 3779 5117 τύπος

557 5163 1046 5228 humicuhationes,
1090 5171 1145 5216 et
1178 5171 1454 5217 nocturna:
1499 5162 1762 5230 pertinaci
1809 5171 1953 5215 statu
2004 5176 2125 5228 per-

1092 5171 1145 5216 et
1178 5171 1454 5217 nocturna:
1499 5162 1762 5230 pertinaci
1809 5171 1953 5215 statu
2004 5176 2125 5228 per—
2230 5165 2343 5225 τοῖς
2373 5163 2554 5226 ἄλλοις
2595 5158 2683 5230 ἦν.

557 5254 926 5322 Vigilationes,
983 5264 1036 5308 et
1099 5255 1329 5312 assidua:
1379 5257 1742 5322 ardentesque
1803 5270 2014 5322 preces,
2095 5263 2150 5306 et
2189 5257 2440 5324 gemitus,
2490 5264 2544 5308 et
2599 5256 2884 5322 lacrymze,
2945 5263 3000 5308 et
3054 5255 3302 5320 sudores,
3353 5262 3408 5306 ct
3495 5241 3775 5304 summatim

555 5348 814 5415 quidquid
847 5347 1084 5417 religiosi
1121 5350 1407 5418 sanctique
1448 5348 1685 5402 hominis
1713 5349 2084 5403 characterem
2119 5348 2250 5403 facit
2287 5364 2350 5403 ac
2403 5349 2655 5412 absolvit.
2729 5349 2887 5417 cujus
2956 5359 3144 5404 noster
3193 5349 3314 5401 aliis
3385 5344 3652 5412 exemplar
3725 5349 3778 5389 ac

554 5449 715 5509 typus
749 5439 904 5508 plane
927 5451 1066 5496 erat.

626 5527 856 5584 LXVIII.
907 5531 1016 5598 Ego
1069 5549 1195 5588 vero
1249 5535 1354 5597 his,
1413 5543 1471 5586 ut
1519 5549 1636 5601 qua:
1681 5549 1870 5588 oumes
1919 5534 2124 5601 pridem

2305 5535 2432 5588 EH'.
2465 5532 2652 5586 Ταῦτα
2685 5533 2784 5601 μὲν
2813 5532 2906 5586 οῦν
2939 5532 3014 5595 ὡς
3040 5531 3241 5602 ἔκδηλα
3276 5534 3390 5594 τοῖς
3428 5530 3594 5584 ἅπασι
3622 5537 3777 5588 παρσ-

557 5623 994 5688 compertissima
1045 5623 1605 5695 liabent,'scpositis,
1664 5626 1729 5680 ad
1785 5638 2036 5694 maguum
2074 5635 2128 5680 et

2233 5627 2394 5680 λίπω.
2462 5623 2604 5694 Ἐγὼ
2642 5623 2686 5678 δ’
2725 5625 2818 5679 ἐπ).
2844 5625 2905 5678 τὸ
2949 5624 3098 5694 μέγα
3147 5626 3240 5678 καὶ
3280 5623 3480 5690 σεμνὸν
3515 5619 3608 5690 τῆς
3649 5625 3772 5679 παρ·

633 5801 914 5857 ³⁵1’“’.Ιο;ιιι.
956 5817 1006 5856 tv
1063 5803 1154 5857 20.
