4028 6434
286 394 394 466 285

1153 406 1545 469 LAUDATIO
1583 408 1645 470 s.
1691 407 2072 471 enneoau
2096 386 2219 470 ’ΤΗ
2235 409 2539 474 EOLOGI.

3461 403 3570 471 286

290 517 473 583 θενίας
506 519 724 575 στάδιον
775 519 1099 591 βαδιοῦμαι·
1139 525 1232 576 καὶ
1264 524 1426 590 δείξω
1463 524 1747 579 κάνταῦθα
1777 527 1869 579 τὸν

1997 528 2303 582 venerabile
2357 538 2635 597 perpetuae
2684 527 3012 599 virginitatis
3045 526 3276 584 stadium
3315 542 3569 598 propero,

290 616 535 685 ἀθλητὴν
571 618 937 687 στεφανίτην
966 619 1035 690 ἢν
1076 620 1379 691 ἐπειδήπερ
1420 621 1566 691 ἐώρα
1607 621 1681 692 μὴ
1707 622 1872 692 μένον

293 706 485 760 πασῶν
511 707 747 778 ἀρετῶν.
772 709 909 763 ἀλλὰ
938 710 1033 762 καὶ
1061 709 1282 780 θεσμῶν
1307 711 1720 782 ὑπερκειμένην
1760 712 1873 766 τῶν

293 798 474 865 θείων,
513 801 609 855 καὶ
653 802 768 863 τοῖς
809 801 1064 869 ἀγγέλοις
1113 802 1173 867 ἐξ
1219 803 1513 873 ἐναμίλλου
1560 803 1870 874 χωροῦσαν,

293 888 440 944 οὕτω
473 889 683 961 ταύτης
735 891 881 946 ἐάλω
932 895 1027 947 καὶ
1073 892 1219 947 οὕτω
1261 894 1519 960 καθάπαξ
1577 896 1871 966 ἐκτήσατο,

296 980 428 1035 ὥσθ’
452 982 577 1036 ὅσον
606 984 666 1035 ἐν
708 985 843 1037 πᾶσι
875 986 991 1048 τοῖς
1020 985 1189 1039 αὑτοῦ
1222 987 1350 1050 τοὺς
1395 987 1589 1047 ἄλλους
1624 988 1872 1057 ἐκράτει,

296 1075 548 1127 τοσοῦτον
581 1076 834 1129 ἐντεῦθεν
869 1076 985 1150 [απ.
1028 1080 1159 1133 add.
1194 1081 1386 1136 ἑαυτὸν
1402 1081 1449 1153 ?]
1483 1082 1729 1153 ὑπερῆρε
1770 1083 1877 1136 σώ-

303 1183 469 1235 ματος
513 1169 613 1238 μὲν
644 1170 738 1222 καὶ
763 1168 943 1240 ψυχῆς
978 1173 1224 1241 ἁγνείαν,
1265 1173 1386 1243 μεθ’
1417 1176 1736 1245 ὑπερφυοῦς
1783 1179 1875 1243 ἐγο

301 1250 562 1327 κρατεὶας
609 1261 748 1329 ὑπὲρ
772 1263 981 1326 πάντας
1030 1265 1314 1335 ἀσκήσας·
1358 1266 1416 1331 ἐξ
1460 1259 1535 1320 ὧν
1578 1267 1633 1320 δέ
1683 1268 1716 1330 ἡ
1755 1270 1876 1330 τοῖς

302 1352 523 1422 μέλεσιν
551 1351 708 1421 ἡμῶν
736 1354 1025 1407 ἐνοικοῦσα
1062 1355 1335 1425 δήπουθεν
1364 1358 1618 1426 ἁμαρτία
1658 1359 1877 1413 τοὺνδό-

300 1462 458 1513 σιμον
488 1444 706 1515 ἔχουσα,
759 1446 1216 1513 κατεξανίσταται
1257 1449 1355 1519 τῆς
1387 1448 1590 1519 ψυχῆς,
1638 1451 1737 1504 καὶ
1783 1453 1875 1504 τὸν

295 1538 543 1607 ἡγεμόνα
581 1537 709 1591 νοῦν
757 1536 948 1607 ὥσπερ
981 1540 1332 1611 αίχμάλωτόν
1363 1557 1487 1593 τινα
1520 1542 1707 1595 δοῦλον
1738 1543 1874 1597 ὐποο

296 1629 461 1698 χεῖρα
493 1627 733 1681 λαὸοῦσα
764 1629 853 1696 ἐφ’
881 1629 917 1683 ὸ.
951 1629 1027 1700 μὴ
1055 1630 1138 1685 δεῖ
1165 1633 1460 1702 κατασπᾷ·
1495 1633 1594 1687 καὶ
1635 1632 1760 1687 νοῦν
1800 1634 1877 1698 ὡς

299 1723 475 1773 εἰπεῖν
502 1720 663 1775 ἄνουν
682 1721 999 1794 ἐργάζεται,
1023 1721 1196 1777 ταῦτα
1228 1724 1325 1778 καὶ
1354 1725 1583 1797 μνήμης
1617 1723 1879 1780 ἀπώσατο

294 1810 397 1879 τῆς
431 1810 619 1866 αὐτοῦ.

1976 622 2220 675 etiamin
2251 637 2317 677 eo
2352 623 2613 676 athletam
2665 634 2916 676 nostrum
2958 636 3162 677 corona
3214 621 3571 676 meritissime

1975 714 2239 768 donatum
2300 723 2652 778 ostensurus,
2683 716 2931 784 quicum
2967 714 3108 769 banc
3158 715 3415 768 virtutem
3462 727 3569 766 non

1976 807 2139 861 modo
2171 822 2333 874 supra
2362 806 2604 874 reliquas
2649 806 2884 861 virtutes
2906 817 3118 870 omnes,
3159 818 3351 861 verum
3402 804 3571 859 etiam

1976 912 2136 963 supra
2172 898 2263 952 Dei
2298 898 2474 968 ipsius
2514 898 2663 966 iussa
2707 915 2773 953 ae
2822 908 3093 970 praecepta
3143 899 3377 967 positam
3429 910 3572 961 esse,

1977 999 2140 1056 atque
2183 1004 2340 1056 mquo
2398 1004 2523 1044 cum
2575 991 2785 1059 angelis
2838 999 3010 1045 marte
3063 1000 3277 1045 certare
3329 989 3577 1042 animad-

1979 1091 2258 1147 verteret;
2321 1081 2393 1133 ita
2457 1084 2707 1149 pr0tiuus
2767 1082 2948 1150 specie
3015 1082 3161 1135 illius
3217 1091 3411 1148 captus
3465 1089 3573 1143 est;

1978 1171 2161 1240 itaque
2196 1187 2352 1226 suam
2391 1172 2530 1228 banc
2559 1176 2783 1227 omnino
2825 1174 2973 1238 fecit,
3009 1184 3067 1229 ut
3096 1185 3364 1242 quantum
3396 1173 3575 1226 omni-

1976 1264 2078 1319 bus
2135 1265 2187 1318 in
2246 1265 2428 1328 rebus,
2483 1267 2598 1320 suis
2648 1267 2765 1337 ipse
2806 1266 3061 1323 laudibus
3097 1267 3232 1320 alios
3296 1266 3573 1325 vincebat,

1981 1366 2188 1411 tantum
2247 1358 2374 1413 hinc
2427 1359 2511 1413 vel
2563 1361 2919 1430 semetipsum
2978 1341 3275 1429 superarit,
3335 1355 3572 1427 periei-ta

1981 1448 2236 1502 nimirum
2273 1450 2518 1516 corporis
2549 1452 2753 1520 pariter
2798 1452 3107 1519 animaeque
3139 1450 3413 1511 castitate,
3452 1463 3576 1501 cum

1980 1539 2160 1595 divina
2194 1543 2427 1610 quadam
2476 1544 2811 1598 continentia
2837 1585 2853 1610 ,
2882 1551 3080 1615 praeter
3118 1550 3346 1597 caeteros
3391 1540 3577 1594 excel-

1981 1630 2139 1699 lens;
2178 1633 2369 1689 adluec
2396 1650 2482 1697 ea,
2519 1637 2660 1690 unde
2702 1635 3022 1691 inhabitans
3058 1636 3112 1690 in
3148 1633 3411 1690 membris
3481 1647 3580 1685 un-

1983 1726 2124 1781 stris
2156 1735 2444 1796 peccatum
2488 1727 2558 1791 ",
2590 1729 2743 1797 quasi
2771 1728 3008 1783 classico
3042 1729 3275 1797 quodam
3312 1723 3580 1779 exstimu-

1982 1816 2174 1885 latum,
2214 1821 2481 1875 adversus
2511 1823 2751 1875 animam
2783 1822 3052 1889 rebellat;
3088 1830 3147 1876 et
3177 1820 3478 1891 principem
3513 1831 3580 1872 ac

301 1903 719 1957 mmlerstricem
820 1916 1099 1973 mentem,
1174 1914 1430 1976 tanquam
1492 1915 1708 1976 captum
1768 1907 1916 1965 bello
1988 1910 2322 1979 mancipium
2381 1913 2486 1969 sibi
2557 1914 2901 1983 subjicieus,
2972 1914 3041 1969 ad
3110 1912 3320 1968 nefaria
3372 1909 3579 1979 quaevis

301 1997 559 2064 detrudit,
597 2006 941 2069 mentemque
965 2011 1238 2057 amentem
1271 2013 1332 2058 ut
1359 2003 1432 2057 ita
1462 2002 1639 2059 dicam
1664 2002 1870 2062 eﬂicit:
1913 2004 2050 2073 bzee,
2120 2007 2386 2078 inquam,
2455 1986 2619 2064 etiam
2691 2023 2722 2063 a
2800 2011 3064 2067 memoria
3164 2024 3261 2065 sua
3361 2007 3582 2077 penitus

300 2092 520 2154 repulit.

371 2186 489 2242 ΞΘ’.
525 2189 660 2242 osse
701 2188 810 2259 γάρ
843 2190 991 2243 ἐστιν
1040 2189 1142 2245 οὐκ
1180 2189 1330 2244 ἐστιν
1367 2190 1521 2246 οὐδὲν
1549 2190 1616 2264 [Ῑ.
1647 2194 1757 2247 οὐδ’
1786 2189 1877 2264 ἂν]

2055 2190 2247 2251 LXIX.
2287 2191 2435 2248 Fieri
2476 2193 2621 2249 enim
2654 2208 2762 2248 non
2793 2200 2996 2262 potest,
3062 2207 3168 2247 non
3204 2200 3384 2263 potest
3418 2206 3574 2258 vero,

306 2281 494 2351 ἐπειδὴ
542 2282 615 2352 μὴ
645 2283 838 2352 γέγονε
890 2283 1101 2351 γένοιτο
1128 2285 1253 2347 τοὺς
1304 2284 1595 2355 ἑλομένους
1639 2286 1879 2356 τρυφᾷν,

308 2378 405 2427 καὶ
438 2374 722 2445 πλησμονῇ
753 2375 848 2429 καὶ
882 2373 1031 2445 κόρῳ
1053 2374 1431 2439 δουλεύοντας,
1457 2378 1739 2448 σαρκικῶν
1764 2379 1883 2433 ποθ’

196 2532 200 2534 Ἴ
307 2466 510 2536 ἡδονῶν
569 2469 861 2538 περιεῖναι,
919 2469 1018 2522 καὶ
1060 2468 1134 2538 μὴ
1184 2469 1414 2523 πάθεσιν
1465 2470 1716 2540 αἰσχροῖς
1757 2469 1890 2522 ὑπο-

310 2559 555 2613 κεῖσθαι·
580 2559 645 2612 οὐ
672 2559 871 2629 μᾶλλόν
905 2576 969 2629 γε
1004 2559 1036 2631 ἢ
1059 2560 1151 2613 τὸν
1179 2563 1260 2624 είς
1288 2561 1400 2632 πῦρ
1431 2562 1768 2632 ἐμπεσόντα,
1810 2563 1887 2633 μὴ

310 2656 407 2705 καὶ
461 2653 561 2721 τῆς
611 2652 802 2706 τούτου
854 2651 1055 2722 φλογὸς
1103 2653 1507 2721 πεπειρᾶσθαι’
1553 2655 1600 2708 εἰ
1629 2657 1739 2723 γὰρ
1791 2653 1889 2707 καὶ

310 2745 517 2799 τούτων
550 2745 697 2799 ἐστιν
744 2744 794 2798 οἳ
838 2746 899 2799 τὸ
946 2745 1127 2800 δοκεῖν
1179 2747 1578 2816 σωφρονοῦσιν,
1612 2745 1728 2799 ἀλλ’
1777 2746 1889 2815 ἄρα

309 2840 422 2900 τοῖς
451 2838 752 2907 λογισμοῖς,
778 2838 858 2900 εἰς
890 2838 1336 2909 πεπορνευκότας
1376 2837 1616 2904 τελοῦσι,
1667 2841 1767 2892 καὶ
1797 2838 1890 2892 δόσ-

315 2926 417 2998 ξαν
446 2930 745 3003 παρθενίας
783 2934 899 2996 τοῖς
946 2932 1126 2995 ἀλλοις
1168 2933 1426 2999 διδόντες,
1481 2933 1778 2987 ἀκολασίαν
1811 2928 1894 2997 οἷς

315 3026 454 3095 ἔφην
483 3023 727 3078 νοσοῦσι·
773 3025 853 3078 δεῖ
875 3025 932 3079 δέ
965 3026 1062 3080 καὶ
1098 3027 1250 3080 πᾶσα
1290 3026 1531 3096 ἀνάγκη,
1563 3026 1655 3080 τὸν
1688 3026 1895 3094 παρθε-

315 3118 489 3171 νεύειν
514 3118 588 3182 ὡς
610 3118 823 3187 ἀληθῶς
840 3106 1154 3190 ᾑρημένον,
1178 3117 1323 3173 οὕτω
1348 3118 1448 3189 τὴν
1487 3120 1668 3190 ψυχὴν
1708 3119 1895 3190 ἀπαθῆ

315 3212 658 3291 παντάπασιν
690 3212 884 3283 ἴσχειν,
916 3213 993 3276 ὡς
1027 3212 1164 3284 μηδέ
1212 3211 1376 3283 ψ;λήν
1398 3230 1525 3265 τινα
1553 3211 1685 3280 γοῦν
1718 3230 1892 3281 προσ-

318 3304 480 3374 ϐολὴν
513 3307 561 3358 εί
590 3302 705 3358 οἷόν
743 3322 805 3359 τε
844 3305 1125 3376 λογισμῶν
1160 3306 1377 3359 ἀτόπων
1418 3304 1675 3376 δέχεσθαι
1697 3320 1711 3336 ο
1745 3303 1893 3359 οὕτω

319 3398 430 3468 γὰρ
464 3397 529 3451 ἀν
557 3397 642 3470 εῐη
693 3396 1053 3468 ἐξολοκλήρου
1099 3396 1247 3451 τοῦθ’
1284 3398 1422 3467 ὅπερ
1450 3399 1691 3468 αἱρεῖται
1740 3398 1890 3469 ψυχῇ

322 3486 637 3555 καθαρεύων
668 3488 761 3541 καὶ
794 3487 1033 3559 σώματι.

1988 2287 2235 2355 inquam,
2269 2300 2371 2340 nec
2401 2284 2669 2353 siquidem
2708 2284 2855 2341 nullo
2878 2285 3063 2340 adhuc.
3093 2294 3342 2352 tempore
3366 2286 3571 2341 factum

1986 2377 2111 2443 fuit,
2146 2380 2199 2433 in
2246 2389 2522 2448 posterum
2559 2395 2796 2450 unquam
2831 2378 2947 2441 ﬂet,
2980 2391 3037 2432 ιιι
3065 2380 3160 2450 qui
3190 2380 3416 2435 delicias
3449 2381 3574 2433 vita:

1988 2480 2402 2532 consectantur,
2438 2469 2724 2539 ventrique
2772 2469 3120 2524 saburrando
3170 2469 3573 2524 exsaturando-

1991 2577 2097 2632 que
2125 2562 2396 2624 serviunt,
2431 2561 2596 2616 iidem
2628 2560 2865 2617 domitas
2898 2560 3136 2616 habeant
3166 2564 3417 2632 corporis
3457 2561 3580 2615 libi-

1993 2656 2170 2722 dines,
2225 2656 2567 2727 impurisque
2600 2666 2790 2711 vacent
2824 2655 3359 2726 perturbationibus,
3406 2656 3578 2711 nihilo

1992 2750 2247 2817 equidem
2299 2748 2492 2819 magis,
2553 2762 2715 2819 quam
2769 2757 2831 2805 ut
2875 2749 3128 2804 ardorem
3189 2748 3421 2802 ﬂammae
3469 2762 3582 2803 non

1995 2840 2282 2911 percipiat,
2340 2843 2432 2911 qui
2466 2843 2520 2898 in
2558 2842 2738 2911 ignem
2773 2841 2988 2896 incidit.
3041 2843 3156 2898 Etsi
3212 2842 3357 2897 enim
3396 2850 3454 2896 et
3485 2844 3585 2897 bo-

1996 2947 2116 2986 rum
2155 2933 2407 2987 nonnulli
2438 2941 2589 2987 caste
2615 2933 3076 3004 contiuentcrque
3107 2934 3455 2988 extrinsecus
3490 2932 3577 2986 vi-

1997 3039 2126 3079 vere
2160 3025 2473 3090 videantur,
2526 3025 2737 3080 intimis
2794 3034 2977 3080 tamen
3008 3026 3177 3080 animi
3221 3025 3476 3080 sensibus
3512 3041 3583 3079 ex

1999 3131 2191 3172 eorum
2244 3133 2469 3172 numero
2496 3127 2648 3184 sunt,
2682 3117 2783 3187 qui.
2808 3118 3086 3174 obscmnis
3116 3133 3239 3174 sese
3261 3118 3586 3188 polluerunt

1999 3209 2348 3273 libidinibus,
2411 3219 2468 3264 et
2524 3211 2617 3280 qui
2654 3211 2780 3265 licet
2811 3211 2934 3264 aliis
2967 3211 3131 3266 rebus
3168 3211 3389 3266 illibatae
3413 3209 3584 3280 virgi.

2000 3302 2191 3357 uitatis
2217 3303 2528 3372 Opinionem
2561 3305 2628 3358 de
2657 3318 2716 3360 se
2742 3305 3045 3374 praebeant,
3072 3304 3158 3359 illa
3198 3313 3399 3371 tamen,
3424 3318 3586 3373 quam

2002 3396 2240 3451 diximus
2271 3405 2448 3465 parte,
2482 3395 2891 3452 incontinentis:
2934 3396 3421 3466 morbojactantur
3456 3411 3471 3460 ;
3510 3402 3594 3447 at-

2005 3489 2097 3557 qui
2125 3489 2218 3558 qui
2257 3488 2362 3544 hoc
2393 3498 2596 3544 sanctae
2645 3490 2925 3560 pudicitiae
2954 3491 3123 3544 decus
3148 3498 3357 3544 sartum
3384 3495 3591 3542 tectum

330 3585 457 3637 tueri
487 3583 785 3649 constituit,
812 3583 954 3639 hunc
987 3591 1222 3653 oportet,
1262 3583 1371 3637 imo
1432 3581 1594 3653 plane
1649 3593 1880 3637 necesse
1917 3592 2024 3650 est,
2079 3581 2252 3652 usque
2308 3582 2445 3638 adeo
2499 3598 2694 3654 puram
2763 3583 3142 3652 integramque
3208 3581 3278 3636 ab
3338 3579 3594 3650 hujusce-

329 3675 462 3729 modi
491 3677 848 3744 ’passionibus
893 3676 1133 3730 animam
1173 3677 1405 3738 habere,
1481 3687 1540 3730 ut
1587 3692 1686 3731 nec
1751 3674 2109 3741 levissimam,

2203 3675 2251 3731 si
2300 3676 2417 3730 fieri
2478 3683 2664 3744 queat,
2728 3673 3121 3742 turpicularum
3205 3672 3593 3742 cogitationum

324 3766 753 3837 impressionem,
787 3769 852 3822 ad
891 3770 1061 3837 ipsam
1105 3768 1355 3824 accidere
1384 3768 1530 3823 sinat
1558 3787 1572 3824 :
1599 3770 1704 3825 hoc
1730 3768 1875 3823 enim
1918 3776 2100 3838 pacto,
2125 3778 2361 3840 quantus
2393 3780 2634 3839 quantus
2655 3776 2760 3833 est,
2798 3768 2851 3823 id
2917 3766 3063 3837 quod
3126 3767 3344 3838 quaerit,
3412 3767 3594 3821 anima

324 3881 390 3922 ac
417 3880 641 3931 corpore
663 3869 897 3923 mundus
917 3866 1041 3924 erit.

394 3957 472 4015 0'.
504 3960 706 4014 Τούτου
737 3959 921 4016 τοίνυν
965 3961 1054 4014 ἵνα
1087 3961 1184 4015 καὶ
1232 3955 1392 4025 αὖθις
1431 3960 1765 4014 ἐπαναλάσω
1809 3958 1893 4014 τδι

2083 3955 2252 4013 LXX.
2296 3954 2531 4010 Tantam
2564 3955 2730 4025 igitur
2760 3955 2862 4010 hac
2891 3954 2945 4009 in
2995 3969 3053 4010 re
3081 3953 3378 4024 Gregorius
3404 3967 3596 4009 curam

324 4053 486 4122 λόγον
512 4051 684 4117 οὕτως
711 4053 947 4124 ἐμέλησε
981 4054 1294 4126 Γρηγορίῳ,
1331 4051 1406 4117 ὡς
1434 4053 1532 4106 καὶ
1564 4052 1660 4106 τὸν
1698 4053 1907 4125 παρθεσ

326 4147 448 4208 νίας
473 4146 762 4214 ἐπώνυμον
804 4146 900 4199 καὶ
947 4146 1205 4214 μέγιστον
1255 4146 1377 4201 κατ’
1409 4147 1574 4201 αὐτὸν
1620 4147 1903 4216 Θεολόγον,

335 4239 499 4308 μηδὲν
529 4238 672 4308 ἔχειν
717 4238 880 4290 πλέον
927 4239 1123 4292 ἐᾶσαι·
1179 4239 1296 4293 ἀλλ’
1343 4238 1537 4309 ὥσπερ
1567 4241 1627 4293 ἐν
1668 4239 1745 4308 τῷ
1780 4240 1913 4309 περὶ

332 4330 472 4385 Θεοῦ
528 4330 732 4400 λέγειν,
769 4329 915 4385 οὕτω
964 4330 1264 4386 κάντεῦθεν
1333 4333 1668 4402 προσόμοιος
1713 4335 1915 4405 ἐκείνῳ

332 4424 610 4493 γενέσθαι,
659 4426 755 4479 καί⁹
782 4424 1010 4495 προσέτι
1043 4425 1325 4495 θεοφιλὴς,
1369 4425 1447 4489 ὡς
1490 4428 1788 4495 ἑκατέρους
1818 4426 1913 4478 ἀλ-

331 4517 515 4586 λήλοις
547 4517 720 4570 διῖσου
765 4519 859 4570 καὶ
908 4516 1100 4586 ὁμοίου
1151 4518 1352 4588 χωρεῖν
1372 4532 1389 4549 ο
1437 4518 1534 4571 καὶ
1571 4517 1660 4571 διὰ
1693 4518 1914 4571 πάντων

335 4610 692 4680 περιϐοήτους
723 4609 929 4665 ἀπασιν
956 4606 1126 4666 εῖναι.
1153 4610 1220 4663 Ἃ
1254 4610 1356 4679 μὲν
1381 4604 1478 4664 οὖν
1510 4610 1763 4680 περὶτῶν
1787 4610 1917 4680 ἀρε-

333 4704 444 4755 τῶν
473 4703 639 4772 ἐχρῆν
658 4703 909 4766 διελθεῖν,
936 4706 1031 4757 καὶ
1054 4702 1247 4757 τοῦτον
1275 4703 1584 4774 ἑκασταχοῦ
1604 4701 1915 4773 προύχοντα

333 4795 525 4861 δεῖξαι,
554 4797 655 4848 οὐκ
688 4796 879 4858 ἐνδεῶς
910 4796 1170 4867 εἰρῆσθαι
1217 4812 1307 4868 μοι
1341 4796 1507 4860 δοκῶ,
1559 4795 1691 4849 ὥσθ’
1722 4794 1751 4848 δ
1780 4793 1916 4864 περὶ

350 4888 776 4957 ’Δριστοφάνους
837 4888 1008 4959 ἔφησε
1065 4889 1316 4955 Πλάτων,
1370 4888 1516 4942 τοῦτ’
1575 4889 1769 4959 ἔμοιγε
1820 4886 1919 4940 νῦν

338 4979 675 5053 δικαιότερόν
703 4982 821 5033 ἐστι
859 4981 1062 5052 φάναι·
1099 4981 1181 5044 ὡς-
1207 4981 1317 5052 ἀρα
1363 4980 1556 5035 πασῶν
1598 4979 1814 5051 ἀρετῶν
1860 4980 1919 5032 αἱ

2011 4064 2345 4123 cperamque
2371 4050 2609 4121 ponebat
2642 4049 2844 4118 (denuo
2867 4049 3015 4102 enim
3070 4049 3138 4101 ad
3168 4050 3475 4102 institutum
3508 4061 3600 4102 re~

2012 4155 2197 4200 vertor
2220 4142 2576 4212 sermonem),
2600 4153 2660 4196 ut
2693 4143 2914 4197 dubiam
2953 4141 3114 4210 plane
3145 4141 3380 4212 palmam
3413 4140 3486 4194 illi
3516 4139 3601 4194 fa-

2011 4248 2183 4302 ceret,
2220 4235 2311 4306 qui
2338 4251 2365 4288 a
2397 4234 2711 4304 virginitate
2739 4246 3044 4301 euguomeu
3080 4232 3308 4297 invenit,
3343 4245 3602 4300 utilisque

2012 4330 2258 4385 omnium
2313 4327 2588 4382 maximus
2644 4331 2833 4380 nostro
2866 4323 3179 4393 Theologus
3235 4324 3455 4377 habitus
3499 4321 3608 4376 fuit

2016 4419 2233 4493 (Joanni
2290 4416 2697 4488 evangelista),
2750 4416 2863 4469 imo
2934 4427 3064 4493 vero
3144 4415 3602 4484 quemadmodum

2016 4492 2315 4581 pandeudis
2334 4508 2642 4563 divinitatis
2676 4492 2983 4578 mysteriis:l
3003 4507 3074 4560 ita
3100 4506 3202 4561 hac
3227 4506 3392 4560 etiam
3425 4516 3608 4573 parte,

2017 4605 2267 4674 proxime
2316 4602 2384 4656 ad
2446 4601 2598 4655 illum
2635 4601 2943 4663 accederet,
3001 4612 3179 4669 neque
3243 4600 3424 4654 minus
3459 4598 3613 4666 apud

2021 4702 2188 4755 Deum
2246 4698 2520 4768 gratiosus
2556 4705 2722 4760 essvt,
2746 4704 2805 4748 ut
2838 4694 2977 4750 adeo
2999 4709 3157 4764 aequo
3188 4694 3333 4751 inter
3357 4710 3416 4751 se
3438 4694 3611 4749 ambo

2020 4793 2296 4859 similique
2320 4790 2478 4859 plane
2509 4789 2767 4843 incedant
2790 4788 2999 4859 gradu;
3043 4797 3096 4843 et
3118 4789 3185 4843 ab
3210 4789 3465 4844 onmibus
3492 4801 3615 4842 ma-

2022 4888 2199 4941 ximos
2259 4897 2652 4953 usquequaque
2676 4883 2947 4938 clamores
2976 4882 3305 4953 plaususque
3330 4882 3608 4938 auferant.

2021 4978 2141 5034 Jam
2166 4978 2369 5047 itaque,
2400 4991 2521 5045 qua:
2546 4977 2612 5031 de
2639 4975 2930 5029 virtutibus
2962 4976 3276 5031 summatim
3303 4977 3613 5040 disserere,

344 5070 585 5141 Χάριτες
626 5071 857 5141 τέμενός
889 5088 946 5126 τι
997 5071 1255 5143 λαμπρὸν
1301 5072 1439 5143 ὅπερ
1495 5071 1618 5142 οὐχὶ
1667 5074 1893 5125 πεσεῖτα

2023 5083 2402 5139 summamque
2435 5067 2605 5122 nostri
2650 5069 2702 5120 in
2744 5068 3000 5122 omnibus
3029 5081 3466 5122 cauunoustrare
3504 5068 3613 5122 has

256 5232 263 5237 _
306 5208 309 5209 ν
339 5163 629 5233 ζητοῦσαι,
665 5164 844 5234 ψυχὴν
874 5156 1035 5236 εὗρον
1065 5164 1168 5235 τὴν
1194 5163 1383 5217 τοῦδε·
1422 5162 1688 5232 ἐπάνειμι
1729 5163 1787 5216 δὲ
1817 5162 1920 5217 αὖ·

343 5256 428 5319 θις
457 5258 552 5310 ἐπὶ
576 5259 644 5312 τά
669 5260 905 5328 πρόσθεν
923 5275 939 5291 ο
979 5258 1171 5330 ἐπειδὴ
1198 5259 1287 5314 διὰ
1319 5258 1568 5331 βραχέων
1598 5252 1675 5314 ὧν
1702 5257 1920 5312 ἐϐουλό-

345 5368 455 5423 μην
481 5353 782 5425 ἐμνήσθην.

2024 5165 2220 5220 bebam
2280 5162 2674 5230 praestantiam,
2734 5160 2880 5216 haud
2937 5160 3137 5229 impari
3198 5162 3415 5231 penitus
3455 5161 3617 5215 mode

2025 5257 2291 5312 hactenus
2319 5254 2566 5324 exposita
2591 5268 2713 5309 esse
2744 5268 2890 5317 reor,
2921 5254 2997 5308 ita
3026 5265 3081 5308 ut
3109 5254 3255 5324 quod
3301 5254 3368 5306 de
3396 5251 3615 5309 Aristo-

2028 5351 2207 5423 phane
2234 5350 2364 5405 olim
2394 5347 2550 5403 Plato
2578 5347 2991 5417 pronuntiabat,
3045 5346 3175 5401 illud
3206 5360 3349 5400 nunc
3377 5344 3611 5399 meliore

339 5444 459 5515 iure
484 5447 547 5499 ad
582 5448 726 5501 hunc
761 5458 1004 5503 nostrum
1042 5448 1391 5504 transferria
1428 5463 1516 5505 me
1576 5447 1774 5516 possit,
1844 5445 2054 5503 scilicet
2110 5445 2256 5516 quod
2314 5442 2515 5499 Gratiae
2594 5442 3094 5512 splendidissimum
3157 5438 3427 5508 quoddam
3491 5452 3615 5492 om-

348 5539 498 5593 nium
554 5538 838 5607 virtutum,
882 5556 982 5597 nec
1031 5557 1270 5613 unquam
1313 5541 1708 5598 inserviturum
1740 5541 1928 5597 fanum
2011 5540 2433 5611 perquirentes,
2485 5537 2725 5592 animam
2807 5534 3059 5606 Gregorii
3138 5532 3449 5603 rcpererint
3508 5532 3622 5616 (1).

422 5701 470 5732 ⁹⁴
496 5700 656 5757 Rom.
684 5719 777 5771 vn,
815 5704 903 5770 l7,
933 5704 1028 5759 25.

420 5869 499 5938 (l)
534 5867 770 5921 Thomas
811 5878 993 5923 noster
1030 5868 1086 5922 in
1122 5865 1246 5921 Vita
1282 5866 1685 5938 Aristophanis.
