4028 6444
453 417 561 480 2S7

1596 444 1603 459 ε
1699 415 2054 478 HEODULI
2095 417 2445 478 MONACHI

3622 418 3726 484 288

454 530 651 586 Paucis
695 532 882 601 igitur,
912 547 1033 602 qua:
1061 532 1369 602 cupiebam.
1404 534 1547 589 hunc
1586 535 1637 589 iu
1674 536 1891 590 modum
1934 532 2242 602 explicatis,
2326 533 2394 585 ad
2486 533 2825 600 superiorem
2882 534 3009 587 vitae
3083 538 3468 590 narrationem
3546 537 3727 605 pedem

456 641 601 679 nunc
635 626 835 680 refero.

525 721 711 774 LXXI.
757 721 849 776 llis
880 736 1045 792 porro
1074 722 1127 775 in
1153 723 1317 776 rebus
1353 723 1595 777 versanti
1632 724 1791 779 beato
1817 722 2030 794 Grego-

2207 712 2337 769 ΟΝ.
2380 714 2470 766 Ἑν
2512 712 2696 766 τοίνυν
2727 713 2999 776 τοιούτοις
3048 713 3163 766 ὄντι
3211 713 3289 782 τῷ
3342 714 3610 786 μακαρίῳ
3640 715 3726 769 καὶ

459 813 562 875 rio,
616 814 946 881 pietatisque
1015 813 1233 868 scholas
1291 815 1346 869 in
1395 814 1572 869 Ponto
1622 815 2031 870 studiosissime

2140 808 2241 861 τῶν
2261 806 2355 859 τοῦ
2379 805 2584 859 Πόντου
2609 806 3045 875 φροντιστηρίων
3063 804 3140 858 ἐτ’
3156 804 3408 876 ἐχομένῳ
3434 807 3729 877 γράμματα

456 903 631 955 adhuc
663 905 889 957 sectanti
916 944 931 967 ,
964 902 1159 957 littera:
1193 919 1222 956 a
1267 912 1421 973 patre
1462 906 1765 959 redduntur
1801 903 1938 960 adeo
1969 904 2034 959 il-

2142 898 2294 967 παρά
2348 897 2446 951 τοῦ
2510 898 2716 968 πατρὺς
2794 899 3128 965 ἀφικνεῖται,
3183 898 3331 951 οὕτω
3392 899 3496 967 τὴν
3549 898 3729 966 ἄφιξιν

455 994 563 1049 lius
621 1006 876 1063 urgentes
928 997 1245 1062 adventum,
1307 1005 1368 1051 ut
1434 997 1568 1050 nihil
1609 1000 1831 1051 omnino
1888 995 2032 1050 aliud

2140 989 2528 1045 ἐπισπεύδοντα
2554 989 2631 1052 ὡς
2664 989 2855 1059 μηδὲν,
2879 988 2953 1041 ἔτ’
2981 989 3110 1044 ἄλλο
3140 988 3250 1042 τῶν
3291 988 3519 1043 πάντων
3556 990 3727 1045 δοκεῖν

454 1085 889 1152 pmvertendum
968 1087 1270 1141 videretur.
1330 1087 1541 1156 Quippe
1603 1086 1840 1144 Cmsario
1897 1088 2032 1152 tilio,

454 1179 646 1247 procul
691 1183 867 1247 patria
909 1181 1207 1247 exstincto,
1263 1182 1411 1235 nullo
1456 1198 1636 1235 reruut
1686 1198 1910 1237 suarum
1947 1199 2037 1237 τοσ-

452 1265 583 1321 licto
609 1269 845 1334 btet-ede,
871 1285 979 1324 non
1011 1286 1204 1333 uxore,
1242 1287 1349 1325 non
1378 1272 1601 1337 liberis;
1643 1287 1766 1326 nam
1795 1274 2035 1328 caelibem

459 1373 678 1427 semper
709 1361 873 1415 vitam
902 1373 1087 1431 egerat
1115 1380 1129 1429 ;
1169 1358 1428 1434 omnique
1462 1366 1605 1428 ideo,
1637 1368 1935 1420 secundum
1965 1367 2039 1419 le-

453 1465 572 1519 ges,
600 1452 665 1504 ad
701 1463 955 1520 parentes
1000 1454 1251 1508 devoluta
1314 1457 1630 1511 haereditate
1659 1473 1670 1508 :
1702 1456 1789 1511 hic
1820 1459 2038 1525 quando

456 1549 615 1609 pater
666 1542 804 1611 ipse,
856 1558 979 1598 cum
1022 1555 1185 1599 aetate
1233 1561 1297 1600 ac
1333 1547 1647 1601 valetudine
1682 1548 1884 1622 fessus,
1922 1556 2036 1601 tum

456 1631 764 1686 domestico
800 1633 905 1687 hoc
921 1634 1147 1689 vulnere
1170 1638 1353 1690 animo
1378 1636 1666 1706 languens,
1703 1637 1863 1691 rebus
1897 1647 2042 1691 trac-

459 1722 640 1777 tandis
670 1723 846 1791 impar
876 1734 1063 1779 esset:
1099 1741 1200 1779 nec
1232 1727 1446 1781 obviam
1496 1725 1912 1781 imminentibus
1959 1729 2041 1780 in-

464 1814 629 1880 vidis,
655 1825 706 1868 et
766 1816 818 1870 in
842 1817 1018 1871 aliena
1078 1826 1342 1888 tauquam
1369 1835 1464 1873 sua
1505 1819 1886 1874 invadentibus
1935 1820 2037 1883 ire,

458 1921 791 1976 manumque
857 1923 1156 1965 conserere
1203 1910 1444 1974 valeret;
1476 1926 1643 1965 causa
1695 1919 1877 1967 autem
1921 1912 2039 1966 haec

454 2007 596 2061 erat,
629 2001 773 2068 quod
805 2000 1093 2067 Caesarius,
1144 2004 1236 2072 qtti
1292 2005 1406 2059 fisci
1463 1990 1727 2073 principis
1798 2014 2040 2072 quaestor

2142 1080 2607 1151 προύργιαίτερον
2660 1075 2958 1133 εἶναιοτοῦ
3011 1080 3120 1149 γὰρ
3172 1080 3368 1143 παιδὸς
3428 1080 3727 1152 Καισαρίου

2139 1176 2227 1227 ἐπ’
2258 1174 2570 1245 ἀλλοδαπῆς
2616 1174 2707 1226 τὸν
2741 1173 2856 1242 βίον
2907 1173 3288 1237 ἀπολιπόντος,
3332 1173 3433 1227 καὶ
3479 1175 3722 1246 μηδοντι·

2139 1266 2263 1319 νοῦν
2290 1266 2384 1318 τοῦ
2431 1265 2633 1336 κλήρου
2667 1266 2912 1335 διάδοχον
2958 1265 3194 1335 ἔχοντος,
3222 1266 3282 1319 οὐ
3328 1267 3569 1334 γυναῖκα
3596 1306 3612 1333 ,
3663 1266 3724 1319 οὐ

2140 1360 2328 1424 τέκνα,
2361 1359 2486 1413 οὐδὲ
2517 1358 2627 1430 γὰρ
2679 1359 2926 1427 ὡμίλησε
2962 1358 3149 1429 γάμῳ,
3201 1359 3344 1412 ἀλλά
3396 1359 3501 1428 τῆς
3543 1359 3726 1423 οὐσίας

2141 1453 2358 1521 ἀπάσης
2390 1454 2485 1507 ἐπὶ
2512 1455 2637 1515 τοὺς
2669 1452 3065 1521 γεγεννηκότας
3094 1453 3236 1505 κατά
3282 1452 3379 1506 τὸν
3412 1453 3577 1522 νόμον
3619 1453 3723 1505 ίού-

2143 1561 2265 1611 σης,
2293 1544 2594 1614 ἐπειδήπερ
2646 1547 2674 1597 ὁ
2724 1544 2904 1613 πατὴρ
2955 1545 3047 1596 καὶ
3077 1546 3266 1614 γήρως
3316 1544 3511 1597 εἵνεκα
3554 1544 3720 1611 λέγω,

2140 1638 2236 1692 καὶ
2282 1637 2481 1702 νόσου,
2521 1639 2614 1692 καὶ
2665 1638 2763 1706 τῆς
2814 1637 3197 1706 κατασχούσης
3244 1637 3417 1690 αὐτὸν
3463 1635 3533 1690 δι’
3567 1635 3723 1689 αὐτὸν

2141 1726 2407 1796 ἀθυμίας,
2463 1727 2564 1798 οὐχ
2620 1721 2731 1791 οἷός
2785 1745 2843 1781 τε
2884 1723 2952 1796 ἦν
3006 1729 3301 1797 πράγμασι
3337 1727 3582 1798 χρῆσθαι
3636 1725 3726 1780 καὶ

2143 1806 2460 1890 πρὸςθτούς
2497 1820 2884 1890 ἐπικειμένους
2933 1821 3041 1874 τῶν
3090 1818 3443 1889 φθονούντων
3481 1819 3577 1872 καὶ
3619 1819 3727 1880 τοῖς

2141 1910 2447 1982 ἀλλοτρίοις
2498 1910 2572 1974 ὡς
2622 1911 2844 1974 οίκείοις
2896 1909 3295 1981 ὲπιπηδώντων
3344 1911 3597 1982 ἀντέχειν
3638 1912 3725 1964 καὶ

2142 2002 2530 2074 διαμάχεσθαιο
2553 2003 2700 2056 αἰτία
2721 2003 2779 2057 δὲ
2796 1998 2865 2074 ἦν
2893 2003 2955 2057 τὸ
2987 2003 3081 2056 τὸν
3109 2003 3422 2074 Καισάρων
3451 2003 3560 2056 τῶν
3581 2001 3726 2072 βασι-

456 2088 669 2153 fuisset,
706 2106 879 2161 eaque
914 2108 972 2147 re
996 2095 1234 2164 aliquam
1269 2095 1502 2164 publicae
1538 2097 1784 2165 pecunia:
1819 2107 2031 2164 partem

2140 2094 2300 2149 λείων
2370 2094 2663 2166 θησαυρῶν
2720 2096 3056 2166 γεγενῆσθαι
3120 2095 3368 2165 ταμίαν,
3436 2092 3723 2148 κάντεῦθεν

455 2200 644 2239 secum
695 2185 1002 2250 habuisset,
1076 2187 1195 2255 lege
1242 2193 1669 2257 repetundarum
1729 2202 2032 2247 teneretur.

454 2274 784 2346 Gregorium
847 2278 1033 2344 itaque
1078 2278 1272 2345 ﬁlium,
1329 2282 1422 2349 qui
1481 2297 1569 2335 res
1603 2282 1873 2352 ejusmodi
1916 2284 2035 2353 pul-

455 2370 588 2422 chre
621 2376 780 2423 norat
802 2370 1083 2437 expedire,
1103 2386 1133 2424 e
1154 2370 1329 2425 Ponto
1359 2373 1422 2424 ad
1442 2387 1499 2425 se
1530 2388 1784 2428 revocare
1816 2386 2038 2427 necesse

458 2455 668 2510 habuit.
693 2458 762 2509 At
793 2456 902 2520 ille.
932 2458 1018 2512 cui
1048 2458 1186 2526 patri
1215 2474 1319 2513 non
1350 2461 1730 2526 obtemperare
1760 2475 2034 2515 summum

458 2545 622 2601 facile
675 2548 828 2603 nefas
877 2548 1205 2612 habebatur.
1252 2559 1308 2604 et
1352 2551 1443 2620 qui
1468 2552 1642 2618 ipsum
1683 2551 1814 2606 item
1842 2550 2031 2606 Jrsum

457 2654 636 2693 meum
667 2640 777 2694 suis
804 2641 1120 2709 parentibus
1148 2642 1290 2697 dicto
1318 2644 1656 2699 obedientem
1688 2644 1855 2697 fuisse
1889 2645 2031 2699 scie-

465 2732 579 2797 bat,
618 2732 877 2787 continuo
955 2733 1165 2796 aderat,
1229 2734 1371 2789 haud
1431 2750 1530 2789 sua
1591 2736 1810 2804 quidem
1871 2738 2032 2805 plane

454 2832 668 2888 sponte.
714 2833 765 2877 et
808 2826 1007 2892 partim
1034 2825 1123 2880 ille
1165 2836 1343 2880 tamen
1388 2842 1483 2881 sua
1529 2844 1744 2896 quoque
1792 2838 2026 2898 sponte:

2138 2184 2415 2255 δημοσίων
2449 2184 2596 2239 ἐστιν
2634 2177 2710 2239 ὧν
2756 2185 3065 2254 εὐπορῆσαι
3108 2184 3418 2254 χρημάτων
3476 2184 3574 2236 καὶ
3600 2182 3721 2240 ,δεῖν

2141 2276 2317 2330 ταῦτα
2351 2276 2702 2343 καταδαλεῖν,
2739 2278 2819 2340 είς
2853 2278 3103 2347 ἀνάγκην
3130 2278 3373 2348 κατέστη
3399 2277 3493 2330 τὸν
3524 2276 3722 2345 Γρηγο-

2142 2385 2261 2440 ριον
2305 2369 2520 2421 ἐκεῖθεν
2564 2369 2698 2436 πρὸς
2731 2368 2923 2422 ἑαυτὸν
2983 2368 3457 2439 μεταπέμψασθαι
3485 2406 3501 2433 ,
3556 2366 3720 2420 δεινὸν

2141 2460 2272 2514 ὅντα
2297 2460 2365 2514 τὰ
2403 2458 2632 2513 τοιαῦτα
2680 2461 2996 2531 περαίνειν·
3035 2461 3129 2515 καὶ
3164 2460 3224 2524 ὃς
3268 2461 3332 2514 τό
3370 2477 3432 2515 τε
3493 2458 3571 2531 μὴ
3613 2458 3722 2512 πεί-

2143 2551 2335 2607 θεσθαι
2379 2553 2552 2622 πατρὶ
2614 2552 2723 2607 τῶν
2767 2553 3137 2606 ἀτοπωτάτων
3179 2551 3437 2622 νομίσας,
3476 2550 3571 2603 καὶ⁵
3611 2549 3721 2617 ἃμα

2143 2645 2235 2698 τὸν
2262 2645 2392 2713 ἐμὸν
2437 2643 2645 2714 Ἰησοῦν
2669 2645 3117 2715 ὑποτασσόμενον
3145 2646 3260 2705 τοῖς
3286 2642 3542 2713 γονεῦσιν
3572 2639 3720 2701 εἰδὼς

2138 2737 2341 2792 αὐτίκα
2367 2737 2551 2808 παρῆν
2578 2755 2591 2769 ·
2620 2735 2739 2790 οῦτι
2762 2734 2994 2804 ἑκώνγε,
3041 2736 3136 2789 καὶ
3164 2734 3311 2789 ἑκὼν
3338 2737 3396 2788 ἰν
3427 2732 3504 2806 τῷ
3535 2733 3716 2803 μέρει’

2136 2830 2200 2882 τὸ
2248 2830 2369 2900 μὲν,
2409 2825 2492 2890 οἷς
2541 2829 2836 2900 ἡσυχάζειν
2884 2830 3098 2899 ᾑρεῖτο·
3146 2828 3244 2882 καὶ
3296 2829 3373 2900 μὴ
3425 2829 3718 2898 πράγματα

455 2909 625 2965 invite
660 2912 937 2977 nimirum,
997 2917 1141 2985 quod
1196 2917 1464 2985 religiosae
1507 2919 1708 2988 quietis
1752 2934 1887 2984 suae,
1920 2936 2026 2975 non

2140 2922 2327 2992 ἴσχειν,
2370 2921 2481 2974 τόδ’
2512 2918 2593 2985 οἷς
2626 2920 2852 2989 ἔμελλεν
2877 2921 3020 2990 ὑπὲρ
3050 2920 3151 2988 τῆς
3179 2920 3278 2973 τοῦ
3312 2920 3581 2988 συγγόνου
3613 2918 3709 2988 ψυο

455 3001 630 3056 litium
662 3019 726 3059 ac
755 3006 1125 3060 molestiarum
1170 3023 1361 3062 amans
1389 3021 1557 3079 esset,
1585 3021 1637 3064 et
1671 3026 1767 3065 sua
1808 3027 2025 3065 rursum

2140 3014 2231 3085 (ἧς
2272 3014 2572 3083 φροντιεῖν,
2615 3014 2709 3065 καὶ
2743 3012 2837 3064 τὸν
2865 3010 3081 3082 πατέρα
3110 3014 3369 3082 κουφιεῖν
3405 3012 3502 3079 τῆς
3551 3010 3716 3070 ἀνίας,

455 3109 667 3165 sponte,
701 3100 845 3167 quod
875 3099 1235 3157 fraternarum
1264 3105 1505 3157 manium
1539 3119 1758 3160 causam
1796 3114 2172 3174 suscepturus,
2199 3118 2537 3187 patremque
2606 3119 2811 3174 angore
2854 3112 3020 3174 atquc
3088 3104 3424 3174 aagritudine
3488 3118 3583 3158 sua
3643 3100 3716 3156 le"

454 3202 682 3248 vaturus
720 3206 883 3251 esset.

530 3286 740 3346 LXXII.
781 3288 913 3355 Qure
951 3291 1137 3346 omnia
1186 3302 1245 3347 ut
1275 3302 1426 3347 recte
1468 3303 1631 3361 atque
1658 3295 1849 3349 ordine
1874 3308 2027 3349 com-

456 3389 733 3447 posuerat,
774 3383 845 3436 ita
881 3392 939 3434 ut
969 3383 1455 3453 quadruplatorum
1514 3402 1532 3436 ι
1574 3396 1788 3440 montes
1843 3401 2034 3441 omnes

2208 3288 2334 3341 OB’.
2367 3287 2478 3339 Καὶ
2509 3285 2690 3338 τοίνυν
2722 3283 2866 3339 οὕτω
2900 3284 2998 3355 μὲν
3022 3285 3200 3338 πάντα
3229 3284 3408 3338 ταῦτα
3436 3282 3615 3344 καλῶς
3630 3268 3719 3335 καὶ

2141 3380 2216 3443 ὡς
2248 3377 2419 3450 ἐχρῆν
2449 3377 2675 3442 διαθεὶς,
2707 3376 2783 3438 ὡς
2810 3377 2919 3430 πᾶν
2953 3377 3078 3446 δρος
3107 3376 3205 3429 καὶ
3235 3374 3433 3444 βουνὸν
3460 3388 3717 3441 συκοφαν-

455 3471 768 3539 collcsmte,
839 3477 1140 3529 secundum
1206 3475 1398 3529 Isaiam
1434 3475 1502 3539 ",
1569 3477 2028 3545 deprimerentur,

2140 3471 2288 3525 τικὸν
2328 3470 2467 3524 κατὰ
2503 3469 2596 3523 τὸν
2639 3468 2869 3521 Ἡσαΐαν
2918 3467 3335 3536 ταπεινωθῆναι
3361 3505 3378 3530 ,
3432 3467 3525 3520 καὶ
3569 3463 3714 3533 γενὲο

457 3576 512 3616 et
544 3564 894 3619 anfractuosa
940 3578 1088 3621 recta
1138 3583 1202 3623 ac
1244 3569 1408 3637 plana
1440 3568 1658 3635 fierent,
1701 3589 1720 3622 ι
1754 3572 1940 3627 adlan
1974 3582 2029 3626 ιιι

458 3655 684 3711 fratrem
718 3673 1073 3729 sororemque
1104 3660 1460 3730 Gorgouiam,
1522 3663 1791 3730 ejusmodi
1818 3667 2033 3720 concio-

458 3750 615 3804 nibus
647 3750 967 3805 funebribus
999 3751 1276 3813 laudat-at.
1313 3769 1433 3822 quae
1468 3765 1747 3822 stuporem
1776 3758 2033 3811 omnibus

457 3842 994 3911 admirationemqnc
1022 3844 1189 3910 cient,
1236 3846 1375 3915 putri
1414 3847 1600 3901 itidem
1653 3847 1903 3902 bifariam
1939 3865 2035 3902 au-

456 3933 593 3986 xilio
627 3932 747 3995 fuit,
774 3920 889 3988 tum
914 3937 1057 4004 quod
1097 3937 1357 4007 quidquid
1404 3939 1533 3994 hinc
1561 3939 1815 3994 mmroris
1840 3954 2031 3994 conce-

460 4032 614 4091 perat
644 4025 1004 4094 abstergerct,
1038 4036 1148 4081 tum
1178 4032 1322 4097 quod
1366 4043 1535 4083 novas
1585 4028 1733 4082 illius
1766 4029 2035 4085 adversus

455 4117 975 4172 consubstantialem
1003 4117 1098 4173 Dei
1124 4121 1422 4176 essentiam
1447 4120 1882 4177 machinationes
1906 4136 2034 4176 ror-

460 4210 680 4275 rigcret.
707 4208 915 4262 Interea
940 4210 1084 4264 enim
1126 4212 1253 4266 dum
1286 4214 1340 4265 iu
1369 4214 1480 4266 otio
1507 4226 1607 4266 suo
1640 4210 1780 4267 ﬁlius
1816 4214 2030 4282 agebat,

460 4308 669 4367 patrem
697 4300 869 4354 solum
905 4301 1295 4372 interceptum,
1326 4303 1419 4370 qui
1448 4303 1564 4356 Arii
1595 4301 1790 4359 imbuti
1820 4306 2035 4375 opinio-

458 4389 618 4444 nibus
662 4400 840 4456 eraut,
891 4400 947 4447 et
1003 4392 1259 4448 infucatis
1300 4392 1632 4463 quibusdam
1663 4408 1727 4449 ac
1756 4398 2034 4464 perversis

460 4483 789 4539 ratiunculis
834 4474 1292 4550 circumﬁntum,
1342 4494 1603 4556 statuque
1656 4489 1853 4543 mentis
1899 4504 2035 4559 quo-

453 4574 744 4629 dammodo
766 4577 1053 4642 dimotnm,
1089 4579 1143 4631 itt
1169 4578 1310 4633 hanc
1335 4577 1582 4633 fraudem
1615 4580 1933 4649 impellunt:
1971 4589 2033 4636 ut

455 4676 645 4720 eontra
681 4670 1098 4723 coessentialem
1135 4668 1227 4724 Dei
1261 4680 1507 4725 naturam
1545 4687 1706 4727 suum
1756 4673 1890 4744 ipsis
1920 4673 2034 4728 cal-

452 4759 636 4813 culum
695 4760 943 4827 adderet,
1000 4760 1314 4831 litterisque
1358 4763 1712 4832 prtescriptis,
1773 4764 2028 4818 damnata

454 4853 635 4920 priore
669 4854 963 4918 sententia,
1000 4867 1125 4908 cum
1165 4854 1274 4909 illis
1303 4853 1528 4921 faceret,
1579 4855 1672 4925 qui
1720 4854 2029 4911 similitudi-

454 4962 574 5001 nem
605 4947 840 5017 aliquam
875 4947 930 5002 in
966 4946 1261 5005 Divinitate
1289 4951 1559 5009 sciscunt.
1588 4960 1754 5021 atque
1791 4953 1891 5007 boc
1927 4966 2026 5019 pa-

449 5048 541 5091 eto
597 5047 708 5092 tum
742 5055 773 5093 a
831 5040 1177 5097 coesseutiali
1237 5040 1524 5107 Triuitate,
1585 5045 2023 5113 quandoquidem

456 5134 611 5184 novis
652 5131 1072 5199 ltisce'placitis
1117 5135 1228 5189 suis
1280 5135 1453 5204 ipsam
1503 5136 1833 5205 diremptum
1892 5136 2024 5202 ibat,

455 5222 811 5291 semetipsum
868 5238 1169 5294 separaret.
1236 5236 1346 5281 ttun
1374 5244 1401 5280 a
1435 5243 1494 5282 se
1530 5241 1736 5294 suaque
1782 5242 2029 5282 commu-

457 5315 620 5366 nione
642 5324 877 5371 caeteros
928 5318 1263 5386 seiungeret,
1321 5328 1371 5373 et
1431 5320 1556 5374 illos
1617 5319 1889 5384 videlicet,
1936 5319 2027 5389 qui

457 5404 757 5457 solitariam
824 5410 1053 5477 amplexi
1117 5413 1304 5475 vitam,
1352 5411 1520 5466 Deum
1556 5412 1676 5467 sine
1719 5412 1825 5466 ulla
1858 5413 2028 5466 inter-

457 5491 716 5547 missione
766 5508 1107 5566 contueutur,
1153 5513 1208 5557 et
1246 5511 1517 5571 quotquot
1552 5502 1753 5570 alioqui
1786 5502 2026 5571 pietatis,

457 5591 513 5634 et
548 5590 956 5652 congruentium
1016 5592 1206 5661 pietati
1266 5592 1599 5658 officiorum,
1632 5609 1763 5647 cura
1796 5604 2028 5663 tangun-

2140 3564 2265 3617 σθαι
2293 3562 2361 3616 τὰ
2401 3560 2594 3615 σκολιὰ
2641 3560 2721 3624 είς
2752 3559 2915 3614 εὐθέα
2941 3575 2955 3592 ³
2986 3558 3169 3627 λόγοις
3208 3560 3253 3612 δ’
3295 3556 3607 3627 ἐπιταφίοις
3633 3553 3717 3606 τὸν

2137 3654 2363 3723 ἀδελφὸν
2416 3650 2732 3723 προσειπὼν
2783 3653 2877 3704 καὶ
2933 3653 3035 3719 τὴν
3088 3649 3330 3721 ἀδελφὴν
3398 3650 3437 3702 Γ
3440 3645 3715 3718 οργονίαν,

2137 3749 2349 3808 πάντας
2376 3747 2459 3806 είς
2486 3741 2755 3814 ἔκπληξιν
2804 3730 2915 3796 ’καὶ
2943 3742 3134 3811 θαῦμα
3173 3741 3443 3805 κινοῦσιν,
3484 3740 3511 3792 ό
3540 3737 3593 3791 δὲ
3630 3733 3712 3788 καὶ

2135 3841 2214 3909 τῷ
2246 3839 2417 3907 πατρὶ
2475 3837 2636 3906 διπλῇ
2706 3835 2933 3905 βοηθεῑο
2985 3835 3064 3903 τῷ
3106 3851 3167 3888 τε
3220 3834 3332 3889 τῶν
3381 3834 3476 3886 ἐπὶ
3518 3828 3714 3888 τούτοις

2137 3928 2475 4001 δυσχερειῶν
2506 3927 2841 3993 ἀπαλλάξαι,
2876 3928 2969 3981 καὶ
2993 3926 3070 3997 τῷ
3098 3928 3196 3997 τὴν
3228 3929 3376 3981 κατᾶ
3406 3924 3500 3980 τοῦ
3531 3925 3712 3992 opacu-

2139 4023 2258 4076 σίου
2292 4021 2646 4092 καινοτομίαν
2667 4020 3098 4090 διορθώσασθαι·
3130 4019 3325 4074 τούτου
3356 4021 3467 4089 γὰρ
3488 4016 3709 4076 ἀπόντος

2136 4115 2196 4171 ὲν
2226 4114 2447 4185 ἠσυχίᾳ,
2484 4115 2644 4184 μόνον
2680 4115 2730 4167 οί
2761 4114 2830 4168 τὰ
2889 4113 3108 4183 Ἀρείου
3161 4113 3491 4182 φρονοῦντες
3518 4109 3711 4162 ἐκεῖνον

2135 4207 2527 4277 ἀπειληφότες,
2570 4206 2666 4259 καὶ
2698 4205 2880 4275 λόγοις
2908 4204 3190 4272 κιϐδήλοις
3220 4204 3317 4257 καὶ
3350 4192 3709 4270 διεστραμμέ-

2135 4318 2250 4365 νοις
2279 4300 2446 4354 αὑτὸν
2492 4299 2840 4361 ὑπελθόντες,
2891 4298 2990 4351 καὶ
3031 4290 3144 4351 οἷον
3193 4297 3564 4366 ἐκστήσαντες
3587 4289 3708 4341 ἑαυ-

2135 4394 2256 4459 τοῦ,
2281 4393 2533 4448 πείθουσι
2579 4394 2739 4464 σφίσι
2793 4392 2937 4446 κατά
2968 4390 3063 4445 τοῦ
3102 4391 3394 4461 όμοουσίου
3430 4381 3705 4443 συνθέσθαι

2136 4488 2233 4541 καὶ
2268 4485 2358 4540 διὰ
2378 4485 2749 4557 γραμμάτων,
2775 4484 2836 4538 τὸ
2862 4484 2984 4555 μὲν,
3009 4486 3290 4539 ἀπειπεῖν.
3318 4484 3441 4544 Τοῖς
3462 4480 3519 4534 δὲ
3543 4477 3702 4542 ξυνει-

2136 4581 2259 4633 πεῖν
2290 4580 2351 4633 τὸ
2376 4579 2688 4650 ὁμοιούσιον
2719 4578 3111 4648 δογμάτίζουσι
3130 4592 3143 4608 ο
3168 4577 3267 4630 καὶ
3299 4574 3586 4641 διαστῆσαι
3612 4563 3704 4635 μὲν

2136 4670 2335 4725 ἑαυτὸν
2390 4671 2491 4739 τῆς
2538 4670 2833 4741 δμοουσίου
2872 4669 3124 4735 Τριάδος,
3165 4665 3360 4736 ἐπειδὴ
3394 4663 3487 4717 καὶ
3514 4657 3704 4720 ταύτην

2135 4763 2299 4826 αὐτὸς
2321 4763 2631 4835 διέστησεν,
2661 4756 2744 4827 οἷς
2771 4762 3051 4826 συνέθετο,
3075 4762 3365 4832 διαστῆσαι
3392 4759 3447 4812 δὲ
3473 4748 3703 4809 καὶτοὺς

2136 4858 2332 4920 ἄλλους
2381 4854 2583 4911 ἑαυτοῦ
2624 4874 2684 4910 τε
2726 4856 2819 4910 καὶ
2866 4857 2967 4924 τῆς
3004 4854 3174 4908 αὐτοῦ
3218 4851 3534 4909 κοινωνίαςο
3583 4838 3699 4899 τούς

2138 4964 2200 5002 τε
2224 4948 2316 5001 τδν
2347 4948 2636 5019 μοναδικδν
2673 4947 2787 5018 βίον
2818 4945 3126 5008 ἀσκοῦντας
3155 4946 3250 5001 καὶ
3276 4943 3412 5015 πρὸς
3440 4937 3570 4994 Θεὸν
3601 4926 3700 4984 αἰεὶ

2139 5043 2456 5114 βλέποντας,
2488 5044 2583 5096 καὶ
2616 5044 2763 5106 ὅσοις
2786 5042 2983 5113 ἔμελεν
3010 5040 3324 5104 εὐσεϐείας,
3350 5037 3444 5092 καὶ
3473 5030 3565 5086 τοῦ
3587 5021 3696 5081 κατ’

2136 5136 2310 5205 αὐτὴν
2332 5135 2661 5205 γιγνομένου
2684 5149 2697 5164 ·
2747 5134 2891 5187 οὓτω
2920 5133 2965 5187 δ’
3015 5132 3211 5204 ἔχοντα
3250 5129 3441 5184 τοῦτον
3470 5125 3497 5177 ό
3537 5117 3695 5189 μέγας

2134 5228 2336 5302 εὑρὼν,
2362 5232 2524 5298 ἀλγεῖ
2555 5228 2656 5297 μὲν
2683 5227 2760 5290 ὡς
2793 5225 2939 5289 εἰκὸς
2978 5226 3073 5279 καὶ
3111 5226 3249 5295 πρὸς
3277 5224 3376 5290 τὴν
3408 5207 3694 5308 μεταϐολῇν

2132 5321 2502 5391 δυσχεραίνει,
2540 5323 2635 5373 καὶ
2674 5318 3003 5389 συνάχθετσιι
3032 5317 3180 5386 αὐτῷ
3217 5316 3312 5369 τοῦ
3343 5311 3508 5377 ταύτῃ
3537 5313 3693 5391 προῖξ·

2134 5388 2282 5483 χθαι,
2308 5388 2387 5475 ως
2421 5415 2496 5483 μὴ
2530 5413 2692 5481 μόνον
2718 5388 2905 5481 τὴνηέν
2939 5411 3147 5464 ἅπασιν
3177 5405 3340 5463 αὐτοῦ
3379 5402 3488 5461 τοῖς
3521 5388 3692 5483 καλαῖς

2138 5477 2547 5573 εὐγένειαννκαῖ
2576 5505 2711 5573 πρὸς
2755 5477 2956 5572 ἀρετὴν
2982 5501 3304 5570 εὐκληριαν,
3344 5492 3477 5550 ἀλλὰ
3511 5484 3599 5540 καί
3626 5477 3687 5548 ἦν

2135 5596 2339 5658 πάντες
2375 5598 2503 5666 περὶ
2535 5593 2704 5649 αὐτοῦ
2734 5594 2891 5659 δόξαν
2925 5590 3070 5664 εἶχον
3110 5590 3406 5662 ἀμϐλῦναι.

462 5681 570 5730 tur.
612 5677 721 5734 lloc
760 5681 905 5737 illum
954 5685 1114 5756 igitur
1151 5689 1235 5744 vir
1278 5689 1548 5745 maximus
1571 5687 1827 5745 affectum
1866 5689 2028 5744 modo
2064 5701 2322 5751 cernens,
2354 5663 2464 5760 pro.
2523 5704 2589 5745 eo
2623 5702 2757 5743 sane
2802 5702 2866 5742 ac
2914 5672 3111 5743 debuit
3150 5680 3465 5756 gravissime
3521 5663 3687 5725 alii!”

531 5854 578 5886 ’⁷
603 5855 687 5911 lsa
723 5875 806 5920 st.
848 5865 901 5921 σε,

3612 5910 3659 5941 ’κ
