4028 6428
319 385 432 452 289
1196 390 1605 453 LAUDATIO
1630 391 1688 451 S.
1737 389 2127 452 GREGORII
2160 393 2577 456 THEOLOGI.
3481 405 3592 473 2L0

320 504 788 569 commovebatur,
814 508 868 562 et
896 506 1037 563 hanc
1094 510 1378 565 sententiae
1408 510 1898 566 commutationem
1938 510 2265 580 permoleste
2301 511 2527 575 ferebat,
2561 519 2616 564 et
2640 509 2812 565 vicem
2870 509 3018 567 illius
3057 512 3210 582 juxta
3281 528 3402 570 cum
3472 518 3591 587 ipso

321 594 576 664 dolebat;
631 612 698 653 eo
750 598 1006 654 nimirum
1041 600 1217 670 ipsum
1270 602 1461 658 hacin
1491 617 1550 657 re
1580 614 1896 673 provectum
1937 602 2130 670 fuisse,
2182 612 2240 658 ut
2316 620 2420 659 non
2479 604 2639 658 modo
2703 604 2962 659 eximiam
3022 606 3076 660 in
3121 607 3400 676 praeclaris
3431 612 3592 666 rebus

321 689 576 744 omnibus
607 702 815 747 natura
846 707 958 748 sua:
1002 693 1360 761 nobilitatem,
1397 706 1453 753 et
1483 698 1668 753 felices
1742 698 1793 751 in
1860 697 2058 754 virtute
2110 706 2454 770 progressus,
2507 714 2695 754 verum
2747 700 2914 754 etiam
3000 701 3288 772 egregiam
3347 704 3590 758 omnium

323 782 392 841 de
435 781 551 848 ipso
582 782 1038 841 existimationem
1064 790 1393 844 retunderet
1435 805 1501 846 ac
1544 790 1886 847 obscuraret.

393 873 515 930 01".
556 874 732 946 Ὁρῶν
755 878 817 933 δὲ
836 878 1008 932 αὐτὸν
1036 882 1147 943 τοῖς
1176 884 1275 951 τῆς
1308 885 1679 955 μεταμελείας
1704 885 1893 955 βαλλό-

2077 882 2318 940 LXXIII.
2368 880 2467 938 Ubi
2499 882 2833 950 ptenitentite
2882 892 3068 938 autem
3101 883 3343 939 stimulis
3378 893 3589 953 patrem

327 984 491 1036 μενον
518 966 768 1038 κέντροις
814 971 912 1023 καὶ
957 972 1078 1026 ὅλον
1110 977 1378 1041 γεγονότα
1423 976 1524 1045 τῆς
1579 976 1761 1048 λύπης
1803 978 1899 1031 καὶ

326 1059 552 1128 προσέτι
572 1059 669 1130 τὴν
699 1061 919 1133 ἀπάτην
950 1064 1181 1135 νομίσας
1211 1066 1304 1136 ὑφ’
1331 1067 1637 1137 ἁπλότητος
1670 1069 1902 1140 γεγενῆ-

327 1150 472 1215 σθαι,
504 1152 692 1224 ἐπειδὴ
725 1154 788 1206 τὸ
813 1155 1106 1225 γενόμενον
1135 1158 1237 1211 οὐκ
1264 1158 1330 1211 ἄν
1370 1161 1491 1212 ποτ’
1521 1159 1608 1229 εῐη
1636 1159 1712 1230 μὴ
1742 1177 1898 1228 γεγοο

325 1241 437 1304 νὸς.
468 1243 843 1313 ἀναλαμϐάνει
879 1261 942 1298 τε
974 1244 1166 1300 τοῦτον
1203 1247 1366 1311 εὐθὺς
1412 1249 1744 1321 σπλάγχνοις
1770 1267 1903 1322 χρη-

327 1334 607 1401 στότητος,
657 1338 754 1387 καὶ
789 1337 1219 1405 παραμυθεῖται,
1272 1341 1368 1394 καὶ
1415 1342 1515 1411 τῆς
1559 1342 1659 1413 μὲν
1691 1343 1929 1419 πλάνηῆ

292 1422 563 1489 σάπάγει,
604 1424 741 1493 πρὸς
770 1424 827 1479 δὲ
859 1425 959 1497 τὴν
989 1428 1256 1496 ἀλήθειαν
1289 1429 1559 1498 ἐπανάγει
1579 1469 1596 1495 ,
1634 1430 1729 1484 καὶ
1763 1432 1901 1501 μᾶλ-

323 1513 416 1565 λον
443 1513 475 1583 ἦ
502 1514 736 1583 πρόσθεν
762 1516 947 1571 δίδωσι
982 1520 1047 1587 τῇ
1080 1519 1295 1590 Τριάδιθ
1328 1521 1664 1592 νουθετήσας
1696 1520 1900 1585 ἱκανῶς

323 1609 423 1661 καὶ
444 1605 661 1672 διδάξας
716 1609 863 1672 ὅπως
883 1609 964 1663 δεῖ
990 1610 1195 1678 ταύτης
1214 1613 1454 1683 γνησίως
1475 1613 1900 1678 ἀντιποιεῖσθαι,

324 1698 420 1749 καὶ
442 1695 558 1763 τοῖς
586 1703 874 1770 πατρικοῖς
899 1703 1047 1773 ὅροις
1074 1704 1357 1774 ἐμμένειν,
1393 1708 1489 1760 καὶ
1515 1706 1684 1776 μηδὲν
1707 1723 1903 1777 περαι-

322 1791 471 1859 τέρω
498 1792 763 1861 προάγειν
784 1808 797 1822 ·
834 1793 926 1853 οὓς
962 1795 1057 1849 καὶ
1084 1797 1297 1860 πάντας
1323 1798 1425 1868 μὲν
1450 1799 1576 1862 τοὺς
1616 1799 1714 1867 τῆς
1737 1799 1901 1852 εὐσε-

322 1880 473 1944 ϐείας
514 1884 833 1952 τροφίμους,
867 1886 1048 1957 πολλῷ
1080 1888 1139 1941 δὲ
1174 1889 1338 1943 πλέον
1371 1891 1498 1952 τοὺς
1516 1890 1627 1944 τῶν
1672 1890 1904 1962 Ἐκκλη-
1947 1880 1953 1885 ’

324 1971 456 2024 σιῶν
511 1974 963 2041 προσαιτοῦντας,
1018 1982 1112 2033 καὶ
1180 1979 1495 2050 ποιμαίνειν
1563 1980 1903 2050 ἠξιωμένους

324 2060 652 2115 ἐπίστασθαι
678 2064 807 2134 χρὴ,
829 2065 925 2119 καὶ
945 2070 1070 2129 τοὺς
1095 2068 1287 2132 ελλους
1317 2069 1591 2124 διδάσκειν
1616 2069 1898 2138 δύνασθαι,

324 2151 445 2203 ὅσον
473 2153 671 2206 ἐκεῖνοι
703 2155 800 2224 μὲν
827 2155 967 2225 ὑπὲρ
1008 2162 1160 2227 σφῶν
1204 2161 1409 2225 αὐτῶν,
1461 2155 1609 2215 οὗτοι
1637 2161 1717 2228 δὲ,
1761 2163 1902 2233 ὑπὲρ

2008 978 2259 1039 fodicari,
2306 977 2648 1045 tristitiaeque
2696 991 2756 1031 se
2813 982 2987 1030 totum
3041 977 3170 1031 dare
3223 977 3587 1048 intelligebat,

2003 1079 2156 1124 ratus
2185 1068 2351 1124 simul
2404 1083 2552 1123 mera
2588 1068 2760 1122 animi
2805 1068 3157 1137 simplicitate
3198 1070 3252 1123 in
3283 1069 3425 1122 hanc
3454 1069 3592 1122 inci-

2002 1161 2148 1215 disse
2201 1159 2475 1224 fraudem,
2534 1160 2753 1228 quando
2784 1158 2929 1229 quod
2979 1159 3149 1214 semel
3179 1159 3398 1228 gfactum
3447 1170 3588 1226 erat,

2000 1253 2258 1309 infectum
2298 1252 2415 1307 fieri
2454 1252 2733 1321 nequibat,
2752 1251 3061 1306 visceribus
3095 1252 3383 1306 cltaritatis
3409 1254 3586 1320 ipsum

2001 1362 2032 1402 e
2066 1345 2294 1415 vestigio
2316 1345 2565 1414 suscipit,
2600 1354 2654 1399 et
2679 1348 3015 1407 consolatur,
3043 1354 3097 1399 et
3123 1346 3193 1399 ab
3212 1360 3400 1401 errore
3425 1361 3586 1401 aver-

2001 1453 2123 1493 sum
2161 1440 2227 1492 ad
2254 1438 2538 1491 veritatem
2587 1436 2818 1501 reducit,
2876 1436 3158 1505 magisque
3209 1436 3371 1489 etiam
3420 1451 3585 1501 quam

2003 1538 2161 1584 antea
2185 1528 2546 1584 sanctissimae
2576 1527 2840 1581 Trinitati
2873 1528 3060 1590 tradit,
3090 1526 3248 1596 plene
3294 1526 3473 1595 ipsum
3508 1530 3591 1578 vi:

2001 1618 2200 1674 delicet
2228 1617 2610 1686 cumulateque
2640 1615 3162 1681 cornmouel‘aciens,
3194 1624 3250 1669 et
3285 1617 3586 1677 instruens.

2002 1725 2110 1780 quo
2137 1709 2363 1763 omnino
2397 1719 2557 1779 pacto
2585 1708 2879 1775 genuinum
2904 1709 2956 1761 iu
2992 1710 3212 1763 modum
3240 1708 3585 1776 amplecten-

2003 1803 2071 1856 da
2116 1800 2360 1856 Trinitas
2402 1800 2509 1867 sit;
2567 1800 3004 1868 manendumque
3039 1800 3181 1853 intra
3219 1798 3437 1852 Patrum
3474 1809 3587 1853 ter-

2003 1894 2182 1949 minus
2207 1907 2352 1958 esse,
2389 1908 2490 1947 nec
2522 1893 2606 1948 vel
2632 1892 2899 1945 tantulum
2930 1892 3161 1946 ulterius
3189 1893 3376 1960 pedem
3400 1890 3585 1960 profe—

2002 1988 2254 2043 rendum.
2287 1985 2437 2052 Quos
2471 1986 2717 2056 cognitos
2756 1986 2959 2040 habere
3014 1985 3171 2047 ﬁnes,
3209 1997 3400 2037 omnes
3426 1981 3586 2051 equi-

2004 2079 2123 2134 dem
2158 2078 2378 2147 pietatis
2432 2077 2684 2131 alumnos
2716 2084 2950 2145 oportet,
2988 2075 3081 2129 sed
3117 2072 3350 2137 maxime
3377 2080 3584 2133 tamen,

2004 2167 2097 2236 qui
2147 2166 2418 2221 antistites
2446 2164 2843 2226 Ecclesiarum,
2871 2178 2935 2217 ac
2974 2173 3221 2230 pastores
3250 2176 3351 2214 suo
3388 2158 3588 2213 merito

325 2259 387 2296 τε
421 2245 648 2313 ἑαυτῶν,
688 2250 785 2302 καὶ
812 2242 887 2302 ὧν
910 2265 972 2316 γε
1002 2251 1359 2320 προΐστανται
1387 2252 1605 2316 πάντως
1638 2251 1893 2320 ὑφέξουσι

2002 2256 2283 2314 constituti
2326 2267 2474 2319 sunt,
2503 2267 2556 2311 et
2582 2257 2806 2310 eosdem
2835 2256 3002 2309 etiam
3029 2254 3169 2307 alios
3189 2266 3345 2320 posse
3365 2251 3586 2311 docere,

326 2333 508 2403 λόγον·
541 2335 660 2390 οὐδὲ
694 2340 801 2409 γὰρ
836 2338 974 2393 εἶναι
1017 2342 1124 2395 τῶν
1161 2345 1409 2410 εἰκότων,
1449 2345 1549 2398 οὐκ
1586 2343 1754 2413 εἶναι,
1783 2350 1884 2414 τὴν

325 2424 362 2478 ἃ.
394 2426 496 2497 χρὴ
523 2432 739 2498 φρονεῖν
784 2432 879 2485 καὶ
917 2436 1182 2503 πράττειν
1214 2437 1341 2499 τοὺς
1374 2436 1572 2499 ἄλλους
1613 2437 1892 2492 διδάσκειν

327 2514 517 2585 ἔχοντα
547 2518 721 2585 τάξιν,
757 2523 840 2586 είς
869 2523 1352 2595 μαθητευομὲνους
1376 2529 1572 2585 τελεῖν.

1999 2347 2181 2403 caeleri
2232 2345 2378 2401 enim
2414 2360 2515 2415 pro
2550 2360 2609 2399 se
2632 2346 2866 2413 quisque
2893 2345 3183 2405 dtmtaxat,
3216 2340 3267 2394 hi
3304 2348 3484 2393 autem
3531 2347 3588 2391 et

2004 2456 2104 2509 pro
2136 2439 2470 2509 semetipsis,
2503 2448 2558 2492 et
2590 2453 2689 2505 pro
2725 2438 2790 2491 iis
2813 2436 3012 2504 quibus
3048 2440 3293 2504 praesunt
3316 2431 3582 2485 rationem

2005 2531 2228 2586 omnin
2305 2529 2577 2584 reddituri
2655 2537 2836 2582 erunt.
2891 2527 3103 2596 Quippe
3158 2523 3585 2591 haudquaquam

328 2612 521 2666 rationi
569 2626 991 2671 consentaneum
1043 2632 1186 2681 esse,
1234 2636 1340 2673 non
1371 2636 1493 2675 esse
1516 2622 1782 2690 profecto,
1821 2634 1877 2677 ut
1915 2623 2028 2691 qui,
2092 2636 2214 2690 qua:
2243 2623 2450 2678 sentire
2493 2633 2659 2691 atque
2713 2637 2876 2693 agere
2945 2620 3256 2684 conveniat,
3309 2618 3445 2672 alios
3486 2618 3589 2671 (10⁸³

325 2720 451 2761 cere
469 2706 684 2773 debeat,
707 2723 891 2763 eorum
919 2709 1035 2780 ipse
1068 2712 1345 2782 imperitus
1363 2716 1455 2779 sit,
1498 2728 1550 2772 et
1572 2732 1882 2787 quanquam
1921 2717 2163 2772 doctoris
2186 2717 2362 2771 locum
2385 2723 2589 2778 teneat,
2621 2714 2763 2768 inter
2799 2712 3097 2781 discipulos
3161 2711 3339 2765 adhuc
3396 2710 3586 2778 reapse

326 2799 607 2853 consistat.

397 2887 515 2942 OA'.
552 2888 660 2944 Τοῦ
694 2893 792 2963 μὲν
826 2888 935 2965 οὖν
986 2898 1212 2969 πατρὸς,
1259 2899 1431 2962 οὕτως
1491 2903 1894 2973 ἐπικαιρότατα

324 2980 593 3053 προῦστη,
639 2984 735 3037 καὶ
789 2984 847 3038 δν
895 2988 995 3057 τῆς
1043 2989 1121 3053 εἰς
1165 2990 1282 3059 φῶς
1337 2996 1672 3065 προαγωγῆς
1719 2996 1896 3051 αἴτιον

324 3073 477 3141 ἔσχε,
534 3074 721 3129 τοῦτον
775 3077 972 3149 ἀμέλει
1018 3081 1112 3134 τοῦ
1166 3083 1425 3154 ἀληθινοῦ
1465 3087 1642 3154 φωτὸς
1695 3089 1894 3160 μικρὸν

320 3166 806 3237 άποπλανηθέντα,
862 3172 999 3243 πρὸς
1059 3172 1209 3228 τοῦτ’
1256 3171 1417 3240 αὖθις
1472 3176 1540 3233 αὖ
1591 3180 1890 3251 ἐπανῆγεν,

320 3256 660 3327 εὐγνώμονος
712 3261 905 3326 παιδὸς
955 3262 1120 3333 ἔργον
1168 3267 1359 3330 ποιῶν,
1417 3272 1513 3325 καὶ
1549 3264 1625 3324 ὧν
1699 3270 1893 3342 εἴληφε

322 3345 456 3416 παρ’
514 3348 746 3415 ἐκείνου,
776 3352 949 3407 πλείω
1020 3356 1115 3409 καὶ
1161 3356 1333 3425 μείζω
1394 3358 1595 3424 διδοὺς,
1637 3361 1797 3431 εἴπερ
1831 3361 1892 3414 τὸ

324 3436 688 3509 πλανηθεῖσαν
716 3442 894 3514 ψυχὴν
943 3446 1274 3518 ἐπιστρέψαι
1320 3453 1417 3506 καὶ
1466 3451 1659 3515 σῶσαι,
1703 3452 1889 3522 μεῖζον

326 3529 445 3582 ὅτου
487 3548 570 3595 τις
615 3533 683 3587 ἂν
738 3536 885 3589 εἴποι
920 3539 1158 3601 παντός’
1194 3541 1323 3604 τοὺς
1361 3542 1407 3594 δ’
1439 3539 1508 3596 αὖ
1561 3544 1892 3609 διαστάντας

331 3623 422 3676 καὶ
442 3623 597 3693 ζῆλον
638 3625 783 3682 θεῖον
811 3629 1218 3704 ἀνηρῃμὲνους,
1265 3632 1407 3686 οὕτω
1452 3635 1686 3706 δυνάμει
1725 3637 1886 3707 λόγου

2073 2898 2310 2957 LXXIV.
2351 2897 2570 2954 Patrem
2634 2896 2816 2965 itaque
2869 2909 3002 2949 sane
3062 2907 3223 2962 quam
3279 2903 3583 2961 opportune

2003 2996 2107 3052 hoc
2138 3002 2298 3064 pacto
2323 2992 2435 3049 suis
2464 2990 2709 3059 consiliis
2739 2989 3099 3058 gubernabat,
3135 2996 3190 3042 et
3215 3001 3378 3055 quem
3415 2987 3493 3041 sui
3526 2987 3580 3040 in

2001 3085 2177 3142 lucem
2228 3096 2387 3141 ortus
2439 3092 2723 3138 auctorem
2779 3080 3030 3145 habebat,
3058 3079 3207 3132 illum
3238 3078 3425 3146 utique
3450 3093 3586 3131 uou-

2000 3179 2135 3234 nihil
2168 3193 2197 3231 a
2229 3192 2354 3233 vera
2382 3176 2502 3231 luce
2528 3176 2898 3236 deerrantem,
2927 3187 3121 3226 rursus
3147 3171 3214 3225 ad
3241 3171 3382 3225 lianc
3404 3168 3578 3237 ipsam

2001 3269 2239 3336 reduxit,
2292 3269 2417 3324 boni
2467 3266 2800 3335 candidique
2828 3264 2921 3318 filii
2957 3263 3184 3317 functus
3204 3260 3410 3325 ofﬁcio,
3432 3274 3584 3327 qua:-

1998 3375 2104 3432 que
2140 3377 2168 3414 a
2198 3370 2353 3430 patre
2383 3366 2674 3426 acceperat
2722 3354 3009 3418 beneficia,
3044 3353 3297 3423 pluribus
3324 3367 3388 3406 ac
3411 3350 3585 3419 majo-

1997 3455 2150 3511 ribus
2176 3452 2464 3509 exsolvens
2487 3468 2502 3517 ;
2533 3464 2770 3518 namque
2792 3446 3032 3502 animam
3064 3446 3117 3499 in
3140 3459 3330 3498 errore
3356 3458 3583 3497 versan-

1997 3556 2104 3603 tem
2149 3547 2201 3601 in
2239 3546 2380 3599 viam
2419 3555 2677 3597 revocare
2717 3555 2781 3595 ac
2823 3552 3044 3593 sanare
3084 3536 3226 3606 (Jac.
3258 3550 3310 3589 v.
3348 3535 3498 3597 ult.),
3526 3534 3583 3586 id

1994 3635 2139 3693 haud
2165 3634 2325 3705 paulo
2354 3634 2525 3701 majus
2550 3632 2658 3685 alio
2678 3629 2896 3699 quovis,
2927 3627 3310 3695 cujuscunque
3341 3622 3582 3677 nominis

328 3718 420 3767 καὶ
453 3717 766 3786 πνεύματος
797 3722 1118 3793 ἐπανήγαγε
1155 3727 1249 3778 καὶ
1289 3726 1464 3797 τούτῳ
1504 3729 1756 3800 διήλλαξε
1792 3733 1888 3784 καὶ

1996 3728 2266 3797 modique,
2292 3723 2556 3780 beneﬁcio
2586 3731 2691 3775 est.
2726 3720 2865 3774 Tum
2913 3718 3037 3771 illos
3082 3716 3249 3772 etiam
3280 3714 3372 3784 qni
3411 3728 3441 3767 a
3470 3728 3570 3781 pa-

323 3808 581 3879 σιινέδησε
606 3810 699 3864 τοῦ
731 3812 946 3880 λοιποῦ,
995 3816 1088 3870 καὶ
1118 3820 1199 3882 είς
1230 3818 1290 3872 ἓν
1316 3820 1485 3890 ἄμφω
1505 3821 1574 3875 τά
1599 3824 1741 3894 μέρη
1765 3841 1891 3877 συν-

318 3898 482 3969 ῆψεν,
531 3902 603 3966 ὡς
636 3905 733 3957 καὶ
764 3905 842 3977 τῷ
894 3907 994 3977 τῆς
1028 3909 1282 3975 ἑνώσεως
1317 3913 1538 3983 μεγέθει
1576 3916 1671 3969 καὶ
1705 3917 1886 3988 τάχει,

315 3990 419 4061 τὴν
447 3993 729 4050 διάστασιν
761 3997 1116 4054 ἀπιστεῖσθαι
1138 4015 1153 4031 °
1187 3998 1268 4066 οἷς
1305 4005 1415 4075 γὰρ
1437 4006 1599 4069 αὐτὸς
1630 4007 1725 4061 τοῦ
1755 4026 1887 4062 παι-

315 4083 406 4146 δὸς
427 4085 665 4152 ἀκούσας
686 4089 888 4144 αὐτίκα
916 4092 1061 4162 μάλα
1090 4094 1345 4149 συνέθετο
1372 4099 1466 4151 καὶ
1485 4099 1585 4152 οὐκ
1608 4102 1887 4168 ἀντεῖπεν,

318 4174 456 4229 ἀλλά
484 4179 711 4233 καὶτῶν
771 4185 1176 4253 πεπραγμένων
1220 4186 1364 4241 οὕτω
1398 4191 1664 4259 κατέγνω,
1697 4192 1772 4254 ὡς
1797 4194 1888 4245 καὶ

315 4268 549 4339 δάκρυσι
582 4271 859 4337 πλείστοις
899 4274 1238 4340 ἔξιλεοῦσθαι
1270 4280 1328 4332 τὸ
1366 4281 1541 4347 Θείον,
1582 4278 1659 4342 οἷς
1692 4282 1887 4354 ἐξέστη

315 4362 421 4433 τῆς
462 4364 522 4430 ἐξ
550 4366 723 4436 ἀρχῆς
753 4367 1089 4432 ὑποθέσεως,
1138 4372 1195 4424 ὲν
1222 4370 1436 4436 τούτοις
1464 4371 1712 4440 ἔγνωσαν
1760 4376 1888 4426 ἀτε-

316 4456 484 4527 χνῶς,
540 4459 615 4522 ώς
648 4461 708 4512 ού
744 4463 1070 4531 κακουργῶν
1114 4463 1238 4516 οὐδὲ
1278 4466 1741 4535 πονηρευόμενος,
1770 4467 1887 4520 ἁλλ’

315 4550 673 4620 άκεραιότητι
711 4549 935 4622 γνώμης
966 4552 1191 4606 κάλλιον
1239 4553 1385 4623 ἔχειν
1413 4556 1589 4607 ἐκεῖνο
1634 4555 1885 4625 νομίσας,

317 4641 615 4710 προσέθετο
639 4658 655 4675 ι
683 4642 757 4705 ὡς
794 4642 869 4714 μὴ
893 4644 992 4714 τῆς
1021 4644 1248 4714 γνώμης
1274 4644 1411 4699 ἀλλὰ
1437 4645 1536 4716 τῆς
1558 4645 1884 4716 ἁπλότητος,

314 4733 550 4786 καὶτῶν
580 4737 954 4806 ὴπατηκότων
1000 4734 1141 4791 εἶναι
1189 4740 1250 4791 τὸ
1299 4738 1578 4807 ἔγκλημα.
1619 4737 1792 4790 Τοῦτο
1821 4738 1882 4791 τὺ

315 4823 478 4893 ἔργον
505 4825 604 4879 οὐκ
632 4827 956 4898 ἀτιμότερον
1004 4826 1200 4898 οἶμαι,
1244 4826 1368 4882 εὖτε
1416 4831 1517 4900 τῆς
1559 4830 1888 4900 θαυμαστῆς

316 4917 569 4988 ήσυχίας,
598 4917 721 4972 οὕτε
754 4920 864 4974 τῶν
891 4920 1110 4974 πολλῶν
1155 4922 1396 4990 ἱδρώτων
1432 4924 1525 4974 καί
1558 4922 1758 4986 πόνων,
1793 4923 1886 4974 καὶ

314 5007 415 5075 τῆς
452 5008 694 5079 μεγάλης
717 5013 774 5062 ὲν
798 5012 1047 5082 εὐτελείᾳ
1074 5011 1395 5082 φιλοσοφίας
1417 5031 1433 5046 ³
1469 5012 1671 5082 μᾶλλον
1701 5013 1758 5066 δὲ
1788 5014 1881 5067 ού-

316 5098 408 5151 δὲν
445 5101 669 5155 ἐκείνων
698 5104 780 5167 είς
824 5106 1137 5176 φιλοτιμίαν
1183 5105 1462 5171 τοσοῦτον,
1506 5107 1630 5160 ὅσον
1664 5108 1724 5159 τὸ
1758 5109 1885 5171 τοὺς

314 5190 403 5244 διὰ
459 5192 595 5246 Θεὸν
637 5194 1032 5261 στασιάζοντας
1078 5200 1170 5252 καὶ
1216 5198 1379 5269 ίερῶς
1424 5198 1881 5270 διαφερομένους,

313 5282 559 5351 ὁμονοίας
592 5285 806 5355 ἔχεσθαι
849 5291 1062 5355 πεῖσαι,
1110 5293 1202 5344 καὶ
1229 5292 1457 5362 εἰρήνην
1504 5292 1882 5363 ἀσπάσασθαι,

313 5373 608 5428 κάντεῦθεν
639 5374 774 5428 Θεοῦ
805 5378 973 5431 παῖδα
1004 5378 1329 5451 κεκλῆσθαι.

1992 3828 2144 3875 rente
2170 3832 2290 3872 sese
2315 3815 2775 3875 abalienaverant,
2807 3809 3095 3877 zelumque
3123 3809 3361 3861 divinum
3382 3805 3576 3861 indue-

1993 3921 2137 3973 rant,
2171 3909 2244 3963 ita
2305 3905 2570 3962 sermonis
2614 3878 2950 3972 spiritusque
2985 3901 3065 3955 sui
3112 3899 3351 3954 eﬂicncia
3381 3913 3577 3953 rursus

1992 4004 2046 4057 in
2072 4000 2427 4058 concordiam
2466 4012 2588 4053 eum
2641 3995 2733 4050 illo
2769 3993 3013 4058 reduxit,
3063 4008 3127 4046 ac
3171 3989 3574 4050 reconciliavit,

1989 4096 2123 4151 etin
2157 4103 2436 4164 posterum
2485 4088 2796 4158 conjunxit,
2845 4095 2899 4141 et
2947 4097 3235 4154 utramque
3263 4092 3471 4153 partem
3497 4085 3575 4136 ita

1990 4185 2338 4250 coaduuavit,
2381 4192 2440 4236 ut
2487 4180 2894 4251 coujuuctiouis
2948 4179 3093 4232 illius
3150 4178 3486 4244 magnitudo,
3521 4186 3575 4229 et

1988 4274 2266 4338 celeritas,
2316 4272 2689 4326 incredibilem
2756 4285 2896 4340 pene
2964 4267 3302 4335 superiorem
3368 4264 3574 4317 faceret

1991 4366 2422 4422 distractionem.
2479 4361 2686 4431 Quippe
2721 4362 2979 4428 quoniam
3027 4368 3084 4410 ut
3119 4358 3441 4410 sententiam
3480 4354 3574 4406 tilii

1989 4471 2144 4530 pater
2174 4459 2423 4512 audierat
2449 4454 2722 4522 extemplo
2758 4454 2877 4507 sine
2926 4452 3033 4503 ulla
3086 4449 3451 4519 refragationc
3496 4445 3575 4501 illi

1989 4554 2292 4613 accederet,
2332 4549 2442 4601 into
2473 4549 2640 4601 etiam
2684 4561 2805 4613 quae
2841 4547 3046 4613 egisset
3079 4543 3160 4595 sit:
3202 4542 3318 4609 ipse
3354 4542 3576 4593 damnu-

1987 4654 2098 4708 ret,
2125 4653 2184 4697 ut
2215 4639 2504 4695 uberrimis
2536 4636 2799 4706 lacrymis
2833 4635 2994 4704 hujus
3024 4650 3137 4687 sua:
3165 4648 3193 4686 a
3228 4633 3463 4701 pristino
3496 4633 3576 4684 in-

1988 4739 2179 4790 stituto
2214 4729 2535 4786 defeetiouis
2581 4728 2800 4782 veniant
2835 4745 2865 4779 ιι
2896 4726 3006 4780 Deo
3033 4735 3362 4794 exposceret
3401 4741 3418 4782 :
3450 4724 3576 4777 inde

1988 4829 2147 4898 plane
2203 4824 2599 4893 intelligebaut,
2661 4822 2887 4875 minime
2927 4820 3081 4873 illum
3141 4819 3267 4872 dolo
3332 4818 3475 4870 malo
3513 4833 3577 4869 ac

1988 4918 2314 4976 veteratorie
2338 4917 2570 4986 quadam
2604 4914 2890 4983 pravitate,
2911 4913 3003 4967 sed
3030 4914 3262 4982 ingenua
3291 4911 3454 4964 animi
3489 4909 3575 4962 iu-

1992 5008 2241 5082 tegritate
2266 5023 2368 5078 qua
2401 5005 2633 5060 rectiora
2658 5005 2746 5058 illa
2771 5021 2893 5059 esse
2920 5005 3021 5057 sibi
3058 5011 3409 5073 persuaserat
3431 5042 3447 5067 ,
3481 5016 3576 5055 ea-
3616 5060 3617 5063 η

1992 5105 2114 5157 dem
2150 5102 2457 5172 amplexum
2494 5100 2683 5152 fuisse.
2714 5096 2790 5151 lta
2825 5105 2885 5151 ut
2933 5097 3140 5152 erroris
3198 5096 3346 5150 illius
3391 5095 3573 5162 culpa,

1991 5212 2097 5253 nou
2119 5206 2225 5249 tam
2246 5194 2448 5257 animo,
2465 5206 2624 5261 quam
2647 5190 2877 5245 incautae
2898 5188 3257 5258 simplicitati,
3274 5186 3578 5251 astutiaque

1992 5287 2390 5357 deceptoribus,
2426 5282 2741 5352 imputanda
2771 5283 3002 5336 veniret.
3035 5282 3187 5347 Quod
3216 5282 3384 5333 nostri
3417 5290 3575 5344 Opus.

1988 5393 2108 5433 meo
2137 5377 2376 5450 judicio,
2412 5375 2831 5443 haudquaquam
2885 5372 3110 5427 minoris
3152 5367 3575 5424 existimandum

314 5475 418 5530 est,
464 5481 621 5536 quam
676 5479 769 5524 aut
833 5473 1153 5527 athnirabile
1195 5473 1327 5527 illud
1374 5472 1570 5535 otium,
1618 5482 1712 5526 aut
1750 5461 1900 5526 multi
1940 5469 2333 5541 jugeslaborcs
2361 5466 2721 5532 sudoresque,
2755 5479 2817 5517 ac
2846 5463 3003 5532 plane
3029 5460 3339 5516 cmleslisin
3364 5472 3575 5512 sulllma

319 5553 622 5626 frugalitate
666 5560 794 5628 vita,
837 5561 954 5616 sive
1022 5564 1222 5630 potius,
1305 5562 1440 5616 nihil
1502 5561 1717 5615 illormn
1786 5573 1894 5616 tam
1959 5574 2080 5616 esse
2131 5557 2432 5630 gloriosum
2488 5570 2554 5609 ac
2603 5553 2989 5619 honoriﬁcum,
3043 5566 3203 5621 quam
3265 5549 3357 5603 Dei
3410 5564 3574 5603 causa

318 5645 658 5713 dissidentes,
708 5663 1006 5720 sancteque
1038 5653 1182 5706 inter
1247 5666 1369 5709 sese
1436 5663 1939 5717 controversantes,
1993 5651 2063 5706 ad
2099 5662 2297 5706 niuium
2365 5649 2678 5707 concordia!
2709 5650 2970 5717 studium,
3020 5649 3277 5720 pacisque
3312 5663 3576 5712 umorem,

314 5741 607 5809 adducere,
666 5759 836 5814 eaque
896 5763 957 5805 re
1028 5748 1125 5804 lilii
1189 5749 1282 5805 Dei
1333 5748 1751 5821 appellationem
1783 5751 1830 5784 ’⁸
1873 5751 2197 5820 promereri.

381 5860 426 5893 ⁸⁸
459 5859 649 5914 Matth.
685 5877 740 5927 γ,
770 5861 824 5917 9.
