4028 6438
490 397 590 462 291

1687 385 2092 446 THEODULI
2140 383 2501 444 MONACHI

3653 385 3755 452 29:2

565 511 775 570 LXXV.
843 508 983 576 Quid
1016 517 1124 562 tum
1183 519 1318 560 vero
1371 514 1558 574 postea
1621 505 1844 559 accidit?
1879 504 2080 572 Nempe

2254 502 2376 556 OE’.
2422 502 2486 554 Τί
2515 502 2576 553 τὸ
2606 499 2876 564 ἑντεῦθεν;
2910 499 3066 568 Χρίει
3085 499 3186 569 μὲν
3211 501 3304 554 καὶ
3330 501 3519 554 ἄκοντ’
3557 502 3709 554 αὑτὸν
3729 505 3757 558 ὁ

487 605 813 676 Gregorium
861 598 1261 670 quantumlibet
1331 598 1653 650 renitentem
1703 613 1857 650 sacro
1897 612 2078 650 sacer-

490 699 626 754 dotii
690 704 965 764 unguento
1028 701 1181 762 pater
1235 691 1407 758 ungit,
1440 706 1505 744 ac
1531 691 1835 759 presbyteri
1867 692 2078 742 honore

491 798 652 859 auget
702 787 1012 853 Christique
1069 783 1376 838 sa:rilieum
1442 783 1748 851 inaugurat,
1795 783 1884 850 qui
1914 782 2076 835 etiam

488 884 806 952 priusquam
836 878 1189 945 inungeretur
1221 891 1284 928 ex
1324 875 1425 927 hoc
1455 876 1648 928 ordine
1675 885 1793 928 erat
1820 890 1834 939 ;
1881 873 2078 926 immo-

491 973 632 1025 labat
670 971 755 1023 ille
789 983 937 1031 vero.
974 982 1082 1020 non
1117 967 1326 1036 Agnum
1384 965 1473 1018 Dei
1510 975 1729 1034 peccata
1764 965 1946 1018 mutuli
1981 963 2080 1017 tol-

488 1063 687 1116 lrntem
745 1062 834 1126 ",
888 1062 981 1113 sed
1073 1059 1181 1111 Deo
1265 1059 1499 1112 hostiam
1581 1059 1767 1126 gratiae
1845 1074 1908 1113 ac
1963 1059 2078 1112 lau-

487 1157 570 1209 dis
609 1155 692 1218 3°;
750 1154 846 1207 sed
917 1162 971 1206 et
1055 1153 1406 1217 Scinetipsum
1468 1151 1740 1219 perpetuis
1801 1149 2080 1204 laboribus

486 1246 895 1313 sudoribusque
929 1281 944 1304 ,
973 1251 1202 1310 actaque
1264 1243 1315 1294 in
1349 1243 1701 1294 meditatione
1729 1243 1922 1294 mortis
1961 1242 2072 1293 vita

487 1339 688 1400 otnni,t
730 1336 963 1390 hostiam
1018 1337 1311 1396 viventem,
1369 1341 1933 1400 sanctam,acceptam
1966 1333 2067 1394 “,r

490 1439 545 1480 et
575 1437 700 1480 ante
757 1427 867 1492 jam
925 1428 1183 1492 votivam,
1216 1441 1376 1493 quam
1409 1426 1551 1479 edita
1590 1426 1642 1478 in
1673 1425 1846 1478 lucem
1881 1426 2076 1489 fuerat,

493 1519 868 1579 Sacrit‘tcabat,
933 1533 1091 1584 quam
1121 1531 1220 1584 ego
1258 1531 1418 1568 unam
1452 1515 1588 1568 haud
1625 1515 1870 1569 dubitem
1905 1517 2078 1580 magis

496 1612 604 1664 Deo
650 1610 872 1664 eharam
915 1609 1192 1676 magisque
1250 1608 1542 1675 pretiosam
1574 1605 1814 1670 Christo,
1848 1609 1937 1675 qui
1968 1622 2068 1658 no-

491 1719 605 1763 stra
657 1721 817 1759 causa
873 1705 1181 1758 immolatus
1239 1713 1343 1767 est,
1403 1703 1694 1756 afﬁrmare.
1780 1701 2075 1768 Postquam

493 1797 595 1851 hoc
661 1797 818 1856 modo
877 1795 929 1848 in
1005 1795 1287 1862 collegium
1317 1795 1666 1848 sacerdotum
1703 1795 1877 1860 'pater
1907 1793 2074 1845 tilium

488 1888 877 1955 eooptavisset,
911 1886 961 1938 id
1030 1886 1186 1939 unice
1226 1886 1442 1954 agebat,
1478 1896 1535 1938 ut
1562 1885 1714 1938 illum
1748 1900 1930 1940 secum
1956 1899 2076 1952 per-

489 1991 650 2050 petuo
701 1980 978 2039 retineret,
1036 1995 1132 2032 nec
1189 1995 1412 2046 usquam
1444 1978 1549 2031 alio
1592 1978 1668 2030 illi
1704 1978 1936 2030 abeundi
1971 1991 2071 2044 po-

493 2082 744 2128 testatem
812 2070 1041 2144 faciebat
1087 2087 1238 2140 :quo
1289 2072 1548 2138 deinceps
1603 2070 1706 2138 ipsi
1766 2069 1832 2123 ad
1891 2070 2077 2123 omnia

489 2167 695 2219 dextrae
763 2181 952 2217 nianns
1009 2166 1127 2218 loco
1177 2173 1322 2218 esset
1365 2203 1380 2224 .
1433 2179 1500 2216 eo
1551 2166 1691 2229 quod
1756 2163 1920 2216 simul
1971 2176 2078 2216 una

2180 595 2387 664 πατὴρ,
2419 592 2724 664 ἱερωσύνης
2749 592 2825 661 τῷ
2853 593 3140 661 χρίσματι,
3166 594 3384 663 καὶτῆς
3405 594 3506 647 τοῦ
3532 597 3756 663 πρεσὸυ-

2181 688 2340 756 τέρου
2369 687 2535 755 τιμῆς
2574 685 2720 748 ἀξιοί
2745 701 2758 715 ο
2789 685 2882 736 καὶ
2905 685 3148 737 δείκνυσι
3181 685 3353 755 θύτην
3383 687 3646 756 Χριστοῦ,
3673 689 3758 740 τὸν

2181 783 2260 842 εἰς
2277 778 2498 838 τούτους
2522 776 2780 829 τελοῦντα
2799 775 2896 828 καὶ
2921 775 3026 843 πρὸ
3045 775 3144 844 τῆς
3164 777 3428 846 κρίσεως,
3460 779 3556 831 καὶ
3574 777 3757 833 θύοντα

2183 873 2303 943 μὲν,
2343 871 2404 922 οὐ
2433 873 2523 922 τὸν
2559 868 2756 938 ’Λμνδν
2785 867 2882 921 τοῦ
2921 867 3058 922 Θεοῦ
3088 871 3178 921 τὸν
3195 869 3429 938 αῐροντα
3469 871 3569 940 τὴν
3593 871 3761 941 ἁμαρο

2179 963 2302 1014 τίαν
2344 961 2438 1012 τοῦ
2485 959 2729 1028 κόσμου,
2777 957 2914 1010 ἀλλὰ
2962 957 3038 1028 τῷ
3077 958 3200 1028 Θεῷ
3242 959 3442 1014 θυσίαν
3473 964 3701 1014 αἰνέσεω
3742 1006 3757 1029 ,

2181 1055 2380 1109 θύοντα
2413 1053 2470 1105 δὲ
2508 1053 2602 1106 καὶ
2637 1051 2830 1104 ἑαυτὸν
2868 1051 3056 1120 ἱδρῶσι
3089 1052 3371 1118 διηνεκέσι
3414 1053 3512 1106 καὶ
3550 1055 3758 1119 πόνοις,

2180 1150 2272 1200 καὶ
2307 1145 2385 1214 τῷ
2419 1144 2652 1215 μελέτην
2684 1143 2917 1198 θανάτου
2952 1143 3041 1195 τὸν
3071 1142 3183 1211 βίον
3220 1144 3507 1197 ποιεῖσθαι
3530 1187 3544 1206 ,
3579 1144 3760 1197 θυσίαν

2183 1235 2386 1303 ζῶσαν,
2423 1239 2608 1304 ἁγίαν,
2647 1237 2982 1307 εὐάρεστον,
3037 1235 3462 1304 καθιερωμένην
3515 1238 3611 1288 καὶ
3663 1239 3760 1307 πρὸ

2183 1334 2450 1399 γενέσεως
2479 1349 2491 1364 ο
2527 1332 2592 1398 ἣν
2623 1329 2686 1399 δὴ
2729 1329 2821 1381 καὶ
2856 1329 3026 1398 μόνην
3058 1327 3224 1396 ἔγωγ’
3258 1329 3328 1381 ἃν
3363 1331 3538 1397 φαίην
3571 1331 3759 1398 μᾶλλον

2183 1423 2404 1492 θεοφιλῆ
2441 1423 2533 1474 καὶ
2566 1428 2694 1489 περὶ
2739 1421 2984 1481 πλείονος
3027 1422 3324 1490 γινομένην
3369 1421 3450 1490 τῷ
3516 1421 3583 1494 δι’
3625 1425 3761 1490 ἡμᾶς

2179 1519 2395 1569 τυθέντι
2426 1514 2649 1584 Χριστῷ
2675 1529 2688 1543 ο
2728 1515 2756 1564 ὁ
2801 1513 2902 1584 μὲν
2942 1509 3036 1565 οὖν
3065 1513 3210 1566 οὕτω
3242 1516 3332 1565 τὸν
3366 1513 3536 1566 παῖδα
3565 1515 3758 1583 προὸεο

2183 1607 2471 1676 ϐλημένος,
2496 1607 2662 1670 πολὺς
2692 1603 2759 1676 ἦν
2785 1604 3113 1674 παρ’ὲαυτῴ
3130 1605 3320 1657 τοῦτον
3350 1607 3612 1674 κατέχειν
3644 1607 3756 1657 ἑθέ-

2182 1701 2311 1764 λων,
2350 1702 2444 1752 καὶ
2483 1700 2582 1751 οὐκ
2618 1699 2722 1750 ὲῶν
2762 1698 2998 1766 ἑτέρωσέ
3031 1713 3108 1767 πῃ
3149 1699 3381 1765 χωρεῖν⁹
3423 1697 3491 1750 ἰν
3522 1699 3608 1767 εἴη
3640 1697 3756 1766 περὶ

2186 1793 2340 1848 πάντ’
2369 1791 2516 1860 αὐτῷ
2543 1791 2636 1843 τοῦ
2662 1789 2850 1842 λοιποῦ
2873 1791 2992 1859 χεὶρ
3019 1790 3188 1853 δεξιὰ,
3234 1789 3376 1856 ὁμοῦ
3410 1791 3534 1858 μὲν,
3565 1790 3760 1841 συνδιέ-

2189 1906 2304 1940 πων
2329 1887 2424 1940 καὶ
2447 1885 3094 1953 συναντιλαμϐανόμενος
3119 1883 3214 1936 τοῦ
3245 1884 3506 1952 ποιμνίου
3531 1883 3624 1935 καὶ
3654 1899 3761 1950 σχε-

2185 1979 2272 2030 δὸν
2323 1977 2484 2038 ἄλλος
2530 1975 2695 2038 αὐτὸς
2743 1978 2808 2046 τῇ
2852 1973 3155 2043 Ἐκκλησία
3207 1976 3303 2026 καὶ
3333 1973 3413 2027 ὣν
3443 1976 3542 2027 καὶ
3576 1973 3757 2038 δοκῶ-ιι,

2183 2070 2324 2141 ὁμοῦ
2395 2068 2452 2122 δὲ
2507 2069 2601 2123 καὶ
2654 2068 2928 2139 βακτηρία
2980 2067 3072 2120 καὶ
3123 2066 3362 2138 ἔρεισμα
3430 2070 3638 2137 γήρως,
3675 2066 3758 2118 καὶ

2189 2161 2370 2215 πάντα
2397 2161 2574 2229 τούτῳ
2603 2160 2951 2229 γιγνόμενος.

489 2278 616 2316 cum
670 2265 789 2330 ipso
850 2260 1129 2315 commissi
1203 2259 1381 2326 gregis
1433 2259 1885 2327 gubernationem
1941 2267 2105 2327 atque
2159 2258 2379 2313 tutelam
2447 2255 2789 2319 sustineret,
2853 2267 2908 2312 et
2973 2255 3087 2310 fere
3159 2258 3298 2310 alter
3352 2258 3470 2325 ipse
3523 2253 3757 2310 Ecclesia:

491 2364 546 2411 et
579 2365 721 2406 esset
749 2363 799 2404 et
833 2353 1148 2414 haberetur,
1182 2351 1343 2403 simul
1374 2353 1501 2403 item
1538 2351 1710 2419 scipio
1745 2364 1807 2403 ac
1834 2350 2065 2404 fulcrum
2104 2352 2425 2413 senectutis,
2489 2365 2708 2418 unoque
2749 2351 2914 2404 verbo
2969 2349 3150 2402 omnia
3200 2350 3298 2418 ipsi
3340 2360 3504 2404 esset.

568 2444 800 2498 LXXVI.
866 2444 1077 2511 Quippe
1130 2443 1307 2495 soluto
1362 2444 1472 2512 jam
1548 2457 1643 2510 per
1673 2443 1889 2512 longam
1947 2445 2082 2499 adeo

495 2540 660 2590 vitam
695 2537 924 2589 naturali
947 2536 1196 2605 corporis
1265 2535 1469 2604 vigOre,
1509 2552 1628 2590 cum
1660 2551 1833 2591 annos
1861 2538 2083 2590 circiter

496 2630 792 2697 nenagiuta
863 2638 1022 2681 natus
1056 2637 1221 2689 esset,
1291 2629 1434 2681 haud
1506 2629 1739 2697 amplius
1767 2641 1859 2682 aut
1887 2640 2084 2683 semet-

498 2722 617 2790 ipso
653 2731 768 2786 ,aut
816 2719 938 2773 aliis
987 2730 1135 2773 recte
1177 2721 1253 2772 uti
1315 2728 1544 2786 poterat,
1576 2735 1761 2772 verum
1793 2719 2080 2788 plurimum

497 2816 688 2867 alienze
749 2815 866 2880 opis
893 2828 956 2865 ac
1017 2812 1194 2865 solatii
1261 2812 1619 2881 renuentique,
1678 2823 1732 2866 et
1809 2815 2081 2881 quispiam

496 2909 591 2975 qui
626 2908 796 2974 ipsum
835 2905 976 2958 velut
1009 2914 1341 2960 sustentaret
1369 2904 1768 2973 refoveretque,
1799 2905 1900 2972 ipsi
1948 2920 2086 2973 opus

497 3010 638 3052 erat.
703 2995 802 3050 llic
865 3005 1091 3061 noster,
1140 2996 1439 3051 secundum
1500 3007 1658 3050 vetus
1712 2994 1936 3050 verbum
1970 2995 2090 3064 (l),

501 3092 676 3144 altero
725 3105 1007 3154 concesso,
1046 3091 1274 3143 alterum
1338 3089 1548 3153 abnuit;
1635 3089 2085 3158 quemadmodum

501 3185 648 3236 enim
700 3181 836 3236 nihil
903 3181 1237 3245 molestius,
1289 3193 1377 3234 aut
1471 3182 1650 3235 minus
1711 3180 1813 3234 sibi
1891 3196 2092 3235 conve-

2257 2445 2395 2510 (ις’.
2427 2442 2534 2495 Τοῦ
2566 2443 2674 2515 γὰρ
2701 2443 2764 2512 δὴ
2793 2442 3023 2511 φυσικοῦ
3051 2443 3208 2493 τόνου
3234 2443 3311 2512 τῷ
3347 2443 3515 2512 μήκει
3535 2439 3625 2493 τοῦ
3654 2437 3754 2506 βίον

2188 2536 2619 2606 παραλυθέντος,
2655 2535 3114 2603 ἐνενηκοντούτης
3144 2535 3254 2603 γὰρ
3321 2530 3421 2604 ἦν,
3455 2533 3566 2585 οὔθ’
3593 2529 3756 2595 ἑαυτῷ

2186 2629 2310 2682 οὔτε
2364 2632 2477 2691 τοῖς
2522 2629 2705 2691 ἄλλοις
2751 2623 2863 2689 οἷός
2897 2628 2942 2678 τ’
2992 2623 3060 2696 ἦν
3091 2627 3160 2680 τὰ
3199 2629 3390 2679 εἰκότα
3448 2623 3752 2694 κεχρῆσθαι,

2187 2723 2325 2784 ἀλλὰ
2357 2723 2452 2776 καὶ
2481 2719 2741 2788 πλείστης
2790 2721 2922 2787 ὅσης
2968 2719 3294 2788 ἐπικουρίας
3331 2717 3535 2782 ἔξωθεν
3565 2714 3754 2766 δεῖσθαι

2193 2815 2288 2868 καὶ
2317 2813 2693 2883 παραμυθίας,
2726 2814 2818 2866 καὶ
2848 2813 2957 2866 οἷόν
2987 2829 3133 2874 τινος
3183 2815 3554 2883 ὑπανέχοντος
3585 2810 3754 2862 τοῦτον

2193 2907 2409 2968 καίπως
2460 2907 2870 2972 ἀνακτωμένου.
2926 2907 3042 2960 Ὄδ⁹
3088 2907 3278 2978 ἕτερον
3338 2907 3437 2977 μὲν
3485 2907 3558 2967 ὡς
3611 2904 3753 2968 λόγος

2193 2996 2394 3062 ἐδίδου,
2443 2996 2634 3066 ἕτερον
2681 2996 2726 3048 δ’
2771 2998 3027 3051 ἀνένευε·
3081 2999 3140 3050 τὸ
3173 2999 3276 3067 μὲν
3321 3001 3431 3068 γὰρ
3483 2995 3752 3065 ἀνέχεσθαι

2189 3089 2496 3158 φροντίδων
2529 3090 2884 3156 ὰφελκουσῶν
2917 3093 3018 3156 τῆς
3048 3091 3106 3143 ὲν
3140 3091 3438 3161 φιλοσοφίᾳ
3465 3087 3749 3160 ῥᾳστώνης,

2188 3178 2366 3234 δεινόν
2394 3197 2452 3233 τε
2485 3183 2671 3249 ἡγεῖτο
2699 3181 2793 3233 καὶ
2817 3183 3016 3252 ἥκιστα
3055 3183 3192 3253 πρὸς
3218 3184 3391 3236 αὑτοῦ
3415 3201 3427 3214 ο
3463 3183 3522 3234 τὸ
3554 3182 3608 3234 δὲ
3632 3196 3753 3245 συμ-

504 3275 663 3327 niens
721 3272 953 3328 ducebat
1015 3285 1176 3341 quam
1232 3272 1378 3324 curis
1437 3285 1499 3324 ac
1545 3272 1868 3340 negotiis,a
1935 3271 2083 3326 beata

2197 3274 2351 3326 πνεῖν
2379 3273 2475 3326 κα)⁸
2512 3276 2895 3343 συμπράττειν
2927 3275 3193 3338 τοκεῦσι,
3228 3277 3325 3328 καὶ
3367 3276 3494 3344 μηδ’
3529 3268 3752 3326 ὁντινοῦν

501 3364 861 3434 ριιίιοεοιιιιίω
935 3378 1046 3419 suae
1109 3363 1292 3432 quiete
1343 3377 1464 3417 sese
1522 3363 1906 3427 abstracturis,
1985 3363 2088 3416 im-

502 3457 719 3527 plicari,
750 3459 828 3511 sic
861 3471 890 3510 e
951 3455 1231 3510 contrario
1282 3470 1406 3509 cum
1477 3455 1750 3510 voluntate
1803 3465 2086 3524 parentum

503 3551 818 3604 consentire
883 3588 900 3613 ,
933 3549 1152 3616 illisque
1209 3547 1416 3602 auxilio
1449 3563 1573 3603 esse
1609 3563 1732 3612 ,nee
1769 3549 1874 3601 ulla
1899 3563 2088 3601 eorum

504 3640 560 3693 in
595 3643 820 3710 gratiam
850 3654 1105 3694 recusare
1128 3638 1472 3703 discrimina,
1517 3655 1623 3692 non
1652 3639 1933 3692 minimam
1971 3641 2093 3707 pie-

506 3731 636 3784 tatis
697 3739 926 3799 partem,
986 3739 1150 3798 atque
1197 3727 1290 3784 Dei
1345 3729 1558 3794 etiam,
1586 3729 1676 3798 qui
1721 3738 1972 3797 parentes
1997 3730 2094 3782 ho-

2192 3363 2334 3436 ὑπὲρ
2375 3367 2560 3419 αὐτῶν
2589 3367 2836 3420 κίνδυνον
2865 3368 3250 3437 παραιτεῖσθαι
3291 3374 3461 3439 μέρος
3490 3363 3750 3422 εὐσεϐείας

2193 3457 2295 3510 οὐκ
2329 3457 2609 3526 ἐλάχιστον
2634 3455 2772 3510 εἶναι
2806 3457 3044 3526 νομίζων
3077 3460 3171 3510 καὶ
3198 3459 3321 3526 ἅμα
3349 3460 3486 3528 πρὸς
3515 3457 3643 3509 Θεὸν
3675 3454 3750 3503 θε-

2195 3550 2450 3620 ραπείαν,
2483 3549 2541 3612 ὃς
2576 3551 2793 3602 κελεύει
2831 3552 3070 3620 πατράσι
3105 3552 3296 3620 νέμειν
3331 3552 3522 3621 τιμὴν,
3563 3543 3666 3609 οἷος
3695 3541 3752 3612 ἦ]

2196 3637 2356 3689 πάντ’
2392 3638 2562 3691 εἴκειν
2595 3640 2875 3694 κελεύοντι
2901 3640 2978 3710 τῷ
3012 3641 3182 3709 πατρὶ
3213 3644 3310 3694 καὶ
3343 3641 3575 3710 δεύτερα
3602 3635 3750 3692 τᾶλλα

2194 3732 2460 3798 νομίζειν.

505 3823 783 3878 norandos
824 3832 1082 3877 sanxerat
1103 3824 1172 3887 ³²,
1202 3822 1410 3877 cultum
1444 3839 1569 3888 esse
1599 3832 1773 3887 ratus,
1808 3825 1875 3877 ad
1906 3823 2086 3876 omnia
2122 3827 2262 3892 patri
2325 3825 2536 3894 jubeuti
2565 3826 2928 3892 concedenda,
2998 3838 3306 3898 cateraque
3379 3823 3748 3897 posmabenda,

504 3925 786 3985 promptus
820 3923 958 3970 erat.

581 4035 838 4091 LXXVII.
884 4036 1154 4092 Caeterum
1190 4037 1394 4108 paucis
1443 4044 1566 4107 post
1605 4036 1794 4091 diebus
1828 4036 2006 4090 denuo
2032 4037 2084 4089 in

509 4127 740 4182 Pontum
767 4130 1094 4198 regreditur,
1128 4127 1194 4181 ad
1215 4127 1541 4180 familiarem
1558 4126 1656 4178 sibi
1676 4125 2091 4193 adamatamque

509 4223 770 4290 quietem,
820 4223 1085 4276 hactenus
1137 4221 1426 4285 duntaxat,
1458 4231 1517 4274 ut
1576 4220 1816 4288 seipsutn
1872 4221 2088 4289 penitus

508 4324 809 4380 excttterel,
859 4325 912 4366 et
966 4314 1102 4368 alios
1152 4328 1252 4367 suo
1285 4312 1534 4381 exemplo
1594 4313 1814 4365 doeeret
1858 4353 1874 4377 ,
1910 4329 2016 4366 non
2056 4330 2086 4368 e

514 4409 747 4477 vestigio
799 4423 885 4462 res
907 4409 1172 4460 maximas
1201 4421 1261 4461 ac
1289 4405 1659 4479 salictissimas
1698 4415 1898 4459 temere
1923 4414 2090 4459 attre-

510 4502 742 4554 ctandas
798 4514 942 4563 esse,
999 4513 1123 4551 mox
1157 4497 1279 4551 dein
1337 4497 1436 4549 sub
1464 4496 1826 4565 praestitutum
1856 4498 1993 4551 diem
2025 4500 2089 4551 ad

511 4605 644 4645 suos
710 4604 939 4659 propere
971 4590 1205 4643 recurrit
1235 4589 1505 4658 patrique,
1534 4598 1589 4643 et
1617 4589 1735 4642 urbi
1764 4589 1972 4656 patrima,
2011 4598 2090 4642 lo-

2268 4034 2388 4090 OZ'.
2405 4037 2557 4102 Τέως
2584 4055 2645 4106 γε
2673 4038 2779 4108 μὴν
2810 4039 3006 4110 μικρὸν
3033 4040 3244 4093 ἐνταῦθ’
3271 4041 3537 4111 ἐπισχὼν,
3560 4041 3748 4104 ἀναχω·

2201 4134 2284 4187 θεῖ
2317 4130 2416 4200 μὲν
2445 4132 2523 4192 είς
2546 4131 2776 4198 Πόντον,
2811 4134 2907 4185 καὶ
2938 4131 3037 4203 τὴν
3071 4134 3276 4204 συνήθη
3316 4137 3409 4186 καὶ
3436 4133 3591 4202 φίλην
3619 4125 3748 4193 αὑτῷ

2193 4223 2442 4292 ἡσυχίαν.
2486 4225 2611 4276 ὅσον
2643 4241 2702 4276 τε
2739 4225 2930 4278 ἑαυτὸν
2963 4227 3366 4296 ἐπισκέψασθαι
3406 4229 3495 4280 καὶ
3523 4226 3641 4283 τοὺς
3666 4220 3748 4272 ἄλ·

2192 4313 2313 4376 λους
2350 4315 2656 4380 παιδεῦσαι,
2688 4318 2763 4386 μὴ
2803 4320 2915 4380 τοῖς
2949 4321 3228 4387 μεγίστοις
3259 4322 3420 4382 εὐθὺς
3463 4315 3744 4386 ἐγχειρεῖν

2196 4409 2444 4462 ἐπάνεισι
2469 4411 2525 4464 δὲ
2551 4407 2706 4474 αὖθις
2733 4413 2816 4465 ὅτι
2836 4413 3050 4483 τάχιστ’
3077 4417 3257 4478 αὐτοῖς
3283 4417 3426 4469 κατὰ
3443 4415 3539 4483 τὴν
3568 4408 3744 4478 κυρίαν

2197 4503 2308 4554 τῶν
2337 4504 2586 4573 ἡμερῶν,
2625 4507 2720 4558 καὶ
2754 4506 2971 4559 δίδωσιν
3025 4508 3216 4562 ἑαυτὸν
3253 4510 3328 4579 τῷ
3378 4522 3436 4561 τε
3475 4507 3634 4575 πατρὶ
3667 4499 3745 4552 καὶ

2200 4598 2266 4664 τῇ
2299 4595 2452 4647 πόλει
2476 4612 2491 4626 ⁸
2521 4599 2587 4666 τῇ
2628 4598 2726 4667 μὲν
2748 4637 2762 4662 ν
2794 4599 3087 4669 φάρμακον
3118 4602 3393 4672 σωτηρίας
3423 4600 3510 4652 διὰ
3540 4597 3637 4648 τῶν
3668 4590 3744 4644 λόο

513 4694 630 4738 tum
660 4699 779 4738 sese
813 4685 1000 4748 tradit,
1041 4683 1230 4752 patria:
1247 4679 1584 4735 Salutil'erum
1617 4681 1887 4748 quoddam
1915 4697 2083 4736 reme-

2198 4703 2340 4755 γων·
2378 4689 2458 4758 τῷ
2492 4689 2546 4741 δὲ
2569 4727 2582 4752 .
2625 4693 2814 4762 γήρως
2869 4694 3249 4762 παραμυθίαν,
3288 4695 3381 4747 καὶ
3418 4693 3521 4745 τῶν
3557 4685 3746 4741 ἐκεῖθεν

512 4777 664 4828 dium
694 4789 788 4827 sua
853 4775 1158 4827 eruditione
1220 4773 1581 4841 facurrdiaque
1654 4772 1916 4836 futurum,
1951 4771 2096 4841 patri

515 4873 751 4919 senectae
798 4865 1050 4918 solatium
1106 4875 1461 4932 ortarumque
1514 4863 1638 4918 inde
1705 4878 2092 4927 :erumnarum,

515 4971 789 5012 summum
861 4955 1267 5025 maximumque
1331 4955 1743 5010 allevametttum
1789 4995 1804 5019 ,
1837 4955 2096 5008 continuo

518 5059 701 5102 autem
731 5049 908 5101 snhita
967 5049 1166 5103 fesuun
1223 5049 1472 5102 oratione
1529 5063 1756 5110 ornans,
1787 5063 1851 5101 ac
1885 5047 2096 5101 decenti

523 5140 912 5194 concelebrans
962 5141 1292 5206 laudatione,
1331 5145 1467 5209 fugae
1521 5155 1634 5194 sua:
1662 5154 1882 5194 causam
1915 5141 2040 5195 dicit
2079 5157 2093 5194 :

520 5246 754 5301 eamque
802 5243 860 5284 ut
893 5233 1224 5301 probabilem
1278 5230 1493 5301 Deoque
1525 5239 1730 5298 gratam
1763 5245 2098 5286 commemo-

2197 4778 2410 4842 δεινῶν,
2437 4781 2749 4850 θαυμαστόν
2772 4800 2890 4834 τινα
2917 4785 3009 4837 καὶ
3032 4786 3291 4852 μέγιστον
3313 4779 3636 4850 κουφισμόν·
3664 4770 3746 4825 καὶ

2199 4867 2380 4936 λόγοις
2418 4871 2788 4941 αὐτοσχεδίοις
2839 4875 3125 4944 κοσμήσας
3162 4876 3262 4946 τὴν
3317 4873 3528 4945 ἑορτὴν,
3569 4868 3654 4921 καὶ
3685 4863 3744 4913 τὰ

2201 4960 2385 5013 εἰκότα
2418 4965 2816 5035 πανηγυρίσας,
2852 4967 3200 5035 ἀπολογεῖται
3233 4969 3332 5038 μὲν
3365 4968 3501 5035 ὑπὲρ
3539 4963 3630 5030 τῆς
3653 4973 3744 5026 φυ⁶

2202 5051 2328 5120 γῆς,
2385 5053 2479 5106 καὶ
2508 5054 2583 5117 ὼς
2638 5055 2863 5123 εὐλόγου
2924 5059 3020 5110 καὶ
3068 5059 3347 5128 θεοφιλοῦς
3395 5049 3742 5126 μνημονεύει·

2201 5139 2442 5193 δείκνυσι
2476 5143 2532 5195 δὲ
2568 5145 2662 5196 καὶ
2695 5144 2793 5215 τὴν
2828 5146 2905 5208 είς
2937 5146 3134 5209 αὐτοὺς
3172 5147 3265 5199 τοῦ
3297 5143 3500 5214 πατρὸς
3534 5135 3745 5207 μεγαλο⁰

2206 5232 2428 5303 ψυχίαν,
2463 5235 2783 5306 θαυμαστήν
2813 5254 2933 5294 τινα
2972 5241 3066 5293 καὶ
3101 5239 3350 5292 πλείστου
3382 5235 3554 5290 ἀξίαν.

522 5334 647 5390 τίη.
725 5336 838 5380 lum
911 5337 966 5382 et
1019 5330 1190 5398 patris
1249 5328 1337 5385 sui
1384 5329 1459 5400 ,in
1531 5328 1678 5384 cives
1761 5328 2134 5384 incredibilem
2210 5332 2558 5401 tnaximoque
2623 5334 2924 5388 habendam
2995 5337 3045 5390 in
3123 5343 3294 5406 pretio
3356 5322 3740 5402 magnanimita-

519 5424 629 5471 tem
657 5417 1028 5476 commendat.

596 5619 640 5647 ’θ
667 5615 822 5670 Joan.
863 5635 900 5683 t,
933 5620 1023 5676 ‘29.
1102 5622 1148 5653 ³⁰
1185 5623 1347 5680 llcbr.
1404 5641 1522 5689 xm,
1556 5624 1642 5680 i5.

593 5809 672 5878 (ι)
706 5809 868 5866 ιέιαά.
899 5812 1041 5882 vui,
1075 5814 1202 5870 εει).

1722 5625 1759 5656 ³⁸
1789 5622 1951 5679 Rom.
1986 5641 2083 5692 xu,
2111 5623 2160 5678 1.

3173 5453 3199 5474 δ

2240 5624 2287 5656 ³¹
2321 5624 2493 5681 Exod.
2535 5640 2627 5689 xx,
2667 5625 2774 5689 1‘2;
2811 5623 3005 5693 Epltes.
3046 5641 3119 5690 γι,
3151 5626 3205 5679 2.
