4028 6432
342 406 449 471 203

1212 409 1602 471 LAUDATIO
1642 412 1706 474 S.
1737 409 2118 473 GlIEGOBll
2146 411 2556 473 THEULOGl.

3484 408 3593 474 ΞΜ,

404 516 533 570 OH'.
566 514 849 570 Βασιλείου
888 514 945 568 δὲ
968 516 1064 569 τοῦ
1096 515 1240 569 πάνυ
1291 517 1392 586 τῆς
1424 518 1534 569 τῶν
1585 519 1902 589 Καισαρέων

2084 519 2367 574 LXXVIII.
2451 518 2645 588 Magno
2713 525 2896 571 autem
2969 480 3172 575 Basilio
3240 518 3591 579 Caesariensi:

342 608 670 678 Ἐκκλησίας
702 608 1125 680 ἐπειλημμένον,
1160 610 1561 678 συμϐαίνεικαὶ
1579 612 1793 662 τουτονὶ
1813 612 1902 663 τὸν

332 701 542 771 μέγανί,
564 702 847 771 πάρεργον
874 701 948 762 ὡς
980 700 1047 753 ἂν
1082 702 1227 754 εἴποι
1258 719 1342 763 τις
1370 702 1472 771 τῆς
1498 702 1710 755 ἐκείνου
1743 704 1900 766 γενέ-

328 792 456 847 σθαι
487 794 668 864 χειρός
694 809 754 846 τε
780 794 874 846 καὶ
903 793 1151 863 γνώμης,
1179 794 1276 847 καὶ
1309 793 1712 863 προόεὸλῆσθαι
1743 794 1903 848 Σισί-

329 904 448 957 μων
476 886 663 956 τρόπῳ
698 885 885 954 τοιῷδε
913 903 928 918 ο
959 887 1058 955 τῆς
1091 886 1201 956 γὰρ
1237 885 1632 946 Καππαδοκίας
1659 886 1897 955 ἀπάσης,

329 977 460 1046 μιᾶς
507 976 605 1045 μὲν
645 974 811 1043 οὔσης
850 978 1150 1048 ἡγεμονίας
1187 979 1530 1048 τοπρόσθεν,
1568 982 1666 1033 καὶ
1696 979 1787 1048 ὑφ’
1817 981 1901 1033 ἑλὶ

331 1072 567 1140 μάλιστα
584 1070 999 1142 γνωριζομένης
1022 1090 1083 1126 τε
1104 1073 1198 1126 καὶ
1218 1073 1630 1144 καθισταμένης
1652 1074 1896 1142 ποιμένι,

329 1166 407 1226 εἰς
442 1163 533 1217 δύο
564 1165 621 1217 δὲ
654 1164 856 1233 τῳτότε
880 1164 941 1218 ού
981 1165 1144 1235 μόνον
1172 1167 1472 1236 ἡγεμονίας
1505 1165 1644 1219 ἀλλὰ.
1673 1167 1770 1220 καὶ
1795 1183 1897 1236 μη-

328 1255 610 1323 τροπόλεις
635 1255 664 1309 δ
688 1256 1001 1327 αιρεθείσης
1022 1299 1036 1320 ,
1077 1259 1179 1327 τήν
1212 1275 1271 1310 τε
1323 1258 1661 1327 Καισάρειαν
1688 1258 1785 1311 καὶ
1829 1259 1899 1311 τὰ

327 1347 532 1412 Τύανα,
567 1349 817 1416 γίγνεταί
843 1366 896 1402 τι
927 1348 1166 1404 τοιοῦτον
1192 1391 1206 1416 ,
1234 1349 1263 1403 ὃ
1292 1351 1388 1403 καὶ
1428 1350 1597 1421 μηδὲν
1626 1352 1777 1417 ὑγιὲς
1805 1350 1899 1403 καὶ

324 1436 397 1491 αὖ
441 1439 687 1507 θεοφιλὲς
732 1440 908 1504 ἔξεστι
955 1445 1274 1513 προσειπεῖν
1302 1459 1317 1474 ο
1365 1444 1427 1496 τὺ
1472 1445 1592 1511 μὲν,
1635 1438 1715 1507 οἷς
1760 1443 1895 1497 θαυ-

325 1530 531 1600 μαστοῦ
564 1530 833 1601 τετύχηκε
868 1532 1054 1596 τέλους
1078 1549 1091 1565 ·
1125 1534 1187 1588 τὺ
1215 1534 1296 1599 δὲ,
1335 1533 1409 1598 ὡς
1443 1534 1548 1600 ἔξω
1577 1533 1671 1587 τοῦ
1708 1550 1895 1603 γιγνο-

326 1620 489 1686 μένου
521 1623 615 1674 ita}.
640 1620 928 1692 βουλευθὲν
957 1625 1056 1695 τὴν
1080 1625 1257 1695 ἀρχὴν
1289 1623 1384 1678 καὶ
1415 1625 1681 1695 πραχθέν.

322 1714 539 1779 quidem
587 1728 734 1770 certe
778 1725 1024 1783 eatenus,
1083 1719 1227 1787 quod
1284 1728 1535 1774 eventum
1593 1720 1887 1775 sortiretur
1926 1722 2246 1789 praeclarum

2012 613 2270 670 Ecclesiae
2331 611 2702 679 pontiﬁcatum
2762 612 2960 680 adepto
3021 652 3038 678 ,
3076 613 3305 682 contigit
3335 615 3588 682 equidem

2011 717 2066 759 et
2110 720 2307 773 magno
2361 715 2546 758 nostro
2584 703 2851 772 Gregorio
2885 741 2903 767 ,
2936 712 2995 758 ut
3044 704 3414 774 perfunctoria
3440 722 3592 776 quie-

2006 798 2129 852 dam
2152 812 2342 851 manus
2366 797 2669 865 mentisque
2699 794 2882 850 Basilii
2918 796 3591 868 opella,quemadmodum
3674 802 3682 809 '

2007 887 2150 942 haud
2181 886 2417 941 absurde
2445 886 2675 950 dixeris,
2717 885 2892 950 ﬁeret,
2921 883 3369 957 Sasimorumque
3391 888 3590 957 praesul

2006 974 2315 1043 hujusmodi
2335 976 2569 1043 quadam
2605 973 2819 1028 ratione
2839 982 3161 1041 crearetur;
3188 984 3295 1029 tota
3329 976 3588 1031 nimirum

2008 1065 2373 1135 Cappadocia,
2406 1080 2523 1133 qua:
2540 1080 2643 1118 una
2663 1066 2843 1119 adhuc
2860 1066 3212 1133 provincialis
3242 1065 3593 1134 praefectura,

2005 1165 2306 1231 eademque
2344 1160 2448 1215 sub
2499 1176 2605 1212 uno
2632 1161 2758 1215 item
2788 1160 3126 1229 potissimum
3154 1160 3400 1216 antistite
3423 1176 3589 1217 censa

2003 1267 2073 1308 ac
2134 1255 2431 1310 constituta
2482 1253 2678 1321 fuerat,
2721 1255 2773 1308 iu
2801 1256 2936 1308 duas
2967 1260 3079 1306 tum
3118 1254 3354 1323 primum
3393 1254 3593 1323 pmfe-

2005 1356 2193 1401 cturas
2232 1347 2455 1415 pariter,
2487 1348 2733 1412 duasque
2773 1345 3101 1413 tnetrnpoles
3163 1346 3589 1415 eccle-ias:icas,

2004 1441 2300 1498 Cazsariam
2322 1450 2372 1495 et
2413 1439 2622 1509 Tyana,
2652 1441 2932 1503 distracta,
2970 1438 3116 1494 illius
3146 1440 3290 1493 modi
3328 1441 3583 1508 quiddam

2002 1537 2144 1591 eain
2176 1549 2235 1589 re
2267 1535 2426 1591 (iebat
2451 1533 2593 1602 quod
2611 1542 2666 1588 et
2701 1548 2922 1603 prorsus
2957 1533 3350 1598 inconsultum,
3383 1544 3435 1587 et
3471 1550 3592 1586 rui-

2002 1642 2096 1681 sus
2127 1627 2236 1681 Deo
2257 1635 2567 1693 acceptum,
2594 1625 2732 1678 haud
2764 1623 3038 1679 immerito
3070 1623 3455 1694 appellaveris,
3487 1624 3593 1681 hoc

2303 1738 2318 1775 :
2378 1720 2716 1775 malesanum
2781 1729 2966 1775 autem
3035 1721 3179 1787 ideo,
3240 1723 3380 1790 quod
3451 1738 3592 1793 piae-

325 1821 409 1863 ter
470 1808 555 1879 jus
579 1818 633 1862 et
669 1805 886 1864 fastum
929 1822 1248 1878 conceptqu
1279 1811 1460 1865 animo
1487 1812 1553 1865 ab
1585 1811 1741 1865 initio
1788 1821 1898 1866 tum
1943 1829 2106 1883 opere
2128 1814 2247 1882 ipso
2275 1821 2552 1884 peractum
2592 1820 2759 1868 esset.

396 1905 517 1959 08'.
561 1904 647 1975 Τῷ
676 1904 774 1975 μὲν
816 1906 925 1976 γὰρ
959 1905 1185 1958 Τυάνων
1209 1905 1478 1975 προέδρῳ,
1508 1905 1717 1960 δίκαιον
1762 1903 1902 1961 εἶναι

2078 1908 2320 1965 LXXIX.
2381 1909 2650 1980 Tyaneusi
2733 1910 2987 1963 nimirum
3059 1911 3295 1979 pontiﬁci
3359 1910 3437 1981 (Ι)
3495 1910 3588 1979 ju-

323 1997 500 2051 ἰδέκει
533 1999 625 2051 καὶ
656 1998 813 2064 λόγον
846 1997 1005 2067 ἔχον,
1040 1998 1136 2051 καὶ
1164 1997 1231 2051 τὰ
1258 2000 1614 2069 πνευματικά
1654 1996 1763 2062 τοῖς
1801 2001 1912 2070 δη-⁴

329 2090 540 2161 μοσίοις
585 2091 1055 2161 συνδιαιρεῖσθαι,
1102 2089 1398 2144 κατεῦθεν
1446 2091 1597 2144 ἔστιν
1641 2084 1715 2143 ὧν
1754 2092 1902 2145 ἀντιε-

326 2184 598 2238 ποιείσθαι
634 2184 852 2255 χωρίων
886 2184 961 2248 ὡς
997 2185 1147 2256 αὐτῷ
1185 2203 1247 2253 γε
1278 2184 1454 2257 ταύτῃ
1491 2186 1857 2257 διαφερόντων
1881 2203 1898 2220 ·

328 2277 594 2346 Βασιλείῳ
636 2276 695 2329 δὲ
737 2277 961 2330 οὐκέτι·
994 2276 1112 2330 ἀλλ’
1155 2273 1295 2331 εἶναι
1337 2278 1437 2346 μὲν
1485 2278 1608 2333 καθ’
1655 2280 1797 2332 αὐτὰ
1835 2279 1905 2332 τὰ

327 2369 510 2422 Τύανα
552 2372 926 2442 συγχωρῆσαι,
978 2371 1168 2441 ἑτέρου
1211 2371 1269 2424 δὲ
1309 2371 1535 2441 μηδενὸς
1575 2374 1903 2442 τοπαράπαν

328 2465 738 2532 προσάπτεσθαι
754 2481 768 2496 ’
791 2464 867 2528 ὡς
907 2464 1126 2518 πάντων
1148 2464 1255 2517 τῶν
1278 2464 1455 2519 ἄλλων
1483 2466 1549 2534 τῇ
1578 2465 1903 2533 Καισαρέων

339 2553 636 2627 Ἐκκλησία
653 2558 793 2610 κατὰ
806 2559 931 2620 τοὺς
942 2557 1150 2613 ἄνωθεν
1170 2557 1366 2626 νόμους
1390 2556 1791 2625 ἀνακειμένων,
1806 2557 1906 2609 αὑ-

325 2649 418 2699 τὸν
441 2647 495 2700 δὲ
518 2649 613 2715 τὴν
636 2647 745 2701 τῶν
764 2647 1152 2702 Καππαδοκῶν
1177 2649 1397 2702 ἅπασαν
1419 2651 1601 2717 χώραν
1630 2646 1904 2709 πλείστοις

324 2742 470 2803 ὅσοις
514 2743 837 2805 ἐπισκόποις
876 2743 1150 2795 διαλαϐεῖν
1175 2758 1189 2770 ·
1228 2742 1320 2794 καὶ
1369 2740 1494 2811 μηδ’
1527 2737 1775 2811 ἡντινοῦν
1802 2739 1903 2793 αύο

325 2838 437 2896 τοῖς
470 2835 621 2888 πόλιν
651 2835 684 2905 ἢ
710 2836 902 2905 κώμην
929 2836 1049 2889 οἵαν
1077 2837 1361 2905 ίεραρχίαν
1393 2833 1667 2904 δεδέχθαι,
1698 2832 1904 2902 ταύτης

327 2927 433 2993 ἔξω
481 2929 839 2983 καταλιπεῖν
887 2928 1003 2998 seq;
1056 2927 1293 2998 μάλιστα
1329 2930 1430 2996 μὲν
1479 2927 1653 2980 πλείω
1705 2942 1764 2979 τε
1810 2927 1904 2978 καὶ

328 3019 536 3073 καλλίω
555 3020 650 3091 τὴν
669 3019 778 3073 τῶν
798 3020 985 3091 ψυχῶν
1003 3019 1326 3091 ἐπιμέλειαν
1352 3017 1602 3071 ἐντεῦθεν
1625 3018 1902 3087 γενέσθαι,

324 3112 518 3166 ἔπειτα
558 3114 649 3167 δια
689 3113 782 3166 τοῦ
824 3114 934 3167 τῶν
985 3113 1302 3167 ἐπισκόπων
1350 3113 1582 3167 ἕκαστον
1613 3112 1682 3164 τὰ
1724 3111 1903 3166 οἰκεῖα

324 3205 643 3276 κεκτῆσθαι,
676 3209 768 3260 καὶ
791 3206 997 3262 τούτων
1027 3207 1311 3278 κατάκρας
1340 3207 1741 3262 ἀντιποιεῖσθαι
1761 3225 1776 3239 ο
1800 3211 1903 3279 τήν

2004 2010 2148 2056 stum
2204 2011 2368 2070 atque
2404 2016 2622 2070 aequum
2664 2015 2788 2056 esse
2844 2001 3149 2065 videbatur,
3185 2010 3241 2055 ut
3295 2017 3399 2055 una
3465 2017 3591 2058 cum

2006 2093 2256 2149 civilibus
2284 2092 2624 2163 publicisque
2648 2092 2950 2162 spiritualia
2989 2094 3391 2155 dividerentur;
3422 2103 3590 2163 atque

2006 2196 2063 2240 ut
2094 2184 2210 2238 loca
2238 2185 2509 2254 quaedam,
2571 2193 2830 2253 tanquam
2882 2185 2985 2238 hac
3037 2186 3249 2239 ratione
3295 2186 3500 2250 debita,
3535 2202 3589 2240 ηδ

2004 2293 2157 2333 suam
2189 2276 2447 2331 diliOItem
2482 2285 2912 2346 potesmtemquc
2946 2277 3073 2330 inde
3116 2288 3407 2342 assereret,
3443 2279 3588 2345 quod

2006 2370 2207 2426 Basilio
2267 2371 2684 2441 haudquaquam
2749 2352 3100 2438 probabaiur,
3164 2372 3251 2440 qui
3313 2369 3585 2443 Tyaneusi

2006 2464 2223 2536 quidem
2275 2463 2535 2518 Ecclesia
2567 2462 2794 2517 liberam
2840 2477 3106 2533 suamque
3150 2464 3586 2533 jurisdictiouern

2009 2557 2376 2627 permittebat,
2403 2559 2561 2611 modo
2592 2572 2661 2611 ne
2684 2556 2829 2612 aliud
2861 2565 3124 2625 praeterea
3159 2556 3455 2627 quidquam
3486 2559 3588 2611 sibi

2008 2660 2319 2719 usurparet,
2354 2650 2573 2719 quando
2602 2648 2809 2717 reliqua
2839 2649 3024 2701 omnia
3052 2649 3273 2718 antiquo
3295 2649 3418 2718 jure
3453 2665 3590 2717 pnn-

2007 2743 2174 2798 tilicio
2204 2743 2524 2796 Caesariensi
2562 2739 2820 2796 Ecclesiae
2843 2741 3101 2795 attrilmta
3128 2751 3353 2795 essent:
3388 2755 3448 2795 ea
3493 2740 3594 2810 igi-

2009 2844 2097 2890 tur
2125 2848 2185 2890 re
2213 2834 2611 2904 Cappadociam
2656 2848 2872 2888 omnem
2921 2835 3171 2903 plurimis
3204 2833 3292 2888 ille
3323 2846 3594 2901 occupare

2007 2927 2276 2997 episcopis
2303 2927 2620 2995 nullumque
2649 2927 2904 2997 oppidum
2951 2934 3042 2979 aut
3073 2940 3270 2995 pagunt
3300 2926 3592 2995 pontiﬁcali

2008 3019 2350 3090 suscipiendo
2405 3018 2634 3088 imperio
2681 3019 2959 3082 idoneum,
3013 3031 3081 3072 eo
3140 3030 3364 3069 vacuum
3428 3017 3596 3071 relin-

2006 3128 2207 3184 quere;
2243 3112 2348 3167 hoc
2395 3112 2734 3182 potissimum
2770 3111 3020 3174 consilio,
3077 3118 3130 3164 ut
3190 3109 3423 3177 amplior
3471 3111 3595 3165 inde

2008 3205 2429 3274 accuratiorque
2458 3204 2767 3257 animarum
2797 3203 3091 3256 exsisteret
3135 3199 3369 3265 curatio,
3397 3201 3597 3255 deinde

324 3315 386 3352 τε
430 3272 614 3352 στάσιν
656 3299 717 3365 ἐξ
746 3301 993 3369 ἀνάγκης
1026 3272 1300 3362 λελύσθαι,
1339 3300 1441 3370 τήν
1483 3317 1542 3354 τε
1575 3272 1902 3372 Καισαρέων

2012 3300 2194 3363 etiam,
2227 3307 2287 3351 ut
2315 3272 2586 3365 episcopis
2617 3309 2745 3351 suas
2778 3294 3004 3361 singulis
3035 3296 3366 3358 tenentdms,
3403 3310 3467 3348 ac
3498 3310 3598 3363 pro

330 3394 472 3463 πλήν
500 3395 839 3472 γεοΤυάνων,
866 3394 934 3449 τὰ
962 3393 1133 3465 αὐτῆς
1161 3391 1227 3447 αὖ
1261 3392 1608 3464 κεκομίσθαι,
1646 3394 1723 3465 μὴ
1739 3395 1902 3449 δυνα-

334 3487 492 3553 μένου
516 3485 609 3539 τοῦ
633 3486 887 3541 Τυανὲων
913 3485 1051 3555 πρὸς
1078 3486 1368 3549 τοσούτους
1383 3485 1683 3558 ἀνταίρειν.

2008 3388 2149 3446 virili
2177 3396 2332 3460 parte
2363 3388 2630 3445 acerrime
2662 3387 2958 3451 tuentibus,
3023 3386 3203 3454 sedes,
3245 3398 3300 3442 et
3337 3386 3598 3443 seditioni

2006 3483 2320 3539 necessario
2350 3481 2473 3537 ﬁnis
2516 3483 2911 3552 imponeretur,
2942 3490 2998 3534 et
3043 3495 3140 3534 sua
3172 3480 3400 3543 iterum,
3429 3494 3598 3534 exce-

336 3580 437 3645 ptis
495 3581 716 3653 Tyauis,
784 3580 1139 3641 Cwsariensis
1181 3593 1532 3652 recuperaret
1604 3581 1868 3649 Ecclesia,
1932 3581 2127 3653 impari
2178 3579 2429 3637 videlicet
2488 3579 2734 3651 pluribus
2788 3579 2972 3634 futuro
3019 3575 3386 3650 Tyanensium
3454 3577 3603 3637 anti-

334 3679 473 3731 stite.

403 3772 483 3826 ll'.
509 3773 693 3828 Ταῦτα
733 3774 780 3828 δ’
807 3773 1048 3827 ἐπαίνων
1077 3774 1243 3842 ἀξίως
1265 3773 1568 3844 διανοηθείς
1596 3791 1655 3826 τε
1680 3775 1775 3827 καὶ
1803 3790 1901 3827 κασ

324 3869 633 3939 ταπράξας,
688 3870 785 3924 καὶ
828 3867 1035 3929 πάντας
1080 3866 1361 3936 ἐκπλήξας
1402 3862 1484 3930 οἷς
1531 3866 1722 3931 δεξιᾶς
1761 3867 1904 3933 ἄγαν

326 3962 540 4032 ἐξεῦρε,
568 3960 668 4031 τὴν
700 3960 795 4030 μὲν
812 3961 911 4013 οὐκ
938 3959 1179 4026 εὐλόγως
1198 3958 1568 4028 διαιρεθεῖσαν
1588 3956 1796 4028 χώραν,
1823 3960 1904 4020 εἰς

325 4053 388 4107 ἓν
414 4051 565 4115 αὖθις
592 4052 827 4121 εὐλόγως
850 4052 1176 4119 συναγαγεῖν
1198 4052 1292 4103 καὶ
1318 4049 1574 4118 συνάψαι,
1599 4050 1725 4112 τοὺς
1757 4048 1813 4103 δὲ
1834 4053 1900 4119 τῇ

328 4151 468 4217 πρὸς
502 4147 663 4200 αὐτὸν
695 4145 965 4217 βασκανίᾳ
1004 4145 1150 4198 τοῦτ’
1182 4144 1584 4215 εἰργασμένους
1612 4142 1900 4213 αἰσχῦναι,

330 4240 454 4294 καθ’
499 4239 556 4292 ἓν
607 4239 768 4293 τοῦτο
814 4238 973 4331 μόνον
1020 4238 1122 4291 οὐκ
1171 4236 1317 4301 εδοξε
1364 4235 1544 4298 καλῶς
1586 4235 1698 4289 οὐδ’
1737 4235 1905 4301 diu»;

329 4333 527 4390 ἑαυτοῦ
569 4324 978 4403 βεϐουλεῦσθαι,
1006 4329 1083 4400 τῷ
1108 4330 1205 4384 καὶ
1234 4329 1327 4382 τὸν
1352 4330 1653 4399 Γρηγόριον
1681 4328 1779 4381 ἕνα
1809 4324 1905 4382 ’ἰοῦ

324 4426 575 4480 τοιούτου
633 4426 938 4487 καταλόγου
992 4428 1085 4478 καὶ
1143 4424 1377 4493 ταυτησὶ
1424 4423 1526 4490 τῆς
1580 4423 1755 4493 φορᾶς
1807 4439 1908 4475 πε-

328 4522 612 4591 ποιῆσθαι,
681 4521 776 4573 καί⁵
804 4519 904 4588 τὴν
954 4518 1199 4588 μεγάλην
1239 4514 1335 4568 τοῦ
1381 4515 1539 4582 λόγου
1579 4515 1766 4585 φωνὴν
1810 4515 1907 4567 καὶ

2080 3766 2297 3825 LXXX.
2339 3764 2609 3821 Caeterum
2650 3773 2709 3820 ut
2738 3762 3088 3818 laudabiliter
3117 3763 3219 3818 ista
3267 3763 3598 3833 excogitavit

2007 3862 2215 3934 pariter
2245 3876 2309 3915 ac
2340 3858 2604 3930 perfecit,
2639 3856 2992 3925 omniumque
3037 3855 3143 3910 sibi
3176 3855 3594 3909 admirationem

2009 3956 2221 4028 peperit
2251 3954 2506 4019 Basilius,
2535 3966 2600 4007 eo
2629 3951 2771 4020 quod
2813 3949 3169 4006 solertissime
3198 3946 3340 4001 viam
3379 3962 3601 4014 repere-

2008 4060 2116 4116 rat,
2181 4047 2489 4104 inconsulto
2544 4043 2777 4102 consilio
2830 4043 3062 4098 divisam
3114 4040 3472 4112 provinciam,
3508 4056 3595 4096 sa-

2008 4143 2225 4214 pienter
2274 4154 2463 4196 rursus
2512 4139 2567 4193 in
2601 4151 2767 4192 unum
2816 4135 3158 4191 conducendi
3208 4133 3601 4204 coniungendi-

2008 4251 2113 4304 que
2135 4277 2150 4301 ,
2176 4234 2492 4303 junctumque
2512 4229 2644 4295 illis,
2675 4228 2767 4296 qui
2804 4227 2921 4282 haec
2946 4240 3093 4280 mera
3122 4224 3382 4279 adversus
3417 4224 3598 4293 ipsum

2012 4323 2390 4381 malevolentia
2438 4334 2503 4375 ac
2533 4319 2735 4373 invidia
2780 4316 3045 4374 stimulati
3084 4321 3388 4385 patrarant,
3437 4316 3596 4367 incu-

2013 4415 2185 4473 tiendi
2222 4417 2506 4486 pudorem.
2546 4410 2626 4465 ita
2659 4411 2713 4464 in
2768 4410 2872 4464 hoc
2919 4422 3029 4461 uno
3079 4407 3366 4470 duntaxat,
3420 4420 3602 4474 neque

2012 4512 2236 4575 bonum,
2283 4519 2463 4575 neque
2500 4519 2560 4558 sc
2591 4502 2832 4572 dignum,
2868 4499 3058 4553 iniisse
3104 4500 3252 4553 visus
3297 4504 3382 4552 est
3411 4497 3597 4552 consi-

327 4615 504 4667 πάντα
523 4612 891 4684 περιηχοῦσαν
913 4614 979 4664 τὰ
1000 4610 1236 4679 πέρατα,
1256 4608 1516 4678 Σασίμοις
1537 4610 1723 4678 φέρων
1745 4609 1902 4675 ἐγκα-

2012 4604 2169 4667 lium,
2214 4599 2356 4671 quod
2390 4595 2723 4668 pontiﬁcalis
2759 4593 2920 4662 hujus
2947 4591 3176 4661 catalogi
3209 4604 3273 4645 ac
3304 4604 3603 4660 proventus

325 4704 620 4774 ταστῆσαι,
653 4703 1058 4774 παραπλήσιον,
1088 4699 1276 4770 ὥσπερ
1303 4699 1391 4766 ἂν,
1429 4701 1478 4753 εί
1511 4702 1606 4753 καὶ
1637 4699 1727 4751 τὸν
1751 4698 1906 4768 ἥλιον

325 4791 558 4869 ἠξίωσεν
607 4798 854 4853 ὁστισοῦν
898 4797 957 4848 ὲν
1007 4794 1198 4864 φαύλῳ
1248 4794 1346 4864 τῆς
1394 4792 1500 4863 γῆς
1552 4792 1712 4862 μέρει
1769 4806 1904 4860 συγ-

324 4890 548 4945 κλείειν.

402 5166 506 5218 lIA'
538 5165 730 5217 Καίτοι
745 5163 793 5215 εί
806 5161 864 5215 τὸ
876 5160 999 5223 τοὺς
1016 5157 1203 5219 ἁπλῶς
1219 5157 1606 5228 ἑταίρους,κᾶν
1618 5155 1692 5225 μὴ
1711 5154 1906 5209 πολλοῦ

327 5275 470 5322 τινος
509 5256 685 5318 ἄλλως
715 5254 858 5321 ἄξιοι
886 5253 1125 5325 τύχωσιν
1155 5252 1328 5318 ὀντες,
1366 5252 1475 5304 τῶν
1505 5253 1731 5303 εἰκότων
1763 5249 1903 5302 ἀπο-

335 5354 547 5422 στερεῖν
575 5350 678 5403 οὐκ
714 5347 1023 5411 ἐπαινετὸν,
1056 5346 1175 5410 πῶς
1201 5346 1301 5400 οὐκ
1331 5346 1397 5400 ἂν
1431 5346 1517 5412 ειη
1546 5344 1657 5397 τῶν
1688 5342 1906 5395 ἀτόπων

314 5414 448 5498 ’καί
464 5442 647 5512 πάσης
674 5439 1070 5511 ἀγνωμοσύνης
1100 5439 1300 5508 μεστὸν
1320 5477 1335 5503 ,
1366 5437 1496 5491 ὅταν
1526 5452 1610 5498 τις
1641 5436 1780 5504 μετὰ
1811 5436 1907 5487 τοῦ

329 5534 473 5588 πάνυ
503 5549 588 5586 τοι
632 5532 860 5602 μανικὸς
900 5532 1138 5602 ἐραστής
1183 5546 1242 5582 τε
1280 5530 1375 5583 καὶ
1414 5526 1689 5597 ἐρώμενος
1729 5523 1907 5591 εἶναι,

332 5628 609 5700 βέλτιστος
634 5625 724 5680 διὰ
753 5625 973 5679 πάντων
1006 5623 1102 5677 καὶ
1139 5621 1474 5691 πολλαχόθεν
1505 5621 1646 5691 ἔχων
1691 5617 1906 5687 θαυμάο

330 5722 545 5788 ζεσθαι,
579 5722 770 5775 ἔπειτα
833 5724 910 5789 μὴ
947 5718 1046 5788 τῆς
1085 5717 1411 5787 γιγνομένης
1444 5714 1597 5783 παρὰ
1623 5715 1734 5777 τοῖς
1757 5709 1909 5764 ταῦτ’

401 5898 481 5971 (l)
511 5896 791 5953 Antbimo.

2012 4711 2177 4752 unum
2222 4693 2384 4747 etiam
2435 4687 2756 4758 Gregorium
2794 4684 3036 4748 fecisset,
3063 4693 3120 4738 et
3163 4697 3415 4753 magn-im
3449 4682 3597 4737 illam

2009 4784 2173 4840 divini
2219 4782 2370 4837 verbi
2402 4793 2610 4843 vocem,
2644 4790 2942 4845 omnesque
2982 4783 3250 4827 terrarum
3294 4772 3600 4842 pervaden-

2012 4889 2117 4934 tern
2178 4877 2335 4934 lines.
2362 4870 2591 4927 Sasimis
2622 4867 2994 4936 imposuisset,
3041 4865 3181 4918 haud
3229 4862 3482 4917 dissimili
3518 4866 3604 4915 r‘a-

2015 4972 2180 5033 tione,
2201 4977 2365 5036 atque
2394 4964 2438 5019 si
2464 4963 2635 5018 solem
2668 4959 2940 5030 quispiam
2963 4956 3186 5028 ignobili
3216 4955 3401 5026 aliquo
3437 4963 3599 5010 terra:

2014 5064 2134 5118 loco
2158 5060 2472 5116 conclusum
2508 5054 2706 5110 abdere
2728 5051 2889 5123 ‘velit.

2085 5152 2329 5211 LXXXI.
2369 5150 2491 5206 Jam
2544 5148 2588 5203 si
2644 5147 2854 5202 amicos
2895 5137 3273 5214 quoscunque,
3320 5142 3413 5211 qui
3442 5148 3605 5194 caete-

2018 5246 2177 5319 roqui
2206 5246 2347 5301 haud
2381 5257 2574 5312 magno
2603 5240 2893 5296 admodum
2920 5251 3149 5292 numero
3181 5234 3411 5301 iocoque
3449 5241 3600 5294 sunt,

2018 5344 2087 5397 iis
2110 5356 2231 5412 qua:
2269 5353 2420 5408 atqua
2467 5343 2521 5389 ct
2554 5331 2935 5389 convenientia
2961 5339 3087 5385 sunt
3118 5325 3395 5390 fraudare,
3423 5321 3604 5376 haudc

2018 5446 2291 5504 quaquam
2322 5433 2609 5484 honestum
2637 5439 2702 5478 ac
2725 5421 2995 5478 laudabile
3027 5420 3294 5480 habetur;
3326 5412 3609 5504 quomodo

2020 5502 2126 5579 non
2156 5524 2415 5588 absonum
2446 5517 2625 5588 plane,
2659 5524 2713 5569 et
2752 5514 3043 5582 iniquitate
3071 5508 3446 5581 plenissimum
3480 5502 3607 5558 lue-

2025 5618 2115 5683 rit,
2146 5587 2363 5684 quando
2409 5612 2502 5683 qui
2539 5623 2673 5679 pene
2730 5609 2923 5661 insano
2951 5601 3181 5670 alicujus
3212 5612 3403 5654 amore
3431 5602 3600 5666 depe-

2023 5710 2112 5774 rit,
2148 5723 2244 5763 nec
2271 5707 2452 5760 minus
2485 5701 2719 5758 invicem
2751 5697 2928 5759 eidem
2966 5689 3433 5760 redamaturmui
3463 5701 3608 5761 pra-
