4028 6436
461 394 573 458 ⁸295

1700 391 2100 453 TIIEUDULI
2140 391 2489 452 MONACHI

3613 392 3707 459 295

469 518 618 564 terea
651 507 807 578 longe
831 505 1084 563 omnibus
1114 506 1164 559 in
1191 509 1351 562 rebus
1395 508 1896 577 ργαιειειιιίεεῑιιιυε,
1931 523 2052 560 om.

2160 505 2306 574 αὐτῷ
2375 505 2664 571 ξυνειδόσι,
2723 504 2888 575 τιμῆς
2945 505 3214 580 ἀπολαύῃ.
3259 508 3324 560 Ὀ
3355 507 3421 576 δὴ
3484 508 3576 561 καὶ
3605 509 3716 560 τότε

467 601 635 668 nique
666 599 883 652 artium
913 601 1283 669 virtutumque
1312 614 1508 668 genere
1552 599 1890 654 admirabilis
1927 609 2044 665 est;

470 692 560 747 hic
606 691 746 760 apud
799 692 898 746 hos
946 693 1114 762 ipsos,
1151 695 1239 760 qui
1298 693 1526 744 istarum
1583 706 1764 745 rerum
1806 692 2046 745 omnium

469 784 679 840 conscii
710 794 982 855 testesque
1032 789 1129 855 ipsi
1180 797 1326 844 sunt,
1360 787 1444 857 jus
1475 801 1631 840 suum
1681 787 2050 854 honoremque

472 877 734 940 debitum,
765 893 867 931 non
906 879 1290 947 censequitur?
1319 879 1470 944 Quod
1504 891 1616 934 tum
1657 879 1918 946 Gregorio
1949 893 2048 932 usu

470 967 697 1020 veniens
749 969 1098 1023 vehementer
1134 970 1381 1024 homines
1436 973 1802 1040 perturbavit;
1855 971 2052 1039 quippe

471 1058 562 1124 qui
594 1071 802 1109 summa
847 1058 996 1111 illum
1033 1074 1259 1129 qumque
1290 1078 1316 1113 a
1353 1060 1555 1117 Basilio
1587 1073 1962 1131 accepturum,
1999 1071 2052 1116 et

473 1165 593 1216 qua:
627 1161 738 1204 tum
771 1151 1026 1206 Basilium
1065 1153 1217 1218 dare,
1263 1164 1376 1208 tmn
1428 1155 1751 1223 Gregorium
1805 1156 2055 1224 accipere

476 1259 576 1314 par
607 1255 744 1306 eral,
799 1256 1190 1313 speraverant;
1248 1262 1412 1315 parva
1454 1262 1579 1300 vero
1607 1248 1872 1316 quaepiam
1913 1247 2054 1299 dun-

475 1345 649 1399 taxat,
703 1346 758 1389 el
811 1352 928 1404 qua:
979 1337 1115 1392 adeo
1173 1338 1314 1392 infra
1347 1339 1746 1394 sanctissimam
1813 1342 2054 1409 ipsorum

476 1429 956 1492 necessitudinem,
990 1429 1332 1499 aliorumque
1361 1435 1822 1496 exspectationem
1852 1443 2053 1495 essent,

478 1519 658 1586 reipsa
711 1519 1032 1584 cernebant,
1071 1530 1126 1572 ut
1173 1521 1491 1588 priusquam
1538 1521 1750 1589 flerent,
1784 1538 1942 1578 nemo
1975 1524 2058 1577 fu-

477 1621 599 1665 tura
641 1612 985 1676 credidisset,
1035 1621 1087 1665 et
1114 1612 1258 1666 facta
1295 1613 1471 1667 denuo
1521 1613 1647 1668 item
1698 1614 2056 1679 incredibilia,

477 1704 748 1772 «meisque
800 1704 1117 1772 ambagibus
1179 1704 1440 1769 involuta,
1493 1705 1826 1771 viderentur,
1888 1722 2060 1776 usque

476 1793 613 1843 adeo
664 1805 858 1858 praeter
902 1808 1116 1845 omnem
1155 1793 1434 1848 hominum
1489 1812 1638 1865 spem
1681 1807 1792 1850 tum
1831 1798 2059 1851 Basilius

475 1882 624 1935 visus
664 1889 767 1946 est,
813 1897 988 1950 neque
1041 1881 1332 1954 Gregorio,
1366 1895 1424 1938 ut
1478 1887 1675 1956 insigni
1710 1889 1867 1956 plane
1913 1889 2055 1954 viro,
2093 1865 2132 1918 Β

475 1971 720 2040 aliosque
770 1988 960 2028 omnes
1009 1988 1384 2043 Supergresso,
1417 1975 1608 2046 dignos
1649 1978 1902 2031 habuisse
1963 1979 2060 2032 lio-

481 2077 644 2118 nores
682 2081 696 2118 :
732 2079 908 2133 neque
950 2075 1004 2119 ut
1037 2077 1230 2120 caetera
1276 2069 1374 2135 ipsi
1411 2067 1599 2120 viliora
1632 2079 1813 2122 essent
1851 2068 2055 2132 omnia,

477 2156 734 2212 amicitiae
768 2159 964 2214 saltem
990 2158 1113 2227 jura
1142 2173 1270 2228 erga
1294 2159 1533 2213 sodalem
1556 2176 1710 2214 suum
1742 2161 2056 2226 observare,

476 2249 573 2303 sed
608 2248 784 2317 ipsum
813 2265 918 2302 non
955 2265 1112 2304 secus
1160 2266 1224 2305 ac
1278 2259 1507 2307 ca-teros
1567 2252 1670 2306 hoc
1726 2255 1780 2307 in
1839 2255 2058 2322 negotio

475 2340 700 2402 habere,
731 2340 989 2402 voluisse,
1031 2357 1138 2410 quo
1186 2341 1303 2407 ipso
1339 2358 1464 2412 nou.
1490 2341 1811 2411 Gregorium
1862 2345 2056 2411 magis,

480 2448 640 2502 quam
675 2433 769 2488 illo
809 2435 1186 2502 semetipsum,
1215 2435 1626 2490 dehonestabat.
1667 2437 1775 2490 Nisi
1812 2437 1910 2491 hoc
1944 2438 2054 2490 fore

473 2532 623 2579 tasse
662 2527 822 2580 modo
853 2523 1111 2581 Basilium
1145 2527 1414 2596 quispiam
1456 2528 1734 2583 defensum
1771 2539 1880 2594 eat,
1913 2531 2056 2600 quod

479 2631 653 2685 neque
701 2618 900 2673 sodalis
949 2619 1034 2673 sui
1089 2619 1480 2687 despicatioue,
1535 2637 1709 2690 neque
1760 2623 2056 2692 singularis

475 2718 636 2778 atque
667 2720 866 2763 mutuae
911 2726 1023 2766 sure
1052 2710 1461 2775 familiaritatis,
1494 2713 1738 2782 dataeque
1770 2715 1970 2768 dudum
2004 2725 2058 2770 et

475 2810 711 2867 acceptae
749 2801 898 2865 ﬁdei,
933 2803 1231 2867 oblivione,
1263 2819 1440 2873 neque
1489 2821 1677 2860 rursus
1720 2809 2056 2876 ignoratione

475 2892 591 2945 veri
629 2893 808 2961 pretii,
838 2908 947 2961 quo
979 2895 1172 2962 dignus
1196 2897 1416 2951 omnino
1449 2897 1745 2968 Gregorius
1785 2910 1950 2964 esset,
1991 2903 2054 2953 ad

478 2982 621 3036 hanc
670 2983 738 3038 de
788 2983 904 3053 ipso
951 2983 1225 3040 ferendam
1279 2990 1604 3043 sententiam
1657 2994 1907 3058 veniret;
1962 2994 2056 3047 sed

477 3073 624 3141 quod
661 3073 933 3126 hominem
967 3073 1106 3142 apud
1140 3091 1198 3129 se
1236 3089 1496 3146 perpetuo
1541 3081 1798 3144 retinere,
1833 3082 2057 3151 ejusque

2149 601 2280 668 περὶ
2311 599 2401 650 τὸν
2434 599 2737 670 Γρηγόριον
2796 599 3071 669 δήπουθεν
3105 601 3328 665 γενονδς
3392 602 3600 664 πάντας
3636 602 3718 666 ἐξ·

2151 689 2355 758 επληξε
2382 706 2396 722 ο
2432 689 2646 759 μεγάλα
2677 689 2776 759 μὲν
2806 690 3092 757 οἰομένους
3122 689 3188 743 ἀν
3210 690 3359 759 αύτῷ
3388 691 3537 762 παρά
3567 690 3720 744 Βασιο

2149 781 2294 835 λείου
2328 781 2602 851 γενέσθαι,
2664 781 2758 834 καὶ
2797 783 2901 836 ὅσα
2955 781 3147 836 τοῦτον
3193 783 3446 835 κάκεῖνον
3469 820 3487 846 ,
3511 783 3600 836 τὸν
3631 785 3722 851 μέν

2150 873 2357 940 δοῦναι,
2394 874 2484 926 τὸν
2507 873 2552 926 δ’
2578 873 2724 938 εἰκὸς
2752 873 3034 945 εἰληφέναι
3055 891 3070 906 ο
3100 877 3272 946 μικρά
3297 876 3354 929 δὲ
3389 878 3615 941 ἰδόντας,
3639 879 3724 930 καὶ

2151 967 2328 1029 οὕτως
2356 966 2452 1033 τῆς
2476 983 2531 1018 τε
2564 966 2697 1035 πρὸς
2721 965 2989 1037 ἀλλήλους
3012 967 3196 1020 αὐτῶν
3223 967 3546 1038 θαυμαστῆς
3568 969 3722 1034 ἕξεως

2155 1060 2247 1111 καὶ
2295 1058 2394 1126 τῆς
2439 1059 2546 1112 τῶν
2604 1058 2780 1112 ἀλλων
2824 1059 3150 1129 προσδοκίας
3193 1061 3547 1114 παντάπασιν
3598 1062 3728 1113 ἀπο-

2154 1151 2364 1218 δέοντα,
2422 1151 2498 1215 ὡς
2547 1154 2678 1223 πρὶν
2710 1153 2809 1223 μὲν
2843 1153 3123 1221 γενέσθαι,
3171 1153 3246 1224 μὴ
3285 1153 3636 1206 πιστεύεσθαι
3669 1155 3728 1206 ἀν

2157 1245 2515 1314 γεγενῆσθαι,
2559 1245 2832 1314 γενόμενα
2862 1247 2918 1300 δὲ
2952 1247 3116 1300 πάλιν
3147 1244 3214 1302 αὖ
3247 1247 3599 1303 ἀπιστεῖσθαι
3643 1247 3730 1300 καὶ

2158 1339 2240 1400 εἰς
2273 1338 2478 1406 ἄπορον
2509 1338 2734 1392 πίπτειν
2759 1355 2773 1369 ⁸
2808 1338 2980 1402 οὓτως
3013 1341 3108 1394 ἀπ’
3139 1341 3356 1401 ἐλπίδος
3386 1341 3601 1410 ἀπάσης
3632 1339 3732 1392 Βα-

2161 1429 2357 1492 σίλειος
2402 1423 2616 1482 ὧπταιο
2656 1429 2781 1482 οὔτε
2811 1430 3002 1482 τοῦτον
3029 1432 3104 1494 ὡς
3139 1431 3458 1501 θαυμαστόν
3497 1448 3615 1484 τινα
3645 1431 3731 1483 καὶ

2162 1519 2299 1587 ὑπὲρ
2334 1521 2542 1582 πάντας
2572 1521 2706 1573 ὂντα
2751 1523 2874 1583 τοὺς
2905 1523 3101 1585 ἄλλους
3141 1522 3211 1574 τά
3240 1522 3430 1575 εἰκότα
3461 1523 3693 1592 τιμήσας
3716 1564 3728 1584 ,

2161 1613 2274 1665 οὔτ’
2303 1613 2351 1665 εί
2380 1613 2454 1684 μή
2486 1631 2538 1666 τι
2563 1615 2774 1682 ἕτερον,
2804 1615 2930 1677 τοὺς
2961 1614 3095 1681 γοῦν
3125 1615 3373 1682 ἑταιρίας
3397 1616 3593 1681 νόμους
3618 1615 3733 1682 περὶ

2161 1708 2324 1760 αὐτὸν
2352 1707 2618 1777 ἐθελήσας
2644 1708 2899 1774 φυλάξαι,
2933 1709 3067 1762 ἀλλὰ
3095 1709 3236 1762 κατά
3267 1711 3399 1772 τοὺς
3431 1710 3621 1771 ἄλλους
3649 1710 3734 1762 καὶ

2164 1800 2338 1872 τούτῳ
2388 1801 2733 1871 χρήσασθαιο
2787 1803 2848 1854 ού
2899 1801 3100 1871 μᾶλλον
3135 1802 3326 1855 τοῦτον
3382 1801 3653 1865 ἐντεῦθεν,
3704 1802 3733 1870 ἦ

2163 1895 2353 1946 ἑαυτὸν
2401 1895 2677 1963 ἀτιμάσας
2731 1893 2942 1947 ἐκεῖθεν
2968 1912 2980 1924 ·
3017 1895 3157 1965 πλὴν
3183 1895 3236 1946 εί
3260 1911 3347 1958 τις
3395 1896 3536 1966 ὑπὲρ
3580 1893 3734 1947 αὑτοῦ

2163 1985 2308 2039 τοῦτ’
2341 1985 2454 2055 ἕχει
2486 1988 2688 2054 λέγειν,
2722 1986 2797 2050 ὡς
2832 1987 2931 2039 οὐκ
2963 1986 3328 2058 ὑπερφρονῶν
3362 1988 3456 2041 τὸν
3487 1989 3694 2055 ἑταῖρον
3718 2025 3732 2044 .

2161 2080 2280 2131 οὐδέ
2314 2079 2413 2146 τῆς
2451 2079 2765 2149 ὑπερφυοῦς
2793 2080 2929 2148 προς
2989 2079 3256 2147 ἀλλήλους
3313 2080 3616 2147 συμπνοίας
3645 2078 3734 2131 καὶ

2160 2171 2269 2222 τῶν
2320 2169 2382 2233 ἐξ
2412 2170 2587 2240 ἀρχῆς
2628 2171 2929 2239 ὁμολογιῶν
2969 2170 3121 2238 ἥκων
3165 2172 3245 2233 είς
3289 2171 3464 2241 λήθην
3493 2189 3508 2203 ·
3539 2169 3643 2223 οὐδ’
3668 2169 3732 2222 αὖ

2161 2265 2286 2317 ὅσου
2316 2263 2459 2324 τινὸς
2488 2259 2554 2333 ἧν
2585 2263 2791 2324 ἐκεῖνος
2822 2263 3118 2330 ἀξιόχρεως
3147 2263 3382 2328 ἀγνοῶν,
3417 2263 3512 2317 ἐπὶ
3539 2261 3730 2330 ταύτην

2161 2356 2332 2408 ἔπειθ’
2365 2356 2491 2422 ἥκει
2519 2355 2620 2424 τὴν
2649 2354 2852 2423 ψῆφον,
2911 2355 3029 2407 ἀλλ’
3076 2355 3181 2423 ἄρα
3215 2355 3350 2424 παρ’
3378 2353 3528 2422 αύτῷ
3555 2351 3729 2404 τοῦτον

2162 2447 2308 2514 ἔχειν
2348 2445 2546 2497 ἐθέλων
2577 2443 2709 2508 αίεὶ,
2764 2442 2860 2497 καὶ
2911 2444 3045 2513 ὁρᾷν
3094 2444 3188 2495 καὶ
3223 2443 3490 2506 ξυνεῖναι,
3540 2442 3626 2494 καὶ
3663 2440 3730 2509 μὴ

2165 2539 2324 2608 μόνον
2355 2537 2454 2608 τῆς
2483 2536 2708 2606 ἡδίστης
2741 2535 2908 2588 αὑτοῦ
2942 2535 3019 2604 (2)
3056 2539 3242 2607 φωνῆς
3268 2553 3328 2589 τε
3362 2541 3461 2590 καὶ
3493 2537 3727 2603 γλώττης

2161 2629 2403 2695 ἀκούειν,
2457 2630 2594 2682 ἀλλά
2645 2631 2740 2682 καὶ
2787 2629 2962 2697 λόγων
3008 2631 3306 2682 ἀπολαύειν
3353 2631 3596 2691 ἐκείνων,
3655 2623 3728 2688 οἷς

2161 2726 2528 2794 ἐφιλοτιμεῖτο
2570 2722 2825 2777 τοσοῦτον
2852 2763 2865 2782 ,
2909 2721 2984 2784 ὡς
3033 2720 3186 2775 ούπω
3236 2725 3354 2783 τοῖς
3405 2722 3594 2775 ἑαυτοῦ
3631 2720 3729 2771 τῶν

2164 2819 2384 2871 πάντων
2417 2818 2611 2880 οὐδεὶς,
2655 2817 2776 2869 ἐπεὶ
2809 2815 2959 2868 τοῦδε
2994 2817 3180 2884 τυχεῖν
3209 2816 3314 2868 οὐκ
3345 2816 3519 2880 ἄλλως
3551 2811 3654 2874 οἷος
3684 2810 3726 2864 τ’

2159 2905 2251 2980 ἦν,
2276 2912 2623 2974 καινοτομεῖν
2648 2908 2736 2962 διὰ
2767 2925 2825 2960 τε
2853 2909 2944 2960 τὸν
2977 2909 3140 2960 πόθον
3171 2909 3312 2980 (pato
3345 2912 3475 2972 δεῖν,
3515 2910 3602 2959 καὶ
3627 2907 3730 2973 ἅμα

2160 3001 2256 3070 τὴν
2284 2999 2377 3052 τοῦ
2407 2997 2705 3070 Γρηγορίου
2740 2997 3145 3070 μεγαλοψυχίαν
3181 3003 3278 3055 καὶ
3310 3003 3376 3073 ἢν
3414 3001 3548 3070 πρὸς
3577 2997 3727 3051 αὑτὸν

2163 3087 2309 3162 εἶχεν
2344 3091 2478 3144 αἰδῶ
2526 3090 2716 3160 σαφῶς
2748 3090 3112 3160 ἐπιστάμενος
3140 3107 3153 3121 °
3195 3086 3272 3146 ὧν
3310 3093 3563 3146 τοσοῦτον
3593 3087 3727 3156 αὐτῷ

476 3163 764 3234 praesentia
799 3179 862 3218 ac
897 3167 1289 3222 consuetudine
1339 3169 1525 3223 oculos
1565 3173 1916 3242 animumque
1961 3189 2057 3243 pa-

2167 3184 2384 3253 περιῆν,
2432 3181 2562 3235 ὥσθ’
2597 3185 2735 3253 ὅπερ
2766 3185 2972 3237 ἐκεῖνον
3021 3184 3191 3254 ἐχρῆν
3227 3187 3368 3257 πρὸς
3396 3185 3556 3239 αὐτὸν
3599 3183 3728 3233 ἐνδε-

479 3269 634 3309 sccre
670 3265 912 3325 cuperet,
949 3271 1124 3326 neque
1169 3261 1550 3314 suavissimam
1599 3263 1756 3317 modo
1786 3265 1886 3318 sibi
1915 3265 2058 3321 illius

478 3361 666 3400 vorem
701 3361 765 3401 ac
814 3348 1048 3418 linguam
1085 3353 1307 3406 auribus
1345 3369 1631 3422 usurpare,
1672 3355 1762 3408 sed
1797 3357 2056 3411 orationi-

474 3435 580 3492 bus
632 3437 759 3492 item
800 3440 929 3508 ipsis
966 3441 1090 3506 frui,
1140 3443 1208 3496 de
1258 3444 1452 3510 quibus
1501 3454 1782 3514 tantopere
1834 3448 2052 3516 gloriari

476 3528 671 3583 solitus
713 3540 852 3593 erat,
893 3545 1100 3599 quanto
1133 3549 1292 3588 nemo
1337 3537 1576 3590 omnium
1613 3539 1676 3590 ad
1716 3538 1864 3592 illum
1909 3541 2053 3595 diem

478 3619 547 3674 de
607 3621 718 3675 suis
772 3621 942 3690 ipsius
997 3623 1098 3693 (1).
1163 3623 1278 3680 Hoc
1317 3641 1446 3681 vero
1485 3642 1607 3682 cum
1675 3631 1784 3684 alia
1847 3635 2057 3688 ratione

478 3711 626 3764 nulla
670 3715 932 3781 consequi
973 3726 1178 3784 posset,
1231 3727 1284 3772 et
1340 3718 1763 3789 ﬂagrantissimo
1813 3724 2060 3795 Gregorii

479 3803 748 3858 desiderio
783 3805 1066 3872 adductus,
1093 3824 1260 3864 novas
1288 3810 1409 3864 illas
1442 3813 1544 3866 sibi
1573 3821 1914 3880 usurpaudas
1946 3829 2061 3872 sta-

481 3894 585 3947 tuit
644 3895 1093 3965 machinationes,
1156 3909 1214 3954 et
1267 3902 1426 3956 simul
1489 3905 1632 3972 quod
1695 3909 1859 3960 animi
1919 3910 2061 3965 illius

479 3983 934 4053 magnitudinem,
967 4001 1130 4056 atque
1163 4008 1291 4061 erga
1324 4008 1382 4046 se
1409 3995 1837 4061 observantiam,
1864 4001 2061 4056 claris-

2165 3275 2392 3344 δεῖχθαι,
2418 3276 2492 3340 ὡς
2509 3275 2615 3346 ἄρα
2640 3277 2767 3346 περὶ
2790 3276 3032 3340 πλείονος
3055 3277 3217 3330 αὑτὸν
3241 3280 3464 3332 πάντων
3487 3276 3728 3328 ποιεῖται.

2167 3368 2244 3436 τῷ
2285 3368 2357 3436 μὴ
2388 3369 2770 3436 συντεταχέναι
2819 3370 2932 3431 τοῖς
2977 3369 3181 3433 ἄλλοις,
3213 3369 3364 3422 τοῦτ’
3403 3370 3562 3422 αὑτὸν
3606 3364 3729 3432 πρὸς

2167 3461 2378 3511 ἐκεῖνον
2426 3461 2563 3528 μετά
2597 3458 2791 3513 πολλοῦ
2842 3461 2936 3514 τοῦ
2978 3461 3256 3530 περιόντος
3309 3461 3631 3532 εἰργάσθαι·
3670 3454 3728 3506 δι’

2166 3544 2241 3601 ὧν
2268 3549 2375 3620 γὰρ
2400 3549 2538 3620 πρὸς
2561 3551 2659 3620 τὴν
2680 3553 3018 3622 χειροτονίαν
3038 3553 3242 3624 ταύτην
3263 3554 3616 3623 καλούμενος,
3640 3548 3729 3600 ούκ

2166 3643 2419 3694 ἀντεῖπεν
2445 3657 2460 3672 ⁸
2509 3642 2618 3694 οὐδ’
2668 3643 3056 3715 ἀπεπήδησεν·
3087 3645 3226 3712 ὅπερ
3272 3647 3484 3707 ἐκεῖνος
3527 3643 3728 3701 πάντως

2159 3732 2364 3785 ἔπαθεν
2391 3733 2480 3794 ἀν.
2527 3735 2575 3785 εί
2610 3734 2922 3787 τούναντίον
2955 3735 3095 3804 πρὸς
3142 3737 3356 3790 ἐκεῖνον
3387 3735 3536 3790 ταῦτ’
3582 3731 3726 3790 air-3;

2162 3817 2276 3892 εἶχε
2329 3825 2522 3887 ποιεῖν,
2571 3824 2771 3891 ἔδειξεν
2817 3826 2943 3878 ὅσου
2989 3828 3132 3889 τινος
3186 3830 3444 3881 τάκείνου
3491 3827 3722 3896 τιμᾶται,

2161 3917 2258 3967 καὶ
2303 3914 2376 3977 ὡς
2425 3917 2525 3984 τὴν
2581 3916 2780 3969 ἑαυτοῦ
2832 3916 2991 3982 δόξαν
3041 3921 3334 3990 παραπολὺ
3387 3921 3482 3990 τῆς
3529 3919 3727 3971 ἐκείνου

2163 4004 2397 4071 νομίζει.

477 4078 614 4132 sime
644 4091 982 4151 perspectam
1013 4084 1258 4136 haberet.
1295 4084 1504 4148 Quibus
1553 4096 1738 4139 noster
1763 4090 2054 4150 virtutibus
2095 4108 2302 4152 tantum
2350 4096 2669 4164 praestabat,
2714 4108 2772 4152 ut
2815 4101 2958 4170 quod
3007 4115 3136 4170 erga
3227 4101 3380 4156 illum
3469 4100 3730 4154 declarare

478 4170 710 4228 Basilius
749 4174 1006 4230 debuerat
1039 4175 1299 4241 ofﬁcium,
1341 4188 1548 4230 tantum
1582 4195 1640 4234 se
1715 4182 1972 4240 nimirum
2040 4206 2204 4262 supra
2275 4193 2410 4246 alios
2475 4206 2664 4246 omnes
2735 4191 2998 4262 Gregorio
3050 4193 3300 4260 deferre;
3368 4202 3427 4247 ut
3482 4201 3724 4245 novorum

476 4267 704 4322 istorum
761 4272 1066 4325 antistitum
1123 4272 1173 4326 in
1215 4289 1442 4328 numero
1485 4274 1633 4327 illum
1715 4293 1819 4331 non
1892 4297 2204 4353 reponeret,
2261 4288 2314 4342 id
2369 4287 2571 4344 Basilio
2627 4289 2889 4358 majorem
2954 4289 3198 4358 profecto
3249 4291 3303 4343 in
3363 4289 3578 4342 modum
3625 4284 3727 4347 ipse

477 4373 778 4430 praestaret,
821 4378 887 4418 eo
943 4364 1196 4420 videlicet
1255 4365 1396 4433 ipso,
1437 4367 1579 4432 quod
1637 4370 1703 4422 ad
1755 4372 2067 4440 pra-dictam
2109 4379 2580 4449 inaugurationem
2637 4389 2902 4447 vocatus,
2954 4379 3088 4433 nihil
3141 4381 3558 4440 contradiceret,
3641 4389 3728 4427 uec

477 4456 781 4525 aufugeret,
843 4456 1301 4524 quemadmodum
1362 4460 1480 4511 sine
1543 4457 1711 4513 dubio
1782 4462 2026 4520 facturus
2066 4467 2243 4522 fuerat
2307 4469 2560 4534 Basilius,
2614 4469 2657 4523 si
2725 4478 2914 4523 contra
2967 4471 3086 4537 ejus
3127 4472 3271 4526 modi
3362 4470 3628 4541 quidpiam
3679 4466 3725 4518 iu

477 4549 630 4604 illum
678 4549 988 4603 faciendum
1044 4548 1327 4603 habuisset
1362 4549 1684 4621 Gregorius,
1729 4553 1862 4608 satis
1895 4559 2152 4626 ostendit,
2202 4572 2254 4617 et
2284 4564 2470 4631 quanti
2522 4562 2905 4616 auctoritatem
2958 4563 3102 4618 illius
3184 4563 3412 4627 faceret,
3479 4572 3533 4617 et
3595 4553 3725 4627 (ιιιοά

477 4642 620 4695 illitts
651 4641 879 4708 gloriam
918 4656 1028 4694 suae
1059 4641 1216 4711 longe
1248 4645 1566 4701 anteferret.

543 4731 809 4788 LXXXII.
857 4734 1002 4787 Cave
1037 4749 1163 4789 vero
1192 4735 1366 4801 dicas,
1393 4738 1530 4802 Quid
1576 4738 1738 4806 igitur
1783 4743 2054 4812 extemplc

2235 4739 2359 4795 ΠΒό
2403 4742 2510 4796 Καὶ
2545 4741 2691 4803 ὅπως
2726 4740 2800 4811 μὴ
2839 4743 3038 4813 εἴπῃςο
3093 4741 3158 4794 Τί
3193 4736 3286 4794 οὖν
3333 4741 3493 4799 εὐθὺς
3535 4735 3727 4788 ἐκεῖθεν

471 4827 598 4881 inde
652 4841 773 4880 sese
824 4825 1082 4880 subduxit
1135 4827 1468 4899 Gregorius?
1534 4831 1640 4884 Deo
1681 4831 1932 4885 nimirum
1986 4834 2054 4888 ad

2160 4836 2368 4906 ἀπέδρα
2393 4853 2408 4900 ;
2443 4835 2532 4888 τοῦ
2579 4836 2686 4905 γὰρ
2714 4833 2850 4887 Θεοῦ
2885 4837 2980 4888 καὶ
3010 4835 3167 4887 τοῦτο
3188 4835 3410 4887 κάκεῖνο
3439 4828 3720 4885 κινοῦντος,

475 4917 580 4972 hoc
643 4915 852 4982 pariter
909 4930 973 4969 ac
1032 4917 1160 4971 illud
1223 4919 1572 4987 impellente,
1637 4929 1752 4973 tum
1821 4922 2054 4990 primum

408 5063 413 5080 ,
474 5010 664 5073 cessit,
725 5019 833 5062 tum
892 5021 1080 5077 postea
1137 5027 1329 5066 rursus
1377 5013 1605 5082 aufugit,
1661 5015 1752 5082 qui
1789 5030 2056 5068 summam

475 5098 605 5152 item
641 5098 888 5168 Gregorii
927 5103 1096 5153 nostri
1130 5102 1294 5155 animi
1327 5105 1755 5158 moderationem
1783 5117 2058 5160 monstra-

475 5193 591 5254 bat,
621 5200 676 5245 et
703 5191 864 5244 simul
903 5207 1076 5260 neque
1103 5196 1290 5249 orbem
1327 5205 1592 5249 terrarum
1645 5199 1736 5250 tali
1767 5200 1948 5253 orbari
1985 5202 2062 5254 si-

473 5285 641 5337 nebat
676 5285 829 5349 viro;
865 5286 1081 5353 qualem
1115 5303 1238 5357 ego,
1275 5303 1468 5356 nempe
1499 5289 1718 5358 pulchra
1756 5293 1936 5346 omnia
1966 5309 2060 5360 pa-

479 5374 616 5427 riter
665 5386 1039 5444 pervagatum,
1071 5381 1339 5432 nemincm
1377 5380 1486 5431 ullo
1525 5395 1763 5447 unquam
1819 5391 2060 5451 tempore

478 5466 666 5519 videre
707 5468 950 5533 memini,
1001 5484 1174 5537 neque
1210 5472 1404 5539 ipsum,
1440 5472 1715 5540 ipsiusque
1748 5475 2057 5539 exquisitis-

2165 5477 2279 5528 θεῖν
2318 5479 2412 5529 καλ⁵
2461 5472 2568 5528 οἷον
2620 5478 3045 5544 ἀποσϐεσθῆναι,
3099 5477 3350 5543 καθάπερ
3397 5470 3514 5524 τινὰ
3559 5464 3716 5534 μέγαν

475 5557 641 5612 simas
679 5557 893 5614 dicendi
933 5572 1098 5626 artes,
1145 5563 1195 5615 in
1244 5566 1478 5616 ohsruro
1520 5579 1584 5617 ac
1632 5564 1894 5618 vilissimo
1941 5568 2057 5621 loco

2166 5569 2398 5638 πυρσὸν,
2449 5567 2547 5634 τῆς
2578 5568 2960 5636 προσηκούσης
2995 5567 3125 5636 ὕλης
3150 5569 3247 5619 ούκ
3273 5562 3453 5630 οὔσης.
3665 5637 3693 5648 Η

479 5651 690 5708 clausas
738 5653 938 5716 latere;
990 5666 1043 5710 et
1127 5661 1512 5728 pt‘Opetnodum
1575 5663 1866 5732 castiugui,
1925 5662 2097 5715 instar
2175 5663 2311 5716 facis
2376 5667 2656 5735 cujusdam
2726 5664 2992 5729 ingentis,
3057 5662 3254 5716 idenm
3322 5659 3580 5714 destituit}?
3630 5639 3721 5696 εῖν

478 5757 682 5804 mento.

2155 4923 2266 4990 εἷξέ
2313 4945 2370 4979 τε
2414 4927 2510 4997 τὴν
2549 4927 2744 4997 ἀρχὴν,
2802 4929 2894 4980 καὶ
2928 4927 2993 4980 αὖ
3037 4928 3198 4980 πάλιν
3243 4927 3495 4995 ἀπέδρασ
3543 4925 3638 4991 τήν
3669 4931 3720 4967 τε

2158 5018 2460 5071 ἐπιείκειαν
2513 5017 2704 5070 τούτου
2733 5019 3059 5081 δεικνύντος,
3093 5020 3186 5072 καὶ
3213 5020 3328 5088 ἅμα
3358 5018 3454 5068 οὐκ
3479 5007 3724 5079 ἀνεχομέ-

2160 5127 2276 5174 νου,
2313 5111 2385 5178 μή
2414 5127 2473 5162 τε
2506 5110 2607 5178 τὴν
2635 5110 2961 5177 οἰκουμένην
2985 5111 3178 5178 ἀνδρὸς
3209 5107 3535 5180 ἐστερῆσθαι
3564 5095 3722 5153 τοιού-

2163 5219 2297 5265 του,
2359 5199 2471 5254 οἷον
2531 5201 2639 5269 ἐγὼ
2699 5203 2891 5254 οὐδένα
2952 5202 3038 5255 διὰ
3092 5205 3308 5256 πάντων
3365 5201 3533 5258 οὕτως
3589 5192 3720 5244 ἰόντα

2163 5294 2450 5345 οὐπώποτε
2478 5291 2636 5358 εἶδον,
2673 5293 2798 5362 μήτ’
2821 5294 2984 5346 αὑτὸν
3012 5295 3251 5355 καὶτοὺς
3276 5291 3439 5346 αὐτοῦ
3465 5287 3642 5352 λόγους
3668 5280 3718 5328 ἐν

2166 5385 2374 5451 φαύλῳ,
2405 5389 2495 5438 καὶ
2529 5386 2737 5446 οὐδενὸς
2771 5385 2903 5449 ἀξίῳ
2933 5384 3385 5452 συγκλεισθέντας
3411 5376 3609 5450 χωρίῳ,
3635 5370 3718 5419 λα⁶

553 5866 632 5936 ’l)
669 5866 892 5942 Gregor.
922 5870 1164 5941 Epitaplt.
1199 5873 1364 5928 Basil.
1405 5875 1525 5929 iuit.

2217 5877 2289 5945 (‘2)
2327 5874 2404 5925 Au
2437 5872 2664 5942 αὑτῴε).
2702 5872 2865 5942 Cl'eg.
2915 5871 3166 5943 Epilrip/t.
3205 5872 3331 5924 Bas.
3363 5867 3482 5919 (itte.
