4028 6426
319 438 428 505 2θῖ

1240 447 1635 507 [ΑΗΒᾹΤΙΟ
1677 448 1738 508 S.
1783 437 2171 507 GREGORII
2204 436 2623 509 THEOLOGI.

3490 443 3600 507 £93

394 553 513 609 ΠΓ.
546 554 711 609 Ταῦτ’
733 555 842 627 ἄρα
876 556 995 628 θείᾳ
1026 556 1194 628 ψήφῳ
1224 557 1565 626 πειθόμενος,
1598 564 1780 631 ἀπῆρε
1812 564 1898 631 μὲι

2087 561 2373 617 LXXXIII.
2415 559 2776 627 Quamobrem
2812 557 3007 613 divina:
3050 558 3341 615 obsecutus
3374 569 3602 616 senten—

322 648 518 702 αὐτίκα
559 649 848 720 Σασίμων·
883 650 1016 721 πρὸς
1057 649 1112 703 δέ
1145 668 1198 703 τι
1258 653 1454 722 χοιρίον
1500 654 1730 724 ἡσυχίας
1764 656 1903 708 πάνυ

320 759 405 794 τοι
431 742 618 813 γέμον,
648 745 872 813 μετῆρε.
898 744 1131 799 Κᾶπειτ“
1151 743 1315 797 αὑτὸν
1345 740 1455 814 εἶχε
1481 746 1643 798 πάλιν
1672 746 1908 808 Ναζιαν-

322 833 450 897 ζὸς,
479 835 534 886 ἐν
565 833 764 888 ἅπαντι
794 836 870 905 τῷ
913 835 1100 906 χρείας
1141 836 1415 904 ἱσταμένῳ
1450 839 1517 888 τὰ
1561 836 1795 905 μέγιστα
1828 837 1905 906 τῷ

321 927 490 998 πατρὶ
533 929 920 999 συναιρόμενον
948 946 962 960 ’
1007 928 1102 982 καὶ
1136 930 1406 1000 τοσαύτην
1449 930 1775 1000 εἰσφέροντα
1807 934 1903 999 τὴν

324 1020 562 1091 σπουδὴν
596 1021 733 1090 ὑπὲρ
764 1020 855 1073 τοῦ
891 1022 1016 1091 μήτ’
1058 1023 1266 1075 ἐκεῖνον
1300 1022 1393 1075 ἐπὶ
1434 1022 1626 1092 μηδενὶ
1657 1024 1904 1093 τοπαρὰ-

323 1129 429 1163 παν
470 1114 545 1181 μὴ
579 1111 625 1164 δ’
673 1113 976 1168 ὁπωστιοῦν
1013 1114 1385 1183 δυσχερᾶναι,
1422 1114 1550 1184 μήτ’
1584 1115 1750 1168 αὑτὸν
1793 1121 1903 1168 τῶν

320 1203 421 1257 ὅσα
451 1202 578 1274 ἐξῆν
608 1205 727 1267 ἐνὸς
758 1205 986 1275 μηδενὸς
1015 1205 1378 1276 ἀποσχέσθαι,
1413 1206 1551 1260 ἀλλὰ
1577 1208 1673 1260 καὶ
1701 1210 1807 1261 πᾶν
1828 1208 1904 1272 ὠς

319 1298 494 1349 εἰπεῖν
527 1298 823 1367 θεραπείας
855 1290 992 1361 εἶδος
1030 1299 1168 1370 πρὸς
1201 1298 1364 1352 αὑτὸν
1396 1300 1757 1372 ἐνδεδεῖχθαι,
1789 1301 1903 1355 ἐστι

298 1389 375 1442 δὲ
404 1390 470 1461 ἢν
498 1390 589 1443 καὶ
619 1391 717 1443 οὐκ
741 1386 905 1445 οὖσαν
930 1392 1341 1463 προσεξευρεῖν,
1368 1393 1462 1445 καὶ
1482 1392 1619 1457 ὅλως
1639 1396 1907 1465 πανταχό-

320 1481 412 1534 θεν
436 1484 583 1552 αὐτῷ
607 1482 873 1548 ξυντελεῖν
896 1485 965 1538 τὰ
992 1486 1313 1553 γιγνόμενα,
1338 1485 1470 1555 ὅσην
1501 1485 1567 1539 ἂν
1598 1487 1767 1556 εξςκαὶ
1791 1490 1903 1551 τοῖς

317 1574 776 1645 φρικωδεστάτοις
801 1577 924 1630 ἷτῶν
955 1578 1134 1647 ὅρκων
1176 1577 1370 1631 ἐαυτὸν
1402 1579 1662 1651 περιέσχε
1682 1621 1696 1644 ,
1726 1579 1905 1635 ταῦτά

317 1683 379 1718 τε
412 1666 545 1736 ὁμοῦ
578 1669 754 1722 πάντα
787 1670 879 1722 καὶ
907 1669 1079 1740 ἡδέως
1111 1672 1204 1724 καὶ
1232 1671 1369 1741 μετὰ
1400 1674 1602 1735 παντὸς
1632 1675 1903 1743 είσενηνο-

315 1762 471 1829 χέναι
501 1761 594 1814 τοῦ
627 1761 917 1831 βούλεσθαι
949 1780 964 1793 ·
1002 1760 1095 1816 καὶ
1129 1762 1354 1816 τοσοῦτο
1386 1764 1586 1834 μᾶλλον
1609 1805 1623 1829 ,
1661 1765 1737 1828 ῶς
1773 1765 1902 1836 μηδ’

312 1856 587 1923 είσςρέρειν
615 1857 749 1919 ὅλως
776 1856 975 1918 δοκεῖν,
1013 1852 1152 1909 ἀλλὰ
1188 1855 1340 1909 ταῦτ’
1363 1856 1516 1927 αὐτῷ
1541 1857 1672 1927 παρ’
1697 1861 1903 1930 ἐτέρων

316 1947 665 2016 εἰσφέρεσθαι
689 1964 702 1979 ⁶
735 1948 828 2001 καὶ
863 1949 1067 2017 μᾶλλον
1101 1949 1266 2012 αὐτὸς
1304 1949 1408 2000 ὑπὸ
1452 1954 1546 2001 τοῦ
1580 1951 1787 2021 πατρὸς
1843 1945 1902 2003 εὖ

316 2040 545 2110 πάσχειν
583 2042 842 2110 νομίζειν,
888 2042 920 2112 ἧ
957 2042 1046 2095 τὸν
1077 2043 1290 2112 πατέρα
1322 2044 1517 2110 τιμᾷν·
1552 2041 1726 2106 οὕτως
1755 2043 1903 2114 αύτῷ

314 2132 407 2181 καὶ
442 2131 581 2200 πέρα
609 2130 703 2183 τοῦ
730 2131 962 2194 εἰκότος,
990 2131 1049 2182 τὸ
1074 2131 1219 2194 εἰκὸς
1246 2131 1498 2185 ἀπεδίδου
1519 2171 1534 2195 ,
1565 2134 1657 2185 καὶ
1688 2131 1788 2203 τὴν
1817 2149 1903 2201 γι-

316 2223 580 2292 γνομένη)
616 2224 943 2292 ύπερέῧαινε
982 2221 1160 2285 τάξιν,
1195 2225 1252 2275 ἐν
1286 2222 1363 2293 τῷ
1397 2226 1586 2294 τηρεῖν
1615 2225 1682 2277 τὰ
1715 2225 1897 2291 γιγνό-

323 2332 458 2384 μενα
502 2314 827 2384 βούλεσθαι·
872 2315 1199 2381 ἐφιλονείκει
1230 2317 1340 2386 γὰρ
1376 2314 1568 2385 ὥσπερ
1605 2319 1797 2369 ἑαυτόν
1836 2334 1894 2369 τε

317 2406 672 2474 ὑπερϐάλλειν
718 2408 774 2458 ἐν
804 2406 1035 2469 τούτοις,
1084 2406 1177 2458 καὶ
1229 2408 1480 2477 κρεῖττον
1529 2407 1605 2477 (ὅ)
1636 2407 1900 2462 ἐκάστοτε

313 2497 621 2550 δείκνυσθαι
646 2514 659 2527 '
684 2492 774 2549 τόν
797 2515 855 2549 τε
895 2497 1106 2567 πατέρα
1151 2499 1602 2568 παρασκευάζειν
1648 2498 1725 2564 τῷ
1752 2516 1904 2569 περι-

312 2589 424 2642 όντι
470 2589 576 2641 τῶν
617 2589 838 2657 ἀγαθῶν
884 2582 927 2656 ᾧ
975 2591 1056 2652 είς
1099 2588 1259 2643 αὐτὸν
1303 2577 1570 2654 ἐνεποίει,
1613 2591 1688 2660 μὴ
1740 2590 1901 2660 μόνον

311 2684 498 2750 γήρως
532 2682 625 2733 καὶ
657 2682 861 2742 νόσων.
900 2683 992 2735 καὶ
1031 2681 1142 2735 τῶν
1174 2680 1423 2735 ἐντεῦθεν
1450 2681 1752 2753 δυσχεριῶν
1788 2677 1901 2735 οἶόν

311 2774 432 2823 τινα
485 2771 654 2842 λήθην
699 2768 1024 2841 λαμϐάνειν,
1075 2774 1209 2827 ἀλλὰ
1263 2777 1358 2826 καὶ
1406 2775 1709 2827 λυσιτελεῖν
1751 2774 1899 2844 αὐτῷ

312 2865 485 2918 ταῦτα
510 2866 595 2921 διὰ
625 2866 797 2920 ταῦτα
822 2869 1090 2937 νομίζειν.

2015 655 2123 718 tiae,
2159 670 2189 709 e
2226 653 2450 725 vestigio
2483 653 2694 708 Sasima
2730 646 3006 721 relinquit,
3039 652 3326 723 locumque
3362 652 3597 723 aliquem

2012 747 2211 815 quietis
2245 756 2300 801 et
2342 740 2757 814 tranquillitatis
2797 744 3095 814 pleniorem
3154 747 3313 815 petit.
3354 745 3601 800 Subinde

2012 852 2141 891 vero
2173 838 2355 892 denuo
2395 837 2542 891 illum
2580 835 2884 892 Nazianzus
2921 838 3114 901 tenuit,
3158 832 3454 891 maximum
3502 856 3602 908 pa-

2014 929 2081 983 tri
2111 930 2545 999 quandocunque
2577 944 2705 983 usus
2734 937 2880 984 esset
2917 929 3248 998 adjutorem,
3276 940 3332 984 et
3356 930 3450 999 qui
3488 940 3604 983 tan-

2015 1029 2122 1074 tam
2157 1012 2246 1074 hic
2277 1019 2435 1089 plane
2472 1018 2758 1073 adhiberet
2792 1021 3227 1084 contentionem,
3275 1036 3382 1089 quo
3425 1036 3602 1091 neque

2013 1114 2103 1169 ille
2134 1113 2240 1169 ulla
2278 1113 2500 1167 omnino
2530 1128 2595 1167 ex
2631 1128 2708 1178 re,
2759 1112 3031 1182 modoque
3066 1112 3198 1179 ullo,
3233 1112 3471 1185 aliquam
3506 1133 3600 1169 ac«

2010 1208 2220 1276 ciperet
2265 1198 2651 1273 oﬂ‘eusionem,
2702 1220 2877 1274 neque
2910 1205 3026 1274 ipse
3072 1207 3391 1277 quidquam,
3420 1208 3598 1278 quoad

2011 1299 2131 1369 ejus
2170 1298 2352 1355 facere
2372 1306 2579 1369 posset,
2612 1299 2915 1361 omitteret,
2961 1295 3054 1353 sed
3085 1313 3419 1368 quaecunque
3454 1300 3603 1369 peni.

2013 1399 2100 1446 tus
2149 1390 2517 1446 observantia;
2553 1381 2838 1459 cultusque
2888 1398 3015 1443 sunt
3059 1389 3255 1455 oIIicia,
3287 1404 3351 1444 ea
3388 1392 3595 1458 omnia,

2010 1500 2078 1540 ne
2126 1484 2345 1555 longum
2396 1482 2619 1548 faciam,
2666 1483 2806 1551 patri
2842 1482 3128 1548 tribueret,
3166 1491 3329 1551 atque
3359 1482 3595 1551 aliquam

2010 1578 2218 1641 itidem,
2252 1584 2415 1631 antea
2442 1578 2707 1647 ignotam,
2743 1576 2991 1645 obsequii
3018 1575 3181 1629 iniret
3214 1575 3502 1639 rationem,
3537 1576 3603 1629 ad

2008 1684 2276 1724 summam
2306 1669 2539 1738 denique
2571 1669 2719 1721 omni
2767 1682 2830 1721 ex
2866 1678 3019 1736 parte
3055 1666 3294 1721 debitam
3327 1665 3400 1720 illi
3429 1669 3603 1736 pieta-

2012 1771 2115 1815 tem
2153 1763 2457 1826 exhiberet,
2500 1770 2704 1830 quanta
2761 1775 3001 1829 unquam
3054 1760 3269 1815 etiamsi
3324 1759 3605 1830 conceptis

2009 1851 2192 1907 verbis
2221 1848 2538 1921 ultimisque
2587 1850 3063 1906 exsecrationibus
3114 1867 3236 1905 sese
3270 1852 3603 1906 obstrinxis—

1934 1916 2117 2010 Bstu,
2177 1945 2254 1998 uti
2306 1944 2575 2014 potuisset
2630 1943 3005 1997 contentione.
3044 1944 3223 2011 Atque
3272 1942 3435 1997 simul
3488 1944 3604 1997 lucc

2009 2039 2261 2093 universa
2331 2038 2679 2106 maximaque
2748 2037 2876 2090 item
2943 2047 3054 2090 tum
3122 2036 3415 2103 voluptate,
3484 2045 3597 2089 tum

2006 2124 2155 2185 omni
2182 2130 2348 2183 animi
2385 2130 2566 2185 studio
2596 2129 2650 2183 in
2682 2139 2889 2198 patrem
2917 2130 3211 2194 conferret,
3255 2130 3417 2199 idque
3449 2141 3600 2183 Ianto

2002 2237 2136 2275 sane
2177 2220 2477 2275 studiosius
2513 2221 2863 2289 enixiusque,
2898 2230 2956 2275 ut
2992 2237 3097 2275 non
3145 2221 3260 2290 ipse
3300 2222 3597 2290 quidquam

2003 2313 2093 2364 ulli
2132 2313 2375 2369 tribuere
2398 2313 2705 2379 videretur,
2735 2311 2830 2368 sed
2872 2314 2972 2380 ipsi
3022 2313 3203 2381 potius
3231 2313 3349 2368 haec
3381 2315 3447 2365 ab
3478 2312 3598 2365 aliis

2008 2401 2193 2469 tribui,
2229 2404 2514 2473 magisque
2549 2404 2664 2473 ipse
2695 2402 2943 2470 accipere
2978 2412 3005 2456 a
3041 2412 3267 2471 parente
3308 2401 3598 2464 beneﬁcia,

2006 2514 2168 2567 quam
2201 2498 2315 2552 suis
2354 2497 2505 2551 illum
2544 2496 2817 2550 honorare
2845 2494 3209 2549 existimaret.
3252 2491 3331 2548 Ita
3371 2494 3460 2549 ille
3486 2496 3604 2563 quia

2004 2582 2128 2640 dem
2158 2596 2306 2643 certe
2341 2584 2644 2657 plusquam
2681 2585 2794 2655 ipsa
2834 2580 2997 2639 oﬂicii
3033 2586 3171 2639 ratio
3201 2586 3459 2655 postulat,
3504 2596 3599 2639 sua

2006 2680 2148 2748 patri
2176 2679 2348 2735 oIIit'ia
2377 2680 2658 2742 reddebat,
2693 2678 3046 2745 debitumque
3075 2679 3461 2747 egrediebatur
3489 2694 3604 2732 mo-

2007 2773 2159 2838 dum,
2209 2774 2335 2827 dam
2396 2771 2637 2825 debitum
2691 2782 2911 2823 scrvare
2963 2772 3180 2825 modum
3229 2773 3493 2836 Stnderet,
3546 2789 3604 2825 se

2020 2868 2163 2923 enim
2215 2865 2389 2936 ipsum
2435 2865 2488 2919 iu
2545 2865 2629 2918 his
2658 2865 2802 2918 velut
2834 2878 3115 2933 superare,
3158 2864 3465 2934 meliusque
3501 2865 3605 2917 alis

312 2963 456 3031 quod
482 2962 563 3016 sui
590 2962 864 3031 specimen
899 2960 1189 3016 identidem
1233 2961 1385 3024 dare,
1430 2960 1762 3027 enitebatur,
1807 2960 1969 3030 idque
2006 2957 2165 3029 plane
2238 2957 2477 3023 edicere,
2563 2968 2621 3011 ut
2704 2972 2902 3026 parens
2956 2974 3179 3013 suorum
3247 2975 3372 3029 erga
3452 2960 3599 3013 illum

314 3056 699 3112 beneﬁciorum
753 3056 1152 3125 magnitudine,
1218 3073 1323 3111 nou
1381 3057 1556 3111 solum
1592 3057 1732 3111 senii
1784 3056 1865 3111 sui
1908 3070 2175 3126 mgraeque
2225 3052 2571 3118 valetudinis,
2632 3061 2684 3108 et
2730 3054 3197 3123 proﬁciscentium
3282 3056 3407 3108 inde
3489 3070 3603 3107 ιιιςιι

310 3148 513 3213 lorum,
543 3149 940 3219 quodammodo
992 3149 1430 3217 oblivisceretur,
1484 3165 1670 3204 verum
1720 3149 1886 3204 etiam
1928 3164 1992 3203 ex
2026 3156 2122 3202 usu
2150 3147 2341 3201 eadem
2370 3158 2489 3210 suo,
2527 3157 2622 3215 per
2653 3145 2793 3201 hanc
2833 3147 2925 3201 Illii
2969 3147 3245 3216 pietatem,
3290 3163 3413 3203 esse
3503 3150 3602 3203 du“

314 3260 481 3303 ceret.
3514 3290 3525 3299 .

386 3337 503 3394 IIA'.
535 3340 605 3392 Οὐ
638 3340 817 3397 τοίνυν
846 3341 1128 3412 περιόντος
1166 3341 1265 3412 μὲν
1304 3342 1471 3394 αὐτοῦ
1503 3343 1593 3394 καὶ
1628 3342 1718 3395 τὸν
1749 3341 1898 3412 ἥλιον

2071 3322 2364 3388 LXXXIV.
2411 3320 2905 3389 Verumeuims‘ero
2967 3349 3071 3389 non
3123 3330 3433 3404 superstitis
3463 3338 3599 3391 dun-

316 3432 617 3502 βλέποντος,
646 3433 900 3487 τοσοῦτον
927 3427 1085 3497 οὗτος
1116 3435 1386 3504 πεποίητο
1412 3434 1595 3502 λόγον,
1626 3435 1887 3503 ἀπογενο-

323 3525 475 3592 μένου
515 3523 568 3577 δὲ
611 3527 700 3578 καὶ
757 3525 951 3595 μηκέτ’
1008 3527 1088 3588 είς
1138 3527 1265 3588 τοὺς
1324 3525 1445 3578 καθ’
1494 3528 1641 3596 ἡμᾶς
1684 3527 1895 3593 ζῶντας

321 3615 607 3682 τελοῦντος,
640 3617 885 3670 ἐλάσσων
919 3617 1055 3671 ἀλλὰ
1082 3618 1176 3670 καὶ
1207 3620 1319 3679 τοῖς
1354 3620 1647 3688 πράγμασι
1681 3619 1893 3684 τούτοις

316 3704 481 3771 οὕτως
508 3710 795 3780 ἐχρήσατο,
823 3704 898 3771 ὡς
927 3709 1291 3780 ἀκολουθῆσαι
1316 3711 1665 3764 παντάπασιν
1691 3713 1893 3783 ἐαυτῷ,

314 3797 410 3853 καὶ
435 3804 506 3871 μὴ
535 3803 645 3865 τοῖς
674 3802 946 3871 δευτέροις
977 3800 1336 3872 καταισχῦναι
1367 3803 1434 3855 τὰ
1468 3801 1707 3871 πρόσθεν
1733 3819 1745 3832 ·
1778 3802 1897 3857 ἀλλ’

310 3893 399 3945 ῖνα
438 3893 541 3946 τῶν
582 3895 758 3946 αὐτῶν
799 3895 891 3947 καί
932 3891 1089 3957 αὖθις
1149 3894 1401 3964 μνησθῶ,
1438 3895 1563 3949 ὅσον
1612 3888 1903 3965 περιόντος-

307 3985 476 4039 αὐτου
520 3992 611 4038 καὶ
656 3987 746 4038 τὸν
775 3985 925 4056 ἣλιον
957 3985 1243 4056 βλέποντος
1278 4004 1344 4037 πε
1358 3988 1545 4057 ποίητο
1589 3987 1767 4054 λόγον,
1804 4005 1893 4039 το-

308 4080 499 4131 σοῦτον
538 4078 944 4148 ἀπογενομένου
970 4094 1029 4131 τε
1060 4081 1155 4132 καὶ
1188 4077 1382 4150 μηκέτ’
1410 4080 1490 4142 εἰς
1519 4080 1643 4141 τοὺς
1674 4076 1793 4133 καθ’
1827 4083 1892 4150 ή-

308 4174 416 4241 μᾶ;
449 4171 651 4235 ζῶντας
686 4170 1002 4234 τελοῦντοςο
1038 4171 1132 4224 καί
1166 4188 1251 4223 τοι
1281 4169 1333 4223 τί
1365 4171 1544 4239 λέγω;
1580 4171 1760 4242 πολλῷ
1785 4174 1893 4244 γὰρ

310 4267 496 4332 μεῖζον
534 4264 745 4318 ἐνταῦθ’
776 4256 955 4316 ἐσεσθ⁶
988 4266 1142 4334 όρᾷν,
1180 4264 1341 4335 εἴπερ
1375 4266 1553 4326 ἐκεῖνο
1588 4266 1686 4335 μὲν
1712 4262 1778 4338 ἦν
1806 4266 1897 4320 ἐπ’

306 4356 472 4409 αὑτοῦ
521 4357 614 4410 τοῦ
651 4357 842 4428 βιῶναι
872 4374 885 4387 ·
928 4357 1128 4427 μᾶλλον
1184 4348 1230 4409 δ’
1260 4360 1320 4409 ἐν
1356 4357 1512 4427 μυχῴ
1543 4357 1766 4429 γήρως,
1800 4361 1894 4411 καὶ

306 4450 446 4516 προς
491 4450 687 4512 αὐτοὺς
725 4450 824 4519 ἤδη
856 4446 985 4512 τοὺς
1013 4448 1303 4517 ἐπιλόγους
1332 4448 1427 4501 τοῦ
1463 4448 1582 4519 βίου
1608 4492 1622 4515 ,
1651 4451 1711 4503 τὸ
1742 4449 1784 4503 δ’
1813 4452 1894 4513 εἰς

307 4541 631 4610 ἀνθρώπους
687 4544 895 4605 πάντας
946 4542 1288 4612 παραμενεῖ·
1326 4560 1343 4592 ι
1378 4540 1433 4605 ἐς
1461 4542 1509 4593 τ’
1535 4542 1602 4594 ἂν
1649 4542 1793 4613 ὕδωρ
1832 4561 1892 4598 τε

306 4633 414 4702 νάῃ
451 4635 546 4687 καὶ
569 4632 764 4704 δένδρα
805 4633 991 4703 μακρά
1024 4628 1224 4704 τεθήλῃ
1248 4649 1294 4683 ο»
1332 4634 1462 4687 ἄνευ
1498 4633 1609 4705 γὰρ
1637 4634 1737 4702 τῆς
1763 4640 1893 4705 περὶ

2013 3440 2167 3486 taxat
2198 3431 2378 3484 adhuc
2409 3430 2600 3497 patris,
2635 3429 2876 3497 solisque
2909 3430 3223 3484 contuentis
3256 3429 3450 3492 lucem,
3478 3440 3600 3483 lana

2002 3533 2111 3578 tam
2157 3533 2342 3577 noster
2381 3523 2615 3577 habebat
2646 3524 2951 3584 rationem;
3002 3523 3202 3575 mortui
3250 3532 3455 3585 autem,
3498 3532 3596 3575 nec

2002 3618 2241 3685 amplius
2302 3617 2356 3668 in
2411 3625 2601 3669 nostro
2639 3616 2739 3670 hoc
2777 3616 2909 3669 orbe
2955 3616 3263 3669 viventibus
3328 3616 3595 3669 adnume-

2000 3709 2180 3771 randi.
2251 3706 2536 3763 minorem.
2580 3704 2778 3761 Verum
2825 3708 2898 3760 Ita
2970 3708 3054 3761 his
3096 3708 3261 3760 etiam
3328 3709 3379 3759 iu
3432 3708 3594 3761 rebus

2001 3815 2122 3856 sese
2151 3802 2392 3871 gerebat,
2423 3810 2477 3852 ut
2521 3815 2671 3853 suam
2705 3809 3023 3854 constanter
3064 3809 3387 3867 sequeretur
3431 3799 3592 3853 indo-

2000 3889 2141 3959 lem;
2179 3908 2359 3962 neque
2386 3892 2785 3961 posterioribus
2814 3894 3200 3947 dehonestaret
3233 3893 3437 3959 priora,
3464 3893 3591 3954 inm,

2000 3995 2059 4036 ut
2106 3999 2223 4037 mea
2259 3995 2437 4037 denuo
2477 3992 2718 4053 repetam
2752 3987 2936 4048 verba,
2978 3995 3237 4054 quantam
3284 3985 3594 4052 superstitis

1999 4076 2180 4130 adhuc
2213 4078 2406 4145 patris.
2457 4076 2699 4146 solisque
2727 4079 3039 4132 contuentis
3074 4077 3273 4143 lucem,
3324 4078 3591 4131 rationem

2000 4168 2281 4234 habuerit,
2320 4174 2527 4223 tantam
2569 4169 2770 4223 mortui
2801 4171 2955 4236 item,
2988 4175 3091 4225 uec
3122 4171 3355 4236 amplius
3401 4172 3451 4224 in
3498 4184 3595 4223 no-

1999 4273 2115 4318 stro
2143 4265 2245 4319 hoc
2282 4263 2416 4317 orbe
2474 4261 2790 4317 viventibus
2848 4262 3270 4326 adnumerandi,
3327 4265 3592 4317 rationem

2000 4358 2214 4414 habuit.
2252 4354 2577 4423 Quanquam
2622 4353 2751 4424 quid
2793 4365 2878 4408 est
2918 4356 3060 4422 quod
3109 4355 3268 4408 dico?
3323 4353 3591 4409 Nimirurn

2000 4449 2092 4502 hic
2122 4447 2292 4501 multo
2327 4446 2492 4500 etiam
2528 4445 2707 4514 majus
2735 4445 2996 4514 quiddam
3028 4446 3212 4501 videre
3241 4446 3389 4511 licet,
3419 4449 3593 4516 sidui-

2002 4544 2123 4594 dem
2160 4540 2293 4594 illud
2321 4541 2374 4593 in
2403 4542 2510 4593 vita
2546 4541 2699 4609 ipsa;
2751 4539 2868 4593 sive
2900 4540 3079 4606 potius
3127 4541 3179 4592 iu
3214 4539 3403 4593 ultimo
3435 4555 3593 4594 sene-

2000 4635 2169 4689 elutis
2219 4644 2463 4699 recessu,
2503 4646 2669 4701 prope
2718 4631 2890 4701 ipsam
2946 4633 3072 4687 vita:
3107 4632 3433 4700 clausulam,
3473 4634 3592 4687 fite-

305 4724 403 4792 τὴν
437 4725 695 4795 τελευτὴν
730 4724 830 4795 (3‘)
855 4724 1165 4796 ἀντίρροπὰ
1194 4740 1254 4776 τε
1270 4724 1496 4793 ταύτης,
1519 4726 1611 4777 καὶ
1642 4725 1762 4794 μετ’
1786 4725 1883 4777 αύ-

2003 4734 2109 4789 rat,
2137 4726 2239 4779 hoc
2278 4736 2461 4777 autem
2498 4726 2562 4778 ad
2595 4729 2785 4779 omnes
2811 4738 3135 4779 mansurum
3169 4720 3417 4781 homines
3455 4735 3535 4781 est
3574 4746 3590 4782 :

303 4829 404 4888 την
444 4816 712 4887 ἀξιόχρεω
739 4817 1052 4886 γίγνεσθαι,
1092 4816 1351 4886 μέγιστόν
1385 4822 1443 4869 τε
1477 4818 1569 4870 καὶ
1603 4817 1891 4871 κάλλιστον

306 4909 576 4979 ἐντάφιον,
603 4906 873 4961 ἐπιδίδωσι
904 4908 1081 4979 τούτῳ
1110 4911 1237 4971 τοὺς
1262 4908 1452 4975 λόγους
1484 4926 1498 4940 ·
1526 4904 1620 4962 καὶ
1654 4910 1753 4979 τὴν
1784 4910 1893 4963 τῶν

301 4999 477 5069 λόγων
505 5002 701 5070 ἡδονήν
725 5017 781 5052 τε
814 5001 909 5052 καὶ
933 5000 1117 5069 χάριν·
1149 5000 1423 5067 συστήσας
1456 5001 1551 5051 καὶ
1572 5003 1684 5063 τοῖς
1715 5003 1895 5069 ἐπιγι-

303 5092 587 5161 γνομένοις
618 5092 783 5144 αὑτὸν
816 5109 874 5142 τε
909 5096 1002 5144 καὶ
1036 5090 1101 5161 ἢν
1136 5090 1262 5160 ἐσχε
1304 5092 1434 5158 περὶ
1475 5094 1656 5145 πᾶσαν
1690 5093 1893 5163 ἀρετὴν

306 5184 600 5253 εὐκληρίαν
628 5199 641 5214 ·
686 5185 1229 5253 παραμυθησάμενος
1263 5182 1342 5248 δὲ,
1369 5183 1442 5245 ὡς
1477 5183 1622 5245 εἰκὸς
1650 5222 1664 5247 ,
1702 5185 1802 5254 τήν
1836 5202 1897 5238 τε

310 5276 523 5346 μητέρα
554 5273 677 5338 τούς
712 5292 769 5327 τε
787 5259 1021 5336 οἰιιείοόλς
1055 5274 1149 5326 καὶ
1186 5275 1368 5325 πᾶσαν
1391 5272 1705 5337 Ναζιανζόν
1736 5290 1749 5305 ·
1780 5293 1897 5328 κοι-

307 5371 396 5420 νον
430 5368 537 5439 γὰρ
580 5364 647 5438 ἦν
702 5368 920 5431 πένθος,
959 5368 1056 5420 καὶ
1096 5368 1263 5418 πᾶσιν
1311 5365 1498 5426 ἁπλῶς
1544 5368 1636 5418 καὶ
1695 5367 1899 5421 καθένα

307 5462 545 5531 ἑκάστῳ,
580 5464 673 5513 καὶ
728 5461 857 5531 περί
890 5477 948 5511 τε
1001 5458 1186 5529 ψυχῆς
1246 5459 1341 5510 καὶ
1385 5458 1478 5509 νοῦ
1514 5461 1605 5509 καὶ
1653 5457 1770 5527 βίου
1805 5461 1899 5514 καὶ

307 5555 514 5621 κόσμου
536 5555 627 5607 καί.
648 5554 757 5606 τῶν
785 5555 926 5624 ὑπὲρ
951 5553 1201 5620 κόσμον,⁸
1234 5551 1328 5602 καὶ
1357 5549 1409 5601 τί
1434 5551 1532 5620 μὲν
1558 5550 1625 5603 τὰ
1654 5551 1899 5620 παρόντα

302 5665 362 5701 τε
400 5651 495 5702 καὶ
533 5648 630 5700 οὐκ
669 5647 799 5700 ὄντα
824 5665 837 5677 ·
872 5648 924 5717 τί
957 5648 1012 5699 δὲ
1055 5654 1124 5697 τοι
1158 5645 1424 5714 μέλλοντα
1448 5686 1462 5711 ,
1496 5643 1589 5697 καὶ
1622 5645 1790 5709 ὅντως
1831 5654 1887 5714 γε

376 5860 454 5936 (ξ)
489 5861 793 5936 Κρεῖττον.
827 5862 971 5917 Μαι.)
1005 5868 1305 5936 Κρείττωνι

379 5932 477 5999 (3‘)
512 5934 586 5985 Ad
611 5939 646 5986 Ι.
680 5938 998 6002 θεραπείας,
1055 5932 1148 5990 aut
1182 5936 1525 6005 ἐπιμελείας.

698 6026 968 6095 Parnm.
999 6036 1093 6096 Gtt
1156 6036 1387 6096 CXLV.

2004 4838 2023 4870 ι
2055 4819 2192 4873 Dum
2227 4816 2343 4871 ﬂuit
2374 4819 2518 4871 unda
2557 4818 2726 4873 maris
2754 4837 2766 4872 :
2800 4816 2927 4870 dum
2974 4812 3199 4873 frondes
3237 4820 3472 4888 parturit
3506 4836 3595 4873 ara

2003 4911 2101 4964 bos
2150 4910 2250 4982 (4).
2289 4928 2307 4961 ι
2341 4909 2552 4978 Quippe
2588 4923 2753 4978 super
2781 4907 2951 4963 cilicia
2987 4910 3125 4979 patrl
3172 4910 3362 4964 morbo
3400 4918 3592 4965 morti-

2000 5004 2117 5058 I‘ero
2147 5002 2343 5058 affecto
2374 5001 2641 5071 praestita,
2666 5001 2833 5071 paria.
2861 5001 3232 5072 illis,'suoque
3256 5002 3379 5071 iure
3410 5005 3594 5073 proxie

2002 5111 2092 5151 tuo
2117 5095 2369 5151 habenda
2402 5096 2541 5158 loco,
2588 5094 2885 5148 maximum
2911 5104 3078 5165 atque
3106 5097 3589 5164 ekquisitissimum

2001 5187 2316 5258 exsequiale
2340 5196 2563 5253 munus,
2590 5185 2879 5241 fuitcbrem
2919 5188 3311 5251 laudatiOnem,
3340 5187 3590 5255 gratissi-

2002 5296 2226 5349 mosque
2272 5280 2421 5335 illius
2458 5292 2521 5332 ac
2567 5279 2928 5333 suavissimos
2976 5280 3197 5344 odores,
3233 5276 3450 5347 adjecit,
3484 5290 3589 5344 qua

2000 5384 2053 5427 et
2075 5382 2361 5442 paternam
2400 5371 2706 5441 posteritati
2747 5371 3091 5434 inertiorlam,
3133 5370 3452 5437 felicemque
3482 5368 3593 5420 vir--

2003 5472 2180 5522 tutmn
2217 5468 2457 5521 omnium
2506 5466 2713 5519 cultum
2743 5464 3184 5528 commendabat,
3229 5473 3283 5516 et
3326 5462 3591 5531 quemad‘

2001 5561 2219 5614 modum
2253 5575 2352 5629 par
2376 5569 2515 5623 erat,
2554 5566 2782 5612 matrem
2811 5562 3049 5626 suoSque
3081 5554 3446 5616 neccharios,
3471 5567 3591 5606 om.

1997 5661 2237 5725 nemque
2266 5651 2620 5715 NazianZum,
2653 5648 3073 5713 consolabatur;
3104 5645 3408 5702 communis
3441 5642 3589 5700 enim

1998 5871 2149 5991 UH!)
2202 5870 2502 5992 (Hermian,
2570 5867 2690 5922 Vita
2745 5865 2985 5935 Homeri,
3038 5883 3091 5921 XI
3130 5884 3144 5929 ;
3179 5863 3332 5936 Diog.
3369 5862 3585 5922 Laerta,

2064 5960 2119 5992 (τι
2146 5959 2189 5991 ·ε‹
2223 5960 2270 5992 ο.

2064 5959 2270 5994 (πρίω.

3140 6037 3211 6096 10
