4028 6428
270 361 430 453 λοι

1247 350 1645 416 LAUDATIO'
1686 356 1747 412 S.
1784 351 2169 415 GREGORII
2210 349 2629 415 TIIEOLOGI.
2680 336 2687 342 ’

3485 341 3601 409 306
3614 349 3627 381 τ

321 480 450 552 θρον
507 477 765 550 καχεξίαν
813 475 1230 541 ἁποκλυζὸντων
1283 475 1362 545 τῷ
1420 475 1519 543 τῆς
1565 472 1912 536 διδασκαλίας

2021 470 2270 525 stitutum
2303 467 2406 523 fuit
2438 465 2754 537 mysterium
2792 460 2870 533 (8)
2893 502 2906 527 ,
2941 460 3174 515 maxima
3223 459 3454 515 subinde
3500 474 3598 513 ca-

323 574 557 646 ποτίμῳ,
616 572 752 641 πρὸς
797 571 854 626 δὲ
920 570 1021 641 τὴν
1041 568 1310 640 εἰλικρινῆ
1371 568 1466 621 καλ⁸
1521 566 1776 637 καθαρὰν
1810 565 1906 619 καὶ

322 665 563 736 ἡδίστην,
587 669 679 720 καὶ
708 664 819 719 τῶν
867 664 1143 735 Ὀλύμπου
1183 662 1525 733 πραγμάτων
1570 659 1902 729 αἰτιωτάτην

323 759 507 813 πίστιν
525 757 963 829 ,μεθισταμένων
987 773 1046 810 τε
1067 756 1160 812 καὶ
1177 753 1619 826 μετατιθεμένων
1637 752 1736 825 ὅλῃ
1756 752 1903 822 ψυχῇ

320 868 383 904 τε
407 854 501 904 καὶ
525 851 748 922 γνώμῃ,
781 849 876 903 καὶ
896 849 1237 920 πειθομένων
1266 847 1387 902 ἀντὶ
1403 845 1496 901 τοῦ
1517 847 1732 917 φρονεῖν
1763 844 1798 899 ἃ
1831 844 1905 916 μὴ

317 938 419 1004 δεῖ,
440 940 653 1009 φρονεῖν
675 937 712 992 ἃ
727 938 826 992 δεξί’
846 938 1032 1008 καὶτῷ
1050 937 1204 1008 καλῷ
1226 939 1320 992 καὶ
1348 938 1657 1007 γιγνομένῳ
1677 937 1908 1009 προστί-

325 1032 534 1096 θεσθαι,
554 1031 649 1085 καὶ
676 1030 826 1085 τοῦθ’
851 1030 1028 1095 οὕτως
1072 1029 1315 1102 ἀκριϐῶς
1340 1029 1817 1100 ἐνσημαινομένων
1835 1045 1913 1099 τῳ

327 1121 481 1193 βάθει
529 1121 630 1191 τῆς
699 1121 967 1187 διανοίας,
991 1121 1065 1185 ὡς
1129 1119 1403 1192 μὴμόνον
1440 1120 1637 1183 αὐτοὺς
1694 1119 1917 1183 τούτους

322 1212 562 1277 άκλινεῖς
596 1213 850 1280 καθάπαξ
878 1214 1100 1269 ἑστάναι
1131 1212 1562 1284 ἐρηρεισμένους
1581 1213 1651 1283 τῇ
1668 1212 1763 1280 τῆς
1784 1232 1804 1265 ι
1828 1212 1913 1266 πί-

324 1321 494 1368 στεως
516 1304 710 1377 πέτρᾳ,
754 1325 773 1358 ι
808 1304 944 1359 ἀλλὰ
972 1305 1068 1359 καὶ
1095 1307 1206 1358 τῶν
1252 1305 1377 1374 άρτι
1404 1304 1826 1375 καθιπαμενων
1858 1307 1915 1358 ἐν

318 1395 551 1463 τούτοις,
568 1398 865 1461 παιδευτάς
895 1398 1135 1467 ἀγαθοὺς
1159 1397 1496 1452 καθεστάναι
1518 1396 1615 1450 καὶ
1637 1395 1910 1459 πλάστας.

2016 576 2146 631 pere
2186 563 2522 616 incrementa
2573 555 3027 625 corroborarique
3056 561 3373 616 cernerent,
3411 562 3467 609 et
3510 567 3602 608 sec

2015 660 2130 729 ipsa
2172 656 2357 712 multis
2406 653 2653 725 partibus
2691 649 3121 706 numerosiorem
3178 648 3294 704 ﬁeri
3343 660 3440 717 per
3473 646 3602 700 iusi-

2013 766 2172 822 gnem
2225 764 2414 807 eorum
2468 759 2756 802 numerum
2804 743 2919 814 qui
2950 758 3047 798 sua
3086 741 3336 812 quotidie
3384 739 3602 795 nomina

2014 842 2253 907 dabant;
2286 840 2375 910 qui
2402 838 2606 893 amaris
2638 851 2702 892 ac
2730 835 2953 890 nefariis
2986 835 3053 889 de
3084 834 3196 889 Deo
3223 845 3417 886 vocum
3449 829 3595 886 novi.

2016 936 2219 991 tatibus
2251 934 2510 1003 falsisque
2532 930 2905 1003 opinionibus,
2937 928 3085 983 velut
3109 926 3377 983 exitiabili
3407 924 3604 979 animm

2016 1023 2280 1095 languore
2304 1064 2321 1090 ,
2360 1022 2504 1078 dulci
2537 1029 2802 1093 gratoque
2851 1019 3099 1075 melioris
3139 1016 3508 1073 institutionis
3535 1015 3596 1069 li-

2018 1134 2194 1192 quore
2232 1117 2441 1184 dilutis,
2479 1126 2740 1187 protenus
2770 1114 2838 1169 ad
2873 1114 3174 1177 sinceram,
3209 1120 3263 1167 et
3299 1123 3514 1181 puram,
3552 1116 3603 1164 et

2017 1213 2429 1277 suavissimam,
2478 1219 2534 1267 et
2571 1224 2693 1281 quae
2735 1223 2919 1265 rerum
2956 1207 3259 1264 ccelestium
3301 1206 3603 1277 adipiscen-

2021 1307 2211 1362 darum
2240 1304 2522 1375 potissima
2550 1316 2717 1359 causa
2748 1310 2853 1367 est,
2883 1301 3066 1367 fidem,
3096 1309 3210 1358 toto
3237 1310 3461 1371 pectore
3486 1298 3592 1357 ani-

2022 1410 2220 1467 moque
2264 1410 2323 1452 se
2370 1394 2708 1466 recipiebant
2747 1403 2914 1467 atque
2966 1392 3294 1450 transibant.
3347 1392 3606 1464 Illiusque

318 1490 464 1557 loco,
510 1493 653 1560 quod
697 1490 863 1562 impia
907 1498 961 1546 et
1008 1490 1199 1547 illicita
1253 1487 1408 1561 prius
1463 1496 1776 1555 senserant,
1835 1488 1905 1543 ad
1947 1496 2095 1544 recta
2124 1488 2431 1556 sentienda,
2462 1502 2759 1558 veramque
2788 1495 2843 1543 et
2908 1488 3203 1558 genuinam
3271 1486 3607 1558 amplecten-

318 1583 445 1638 dam
479 1583 804 1652 doctrinam,
832 1585 1266 1651 adducebantur,
1293 1599 1455 1655 quam
1483 1594 1744 1641 accurate
1770 1585 1908 1637 adeo
1948 1583 2170 1653 alteque
2203 1583 2401 1637 animis
2426 1581 2540 1639 suis
2563 1582 2975 1653 imprimebant,
3048 1591 3108 1636 ut
3136 1596 3245 1637 non
3284 1580 3388 1650 ipsi
3431 1581 3595 1637 modo

322 1675 533 1730 immoti
562 1674 718 1745 plane
753 1686 1084 1747 perstarent,
1126 1676 1357 1733 ﬁrmatis
1391 1678 1445 1733 in
1478 1695 1499 1730 ι
1534 1686 1689 1747 petra
1722 1674 1843 1731 fidei
1884 1693 1905 1727 ι
1944 1674 2212 1745 vestigiis,
2247 1676 2342 1731 sed
2383 1689 2574 1731 eorum
2610 1674 2763 1740 item,
2794 1674 2888 1745 qui
2955 1675 3306 1745 postmodum
3356 1675 3425 1729 ad
3488 1675 3607 1730 haec

320 1769 511 1828 eadem
545 1772 898 1838 accedebant,
941 1772 1187 1843 magistri
1217 1773 1547 1843 lictoresque
1576 1772 1769 1840 optimi
1807 1770 2164 1825 exsisterent.

395 1866 521 1922 ΗΘ.
592 1865 825 1922 Ἔπειτα
856 1868 951 1923 τοῦ
988 1869 1146 1923 πάντ’
1174 1869 1545 1941 ἁρίστουκκαὶ
1579 1866 1899 1938 θαυμαστοῦ

2034 1898 2037 1903 -
2079 1860 2369 1925 LXXXIX.
2398 1868 2536 1924 Tum
2566 1868 2756 1924 deinde
2782 1867 2942 1941 longe
2962 1867 3171 1941 optimo
3198 1868 3607 1925 laudatissimo-

326 1960 611 2031 βασιλέως,
629 1960 926 2031 (Θεοδόσιος
958 1961 1015 2017 δὲ
1049 1956 1118 2032 ἦν
1157 1961 1186 2015 δ
1220 1963 1393 2034 μέγας
1428 1960 1517 2015 διὰ
1540 1962 1701 2015 ταυτὶ
1736 1978 1906 2034 προσ-

328 2052 559 2123 ρηθείς·)
602 2053 698 2107 καὶ
754 2053 851 2107 σύν
898 2068 962 2123 γε
1009 2053 1195 2126 πάσης
1252 2055 1353 2124 τῆς
1413 2051 1751 2126 εὐσεϐούσης
1800 2072 1906 2124 φα-

321 2140 499 2212 τρίας,
556 2141 738 2195 πᾶσαν
771 2142 1032 2215 σπουδὴν,
1062 2147 1247 2199 πᾶσαν
1283 2143 1475 2216 δέησιν
1520 2145 1902 2217 προσηχότων,

325 2231 399 2297 ὼς
424 2231 491 2287 ἂν
524 2235 552 2286 ὀ
582 2234 756 2304 μέγας
770 2230 873 2306 τῆξ
899 2236 1229 2306 Ἐκκλησίας
1248 2238 1543 2310 προσταίη,
1570 2241 1665 2293 καὶ
1695 2239 1908 2313 πρόμα-

325 2344 421 2399 χος
470 2327 639 2382 ἔπειτ’
682 2328 853 2399 αὐτῆς
901 2331 987 2401 εἴη
1031 2333 1127 2384 καὶ
1166 2330 1434 2403 πρόϐολος
1486 2332 1758 2404 ἀσφαλὴς,
1814 2333 1907 2386 τὸν

325 2419 436 2471 τῶν
490 2420 760 2489 αἱρέσεων
806 2421 969 2477 σάλον
1020 2422 1493 2494 άποκρουόμενος,
1543 2423 1573 2477 ὁ
1620 2427 1716 2478 καὶ
1747 2424 1907 2479 πάντ’

326 2510 463 2582 αὐτῇ
493 2513 664 2566 ταῦτα
694 2513 791 2566 καὶ
823 2514 929 2585 πρδ
962 2514 1059 2585 τῆς
1092 2515 1450 2585 προκλήσεως
1481 2515 1722 2585 γεγονώς
1751 2535 1765 2551 ο
1813 2518 1908 2572 καὶ

328 2604 497 2660 πάλαι
536 2608 831 2680 προσήκων
869 2609 1182 2662 ἐπιστατεῖν
1220 2611 1341 2677 ξκαὶ
1391 2610 1693 2682 δυνάμενος
1747 2611 1908 2683 μόνος

324 2696 402 2761 ὡς
449 2698 660 2769 άληθῶς
705 2698 802 2771 τὴν
842 2700 942 2772 μὲν
997 2701 1179 2773 πάσης
1225 2702 1542 2773 ἡστινοσοῦν
1588 2704 1910 2775 δυσχερείας

324 2792 607 2863 ἀνωτέραν
633 2795 947 2851 παντάπασι
986 2796 1159 2862 δεῖξαι
1183 2813 1198 2829 ο
1237 2799 1423 2852 πᾶσαν
1458 2798 1515 2851 δὲ
1548 2799 1765 2870 ἀγαθὴν
1792 2801 1909 2867 ἕξιν

329 2883 426 2938 καὶ
469 2886 808 2940 παντοδαποῦ
838 2887 1006 2942 καλοῦ
1038 2887 1201 2961 ζῆλον
1224 2891 1348 2954 ταῖς
1390 2891 1652 2945 ἁπάντων
1688 2892 1911 2961 ἐντῆξαι

326 2976 550 3047 ψυχαῖς,
577 2979 763 3051 ἐπειδή
802 2997 907 3051 περ
940 2980 1037 3051 ὀψέ
1072 2992 1205 3036 ποτε
1230 2983 1327 3036 καὶ
1380 2984 1538 3055 μόγις
1570 2984 1804 3055 ἐπείσθη
1849 3002 1911 3038 τε

327 3070 428 3124 καὶ
477 3072 819 3141 κατένευσεν,
852 3073 966 3128 οὔτ’
989 3076 1243 3147 ἀντέχειν
1295 3065 1384 3130 ἔτ”
1404 3077 1574 3143 ἀξιῶν
1629 3078 1725 3132 καὶ
1757 3078 1912 3132 θείαν

327 3160 404 3224 ὡς
435 3161 649 3233 ἀληθῶς
677 3165 859 3235 ψῆφον
888 3164 1095 3238 ταύτην
1122 3164 1380 3237 νομίζων,
1414 3166 1494 3241 μὴ
1519 3168 1576 3223 δὲ
1599 3168 1708 3240 γὰρ
1735 3158 1913 3235 ἄλλως

329 3253 588 3324 ἐπιϐῆναι
617 3255 716 3326 τῆς
756 3258 1170 3315 Κωνσταντίνου
1229 3261 1678 3334 χρηματισθῆναι
1748 3281 1914 3318 τοκαο

330 3347 559 3415 ταρχάς.
587 3348 753 3402 ’Ἐπεὶ
780 3350 968 3405 τοίνυν
1014 3351 1191 3418 οὕτως
1240 3354 1515 3420 συνέθετο,
1566 3356 1661 3410 καὶ
1710 3360 1777 3429 τῇ
1818 3356 1913 3411 τοῦ

332 3436 660 3504 κρατοῦντος
691 3441 1013 3513 προῦλήσει,
1051 3443 1345 3518 θαυμαστὴ
1375 3446 1433 3502 δὲ
1465 3446 1604 3519 αὕτη
1628 3487 1643 3513 ,
1676 3449 1773 3503 καὶ
1798 3449 1929 3520 μεί-,

338 3526 444 3592 ζων
473 3530 505 3600 ἢ
533 3532 1001 3602 παραόάλλεσθαι,
1030 3538 1129 3608 τῆς
1156 3538 1428 3609 καθέδρας
1452 3541 1650 3610 ἐπέϐη,
1683 3541 1779 3595 καὶ
1806 3542 1918 3597 τῶν

343 3622 437 3689 τῆς
479 3624 761 3688 εὐσεσείας
817 3629 1166 3698 πραγμάτων
1231 3630 1361 3702 μάλ’
1412 3634 1767 3703 ἐρρωμένως,
1819 3636 1917 3690 καὶ

342 3715 478 3784 μετὰ
510 3717 772 3790 πλείστης
810 3722 943 3790 ὅσης
972 3722 1317 3779 ἀντεποιεῖτο
1370 3725 1678 3798 ῥᾳστώνης,
1709 3728 1758 3782 οῖ
1793 3729 1912 3799 μὲν,

332 3809 640 3879 ἀμύνεσθαι
699 3815 827 3877 τοὺς
860 3815 1123 3885 ὑϐριστὰς
1152 3817 1393 3886 οίόμενοι
1424 3818 1555 3886 δεῖν,
1586 3820 1677 3872 καὶ
1710 3815 1787 3875 ὧν
1835 3822 1917 3886 είς

332 3903 530 3966 αὐτοὺς
557 3904 992 3977 ἐπλημμέλησαν
1010 3907 1415 3979 εἰσπράξασθαι
1436 3909 1618 3982 δίκην⁹
1646 3912 1813 3967 πᾶσιν
1836 3907 1917 3978 οἷς

335 3992 506 4066 εἶχον,
533 3998 739 4053 πείθειν
770 4001 942 4056 ταῦτα
975 4004 1069 4056 καὶ
1098 4002 1190 4057 τὸν
1222 4002 1381 4073 ἅγιον
1409 4004 1750 4077 ἐπεχείρουν,
1789 4023 1919 4061 συν-

334 4092 703 4159 αγωνίσασθαι
732 4091 943 4158 τούτοις
987 4094 1081 4148 καὶ
1110 4094 1419 4163 συλλαϐεῖν,
1450 4098 1551 4168 τήν
1590 4114 1651 4150 τε
1684 4097 1782 4153 τοῦ
1818 4100 1916 4170 βα-

338 4182 533 4247 σιλέως
566 4185 704 4256 πρδς
746 4187 909 4240 «om
960 4186 1165 4252 ειδότες
1196 4187 1395 4261 ῥοπὴν,
1452 4188 1555 4257 τῆς
1594 4208 1653 4244 τε
1684 4192 1917 4262 καρδίας

329 4265 407 4328 ὧν
433 4273 632 4329 ἔπαθον
664 4276 1026 4348 ζωπυρούσης
1057 4277 1154 4346 τὴν
1181 4280 1426 4349 μνήμην,
1465 4280 1561 4334 καὶ
1590 4264 1689 4335 οὐκ
1738 4283 1916 4355 ἐώσης

329 4366 423 4419 τὸν
448 4365 707 4436 λογισμὸν
735 4368 983 4438 ἠρεμεῖν.
1016 4370 1076 4423 '0
1108 4369 1188 4437 δὲ,
1220 4371 1430 4443 πραέιᾳ
1470 4372 1564 4427 καὶ
1608 4373 1917 4447 φιλανθρώ-

330 4477 419 4529 πῳ
468 4463 640 4531 φωνῇ,
670 4461 865 4531 πρῶτα
917 4462 1017 4531 μὲν
1073 4463 1331 4533 ἐπειρᾶτο
1368 4464 1466 4535 τὴν
1502 4464 1686 4519 αὐτῶν
1738 4467 1916 4538 ὁρμὴν

329 4550 736 4618 καταστέλλειν,
769 4552 964 4618 λέγων·
1002 4570 1020 4603 ι
1060 4553 1173 4605 Οὐκ
1201 4553 1379 4607 οἴδατε
1410 4555 1567 4608 ποίου
1602 4556 1913 4627 πνεύματός

333 4640 522 4701 tcta,»
557 4640 629 4705 ὡς
668 4641 758 4694 καὶ
792 4641 1015 4695 τοιαῦτα
1043 4644 1309 4713 πράττειν
1342 4645 1707 4715 προάγεσθαι;
1741 4648 1915 4703 ἔπειθ’

329 4731 405 4794 ὡς
445 4732 766 4803 θαυμαστὴν
820 4734 1228 4806 μεγαλοψυχίας
1292 4736 1592 4790 ἀποίσεσθε
1645 4739 1806 4804 δόξαν
1840 4741 1916 4811 μὴ

329 4823 541 4888 τούτοις
578 4824 907 4890 ἐπεξιόντες,
942 4826 1236 4897 ἀρκοῦντος
1286 4829 1448 4897 μόνου
1477 4829 1570 4882 τοῦ
1610 4829 1872 4885 δύνασθαι
1900 4849 1914 4862 ο

330 4912 394 4964 τὸ
442 4912 500 4965 δέ
538 4916 795 4982 μέγιστον
826 4915 918 4967 καὶ
950 4914 1207 4969 πλείστου
1249 4917 1312 4988 δή
1345 4935 1490 4981 τινος
1522 4961 1536 4985 ,
1572 4920 1621 4971 εἰ
1672 4921 1770 4986 μὲν
1806 4922 1916 4993 γὰρ

336 5005 775 5076 φιλανθρωπίας,
816 5008 942 5078 ἔφη,
965 5009 1178 5079 τύχοιεν
1227 5010 1355 5081 παρ’
1384 5011 1565 5082 ἡμῶν,
1591 5013 1830 5084 βελτίους
1854 5033 1914 5067 τε

342 5098 563 5153 ἔσονται
602 5094 855 5168 τάχιστα
883 5100 979 5164 τὰς
1026 5099 1227 5170 ψυχὰς,
1259 5097 1316 5154 εὖ
1349 5098 1485 5165 οἴδα,
1528 5104 1623 5155 καὶ
1654 5105 1916 5173 φέροντες

336 5195 478 5261 σφᾶς
498 5192 694 5254 αὐτοὺς
717 5193 1051 5261 ἐγχειριοῦσι
1080 5196 1146 5263 τῇ
1179 5193 1300 5246 καθ’
1329 5195 1474 5265 ἡμᾶς
1502 5195 1808 5269 Ἐκκλησία
1848 5192 1917 5265 ἦς

334 5283 517 5345 κακῶς
547 5282 948 5354 ἀπερρώγεσαν
974 5301 986 5314 ·
1025 5285 1091 5338 ἂν
1121 5286 1191 5349 δ’,
1225 5285 1253 5338 ὃ
1274 5286 1350 5356 μὴ
1387 5286 1597 5355 γέ-,οιτο
1628 5288 1640 5341 ι
1668 5305 1919 5359 τιμωρη-

333 5375 542 5447 σόμεθα
592 5377 759 5444 σφᾶς,
794 5376 872 5447 τῷ
905 5393 965 5429 τε
998 5377 1286 5431 δυσσεϐεῖν
1320 5378 1399 5430 ἔτι
1428 5378 1631 5448 μᾶλλον
1670 5380 1913 5450 προσθή-

333 5488 545 5537 σονται,
575 5473 667 5524 καὶ
697 5471 1048 5551 παντάπασιν
1081 5471 1411 5526 ἀπολοῦνται
1436 5491 1453 5524 ι
1474 5472 1544 5526 δι’
1566 5472 1659 5538 οὓς
1681 5475 1917 5542 Χριστὸς

333 5563 616 5635 ἐτεθνήκει
643 5581 656 5594 ·
686 5586 704 5619 ι
735 5567 857 5620 ὅσον
885 5558 979 5618 οὖν
1010 5565 1187 5642 ἐκεῖνο
1217 5566 1410 5619 τούτου
1448 5567 1781 5637 σεμνότερον
1814 5570 1914 5622 καὶ

405 5706 450 5739 δ’
488 5705 618 5763 Luc.
668 5723 743 5773 rx,
801 5708 891 5763 55.

409 5847 567 5917 (8)Ex
593 5845 688 5902 Gr.
730 5844 989 5905 Nazianz.
1026 5850 1079 5904 in
1114 5846 1489 5919 Epiphaniam,
1525 5850 1650 5908 fine.

2011 1972 2118 2029 que
2146 1963 2477 2031 imperatore
2508 1960 2613 2035 (9),
2647 1975 2867 2032 unaque
2898 1975 3023 2017 cum
3055 1962 3174 2031 ipso
3200 1960 3465 2017 universo
3495 1962 3597 2029 pio-

2013 2066 2131 2107 rum
2173 2063 2339 2118 ccetu,
2394 2069 2559 2110 omne
2624 2055 2863 2110 studium
2909 2069 3240 2125 omnemque
3285 2055 3607 2111 obtestatio-

2010 2158 2136 2199 nem
2176 2145 2493 2212 aditibente,
2537 2157 2596 2201 ut
2636 2147 2719 2200 vir
2751 2147 3024 2202 maximus
3064 2156 3317 2217 suscepto
3345 2145 3605 2201 Ecclesiae

2012 2239 2156 2294 illius
2207 2240 2551 2309 pontiﬁcatu,
2609 2240 2865 2310 deinceps
2907 2248 3281 2310 pr0pugnator
3335 2239 3603 2306 ejusdem,

2013 2347 2285 2403 rupesque
2332 2332 2666 2396 firmissima,
2699 2332 2893 2387 ﬂuctus
2926 2330 3212 2386 haeresium
3244 2329 3484 2385 fractura
3520 2340 3607 2387 at-

2014 2442 2122 2497 que
2153 2418 2468 2496 depulsura,
2508 2435 2651 2481 esset
2700 2444 2715 2480 :
2748 2425 2843 2494 qui
2876 2433 3033 2480 antea
3074 2425 3238 2478 etiam
3281 2439 3441 2493 quam
3474 2438 3608 2494 pon-

2015 2520 2144 2574 tifex
2171 2529 2478 2584 crearetur,
2518 2520 2632 2574 inec
2662 2519 2844 2572 omuia
2885 2517 3148 2574 Ecclesiae
3181 2517 3384 2584 fuerat,
3415 2527 3467 2573 et
3493 2518 3604 2586 jam

2012 2612 2223 2684 pridem
2274 2613 2366 2667 illo
2417 2626 2645 2667 munere
2699 2611 3076 2682 dignissimus,
3121 2620 3177 2667 et
3226 2612 3371 2667 solus
3416 2625 3606 2666 revera

2013 2705 2260 2771 iloueus,
2306 2686 2586 2774 qui’illam
2621 2703 2908 2773 quibusvis
2959 2704 3223 2759 molestiis
3260 2703 3601 2772 superiorem

2015 2794 2175 2865 plane
2229 2808 2513 2866 praesmre,
2601 2804 2766 2865 atque
2824 2796 3054 2850 invicem
3112 2795 3313 2849 bonum
3356 2793 3602 2848 habitum

2015 2903 2252 2952 omnem,
2296 2888 2623 2957 virtutisque
2662 2888 2933 2944 universa:
2969 2887 3325 2955 desiderium,
3362 2887 3618 2942 omnium-

2015 2980 2214 3036 animis
2241 2983 2387 3036 velut
2412 2978 2880 3051 colliquefactum,
2905 2978 3193 3035 infundere
3216 2987 3420 3050 posset.
3449 2979 3605 3033 l’ost-

2017 3090 2179 3146 quam
2212 3074 2428 3130 tandem
2463 3074 2780 3145 aliquando,
2820 3087 3072 3144 aegreque
3101 3072 3393 3128 admodum
3435 3073 3619 3128 cessit-

2019 3168 2338 3239 aduuitque,
2377 3183 2478 3223 nec
2504 3167 2644 3222 ultra
2672 3167 3000 3223 obstinatius
3034 3180 3337 3237 repugnare
3371 3164 3454 3220 ias
3481 3180 3603 3220 esse

2021 3262 2238 3328 statuit,
2298 3261 2459 3317 simul
2499 3260 2744 3317 divinum
2802 3260 3028 3315 omnino
3091 3259 3358 3315 calculum
3413 3258 3611 3313 sufira-

2022 3355 2278 3425 giumque
2332 3369 2457 3410 esse
2506 3361 2679 3414 ratus.
2736 3368 2857 3407 nam
2892 3352 3099 3422 absque
3143 3367 3210 3407 eo
3250 3361 3431 3417 esset,
3472 3366 3611 3405 nun-

2021 3462 2183 3518 quam
2227 3463 2284 3502 se
2316 3449 2384 3503 ab
2415 3447 2571 3502 initio
2593 3446 2658 3502 de
2684 3445 2933 3500 adeunda
2962 3444 3440 3513 ConstantinOpoli
3473 3445 3611 3498 divi‘

2021 3543 2170 3597 nitus
2200 3542 2535 3597 admonitum
2571 3542 2758 3598 fuisse.
2792 3541 3086 3612 Pomquam
3118 3542 3288 3611 igitur
3319 3541 3423 3596 hoc
3450 3551 3608 3611 pacto

2022 3647 2278 3690 assensus
2324 3642 2427 3697 est,
2466 3640 2520 3688 et
2560 3634 2905 3704 imperatoris
2971 3648 3141 3703 opera
3198 3641 3361 3703 atque
3412 3633 3606 3687 suma-

2019 3726 2258 3795 gatione,
2296 3732 2418 3796 Quae
2459 3740 2669 3780 summa
2707 3740 2838 3780 sane
2864 3733 2919 3780 et
2946 3727 3065 3782 sine
3091 3725 3340 3793 exemplo
3370 3728 3604 3778 maxima

2021 3825 2157 3883 erat,
2199 3818 2511 3873 cathedram
2555 3816 2919 3886 pontificalem
2966 3817 3309 3879 conscendit,
3354 3816 3606 3887 pietatis-

2024 3927 2129 3982 que
2168 3912 2384 3982 negotia
2416 3921 2638 3967 strenue
2674 3910 3023 3981 fortiterque,
3056 3920 3111 3966 et
3139 3911 3338 3966 eximia
3374 3912 3607 3981 quadam

2023 4004 2371 4067 dexteritate,
2428 4001 2817 4058 administrare
2874 4001 3134 4058 instituit.
3182 4002 3303 4058 Mox
3345 4012 3611 4073 quotquot

2023 4097 2296 4168 protervis
2332 4095 2442 4150 illis
2480 4094 2831 4149 vexatoribus
2872 4095 2988 4150 suis
3029 4094 3203 4150 vicem
3252 4095 3608 4160 reddendam,

2023 4190 2480 4259 superiorumque
2512 4187 2833 4258 iujuriarum
2869 4187 3168 4259 exigendas
3200 4189 3268 4242 ab
3318 4188 3385 4243 iis
3420 4203 3611 4258 poenas

2024 4282 2362 4348 statuebant,
2397 4295 2723 4349 quacunque
2758 4289 3009 4350 poterant
3042 4281 3277 4344 ratione,
3320 4281 3610 4335 sanctissi-

2022 4391 2166 4430 mum
2190 4376 2316 4428 item
2344 4373 2515 4426 virum
2549 4374 2663 4427 suis
2696 4388 2990 4442 aggregare
3012 4371 3283 4441 partibus,
3314 4373 3366 4425 in
3397 4374 3611 4442 operis-

2021 4481 2126 4536 que
2157 4466 2413 4535 pellicere
2467 4464 2812 4526 societatem,
2863 4462 3215 4526 laborabant,
3250 4464 3392 4517 haud
3434 4463 3610 4527 ignari

2019 4573 2179 4627 quem
2214 4556 2303 4610 ille
2334 4555 2524 4624 gratia:
2563 4554 3011 4622 auctoritatisque
3056 4553 3231 4609 locum
3282 4556 3423 4624 apud
3459 4556 3611 4625 prin-

2017 4650 2193 4721 cipem
2224 4648 2516 4707 obtineret,
2550 4646 2710 4700 simul
2757 4657 2810 4701 et
2849 4660 3039 4700 eorum
3084 4663 3204 4715 (μιαί)
3251 4650 3609 4718 pertulerant,

2022 4742 2368 4804 ruemoriam,
2403 4740 2551 4794 Vcittl
2584 4741 2821 4808 sopitum
2875 4739 3077 4807 ignem,
3124 4756 3271 4810 aegro
3311 4742 3613 4796 suscitante

2019 4845 2257 4904 pectore,
2313 4847 2488 4901 neque
2551 4830 2708 4885 istam
2772 4831 2939 4884 animi
2998 4835 3422 4888 commotionem
3482 4850 3610 4889 con-

2021 4928 2309 4994 quiescere
2348 4923 2584 4978 sinente.
2628 4923 2696 4978 At
2723 4921 3027 4992 Gregorius
3069 4924 3185 4979 miti
3218 4934 3381 4996 atque
3421 4928 3611 4981 imma-

2020 5015 2246 5070 nissima
2292 5028 2459 5077 voce,
2517 5012 2753 5083 primum
2784 5027 2994 5091 eorum
3052 5015 3307 5070 cohibere
3356 5018 3608 5073 ardorem

2018 5107 2395 5176 impetumque
2440 5104 2683 5158 tentabat
2717 5121 2729 5157 :
2769 5123 2786 5155 ι
2832 5103 3088 5175 Nunquid
3122 5108 3366 5173 nescitis,
3398 5109 3600 5177 inquit,

2017 5199 2176 5268 cujus
2244 5213 2337 5252 vos
2387 5198 2619 5265 spiritus
2654 5198 2868 5261 estis”,
2909 5217 2927 5251 ι
2970 5208 3027 5251 ut
3063 5199 3129 5254 ad
3188 5202 3302 5254 haec
3365 5201 3611 5255 audenda

2018 5288 2427 5362 prorumpatis?
2452 5289 2588 5342 Tum
2614 5301 2896 5360 quantam,
2923 5308 3195 5364 quamque
3228 5292 3610 5349 admirabilem

2024 5385 2151 5440 inde
2185 5383 2644 5452 magnanimitatis
2693 5383 2905 5439 laudem
2946 5384 3186 5442 habituri
3228 5386 3370 5453 sitis,
3407 5386 3452 5441 si
3497 5387 3609 5441 sola

2027 5477 2281 5532 vindicta:
2333 5475 2594 5533 facultate
2622 5479 2892 5546 contenti,
2920 5478 3243 5534 delictorum
3274 5478 3353 5535 eis
3381 5477 3615 5548 gratiam

2028 5567 2284 5625 faciatis?
2330 5566 2574 5638 Denique
2609 5569 2756 5641 quod
2803 5571 3123 5637 maximum,
3165 5584 3488 5642 summoque
3530 5568 3623 5625 fa-

2542 5813 2574 5833 θ

1981 5849 2057 5923 (9)
2091 5850 2437 5911 Theodosio.
