4028 6440
306 338 412 397 309

1226 338 1614 398 LAUDATIO
1655 339 1713 398 S.
1756 337 2136 398 GREGORII
2166 336 2580 396 TllEULUGI.

3442 329 3569 393 310’

306 453 403 505 καὶ
434 450 601 519 μόνης
655 447 1024 520 ἐξηρτημένον
1080 449 1179 518 τῆς
1239 452 1632 522 προαιρέσεως,
1667 452 1880 521 χαίρειν

2019 452 2079 515 it,
2118 466 2241 506 cum
2295 459 2440 506 recte
2491 450 2699 520 agendo
2745 447 2880 503 salvi
2921 461 3045 504 esse
3093 447 3338 519 possitis,
3384 458 3561 503 vestra

308 540 566 607 καθάπαξ
598 543 692 612 ὲᾷν
718 558 732 573 ·
842 544 1335 612 παραχρησάμενοι
1388 544 1487 612 τὴν
1531 541 1732 614 ἀρχὴν,
1791 544 1891 613 τῆς

2015 544 2349 612 'osmetipsos
2378 549 2571 610 sponte
2613 541 2867 610 laqueum
2901 539 3055 596 vobis
3083 539 3358 609 deligere?
3411 538 3587 593 llunc'

313 634 412 705 μὲν
442 633 580 686 κατὰ
609 634 771 702 φύσιν
817 633 1116 705 ἐξέστημεν
1157 635 1380 705 ἀρετῆς.
1410 635 1770 705 Μετέστημεν
1812 635 1887 698 δὲ,

1989 642 2046 689 ut
2073 634 2180 688 illis
2211 634 2377 687 animi
2422 648 2643 687 sensum
2675 646 2802 701 erga
2835 642 3083 687 sectores
3105 644 3565 701 oppressoresque

310 726 449 797 πρὸς
477 726 579 795 τὴν
612 727 763 797 παρὰ
800 726 961 795 φύσιν
992 728 1186 780 κακίαν
1221 767 1236 793 ,
1272 727 1601 796 ἀφελόμενοι
1654 726 1756 797 μὲν
1789 727 1888 797 τὴν

2016 742 2115 781 uos
2148 727 2477 792 inseruerat,
2501 726 2824 794 lenibusque
2848 725 3212 779 humanitatis
3246 722 3567 779 medicami»

313 817 517 872 οἰκείαν
577 819 879 889 ἠγεμονίαν
905 819 982 889 τῷ
1009 818 1107 889 νῷ,
1137 820 1275 891 μόνῃ
1302 818 1358 872 δὲ
1404 822 1471 889 τῇ
1507 819 1671 890 σαρκὶ
1706 819 1888 879 δόντες

312 910 373 961 τὸ
394 908 649 963 δύνασθαι
682 950 698 977 ,
741 910 835 964 καὶ
890 911 1027 975 ὅλως
1056 911 1280 981 γεώδεις
1331 911 1426 966 καὶ
1454 911 1632 965 ὑλικοὶ
1660 912 1883 982 γεγονό-

314 1015 408 1064 τες
438 1016 451 1031 ·
482 995 618 1056 εἷεν.

1985 822 2144 887 nibus
2169 834 2355 873 eorum
2390 819 2671 873 retuderat
2713 819 3252 883 exean—descentiam,
3280 816 3447 871 etiam
3480 815 3566 868 iu-

1984 928 2145 981 super
2178 913 2399 965 eosdem
2455 912 2519 964 ad
2567 910 2785 979 reliqua:
2831 910 3011 965 omnis
3067 908 3284 964 virtutis
3326 905 3565 962 studium

1983 1006 2303 1059 hortabatur
2334 1021 2350 1060 :
2382 1013 2545 1072 atque
2572 1018 2640 1056 ne
2663 1002 2790 1072 quid
2820 1003 3145 1072 optimarum
3179 1015 3364 1056 rerum
3408 1000 3571 1053 omit-

319 1101 495 1147 terent
518 1093 757 1159 monuit;
785 1094 878 1147 sed
913 1104 967 1149 ut
997 1110 1249 1165 maguum
1301 1110 1478 1164 operae
1505 1094 1736 1163 pretium
1775 1111 1895 1150 esse
1933 1097 2215 1159 ducerent,
2245 1105 2452 1151 natura:
2478 1095 2648 1164 ipsius
2673 1097 2825 1167 sequi
2850 1095 3102 1164 vestigia,
3150 1103 3206 1150 et
3235 1109 3355 1165 qua:
3412 1102 3569 1147 recta
3614 1088 3629 1096 ’

317 1194 441 1241 sunt
474 1202 670 1254 agere;
708 1195 922 1264 contra,
966 1187 1032 1241 ad
1067 1187 1491 1258 improbitatem,
1524 1203 1643 1258 quae
1667 1197 1720 1243 et
1758 1199 1955 1258 praeter
1996 1200 2201 1246 natura:
2229 1192 2475 1249 ordinem
2507 1194 2599 1260 sit,
2627 1203 2681 1249 et
2710 1207 2780 1248 ex
2824 1193 2951 1262 sola,
2980 1191 3218 1247 hominis
3263 1187 3432 1242 libera
3473 1200 3569 1238 vo-

318 1275 521 1330 luntate
541 1275 860 1346 dependeat,
893 1277 1135 1332 animum
1169 1277 1478 1348 appellere;
1509 1278 1564 1332 id
1589 1293 1719 1334 vero
1746 1280 1973 1335 missum
2003 1283 2226 1337 omnino
2277 1282 2542 1348 facerent,
2607 1299 2716 1354 quo
2777 1285 3031 1338 nimirum
3100 1280 3392 1336 voluntatis
3473 1291 3566 1331 ar-

317 1367 479 1421 bitrio
509 1383 631 1441 mox.
660 1370 727 1424 ab
754 1367 913 1423 initio
943 1369 1081 1424 male
1111 1369 1215 1435 usi,
1246 1385 1273 1424 a
1317 1378 1687 1424 consentanea
1718 1381 1923 1427 naturte
1955 1382 2153 1429 nostra:
2220 1374 2420 1431 virtute
2458 1376 2806 1443 deseivimus,

2883 1384 3047 1445 atque
3121 1373 3188 1427 ad
3271 1370 3564 1434 malitiam,

316 1474 438 1530 qua
466 1469 659 1528 praeter
688 1469 940 1516 naturam
970 1468 1075 1522 est,
1104 1462 1592 1531 transgreSsionem
1627 1462 1880 1528 fecimus,
1924 1475 2111 1519 mente
2138 1464 2400 1522 nimirum
2435 1464 2678 1535 legitimo
2704 1480 2803 1520 suo
2864 1463 3094 1533 spoliata
3136 1459 3385 1530 imperio,
3447 1473 3570 1511 car-

317 1555 484 1622 nique
515 1554 615 1609 soli
648 1556 844 1611 tradito
874 1554 1135 1622 dominio,
1163 1555 1304 1613 unde
1333 1567 1387 1614 et
1419 1573 1516 1614 nos
1544 1558 1645 1628 ipsi
1679 1561 1872 1615 terreni
1916 1562 2129 1630 penitus
2165 1562 2290 1618 facti
2317 1602 2334 1629 ,
2367 1562 2719 1631 materiaeque
2750 1574 2908 1617 coeno
2980 1560 3074 1615 toti
3112 1558 3278 1613 mersi
3350 1554 3583 1610 fuimus-

319 1648 425 1702 Sed
459 1648 568 1702 haec
604 1648 886 1706 hactenus.

392 1740 509 1811 ιμ’.
551 1741 610 1799 Ὀ
643 1743 743 1810 μὲν
772 1744 864 1799 οὖν
891 1739 971 1809 οἷς
1001 1746 1036 1800 ἂ
1066 1748 1324 1820 παρῄνει,
1357 1738 1513 1801 ταῦτδ
1542 1747 1703 1812 αὐτὸς
1736 1748 1887 1819 πρῶο

2066 1745 2204 1802 XCl.
2249 1746 2475 1814 Quando
2530 1745 2696 1817 igitur
2723 1746 2933 1815 primus
2958 1742 3062 1799 sibi
3110 1742 3414 1812 praestanda
3441 1755 3575 1796 cen-

320 1853 414 1900 τος
448 1837 709 1906 πράττειν
757 1838 933 1907 ἠξίου.
1003 1839 1368 1911 Πειθομένους
1423 1839 1671 1903 ἅπαντας
1732 1840 1896 1911 ἔχων,

323 1926 406 1991 οἷς
437 1928 631 1992 αὐτοὺς
661 1928 835 1995 οὕτως
900 1925 1036 2001 εἶχε,
1076 1932 1172 1985 καὶ
1220 1933 1401 1987 ταυτά
1446 1932 1791 2002 πράττοντας
1823 1928 1899 1985 εἴ-

322 2038 421 2092 χεν
452 2038 466 2053 ·
497 2019 559 2074 οὓ
596 2039 649 2075 τι
681 2021 958 2089 καθάπαξ,
996 2022 1113 2076 ἀλλ’
1144 2025 1270 2078 ὅσον
1300 2025 1521 2078 εἰκάσαι
1554 2041 1570 2057 ο
1602 2027 1762 2094 μόνος
1788 2024 1895 2095 γὰρ

321 2107 397 2167 ὧν
427 2112 604 2183 ἴσμεν,
637 2114 734 2167 καὶ
776 2114 949 2182 λέγων
985 2116 1080 2168 καὶ
1112 2115 1394 2186 πράττων,
1458 2117 1736 2189 ἀμίμητος
1783 2112 1851 2189 ἦν
1882 2134 1896 2148 ·

324 2204 741 2274 θαυμαζόμενον
787 2206 844 2259 δὲ
866 2207 957 2275 ὑφ’
985 2208 1237 2262 ἁπάντων
1290 2208 1479 2262 τοῦτον
1532 2209 1676 2274 ὀρῶν
1706 2210 1733 2261 ὁ
1765 2227 1903 2280 κρα-

326 2297 454 2363 τῶν,
506 2301 601 2352 καὶ
641 2298 733 2352 νῦν
765 2301 862 2370 μὲν
898 2318 916 2352 ι
955 2300 1189 2372 ἔρεισμα
1243 2300 1530 2365 εὐσεϐείας
1553 2303 1645 2356 καὶ
1682 2302 1900 2371 θαυμαί-

327 2393 464 2462 om
486 2408 635 2445 τινα»
660 2392 997 2461 καλούμενον
1027 2413 1046 2446 ι
1071 2394 1284 2460 δόξαν-ι
1326 2394 1420 2448 νῦν
1438 2396 1493 2449 δὲ
1515 2397 1736 2466 σπέρμα
1758 2397 1901 2450 θετον

327 2487 423 2539 καὶ
439 2484 626 2554 δρόσον
660 2486 880 2558 Ἑρμῶν
904 2488 1335 2544 καταϐαίνουσαν
1355 2490 1448 2542 ἐπὶ
1467 2491 1533 2542 τά
1559 2489 1659 2560 ὄρη
1681 2489 1840 2557 Σιὼν,
1875 2508 1893 2542 ι

326 2579 504 2648 ψυχάς
569 2581 648 2650 τῷ
706 2582 1028 2648 δυσσεϐείας
1079 2584 1310 2655 φλογμῷ
1380 2585 1693 2656 τηκομένας
1729 2604 1742 2618 ·
1803 2586 1899 2639 καὶ

326 2670 485 2726 τοῦτο
521 2672 651 2741 μὲν,
688 2689 707 2722 ι
743 2672 1000 2743 γνώμονα
1031 2674 1312 2744 θεολογίας
1344 2676 1443 2729 καὶ
1479 2676 1679 2730 κανόνα
1699 2676 1903 2746 δογμά-

326 2781 459 2829 των,
476 2782 596 2814 1-ι
621 2763 987 2834 καθαιροῦντα
1012 2767 1119 2821 πᾶν
1145 2766 1349 2838 ὕψωμα
1371 2769 1511 2821 κατὰ
1527 2768 1627 2836 τῆς
1648 2768 1902 2835 γνώσεως

329 2850 693 2920 ἐπαιρόμενον
737 2853 829 2907 τοῦ
860 2853 1017 2910 Θεοῦ.
1047 2874 1066 2907 ι
1103 2856 1259 2910 τοῦτο
1300 2858 1378 2924 δι,
1409 2859 1458 2911 εί
1487 2857 1570 2910 δεῖ
1621 2858 1902 2928 συντόμως

330 2942 525 3003 εἰπεῖν,
551 2961 570 2994 ι
596 2943 791 3007 παντὸς
817 2945 1024 3013 ἀγαθοῦ
1062 2950 1439 3015 πρυτανεῖον,ι
1471 2949 1603 3002 πᾶσί
1629 2967 1686 3002 τε
1716 2950 1900 3013 ἁπλῶς

332 3035 428 3086 καὶ
456 3034 579 3089 καθ’
615 3035 711 3089 ἕνα
758 3038 975 3110 ἑκάστῳ
1013 3040 1084 3093 τὰ
1123 3042 1425 3112 γιγνόμενα
1472 3042 1748 3111 διανέμον,
1806 3042 1901 3095 καὶ

2000 1839 2132 1905 sinit,
2158 1855 2386 1910 quorum
2412 1853 2605 1894 suasor
2635 1847 2935 1908 auctorque
2951 1836 3077 1892 aliis
3105 1844 3272 1900 esset,
3305 1834 3430 1889 hinc
3455 1834 3578 1888 uni-

2000 1946 2192 1986 versos
2229 1933 2364 1986 satis
2394 1932 2760 2000 obsequentes
2795 1929 3007 1992 habuit,
3067 1935 3179 1983 tum
3221 1926 3367 1995 quod
3398 1925 3481 1981 sic
3509 1924 3591 1977 οὐ*

1999 2022 2256 2092 obsequia
2290 2034 2568 2092 promptos
2591 2024 2838 2082 haberet.
2859 2023 3049 2077 eadem
3073 2021 3278 2090 pariter
3291 2031 3581 2085 capessen-

2002 2124 2082 2171 tes
2106 2123 2436 2186 agentesque
2466 2116 2659 2173 habuit
2691 2131 2707 2171 :
2758 2129 2865 2169 non
2911 2112 3308 2184 perfectissime
3334 2109 3578 2181 quidem,

2001 2210 2093 2264 sed
2123 2209 2414 2276 hactenus,
2453 2221 2515 2263 ut
2548 2210 2783 2280 speciem
2813 2208 2981 2279 ipsius
3002 2206 3239 2275 aliquam
3272 2201 3584 2259 similitudi-

2000 2315 2236 2368 nemque
2295 2299 2611 2355 referrent:
2649 2308 2764 2355 erat
2831 2299 2920 2355 ille
2971 2297 3117 2354 enim
3155 2310 3293 2351 unus
3318 2293 3599 2358 omnium,

2002 2405 2139 2459 quos
2166 2389 2419 2460 cognitos
2446 2389 2732 2457 habemus,
2758 2389 2923 2445 dictis
2971 2389 3246 2458 factisque
3297 2387 3460 2456 plane
3485 2382 3590 2439 ini-

2006 2482 2285 2537 tnitnbilis.
2316 2481 2487 2550 Quem
2514 2498 2640 2539 cum
2680 2483 3050 2537 admiratione
3076 2480 3320 2536 omnium
3341 2478 3445 2534 coli
3468 2476 3589 2533 Cae-

2004 2590 2096 2631 sar
2128 2575 2610 2640 animadverteret,
2636 2586 2692 2631 et
2722 2590 2863 2632 nunc
2900 2594 2921 2628 ι
2969 2589 3125 2645 μυῖαι
3168 2571 3448 2642 religionis
3498 2584 3592 2625 co-

2005 2669 2184 2724 lumen
2219 2683 2283 2724 ac
2327 2670 2494 2724 decus
2543 2671 2814 2739 quoddam
2873 2668 3151 2738 singulare
3187 2686 3206 2720 ι
3262 2664 3587 2736 praedicari:

2005 2776 2143 2815 nunc
2163 2779 2182 2812 ι
2204 2775 2386 2815 semen
2402 2762 2713 2825 divinum“,
2740 2779 2867 2815 ι-ι
2893 2770 2949 2816 et
2969 2776 3144 2816 rorem
3160 2757 3450 2814 Hermonis
3497 2756 3593 2810 de—

2003 2851 2349 2909 scendentem
2370 2853 2422 2906 in
2443 2862 2652 2907 montes
2689 2850 2973 2916 Sionis",n
3003 2852 3214 2906 animos
3230 2847 3477 2919 videlicet
3495 2848 3603 2900 im-

2003 2942 2222 3011 pietatis
2269 2942 2464 2998 ardore
2497 2942 2848 3013 liquefactos;
2880 2944 3075 3012 partim
3126 2942 3252 2996 item
3291 2957 3313 2992 ι
3349 2951 3594 2994 normam

2006 3034 2308 3104 theologia,
2344 3048 2736 3105 sacrorumque
2755 3035 3067 3106 dogmatum
3090 3033 3486 3105 regulam,o-¢
3514 3030 3597 3085 al-

334 3125 501 3177 παντὶ
530 3128 769 3195 παρέχον
797 3127 866 3181 τὰ
915 3128 1198 3200 πρόσφορα
1231 3145 1246 3161 ο
1282 3128 1474 3184 τοῦτον
1515 3131 1698 3185 τοίνυν
1735 3130 1909 3185 τοιοῦ-

2017 3127 2305 3181 titudinern
2362 3141 2607 3193 omnem,
2643 3143 2764 3198 quae
2789 3128 3055 3183 adversus
3099 3126 3194 3182 Dei
3224 3124 3593 3194 cognitionem

332 3233 429 3270 τον
460 3217 587 3271 ὄντα
645 3220 870 3291 ἐπείπερ
924 3222 1090 3287 αὐτὸς
1127 3223 1414 3297 ὲώραηκαὶ
1476 3224 1695 3292 πάντων
1721 3223 1910 3292 λεγόν-

337 3325 446 3362 των
474 3325 532 3362 τε
571 3309 663 3364 καὶ
696 3311 1037 3382 κροτούντων
1110 3313 1334 3385 ἤκουεν,
1364 3315 1568 3370 οἰκεῖον
1632 3316 1740 3387 γὰρ
1769 3315 1913 3383 ,ἕκα-

340 3414 466 3461 στος
495 3395 654 3454 ἆθλον
687 3402 754 3454 τὰ
781 3401 923 3455 τοῦδ’
950 3401 1206 3469 ἐποιεῖτο,
1225 3403 1415 3476 ἔχαιρέ
1440 3422 1499 3458 τε
1530 3405 1741 3469 τούτοις
1771 3406 1909 3459 πολὺ

347 3489 564 3558 μᾶλλον,
597 3491 627 3563 ἢ
663 3490 741 3563 τῷ
772 3493 1019 3561 περιόντι
1040 3495 1133 3548 τοῦ
1162 3496 1422 3566 κράτους,
1455 3499 1551 3551 καὶ
1584 3496 1660 3568 τῷ
1707 3497 1911 3567 τοσῷδε

349 3579 668 3653 διακειμένῳ
717 3584 819 3654 τῆς
884 3584 1092 3656 τύχης*
1142 3588 1373 3658 χάριτάς
1417 3607 1475 3641 τε
1519 3589 1602 3642 ὅτι
1646 3588 1908 3651 πλείστας

355 3670 611 3743 ὡμολόγει
635 3676 711 3747 τῷ
751 3676 818 3729 δι’
844 3676 1011 3732 αὐτοῦ
1050 3677 1238 3732 τοῦτον
1286 3679 1718 3751 προϐεϐλημένῳ
1747 3679 1868 3749 Θεῷ
1895 3695 1910 3710 ⁸

351 3765 734 3835 εὐδαιμονίζων
767 3769 866 3837 μὲν
923 3769 1020 3840 τὴν
1050 3770 1226 3838 πόλιν,
1278 3772 1396 3836 τοῦ,
1439 3772 1695 3841 ποιμένος
1755 3771 1918 3841 ἠξιῶ-

349 3856 472 3909 σθαι
518 3859 761 3912 τοιούτου
788 3876 802 3892 ο
838 3862 887 3913 εί
918 3861 974 3913 δὲ
1009 3848 1210 3932 βούλει,
1267 3863 1361 3917 καὶ
1396 3865 1578 3916 πᾶσαν
1602 3864 1702 3932 τὴν
1736 3864 1919 3916 οίκου-

350 3949 538 4019 μένην.
582 3951 911 4023 Ἐπειδήπερ
949 3974 966 4006 ι
1006 3956 1086 4019 είς
1132 3956 1316 4009 πᾶσαν
1345 3957 1442 4024 τὴν
1474 3957 1578 4025 γῆν
1617 3955 1841 4024 ἐξῆλθεν
1889 3957 1916 4008 ὁ

349 4041 585 4109 φθόγγος
628 4044 816 4111 αὐτοῦ,
848 4046 942 4099 καὶ
977 4048 1056 4110 εἰς
1084 4048 1153 4099 τὰ
1192 4047 1403 4118 πέρατα
1452 4048 1551 4118 τῆς
1591 4048 1917 4119 οἰκουμένης

348 4133 415 4186 τὰ
453 4134 669 4204 ῥήματα
710 4136 871 4190 αὐτοῦ
907 4153 924 4169 ⁸
969 4156 989 4189 ι
1030 4140 1419 4210 εὐδαιμονίζων
1475 4139 1532 4193 δὲ
1589 4140 1684 4192 καὶ
1729 4138 1919 4193 τοῦτον

350 4225 536 4290 αὐτὸν,
577 4227 656 4277 ὅτι
683 4227 936 4293 πλείστας
966 4245 1026 4281 τε
1060 4232 1152 4284 καὶ
1195 4230 1491 4294 καλλίστας
1522 4230 1616 4283 καὶ
1644 4228 1922 4300 καταλλή-

348 4316 474 4393 λους
513 4316 766 4387 ἀφορμὰς
813 4318 955 4393 ἔσχεχ
982 4320 1047 4388 τῇ
1112 4318 1275 4386 φύσει
1308 4319 1444 4390 πρὸς
1503 4318 1731 4384 ἔνδειξιν
1763 4322 1922 4389 ἐναρ-

351 4409 424 4477 γῆ
450 4408 548 4477 τῆς
587 4409 663 4469 είς
692 4409 853 4461 αὐτὸν
886 4409 1130 4480 μεγάλης
1156 4413 1249 4463 τοῦ
1281 4410 1599 4481 Πνεύματος
1633 4413 1919 4475 ἐπιπνοίας

349 4500 526 4552 τεκαὶ
569 4501 759 4567 φορᾶς,
821 4506 914 4555 καὶ
966 4502 1072 4556 τῶν
1124 4501 1415 4556 ἁκενώτων
1483 4504 1778 4574 θησαυρῶν
1823 4505 1923 4573 τῆς

356 4580 570 4657 σοφίᾴς,
621 4576 701 4643 ὧν
746 4591 887 4662 ὑπὲρ
940 4592 1148 4652 πάντας
1220 4592 1431 4647 ἐκεῖθεν
1474 4594 1778 4665 ἐπλούτησε
1828 4595 1923 4648 καὶ

354 4682 657 4746 πλουτίζειν
683 4684 808 4755 ἔσχε
849 4686 973 4749 τοὺς
1002 4686 1214 4750 ἄλλους.

1955 4460 2002 4517 D

2015 3218 2296 3284 attollitur,
2345 3218 2764 3275 destructilem"
2795 3258 2810 3285 ,
2838 3238 2858 3272 ι
2912 3219 3132 3289 partim,
3188 3227 3249 3274 ut
3277 3218 3599 3286 compendio

2015 3313 2211 3380 dicam,
2249 3333 2269 3365 «ι
2317 3313 2445 3369 boni
2474 3315 2653 3370 omnis
2685 3316 2963 3384 publicum
3022 3326 3369 3386 prytaneum,
3395 3330 3414 3365 ι
3462 3327 3601 3368 cun-

2014 3406 2116 3461 ctis
2143 3405 2481 3476 singulisque
2529 3407 2908 3479 convenientia
2940 3408 3128 3463 omnia
3160 3406 3517 3463 distribuens.
3546 3412 3600 3459 et

2017 3498 2310 3568 unicuique
2339 3509 2465 3571 aptp
2491 3509 2545 3553 et
2571 3499 2764 3554 idonea
2813 3501 3086 3568 praebens.
3135 3499 3422 3569 Siquidem
3458 3496 3601 3550 hunc

2016 3588 2183 3658 igitur
2223 3588 2386 3644 talem
2440 3600 2755 3660 tantumque
2813 3592 2993 3645 virum
3028 3605 3149 3645 esse
3176 3629 3193 3653 ,
3223 3599 3278 3644 ct
3317 3590 3431 3658 ipse
3478 3602 3603 3657 per-

2017 3690 2291 3749 spexerat,
2323 3689 2381 3735 et
2412 3682 2788 3737 consentiente
2816 3683 3079 3738 bonorum
3112 3681 3353 3736 omnium
3407 3680 3600 3749 praedi-

2017 3773 2232 3828 catiune
2269 3773 2568 3844 plausuque
2598 3774 2970 3844 intelligebat:
3026 3789 3160 3829 suas
3186 3775 3330 3828 enim
3371 3773 3604 3841 quisque

2019 3863 2267 3927 adoreas,
2299 3878 2425 3919 snas
2459 3880 2708 3929 coronas,
2752 3881 2873 3934 quae
2908 3867 3076 3919 nostri
3106 3874 3286 3927 erant,
3324 3863 3554 3917 habebat
3586 3875 3601 3913 :

2019 3954 2086 4008 iis
2116 3954 2204 4008 ille
2230 3954 2388 4009 rebus
2419 3955 2559 4010 haud
2593 3957 2757 4026 paulo
2779 3958 2898 4026 plus
2921 3954 3083 4020 allici,
3104 3970 3266 4025 quam
3290 3963 3607 4023 potentatus

2021 4046 2104 4102 sui
2140 4046 2443 4111 majestate,
2483 4057 2744 4119 tantoque
2791 4049 3089 4118 imperialis
3117 4049 3347 4103 fortunae
3392 4044 3605 4109 habitu,

2023 4148 2187 4208 atque
2216 4138 2347 4204 Deo,
2400 4141 2490 4210 qui
2545 4158 2642 4197 sua
2696 4144 3041 4213 potissimum
3090 4157 3256 4212 opera
3290 4141 3609 4211 pontificem

2026 4233 2320 4286 maximum
2366 4232 2688 4298 Gregorium
2716 4234 3044 4305 prodidisset
3071 4275 3085 4299 ,
3122 4235 3392 4288 maximas
3450 4247 3612 4302 agere

2027 4322 2250 4387 gratias.
2281 4322 2487 4388 Quiuet
2519 4324 2663 4381 urbi.
2716 4339 2836 4393 qua:
2869 4335 3024 4378 tanto
3058 4324 3281 4393 dignata
3312 4332 3463 4378 esset
3498 4338 3603 4375 an-

2028 4414 2220 4477 tistite,
2259 4422 2350 4468 ant
2380 4412 2428 4468 si
2460 4414 2656 4476 mavis,
2688 4417 2946 4470 universo
2972 4425 3252 4470 terrarum
3285 4415 3429 4480 orbi,
3456 4430 3609 4469 suam

2031 4504 2393 4576 congratulari
2430 4505 2767 4571 felicitatem,
2820 4509 3041 4577 quando
3088 4524 3109 4558 ι
3159 4507 3211 4560 in
3241 4522 3457 4560 onmem
3504 4517 3611 4561 ter-

2033 4614 2148 4652 ram
2201 4599 2384 4653 exibat
2437 4613 2600 4651 sonus
2653 4597 2819 4663 illius,
2865 4607 2921 4650 et
2981 4601 3046 4653 ad
3098 4599 3234 4653 lines
3263 4612 3434 4666 usque
3464 4597 3614 4651 orbis

2030 4697 2186 4743 terrae
2208 4689 2527 4743 verbaillius
2550 4688 2593 4718 δ’
2612 4707 2660 4756 ;ι
2682 4698 2733 4743 et
2757 4689 3018 4759 Gregorio
3043 4691 3144 4759 ipsi
3164 4691 3366 4761 pariter
3390 4705 3617 4757 congra-

353 4780 537 4844 tulari,
578 4780 716 4849 quod
749 4782 1099 4846 uberrimam,
1133 4795 1187 4838 et
1218 4783 1661 4853 pulcherrimam,
1687 4789 1742 4837 et
1767 4791 1976 4838 natura:
2013 4799 2126 4840 sum
2159 4801 2347 4855 parem
2394 4786 2735 4853 facultatem,
2789 4796 2843 4843 et
2874 4786 3161 4842 materiem
3217 4800 3415 4842 nactus
3475 4795 3619 4841 esset

352 4873 659 4944 proferendi
695 4878 746 4930 in
779 4879 1020 4947 apricum
1053 4876 1499 4944 monstrandique
1533 4877 1805 4944 ingentem
1861 4877 2076 4932 afflatus
2149 4890 2204 4934 et
2266 4889 2442 4934 motus
2524 4882 2697 4935 sancti
2773 4882 3013 4952 Spiritus
3049 4923 3062 4948 ,
3118 4896 3231 4952 quo
3300 4880 3612 4938 ferebatur,

355 4972 488 5033 vim,
519 4981 572 5025 et
615 4971 960 5025 incxbausros
1016 4968 1253 5024 calcatis
1287 4967 1572 5037 sapientia:
1604 4968 1913 5035 thesauros,
1951 4967 2146 5038 quibus
2170 4969 2432 5024 divinitus
2457 4985 2620 5039 supra
2642 4971 2780 5027 alios
2840 4986 3037 5027 omnes
3110 4970 3440 5036 cumulatus,
3482 4968 3630 5025 alios,

355 5063 487 5118 item
514 5063 930 5131 collocupletare
962 5069 1169 5130 posset.

334 5192 337 5195 μ
430 5151 546 5223 ιιΒἏ
583 5157 645 5209 '0
688 5157 809 5226 μὲν,
838 5151 934 5210 οὗν
965 5154 1108 5208 πάνυ
1136 5171 1221 5209 τοι
1250 5153 1439 5209 τοῦτον
1487 5154 1929 5226 ἐκπληττόμενος

359 5250 456 5305 καὶ
494 5249 789 5319 θαυμάζων
821 5249 965 5320 ὑπὲρ
989 5249 1198 5313 πάντας
1228 5250 1354 5312 τοὺς
1384 5248 1601 5313 ἄλλους,
1628 5250 1721 5302 καὶ
1769 5248 1932 5311 αὐτὸς

357 5343 458 5414 οὐχ
501 5336 662 5414 ἦττον
686 5342 993 5408 ἀντιϐοᾶτο,
1046 5344 1140 5396 καὶ
1190 5340 1594 5411 παραπλησίως
1640 5340 1749 5394 τῶν
1772 5340 1938 5394 παιὰ-

358 5454 469 5492 νων
510 5437 780 5507 μετεῖχεν,
830 5434 1024 5506 ὥσπερ
1058 5452 1143 5499 τις
1169 5435 1349 5497 κοινὸς
1381 5433 1679 5506 εὐεργέτης
1724 5433 1938 5504 ἀνθρώ-

2116 5152 2277 5211 XCII.
2341 5152 2461 5208 Jam
2499 5159 2557 5206 ut
2585 5154 2744 5207 unice
2767 5154 2819 5206 in
2849 5153 3331 5221 Gregorio-nostro
3362 5164 3470 5217 prae
3497 5148 3642 5203 aliis-

2044 5248 2296 5302 omnibus
2318 5246 2525 5301 defixus
2562 5247 2744 5300 Cmsar
2779 5246 3038 5310 herehal,
3079 5257 3351 5312 unmnque
3391 5240 3626 5292 miraba-

2049 5349 2137 5393 tur
2159 5377 2176 5404 ,
2216 5339 2288 5392 ita
2321 5337 2435 5406 ipse
2472 5353 2579 5390 non
2613 5337 2792 5392 minus
2817 5336 2983 5391 claris
3009 5336 3237 5390 invicem
3273 5331 3625 5388 attollebatur

2049 5431 2358 5501 pmconzis,
2415 5429 2829 5497 coelestiumque
2881 5429 3085 5499 pariter
3131 5426 3354 5482 laudum
3393 5437 3637 5479 consors

427 5648 473 5680 ⁸⁸
505 5647 525 5703 1
586 5644 765 5701 Joan-
788 5660 872 5710 tn,
901 5645 955 5699 9.
1034 5644 1074 5676 δ’
1110 5643 1251 5699 Psal.
1283 5657 1506 5707 cxxxiii,
1535 5642 1587 5694 5.
1664 5640 1707 5671 ’⁸⁸
1738 5640 1779 5695 ll
1833 5640 1907 5695 Co

2015 5656 2048 5705 ἱ,
2081 5638 2135 5692 5.
2212 5639 2253 5671 ⁸ο
2284 5630 2579 5703 ΡεαΙ.ἰιιι,
2620 5634 2693 5690 5.-
2728 5616 2744 5629 ί

429 5808 536 5881 (l0)
568 5808 732 5877 Grcg.
765 5807 897 5862 Naz.
933 5806 1054 5869 Gil,
1085 5804 1207 5859 (394.
