4028 6466
397 373 504 441 3Ζ3

1325 387 1722 448 LAUDATlO
1754 389 1820 452 S.
1865 388 2251 450 GREGORII
2290 389 2710 456 THEULOGL

3567 393 3675 461 314

396 501 530 571 ἧκεν
553 515 568 532 ·
599 492 644 552 ὦ
670 497 796 571 δίκη
825 500 920 555 καὶ
952 501 1109 572 νόμοι
1133 502 1230 556 καὶ
1258 492 1438 559 πάντα
1469 507 1760 576 βλέποντες
1785 510 1985 577 ὀφθαλ-

2095 510 2394 564 invideutia
2431 511 2605 580 magis
2633 513 2898 565 adversus
2933 509 3258 579 Gregorium
3323 513 3476 578 ntoti,
3519 533 3682 586 quam

403 595 496 661 μοὶ
516 592 608 656 τωῖ»
659 593 834 648 Θεοῦῐ
874 595 1304 667 καταψεύδονται
1340 600 1433 652 τοῦ
1472 600 1630 668 ἁγίου
1661 643 1675 662 .
1709 605 1982 670 τρισεπί·

400 701 640 740 σκοπον
668 687 1070 751 ἀποκαλοῦντες
1125 691 1316 744 τοῦτον
1339 694 1432 746 καὶ
1460 694 1560 747 οὐκ
1591 695 1832 763 εὐλόγως
1861 699 1983 752 οὐδὲ

401 779 702 840 κανονικῶς
730 783 962 848 ταυτησὶ
988 783 1084 850 τῆς
1117 781 1388 854 καθέδρας
1411 787 1843 858 ἐπειλημμένον,
1881 790 1986 844 Σάι-

405 889 562 938 σιμα,
594 873 684 925 καὶ
716 873 1045 937 Ναζιανζὺν,
1071 877 1168 928 καὶ
1195 875 1515 944 Βυζάντιον,
1541 881 1632 931 καὶ
1661 881 1728 932 τὰ
1750 883 1980 935 τοιαῦτα

403 964 694 1034 ληρῶντες
712 983 725 994 ·
751 983 826 1019 ων
851 966 947 1018 τοῦ
982 967 1082 1036 μὲν
1114 966 1331 1037 πρώτου
1367 973 1462 1025 καὶ
1491 970 1810 1025 τελευταὶοσ
1837 974 1978 1026 κατὰ

401 1059 524 1120 τοὺς
561 1059 738 1127 ἱεροὺς
770 1060 962 1130 τῳόντι
989 1060 1230 1130 θεσμούς
1257 1077 1270 1092 ⁸
1311 1062 1419 1113 τῶν
1452 1063 1638 1132 μέντοι
1667 1062 1982 1133 Ναζιανζηο

402 1145 530 1210 νῶν,
563 1146 672 1200 οὔτ’
705 1150 918 1212 οὐδενὸς
950 1149 1196 1202 τοιούτου
1246 1151 1343 1220 τὴν
1377 1152 1552 1222 ἀρχὴν
1586 1169 1982 1226 προσκεχωρη-

402 1240 578 1304 κότος,
611 1241 828 1309 καὶτῆς
883 1245 1158 1314 πατρικῆς
1200 1245 1446 1314 ἀνάγκης
1477 1246 1662 1300 εἵνεκα
1691 1248 1938 1318 προῦστη
1961 1265 1976 1281 ο

399 1331 548 1404 γήρᾳ
571 1349 628 1384 τε
655 1335 746 1386 καὶ
773 1336 933 1404 νόσῳ,
969 1339 1063 1388 καὶ
1097 1337 1372 1400 πλείστοις
1425 1339 1576 1402 ὅσοις
1608 1340 1979 1408 ἀπειρηκότος

399 1425 622 1488 δεινοῖςο
657 1429 753 1478 καὶ
811 1430 1040 1496 προσέτι
1105 1430 1620 1496 παλαμναιοτάταις
1661 1433 1825 1485 αὐτὸν
1888 1451 1981 1485 συ-

402 1517 623 1586 σχόντος
677 1519 874 1584 ἀραῖς’
940 1517 1008 1570 ἵν’
1069 1520 1259 1604 ἐπειδὴ
1325 1521 1592 1591 Σασίμοις
1656 1523 1842 1593 μένειν
1881 1525 1980 1576 οὐκ

397 1607 607 1672 ἔπειθε,
636 1609 1080 1664 συναντιλάϐοιτο
1107 1612 1239 1680 γοῦν
1267 1613 1417 1684 αὐτῷ
1453 1613 1547 1666 τοῦ
1602 1615 1858 1684 ποιμνίου
1888 1617 1982 1669 καὶ

394 1701 502 1768 τῆς
524 1699 617 1752 τοῦ
650 1699 780 1753 λαοῦ
809 1704 1174 1773 προστασίας,
1198 1707 1292 1758 καὶ
1316 1706 1425 1758 τῶν
1452 1708 1508 1757 ὲν
1532 1707 1740 1770 τούτοις
1765 1708 1982 1778 φροντί-

397 1793 504 1848 δων
535 1797 806 1859 κοινωνὸς.
849 1797 958 1860 ἕως
983 1797 1052 1850 ἂν
1084 1800 1248 1868 περιῇ
1288 1800 1596 1870 κατασταίη
1620 1818 1634 1832 ο
1666 1802 1876 1854 ἐκείνου
1925 1801 1980 1854 δὲ

2093 599 2234 668 quod
2267 598 2319 652 itt
2357 599 2447 652 illo
2475 599 2852 652 confirmando
2891 615 2995 652 non
3039 601 3282 668 ipsorum
3315 601 3444 655 item
3487 605 3682 658 sttll'ra-

2090 691 2338 759 gatorios
2381 689 2618 744 calculos
2658 690 2880 744 Asiatici
2921 692 3198 747 antistites
3235 696 3684 764 assttntpsissent,

2094 785 2236 838 haud
2290 783 2640 837 mediocriter
2695 786 3133 850 stomachantes,
3185 786 3253 840 de
3313 799 3503 842 sant-to
3549 791 3684 856 viro,

2091 889 2208 942 quae
2241 873 2464 926 minime
2489 873 2541 925 in
2572 872 2722 925 illum
2747 875 3168 943 quadrarentzo
3195 876 3406 946 iustitia
3437 890 3490 932 et
3516 879 3684 948 leges,

2090 975 2145 1020 et
2177 973 2370 1020 cuncta
2407 974 2728 1018 contuentes
2762 966 2852 1018 Dei
2885 967 3066 1020 oeuli!
3106 967 3428 1024 elftttiebant
3464 973 3688 1025 menti.-

2103 1059 2211 1122 cia,
2251 1055 2630 1127 tripoutiﬁcem
2687 1057 2943 1112 nimirum
2977 1060 3302 1126 vocitantes,
3342 1063 3503 1130 quive
3537 1063 3686 1116 nullo

2091 1151 2235 1206 bono
2263 1151 2407 1219 jure,
2441 1167 2544 1205 nec
2576 1151 2860 1213 canonice,
2915 1152 3056 1206 hanc
3093 1153 3266 1220 ipsam
3297 1155 3688 1222 occupavisset

2091 1243 2406 1299 eatltedram
2437 1282 2452 1304 ,
2481 1243 2714 1305 Sasima,
2753 1250 2806 1296 et
2831 1241 3190 1308 Nazianzutu,
3228 1252 3283 1298 et
3341 1244 3686 1316 Byzantium,

2090 1343 2145 1388 et
2177 1335 2280 1388 alia
2313 1335 2362 1386 id
2395 1349 2564 1402 genus
2593 1333 2920 1400 garrientes,
2975 1326 3284 1402 quanquam
3317 1335 3551 1402 primum
3602 1333 3688 1388 ille

2091 1440 2536 1496 poStremumquc
2567 1425 2790 1479 omnino
2839 1424 3239 1494 pontiﬁcatum,
3268 1427 3566 1478 secundum
3601 1440 3689 1480 sa-

2093 1535 2182 1574 cra
2221 1519 2474 1573 Ecclesiae
2504 1520 2746 1581 decreta,
2781 1518 2885 1571 rite
2913 1527 3246 1584 susceperat,
3279 1515 3688 1572 Nazianzenum

2089 1625 2298 1675 autem,
2331 1621 2386 1665 et
2417 1610 2562 1680 quod
2589 1626 2748 1664 nemo
2809 1611 2941 1664 satis
2993 1610 3225 1664 idoneus
3283 1625 3402 1662 mox
3459 1625 3688 1663 vacuum

2091 1707 2300 1766 adibat,
2338 1715 2392 1758 et
2433 1713 2592 1758 antea
2631 1712 2867 1770 paterna:
2901 1705 3247 1758 necessitatis
3279 1719 3463 1768 causa,
3489 1703 3689 1756 vivat-ia

2091 1815 2278 1869 Opera,
2327 1798 2683 1868 gubernarat.
2721 1798 2932 1850 Etenim
2971 1805 3123 1865 pater
3177 1807 3430 1865 provecm
3487 1811 3686 1850 senec-

403 1887 802 1957 μετηλλαχότος
857 1889 946 1940 τὸν
1001 1888 1140 1958 βίον,
1193 1884 1244 1942 οἷ
1273 1889 1339 1943 ἂν
1377 1891 1541 1944 αὐτὸν
1569 1892 1631 1944 τὸ
1671 1892 1770 1963 τῆς
1801 1893 1982 1964 ψυχῆς

2095 1902 2227 1955 tute,
2253 1905 2398 1960 πετο
2441 1903 2694 1958 corpore,
2749 1896 2804 1940 et
2849 1887 3153 1940 innumeris
3210 1898 3470 1956 prmterca
3531 1886 3690 1941 malis

401 1982 722 2052 αἱρούμενον
755 1982 884 2052 ἄγῃ,
913 1983 1142 2052 χωροίη.

2095 1995 2383 2053 quassatus
2430 1983 2618 2036 adhaac
2643 1981 2985 2050 gravissimis
3023 1979 3188 2032 lilium
3222 1979 3691 2033 exsecrationilms

400 2073 662 2140 devinxit,
702 2085 758 2128 ut
787 2078 1006 2143 quando
1043 2077 1274 2132 Sasimis
1313 2093 1598 2134 remanere
1631 2079 1730 2148 ipsi
1771 2081 1823 2134 in
1873 2082 2115 2136 animum
2175 2079 2435 2133 inducere
2483 2077 2761 2147 nequibat,
2800 2075 3004 2143 junctis
3072 2089 3258 2128 secum
3321 2075 3530 2144 operis,
3602 2075 3688 2128 sui

398 2170 576 2237 ετυείδ
617 2170 907 2237 populique
945 2171 1169 2224 tutelam
1222 2173 1547 2240 Susciperet,
1601 2173 1844 2245 sibique,
1879 2174 2008 2228 dttut
2050 2173 2156 2226 vita
2195 2183 2462 2236 maneret,
2492 2185 2746 2224 curarum
2810 2169 3168 2238 laborumque
3201 2167 3385 2222 socius
3419 2175 3472 2220 et
3530 2165 3690 2236 adju-

403 2273 490 2316 tor
529 2272 705 2328 esset;
735 2279 838 2334 qua
874 2266 962 2318 ubi
994 2265 1386 2333 concessisset,
1422 2268 1532 2324 iret
1583 2285 1738 2337 sane,
1785 2285 1894 2340 qtto
1927 2269 2079 2322 illum
2116 2283 2334 2334 cunque
2357 2266 2524 2320 animi
2555 2266 2788 2336 impetus
2815 2265 3002 2319 ferret.

473 2363 588 2427 ιιεν.
619 2364 758 2427 Τοὺς
799 2363 898 2433 μὲν
924 2358 1023 2427 οὖν
1045 2363 1184 2435 ἔχων
1235 2365 1454 2434 ἐλέγξαι
1487 2368 1587 2421 καὶ
1612 2368 1982 2438 καταισχύναι

403 2455 706 2528 καὶ-δεῖξαι,
727 2457 869 2510 κατὰ
901 2457 960 2510 τὸ
986 2457 1136 2518 ἔπος·
1172 2460 1602 2527 «Παγγλωσσίας
1619 2461 1865 2531 κόρακας
1883 2461 1982 2527 ὣς,

401 2547 648 2616 ἄκραντα
682 2548 982 2617 γαρύοντας
1015 2549 1132 2610 Διὸς
1165 2552 1300 2619 πρὸς
1335 2551 1528 2622 ὄρνιχα
1553 2551 1720 2630 θεῖον,
1749 2571 1769 2604 ι
1798 2553 1858 2606 τὸ
1889 2553 1988 2624 μὲν

402 2643 504 2693 οὐκ
531 2641 798 2710 ἠξίωσεν·
848 2641 876 2694 ὃ
936 2641 994 2696 δὲ
1050 2641 1341 2696 κάλλιστον
1399 2643 1494 2696 καὶ
1536 2645 1988 2700 λυσιτελέστατον

401 2729 558 2800 ᾤετο,
591 2732 682 2784 καὶ
713 2729 862 2801 αὐτῷ
892 2730 1037 2800 μάλα
1073 2731 1204 2803 πρὸς
1232 2733 1466 2802 τρόπου,
1511 2733 1672 2787 τοῦτο
1724 2734 1823 2788 καὶ
1859 2734 1982 2803 βου-

397 2825 618 2876 λεύεται
647 2825 738 2876 καὶ
765 2826 910 2877 ποιεῖ
933 2843 947 2857 ·
980 2825 1141 2878 τοῦτο
1179 2823 1301 2896 μὲν,
1334 2823 1430 2878 τοῦ
1487 2825 1562 2897 μὴ
1615 2827 1794 2881 δοκεῖν
1825 2827 1986 2898 δόξης

401 2917 557 2986 ἑρᾷνε
584 2917 742 2970 τοῦτο
767 2917 842 2981 δὲ,
865 2917 958 2970 τοῦ
989 2919 1167 2987 μισεῖν
1199 2918 1341 2972 οὕτω
1365 2920 1727 2989 φιλονεικίαν,
1755 2939 1773 2972 ι
1795 2921 1870 2983 ὡς
1895 2923 1991 2974 καὶ

406 3010 547 3080 μετὰ
577 3010 684 3062 τῶν
747 3011 1052 3079 μισούντων
1103 3013 1202 3082 τὴν
1253 3013 1484 3080 εἰρήνην
1518 3014 1800 3083 εἰρηνικὸς
1849 3009 1990 3066 εἶναι

402 3101 738 3172 βούλεσθαι.»
767 3103 1102 3156 Καταλείπει
1129 3105 1249 3175 μέν·
1275 3122 1332 3173 γε
1351 3104 1396 3157 ὦ
1416 3106 1847 3177 θαυμαστῆςκαὶ
1873 3124 1998 3160 και-

400 3189 502 3257 νῆς
552 3191 980 3272 μεγαλοψυχίας,
1031 3192 1128 3246 καὶ
1159 3194 1321 3264 ζῆλον
1374 3195 1560 3264 ἥκιστ’
1587 3196 1822 3267 ἐχούσης
1855 3199 1868 3251 !
1900 3197 1992 3250 τὸν

403 3281 870 3347 περισπούδαστον
925 3283 1020 3334 καὶ
1064 3284 1468 3353 περιμάχητον,
1538 3289 1634 3340 καὶ
1683 3290 1820 3341 πᾶσι
1875 3291 1988 3351 τοῖς

401 3371 586 3430 ἄλλοις
625 3373 925 3442 ἐπέραστον
972 3374 1185 3444 θρόνον,
1241 3376 1422 3446 πολλῷ
1453 3378 1584 3448 ῥᾷον
1614 3380 1709 3430 καὶ
1741 3380 1912 3450 ἥδιον,
1950 3380 1984 3450 ἢ

403 3462 772 3532 λαμϐάνουσιν
825 3465 1010 3536 ἕτεροι
1033 3484 1044 3496 ·
1078 3466 1260 3530 δείξας
1298 3468 1578 3535 ἐντεῦθεν,
1627 3471 1704 3534 ὡς
1734 3469 1856 3523 οὐδὲ
1890 3470 1988 3538 τὴν

406 3555 578 3624 ἀρχὴν
605 3556 769 3625 ἔρωτι
799 3556 956 3626 δόξης
995 3557 1096 3626 τῆς
1129 3559 1404 3630 καθέδρας
1435 3561 1612 3631 ἐπέϐη
1643 3579 1654 3590 ·
1689 3563 1812 3614 οὐδὲ
1849 3578 1956 3630 φαν

410 3647 599 3708 τασίας
649 3649 974 3716 ἐπιθυμῶν,
1039 3651 1176 3702 ἀλλὰ
1215 3652 1633 3723 πολεμουμένην
1686 3656 1831 3726 ὁρῶν
1890 3655 1992 3725 τὴν

413 3737 612 3804 Τριάδα
671 3739 858 3803 κακῶς
910 3739 1304 3814 διαιρουμένην
1353 3746 1446 3798 καὶ
1481 3745 1987 3816 συναλειφομέονην·

407 3828 501 3878 καὶ
551 3828 610 3879 τὸ
647 3829 772 3882 κατ’
817 3830 988 3900 αὐτὴν
1024 3831 1294 3904 ὑπορρέον
1345 3834 1440 3887 ἐὰν
1489 3834 1562 3906 μὴ
1605 3839 1765 3906 χεῖρά
1804 3855 1890 3898 τις
1916 3837 1992 3902 ὡς

401 3913 613 3987 τάχιστ’
639 3919 820 3994 ὀρέξῃ.
853 3923 1191 3979 Καταλείπει
1213 3925 1258 3978 δ’
1287 3921 1354 3978 αὖ
1387 3927 1593 3980 καὶτὸν
1620 3929 1992 3998 ποιμανθέντα

399 4007 540 4060 λεὼν
566 4011 630 4064 τὰ
656 4012 776 4064 θεῖα
814 4016 1276 4084 κατηρτημένον,
1327 4020 1426 4072 καὶ
1477 4021 1607 4089 περὶ
1655 4021 1757 4089 τὴν
1805 4021 1991 4075 πίστιν

401 4099 465 4156 εὖ
493 4104 636 4172 μάλα
669 4105 940 4178 λαμπρῶς
971 4109 1340 4178 ὠχυρωμένον
1369 4113 1466 4166 καὶ
1489 4112 1852 4184 ήδρασμένον.
1893 4116 1989 4168 καὶ

402 4197 504 4266 τῆς
526 4198 754 4269 Τριάδος
773 4201 1002 4272 γνήσιον
1049 4203 1376 4274 λατρευτὴν,
1408 4206 1533 4258 ὅσον
1565 4205 1734 4259 ἐνέδει
1767 4209 1836 4261 τὰ
1871 4224 1988 4260 τοι·

403 4287 539 4340 αὕτα
569 4289 772 4358 προτοῦ
813 4292 998 4356 κακῶς
1049 4293 1154 4346 ὑπὸ
1189 4295 1286 4365 τῆς
1317 4295 1427 4346 τῶν
1458 4296 1846 4367 αίρετιζόντων
1879 4300 1988 4354 πά-

404 4391 550 4444 σχων
578 4379 834 4448 φατρίας.

2153 2362 2318 2419 XCV.
2347 2362 2586 2418 Tametsi
2621 2377 2749 2417 vero
2775 2363 2828 2415 in
2857 2359 3084 2430 proclivi
3119 2367 3304 2415 nostro
3343 2357 3523 2413 fuerat
3587 2359 3688 2414 ob-

2086 2465 2412 2512 trectatores
2460 2471 2588 2510 suos
2617 2456 2943 2525 redarguere
2969 2496 2983 2519 ,
3014 2463 3066 2508 et
3113 2453 3164 2505 in
3222 2452 3481 2520 pudorem
3525 2451 3682 2516 dare,

2086 2567 2136 2610 et
2165 2552 2453 2608 05tendere
2484 2551 2627 2610 illos.
2679 2551 2972 2606 secundum
3030 2557 3218 2602 uotum
3253 2561 3466 2600 versum
3526 2547 3638 2614 (ll)
3672 2562 3687 2599 :

2093 2664 2112 2698 t
2172 2643 2347 2698 lnstar
2419 2641 2839 2710 omnilinguittm
2916 2655 3200 2694 corvorum
3266 2647 3456 2692 contra
3549 2635 3691 2690 divi-

2092 2750 2214 2788 nant
2292 2733 2441 2789 lovis
2489 2733 2671 2787 alitem
2734 2746 2870 2784 vana
2934 2731 2996 2784 et’
3048 2729 3229 2782 inania
3301 2729 3601 2793 crocitare,
3665 2746 3684 2778 ι

2095 2827 2338 2882 hancille
2357 2837 2535 2880 tamen
2559 2825 2876 2894 repudiabat
2908 2825 3189 2876 rationem
3213 2821 3506 2882 C'eterum,
3549 2821 3692 2890 quod

2098 2922 2532 2993 pttlch‘errimum
2570 2919 2943 2987 optimumque
2982 2915 3124 2969 factu
3161 2913 3358 2976 visum,
3383 2920 3441 2966 et
3475 2912 3695 2982 ingenio

2103 3016 2340 3070 hominis
2369 3010 2952 3067 convenientissimum
2989 3019 3128 3070 erat,
3157 3007 3260 3060 hoc
3289 3005 3480 3072 arripit
3509 3021 3571 3058 ac
3600 3018 3691 3058 se-

2105 3107 2293 3176 quitur
2321 3105 2630 3161 consilium.
2666 3103 2860 3169 partim
2913 3114 2980 3153 ne
3017 3099 3200 3168 gloriae
3236 3097 3538 3165 honorique
3589 3109 3690 3150 suo

2103 3174 2356 3270 cupidius
2389 3196 2646 3250 t'elilicari
2677 3195 2968 3255 videretur,
2999 3193 3193 3261 partim
3223 3190 3368 3259 quod
3407 3189 3488 3242 sic
3515 3189 3582 3240 ab
3607 3174 3684 3240 ri-

2101 3293 2186 3346 xis
2219 3301 2382 3356 atque
2415 3286 2854 3342 dimicationibus
2887 3285 3243 3344 abhorreret,
3281 3301 3299 3330 ι
3359 3290 3418 3334 ιιι
3469 3294 3588 3334 cum
3619 3278 3687 3332 iis

2092 3385 2257 3438 etiam
2277 3383 2366 3451 qui
2389 3395 2576 3450 pacem
2597 3379 2858 3431 odissem.
2887 3391 3070 3445 pacem
3092 3375 3273 3427 coiere
3294 3371 3539 3426 studeret
3563 3370 3630 3424 '“.
3664 3387 3683 3420 ι

2096 3475 2215 3530 Mox
2254 3477 2457 3543 itaque,
2490 3489 2522 3526 ο
2561 3470 2933 3524 incredibilem
2966 3475 3019 3520 et
3056 3481 3272 3528 novatn,
3329 3460 3677 3516 imitationis-

2100 3582 2206 3636 que
2245 3566 2470 3620 minime
2507 3563 2750 3616 studium
2790 3561 3120 3621 habituram,
3150 3557 3316 3612 animi
3351 3552 3686 3622 magnitudi-

2099 3659 2256 3713 neml
2290 3658 2544 3710 thronum
2581 3653 3028 3720 patriarchalen‘t,
3055 3667 3167 3704 rem
3200 3662 3296 3718 per
3328 3663 3388 3702 se
3429 3655 3692 3716 expeten-

2103 3751 2248 3815 dam,
2283 3759 2335 3802 et
2367 3746 2683 3816 nptabilem,
2717 3745 2976 3811 omnique
3019 3744 3138 3796 nisu
3193 3737 3599 3796 vindicandam.
3631 3743 3688 3790 et

2095 3843 2308 3898 caeteris
2339 3841 2592 3894 omnibus
2621 3837 3027 3898 charissimam,
3085 3834 3226 3888 haud
3263 3831 3421 3902 paulo
3459 3829 3686 3898 expedi-

2093 3935 2200 3988 tius
2221 3932 2638 4002 promptiusque
2699 3929 2978 3996 relinquit,
3035 3940 3196 3993 quant
3249 3923 3522 3989 accipiunt
3573 3919 3687 3972 alii.

2090 4023 2210 4090 Quo
2244 4024 2360 4094 ipso
2389 4023 2524 4078 satis
2565 4020 2979 4087 comprobatmn
3011 4017 3180 4081 dedit,
3217 4031 3342 4070 sese
3368 4032 3432 4067 tte
3479 4013 3686 4082 princi-

2091 4117 2182 4185 pio
2213 4116 2458 4187 quidem,
2493 4114 2603 4168 ullo
2636 4113 2818 4184 gloriae
2864 4111 3096 4172 ambitu,
3129 4109 3451 4177 externique
3503 4106 3687 4174 Splen-

2096 4209 2245 4264 doris
2277 4222 2484 4270 amore,
2521 4209 2678 4260 istam
2709 4205 3022 4260 ascendisse
3044 4202 3384 4264 cathedram,
3419 4201 3509 4254 sed
3536 4197 3680 4267 quod

2096 4301 2456 4355 sanctissima:
2489 4297 2744 4352 Triuilati
2779 4335 2795 4358 ,
2829 4296 2970 4350 male
2997 4294 3250 4348 videlicet
3279 4301 3388 4345 tum
3431 4289 3682 4352 divulsai,

2095 4401 2208 4447 tum
2239 4391 2500 4456 confusa),
2539 4390 2757 4443 4tcllum
2807 4389 3016 4441 illatqu
3069 4395 3338 4444 cerneret,
3384 4397 3680 4448 vermtque

403 4469 538 4522 adeo
581 4469 728 4525 illius
795 4473 945 4528 brevi
995 4475 1325 4546 dilapsuram
1389 4479 1823 4548 intelligentiam,
1879 4483 1980 4537 nisi
2022 4501 2186 4554 quam
2224 4487 2461 4552 primunt
2534 4481 2780 4536 subsidio
2841 4478 3112 4546 quispiam
3174 4475 3403 4528 veniret.
3469 4471 3573 4526 Sed
3620 4481 3676 4526 et

402 4573 560 4626 quem
593 4575 812 4631 paverat
839 4575 1064 4631 cretum,
1117 4573 1168 4621 in
1199 4569 1400 4624 divinis
1471 4573 1898 4643 redintegratum
1972 4577 2430 4646 instructumque,
2494 4585 2546 4627 et
2577 4576 2628 4627 in
2663 4581 2808 4626 recta
2856 4571 3055 4638 pietate
3123 4568 3292 4632 probe
3346 4565 3678 4619 luculenter-

403 4669 508 4724 qtte
541 4659 917 4714 conﬁrmatum
959 4667 1122 4730 atque
1166 4663 1599 4730 constabilitum,
1659 4674 1715 4719 et
1775 4679 1983 4733 sancta:
2022 4667 2312 4722 Trinitatis
2344 4665 2634 4736 genuinum
2665 4663 2932 4714 cultorem
2995 4660 3214 4728 reliquit
3275 4657 3410 4730 (12),
3475 4665 3684 4726 quanto

406 4745 544 4804 idem
574 4759 754 4811 antea,
795 4750 933 4807 male
965 4752 1034 4805 ab
1067 4756 1447 4810 ltwreticorum
1497 4757 1735 4812 factione
1764 4759 2078 4826 mulctatus,
2117 4763 2199 4816 his
2237 4763 2290 4814 itt
2327 4761 2488 4812 rebus
2517 4757 2890 4810 deliciebatur.

478 4846 608 4910 ιιςῖν.
638 4844 914 4909 Βασιλέως
941 4850 996 4901 δὲ
1027 4851 1122 4903 καὶ
1161 4851 1258 4904 τοῦ
1307 4855 1430 4906 κατ’
1457 4854 1620 4906 αὐτὸν
1674 4855 1978 4926 συνεδρίου,

2162 4857 2347 4914 XCVI.
2383 4856 2481 4910 Hic
2511 4855 2805 4920 imperator
2835 4865 2968 4904 sane
3001 4864 3103 4900 una
3153 4862 3276 4902 euut
3312 4861 3410 4901 suo
3465 4853 3684 4908 senatu,

409 4934 503 4987 καὶ
548 4936 671 4988 ὅσον
722 4937 834 4990 τῶν
882 4941 1188 5012 ἀρχιερέων
1224 4943 1566 5012 ὑγιαίνοντες
1604 4941 1769 5015 ἦσαν,
1805 4945 1992 5016 σχεδὸν

406 5026 447 5078 δ’
481 5025 720 5092 ἅπαντες
746 5025 908 5101 ἦσαν,
949 5032 1027 5086 ἔτι
1057 5051 1117 5086 τε
1152 5035 1352 5098 παντὸς
1380 5036 1490 5088 τῶν
1527 5037 1832 5106 ὀρθοδὸξων
1858 5039 1991 5090 συλ-

407 5121 588 5188 λόγου,
619 5125 1124 5195 συναθροισθέντων
1148 5130 1243 5182 καὶ
1277 5129 1490 5184 πλεῖστ’
1515 5129 1681 5184 αὐτοῦ
1717 5130 1990 5200 δεομένων

408 5215 506 5266 καὶ
534 5215 720 5284 μένειν
763 5221 1262 5286 παρακαλούντων,
1313 5223 1409 5276 καὶ
1442 5222 1757 5292 κινηθέντος
1787 5223 1990 5286 παντὸς

408 5306 574 5378 ἔργου
603 5310 698 5362 καὶ
721 5311 908 5379 λόγου,
938 5315 1030 5366 καὶ
1058 5314 1412 5382 παντοδαπῆς
1445 5315 1688 5382 σπουδῆς
1731 5315 1828 5368 καὶ
1860 5331 1993 5385 προ-

409 5399 681 5469 κλήσεως,
741 5403 838 5454 καὶ
897 5406 1239 5476 πανταχόθεν
1301 5405 1512 5460 πείθειν
1541 5407 1992 5478 ἐπιχειρούντων,

411 5493 501 5545 καὶ
525 5493 663 5546 πάνυ
690 5511 771 5548 τοι
797 5497 1244 5568 διατεινομένων,
1277 5499 1402 5570 μηδ’
1424 5499 1491 5552 ἂν
1519 5499 1621 5552 εἴτι
1655 5501 1746 5552 καὶ
1778 5499 1993 5569 γένοιτο

481 5667 525 5698 ⁸¹
557 5671 700 5724 l’sal.
729 5685 854 5737 cxx,
887 5671 941 5734 6,
985 5673 1037 5728 7.

487 5846 600 5919 (ll)
627 5845 843 5900 Pindari
873 5843 1066 5916 Oly-np
1131 5845 1342 5914 stt‘oph.
1388 5861 1437 5911 ι’,
1478 5845 1559 5903 15.

2091 4961 2141 5006 et
2176 4949 2366 5002 sanior
2407 4938 2550 4999 item'
2576 4943 2877 4996 antistitum
2917 4955 3064 5009 pars,
3097 4954 3217 5008 quae
3262 4939 3436 4992 multo
3494 4936 3684 5006 utique

2093 5025 2329 5096 maxima
2381 5037 2518 5100 fuit;
2553 5044 2608 5089 et.
2642 5036 2930 5088 universus
2981 5035 3201 5096 insuper
3243 5029 3677 5084 orthodoxorttttt

2091 5146 2288 5196 cretus,
2325 5133 2376 5184 itt
2413 5145 2576 5182 ttnttnt
2614 5127 2784 5181 coacti
2839 5126 3043 5184 locum,
3090 5123 3434 5192 Gregorium,
3471 5131 3528 5172 ttt
3563 5135 3676 5170 ma-

2092 5233 2268 5289 tterct,
2307 5223 2544 5275 maximo
2571 5234 2766 5288 rogare
2802 5216 3175 5283 obtestarique
3225 5229 3407 5279 opere,
3465 5210 3684 5262 omnia-
3759 5277 3766 5281 .

2096 5330 2202 5384 que
2231 5313 2392 5369 dictis
2424 5311 2713 5380 factisque,
2751 5310 3010 5374 omnique
3040 5316 3094 5360 et
3111 5306 3290 5360 studio
3333 5314 3386 5356 et
3416 5303 3674 5355 obsecra-

2094 5410 2265 5470 tione,
2313 5403 2503 5458 sedulo
2552 5415 2795 5464 movere,
2824 5409 2881 5454 et
2908 5398 3180 5453 undelibet
3215 5397 3268 5449 itt
3315 5407 3470 5448 suam
3530 5391 3684 5445 illum

2106 5499 2374 5553 οὼῐιιοτϊεε
2400 5496 2588 5549 conari
2619 5493 2967 5558 sententiam,
3000 5501 3054 5544 et
3107 5487 3478 5543 vehementius
3511 5482 3680 5538 etiam

2165 5843 2467 5917 (1'2)Grt'g.
2511 5861 2563 5915 ιι.
2602 5842 2726 5897 519.
