4028 6450
450 346 560 414 5ὶ5

1678 342 2079 405 THEODULl
2109 338 2463 402 MONACHI

3624 325 3722 391 31f»

452 470 801 520 asseverare,
832 454 979 509 nullo
1009 453 1187 523 ipsum
1227 461 1409 524 pacto,
1442 453 1704 523 quidquid
1729 453 1857 508 inde
1874 469 2041 509 even-

2165 453 2340 507 ;οὗτον
2388 449 2679 519 μεθήσειν,
2711 445 2802 501 καὶ
2833 444 2892 499 τὸ
2940 442 3204 514 μέγιστον
3238 441 3543 514 βοήσαντος
3575 441 3723 496 brou-

458 563 637 606 turum
669 556 836 614 esset,
868 563 991 603 sese
1020 546 1319 601 amissuros
1348 563 1362 599 :
1402 553 1676 613 postremo
1710 546 1899 610 etiam,
1925 563 2040 599 ma-

455 642 604 698 xima
662 640 815 694 vocis
872 641 1243 700 contentione,
1303 652 1444 691 unus
1498 638 1795 708 quiSpiatn,
1852 637 2040 693 nescio

454 736 602 805 quis,
635 734 984 788 exclamare:
1023 748 1041 782 ι
1082 728 1161 782 Tu
1191 742 1322 783 sane
1349 728 1494 797 quod
1529 730 1654 783 hinc
1685 729 1940 794 discedis,
1969 730 2042 797 ip-

456 842 572 891 sam
602 824 767 878 etiam
796 822 1111 875 Trinitatem
1168 830 1345 875 tecum
1401 821 1650 875 abducis.
1689 838 1709 872 ι
1748 819 2042 874 Verumta-

459 924 578 963 men
612 908 779 961 nihilo
800 905 888 959 ille
922 904 1093 970 magis
1120 903 1188 957 de
1213 903 1489 957 obstinato
1520 904 1884 959 abdicationis
1905 919 2040 959 cou-

456 1002 581 1056 silio
613 1000 900 1062 decedere,
927 1010 1019 1053 aut
1051 1000 1323 1054 tantulum
1355 1000 1421 1055 de
1459 1016 1554 1056 sua
1598 1002 1881 1056 remittere
1912 1017 2040 1071 per-

457 1096 684 1157 vicacia,
722 1107 910 1147 verum
946 1094 1204 1148 intinctus
1231 1094 1456 1149 omnino
1504 1095 1817 1163 persistere,
1865 1094 2039 1148 imbe-

458 1186 734 1239 cillitatem
765 1185 1032 1252 corporis,
1048 1199 1315 1253 suumque
1347 1185 1557 1239 senium
1582 1198 1839 1242 causatus
1867 1185 2039 1255 (ιε’),

458 1293 555 1347 per
582 1292 705 1348 quae
728 1277 1073 1345 capessendis
1100 1277 1154 1331 in
1190 1288 1465 1347 posterum
1499 1279 1846 1348 gravioribus
1875 1294 2039 1349 nego-

459 1370 570 1435 tiis,
632 1370 971 1440 publicisque
1025 1367 1283 1435 iuvandis
1341 1371 1682 1438 commodis,
1741 1371 2032 1437 inhabilis;

2149 544 2302 609 οὓν,ι
2332 543 2406 606 ὡς
2432 537 2513 605 οἷς
2550 540 2710 602 αὐτὸς
2730 538 2989 611 ἀπαίρεις
3012 537 3248 600 ἐνθένδε,
3275 538 3376 591 καὶ
3403 535 3505 607 τήν
3528 535 3727 599 Τριάδα

2153 634 2341 705 σαυτῷ
2377 630 2774 698 συναπάγεις,»
2814 629 2969 682 οὐδὲν
3003 626 3206 697 μᾶλλον
3234 626 3455 697 ἀπέστη
3480 614 3577 680 to?»
3609 627 3730 707 napi.

2147 702 2562 798 τὴνὰπόλειψιν
2595 723 2775 785 τόνου,
2826 721 2955 775 οὐδ’.
2992 720 3226 774 ἐνέδωκε
3254 724 3357 789 τῆς
3387 702 3725 785 ἐνστάσεωςλ

2149 818 2265 873 ἀλλ’
2306 816 2535 883 ἀκλινὴς
2571 814 2922 868 παντάπασιν
2972 808 3066 884 ἦν,
3094 812 3393 867 ἀσθένειαν
3430 812 3732 884 προϐεϐλη-

2152 911 2315 981 μένος
2350 910 2444 963 καὶ
2466 906 2666 976 γῆρας,
2682 906 2777 960 καὶ
2805 906 2862 958 τὸ
2883 903 3080 976 μηκέθ’
3105 899 3268 959 οἷοστ*
3305 901 3452 967 εἶναι
3478 903 3732 959 διαταῦτα

2150 1001 2444 1071 πράγμασι
2475 995 2739 1068 χρῆσθαι,
2794 996 2887 1048 καὶ
2925 995 3005 1064 τῷ
3042 994 3209 1064 κοινῷ
3237 995 3524 1047 λυσιτελεῖ
3563 994 3736 1065 ξυντεο

2148 1093 2285 1155 λεῖν,
2318 1090 2454 1146 ἀλλὰ
2485 1090 2650 1160 μόνου
2682 1088 2777 1141 τοῦ
2808 1087 2953 1141 κατά
2985 1087 3156 1157 μόνας
3186 1082 3328 1141 εἶναι
3360 1088 3636 1158 μετέχειν.
3671 1087 3738 1142 δι⁹

2143 1185 2303 1239 “ei
2339 1182 2495 1253 μόλις
2526 1180 2892 1251 συνεχωρήθη
2953 1178 3055 1250 τὴν
3114 1179 3337 1244 ἔξοδον·
3395 1179 3620 1232 εἰδότων
3666 1178 3736 1241 ὡς

2148 1274 2435 1347 ἀνηνύτοις
2468 1271 2813 1343 ἐπιχειροῦσι
2846 1271 3028 1326 πάντα
3076 1269 3369 1334 ποιοῦντες
3415 1270 3516 1324 καλ⁵
3555 1269 3738 1338 λέγονο

2140 1385 2264 1430 τες.

458 1460 681 1527 agenda:
712 1462 972 1515 duntaxat
1002 1460 1055 1515 iu
1085 1462 1376 1517 solitudine
1430 1464 1554 1519 vitae
1599 1465 1875 1520 consortio
1926 1479 2025 1532 par
2062 1470 2226 1518 esset.
2253 1461 2594 1530 Quapropter
2626 1459 2716 1513 vix
2771 1458 2990 1513 tandem
3021 1456 3182 1512 datus
3245 1455 3331 1512 illi

3410 1464 3742 1518 commeatus

458 1551 582 1614 fuit,
612 1555 829 1621 quando
861 1552 1118 1623 quidquid
1176 1553 1421 1608 facerent
1477 1559 1701 1611 omnino
1756 1556 2136 1622 dieerentque,
2202 1553 2256 1606 in
2316 1551 2532 1606 irritum
2609 1549 2806 1604 cadere
2870 1547 3149 1609 videbant.

529 1647 734 1704 XCVII.
759 1649 903 1716 Mox,
925 1651 1180 1720 quoniam
1200 1665 1270 1706 ne
1290 1663 1494 1720 puncto
1534 1653 1749 1722 quidem
1786 1653 2049 1722 temporis

460 1743 580 1795 sine
608 1752 828 1811 pastore
858 1759 955 1797 suo
976 1758 1098 1799 esse
1133 1752 1348 1813 poterat
1368 1744 1631 1812 Ecclesia,
1659 1745 1805 1815 quod
1827 1745 1961 1815 ipsis
1981 1745 2049 1800 ad

460 1833 743 1903 genuinam
759 1835 1014 1903 pietatem
1034 1849 1224 1890 recens
1257 1835 1888 1907 informatis,vetutique,
1906 1835 2048 1905 quod

2231 1650 2344 1717 L,Z'.
2375 1641 2491 1701 Εἶτ’
2542 1644 2841 1716 ἐπειδήπερ
2891 1644 2990 1714 οὐχ
3019 1638 3184 1698 οἷοντ⁹
3232 1638 3304 1712 ἦν
3333 1643 3448 1699 οὐδ’
3480 1643 3742 1716 ἐπιδραχῦ

2157 1743 2256 1812 τὴν
2289 1737 2618 1809 Ἐκκλησίαν
2646 1735 2976 1808 ἐστερῆσθαι
3002 1736 3289 1807 ποιμένος,
3323 1737 3440 1789 τῶν
3463 1738 3568 1808 μὲν
3598 1738 3744 1808 ἀρτι-

2157 1829 2349 1897 παγῶν
2371 1829 2510 1900 πρὸς
2539 1827 2825 1881 εύσέσειαν
2845 1826 3035 1895 ὄντων,
3065 1827 3161 1881 καὶ
3188 1823 3306 1882 οἷον
3333 1827 3745 1899 ὲγκεντρισθὲν·

461 1921 662 1977 dicitur
699 1923 771 1989 ⁸⁸,
834 1942 854 1976 ι
882 1940 950 1980 ex
1003 1924 1244 1981 oleastro
1276 1926 1329 1980 in
1361 1942 1544 1982 veram
1576 1927 1750 1984 oleam
1784 1928 1988 1993 insitis,
2025 1923 2056 1979 ι’

2165 1939 2284 1985 των,
2316 1921 2392 1985 ὡς
2417 1919 2597 1990 λόγος,
2630 1938 2650 1972 ι
2682 1919 2742 1985 ἐξ
2770 1918 3089 1989 ἀγριελαίου
3129 1921 3269 1991 πρὸς
3326 1919 3691 1982 καλλιέλαιον,
3718 1938 3736 1973 ι

463 2021 673 2090 majore
703 2020 1142 2093 perfectioreque
1169 2022 1234 2076 ad
1270 2023 1429 2077 ﬁdem
1465 2022 1717 2077 tuendam
1747 2035 1888 2090 Opus
1921 2030 2041 2075 crat

463 2113 650 2168 habitu
677 2131 692 2168 :
726 2125 780 2169 et
813 2116 959 2185 quod
984 2131 1052 2172 ex
1084 2116 1301 2171 insidiis
1332 2115 1680 2170 imminentes
1704 2112 1963 2178 haeretici,
1992 2113 2049 2167 in

465 2203 593 2257 illus
624 2205 856 2270 irruere,
900 2216 954 2260 et
981 2207 1242 2277 diripere,
1276 2217 1333 2261 et
1377 2208 1443 2261 ad
1477 2207 1690 2275 pristini
1725 2207 1929 2273 erroris
1967 2205 2048 2260 lu-

464 2294 676 2349 bricum
707 2298 992 2364 reducere,
1029 2302 1268 2369 prompti
1321 2301 1672 2369 expeditique
1710 2310 1917 2354 essent.
1969 2298 2045 2353 lbi

466 2394 727 2453 protenus
761 2386 811 2440 in
845 2389 1209 2457 patriarchale
1253 2399 1475 2445 evectus
1505 2389 1699 2443 solium
1734 2386 2045 2451 Nectarius,

467 2479 749 2547 municeps
773 2479 1085 2546 Tarsensis,
1119 2482 1263 2536 illam
1289 2482 1532 2536 omnium
1570 2481 1893 2542 maximam,
1920 2477 2051 2535 Deo-

468 2583 574 2637 que
609 2585 774 2639 super
820 2572 1003 2626 omnia
1059 2575 1407 2641 aestimatam,
1450 2573 1753 2627 animarum
1809 2570 2053 2639 suscepit

469 2663 954 2731 procurationem:
999 2665 1160 2719 homo
1219 2664 1486 2736 sapientia
1547 2675 1601 2718 et
1656 2664 1853 2719 virtute
1899 2670 2052 2716 tanto

469 2755 592 2809 aliis
615 2755 812 2824 major,
841 2769 1102 2827 quantum
1135 2765 1191 2811 et
1228 2758 1312 2813 his
1360 2758 1515 2828 ipsis,
1551 2766 1607 2811 et
1639 2756 1851 2811 caeteris
1891 2755 2053 2812 rebus

468 2847 745 2912 omnibus,
779 2849 931 2903 illum
960 2849 1044 2903 vir
1089 2851 1361 2904 maximus
1393 2849 1680 2911 anteibat;
1715 2857 1770 2902 et
1796 2847 1886 2917 qui
1945 2863 2053 2903 non

471 2938 635 3008 paulo
695 2940 815 3008 plus
879 2940 982 2995 sibi
1019 2940 1087 2996 de
1142 2941 1277 2995 tanti
1309 2941 1409 2996 viri
1467 2939 1836 3005 successione,
1890 2953 2054 3009 quam

474 3031 656 3085 throni
714 3033 975 3101 pontiﬁcii
1037 3034 1327 3104 dignitate,
1379 3033 1784 3105 gratularetur;
1847 3032 2054 3103 quippe

472 3122 618 3187 inter
644 3138 837 3180 omnes
865 3129 1142 3192 convenit,
1173 3128 1342 3183 etiam
1384 3124 1638 3180 thronum
1668 3125 1848 3196 ipsum
1881 3139 1912 3180 a
1950 3141 2056 3180 no-

473 3224 591 3267 stro
611 3216 986 3285 gloriosiorcm
1016 3217 1244 3284 factum,
1276 3227 1329 3273 et
1365 3216 1570 3288 majore
1593 3215 1820 3272 omnino
1851 3217 1906 3272 in
1935 3230 2058 3287 pre-

475 3310 549 3361 tio
582 3306 838 3377 deinceps
868 3308 1114 3377 huiitum
1139 3308 1334 3365 fuisse.

549 3395 789 3456 XCVIII.
821 3401 920 3456 His
951 3402 1017 3456 ad
1050 3404 1194 3456 hunc
1235 3401 1453 3456 modum
1505 3401 1767 3472 peractis,
1817 3403 2055 3473 synodo-

476 3504 584 3558 que
610 3490 723 3560 jam
749 3492 1029 3557 conclusa,
1063 3508 1186 3564 qua:
1212 3502 1399 3548 contra
1432 3512 1449 3545 ι
1489 3491 1723 3564 Spiritus
1757 3495 1930 3551 sancti
1959 3511 2058 3566 op—

2154 2012 2451 2070 κάντεῦθεν
2485 2013 2731 2083 μείζονος
2776 2014 2869 2068 καὶ
2901 2012 3240 2083 τελειοτέρας
3263 2014 3550 2086 δεομένων
3589 2013 3744 2089 ἕξεως

2163 2107 2301 2179 πρὸς
2337 2108 2436 2180 τὴν
2459 2109 2666 2174 πίστιν,
2701 2107 2810 2161 τῶν
2834 2107 2880 2160 δ’
2906 2105 3297 2183 αίρετιζὸντων
3340 2108 3739 2180 ὲφεδρευόντων

2154 2201 2251 2255 καὶ
2273 2201 2443 2255 ὄντων
2476 2202 2713 2271 ἑτοίμων
2743 2199 2957 2265 τούτοις
3000 2202 3356 2257 ἑπεισπεσεῖν
3387 2205 3487 2263 καὶ
3522 2199 3742 2271 διαρπά-

2157 2311 2247 2348 σαι
2277 2295 2372 2349 καὶ
2403 2295 2539 2367 πρὸς
2586 2276 2680 2348 τὸν
2732 2294 3001 2365 πρότερον
3053 2278 3455 2363 ἐπαναγαγεῖν
3491 2293 3698 2347 ὄλισθον
3725 2304 3738 2319 ⁸

2156 2386 2421 2453 ἀνάγεται
2468 2386 2570 2457 μὲν
2616 2384 2779 2449 εὐθὺς
2812 2386 2893 2449 είς
2919 2385 3013 2438 τὸν
3046 2368 3157 2455 τῆς
3188 2385 3510 2455 ἐπισκοπῆς
3536 2384 3734 2454 θρόνον,

2156 2479 2460 2550 Νεκτάριος
2490 2481 2516 2533 ό
2551 2478 2826 2550 Ταρσεὺς,
2881 2480 2979 2534 καὶ
3029 2479 3131 2549 τὴν
3180 2479 3293 2533 τῶν
3338 2478 3571 2533 ἀπασῶν
3605 2475 3721 2542 μεγί

2160 2589 2293 2642 στην
2320 2572 2418 2625 καὶ
2440 2574 2536 2625 τοῦ
2569 2571 2771 2636 παντὸς
2797 2570 2918 2642 Θεῷ
2952 2572 3282 2642 τιμωμένην
3312 2571 3536 2643 δέχεται
3565 2567 3740 2639 ψυχῶν

2160 2664 2534 2733 ’προστασίαν⁹
2603 2663 2823 2718 συνέσει
2883 2663 2981 2730 μὲν
3018 2663 3112 2717 καὶ⁵
3164 2663 3342 2734 ἀρετῇ
3390 2662 3617 2717 τοσοῦτο
3641 2659 3739 2713 τῶν

2163 2754 2381 2810 πολλῶν
2412 2753 2716 2825 διαφέρων,
2751 2755 2880 2807 δσον
2910 2754 3093 2818 αὐτοῖς
3124 2771 3184 2808 τε
3225 2754 3450 2819 τούτοις
3491 2754 3589 2809 καὶ
3615 2752 3740 2806 πᾶσι

2160 2854 2276 2916 τοῖς
2303 2849 2485 2915 ἀλλοις
2512 2853 2539 2903 ό
2569 2850 2748 2918 μέγας
2778 2848 2948 2905 αὐτοῦ
2970 2865 2985 2881 ·
3025 2849 3102 2921 τῷ
3132 2849 3189 2903 δὲ
3222 2848 3480 2921 διάδοχος
3524 2846 3739 2916 γεγενῆ-

2165 2944 2292 2999 σθαι
2333 2946 2604 3009 τοιούτου,
2639 2943 3044 3014 σεμνυνόμενος
3066 2941 3252 3008 πλέον,
3274 2943 3309 3015 ἢ
3327 2944 3409 3014 τῷ
3438 2940 3535 2995 τοῦ
3565 2940 3737 3010 θρόνου

2167 3036 2429 3109 μεγέθει·
2462 3036 2588 3093 ἐπεὶ
2621 3036 2720 3090 καὶ
2747 3036 2849 3090 τδν
2893 3035 3087 3108 θρόνον
3142 3034 3332 3098 αὑτὸν,
3380 3032 3738 3101 ζηλωτότερον

2165 3129 2225 3196 ἐξ
2245 3129 2479 3209 ἑκείνου,
2500 3129 2596 3205 καὶ
2617 3126 2867 3191 πλείονος
2891 3126 3129 3196 σπουδῆς
3154 3126 3486 3199 ἀξιούμενον
3518 3122 3738 3187 ἀπαντες

2168 3221 2351 3290 ῐσμεν.

2231 3400 2356 3467 [ιη’.
2377 3397 2536 3454 Ούτω
2550 3399 2608 3453 δὶ
2628 3399 2836 3454 τούτων
2855 3399 3284 3471 κεχωρηκότων,
3330 3400 3430 3457 καὶ
3473 3398 3573 3471 τῆς
3610 3393 3738 3451 κατὰ

2167 3511 2186 3545 ι
2207 3492 2311 3545 τῶν
2336 3491 2815 3573 Πνευματομάχων
2846 3509 2903 3544 τε
2930 3491 3025 3545 καὶ
3064 3492 3459 3563 Ἦμιαρείων,»
3488 3492 3563 3550 ὡς
3598 3487 3739 3547 αὐτὸς

478 3593 805 3650 pugnatores
845 3594 899 3638 et
925 3584 1312 3649 semiarianos,
1349 3603 1369 3638 ι
1396 3586 1850 3656 quemadmodum
1875 3599 2056 3642 noster

2165 3580 2318 3647 οὗτος
2348 3585 2520 3651 λέγει,
2555 3581 3032 3653 συγκροτηθείσης
3069 3585 3164 3636 καὶ
3200 3578 3738 3655 παρασκευασθείσης

477 3672 736 3740 appellat,
764 3673 1001 3728 conﬂata
1042 3683 1096 3730 et
1131 3676 1375 3731 instituta
1409 3677 1586 3733 fuerat
1616 3695 1629 3732 :
1668 3695 1787 3749 quae
1814 3678 1976 3734 simul
2008 3686 2064 3732 et

479 3761 885 3829 lllacedonium,
919 3766 1181 3837 vanitatis
1220 3768 1384 3838 hujus
1426 3782 1727 3836 auctorem,
1763 3779 1818 3824 et
1854 3768 2060 3839 Apolli-

478 3854 690 3908 Iturium
713 3855 939 3926 Syrum,
960 3859 1051 3927 qui
1077 3870 1409 3925 assumptam
1440 3861 1643 3916 Christi
1666 3874 1888 3915 carnem
1916 3874 2067 3913 men-

478 3953 536 3998 te
569 3961 665 3999 sua
698 3947 1014 4003 destitutam
1046 3949 1216 4006 fuisse
1246 3951 1531 4018 delirabat,
1584 3960 1640 4005 et
1692 3949 1955 4004 adversus
1987 3949 2066 4003 di-

479 4035 663 4089 vinam
700 4037 859 4093 istam
891 4039 1615 4111 insurgebatmcouomiam,
1645 4041 1800 4110 quasi
1828 4040 1881 4093 in
1911 4055 2067 4096 men-

485 4124 554 4178 tis
586 4125 833 4183 humanae
862 4130 1035 4186 vicem
1061 4148 1155 4187 sua
1190 4131 1412 4187 Christo
1438 4131 1745 4187 sull‘ecisset
1771 4130 2029 4186 divinitas
2050 4171 2066 4196 ,

484 4219 700 4287 penitus
730 4223 1028 4293 redarguit,
1059 4240 1264 4293 eosque
1289 4233 1347 4277 ut
1368 4224 1620 4295 homines
1640 4236 1849 4278 summe
1875 4222 2069 4292 impios

482 4317 537 4362 ct
565 4312 968 4368 consceleratos
997 4313 1334 4370 anathemati
1388 4312 1633 4366 tradidit.
1655 4311 1827 4383 Cujus
1875 4313 2069 4384 synodi

486 4408 746 4470 tauquam
793 4413 957 4474 caput
1004 4409 1276 4476 quoddam
1326 4403 1625 4474 Gregorius
1684 4404 1821 4471 fuit;
1869 4406 2072 4476 quippe

485 4494 577 4561 qui
620 4493 780 4564 lmige
806 4498 1051 4551 omnium
1089 4496 1383 4550 maximam
1421 4494 1675 4551 Patribus
1702 4496 1754 4550 in
1792 4513 1856 4551 eo
1887 4507 2072 4551 certa-

488 4585 636 4640 mine
659 4602 818 4656 opem
848 4602 1184 4657 Operamque
1214 4587 1491 4656 priestitit,
1525 4603 1825 4656 omnesque
1863 4590 1914 4641 in
1956 4598 2073 4643 stu-

2166 3674 2411 3739 συνόδου,
2460 3673 2572 3727 τότ’
2602 3674 2704 3744 ήδη
2759 3672 2935 3742 πέρας
2985 3658 3261 3744 λαϐούσης
3291 3688 3307 3704 ⁶
3355 3673 3452 3729 καὶ
3502 3673 3619 3742 ἅμα
3648 3665 3736 3736 μὲν

2167 3765 2526 3829 Μακεδόνων,
2550 3764 2640 3820 τδν
2668 3766 2908 3836 ταυτησὶ
2938 3765 3040 3835 τῆς
3083 3765 3460 3835 ματαιότητος
3485 3760 3735 3835 ἀρχηγὸν,

2169 3860 2286 3929 ἅμα
2306 3859 2361 3911 δὲ
2382 3857 2583 3911 καὶτὸν
2609 3856 2781 3929 Σύρον
2796 3857 3202 3933 ’Δπολιναὶριον,
3231 3859 3330 3912 τὸν
3353 3856 3515 3911 ἀνουν
3538 3853 3633 3922 τὴν
3654 3845 3735 3901 τοῦ

2168 3947 2412 4021 Χριστοῦ
2451 3948 2757 4021 πρόσληψιν
2793 3947 2943 4018 λήρῳ
2978 3947 3195 4012 δοῦντα,
3229 3947 3331 4001 καὶ
3358 3935 3738 4010 κατεξανιστά-

2174 4060 2338 4112 μενον
2366 4042 2466 4113 τῆς
2500 4042 2655 4105 θείας
2676 4040 3020 4111 οἰκονομίας,
3047 4039 3123 4103 ὡς
3149 4041 3274 4094 ἀντὶ
3300 4038 3396 4095 νοῦ
3434 4039 3531 4108 τῆς
3565 4030 3740 4097 θεότη-

2171 4151 2262 4197 τος
2303 4134 2662 4204 ἁποχρώσης,
2721 4132 3011 4203 κατάκρας
3069 4131 3467 4204 ὲξελεγξάσης,
3529 4125 3621 4201 καὶ
3670 4119 3738 4180 ὡς

2172 4227 2520 4288 ἀθεωτάτους
2562 4242 2623 4279 τε
2661 4225 2754 4279 καὶ
2784 4226 3085 4289 κακίστους
3114 4224 3432 4296 ἀναθέματι
3478 4210 3738 4291 παραδού-

2176 4336 2275 4391 σης
2297 4335 2312 4352 ο
2335 4318 2544 4389 ταύτης
2575 4317 2823 4388 ὡσπερεὶ
2854 4315 3159 4385 κεφάλαιον
3184 4316 3495 4387 Γρηγόριος
3514 4306 3581 4384 ἦν
3599 4325 3613 4344 ·
3650 4319 3738 4359 τα-

2178 4412 2411 4482 μὲγιστα
2432 4410 2651 4464 πάντων
2670 4408 3046 4479 συναράμενος
3068 4409 3222 4477 σφίσι
3254 4408 3394 4480 πρὸς
3424 4406 3516 4460 τὸν
3539 4398 3734 4469 ἀγῶναο

2176 4504 2271 4556 καὶ
2308 4503 2516 4564 πάντας
2545 4500 2823 4572 ἐκπλήξας
2875 4501 3036 4569 λόγου
3067 4501 3364 4573 περιουσίᾳ
3391 4499 3489 4554 καὶ
3511 4495 3757 4577 χάριτοςΞ

2177 4596 2275 4649 καὶ
2300 4594 2427 4658 τοὺς
2455 4592 2554 4662 μὲν
2602 4595 2911 4662 ἡμετέρους
2935 4592 3214 4662 εὐφράνας
3244 4610 3307 4647 τε
3328 4593 3424 4647 καὶ
3448 4584 3718 4657 κοσμήσας

487 4689 678 4745 porem
704 4676 1029 4732 eruditionis
1074 4691 1183 4729 sua:
1209 4677 1510 4747 diviureque
1564 4680 1754 4747 gratiae
1791 4680 2056 4743 ubertate,

2174 4686 2300 4748 τοὺς
2331 4686 2375 4738 δ’
2405 4684 2756 4749 ἀντιπάλους,
2794 4684 2869 4745 ὡς
2894 4684 3064 4752 εἰκὸς,
3100 4682 3498 4755 καταισχύνας,
3526 4675 3618 4731 καὶ
3638 4666 3738 4724 δείο

488 4769 661 4825 dedit.
698 4779 751 4824 et
784 4770 875 4851 qui
910 4766 1169 4837 singulari
1213 4770 1409 4837 gaudio
1436 4781 1599 4840 atque
1626 4779 1945 4824 ornamento
1974 4786 2071 4823 no-

489 4859 622 4914 stris
650 4859 749 4914 luit
782 4877 796 4914 :
828 4858 1163 4916 adversariis
1198 4872 1405 4930 autem,
1437 4872 1495 4917 ut
1524 4878 1737 4933 aequum
1770 4873 1913 4928 erat,
1950 4875 2266 4934 perpetuam
2301 4865 2652 4935 ignominiam
2715 4866 2935 4933 inussit,

491 4954 717 5022 peregit.

561 5047 755 5104 XCIX.
786 5047 1012 5101 Demum
1065 5045 1156 5101 ubi
1206 5049 1591 5119 imperatorem
1628 5052 1697 5105 oh
1743 5052 2077 5105 acerrimum

495 5158 639 5197 verae
666 5141 790 5194 ﬁdei
816 5141 1067 5193 ardorem
1094 5142 1449 5211 studiumque
1472 5144 1671 5198 eximie
1696 5144 2082 5210 collaudasset,

493 5245 551 5289 et
582 5231 847 5302 quidquid
911 5246 1148 5300 unquam
1210 5243 1422 5303 poterat
1461 5235 1825 5288 maximarum
1864 5233 2082 5288 laudum

497 5324 550 5378 in
585 5322 738 5377 illum
775 5322 1163 5390 congcssisset,
1187 5339 1424 5393 eumque
1447 5326 1561 5379 suis
1597 5325 1757 5379 simul
1790 5324 1931 5377 votis
1960 5339 2088 5377 con-

499 5424 584 5470 tra
643 5411 886 5467 visibiles
943 5413 1348 5487 invisibilesque
1410 5417 1732 5472 armavisset
1758 5417 1974 5482 hostes;
2012 5426 2066 5470 at

502 5518 611 5573 que
641 5511 870 5555 cancros
901 5503 1030 5558 item
1080 5520 1293 5572 omnes,
1332 5524 1453 5579 qum
1515 5520 1726 5579 tempus
1765 5508 2093 5580 postulabat,

573 5642 618 5674 ⁸²
652 5642 803 5696 Rom.
841 5660 913 5708 Xt,
944 5644 1033 5698 2-4.

582 5778 712 5850 (ιε’)
742 5782 899 5854 (λινε.
956 5782 1084 5837 525.

2182 4770 2276 4835 ξας
2312 4771 2477 4842 μηδὲν
2506 4771 2682 4839 ὑγιές.

3015 4881 3287 4936 memque
3354 4861 3572 4922 insaniae
3630 4861 3741 4908 reos

2250 5048 2367 5118 ιϐ’.
2405 5051 2509 5103 Τὸν
2551 5051 2652 5121 μὲν
2683 5049 2779 5103 οὖν
2814 5049 3129 5119 κρατοῦντα
3159 5047 3254 5103 τοῦ
3287 5047 3415 5115 περὶ
3446 5042 3539 5113 τήν
3572 5036 3738 5090 πίστιν

2184 5141 2346 5209 ζήλου
2378 5140 2472 5195 καὶ
2514 5142 2612 5211 τῆς
2649 5140 2888 5209 σπουδῆς
2943 5141 3083 5194 πάνυ
3120 5140 3431 5211 θαυμάσας,
3465 5132 3557 5187 καὶ
3589 5124 3738 5211 πᾶσιν

2183 5208 2263 5294 οἷς
2290 5228 2434 5303 εἶχεν
2469 5208 2766 5301 ἐγκωμίοις
2799 5208 3187 5303 προσειρηκὼς
3214 5208 3243 5298 ,ν
3283 5232 3380 5284 καὶ
3415 5225 3511 5278 σύν
3544 5237 3602 5290 γε
3628 5208 3738 5269 καθ’

2185 5325 2397 5397 ὁρατῶν
2419 5342 2478 5378 τε
2529 5326 2622 5378 καὶ
2669 5325 2918 5393 ἀοράτων
2946 5323 3156 5393 ἐχθρῶν
3185 5327 3307 5386 ταῖς
3370 5318 3553 5390 εὐχαῖς
3595 5304 3737 5362 αὑτὸν

2190 5417 2554 5482 καθοπλίσας,
2584 5420 2697 5479 τοῖς
2747 5418 2792 5469 δ’
2814 5417 2997 5479 ἄλλοις
3024 5418 3159 5470 πᾶσι
3193 5417 3260 5470 τὰ
3292 5413 3588 5483 γιγνόμενα
3617 5410 3739 5496 traf-

2192 5509 2436 5576 αινέσας,
2475 5507 2571 5562 καὶ
2594 5507 2785 5571 πείσας
2826 5507 3064 5562 εἰσάπαν
3092 5508 3360 5577 ὁμονοεῖν,
3398 5502 3489 5556 καὶ
3520 5497 3610 5564 τὴν
3648 5499 3735 5552 της
