4028 6428
340 401 446 470 3‘21

1268 406 1665 468 L.\UD.\TlO
1710 407 1772 465 S.
1808 405 2196 466 GREGOltll
2237 406 2654 466 THlZOlDGI.

3510 411 3619 478 322

346 527 441 579 καὶ
471 523 615 576 οὕτω
653 522 748 591 τὴν
781 516 1468 592 γιγνομένηνάφοσιοῦται
1496 526 1835 588 συντέλειαν,
1869 526 1929 578 οὐ

2048 524 2153 580 llac
2206 525 2372 595 igitur
2423 523 2743 594 itujUSlt-Odl
2803 524 3128 580 concinnata
3170 526 3457 595 oratione,
3496 531 3632 585 abit:

347 614 706 686 χαριζόμενος
734 613 939 682 φίλτρῳ
965 653 981 670 .
1008 613 1129 666 οὐδὲ
1158 614 1313 684 παρὰ
1329 616 1487 668 τοῦτο
1514 618 1640 680 τοὺς
1671 618 1930 681 ἐπαίνους

349 710 576 778 ἐξάγων,
601 710 708 762 οὐδ’
736 710 922 778 ἐγγύς.
964 711 1289 765 Τούναντίον
1324 713 1421 780 μὲν
1454 708 1546 765 οὖν
1584 714 1679 766 καὶ
1715 713 1927 767 κωλυό-

354 820 508 871 μενος
531 800 776 856 ὑπαυτοῦ
801 802 988 855 τούτου
1018 804 1243 872 μᾶλλον,
1270 806 1364 856 καὶ
1386 802 1531 873 ειπερ
1556 806 1733 858 ἔνεστι
1755 806 1929 875 φῆσαι

352 895 446 945 καὶ
474 892 539 944 τὰ
571 892 703 945 ὄντα
733 892 996 963 σημᾶναι,
1032 896 1106 956 ὡς
1144 895 1207 946 ἂν
1241 895 1315 963 μὴ
1342 894 1584 965 κάκείνῳ
1611 895 1739 968 δόξῃ
1767 898 1925 967 χαρί-

352 982 561 1047 ζεσθαι,
589 983 682 1034 καὶ
713 982 773 1033 τὸ
804 981 925 1034 καθ’
965 983 1505 1054 αὑτὸνὺπεραίρειν.
1532 986 1594 1038 Εί
1632 985 1742 1054 γάρ
1770 986 1926 1052 ἄλλος

353 1074 513 1136 αὐτὸς
568 1074 827 1144 ἑκάτερος
889 1073 1117 1139 τούτων,
1169 1074 1393 1143 εῠδηλον
1449 1076 1690 1141 πάντως,
1724 1076 1799 1140 ὼς
1848 1072 1931 1139 οἷς

353 1168 557 1226 ἐκεῖνος
581 1168 891 1236 κοσμεῖται,
920 1171 1012 1217 καὶ
1040 1166 1202 1228 αὐτὸς
1244 1166 1421 1235 δήπου
1446 1168 1738 1235 κοσμεῖται
1770 1205 1787 1231 ,
1841 1169 1938 1220 κοιλ⁹

350 1258 459 1310 τῶν
487 1259 616 1311 ἴσων
645 1258 886 1327 μετέχει,
920 1251 999 1321 οἷς
1048 1258 1256 1320 ἐκεῖνος
1284 1258 1509 1329 ἄριστος
1534 1258 1814 1313 δείκνυται
1834 1277 1851 1293 ο
1885 1259 1936 1311 εί

350 1349 407 1401 δὲ
437 1350 511 1418 μὴ
567 1350 625 1401 τὸ
676 1349 896 1416 φίλτρον
953 1351 1162 1420 παρῆν,
1219 1347 1458 1402 τοσαῦτα
1485 1349 1933 1421 ἂνὺπὲρτούτου

348 1437 509 1509 διῄει,
530 1440 628 1492 ὅσα
658 1440 802 1503 εἰκὸς
825 1439 915 1492 τὸν
943 1441 1178 1511 μάλιστα
1226 1441 1446 1495 πάντων
1494 1441 1659 1495 αὑτὸν
1709 1442 1937 1497 ἐπιστά-

352 1549 532 1600 μενον.

2038 634 2270 687 eamque
2300 619 2363 670 ad
2405 620 2671 671 tumulant
2703 616 2864 671 amici
2899 616 3335 685 coniunctissimi
3397 620 3621 687 recitat,

2038 720 2092 763 et
2117 710 2219 763 hoc
2256 708 2414 762 modo
2435 723 2532 777 pro
2558 708 2697 761 virili
2726 718 2878 777 parte
2916 710 3064 778 justa
3118 709 3297 765 funeri
3351 713 3632 780 persolvit,

2039 800 2174 855 nihil
2208 799 2466 855 amicitia:
2521 800 2675 870 dans,
2742 817 2841 854 nec
2893 802 3015 855 ideo
3060 802 3244 857 laudes
3274 804 3435 856 amici
3466 804 3633 860 altius

2037 895 2297 948 educens.
2326 890 2548 945 Minime
2577 890 2842 959 profecto.
2892 891 3007 946 lmo
3044 908 3175 947 vero
3211 908 3276 947 ex
3328 899 3630 961 contrario,

2041 1002 2138 1053 per
2179 985 2324 1040 lianc
2354 985 2524 1054 ipsam
2550 984 2844 1037 amicitiam
2874 985 2941 1036 ali
2973 986 3037 1038 iis
3071 986 3341 1050 dicendis,
3367 1004 3488 1056 qute
3520 990 3629 1041 dici

2042 1086 2311 1148 poterant,
2382 1075 2573 1144 eisque
2626 1090 2745 1142 qum
2792 1066 2979 1139 erant,
3050 1076 3206 1143 plene
3257 1080 3634 1145 exprimendis

2043 1173 2222 1238 potius
2251 1168 2542 1231 deductus,
2578 1182 2642 1220 ne
2670 1167 2919 1219 videlicet
2947 1183 3070 1219 cum
3100 1168 3398 1233 gratiﬁcari
3429 1172 3630 1233 amico,

2043 1272 2156 1317 tum
2200 1262 2265 1315 de
2293 1260 2473 1327 seipse
2499 1260 2661 1314 etiam
2696 1259 2988 1326 gloriosius
3029 1259 3173 1328 loqui
3215 1261 3503 1314 videretur.
3538 1262 3632 1313 Et-

2042 1355 2215 1419 enim,
2249 1353 2292 1407 si
2329 1353 2468 1405 alter
2523 1352 2635 1419 ipsc
2672 1362 2897 1420 uterque
2925 1368 3111 1405 emunt
3145 1362 3281 1414 erat,
3311 1353 3435 1405 inde
3468 1353 3636 1419 liquet

2038 1460 2194 1511 sane,
2259 1442 2463 1513 quibus
2526 1442 2613 1495 ille
2659 1452 2904 1508 ornatur,
2937 1454 2990 1495 et
3040 1443 3184 1497 hunc
3217 1444 3390 1510 ipsum
3422 1444 3632 1499 ornati.

2036 1549 2333 1604 paremque
2363 1532 2691 1602 participare
2721 1532 2971 1601 gloriam,
3003 1537 3054 1585 itt
3079 1534 3273 1601 quibus
3300 1540 3454 1587 alteri
3491 1552 3629 1585 suin-

353 1641 500 1679 tuum
531 1628 786 1682 astruitttr
834 1625 1023 1682 decus.
1058 1626 1209 1691 Quod
1246 1628 1291 1684 si
1324 1644 1478 1682 amor
1509 1644 1616 1683 non
1651 1627 1864 1693 fuisset,
1898 1634 2008 1684 tant
2058 1628 2227 1681 multa
2284 1627 2471 1693 utique
2501 1628 2571 1679 de
2616 1625 2817 1678 Basilio
2850 1626 3159 1694 protulisset
3212 1641 3421 1692 noster,
3475 1642 3613 1694 quan

352 1716 521 1769 multa
547 1715 613 1771 ab
643 1730 708 1770 eo
738 1717 965 1784 proferri
1004 1729 1429 1773 consentaneum
1461 1728 1598 1783 erat,
1667 1720 1757 1789 qui
1787 1734 1925 1773 unus
1995 1720 2237 1773 omnium
2309 1718 2704 1784 perfectissime
2734 1717 3004 1773 hominem
3038 1727 3241 1771 nosset.

422 1812 545 1868 PI“.
589 1811 802 1866 Ἔπειτ’
851 1813 1232 1884 Ἀπολιναρίου
1261 1815 1355 1869 τοῦ
1391 1833 1410 1867 ι
1449 1816 1789 1886 λαλήσαντος
1825 1816 1925 1886 μὲν
1963 1828 2001 1881 Β

349 1906 565 1959 ἀδικίαν
597 1907 677 1970 είς
694 1905 846 1977 ὕψος,
879 1926 898 1959 ι
922 1908 1165 1970 άπάσαις
1198 1924 1260 1977 γε
1299 1907 1406 1979 μὴν
1444 1909 1620 1980 ἱεραῖς
1646 1909 1932 1979 ἀποκηρυ-

350 1999 570 2070 χθέντος
599 2002 715 2063 ταῖς
748 2000 949 2070 ψῆφοι,
986 2002 1079 2054 καθ.
1109 2003 1207 2072 τῆς
1242 2001 1541 2071 καθολικῆς
1576 2002 1932 2071 Ἐκκλησίας,

355 2096 415 2146 ὲν
448 2096 546 2164 tuo)
579 2094 636 2146 δὲ
672 2092 849 2145 εἰπεῖν
881 2090 976 2145 τοῦ
1010 2090 1172 2154 Θεοῦ,
1210 2092 1563 2145 παντάπασιν
1598 2090 1935 2161 ἐξεληλαμέ-

355 2204 471 2249 νου,
506 2180 661 2249 οὗτος
688 2185 872 2241 τοίνυν
903 2179 981 2247 οἷς
1021 2183 1197 2249 οὕτως
1233 2185 1360 2256 ἔσχε
1395 2185 1676 2256 δυσχερῶς
1712 2183 1788 2248 ὼς
1823 2182 1932 2237 ἔοι-

355 2299 451 2334 κεν
481 2280 638 2349 ἔχων,
670 2280 731 2332 τὸ
767 2281 865 2349 μὲν
897 2280 1211 2349 ἀμύνασθαι
1251 2280 1345 2332 καὶ
1380 2278 1636 2348 φανερῶς
1671 2278 1937 2347 πολεμεῖν

356 2369 513 2436 αὖθις
548 2373 843 2443 αἱρεῖσθαι,
879 2372 1111 2442 ἐπείπερ
1145 2373 1245 2443 οὐχ
1280 2368 1400 2435 οἶός
1436 2389 1497 2425 τε
1535 2369 1602 2442 ἦν
1636 2370 1747 2425 οὐδ’
1776 2370 1938 2443 ἐθάρ-

360 2471 517 2540 ρησε,
552 2467 864 2537 βουλεύεται
892 2467 948 2520 δὲ
980 2466 1178 2537 βουλὴν
1206 2466 1475 2535 πονηράν,
1509 2467 1603 2519 καὶ
1633 2465 1732 2535 τῆς
1767 2464 1933 2518 αὑτοῦ

355 2564 582 2632 γνώμης
612 2561 787 2625 ἀξίαν.
819 2561 1032 2629 ’Ὥσπερ
1062 2560 1171 2631 γάρ
1201 2562 1249 2613 ot
1281 2562 1534 2614 κάκιστοι
1569 2560 1678 2612 τῶν
1711 2576 1937 2628 φαρμα-

355 2654 474 2707 κῶν
525 2656 698 2723 μέλιτι
747 2653 845 2724 τὴν
896 2652 1099 2707 κύλικα
1150 2654 1441 2723 χρίσαντες
1484 2694 1498 2718 ,
1558 2650 1733 2704 ἔπειθ’
1767 2650 1938 2712 οὕτως

354 2750 641 2818 ὀρέγουσιν
671 2744 753 2811 οἷς
787 2747 1072 2819 βούλονται
1102 2747 1194 2799 τὸν
1227 2746 1479 2816 ὲὶέὁορον
1506 2760 1518 2773 ·
1540 2744 1716 2807 οὕτως
1750 2745 1798 2796 οἱ
1827 2745 1939 2806 τοῖς

356 2842 520 2895 ἔπεσι
551 2841 742 2895 τούτου
775 2841 863 2895 διὰ
894 2840 995 2911 τὴν
1025 2840 1253 2894 ἐνοῦσαν
1288 2840 1474 2900 αὐτοῖς
1510 2838 1812 2907 εὐμουσίαν
1847 2837 1940 2890 καὶ

356 2935 523 3006 χάριν
549 2935 873 3006 κηλούμενοι
903 2937 997 2989 καὶ
1028 2934 1551 3005 περιτυγχάνοντες,
1579 2932 1940 2986 λανθάνουσιν

356 3026 426 3102 ἧς
456 3028 607 3082 ταῦτ’
632 3028 746 3099 ἕχει
784 3028 1104 3099 μετέχοντες
1142 3026 1521 3097 βλασφημίας.
1562 3025 1674 3080 Καὶ
1710 3020 1777 3097 ἦν
1812 3024 1940 3077 ἰδεῖν

360 3124 597 3193 πρᾶγμα
625 3120 794 3174 δεινὸν
823 3121 921 3192 τὴν
952 3119 1213 3191 ἀλήθειαν
1241 3119 1623 3190 κλεπτομένην
1645 3159 1661 3184 ,
1694 3120 1788 3171 καί
1819 3134 1939 3170 κιν-

2102 1813 2235 1866 (ιιίι.
2271 1811 2406 1865 Tum
2458 1812 2669 1878 deinde,
2709 1812 2799 1864 ubi
2840 1811 3225 1879 Apolliuat'itts,
3264 1829 3283 1862 ι
3317 1813 3406 1879 qui
3451 1812 3499 1863 in
3533 1814 3604 1865 Ex

2036 1907 2238 1961 celsum
2285 1904 2625 1973 iniquitatem
2676 1903 2998 1972 loquebatur
3026 1902 3098 1966 “,
3141 1921 3159 1953 ι
3198 1906 3371 1956 sacris
3412 1905 3636 1956 calculis

2037 1996 2294 2052 omnibus
2341 2010 2371 2050 e
2407 1997 2793 2049 communione
2842 1994 3073 2062 ejectus,
3100 2010 3163 2049 ex
3210 1996 3485 2049 catholica
3538 2003 3637 2064 igt-

2040 2101 2145 2156 tur,
2168 2090 2271 2145 etsi
2304 2089 2615 2158 hujusmodi
2641 2105 2824 2143 rerum
2857 2102 3081 2143 suarum
3111 2090 3319 2153 habitu,
3355 2101 3514 2158 prout
3536 2106 3636 2158 pur

2039 2191 2178 2249 erat,
2243 2184 2481 2252 graviter
2522 2183 2843 2251 angebatur,
2881 2182 3068 2237 ulcisci
3098 2198 3244 2247 sese,
3291 2196 3345 2236 et
3381 2198 3635 2253 apertum

2038 2278 2217 2333 denuo
2241 2279 2387 2331 ciere
2418 2275 2643 2341 bellum,
2679 2278 2820 2344 quod
2858 2279 3034 2345 impar
3076 2286 3241 2342 esset,
3275 2279 3414 2331 haud
3448 2295 3635 2344 ausus,

2041 2369 2136 2424 sed
2180 2366 2510 2437 improbum,
2546 2384 2755 2437 suoque
2792 2368 3013 2439 dignum
3049 2371 3288 2439 ingenio,
3317 2372 3414 2424 iuit
3452 2373 3636 2424 tonsi-

2045 2466 2201 2517 lium.
2231 2462 2501 2517 Nimirum
2531 2464 2760 2530 proinde
2793 2476 2852 2517 υι
2896 2464 3118 2533 pessimi
3146 2480 3481 2518 venenorum
3505 2466 3636 2517 arti.

2045 2559 2194 2623 lices,
2228 2572 2353 2611 oras
2380 2558 2558 2625 poculi
2617 2557 2774 2611 melle
2801 2558 3034 2626 primum
3066 2557 3262 2617 linunt.
3299 2569 3409 2609 tum
3450 2570 3638 2626 postea

2044 2650 2377 2719 quibuslibet
2460 2661 2732 2704 veratrum
2788 2652 3116 2719 porrigunt:
3154 2652 3228 2703 ita
3285 2652 3491 2718 pariter
3545 2656 3638 2720 qui

2044 2745 2148 2798 viri
2201 2744 2363 2811 huius
2417 2744 2775 2807 carminibus,
2848 2760 2941 2812 per
2998 2759 3118 2796 eam
3167 2758 3285 2811 qua:
3329 2745 3436 2797 illis
3470 2746 3634 2809 inesr,

2044 2850 2385 2891 veuu5tatem
2429 2845 2483 2891 et
2508 2837 2734 2903 gratiam
2764 2836 3077 2905 Capiuntur,
3134 2852 3308 2903 eaque
3366 2835 3636 2899 lectitant,

2049 2921 2335 2991 improvidi
2363 2922 2526 2976 simul
2558 2921 2978 2989 blasphemiam,
3006 2934 3166 2987 quam
3216 2935 3277 2973 ea
3316 2929 3624 2984 continent,

2046 3014 2328 3068 hauriunt.
2364 3013 2549 3082 Itaque
2575 3028 2687 3066 rem
2712 3013 3086 3067 tristissimam
3117 3013 3302 3067 videre
3327 3024 3468 3076 erat,
3497 3012 3639 3066 I‘urto

2048 3108 2243 3177 surripi
2302 3109 2631 3168 veritatem,
2690 3106 3081 3172 hominumque
3133 3106 3366 3167 animas,
3445 3105 3640 3170 quibus

357 3216 686 3277 δινευούσας
709 3210 994 3285 ψυχάς,ῶν
1018 3214 1171 3267 οὐδὲν
1193 3212 1301 3267 τῶν
1326 3214 1545 3267 πάντων
1571 3212 1905 3283 ἀντίρροπον
1924 3226 1939 3241 ⁸

2051 3199 2195 3253 nulla
2234 3200 2392 3265 plane
2415 3198 2640 3266 aequalis
2693 3211 2777 3249 res
2809 3197 2913 3249 alia
2942 3205 3048 3259 est,
3088 3196 3140 3249 iu
3174 3195 3493 3250 discrimine
3518 3212 3638 3249 ver-

357 3304 443 3372 οἷς
474 3307 794 3377 ἐπιθέμενος
825 3308 853 3359 ὁ
889 3306 1066 3377 μέγας
1096 3299 1253 3371 οὗτος
1282 3307 1380 3375 τῆς
1413 3305 1702 3368 εὐσεϐείας
1734 3307 1945 3373 ἀγωνι-

363 3400 518 3470 στὴς,
548 3398 798 3457 δι’,ὲπῶν
824 3398 1069 3463 οἰκείων,
1104 3399 1169 3451 ἐκ
1200 3398 1561 3451 παντοδαπῶν
1593 3399 1693 3467 μὲν
1725 3412 1945 3463 συγκει-

368 3492 542 3561 μένων
566 3491 674 3543 τῶν
703 3492 940 3560 μέτρων,
967 3490 1270 3560 ἀπορρήτῳ
1300 3488 1355 3541 δὲ
1387 3488 1575 3543 κάλλει
1604 3489 1699 3542 καὶ
1731 3487 1947 3555 θαυμα-

372 3581 475 3652 στῷ
507 3582 865 3652 κεχρημένων
884 3620 901 3645 ,
930 3580 1001 3635 τὰ
1038 3585 1137 3652 μὲν
1159 3620 1175 3645 ,
1208 3581 1362 3633 οὐδὲν
1391 3579 1581 3649 ἕτερον
1612 3579 1687 3642 ὡς
1723 3578 1946 3647 άληθῶς

367 3675 558 3742 ἔδειξεν
586 3673 737 3739 ὄντα,
768 3673 910 3744 πλὴν
940 3675 1302 3741 κομμωτικλιν
1328 3689 1448 3725 τινα
1478 3672 1673 3741 λῆρον,
1720 3671 1778 3722 ὲν
1828 3671 1949 3738 ἡδο-

362 3768 457 3838 νῆς
492 3768 780 3836 ὑποκρίσει
804 3766 1030 3835 ,πολλὴν
1066 3765 1412 3835 ἐμποιοῦντα
1446 3766 1561 3825 τοῖς
1598 3762 1946 3832 περιτυγχά-

361 3875 511 3913 νουσι
536 3858 671 3928 βλάὸ
683 3875 742 3926 ην
766 3874 779 3888 ·
807 3857 1040 3910 πέπεικε
1066 3858 1124 3909 δὲ
1151 3856 1473 3910 παντάπασι
1499 3854 1731 3919 πάντας,
1759 3856 1946 3907 ἐκεῖνα

364 3950 467 4020 μὲν
500 3948 679 4018 λώϐην
713 3947 894 4018 ψυχῆς
938 3948 1035 4001 καὶ
1070 3946 1447 4017 νεωτερισμὸν
1485 3947 1621 4015 πρὸς
1658 3945 1718 3996 τὸ
1757 3944 1944 4009 Θεῖον,

361 4042 459 4095 καὶ
486 4041 760 4104 κολάσεως
790 4038 1048 4110 ἀφορμὴν
1080 4038 1173 4091 καὶ
1202 4039 1273 4091 τὰ
1302 4037 1530 4091 τοιαῦτα
1562 4037 1806 4107 νομίζειν
1831 4051 1844 4065 ·
1878 4034 1947 4088 τὰ

357 4136 436 4200 δὲ,
465 4135 854 4205 περιπλείστου
886 4134 1186 4198 ποιεῖσθαι,
1218 4133 1313 4187 καὶ
1344 4135 1587 4187 συνεῖναι
1619 4133 1714 4186 καὶ
1744 4131 1947 4201 κεχρῆ-

359 4229 508 4295 σθαι,
551 4229 651 4283 καὶ
692 4227 900 4282 τούτων
943 4228 1243 4291 διαπαντὸς
1290 4226 1614 4292 ἀπολαύειν,
1663 4224 1947 4295 ἑπέσχατα

358 4322 540 4391 πάσης
567 4322 770 4393 ἀρετῆς
798 4321 1145 4393 ἀφιγμένων,
1172 4323 1275 4392 ὅση
1299 4323 1361 4375 τὲ
1393 4320 1568 4389 λόγων
1595 4320 1690 4373 καὶ
1718 4319 1822 4386 ὅση
1848 4316 1944 4371 τοῦ

2050 3294 2181 3346 sari.
2222 3290 2349 3345 Suis
2379 3293 2564 3360 itaque
2598 3289 2937 3344 carminibus
2969 3290 3019 3342 in
3061 3290 3176 3342 hare
3205 3290 3466 3357 impetum
3527 3304 3640 3342 ma-

2048 3398 2185 3455 gnus
2241 3384 2456 3451 pietatis
2509 3388 2874 3449 propugnator
2935 3379 3105 3445 fecit,
3178 3379 3281 3433 illis
3335 3390 3445 3433 tum
3493 3382 3639 3434 (uniti

2048 3485 2349 3530 metrmum
2392 3489 2597 3543 genere
2646 3472 3008 3534 concinnatis,
3050 3484 3155 3523 tum
3185 3472 3537 3526 inenarrabili
3587 3482 3640 3528 et

2050 3568 2279 3623 miriﬁca
2345 3566 2611 3634 elegantia
2666 3564 2913 3629 imbutis,
2972 3576 3135 3633 atque
3174 3566 3276 3617 ista
3310 3566 3637 3633 Apollinarii

2049 3674 2239 3714 revera
2272 3658 2407 3711 nihil
2458 3657 2600 3709 aliud
2630 3670 2750 3709 esse
2782 3655 3036 3716 docebat,
3078 3672 3236 3724 quam
3275 3671 3445 3724 nugas
3474 3671 3640 3723 quas-

2050 3752 2171 3805 dam
2213 3750 2333 3803 l‘uco
2387 3759 2547 3816 atque
2602 3747 2879 3802 lenocinio
2925 3747 3285 3812 velilieantes,
3340 3762 3460 3815 qua:
3497 3749 3642 3801 inani

2053 3847 2347 3916 voluptatis
2381 3844 2562 3913 specie
2599 3842 2890 3911 plurimum
2924 3842 3239 3895 detrimenti
3277 3842 3391 3895 suis
3417 3843 3641 3895 lectori-

2051 3942 2153 3996 bus
2193 3942 2578 4010 importarent,
2605 3953 2779 4003 coque
2828 3950 3016 3989 omnes
3069 3936 3121 3987 in
3160 3933 3305 3985 illam
3337 3933 3496 4000 plane
3550 3933 3639 3986 ..ιι-

2050 4034 2283 4086 ducebat
2310 4028 2659 4091 sententiam,
2704 4035 2761 4079 ut
2796 4026 2899 4079 ista
2940 4025 3136 4079 animae
3167 4025 3492 4092 perniciem,
3542 4042 3638 4078 no-

2050 4141 2252 4195 vasque
2289 4124 2355 4177 de
2406 4123 2515 4176 Deo
2559 4119 2926 4189 opinatioues,
2973 4128 3027 4170 et
3055 4115 3234 4185 impiae
3274 4116 3647 4172 mutilatiouis

2053 4216 2358 4280 materiem,
2392 4221 2446 4267 et.
2477 4212 2579 4266 alia
2622 4213 2671 4265 id
2714 4227 2912 4278 genus,
2976 4224 3097 4263 esse
3128 4209 3411 4271 ducerent,
3453 4219 3644 4263 contra

2051 4310 2392 4379 Gregoriana
2449 4305 2667 4373 plurimi
2698 4306 2961 4365 facerent,
2997 4312 3053 4355 et
3084 4303 3137 4354 in
3201 4304 3455 4355 manibus
3477 4305 3650 4355 hahe-

360 4414 693 4484 πνεύματος,
722 4413 797 4476 ὡς
843 4414 1188 4484 ἑκατέρωθεν
1231 4413 1376 4483 ἔχειν
1435 4414 1562 4475 τοὺς
1629 4410 1943 4482 χρωμένους

2057 4414 2196 4466 rent,
2229 4409 2281 4455 et
2309 4408 2613 4462 uterentur,
2646 4394 3067 4461 fruerenturque
3102 4400 3385 4460 perpetuo,
3445 4396 3648 4461 quippe

360 4507 702 4580 χειροῦσθαι.
760 4505 824 4560 Et
877 4507 987 4575 γὰρ
1046 4508 1235 4560 ἐκεῖνα
1292 4504 1474 4575 ψυχῆς
1530 4505 1753 4574 ὄλεθρος
1813 4502 1945 4555 ὄντα

361 4605 510 4670 ὅμως
543 4599 614 4653 δι’
634 4598 969 4668 εὐγλωττίας
997 4601 1093 4652 καὶ
1124 4599 1346 4669 χάριτος
1376 4598 1479 4651 οὐκ
1508 4596 1723 4665 ὀλίγους
1764 4593 1949 4663 ἐφείλ-

360 4709 520 4758 κετο,
559 4693 712 4756 τίνας
751 4692 854 4746 οὐκ
894 4692 961 4747 ἂν
1010 4692 1379 4746 ἐπισπάσαιτο
1447 4688 1622 4743 ταῦτα
1666 4688 1775 4741 τῶν
1814 4688 1951 4740 πάν-

358 4801 488 4849 των,
515 4786 644 4838 ὅταν
671 4785 808 4854 πρὸς
835 4784 915 4852 τῷ
944 4784 1305 4855 γαργαλίζειν
1332 4782 1481 4853 ἔχειν
1507 4781 1576 4835 τὰ
1603 4775 1741 4847 ὦτα,
1768 4780 1863 4831 καί
1890 4776 1952 4830 τδ

361 4875 633 4938 σώζεσθαι
668 4878 943 4946 μνῶνται,
977 4877 1238 4947 καθάπερ
1267 4892 1350 4938 τις
1386 4873 1536 4928 οἰκία
1568 4870 1626 4926 εὖ
1662 4889 1720 4926 τε
1756 4871 1954 4943 ἔχουσα

361 4966 589 5031 κάλλους
622 4969 717 5022 καὶ
752 4968 1083 5038 φιλοσοφίαν
1112 4967 1380 5023 ἀσκοῦσα.

2053 4511 2173 4564 qua:
2208 4490 2275 4546 ad
2305 4506 2575 4545 summum
2607 4489 2788 4543 omnis
2815 4484 3031 4539 virtutis
3049 4484 3283 4553 apicem,
3311 4498 3649 4553 quaecunque

2048 4602 2142 4648 aut
2193 4587 2545 4659 eloquentiae,
2578 4588 2686 4646 iant
2740 4582 2966 4653 spiritus
3020 4582 3204 4635 virtus
3242 4594 3345 4645 est,
3388 4582 3650 4635 ascende-

2051 4697 2195 4753 rant,
2228 4684 2300 4738 ita
2335 4692 2394 4737 ut
2428 4682 2686 4748 utrinque
2734 4692 2933 4748 capere
2969 4686 3021 4731 et
3055 4691 3372 4746 expugnare
3403 4676 3645 4729 lectores

2053 4788 2300 4854 possent.
2357 4776 2569 4843 Quippe
2604 4774 2647 4826 si
2682 4772 2811 4838 ista,
2864 4785 2986 4841 qua:
3031 4769 3227 4824 anima:
3259 4781 3364 4824 lant
3398 4771 3561 4824 noxia
3591 4780 3650 4824 et

2055 4866 2314 4941 pesufcra
2342 4873 2521 4925 erant,
2556 4860 2915 4916 nihilominus
2950 4860 3219 4928 elegantia
3244 4872 3300 4915 et
3334 4875 3533 4915 venere
3552 4876 3650 4915 sua

2057 4976 2164 5015 non
2221 4972 2425 5029 paucos
2456 4955 2789 5016 alliciebaut,
2823 4967 2963 5022 quos
2996 4968 3102 5007 non
3140 4951 3256 5007 huic
3294 4969 3357 5008 ex
3383 4952 3642 5008 erunibus

361 5062 427 5114 ad
462 5075 523 5116 se
567 5063 932 5127 attraherent,
985 5062 1202 5133 quando
1239 5071 1438 5131 praeter
1487 5061 1633 5116 illam
1686 5058 1939 5114 titillandi
1981 5056 2193 5112 aurium
2233 5053 2366 5117 vim,
2450 5049 2617 5105 etiam
2677 5049 2874 5102 animae
2924 5046 3154 5101 salutem
3228 5046 3645 5116 comparabant,

360 5160 533 5214 instar
550 5162 744 5217 domus
770 5161 1075 5233 cujusdam,
1105 5171 1217 5216 tum
1245 5160 1450 5216 allabre
1479 5170 1794 5223 exstructze,
1825 5170 1935 5212 tum
1977 5152 2334 5225 philosoiihia:
2368 5146 2681 5203 traCtationi
2712 5145 2907 5199 deditm
2946 5144 2971 5198 ?

433 5256 553 5311 PA'.
584 5255 660 5308 Οὐ
705 5254 812 5327 μὴν
839 5256 975 5309 ἀλλὰ
1003 5256 1229 5309 κάκεῖνο
1261 5257 1484 5308 σκοπεῖν
1502 5254 1602 5321 δεῖ,
1629 5254 1702 5316 ὠς
1721 5255 1820 5323 οὐχ
1838 5252 1955 5321 ἅμα

362 5351 537 5405 πάντα
567 5351 637 5403 τὰ
670 5350 799 5421 ἔπη,
832 5352 943 5405 οὐδ’
969 5352 1243 5423 ἀφομοίας
1278 5351 1342 5422 δή
1377 5368 1523 5414 τινος
1560 5352 1653 5404 καὶ
1691 5351 1820 5420 μιᾶς
1853 5351 1953 5418 τῆς

361 5444 542 5507 αἰτίας
574 5443 912 5497 συντέθειται
938 5444 1018 5515 τῷ
1047 5444 1187 5514 ἁγίῳ
1207 5461 1222 5475 '
1252 5444 1388 5499 ἀλλὰ
1414 5444 1480 5497 τὰ
1517 5444 1647 5514 μὲν,
1677 5442 1827 5513 αὐτῷ
1857 5442 1952 5494 ἐπὶ

368 5536 454 5589 τοῦ
482 5539 704 5590 πάντων
732 5534 982 5605 ἐχθίστου
1011 5539 1105 5591 καὶ
1132 5538 1327 5609 μηδενὶ
1355 5538 1759 5599 καταλιπόντος
1787 5536 1950 5589 κακί-

364 5629 549 5693 ζεσθαι
600 5627 802 5695 μᾶλλον
830 5628 1124 5682 Ἰουλιανοῡ
1175 5630 1549 5693 κεκωλυκότος
1589 5628 1951 5700 Χριστιανοὺς
2014 5662 2023 5671 -

369 5722 458 5793 τὴν
474 5722 711 5791 Ἕλληνα
744 5722 904 5790 λόγον
938 5723 1150 5790 ἀσκεῖν,
1173 5724 1268 5777 καὶ
1305 5722 1607 5794 κεχρῆσθκι
1646 5725 1906 5795 ποιητικῇ
1931 5733 1947 5749 ⁸

440 5901 482 5930 δ”
520 5899 665 5954 Psal.
695 5914 887 5964 Lxxut,
917 5899 971 5955 8.

2138 5243 2276 5298 ΗΝ.
2332 5242 2495 5312 Atqui
2524 5251 2576 5294 et
2625 5237 2759 5292 illud
2790 5236 3073 5292 observari
3104 5234 3382 5297 convenit,
3423 5249 3526 5286 non
3558 5247 3654 5288 eo-

2064 5340 2185 5392 dem
2218 5346 2486 5403 tempore,
2526 5344 2626 5384 nec
2678 5326 2840 5382 simili
2874 5328 3109 5397 quadam
3152 5337 3368 5391 unaque
3399 5321 3561 5390 plane
3585 5326 3653 5377 de

2062 5442 2264 5489 causa,
2323 5420 2671 5476 sanctissimo
2752 5417 2872 5472 viro
2931 5418 3045 5471 haec
3092 5415 3276 5468 omnia
3330 5414 3651 5482 consignata

2060 5519 2231 5573 fuisse
2265 5516 2531 5577 carmina,
2566 5515 2658 5565 sed
2685 5511 2882 5581 partim
2938 5522 3180 5577 tempore
3212 5506 3372 5574 longe
3406 5508 3648 5559 omnium

2059 5608 2414 5668 oliosissitni,
2450 5604 2690 5672 nullique
2722 5601 3030 5655 mortalium
3086 5598 3313 5667 majoris
3352 5597 3651 5665 reprehen-

2058 5704 2230 5760 siOuls
2255 5702 2428 5756 locum
2460 5695 2815 5766 relinquentis
2842 5690 3069 5759 Juliaui,
3104 5690 3195 5761 qui
3232 5689 3410 5745 edicto
3452 5704 3653 5745 sanxe-
