  <div class='ocr_page' id='page_1' title='image "/cluster/home/n/w/nwhite01/storage/ocr_20150623/145:no.1/coo.31924054870500/169.png"; bbox 0 0 4028 6428; ppageno 0'>
   <div class='ocr_carea' id='block_1_1' title="bbox 492 445 608 511">
    <p class='ocr_par' dir='ltr' id='par_1_1' title="bbox 492 445 608 511">
     <span class='ocr_line' id='line_1_1' title="bbox 492 445 608 511; baseline -0.043 -1"><span class='ocrx_word' id='word_1_1' title='bbox 492 445 608 511; x_wconf 74' lang='lat'><strong>323</strong></span> 
     </span>
    </p>
   </div>
   <div class='ocr_carea' id='block_1_2' title="bbox 1722 433 3732 508">
    <p class='ocr_par' dir='ltr' id='par_1_2' title="bbox 1722 433 3732 508">
     <span class='ocr_line' id='line_1_2' title="bbox 1722 433 3732 508; baseline -0 -5"><span class='ocrx_word' id='word_1_2' title='bbox 1722 443 2131 508; x_wconf 73' lang='lat' dir='ltr'><strong>THEODULI</strong></span> <span class='ocrx_word' id='word_1_3' title='bbox 2166 440 2512 505; x_wconf 58' lang='lat' dir='ltr'><strong>MONlClll</strong></span> <span class='ocrx_word' id='word_1_4' title='bbox 3642 433 3732 502; x_wconf 58' lang='grc'><strong>321</strong></span> 
     </span>
    </p>
   </div>
   <div class='ocr_carea' id='block_1_3' title="bbox 496 543 2082 625">
    <p class='ocr_par' dir='ltr' id='par_1_3' title="bbox 496 546 2076 625">
     <span class='ocr_line' id='line_1_3' title="bbox 496 546 2076 625; baseline -0.006 -14"><span class='ocrx_word' id='word_1_5' title='bbox 496 566 609 622; x_wconf 80' lang='lat' dir='ltr'><strong>rat,</strong></span> <span class='ocrx_word' id='word_1_6' title='bbox 637 571 706 610; x_wconf 88' lang='lat' dir='ltr'><strong>ne</strong></span> <span class='ocrx_word' id='word_1_7' title='bbox 735 554 860 625; x_wconf 86' lang='lat' dir='ltr'><strong>quis</strong></span> <span class='ocrx_word' id='word_1_8' title='bbox 888 553 1233 610; x_wconf 80' lang='lat' dir='ltr'><strong>Christianus</strong></span> <span class='ocrx_word' id='word_1_9' title='bbox 1256 551 1321 604; x_wconf 88' lang='lat' dir='ltr'><strong>ad</strong></span> <span class='ocrx_word' id='word_1_10' title='bbox 1345 546 1522 603; x_wconf 86' lang='lat' dir='ltr'><strong>studia</strong></span> <span class='ocrx_word' id='word_1_11' title='bbox 1550 547 1753 602; x_wconf 79' lang='lat' dir='ltr'><strong>veteris</strong></span> <span class='ocrx_word' id='word_1_12' title='bbox 1779 549 2076 602; x_wconf 80' lang='lat' dir='ltr'><strong>Graecanici</strong></span> 
     </span>
    </p>
   </div>
   <div class='ocr_carea' id='block_1_4' title="bbox 2187 543 3735 625">
    <p class='ocr_par' dir='ltr' id='par_1_4' title="bbox 2187 543 3735 620">
     <span class='ocr_line' id='line_1_4' title="bbox 2187 543 3735 620; baseline 0 -16"><span class='ocrx_word' id='word_1_13' title='bbox 2187 552 2255 611; x_wconf 81' lang='grc' dir='ltr'>ὡς</span> <span class='ocrx_word' id='word_1_14' title='bbox 2288 553 2364 613; x_wconf 80' lang='grc' dir='ltr'>εἰς</span> <span class='ocrx_word' id='word_1_15' title='bbox 2395 551 2641 620; x_wconf 81' lang='grc' dir='ltr'>ἀνάγκην</span> <span class='ocrx_word' id='word_1_16' title='bbox 2668 547 3003 616; x_wconf 77' lang='grc' dir='ltr'>καταστῆναι</span> <span class='ocrx_word' id='word_1_17' title='bbox 3030 546 3122 599; x_wconf 81' lang='grc' dir='ltr'>τὺν</span> <span class='ocrx_word' id='word_1_18' title='bbox 3150 543 3325 617; x_wconf 78' lang='grc' dir='ltr'>μέγαν</span> <span class='ocrx_word' id='word_1_19' title='bbox 3352 545 3458 615; x_wconf 77' lang='grc' dir='ltr'>ἔπη</span> <span class='ocrx_word' id='word_1_20' title='bbox 3490 547 3735 604; x_wconf 73' lang='grc' dir='ltr'><strong>συνθεῖναι</strong></span> 
     </span>
    </p>
   </div>
   <div class='ocr_carea' id='block_1_5' title="bbox 502 642 2077 709">
    <p class='ocr_par' dir='ltr' id='par_1_5' title="bbox 502 642 2077 709">
     <span class='ocr_line' id='line_1_5' title="bbox 502 642 2077 709; baseline -0.006 -6"><span class='ocrx_word' id='word_1_21' title='bbox 502 647 777 705; x_wconf 81' lang='lat' dir='ltr'><strong>sermonis</strong></span> <span class='ocrx_word' id='word_1_22' title='bbox 796 646 1157 709; x_wconf 90' lang='lat' dir='ltr'><strong>incumberet,</strong></span> <span class='ocrx_word' id='word_1_23' title='bbox 1184 658 1285 696; x_wconf 90' lang='lat' dir='ltr'><strong>neu</strong></span> <span class='ocrx_word' id='word_1_24' title='bbox 1311 652 1480 695; x_wconf 87' lang='lat' dir='ltr'><strong>artem</strong></span> <span class='ocrx_word' id='word_1_25' title='bbox 1502 649 1758 693; x_wconf 80' lang='lat' dir='ltr'><strong>tractaret</strong></span> <span class='ocrx_word' id='word_1_26' title='bbox 1777 642 2041 709; x_wconf 79' lang='lat' dir='ltr'><strong>poeticam</strong></span> <span class='ocrx_word' id='word_1_27' title='bbox 2063 658 2077 706; x_wconf 89' lang='lat'><strong>;</strong></span> 
     </span>
    </p>
   </div>
   <div class='ocr_carea' id='block_1_6' title="bbox 501 731 2079 811">
    <p class='ocr_par' dir='ltr' id='par_1_6' title="bbox 501 731 2079 811">
     <span class='ocr_line' id='line_1_6' title="bbox 501 731 2079 811; baseline -0.008 -16"><span class='ocrx_word' id='word_1_28' title='bbox 501 740 685 811; x_wconf 75' lang='lat' dir='ltr'><strong>itaque</strong></span> <span class='ocrx_word' id='word_1_29' title='bbox 707 736 1113 794; x_wconf 77' lang='lat' dir='ltr'><strong>necessitudine</strong></span> <span class='ocrx_word' id='word_1_30' title='bbox 1159 743 1406 787; x_wconf 84' lang='lat' dir='ltr'><strong>coactum</strong></span> <span class='ocrx_word' id='word_1_31' title='bbox 1446 731 1620 784; x_wconf 76' lang='lat' dir='ltr'><strong>virum</strong></span> <span class='ocrx_word' id='word_1_32' title='bbox 1656 732 1975 794; x_wconf 79' lang='lat' dir='ltr'><strong>maximum,</strong></span> <span class='ocrx_word' id='word_1_33' title='bbox 2011 731 2079 784; x_wconf 90' lang='lat' dir='ltr'><strong>ad</strong></span> 
     </span>
    </p>
   </div>
   <div class='ocr_carea' id='block_1_7' title="bbox 500 825 2077 899">
    <p class='ocr_par' dir='ltr' id='par_1_7' title="bbox 500 825 2077 899">
     <span class='ocr_line' id='line_1_7' title="bbox 500 825 2077 899; baseline -0.007 -12"><span class='ocrx_word' id='word_1_34' title='bbox 500 836 649 887; x_wconf 80' lang='lat' dir='ltr'><strong>varia</strong></span> <span class='ocrx_word' id='word_1_35' title='bbox 680 833 860 889; x_wconf 85' lang='lat' dir='ltr'><strong>omnia</strong></span> <span class='ocrx_word' id='word_1_36' title='bbox 888 831 1105 899; x_wconf 75' lang='lat' dir='ltr'><strong>generis</strong></span> <span class='ocrx_word' id='word_1_37' title='bbox 1130 826 1395 889; x_wconf 80' lang='lat' dir='ltr'><strong>carmina,</strong></span> <span class='ocrx_word' id='word_1_38' title='bbox 1439 835 1493 878; x_wconf 78' lang='lat' dir='ltr'><strong>ct</strong></span> <span class='ocrx_word' id='word_1_39' title='bbox 1538 825 1705 877; x_wconf 88' lang='lat' dir='ltr'><strong>multa</strong></span> <span class='ocrx_word' id='word_1_40' title='bbox 1734 826 1932 892; x_wconf 86' lang='lat' dir='ltr'><strong>ubique</strong></span> <span class='ocrx_word' id='word_1_41' title='bbox 1985 839 2077 877; x_wconf 80' lang='lat' dir='ltr'><strong>ve-</strong></span> 
     </span>
    </p>
   </div>
   <div class='ocr_carea' id='block_1_8' title="bbox 500 919 2074 989">
    <p class='ocr_par' dir='ltr' id='par_1_8' title="bbox 500 919 2074 989">
     <span class='ocr_line' id='line_1_8' title="bbox 500 919 2074 989; baseline -0.006 -10"><span class='ocrx_word' id='word_1_42' title='bbox 500 934 718 979; x_wconf 85' lang='lat' dir='ltr'><strong>nustate</strong></span> <span class='ocrx_word' id='word_1_43' title='bbox 778 923 1001 987; x_wconf 81' lang='lat' dir='ltr'><strong>referta,</strong></span> <span class='ocrx_word' id='word_1_44' title='bbox 1051 919 1356 989; x_wconf 79' lang='lat' dir='ltr'><strong>pangenda,</strong></span> <span class='ocrx_word' id='word_1_45' title='bbox 1413 920 1710 985; x_wconf 80' lang='lat' dir='ltr'><strong>eademque</strong></span> <span class='ocrx_word' id='word_1_46' title='bbox 1767 926 2074 970; x_wconf 87' lang='lat' dir='ltr'><strong>nostrarum</strong></span> 
     </span>
    </p>
   </div>
   <div class='ocr_carea' id='block_1_9' title="bbox 500 1009 2079 1085">
    <p class='ocr_par' dir='ltr' id='par_1_9' title="bbox 500 1009 2079 1085">
     <span class='ocr_line' id='line_1_9' title="bbox 500 1009 2079 1085; baseline -0.006 -15"><span class='ocrx_word' id='word_1_47' title='bbox 500 1017 732 1085; x_wconf 87' lang='lat' dir='ltr'><strong>partium</strong></span> <span class='ocrx_word' id='word_1_48' title='bbox 769 1013 1132 1068; x_wconf 80' lang='lat' dir='ltr'><strong>sectatoribus</strong></span> <span class='ocrx_word' id='word_1_49' title='bbox 1185 1012 1461 1074; x_wconf 89' lang='lat' dir='ltr'><strong>omnibus,</strong></span> <span class='ocrx_word' id='word_1_50' title='bbox 1503 1009 1811 1062; x_wconf 77' lang='lat' dir='ltr'><strong>communis</strong></span> <span class='ocrx_word' id='word_1_51' title='bbox 1862 1010 2079 1061; x_wconf 89' lang='lat' dir='ltr'><strong>institu-</strong></span> 
     </span>
    </p>
   </div>
   <div class='ocr_carea' id='block_1_10' title="bbox 502 1098 2081 1173">
    <p class='ocr_par' dir='ltr' id='par_1_10' title="bbox 502 1098 2081 1173">
     <span class='ocr_line' id='line_1_10' title="bbox 502 1098 2081 1173; baseline -0.004 -14"><span class='ocrx_word' id='word_1_52' title='bbox 502 1110 664 1159; x_wconf 78' lang='lat' dir='ltr'><strong>tionis</strong></span> <span class='ocrx_word' id='word_1_53' title='bbox 722 1106 1084 1173; x_wconf 82' lang='lat' dir='ltr'><strong>utilitatisque</strong></span> <span class='ocrx_word' id='word_1_54' title='bbox 1140 1118 1330 1163; x_wconf 86' lang='lat' dir='ltr'><strong>cansa,</strong></span> <span class='ocrx_word' id='word_1_55' title='bbox 1404 1100 1773 1169; x_wconf 68' lang='lat' dir='ltr'><strong>[)l&#39;OjHllttBlltla.</strong></span> <span class='ocrx_word' id='word_1_56' title='bbox 1836 1098 2081 1152; x_wconf 75' lang='lat' dir='ltr'><strong>Aliorum</strong></span> 
     </span>
    </p>
   </div>
   <div class='ocr_carea' id='block_1_11' title="bbox 501 1190 2082 1260">
    <p class='ocr_par' dir='ltr' id='par_1_11' title="bbox 501 1190 2082 1260">
     <span class='ocr_line' id='line_1_11' title="bbox 501 1190 2082 1260; baseline -0.004 -10"><span class='ocrx_word' id='word_1_57' title='bbox 501 1212 691 1251; x_wconf 81' lang='lat' dir='ltr'><strong>rursus</strong></span> <span class='ocrx_word' id='word_1_58' title='bbox 747 1212 999 1259; x_wconf 81' lang='lat' dir='ltr'><strong>causam,</strong></span> <span class='ocrx_word' id='word_1_59' title='bbox 1045 1205 1106 1249; x_wconf 94' lang='lat' dir='ltr'><strong>ut</strong></span> <span class='ocrx_word' id='word_1_60' title='bbox 1156 1194 1410 1258; x_wconf 76' lang='lat' dir='ltr'><strong>diximus,</strong></span> <span class='ocrx_word' id='word_1_61' title='bbox 1436 1191 1665 1260; x_wconf 63' lang='lat' dir='ltr'><strong>praebuit</strong></span> <span class='ocrx_word' id='word_1_62' title='bbox 1697 1190 2082 1260; x_wconf 82' lang='lat' dir='ltr'><strong>Apollinarius,</strong></span> 
     </span>
    </p>
   </div>
   <div class='ocr_carea' id='block_1_12' title="bbox 2191 634 3736 708">
    <p class='ocr_par' dir='ltr' id='par_1_12' title="bbox 2191 634 3736 708">
     <span class='ocr_line' id='line_1_12' title="bbox 2191 634 3736 708; baseline -0.001 -17"><span class='ocrx_word' id='word_1_63' title='bbox 2191 642 2422 692; x_wconf 82' lang='grc' dir='ltr'>παντοῖα</span> <span class='ocrx_word' id='word_1_64' title='bbox 2440 678 2455 701; x_wconf 84' lang='grc'><strong>.</strong></span> <span class='ocrx_word' id='word_1_65' title='bbox 2483 638 2617 692; x_wconf 75' lang='grc' dir='ltr'>πολὺ</span> <span class='ocrx_word' id='word_1_66' title='bbox 2642 637 2703 690; x_wconf 82' lang='grc' dir='ltr'><strong>τδ</strong></span> <span class='ocrx_word' id='word_1_67' title='bbox 2728 637 2923 708; x_wconf 83' lang='grc' dir='ltr'>χάριεν</span> <span class='ocrx_word' id='word_1_68' title='bbox 2944 635 3031 689; x_wconf 87' lang='grc' dir='ltr'><strong>δια</strong></span> <span class='ocrx_word' id='word_1_69' title='bbox 3042 637 3257 687; x_wconf 85' lang='grc' dir='ltr'>πάντων</span> <span class='ocrx_word' id='word_1_70' title='bbox 3280 634 3475 703; x_wconf 77' lang='grc' dir='ltr'>ἔχοντα</span> <span class='ocrx_word' id='word_1_71' title='bbox 3494 650 3507 665; x_wconf 82' lang='grc'><strong><em>⁸</em></strong></span> <span class='ocrx_word' id='word_1_72' title='bbox 3534 637 3621 689; x_wconf 76' lang='grc' dir='ltr'><strong>καὶ</strong></span> <span class='ocrx_word' id='word_1_73' title='bbox 3642 639 3736 701; x_wconf 88' lang='grc' dir='ltr'>τοῖς</span> 
     </span>
    </p>
   </div>
   <div class='ocr_carea' id='block_1_13' title="bbox 2193 724 3738 799">
    <p class='ocr_par' dir='ltr' id='par_1_13' title="bbox 2193 724 3738 799">
     <span class='ocr_line' id='line_1_13' title="bbox 2193 724 3738 799; baseline -0.003 -14"><span class='ocrx_word' id='word_1_74' title='bbox 2193 731 2316 785; x_wconf 79' lang='grc' dir='ltr'>καθ’</span> <span class='ocrx_word' id='word_1_75' title='bbox 2333 732 2481 799; x_wconf 81' lang='grc' dir='ltr'>ἡμᾶς</span> <span class='ocrx_word' id='word_1_76' title='bbox 2507 732 2642 783; x_wconf 83' lang='grc' dir='ltr'>πᾶσι</span> <span class='ocrx_word' id='word_1_77' title='bbox 2664 728 2836 781; x_wconf 83' lang='grc' dir='ltr'>ταῦτα</span> <span class='ocrx_word' id='word_1_78' title='bbox 2860 727 3143 797; x_wconf 77' lang='grc' dir='ltr'>προθεῖναι</span> <span class='ocrx_word' id='word_1_79' title='bbox 3168 728 3345 779; x_wconf 74' lang='grc' dir='ltr'>κοινὸν</span> <span class='ocrx_word' id='word_1_80' title='bbox 3371 724 3632 795; x_wconf 77' lang='grc' dir='ltr'>παίδευμα</span> <span class='ocrx_word' id='word_1_81' title='bbox 3654 728 3738 781; x_wconf 76' lang='grc' dir='ltr'>καὶ</span> 
     </span>
    </p>
   </div>
   <div class='ocr_carea' id='block_1_14' title="bbox 2189 821 3742 894">
    <p class='ocr_par' dir='ltr' id='par_1_14' title="bbox 2189 821 3742 894">
     <span class='ocr_line' id='line_1_14' title="bbox 2189 821 3742 894; baseline -0.003 -15"><span class='ocrx_word' id='word_1_82' title='bbox 2189 826 2380 893; x_wconf 69' lang='grc' dir='ltr'>κοινὴν</span> <span class='ocrx_word' id='word_1_83' title='bbox 2426 824 2640 894; x_wconf 71' lang='grc' dir='ltr'>ὄνησιν,</span> <span class='ocrx_word' id='word_1_84' title='bbox 2671 823 2825 877; x_wconf 84' lang='grc' dir='ltr'>τῶνδ’</span> <span class='ocrx_word' id='word_1_85' title='bbox 2843 823 3017 884; x_wconf 73' lang='grc' dir='ltr'>αἴτιος</span> <span class='ocrx_word' id='word_1_86' title='bbox 3038 864 3053 885; x_wconf 85' lang='grc'><strong>,</strong></span> <span class='ocrx_word' id='word_1_87' title='bbox 3076 822 3152 884; x_wconf 84' lang='grc' dir='ltr'>ὼς</span> <span class='ocrx_word' id='word_1_88' title='bbox 3192 822 3354 889; x_wconf 78' lang='grc' dir='ltr'>ἔφην,</span> <span class='ocrx_word' id='word_1_89' title='bbox 3395 821 3742 887; x_wconf 77' lang='grc' dir='ltr'>Ἀπολινάριος</span> 
     </span>
    </p>
   </div>
   <div class='ocr_carea' id='block_1_15' title="bbox 2189 914 3746 986">
    <p class='ocr_par' dir='ltr' id='par_1_15' title="bbox 2189 914 3746 986">
     <span class='ocr_line' id='line_1_15' title="bbox 2189 914 3746 986; baseline -0.001 -17"><span class='ocrx_word' id='word_1_90' title='bbox 2189 918 2455 986; x_wconf 76' lang='grc' dir='ltr'>ἐγεγόνει,</span> <span class='ocrx_word' id='word_1_91' title='bbox 2488 935 2507 967; x_wconf 80' lang='grc' dir='ltr'><strong>ι</strong></span> <span class='ocrx_word' id='word_1_92' title='bbox 2534 917 2664 969; x_wconf 80' lang='grc' dir='ltr'>Θεὸν</span> <span class='ocrx_word' id='word_1_93' title='bbox 2688 915 2808 968; x_wconf 80' lang='grc' dir='ltr'>κατ’</span> <span class='ocrx_word' id='word_1_94' title='bbox 2838 914 3137 984; x_wconf 77' lang='grc' dir='ltr'>Αἰσχύλον,</span> <span class='ocrx_word' id='word_1_95' title='bbox 3163 915 3365 978; x_wconf 76' lang='grc' dir='ltr'>ἀτίζων</span> <span class='ocrx_word' id='word_1_96' title='bbox 3414 915 3746 985; x_wconf 70' lang='grc' dir='ltr'>κάπογυμνά-</span> 
     </span>
    </p>
   </div>
   <div class='ocr_carea' id='block_1_16' title="bbox 2180 1002 3745 1078">
    <p class='ocr_par' dir='ltr' id='par_1_16' title="bbox 2180 1002 3745 1078">
     <span class='ocr_line' id='line_1_16' title="bbox 2180 1002 3745 1078; baseline -0.002 -16"><span class='ocrx_word' id='word_1_97' title='bbox 2180 1011 2288 1073; x_wconf 77' lang='grc' dir='ltr'>ζων</span> <span class='ocrx_word' id='word_1_98' title='bbox 2326 1012 2523 1078; x_wconf 78' lang='grc' dir='ltr'>στόμα,</span> <span class='ocrx_word' id='word_1_99' title='bbox 2556 1008 2747 1076; x_wconf 79' lang='grc' dir='ltr'>θνητὸς</span> <span class='ocrx_word' id='word_1_100' title='bbox 2780 1008 2856 1061; x_wconf 79' lang='grc' dir='ltr'><strong>ὧν</strong></span> <span class='ocrx_word' id='word_1_101' title='bbox 2877 1023 2892 1040; x_wconf 78' lang='grc' dir='ltr'><strong>ο</strong></span> <span class='ocrx_word' id='word_1_102' title='bbox 2928 1027 2947 1060; x_wconf 67' lang='grc' dir='ltr'><strong>ι</strong></span> <span class='ocrx_word' id='word_1_103' title='bbox 2980 1002 3053 1062; x_wconf 79' lang='grc' dir='ltr'><strong>ὧν</strong></span> <span class='ocrx_word' id='word_1_104' title='bbox 3083 1010 3340 1062; x_wconf 82' lang='grc' dir='ltr'>ἁπάντων</span> <span class='ocrx_word' id='word_1_105' title='bbox 3375 1008 3502 1075; x_wconf 82' lang='grc' dir='ltr'>πέρι</span> <span class='ocrx_word' id='word_1_106' title='bbox 3536 1008 3745 1071; x_wconf 68' lang='grc' dir='ltr'>πρόσθεν</span> 
     </span>
    </p>
   </div>
   <div class='ocr_carea' id='block_1_17' title="bbox 2183 1093 3748 1171">
    <p class='ocr_par' dir='ltr' id='par_1_17' title="bbox 2183 1093 3748 1171">
     <span class='ocr_line' id='line_1_17' title="bbox 2183 1093 3748 1171; baseline -0.002 -20"><span class='ocrx_word' id='word_1_107' title='bbox 2183 1101 2462 1170; x_wconf 74' lang='grc' dir='ltr'><strong>ἐμνήσθην</strong></span> <span class='ocrx_word' id='word_1_108' title='bbox 2501 1100 2841 1171; x_wconf 74' lang='grc' dir='ltr'><strong>μακρότερον</strong></span> <span class='ocrx_word' id='word_1_109' title='bbox 2876 1100 2970 1150; x_wconf 76' lang='grc' dir='ltr'>καὶ</span> <span class='ocrx_word' id='word_1_110' title='bbox 3012 1100 3135 1152; x_wconf 87' lang='grc' dir='ltr'>ὅσον</span> <span class='ocrx_word' id='word_1_111' title='bbox 3171 1098 3318 1159; x_wconf 66' lang='lat' dir='ltr'><strong>elato;</strong></span> <span class='ocrx_word' id='word_1_112' title='bbox 3359 1093 3452 1167; x_wconf 76' lang='grc' dir='ltr'>ἦν,</span> <span class='ocrx_word' id='word_1_113' title='bbox 3475 1095 3550 1160; x_wconf 82' lang='grc' dir='ltr'>ὥς</span> <span class='ocrx_word' id='word_1_114' title='bbox 3573 1113 3630 1166; x_wconf 82' lang='grc' dir='ltr'><strong>γε</strong></span> <span class='ocrx_word' id='word_1_115' title='bbox 3654 1096 3748 1163; x_wconf 58' lang='grc' dir='ltr'>ε’,ὼ</span> 
     </span>
    </p>
   </div>
   <div class='ocr_carea' id='block_1_18' title="bbox 2185 1191 2413 1259">
    <p class='ocr_par' dir='ltr' id='par_1_18' title="bbox 2185 1191 2413 1259">
     <span class='ocr_line' id='line_1_18' title="bbox 2185 1191 2413 1259; baseline 0.009 -16"><span class='ocrx_word' id='word_1_116' title='bbox 2185 1191 2413 1259; x_wconf 72' lang='grc' dir='ltr'>νομίζω.</span> 
     </span>
    </p>
   </div>
   <div class='ocr_carea' id='block_1_19' title="bbox 504 1283 3751 1359">
    <p class='ocr_par' dir='ltr' id='par_1_19' title="bbox 504 1283 3751 1359">
     <span class='ocr_line' id='line_1_19' title="bbox 504 1283 3751 1359; baseline -0.001 -15"><span class='ocrx_word' id='word_1_117' title='bbox 504 1312 521 1344; x_wconf 75' lang='grc' dir='ltr'><strong>ι</strong></span> <span class='ocrx_word' id='word_1_118' title='bbox 564 1306 754 1345; x_wconf 79' lang='lat' dir='ltr'><strong>vecors</strong></span> <span class='ocrx_word' id='word_1_119' title='bbox 786 1289 878 1344; x_wconf 92' lang='lat' dir='ltr'><strong>Dei</strong></span> <span class='ocrx_word' id='word_1_120' title='bbox 915 1297 1261 1359; x_wconf 82' lang='lat' dir='ltr'><strong>contemptor</strong></span> <span class='ocrx_word' id='word_1_121' title='bbox 1276 1299 1329 1343; x_wconf 90' lang='lat' dir='ltr'><strong>et</strong></span> <span class='ocrx_word' id='word_1_122' title='bbox 1350 1286 1536 1340; x_wconf 80' lang='lat' dir='ltr'><strong>laxans</strong></span> <span class='ocrx_word' id='word_1_123' title='bbox 1564 1284 1796 1355; x_wconf 81' lang='lat' dir='ltr'><strong>probris,</strong></span> <span class='ocrx_word' id='word_1_124' title='bbox 1832 1283 2081 1339; x_wconf 82' lang='lat' dir='ltr'><strong>mortalia</strong></span> <span class='ocrx_word' id='word_1_125' title='bbox 2121 1300 2238 1351; x_wconf 90' lang='lat' dir='ltr'><strong>ora,</strong></span> <span class='ocrx_word' id='word_1_126' title='bbox 2276 1305 2296 1338; x_wconf 73' lang='grc' dir='ltr'><strong>ι</strong></span> <span class='ocrx_word' id='word_1_127' title='bbox 2324 1295 2379 1340; x_wconf 86' lang='grc' dir='ltr'><strong>ιιι</strong></span> <span class='ocrx_word' id='word_1_128' title='bbox 2405 1302 2525 1340; x_wconf 89' lang='lat' dir='ltr'><strong>cum</strong></span> <span class='ocrx_word' id='word_1_129' title='bbox 2561 1284 2819 1356; x_wconf 70' lang='lat' dir='ltr'><strong>Aischylo</strong></span> <span class='ocrx_word' id='word_1_130' title='bbox 2851 1286 3198 1358; x_wconf 80' lang='lat' dir='ltr'><strong>loquar(H).</strong></span> <span class='ocrx_word' id='word_1_131' title='bbox 3226 1287 3356 1353; x_wconf 62' lang='lat' dir='ltr'><strong>Quae</strong></span> <span class='ocrx_word' id='word_1_132' title='bbox 3385 1287 3565 1342; x_wconf 82' lang='lat' dir='ltr'><strong>omnia</strong></span> <span class='ocrx_word' id='word_1_133' title='bbox 3600 1287 3751 1356; x_wconf 75' lang='lat' dir='ltr'><strong>pluri,</strong></span> 
     </span>
    </p>
   </div>
   <div class='ocr_carea' id='block_1_20' title="bbox 496 1379 2798 1454">
    <p class='ocr_par' dir='ltr' id='par_1_20' title="bbox 496 1379 2798 1454">
     <span class='ocr_line' id='line_1_20' title="bbox 496 1379 2798 1454; baseline -0.002 -14"><span class='ocrx_word' id='word_1_134' title='bbox 496 1391 619 1451; x_wconf 88' lang='lat' dir='ltr'><strong>bus,</strong></span> <span class='ocrx_word' id='word_1_135' title='bbox 674 1396 729 1439; x_wconf 88' lang='lat' dir='ltr'><strong>et</strong></span> <span class='ocrx_word' id='word_1_136' title='bbox 756 1394 1023 1454; x_wconf 85' lang='lat' dir='ltr'><strong>quantum</strong></span> <span class='ocrx_word' id='word_1_137' title='bbox 1061 1392 1493 1437; x_wconf 76' lang='lat' dir='ltr'><strong>consentaneum</strong></span> <span class='ocrx_word' id='word_1_138' title='bbox 1526 1389 1643 1436; x_wconf 88' lang='lat' dir='ltr'><strong>erat</strong></span> <span class='ocrx_word' id='word_1_139' title='bbox 1676 1392 1858 1444; x_wconf 86' lang='lat' dir='ltr'><strong>antea,</strong></span> <span class='ocrx_word' id='word_1_140' title='bbox 1892 1390 1951 1433; x_wconf 86' lang='lat' dir='ltr'><strong>ut</strong></span> <span class='ocrx_word' id='word_1_141' title='bbox 1981 1379 2242 1443; x_wconf 84' lang='lat' dir='ltr'><strong>arbitror,</strong></span> <span class='ocrx_word' id='word_1_142' title='bbox 2277 1381 2798 1451; x_wconf 71' lang='lat' dir='ltr'><strong>CXpos:titntls(H&#39;).</strong></span> 
     </span>
    </p>
   </div>
   <div class='ocr_carea' id='block_1_21' title="bbox 567 1475 2078 1543">
    <p class='ocr_par' dir='ltr' id='par_1_21' title="bbox 567 1475 2078 1543">
     <span class='ocr_line' id='line_1_21' title="bbox 567 1475 2078 1543; baseline -0.007 -6"><span class='ocrx_word' id='word_1_143' title='bbox 567 1482 678 1538; x_wconf 82' lang='lat' dir='ltr'><strong>CV.</strong></span> <span class='ocrx_word' id='word_1_144' title='bbox 714 1483 870 1535; x_wconf 85' lang='lat' dir='ltr'><strong>llunc</strong></span> <span class='ocrx_word' id='word_1_145' title='bbox 902 1479 991 1533; x_wconf 87' lang='lat' dir='ltr'><strong>ille</strong></span> <span class='ocrx_word' id='word_1_146' title='bbox 1038 1479 1091 1533; x_wconf 92' lang='lat' dir='ltr'><strong>in</strong></span> <span class='ocrx_word' id='word_1_147' title='bbox 1143 1480 1385 1543; x_wconf 88' lang='lat' dir='ltr'><strong>modum,</strong></span> <span class='ocrx_word' id='word_1_148' title='bbox 1418 1491 1539 1531; x_wconf 91' lang='lat' dir='ltr'><strong>cum</strong></span> <span class='ocrx_word' id='word_1_149' title='bbox 1568 1477 1796 1530; x_wconf 90' lang='lat' dir='ltr'><strong>dicendo</strong></span> <span class='ocrx_word' id='word_1_150' title='bbox 1828 1475 2078 1530; x_wconf 84' lang='lat' dir='ltr'><strong>scriben-</strong></span> 
     </span>
    </p>
   </div>
   <div class='ocr_carea' id='block_1_22' title="bbox 498 1568 2083 1645">
    <p class='ocr_par' dir='ltr' id='par_1_22' title="bbox 498 1568 2083 1645">
     <span class='ocr_line' id='line_1_22' title="bbox 498 1568 2083 1645; baseline -0.006 -15"><span class='ocrx_word' id='word_1_151' title='bbox 498 1580 696 1645; x_wconf 82' lang='lat' dir='ltr'><strong>doque,</strong></span> <span class='ocrx_word' id='word_1_152' title='bbox 725 1583 982 1627; x_wconf 85' lang='lat' dir='ltr'><strong>tntnante</strong></span> <span class='ocrx_word' id='word_1_153' title='bbox 1002 1573 1117 1627; x_wconf 66' lang='lat' dir='ltr'><strong>haec</strong></span> <span class='ocrx_word' id='word_1_154' title='bbox 1146 1570 1384 1639; x_wconf 84' lang='lat' dir='ltr'><strong>itemque</strong></span> <span class='ocrx_word' id='word_1_155' title='bbox 1403 1585 1527 1624; x_wconf 88' lang='lat' dir='ltr'><strong>cum</strong></span> <span class='ocrx_word' id='word_1_156' title='bbox 1550 1569 1631 1623; x_wconf 89' lang='lat' dir='ltr'><strong>his</strong></span> <span class='ocrx_word' id='word_1_157' title='bbox 1656 1569 1783 1636; x_wconf 80' lang='lat' dir='ltr'><strong>ipsis</strong></span> <span class='ocrx_word' id='word_1_158' title='bbox 1815 1568 2083 1622; x_wconf 63' lang='lat' dir='ltr'><strong>universae</strong></span> 
     </span>
    </p>
   </div>
   <div class='ocr_carea' id='block_1_23' title="bbox 498 1655 2081 1730">
    <p class='ocr_par' dir='ltr' id='par_1_23' title="bbox 498 1655 2081 1730">
     <span class='ocr_line' id='line_1_23' title="bbox 498 1655 2081 1730; baseline -0.005 -13"><span class='ocrx_word' id='word_1_159' title='bbox 498 1666 715 1719; x_wconf 82' lang='lat' dir='ltr'><strong>virtutis</strong></span> <span class='ocrx_word' id='word_1_160' title='bbox 742 1661 1020 1730; x_wconf 75' lang='lat' dir='ltr'><strong>exemplar</strong></span> <span class='ocrx_word' id='word_1_161' title='bbox 1073 1659 1427 1727; x_wconf 84' lang='lat' dir='ltr'><strong>semetipsum</strong></span> <span class='ocrx_word' id='word_1_162' title='bbox 1454 1657 1786 1719; x_wconf 79' lang='lat' dir='ltr'><strong>exhibendo,</strong></span> <span class='ocrx_word' id='word_1_163' title='bbox 1841 1655 1979 1710; x_wconf 89' lang='lat' dir='ltr'><strong>bene</strong></span> <span class='ocrx_word' id='word_1_164' title='bbox 2014 1657 2081 1710; x_wconf 86' lang='lat' dir='ltr'><strong>de</strong></span> 
     </span>
    </p>
   </div>
   <div class='ocr_carea' id='block_1_24' title="bbox 498 1748 2079 1819">
    <p class='ocr_par' dir='ltr' id='par_1_24' title="bbox 498 1748 2079 1819">
     <span class='ocr_line' id='line_1_24' title="bbox 498 1748 2079 1819; baseline -0.004 -12"><span class='ocrx_word' id='word_1_165' title='bbox 498 1757 606 1809; x_wconf 67' lang='lat' dir='ltr'><strong>vita</strong></span> <span class='ocrx_word' id='word_1_166' title='bbox 641 1756 877 1808; x_wconf 81' lang='lat' dir='ltr'><strong>humana</strong></span> <span class='ocrx_word' id='word_1_167' title='bbox 932 1750 1153 1816; x_wconf 80' lang='lat' dir='ltr'><strong>mereri,</strong></span> <span class='ocrx_word' id='word_1_168' title='bbox 1193 1764 1425 1819; x_wconf 87' lang='lat' dir='ltr'><strong>eamque</strong></span> <span class='ocrx_word' id='word_1_169' title='bbox 1452 1749 1790 1803; x_wconf 83' lang='lat' dir='ltr'><strong>ornatiorem</strong></span> <span class='ocrx_word' id='word_1_170' title='bbox 1826 1748 2079 1809; x_wconf 88' lang='lat' dir='ltr'><strong>reddere,</strong></span> 
     </span>
    </p>
   </div>
   <div class='ocr_carea' id='block_1_25' title="bbox 497 1839 2080 1912">
    <p class='ocr_par' dir='ltr' id='par_1_25' title="bbox 497 1839 2080 1912">
     <span class='ocr_line' id='line_1_25' title="bbox 497 1839 2080 1912; baseline -0.005 -14"><span class='ocrx_word' id='word_1_171' title='bbox 497 1851 811 1898; x_wconf 75' lang='lat' dir='ltr'><strong>Constanter</strong></span> <span class='ocrx_word' id='word_1_172' title='bbox 841 1840 1082 1912; x_wconf 76' lang='lat' dir='ltr'><strong>perrexit</strong></span> <span class='ocrx_word' id='word_1_173' title='bbox 1115 1856 1131 1893; x_wconf 92' lang='lat'><strong>:</strong></span> <span class='ocrx_word' id='word_1_174' title='bbox 1158 1850 1211 1893; x_wconf 89' lang='lat' dir='ltr'><strong>et</strong></span> <span class='ocrx_word' id='word_1_175' title='bbox 1245 1840 1552 1909; x_wconf 82' lang='lat' dir='ltr'><strong>spiritualis</strong></span> <span class='ocrx_word' id='word_1_176' title='bbox 1584 1839 1862 1893; x_wconf 80' lang='lat' dir='ltr'><strong>felicitatis</strong></span> <span class='ocrx_word' id='word_1_177' title='bbox 1887 1847 2080 1892; x_wconf 86' lang='lat' dir='ltr'><strong>auctor</strong></span> 
     </span>
    </p>
   </div>
   <div class='ocr_carea' id='block_1_26' title="bbox 499 1898 2155 2004">
    <p class='ocr_par' dir='ltr' id='par_1_26' title="bbox 499 1898 2155 2004">
     <span class='ocr_line' id='line_1_26' title="bbox 499 1898 2155 2004; baseline -0.003 -17"><span class='ocrx_word' id='word_1_178' title='bbox 499 1935 806 2004; x_wconf 71' lang='lat' dir='ltr'><strong>praecipuus</strong></span> <span class='ocrx_word' id='word_1_179' title='bbox 835 1931 1145 1987; x_wconf 84' lang='lat' dir='ltr'><strong>hominibus</strong></span> <span class='ocrx_word' id='word_1_180' title='bbox 1176 1940 1319 1995; x_wconf 86' lang='lat' dir='ltr'><strong>erat,</strong></span> <span class='ocrx_word' id='word_1_181' title='bbox 1373 1941 1429 1984; x_wconf 89' lang='lat' dir='ltr'><strong>nt</strong></span> <span class='ocrx_word' id='word_1_182' title='bbox 1465 1932 1555 2000; x_wconf 84' lang='lat' dir='ltr'><strong>qui</strong></span> <span class='ocrx_word' id='word_1_183' title='bbox 1592 1930 1767 1986; x_wconf 85' lang='lat' dir='ltr'><strong>modis</strong></span> <span class='ocrx_word' id='word_1_184' title='bbox 1804 1930 2080 1993; x_wconf 89' lang='lat' dir='ltr'><strong>omnibus,</strong></span> <span class='ocrx_word' id='word_1_185' title='bbox 2114 1898 2155 1950; x_wconf 69' lang='grc' dir='ltr'><strong>Β</strong></span> 
     </span>
    </p>
   </div>
   <div class='ocr_carea' id='block_1_27' title="bbox 497 2026 2085 2096">
    <p class='ocr_par' dir='ltr' id='par_1_27' title="bbox 497 2026 2085 2096">
     <span class='ocr_line' id='line_1_27' title="bbox 497 2026 2085 2096; baseline -0.002 -16"><span class='ocrx_word' id='word_1_186' title='bbox 497 2029 562 2080; x_wconf 84' lang='lat' dir='ltr'><strong>ad</strong></span> <span class='ocrx_word' id='word_1_187' title='bbox 603 2027 655 2081; x_wconf 92' lang='lat' dir='ltr'><strong>id</strong></span> <span class='ocrx_word' id='word_1_188' title='bbox 686 2029 832 2096; x_wconf 86' lang='lat' dir='ltr'><strong>quod</strong></span> <span class='ocrx_word' id='word_1_189' title='bbox 874 2036 957 2080; x_wconf 89' lang='lat' dir='ltr'><strong>est</strong></span> <span class='ocrx_word' id='word_1_190' title='bbox 986 2026 1251 2094; x_wconf 89' lang='lat' dir='ltr'><strong>optimum</strong></span> <span class='ocrx_word' id='word_1_191' title='bbox 1292 2026 1576 2079; x_wconf 85' lang='lat' dir='ltr'><strong>induceret</strong></span> <span class='ocrx_word' id='word_1_192' title='bbox 1608 2039 1801 2077; x_wconf 88' lang='lat' dir='ltr'><strong>ontnes</strong></span> <span class='ocrx_word' id='word_1_193' title='bbox 1838 2038 1903 2078; x_wconf 86' lang='lat' dir='ltr'><strong>ac</strong></span> <span class='ocrx_word' id='word_1_194' title='bbox 1938 2038 2085 2077; x_wconf 88' lang='lat' dir='ltr'><strong>com-</strong></span> 
     </span>
    </p>
   </div>
   <div class='ocr_carea' id='block_1_28' title="bbox 497 2115 2084 2187">
    <p class='ocr_par' dir='ltr' id='par_1_28' title="bbox 497 2115 2084 2187">
     <span class='ocr_line' id='line_1_28' title="bbox 497 2115 2084 2187; baseline -0.001 -18"><span class='ocrx_word' id='word_1_195' title='bbox 497 2129 743 2187; x_wconf 76' lang='lat' dir='ltr'><strong>poneret,</strong></span> <span class='ocrx_word' id='word_1_196' title='bbox 787 2127 842 2173; x_wconf 88' lang='lat' dir='ltr'><strong>ct</strong></span> <span class='ocrx_word' id='word_1_197' title='bbox 876 2119 1127 2173; x_wconf 82' lang='lat' dir='ltr'><strong>meliores</strong></span> <span class='ocrx_word' id='word_1_198' title='bbox 1162 2118 1357 2185; x_wconf 71' lang='lat' dir='ltr'><strong>scipsis</strong></span> <span class='ocrx_word' id='word_1_199' title='bbox 1392 2130 1605 2185; x_wconf 79' lang='lat' dir='ltr'><strong>semper</strong></span> <span class='ocrx_word' id='word_1_200' title='bbox 1626 2116 1883 2170; x_wconf 84' lang='lat' dir='ltr'><strong>elliceret.</strong></span> <span class='ocrx_word' id='word_1_201' title='bbox 1913 2115 2084 2170; x_wconf 80' lang='lat' dir='ltr'><strong>Nimi-</strong></span> 
     </span>
    </p>
   </div>
   <div class='ocr_carea' id='block_1_29' title="bbox 498 2210 2085 2281">
    <p class='ocr_par' dir='ltr' id='par_1_29' title="bbox 498 2210 2085 2281">
     <span class='ocr_line' id='line_1_29' title="bbox 498 2210 2085 2281; baseline -0.002 -14"><span class='ocrx_word' id='word_1_202' title='bbox 498 2229 617 2267; x_wconf 88' lang='lat' dir='ltr'><strong>rum</strong></span> <span class='ocrx_word' id='word_1_203' title='bbox 658 2212 808 2267; x_wconf 78' lang='lat' dir='ltr'><strong>velut</strong></span> <span class='ocrx_word' id='word_1_204' title='bbox 844 2213 937 2281; x_wconf 87' lang='lat' dir='ltr'><strong>qui</strong></span> <span class='ocrx_word' id='word_1_205' title='bbox 990 2211 1081 2264; x_wconf 86' lang='lat' dir='ltr'><strong>Dei</strong></span> <span class='ocrx_word' id='word_1_206' title='bbox 1137 2210 1354 2280; x_wconf 85' lang='lat' dir='ltr'><strong>optimi,</strong></span> <span class='ocrx_word' id='word_1_207' title='bbox 1410 2210 1646 2275; x_wconf 76' lang='lat' dir='ltr'><strong>Maximi,</strong></span> <span class='ocrx_word' id='word_1_208' title='bbox 1696 2210 1930 2281; x_wconf 81' lang='lat' dir='ltr'><strong>legatus,</strong></span> <span class='ocrx_word' id='word_1_209' title='bbox 1988 2218 2085 2264; x_wconf 89' lang='lat' dir='ltr'><strong>attt</strong></span> 
     </span>
    </p>
   </div>
   <div class='ocr_carea' id='block_1_30' title="bbox 500 2298 2082 2373">
    <p class='ocr_par' dir='ltr' id='par_1_30' title="bbox 500 2298 2082 2373">
     <span class='ocr_line' id='line_1_30' title="bbox 500 2298 2082 2373; baseline -0.001 -17"><span class='ocrx_word' id='word_1_210' title='bbox 500 2303 861 2373; x_wconf 70' lang='lat' dir='ltr'><strong>propinquus,</strong></span> <span class='ocrx_word' id='word_1_211' title='bbox 928 2310 1022 2354; x_wconf 89' lang='lat' dir='ltr'><strong>aut</strong></span> <span class='ocrx_word' id='word_1_212' title='bbox 1075 2300 1422 2354; x_wconf 86' lang='lat' dir='ltr'><strong>oraculorum</strong></span> <span class='ocrx_word' id='word_1_213' title='bbox 1470 2298 1638 2370; x_wconf 71' lang='lat' dir='ltr'><strong>ipsius</strong></span> <span class='ocrx_word' id='word_1_214' title='bbox 1698 2300 1974 2370; x_wconf 90' lang='lat' dir='ltr'><strong>popularis</strong></span> <span class='ocrx_word' id='word_1_215' title='bbox 2030 2302 2082 2354; x_wconf 89' lang='lat' dir='ltr'><strong>in</strong></span> 
     </span>
    </p>
   </div>
   <div class='ocr_carea' id='block_1_31' title="bbox 501 2392 2084 2465">
    <p class='ocr_par' dir='ltr' id='par_1_31' title="bbox 501 2392 2084 2465">
     <span class='ocr_line' id='line_1_31' title="bbox 501 2392 2084 2465; baseline -0.002 -16"><span class='ocrx_word' id='word_1_216' title='bbox 501 2406 648 2450; x_wconf 88' lang='lat' dir='ltr'><strong>terra</strong></span> <span class='ocrx_word' id='word_1_217' title='bbox 730 2396 1000 2465; x_wconf 85' lang='lat' dir='ltr'><strong>interpres</strong></span> <span class='ocrx_word' id='word_1_218' title='bbox 1053 2404 1247 2449; x_wconf 88' lang='lat' dir='ltr'><strong>esset:</strong></span> <span class='ocrx_word' id='word_1_219' title='bbox 1310 2396 1383 2448; x_wconf 83' lang='lat' dir='ltr'><strong>ita</strong></span> <span class='ocrx_word' id='word_1_220' title='bbox 1419 2393 1577 2461; x_wconf 82' lang='lat' dir='ltr'><strong>plane</strong></span> <span class='ocrx_word' id='word_1_221' title='bbox 1616 2392 1868 2448; x_wconf 89' lang='lat' dir='ltr'><strong>omnibus</strong></span> <span class='ocrx_word' id='word_1_222' title='bbox 1922 2392 2084 2447; x_wconf 88' lang='lat' dir='ltr'><strong>hahe-</strong></span> 
     </span>
    </p>
   </div>
   <div class='ocr_carea' id='block_1_32' title="bbox 502 2484 2081 2556">
    <p class='ocr_par' dir='ltr' id='par_1_32' title="bbox 502 2484 2081 2556">
     <span class='ocr_line' id='line_1_32' title="bbox 502 2484 2081 2556; baseline -0.003 -14"><span class='ocrx_word' id='word_1_223' title='bbox 502 2491 681 2553; x_wconf 78' lang='lat' dir='ltr'><strong>batur,</strong></span> <span class='ocrx_word' id='word_1_224' title='bbox 725 2488 782 2543; x_wconf 89' lang='lat' dir='ltr'><strong>in</strong></span> <span class='ocrx_word' id='word_1_225' title='bbox 828 2502 1004 2556; x_wconf 83' lang='lat' dir='ltr'><strong>eoque</strong></span> <span class='ocrx_word' id='word_1_226' title='bbox 1048 2501 1266 2553; x_wconf 87' lang='lat' dir='ltr'><strong>omnes,</strong></span> <span class='ocrx_word' id='word_1_227' title='bbox 1334 2493 1594 2555; x_wconf 80' lang='lat' dir='ltr'><strong>tanquam</strong></span> <span class='ocrx_word' id='word_1_228' title='bbox 1662 2485 1713 2538; x_wconf 92' lang='lat' dir='ltr'><strong>in</strong></span> <span class='ocrx_word' id='word_1_229' title='bbox 1765 2484 2081 2555; x_wconf 72' lang='lat' dir='ltr'><strong>archetypo,</strong></span> 
     </span>
    </p>
   </div>
   <div class='ocr_carea' id='block_1_33' title="bbox 497 2576 2083 2649">
    <p class='ocr_par' dir='ltr' id='par_1_33' title="bbox 497 2576 2083 2649">
     <span class='ocr_line' id='line_1_33' title="bbox 497 2576 2083 2649; baseline -0.005 -11"><span class='ocrx_word' id='word_1_230' title='bbox 497 2595 758 2649; x_wconf 82' lang='lat' dir='ltr'><strong>autarce,</strong></span> <span class='ocrx_word' id='word_1_231' title='bbox 805 2592 896 2635; x_wconf 88' lang='lat' dir='ltr'><strong>aut</strong></span> <span class='ocrx_word' id='word_1_232' title='bbox 917 2581 1162 2636; x_wconf 74' lang='lat' dir='ltr'><strong>sacrario</strong></span> <span class='ocrx_word' id='word_1_233' title='bbox 1188 2580 1370 2635; x_wconf 89' lang='lat' dir='ltr'><strong>omnis</strong></span> <span class='ocrx_word' id='word_1_234' title='bbox 1405 2578 1640 2646; x_wconf 78' lang='lat' dir='ltr'><strong>pulchri,</strong></span> <span class='ocrx_word' id='word_1_235' title='bbox 1670 2576 1919 2632; x_wconf 85' lang='lat' dir='ltr'><strong>obtutum</strong></span> <span class='ocrx_word' id='word_1_236' title='bbox 1953 2576 2083 2646; x_wconf 79' lang='lat' dir='ltr'><strong>lige-</strong></span> 
     </span>
    </p>
   </div>
   <div class='ocr_carea' id='block_1_34' title="bbox 499 2669 2079 2745">
    <p class='ocr_par' dir='ltr' id='par_1_34' title="bbox 499 2669 2079 2745">
     <span class='ocr_line' id='line_1_34' title="bbox 499 2669 2079 2745; baseline -0.006 -15"><span class='ocrx_word' id='word_1_237' title='bbox 499 2677 651 2738; x_wconf 83' lang='lat' dir='ltr'><strong>bunt,</strong></span> <span class='ocrx_word' id='word_1_238' title='bbox 705 2674 937 2745; x_wconf 88' lang='lat' dir='ltr'><strong>ejusque</strong></span> <span class='ocrx_word' id='word_1_239' title='bbox 966 2672 1159 2736; x_wconf 86' lang='lat' dir='ltr'><strong>verba,</strong></span> <span class='ocrx_word' id='word_1_240' title='bbox 1215 2688 1321 2726; x_wconf 91' lang='lat' dir='ltr'><strong>non</strong></span> <span class='ocrx_word' id='word_1_241' title='bbox 1359 2672 1598 2727; x_wconf 85' lang='lat' dir='ltr'><strong>hominis</strong></span> <span class='ocrx_word' id='word_1_242' title='bbox 1627 2669 1860 2739; x_wconf 87' lang='lat' dir='ltr'><strong>alicujus</strong></span> <span class='ocrx_word' id='word_1_243' title='bbox 1894 2670 2079 2732; x_wconf 81' lang='lat' dir='ltr'><strong>verba,</strong></span> 
     </span>
    </p>
   </div>
   <div class='ocr_carea' id='block_1_35' title="bbox 498 2761 2084 2832">
    <p class='ocr_par' dir='ltr' id='par_1_35' title="bbox 498 2761 2084 2832">
     <span class='ocr_line' id='line_1_35' title="bbox 498 2761 2084 2832; baseline -0.006 -11"><span class='ocrx_word' id='word_1_244' title='bbox 498 2768 591 2821; x_wconf 89' lang='lat' dir='ltr'><strong>sed</strong></span> <span class='ocrx_word' id='word_1_245' title='bbox 626 2767 945 2821; x_wconf 83' lang='lat' dir='ltr'><strong>admiranda</strong></span> <span class='ocrx_word' id='word_1_246' title='bbox 966 2762 1060 2819; x_wconf 85' lang='lat' dir='ltr'><strong>Dei</strong></span> <span class='ocrx_word' id='word_1_247' title='bbox 1086 2762 1246 2818; x_wconf 77' lang='lat' dir='ltr'><strong>effata</strong></span> <span class='ocrx_word' id='word_1_248' title='bbox 1279 2770 1332 2817; x_wconf 85' lang='lat' dir='ltr'><strong>et</strong></span> <span class='ocrx_word' id='word_1_249' title='bbox 1356 2762 1599 2828; x_wconf 77' lang='lat' dir='ltr'><strong>oracula,</strong></span> <span class='ocrx_word' id='word_1_250' title='bbox 1635 2761 1835 2832; x_wconf 86' lang='lat' dir='ltr'><strong>quibus</strong></span> <span class='ocrx_word' id='word_1_251' title='bbox 1866 2770 2084 2815; x_wconf 89' lang='lat' dir='ltr'><strong>contra-</strong></span> 
     </span>
    </p>
   </div>
   <div class='ocr_carea' id='block_1_36' title="bbox 499 2833 2083 2925">
    <p class='ocr_par' dir='ltr' id='par_1_36' title="bbox 499 2833 2083 2925">
     <span class='ocr_line' id='line_1_36' title="bbox 499 2833 2083 2925; baseline -0.002 -16"><span class='ocrx_word' id='word_1_252' title='bbox 499 2856 681 2910; x_wconf 81' lang='lat' dir='ltr'><strong>dicere</strong></span> <span class='ocrx_word' id='word_1_253' title='bbox 730 2853 884 2909; x_wconf 82' lang='lat' dir='ltr'><strong>nefas</strong></span> <span class='ocrx_word' id='word_1_254' title='bbox 927 2855 1083 2925; x_wconf 88' lang='lat' dir='ltr'><strong>plane</strong></span> <span class='ocrx_word' id='word_1_255' title='bbox 1129 2863 1296 2920; x_wconf 88' lang='lat' dir='ltr'><strong>esset,</strong></span> <span class='ocrx_word' id='word_1_256' title='bbox 1330 2833 1850 2908; x_wconf 62' lang='grc' dir='ltr'>ᾱιιυεὶιοιιι.ἈιΙΙι;ιιο</span> <span class='ocrx_word' id='word_1_257' title='bbox 1901 2851 2083 2906; x_wconf 84' lang='lat' dir='ltr'><strong>verbis</strong></span> 
     </span>
    </p>
   </div>
   <div class='ocr_carea' id='block_1_37' title="bbox 497 2943 2080 3016">
    <p class='ocr_par' dir='ltr' id='par_1_37' title="bbox 497 2943 2080 3016">
     <span class='ocr_line' id='line_1_37' title="bbox 497 2943 2080 3016; baseline -0.001 -17"><span class='ocrx_word' id='word_1_258' title='bbox 497 2947 617 3014; x_wconf 80' lang='lat' dir='ltr'><strong>ejus</strong></span> <span class='ocrx_word' id='word_1_259' title='bbox 652 2945 784 3003; x_wconf 84' lang='lat' dir='ltr'><strong>ﬁdes</strong></span> <span class='ocrx_word' id='word_1_260' title='bbox 841 2959 895 3001; x_wconf 90' lang='lat' dir='ltr'><strong>et</strong></span> <span class='ocrx_word' id='word_1_261' title='bbox 941 2945 1296 3016; x_wconf 83' lang='lat' dir='ltr'><strong>probabilitas</strong></span> <span class='ocrx_word' id='word_1_262' title='bbox 1326 2945 1483 3015; x_wconf 77' lang='lat' dir='ltr'><strong>plane</strong></span> <span class='ocrx_word' id='word_1_263' title='bbox 1535 2943 1844 2999; x_wconf 79' lang='lat' dir='ltr'><strong>necessario</strong></span> <span class='ocrx_word' id='word_1_264' title='bbox 1871 2944 2080 3009; x_wconf 90' lang='lat' dir='ltr'><strong>aderat,</strong></span> 
     </span>
    </p>
   </div>
   <div class='ocr_carea' id='block_1_38' title="bbox 498 3037 2083 3109">
    <p class='ocr_par' dir='ltr' id='par_1_38' title="bbox 498 3037 2083 3109">
     <span class='ocr_line' id='line_1_38' title="bbox 498 3037 2083 3109; baseline -0.002 -14"><span class='ocrx_word' id='word_1_265' title='bbox 498 3040 709 3096; x_wconf 87' lang='lat' dir='ltr'><strong>scilicet</strong></span> <span class='ocrx_word' id='word_1_266' title='bbox 770 3041 1030 3109; x_wconf 88' lang='lat' dir='ltr'><strong>quoniam</strong></span> <span class='ocrx_word' id='word_1_267' title='bbox 1088 3054 1209 3109; x_wconf 68' lang='lat' dir='ltr'><strong>quae</strong></span> <span class='ocrx_word' id='word_1_268' title='bbox 1260 3038 1383 3093; x_wconf 90' lang='lat' dir='ltr'><strong>aliis</strong></span> <span class='ocrx_word' id='word_1_269' title='bbox 1428 3038 1704 3103; x_wconf 86' lang='lat' dir='ltr'><strong>suaderet,</strong></span> <span class='ocrx_word' id='word_1_270' title='bbox 1763 3052 1825 3091; x_wconf 90' lang='lat' dir='ltr'><strong>ea</strong></span> <span class='ocrx_word' id='word_1_271' title='bbox 1879 3037 2083 3106; x_wconf 90' lang='lat' dir='ltr'><strong>primus</strong></span> 
     </span>
    </p>
   </div>
   <div class='ocr_carea' id='block_1_39' title="bbox 499 3129 2079 3201">
    <p class='ocr_par' dir='ltr' id='par_1_39' title="bbox 499 3129 2079 3201">
     <span class='ocr_line' id='line_1_39' title="bbox 499 3129 2079 3201; baseline -0.003 -15"><span class='ocrx_word' id='word_1_272' title='bbox 499 3132 899 3201; x_wconf 78' lang='lat' dir='ltr'><strong>perfectissime</strong></span> <span class='ocrx_word' id='word_1_273' title='bbox 931 3130 1377 3201; x_wconf 79' lang='lat' dir='ltr'><strong>exsequebatur:</strong></span> <span class='ocrx_word' id='word_1_274' title='bbox 1416 3140 1643 3199; x_wconf 88' lang='lat' dir='ltr'><strong>eratque</strong></span> <span class='ocrx_word' id='word_1_275' title='bbox 1680 3139 1790 3181; x_wconf 88' lang='lat' dir='ltr'><strong>tum</strong></span> <span class='ocrx_word' id='word_1_276' title='bbox 1836 3129 2079 3198; x_wconf 85' lang='lat' dir='ltr'><strong>loquens,</strong></span> 
     </span>
    </p>
   </div>
   <div class='ocr_carea' id='block_1_40' title="bbox 2256 1472 3751 1545">
    <p class='ocr_par' dir='ltr' id='par_1_40' title="bbox 2256 1472 3751 1545">
     <span class='ocr_line' id='line_1_40' title="bbox 2256 1472 3751 1545; baseline -0.001 -18"><span class='ocrx_word' id='word_1_277' title='bbox 2256 1475 2543 1529; x_wconf 76' lang='grc' dir='ltr'><strong>ΡΕ¹.Οὖτω</strong></span> <span class='ocrx_word' id='word_1_278' title='bbox 2562 1478 2658 1529; x_wconf 75' lang='grc' dir='ltr'><strong>καὶ</strong></span> <span class='ocrx_word' id='word_1_279' title='bbox 2684 1477 2859 1544; x_wconf 81' lang='grc' dir='ltr'>λέγων</span> <span class='ocrx_word' id='word_1_280' title='bbox 2886 1476 2980 1528; x_wconf 73' lang='grc' dir='ltr'><strong>καὶ</strong></span> <span class='ocrx_word' id='word_1_281' title='bbox 3003 1476 3233 1545; x_wconf 76' lang='grc' dir='ltr'>γράφων</span> <span class='ocrx_word' id='word_1_282' title='bbox 3260 1475 3354 1528; x_wconf 74' lang='grc' dir='ltr'>καὶ</span> <span class='ocrx_word' id='word_1_283' title='bbox 3374 1476 3477 1545; x_wconf 83' lang='grc' dir='ltr'><strong>πρό</strong></span> <span class='ocrx_word' id='word_1_284' title='bbox 3497 1491 3555 1542; x_wconf 90' lang='grc' dir='ltr'><strong>γε</strong></span> <span class='ocrx_word' id='word_1_285' title='bbox 3568 1472 3751 1528; x_wconf 65' lang='grc' dir='ltr'>τούτων</span> 
     </span>
    </p>
   </div>
   <div class='ocr_carea' id='block_1_41' title="bbox 2187 1564 3752 1639">
    <p class='ocr_par' dir='ltr' id='par_1_41' title="bbox 2187 1564 3752 1639">
     <span class='ocr_line' id='line_1_41' title="bbox 2187 1564 3752 1639; baseline 0 -21"><span class='ocrx_word' id='word_1_286' title='bbox 2187 1569 2283 1619; x_wconf 73' lang='grc' dir='ltr'><strong>καὶ</strong></span> <span class='ocrx_word' id='word_1_287' title='bbox 2320 1569 2462 1637; x_wconf 83' lang='grc' dir='ltr'>μετὰ</span> <span class='ocrx_word' id='word_1_288' title='bbox 2513 1570 2741 1632; x_wconf 72' lang='grc' dir='ltr'>τούτων,</span> <span class='ocrx_word' id='word_1_289' title='bbox 2774 1564 2857 1632; x_wconf 73' lang='grc' dir='ltr'>οἷς</span> <span class='ocrx_word' id='word_1_290' title='bbox 2891 1570 3095 1639; x_wconf 84' lang='grc' dir='ltr'>ἀρετῆς</span> <span class='ocrx_word' id='word_1_291' title='bbox 3133 1569 3427 1638; x_wconf 82' lang='grc' dir='ltr'>ξυμπάσης</span> <span class='ocrx_word' id='word_1_292' title='bbox 3462 1569 3650 1623; x_wconf 74' lang='grc' dir='ltr'>ἑαυτὸν</span> <span class='ocrx_word' id='word_1_293' title='bbox 3675 1567 3752 1619; x_wconf 57' lang='grc' dir='ltr'><strong>τύ.</strong></span> 
     </span>
    </p>
   </div>
   <div class='ocr_carea' id='block_1_42' title="bbox 2183 1657 3753 1730">
    <p class='ocr_par' dir='ltr' id='par_1_42' title="bbox 2183 1657 3753 1730">
     <span class='ocr_line' id='line_1_42' title="bbox 2183 1657 3753 1730; baseline 0.001 -21"><span class='ocrx_word' id='word_1_294' title='bbox 2183 1674 2286 1711; x_wconf 87' lang='grc' dir='ltr'><strong>πον</strong></span> <span class='ocrx_word' id='word_1_295' title='bbox 2318 1661 2567 1729; x_wconf 82' lang='grc' dir='ltr'>παρεῖχε,</span> <span class='ocrx_word' id='word_1_296' title='bbox 2598 1661 2689 1713; x_wconf 85' lang='grc' dir='ltr'><strong>τὸν</strong></span> <span class='ocrx_word' id='word_1_297' title='bbox 2716 1660 3055 1729; x_wconf 81' lang='grc' dir='ltr'>ἀνθρώπινον</span> <span class='ocrx_word' id='word_1_298' title='bbox 3088 1660 3204 1730; x_wconf 80' lang='grc' dir='ltr'>βίον</span> <span class='ocrx_word' id='word_1_299' title='bbox 3261 1657 3320 1714; x_wconf 79' lang='grc' dir='ltr'><strong>εὖ</strong></span> <span class='ocrx_word' id='word_1_300' title='bbox 3350 1661 3519 1713; x_wconf 79' lang='grc' dir='ltr'>ποιῶν</span> <span class='ocrx_word' id='word_1_301' title='bbox 3549 1661 3637 1714; x_wconf 78' lang='grc' dir='ltr'>καὶ</span> <span class='ocrx_word' id='word_1_302' title='bbox 3672 1676 3753 1711; x_wconf 83' lang='grc' dir='ltr'>κο-</span> 
     </span>
    </p>
   </div>
   <div class='ocr_carea' id='block_1_43' title="bbox 2184 1751 3751 1822">
    <p class='ocr_par' dir='ltr' id='par_1_43' title="bbox 2184 1751 3751 1822">
     <span class='ocr_line' id='line_1_43' title="bbox 2184 1751 3751 1822; baseline 0.002 -22"><span class='ocrx_word' id='word_1_303' title='bbox 2184 1751 2338 1817; x_wconf 31' lang='grc' dir='ltr'>σιλῶν</span> <span class='ocrx_word' id='word_1_304' title='bbox 2385 1752 2635 1806; x_wconf 82' lang='grc' dir='ltr'><strong>διετέλει.</strong></span> <span class='ocrx_word' id='word_1_305' title='bbox 2686 1753 2796 1804; x_wconf 76' lang='grc' dir='ltr'><strong>Καὶ</strong></span> <span class='ocrx_word' id='word_1_306' title='bbox 2842 1752 2945 1821; x_wconf 81' lang='grc' dir='ltr'>τῆς</span> <span class='ocrx_word' id='word_1_307' title='bbox 2995 1752 3139 1804; x_wconf 81' lang='grc' dir='ltr'>κατὰ</span> <span class='ocrx_word' id='word_1_308' title='bbox 3189 1753 3372 1822; x_wconf 73' lang='grc' dir='ltr'>ψυχὴν</span> <span class='ocrx_word' id='word_1_309' title='bbox 3424 1752 3751 1820; x_wconf 73' lang='grc' dir='ltr'><strong>εὐδαιμονίας</strong></span> 
     </span>
    </p>
   </div>
   <div class='ocr_carea' id='block_1_44' title="bbox 2182 1840 3751 1914">
    <p class='ocr_par' dir='ltr' id='par_1_44' title="bbox 2182 1840 3751 1914">
     <span class='ocr_line' id='line_1_44' title="bbox 2182 1840 3751 1914; baseline 0.003 -21"><span class='ocrx_word' id='word_1_310' title='bbox 2182 1842 2393 1905; x_wconf 75' lang='grc' dir='ltr'>τούτοις</span> <span class='ocrx_word' id='word_1_311' title='bbox 2440 1844 2763 1908; x_wconf 84' lang='grc' dir='ltr'>αίτιώτατος</span> <span class='ocrx_word' id='word_1_312' title='bbox 2803 1840 2871 1914; x_wconf 79' lang='grc' dir='ltr'><strong>ἦν</strong></span> <span class='ocrx_word' id='word_1_313' title='bbox 2901 1860 2914 1875; x_wconf 87' lang='grc'><strong>·</strong></span> <span class='ocrx_word' id='word_1_314' title='bbox 2963 1845 3231 1898; x_wconf 79' lang='grc' dir='ltr'><strong>πάντοθεν</strong></span> <span class='ocrx_word' id='word_1_315' title='bbox 3280 1848 3489 1905; x_wconf 78' lang='grc' dir='ltr'>πάντας</span> <span class='ocrx_word' id='word_1_316' title='bbox 3534 1846 3661 1914; x_wconf 60' lang='lat' dir='ltr'><strong>apo:</strong></span> <span class='ocrx_word' id='word_1_317' title='bbox 3701 1845 3751 1897; x_wconf 69' lang='grc' dir='ltr'>τὸ</span> 
     </span>
    </p>
   </div>
   <div class='ocr_carea' id='block_1_45' title="bbox 2188 1934 3751 2005">
    <p class='ocr_par' dir='ltr' id='par_1_45' title="bbox 2188 1934 3751 2005">
     <span class='ocr_line' id='line_1_45' title="bbox 2188 1934 3751 2005; baseline 0.002 -20"><span class='ocrx_word' id='word_1_318' title='bbox 2188 1934 2468 2005; x_wconf 81' lang='grc' dir='ltr'>βέλτιστον</span> <span class='ocrx_word' id='word_1_319' title='bbox 2512 1937 2725 2003; x_wconf 72' lang='grc' dir='ltr'>ὲνάγων</span> <span class='ocrx_word' id='word_1_320' title='bbox 2765 1938 2862 1989; x_wconf 70' lang='grc' dir='ltr'>καὶ</span> <span class='ocrx_word' id='word_1_321' title='bbox 2897 1937 3211 1999; x_wconf 60' lang='grc' dir='ltr'>’καθιστάςο</span> <span class='ocrx_word' id='word_1_322' title='bbox 3262 1939 3357 1990; x_wconf 71' lang='grc' dir='ltr'><strong>καὶ</strong></span> <span class='ocrx_word' id='word_1_323' title='bbox 3404 1937 3553 2005; x_wconf 79' lang='grc' dir='ltr'>σφῶν</span> <span class='ocrx_word' id='word_1_324' title='bbox 3595 1937 3751 1988; x_wconf 78' lang='grc' dir='ltr'>αὐτῶν</span> 
     </span>
    </p>
   </div>
   <div class='ocr_carea' id='block_1_46' title="bbox 2188 2026 3752 2097">
    <p class='ocr_par' dir='ltr' id='par_1_46' title="bbox 2188 2026 3752 2097">
     <span class='ocr_line' id='line_1_46' title="bbox 2188 2026 3752 2097; baseline 0.002 -21"><span class='ocrx_word' id='word_1_325' title='bbox 2188 2026 2644 2097; x_wconf 73' lang='grc' dir='ltr'>σπουδαιοτέρους</span> <span class='ocrx_word' id='word_1_326' title='bbox 2686 2029 2794 2081; x_wconf 70' lang='lat' dir='ltr'><strong>arisi.</strong></span> <span class='ocrx_word' id='word_1_327' title='bbox 2836 2027 3073 2090; x_wconf 85' lang='grc' dir='ltr'>δεικνύς.</span> <span class='ocrx_word' id='word_1_328' title='bbox 3126 2029 3343 2095; x_wconf 80' lang='grc' dir='ltr'>’Ὠσπερ</span> <span class='ocrx_word' id='word_1_329' title='bbox 3386 2029 3493 2097; x_wconf 89' lang='grc' dir='ltr'><strong>γάρ</strong></span> <span class='ocrx_word' id='word_1_330' title='bbox 3531 2028 3752 2097; x_wconf 75' lang='grc' dir='ltr'><strong>ὕπαρχος</strong></span> 
     </span>
    </p>
   </div>
   <div class='ocr_carea' id='block_1_47' title="bbox 2189 2117 3749 2192">
    <p class='ocr_par' dir='ltr' id='par_1_47' title="bbox 2189 2117 3749 2192">
     <span class='ocr_line' id='line_1_47' title="bbox 2189 2117 3749 2192; baseline -0.002 -21"><span class='ocrx_word' id='word_1_331' title='bbox 2189 2123 2265 2171; x_wconf 76' lang='grc' dir='ltr'>ὢν</span> <span class='ocrx_word' id='word_1_332' title='bbox 2296 2120 2327 2192; x_wconf 79' lang='grc' dir='ltr'><strong>ἦ</strong></span> <span class='ocrx_word' id='word_1_333' title='bbox 2368 2119 2632 2189; x_wconf 75' lang='grc' dir='ltr'><strong>ξυγγενὴς</strong></span> <span class='ocrx_word' id='word_1_334' title='bbox 2668 2118 2760 2172; x_wconf 82' lang='grc' dir='ltr'>τοῦ</span> <span class='ocrx_word' id='word_1_335' title='bbox 2802 2120 3041 2189; x_wconf 82' lang='grc' dir='ltr'>μεγάλου</span> <span class='ocrx_word' id='word_1_336' title='bbox 3075 2119 3213 2172; x_wconf 78' lang='grc' dir='ltr'>Θεοῦ</span> <span class='ocrx_word' id='word_1_337' title='bbox 3246 2120 3278 2190; x_wconf 82' lang='grc' dir='ltr'>ἢ</span> <span class='ocrx_word' id='word_1_338' title='bbox 3317 2119 3637 2190; x_wconf 77' lang='grc' dir='ltr'>δημαγωγὸς</span> <span class='ocrx_word' id='word_1_339' title='bbox 3670 2117 3749 2170; x_wconf 74' lang='grc' dir='ltr'>ἐπὶ</span> 
     </span>
    </p>
   </div>
   <div class='ocr_carea' id='block_1_48' title="bbox 2187 2210 3749 2282">
    <p class='ocr_par' dir='ltr' id='par_1_48' title="bbox 2187 2210 3749 2282">
     <span class='ocr_line' id='line_1_48' title="bbox 2187 2210 3749 2282; baseline -0.003 -17"><span class='ocrx_word' id='word_1_340' title='bbox 2187 2214 2288 2282; x_wconf 76' lang='grc' dir='ltr'>γῆς</span> <span class='ocrx_word' id='word_1_341' title='bbox 2324 2213 2433 2265; x_wconf 78' lang='grc' dir='ltr'>τῶν</span> <span class='ocrx_word' id='word_1_342' title='bbox 2468 2211 2633 2265; x_wconf 79' lang='grc' dir='ltr'>αὑτοῦ</span> <span class='ocrx_word' id='word_1_343' title='bbox 2670 2212 3098 2281; x_wconf 77' lang='grc' dir='ltr'>θεσπισμάτων,</span> <span class='ocrx_word' id='word_1_344' title='bbox 3131 2211 3277 2264; x_wconf 77' lang='grc' dir='ltr'>οὕτω</span> <span class='ocrx_word' id='word_1_345' title='bbox 3314 2210 3569 2275; x_wconf 80' lang='grc' dir='ltr'>καθάπαξ</span> <span class='ocrx_word' id='word_1_346' title='bbox 3603 2211 3749 2263; x_wconf 82' lang='grc' dir='ltr'>πᾶσιν</span> 
     </span>
    </p>
   </div>
   <div class='ocr_carea' id='block_1_49' title="bbox 2188 2300 3749 2376">
    <p class='ocr_par' dir='ltr' id='par_1_49' title="bbox 2188 2300 3749 2376">
     <span class='ocr_line' id='line_1_49' title="bbox 2188 2300 3749 2376; baseline -0.003 -19"><span class='ocrx_word' id='word_1_347' title='bbox 2188 2305 2396 2369; x_wconf 83' lang='grc' dir='ltr'>ἐδόκει,</span> <span class='ocrx_word' id='word_1_348' title='bbox 2439 2306 2533 2357; x_wconf 66' lang='grc' dir='ltr'><strong>κα)⁸</strong></span> <span class='ocrx_word' id='word_1_349' title='bbox 2576 2305 2780 2364; x_wconf 80' lang='grc' dir='ltr'>πάντες</span> <span class='ocrx_word' id='word_1_350' title='bbox 2824 2305 2905 2368; x_wconf 82' lang='grc' dir='ltr'><strong>είς</strong></span> <span class='ocrx_word' id='word_1_351' title='bbox 2954 2304 3118 2357; x_wconf 72' lang='grc' dir='ltr'>αὑτὸν</span> <span class='ocrx_word' id='word_1_352' title='bbox 3157 2303 3351 2376; x_wconf 79' lang='grc' dir='ltr'>ὥσπερ</span> <span class='ocrx_word' id='word_1_353' title='bbox 3395 2300 3749 2375; x_wconf 77' lang='grc' dir='ltr'>ἀρχέτυπονῆ</span> 
     </span>
    </p>
   </div>
   <div class='ocr_carea' id='block_1_50' title="bbox 2186 2393 3752 2468">
    <p class='ocr_par' dir='ltr' id='par_1_50' title="bbox 2186 2393 3752 2468">
     <span class='ocr_line' id='line_1_50' title="bbox 2186 2393 3752 2468; baseline -0.004 -17"><span class='ocrx_word' id='word_1_354' title='bbox 2186 2398 2544 2468; x_wconf 78' lang='grc' dir='ltr'>ὁρμητήριον,</span> <span class='ocrx_word' id='word_1_355' title='bbox 2572 2396 2605 2465; x_wconf 77' lang='grc' dir='ltr'>ἦ</span> <span class='ocrx_word' id='word_1_356' title='bbox 2635 2396 2824 2449; x_wconf 79' lang='grc' dir='ltr'>ἑστίαν</span> <span class='ocrx_word' id='word_1_357' title='bbox 2852 2394 3018 2449; x_wconf 87' lang='grc' dir='ltr'><strong>καλοῦ</strong></span> <span class='ocrx_word' id='word_1_358' title='bbox 3051 2396 3252 2458; x_wconf 84' lang='grc' dir='ltr'>παντὸς</span> <span class='ocrx_word' id='word_1_359' title='bbox 3288 2396 3555 2467; x_wconf 79' lang='grc' dir='ltr'><strong>ἀφεώρων</strong></span> <span class='ocrx_word' id='word_1_360' title='bbox 3577 2409 3591 2425; x_wconf 74' lang='grc' dir='ltr'><strong>ο</strong></span> <span class='ocrx_word' id='word_1_361' title='bbox 3619 2393 3752 2464; x_wconf 87' lang='grc' dir='ltr'>νομί-</span> 
     </span>
    </p>
   </div>
   <div class='ocr_carea' id='block_1_51' title="bbox 2187 2488 3747 2559">
    <p class='ocr_par' dir='ltr' id='par_1_51' title="bbox 2187 2488 3747 2559">
     <span class='ocr_line' id='line_1_51' title="bbox 2187 2488 3747 2559; baseline -0.001 -19"><span class='ocrx_word' id='word_1_362' title='bbox 2187 2490 2371 2553; x_wconf 76' lang='grc' dir='ltr'>ζοντες</span> <span class='ocrx_word' id='word_1_363' title='bbox 2410 2488 2535 2550; x_wconf 83' lang='grc' dir='ltr'>τοὺς</span> <span class='ocrx_word' id='word_1_364' title='bbox 2577 2488 2743 2541; x_wconf 78' lang='grc' dir='ltr'>αὐτοῦ</span> <span class='ocrx_word' id='word_1_365' title='bbox 2783 2488 3001 2557; x_wconf 77' lang='grc' dir='ltr'>λόγους,</span> <span class='ocrx_word' id='word_1_366' title='bbox 3041 2490 3142 2543; x_wconf 72' lang='grc' dir='ltr'>οὒκ</span> <span class='ocrx_word' id='word_1_367' title='bbox 3184 2489 3479 2559; x_wconf 86' lang='grc' dir='ltr'>ἀνθρώπου</span> <span class='ocrx_word' id='word_1_368' title='bbox 3523 2489 3584 2557; x_wconf 76' lang='grc' dir='ltr'>δή</span> <span class='ocrx_word' id='word_1_369' title='bbox 3622 2503 3747 2548; x_wconf 84' lang='grc' dir='ltr'>τινος</span> 
     </span>
    </p>
   </div>
   <div class='ocr_carea' id='block_1_52' title="bbox 2185 2576 3750 2647">
    <p class='ocr_par' dir='ltr' id='par_1_52' title="bbox 2185 2576 3750 2647">
     <span class='ocr_line' id='line_1_52' title="bbox 2185 2576 3750 2647; baseline -0.003 -17"><span class='ocrx_word' id='word_1_370' title='bbox 2185 2578 2402 2647; x_wconf 82' lang='grc' dir='ltr'>λόγους,</span> <span class='ocrx_word' id='word_1_371' title='bbox 2436 2579 2571 2631; x_wconf 84' lang='grc' dir='ltr'><strong>ἀλλά</strong></span> <span class='ocrx_word' id='word_1_372' title='bbox 2602 2577 2922 2646; x_wconf 80' lang='grc' dir='ltr'>θαυμαστάς</span> <span class='ocrx_word' id='word_1_373' title='bbox 2952 2595 3105 2641; x_wconf 87' lang='grc' dir='ltr'>τινας</span> <span class='ocrx_word' id='word_1_374' title='bbox 3135 2579 3447 2645; x_wconf 73' lang='grc' dir='ltr'>ἀποφάσεις</span> <span class='ocrx_word' id='word_1_375' title='bbox 3476 2576 3628 2639; x_wconf 72' lang='grc' dir='ltr'>Θεοῦ,</span> <span class='ocrx_word' id='word_1_376' title='bbox 3662 2590 3750 2643; x_wconf 77' lang='grc' dir='ltr'>μη-</span> 
     </span>
    </p>
   </div>
   <div class='ocr_carea' id='block_1_53' title="bbox 2185 2666 3750 2741">
    <p class='ocr_par' dir='ltr' id='par_1_53' title="bbox 2185 2666 3750 2741">
     <span class='ocr_line' id='line_1_53' title="bbox 2185 2666 3750 2741; baseline -0.006 -16"><span class='ocrx_word' id='word_1_377' title='bbox 2185 2671 2465 2740; x_wconf 78' lang='grc' dir='ltr'>δηντινοῦν</span> <span class='ocrx_word' id='word_1_378' title='bbox 2490 2670 2791 2741; x_wconf 80' lang='grc' dir='ltr'>δεχομένας</span> <span class='ocrx_word' id='word_1_379' title='bbox 2823 2671 3134 2738; x_wconf 67' lang='grc' dir='ltr'>ἀντίφασιν.</span> <span class='ocrx_word' id='word_1_380' title='bbox 3168 2671 3276 2722; x_wconf 71' lang='grc' dir='ltr'><strong>Καὶ</strong></span> <span class='ocrx_word' id='word_1_381' title='bbox 3310 2672 3520 2738; x_wconf 72' lang='grc' dir='ltr'>προσῆν</span> <span class='ocrx_word' id='word_1_382' title='bbox 3543 2669 3601 2720; x_wconf 76' lang='grc' dir='ltr'><strong>τὸ</strong></span> <span class='ocrx_word' id='word_1_383' title='bbox 3625 2666 3750 2717; x_wconf 73' lang='lat' dir='ltr'><strong>situl-</strong></span> 
     </span>
    </p>
   </div>
   <div class='ocr_carea' id='block_1_54' title="bbox 2185 2758 3739 2832">
    <p class='ocr_par' dir='ltr' id='par_1_54' title="bbox 2185 2758 3739 2832">
     <span class='ocr_line' id='line_1_54' title="bbox 2185 2758 3739 2832; baseline -0.003 -19"><span class='ocrx_word' id='word_1_384' title='bbox 2185 2778 2293 2823; x_wconf 86' lang='grc' dir='ltr'><strong>τως</strong></span> <span class='ocrx_word' id='word_1_385' title='bbox 2328 2762 2422 2814; x_wconf 80' lang='grc' dir='ltr'>καὶ</span> <span class='ocrx_word' id='word_1_386' title='bbox 2460 2762 2596 2831; x_wconf 82' lang='grc' dir='ltr'><strong>μετά</strong></span> <span class='ocrx_word' id='word_1_387' title='bbox 2631 2763 2812 2831; x_wconf 83' lang='grc' dir='ltr'>πάσης</span> <span class='ocrx_word' id='word_1_388' title='bbox 2846 2763 3094 2832; x_wconf 80' lang='grc' dir='ltr'><strong>ἀνάγκης</strong></span> <span class='ocrx_word' id='word_1_389' title='bbox 3118 2778 3132 2792; x_wconf 90' lang='grc'><strong>·</strong></span> <span class='ocrx_word' id='word_1_390' title='bbox 3160 2761 3225 2813; x_wconf 76' lang='grc' dir='ltr'><strong>τὸ</strong></span> <span class='ocrx_word' id='word_1_391' title='bbox 3295 2763 3404 2832; x_wconf 84' lang='grc' dir='ltr'>γὰρ</span> <span class='ocrx_word' id='word_1_392' title='bbox 3436 2760 3472 2814; x_wconf 79' lang='grc' dir='ltr'><strong>ἀ</strong></span> <span class='ocrx_word' id='word_1_393' title='bbox 3503 2758 3739 2828; x_wconf 75' lang='grc' dir='ltr'>παρῄνει,</span> 
     </span>
    </p>
   </div>
   <div class='ocr_carea' id='block_1_55' title="bbox 2185 2852 3740 2924">
    <p class='ocr_par' dir='ltr' id='par_1_55' title="bbox 2185 2852 3740 2924">
     <span class='ocr_line' id='line_1_55' title="bbox 2185 2852 3740 2924; baseline -0.003 -19"><span class='ocrx_word' id='word_1_394' title='bbox 2185 2852 2337 2906; x_wconf 77' lang='grc' dir='ltr'>ταῦτ’</span> <span class='ocrx_word' id='word_1_395' title='bbox 2361 2856 2524 2907; x_wconf 73' lang='grc' dir='ltr'>αὐτὸν</span> <span class='ocrx_word' id='word_1_396' title='bbox 2558 2853 2774 2924; x_wconf 81' lang='grc' dir='ltr'>πρῶτον</span> <span class='ocrx_word' id='word_1_397' title='bbox 2804 2855 2944 2924; x_wconf 79' lang='grc' dir='ltr'>μετὰ</span> <span class='ocrx_word' id='word_1_398' title='bbox 2977 2854 3178 2908; x_wconf 85' lang='grc' dir='ltr'>πολλοῦ</span> <span class='ocrx_word' id='word_1_399' title='bbox 3212 2855 3308 2907; x_wconf 82' lang='grc' dir='ltr'><strong>τοῦ</strong></span> <span class='ocrx_word' id='word_1_400' title='bbox 3345 2856 3619 2923; x_wconf 83' lang='grc' dir='ltr'>περιόντος</span> <span class='ocrx_word' id='word_1_401' title='bbox 3647 2852 3740 2918; x_wconf 82' lang='grc' dir='ltr'>είρ·</span> 
     </span>
    </p>
   </div>
   <div class='ocr_carea' id='block_1_56' title="bbox 2187 2942 3746 3017">
    <p class='ocr_par' dir='ltr' id='par_1_56' title="bbox 2187 2942 3746 3017">
     <span class='ocr_line' id='line_1_56' title="bbox 2187 2942 3746 3017; baseline -0.003 -19"><span class='ocrx_word' id='word_1_402' title='bbox 2187 2946 2388 3015; x_wconf 79' lang='grc' dir='ltr'>γάσθαι</span> <span class='ocrx_word' id='word_1_403' title='bbox 2416 2948 2512 3001; x_wconf 70' lang='grc' dir='ltr'><strong>καὶ</strong></span> <span class='ocrx_word' id='word_1_404' title='bbox 2539 2948 2925 3017; x_wconf 76' lang='grc' dir='ltr'><strong>φθεγγομένην</strong></span> <span class='ocrx_word' id='word_1_405' title='bbox 2950 2944 3093 3001; x_wconf 75' lang='grc' dir='ltr'>εἶναι</span> <span class='ocrx_word' id='word_1_406' title='bbox 3119 2948 3217 3000; x_wconf 79' lang='grc' dir='ltr'>καὶ</span> <span class='ocrx_word' id='word_1_407' title='bbox 3250 2948 3548 3001; x_wconf 76' lang='grc' dir='ltr'>σιωπῶσαν</span> <span class='ocrx_word' id='word_1_408' title='bbox 3573 2942 3746 3013; x_wconf 83' lang='grc' dir='ltr'>παραί-</span> 
     </span>
    </p>
   </div>
   <div class='ocr_carea' id='block_1_57' title="bbox 2186 3034 3744 3110">
    <p class='ocr_par' dir='ltr' id='par_1_57' title="bbox 2186 3034 3744 3110">
     <span class='ocr_line' id='line_1_57' title="bbox 2186 3034 3744 3110; baseline -0.003 -20"><span class='ocrx_word' id='word_1_409' title='bbox 2186 3054 2353 3102; x_wconf 85' lang='grc' dir='ltr'>νεσιν,</span> <span class='ocrx_word' id='word_1_410' title='bbox 2381 3039 2642 3107; x_wconf 84' lang='grc' dir='ltr'>μέγιστον</span> <span class='ocrx_word' id='word_1_411' title='bbox 2681 3034 2749 3110; x_wconf 81' lang='grc' dir='ltr'><strong>ἦν</strong></span> <span class='ocrx_word' id='word_1_412' title='bbox 2788 3040 2935 3109; x_wconf 80' lang='grc' dir='ltr'>αὐτῷ</span> <span class='ocrx_word' id='word_1_413' title='bbox 2983 3040 3121 3109; x_wconf 83' lang='grc' dir='ltr'>πρὸς</span> <span class='ocrx_word' id='word_1_414' title='bbox 3171 3038 3234 3092; x_wconf 78' lang='grc' dir='ltr'>τὺ</span> <span class='ocrx_word' id='word_1_415' title='bbox 3280 3040 3524 3104; x_wconf 77' lang='grc' dir='ltr'>πείθειν,</span> <span class='ocrx_word' id='word_1_416' title='bbox 3565 3042 3650 3090; x_wconf 72' lang='grc' dir='ltr'>καὶ</span> <span class='ocrx_word' id='word_1_417' title='bbox 3687 3034 3744 3087; x_wconf 81' lang='grc' dir='ltr'>δι’</span> 
     </span>
    </p>
   </div>
   <div class='ocr_carea' id='block_1_58' title="bbox 2186 3126 3746 3201">
    <p class='ocr_par' dir='ltr' id='par_1_58' title="bbox 2186 3126 3746 3201">
     <span class='ocr_line' id='line_1_58' title="bbox 2186 3126 3746 3201; baseline -0.004 -19"><span class='ocrx_word' id='word_1_418' title='bbox 2186 3129 2436 3201; x_wconf 80' lang='grc' dir='ltr'>ἀνάγκης</span> <span class='ocrx_word' id='word_1_419' title='bbox 2477 3130 2783 3185; x_wconf 78' lang='grc' dir='ltr'>ὲθελουσίου</span> <span class='ocrx_word' id='word_1_420' title='bbox 2824 3131 3033 3195; x_wconf 80' lang='grc' dir='ltr'>πάντας</span> <span class='ocrx_word' id='word_1_421' title='bbox 3073 3131 3394 3201; x_wconf 79' lang='grc' dir='ltr'>χειροῦσθαι</span> <span class='ocrx_word' id='word_1_422' title='bbox 3419 3169 3434 3194; x_wconf 90' lang='grc'><strong>,</strong></span> <span class='ocrx_word' id='word_1_423' title='bbox 3466 3131 3527 3181; x_wconf 84' lang='grc' dir='ltr'>οὐ</span> <span class='ocrx_word' id='word_1_424' title='bbox 3569 3126 3746 3198; x_wconf 71' lang='grc' dir='ltr'>μᾶλλον</span> 
     </span>
    </p>
   </div>
   <div class='ocr_carea' id='block_1_59' title="bbox 501 3216 2082 3296">
    <p class='ocr_par' dir='ltr' id='par_1_59' title="bbox 501 3216 2082 3291">
     <span class='ocr_line' id='line_1_59' title="bbox 501 3216 2082 3291; baseline -0.004 -13"><span class='ocrx_word' id='word_1_425' title='bbox 501 3232 616 3278; x_wconf 90' lang='lat' dir='ltr'><strong>tum</strong></span> <span class='ocrx_word' id='word_1_426' title='bbox 652 3223 811 3277; x_wconf 80' lang='lat' dir='ltr'><strong>tacita</strong></span> <span class='ocrx_word' id='word_1_427' title='bbox 845 3222 1090 3291; x_wconf 69' lang='lat' dir='ltr'><strong>quaedam</strong></span> <span class='ocrx_word' id='word_1_428' title='bbox 1133 3219 1466 3281; x_wconf 82' lang='lat' dir='ltr'><strong>exhortatio,</strong></span> <span class='ocrx_word' id='word_1_429' title='bbox 1518 3218 1569 3272; x_wconf 89' lang='lat' dir='ltr'><strong>id</strong></span> <span class='ocrx_word' id='word_1_430' title='bbox 1622 3216 1697 3271; x_wconf 90' lang='lat' dir='ltr'><strong>illi</strong></span> <span class='ocrx_word' id='word_1_431' title='bbox 1736 3218 1971 3272; x_wconf 74' lang='lat' dir='ltr'><strong>maximo</strong></span> <span class='ocrx_word' id='word_1_432' title='bbox 2017 3218 2082 3273; x_wconf 90' lang='lat' dir='ltr'><strong>ad</strong></span> 
     </span>
    </p>
   </div>
   <div class='ocr_carea' id='block_1_60' title="bbox 2187 3216 3747 3296">
    <p class='ocr_par' dir='ltr' id='par_1_60' title="bbox 2192 3221 3747 3294">
     <span class='ocr_line' id='line_1_60' title="bbox 2192 3221 3747 3294; baseline -0.002 -22"><span class='ocrx_word' id='word_1_433' title='bbox 2192 3221 2361 3289; x_wconf 64' lang='grc' dir='ltr'>ἡδέως</span> <span class='ocrx_word' id='word_1_434' title='bbox 2395 3221 2546 3292; x_wconf 72' lang='grc' dir='ltr'>αὐτῷ</span> <span class='ocrx_word' id='word_1_435' title='bbox 2579 3221 3041 3293; x_wconf 81' lang='grc' dir='ltr'>προσχωροῦντας</span> <span class='ocrx_word' id='word_1_436' title='bbox 3064 3262 3078 3287; x_wconf 93' lang='grc'><strong>,</strong></span> <span class='ocrx_word' id='word_1_437' title='bbox 3111 3223 3143 3294; x_wconf 77' lang='grc' dir='ltr'><strong>ἥ</strong></span> <span class='ocrx_word' id='word_1_438' title='bbox 3180 3223 3364 3292; x_wconf 74' lang='grc' dir='ltr'>ἀηδῶς</span> <span class='ocrx_word' id='word_1_439' title='bbox 3401 3221 3747 3274; x_wconf 79' lang='grc' dir='ltr'>ἀπαλλάττον·</span> 
     </span>
    </p>
   </div>
   <div class='ocr_carea' id='block_1_61' title="bbox 499 3310 1334 3385">
    <p class='ocr_par' dir='ltr' id='par_1_61' title="bbox 499 3310 1334 3385">
     <span class='ocr_line' id='line_1_61' title="bbox 499 3310 1334 3385; baseline -0.006 -17"><span class='ocrx_word' id='word_1_440' title='bbox 499 3314 933 3385; x_wconf 84' lang='lat' dir='ltr'><strong>persuadendum</strong></span> <span class='ocrx_word' id='word_1_441' title='bbox 994 3310 1334 3380; x_wconf 89' lang='lat' dir='ltr'><strong>adjumento,</strong></span> 
     </span>
    </p>
   </div>
   <div class='ocr_carea' id='block_1_62' title="bbox 497 3586 2085 3656">
    <p class='ocr_par' dir='ltr' id='par_1_62' title="bbox 497 3586 2085 3656">
     <span class='ocr_line' id='line_1_62' title="bbox 497 3586 2085 3656; baseline -0.004 -12"><span class='ocrx_word' id='word_1_442' title='bbox 497 3590 792 3652; x_wconf 81' lang='lat' dir='ltr'><strong>cederent,</strong></span> <span class='ocrx_word' id='word_1_443' title='bbox 833 3596 927 3641; x_wconf 82' lang='lat' dir='ltr'><strong>aut</strong></span> <span class='ocrx_word' id='word_1_444' title='bbox 977 3586 1163 3642; x_wconf 76' lang='lat' dir='ltr'><strong>verius</strong></span> <span class='ocrx_word' id='word_1_445' title='bbox 1188 3601 1275 3653; x_wconf 89' lang='lat' dir='ltr'><strong>eo,</strong></span> <span class='ocrx_word' id='word_1_446' title='bbox 1334 3590 1477 3656; x_wconf 81' lang='lat' dir='ltr'><strong>quod</strong></span> <span class='ocrx_word' id='word_1_447' title='bbox 1512 3587 1612 3639; x_wconf 90' lang='lat' dir='ltr'><strong>hoc</strong></span> <span class='ocrx_word' id='word_1_448' title='bbox 1637 3594 1911 3654; x_wconf 83' lang='lat' dir='ltr'><strong>posterius</strong></span> <span class='ocrx_word' id='word_1_449' title='bbox 1940 3599 2085 3653; x_wconf 75' lang='lat' dir='ltr'><strong>aegre</strong></span> 
     </span>
    </p>
   </div>
   <div class='ocr_carea' id='block_1_63' title="bbox 1419 3308 2086 3377">
    <p class='ocr_par' dir='ltr' id='par_1_63' title="bbox 1419 3308 2086 3377">
     <span class='ocr_line' id='line_1_63' title="bbox 1419 3308 2086 3377; baseline -0.003 -13"><span class='ocrx_word' id='word_1_450' title='bbox 1419 3323 1722 3377; x_wconf 85' lang='lat' dir='ltr'><strong>omnesque</strong></span> <span class='ocrx_word' id='word_1_451' title='bbox 1777 3308 2086 3363; x_wconf 81' lang='lat' dir='ltr'><strong>voluntaria</strong></span> 
     </span>
    </p>
   </div>
   <div class='ocr_carea' id='block_1_64' title="bbox 500 3400 2087 3471">
    <p class='ocr_par' dir='ltr' id='par_1_64' title="bbox 500 3400 2087 3471">
     <span class='ocr_line' id='line_1_64' title="bbox 500 3400 2087 3471; baseline -0.004 -12"><span class='ocrx_word' id='word_1_452' title='bbox 500 3405 830 3460; x_wconf 86' lang='lat' dir='ltr'><strong>necessitate</strong></span> <span class='ocrx_word' id='word_1_453' title='bbox 865 3403 1341 3469; x_wconf 72' lang='lat' dir='ltr'><strong>constringendos,</strong></span> <span class='ocrx_word' id='word_1_454' title='bbox 1380 3400 1479 3456; x_wconf 78' lang='lat' dir='ltr'><strong>fuit</strong></span> <span class='ocrx_word' id='word_1_455' title='bbox 1515 3400 1712 3471; x_wconf 87' lang='lat' dir='ltr'><strong>quippe</strong></span> <span class='ocrx_word' id='word_1_456' title='bbox 1736 3401 1826 3470; x_wconf 89' lang='lat' dir='ltr'><strong>qui</strong></span> <span class='ocrx_word' id='word_1_457' title='bbox 1868 3416 1973 3454; x_wconf 89' lang='lat' dir='ltr'><strong>non</strong></span> <span class='ocrx_word' id='word_1_458' title='bbox 2000 3402 2087 3469; x_wconf 90' lang='lat' dir='ltr'><strong>ju-</strong></span> 
     </span>
    </p>
   </div>
   <div class='ocr_carea' id='block_1_65' title="bbox 498 3495 2087 3561">
    <p class='ocr_par' dir='ltr' id='par_1_65' title="bbox 498 3495 2087 3561">
     <span class='ocr_line' id='line_1_65' title="bbox 498 3495 2087 3561; baseline -0.002 -10"><span class='ocrx_word' id='word_1_459' title='bbox 498 3498 729 3551; x_wconf 89' lang='lat' dir='ltr'><strong>cundius</strong></span> <span class='ocrx_word' id='word_1_460' title='bbox 755 3495 823 3550; x_wconf 91' lang='lat' dir='ltr'><strong>ad</strong></span> <span class='ocrx_word' id='word_1_461' title='bbox 849 3495 1122 3550; x_wconf 83' lang='lat' dir='ltr'><strong>hominem</strong></span> <span class='ocrx_word' id='word_1_462' title='bbox 1165 3495 1517 3559; x_wconf 76' lang='lat' dir='ltr'><strong>ventitarent,</strong></span> <span class='ocrx_word' id='word_1_463' title='bbox 1556 3509 1716 3561; x_wconf 88' lang='lat' dir='ltr'><strong>quam</strong></span> <span class='ocrx_word' id='word_1_464' title='bbox 1750 3495 1949 3556; x_wconf 63' lang='lat' dir='ltr'><strong>maritis</strong></span> <span class='ocrx_word' id='word_1_465' title='bbox 1976 3495 2087 3548; x_wconf 80' lang='lat' dir='ltr'><strong>dis-</strong></span> 
     </span>
    </p>
   </div>
   <div class='ocr_carea' id='block_1_66' title="bbox 2191 3307 3749 3382">
    <p class='ocr_par' dir='ltr' id='par_1_66' title="bbox 2191 3307 3749 3382">
     <span class='ocr_line' id='line_1_66' title="bbox 2191 3307 3749 3382; baseline -0.002 -20"><span class='ocrx_word' id='word_1_466' title='bbox 2191 3325 2293 3373; x_wconf 84' lang='grc' dir='ltr'><strong>τας</strong></span> <span class='ocrx_word' id='word_1_467' title='bbox 2320 3327 2335 3342; x_wconf 77' lang='grc' dir='ltr'><strong><em>ο</em></strong></span> <span class='ocrx_word' id='word_1_468' title='bbox 2369 3310 2574 3380; x_wconf 81' lang='grc' dir='ltr'>μᾶλλον</span> <span class='ocrx_word' id='word_1_469' title='bbox 2601 3311 2656 3364; x_wconf 80' lang='grc' dir='ltr'>δὲ</span> <span class='ocrx_word' id='word_1_470' title='bbox 2688 3307 2770 3373; x_wconf 74' lang='grc' dir='ltr'>οἷς</span> <span class='ocrx_word' id='word_1_471' title='bbox 2798 3313 3078 3381; x_wconf 81' lang='grc' dir='ltr'>δυσχερῶς</span> <span class='ocrx_word' id='word_1_472' title='bbox 3105 3312 3243 3382; x_wconf 77' lang='grc' dir='ltr'>πρὸς</span> <span class='ocrx_word' id='word_1_473' title='bbox 3269 3311 3415 3366; x_wconf 82' lang='grc' dir='ltr'>τοῦτ’</span> <span class='ocrx_word' id='word_1_474' title='bbox 3441 3307 3602 3381; x_wconf 81' lang='grc' dir='ltr'>εἶχον,</span> <span class='ocrx_word' id='word_1_475' title='bbox 3629 3322 3749 3378; x_wconf 83' lang='grc' dir='ltr'>μαρ-</span> 
     </span>
    </p>
   </div>
   <div class='ocr_carea' id='block_1_67' title="bbox 2193 3401 3745 3476">
    <p class='ocr_par' dir='ltr' id='par_1_67' title="bbox 2193 3401 3745 3476">
     <span class='ocr_line' id='line_1_67' title="bbox 2193 3401 3745 3476; baseline 0 -22"><span class='ocrx_word' id='word_1_476' title='bbox 2193 3401 2485 3472; x_wconf 79' lang='grc' dir='ltr'>τυροῦντες</span> <span class='ocrx_word' id='word_1_477' title='bbox 2509 3419 2650 3474; x_wconf 88' lang='grc' dir='ltr'>ησαν</span> <span class='ocrx_word' id='word_1_478' title='bbox 2672 3404 2934 3473; x_wconf 67' lang='grc' dir='ltr'>ἑκάτερα,</span> <span class='ocrx_word' id='word_1_479' title='bbox 2963 3407 3188 3457; x_wconf 82' lang='grc' dir='ltr'>κάκεῖνο</span> <span class='ocrx_word' id='word_1_480' title='bbox 3216 3405 3351 3476; x_wconf 76' lang='grc' dir='ltr'>περὶ</span> <span class='ocrx_word' id='word_1_481' title='bbox 3379 3404 3616 3465; x_wconf 86' lang='grc' dir='ltr'>πλείονος</span> <span class='ocrx_word' id='word_1_482' title='bbox 3642 3403 3745 3453; x_wconf 75' lang='grc' dir='ltr'>ὅτου</span> 
     </span>
    </p>
   </div>
   <div class='ocr_carea' id='block_1_68' title="bbox 2193 3494 3745 3570">
    <p class='ocr_par' dir='ltr' id='par_1_68' title="bbox 2193 3494 3745 3570">
     <span class='ocr_line' id='line_1_68' title="bbox 2193 3494 3745 3570; baseline 0.001 -23"><span class='ocrx_word' id='word_1_483' title='bbox 2193 3495 2276 3557; x_wconf 87' lang='grc' dir='ltr'><strong>τίς</strong></span> <span class='ocrx_word' id='word_1_484' title='bbox 2308 3494 2374 3549; x_wconf 81' lang='grc' dir='ltr'><strong>ἂν</strong></span> <span class='ocrx_word' id='word_1_485' title='bbox 2407 3496 2549 3549; x_wconf 83' lang='grc' dir='ltr'>εῐποι</span> <span class='ocrx_word' id='word_1_486' title='bbox 2587 3498 2895 3550; x_wconf 81' lang='grc' dir='ltr'><strong>ποιεῖσθαι⁹</strong></span> <span class='ocrx_word' id='word_1_487' title='bbox 2934 3498 3027 3551; x_wconf 73' lang='grc' dir='ltr'>καὶ</span> <span class='ocrx_word' id='word_1_488' title='bbox 3062 3498 3224 3552; x_wconf 79' lang='grc' dir='ltr'>τοῦτο</span> <span class='ocrx_word' id='word_1_489' title='bbox 3273 3499 3632 3570; x_wconf 78' lang='grc' dir='ltr'>διαφερόντως</span> <span class='ocrx_word' id='word_1_490' title='bbox 3670 3507 3745 3563; x_wconf 78' lang='grc' dir='ltr'>μιο</span> 
     </span>
    </p>
   </div>
   <div class='ocr_carea' id='block_1_69' title="bbox 2196 3586 3388 3660">
    <p class='ocr_par' dir='ltr' id='par_1_69' title="bbox 2196 3586 3388 3660">
     <span class='ocr_line' id='line_1_69' title="bbox 2196 3586 3388 3660; baseline 0.004 -21"><span class='ocrx_word' id='word_1_491' title='bbox 2196 3588 2331 3649; x_wconf 86' lang='grc' dir='ltr'>σεῖν,</span> <span class='ocrx_word' id='word_1_492' title='bbox 2362 3586 2449 3639; x_wconf 70' lang='grc' dir='ltr'>διὰ</span> <span class='ocrx_word' id='word_1_493' title='bbox 2480 3587 2579 3658; x_wconf 76' lang='grc' dir='ltr'>τὴν</span> <span class='ocrx_word' id='word_1_494' title='bbox 2609 3588 2748 3659; x_wconf 78' lang='grc' dir='ltr'>πρὸς</span> <span class='ocrx_word' id='word_1_495' title='bbox 2778 3591 2956 3642; x_wconf 75' lang='grc' dir='ltr'>ἐκεῖνο</span> <span class='ocrx_word' id='word_1_496' title='bbox 2985 3590 3388 3660; x_wconf 79' lang='grc' dir='ltr'>προσπάθειαν.</span> 
     </span>
    </p>
   </div>
   <div class='ocr_carea' id='block_1_70' title="bbox 498 3679 3747 3756">
    <p class='ocr_par' dir='ltr' id='par_1_70' title="bbox 498 3679 3747 3756">
     <span class='ocr_line' id='line_1_70' title="bbox 498 3679 3747 3756; baseline 0 -18"><span class='ocrx_word' id='word_1_497' title='bbox 498 3684 768 3750; x_wconf 77' lang='lat' dir='ltr'><strong>ferebant,</strong></span> <span class='ocrx_word' id='word_1_498' title='bbox 809 3693 1100 3753; x_wconf 89' lang='lat' dir='ltr'><strong>utrumque</strong></span> <span class='ocrx_word' id='word_1_499' title='bbox 1137 3682 1575 3753; x_wconf 84' lang='lat' dir='ltr'><strong>comprobarent,</strong></span> <span class='ocrx_word' id='word_1_500' title='bbox 1630 3682 1891 3736; x_wconf 89' lang='lat' dir='ltr'><strong>nimirum</strong></span> <span class='ocrx_word' id='word_1_501' title='bbox 1925 3684 2070 3751; x_wconf 88' lang='lat' dir='ltr'><strong>quod</strong></span> <span class='ocrx_word' id='word_1_502' title='bbox 2108 3692 2165 3738; x_wconf 85' lang='lat' dir='ltr'><strong>et</strong></span> <span class='ocrx_word' id='word_1_503' title='bbox 2193 3683 2320 3737; x_wconf 88' lang='lat' dir='ltr'><strong>illud</strong></span> <span class='ocrx_word' id='word_1_504' title='bbox 2358 3684 2507 3753; x_wconf 88' lang='lat' dir='ltr'><strong>prius</strong></span> <span class='ocrx_word' id='word_1_505' title='bbox 2533 3685 2724 3755; x_wconf 86' lang='lat' dir='ltr'><strong>pluris,</strong></span> <span class='ocrx_word' id='word_1_506' title='bbox 2783 3700 2943 3755; x_wconf 76' lang='lat' dir='ltr'><strong>quam</strong></span> <span class='ocrx_word' id='word_1_507' title='bbox 3024 3686 3286 3756; x_wconf 84' lang='lat' dir='ltr'><strong>quidquid</strong></span> <span class='ocrx_word' id='word_1_508' title='bbox 3341 3685 3540 3741; x_wconf 80' lang='lat' dir='ltr'><strong>dixerit</strong></span> <span class='ocrx_word' id='word_1_509' title='bbox 3617 3679 3747 3751; x_wconf 59' lang='lat' dir='ltr'><strong>quite</strong></span> 
     </span>
    </p>
   </div>
   <div class='ocr_carea' id='block_1_71' title="bbox 500 3772 3037 3847">
    <p class='ocr_par' dir='ltr' id='par_1_71' title="bbox 500 3772 3037 3847">
     <span class='ocr_line' id='line_1_71' title="bbox 500 3772 3037 3847; baseline 0.002 -20"><span class='ocrx_word' id='word_1_510' title='bbox 500 3775 667 3845; x_wconf 79' lang='lat' dir='ltr'><strong>piant,</strong></span> <span class='ocrx_word' id='word_1_511' title='bbox 701 3773 982 3841; x_wconf 80' lang='lat' dir='ltr'><strong>facerent;</strong></span> <span class='ocrx_word' id='word_1_512' title='bbox 1027 3782 1083 3829; x_wconf 87' lang='lat' dir='ltr'><strong>et</strong></span> <span class='ocrx_word' id='word_1_513' title='bbox 1131 3775 1235 3829; x_wconf 90' lang='lat' dir='ltr'><strong>hoc</strong></span> <span class='ocrx_word' id='word_1_514' title='bbox 1286 3773 1557 3845; x_wconf 78' lang='lat' dir='ltr'><strong>posterius</strong></span> <span class='ocrx_word' id='word_1_515' title='bbox 1586 3772 1849 3843; x_wconf 83' lang='lat' dir='ltr'><strong>majorem</strong></span> <span class='ocrx_word' id='word_1_516' title='bbox 1884 3772 1937 3826; x_wconf 91' lang='lat' dir='ltr'><strong>in</strong></span> <span class='ocrx_word' id='word_1_517' title='bbox 1986 3773 2204 3828; x_wconf 88' lang='lat' dir='ltr'><strong>modum</strong></span> <span class='ocrx_word' id='word_1_518' title='bbox 2248 3776 2532 3843; x_wconf 78' lang='lat' dir='ltr'><strong>odissent,</strong></span> <span class='ocrx_word' id='word_1_519' title='bbox 2590 3777 2710 3833; x_wconf 88' lang='lat' dir='ltr'><strong>ideo</strong></span> <span class='ocrx_word' id='word_1_520' title='bbox 2762 3778 3037 3847; x_wconf 76' lang='lat' dir='ltr'><strong>videlicet,</strong></span> 
     </span>
    </p>
   </div>
   <div class='ocr_carea' id='block_1_72' title="bbox 498 3866 1241 3923">
    <p class='ocr_par' dir='ltr' id='par_1_72' title="bbox 498 3866 1241 3923">
     <span class='ocr_line' id='line_1_72' title="bbox 498 3866 1241 3923; baseline -0.003 -2"><span class='ocrx_word' id='word_1_521' title='bbox 498 3870 851 3923; x_wconf 81' lang='lat' dir='ltr'><strong>vehementer</strong></span> <span class='ocrx_word' id='word_1_522' title='bbox 876 3866 1241 3922; x_wconf 70' lang='lat' dir='ltr'><strong>adicerentur.</strong></span> 
     </span>
    </p>
   </div>
   <div class='ocr_carea' id='block_1_73' title="bbox 567 3959 2095 4029">
    <p class='ocr_par' dir='ltr' id='par_1_73' title="bbox 567 3959 2095 4029">
     <span class='ocr_line' id='line_1_73' title="bbox 567 3959 2095 4029; baseline 0.001 -15"><span class='ocrx_word' id='word_1_523' title='bbox 567 3959 705 4015; x_wconf 75' lang='lat' dir='ltr'><strong>CVI.</strong></span> <span class='ocrx_word' id='word_1_524' title='bbox 736 3960 1211 4015; x_wconf 81' lang='lat' dir='ltr'><strong>Verumenimvero</strong></span> <span class='ocrx_word' id='word_1_525' title='bbox 1261 3969 1473 4029; x_wconf 77' lang='lat' dir='ltr'><strong>tempus</strong></span> <span class='ocrx_word' id='word_1_526' title='bbox 1525 3974 1668 4013; x_wconf 90' lang='lat' dir='ltr'><strong>nunc</strong></span> <span class='ocrx_word' id='word_1_527' title='bbox 1730 3959 1944 4013; x_wconf 83' lang='lat' dir='ltr'><strong>tandem</strong></span> <span class='ocrx_word' id='word_1_528' title='bbox 1977 3959 2095 4015; x_wconf 88' lang='lat' dir='ltr'><strong>l&#39;ue-</strong></span> 
     </span>
    </p>
   </div>
   <div class='ocr_carea' id='block_1_74' title="bbox 504 4052 2088 4126">
    <p class='ocr_par' dir='ltr' id='par_1_74' title="bbox 504 4052 2088 4126">
     <span class='ocr_line' id='line_1_74' title="bbox 504 4052 2088 4126; baseline -0.003 -15"><span class='ocrx_word' id='word_1_529' title='bbox 504 4059 600 4121; x_wconf 88' lang='lat' dir='ltr'><strong>rit,</strong></span> <span class='ocrx_word' id='word_1_530' title='bbox 629 4066 740 4111; x_wconf 90' lang='lat' dir='ltr'><strong>tum</strong></span> <span class='ocrx_word' id='word_1_531' title='bbox 803 4054 961 4126; x_wconf 73' lang='lat' dir='ltr'><strong>legis,</strong></span> <span class='ocrx_word' id='word_1_532' title='bbox 1004 4068 1124 4122; x_wconf 72' lang='lat' dir='ltr'><strong>qua:</strong></span> <span class='ocrx_word' id='word_1_533' title='bbox 1185 4054 1270 4108; x_wconf 88' lang='lat' dir='ltr'><strong>his</strong></span> <span class='ocrx_word' id='word_1_534' title='bbox 1304 4055 1358 4108; x_wconf 91' lang='lat' dir='ltr'><strong>in</strong></span> <span class='ocrx_word' id='word_1_535' title='bbox 1408 4054 1573 4107; x_wconf 86' lang='lat' dir='ltr'><strong>rebus</strong></span> <span class='ocrx_word' id='word_1_536' title='bbox 1602 4052 1813 4122; x_wconf 89' lang='lat' dir='ltr'><strong>pridem</strong></span> <span class='ocrx_word' id='word_1_537' title='bbox 1860 4052 2088 4117; x_wconf 90' lang='lat' dir='ltr'><strong>obtinet,</strong></span> 
     </span>
    </p>
   </div>
   <div class='ocr_carea' id='block_1_75' title="bbox 3122 3774 3746 3850">
    <p class='ocr_par' dir='ltr' id='par_1_75' title="bbox 3122 3774 3746 3850">
     <span class='ocr_line' id='line_1_75' title="bbox 3122 3774 3746 3850; baseline -0.008 -18"><span class='ocrx_word' id='word_1_538' title='bbox 3122 3780 3382 3850; x_wconf 84' lang='lat' dir='ltr'><strong>quoniam</strong></span> <span class='ocrx_word' id='word_1_539' title='bbox 3448 3777 3541 3835; x_wconf 89' lang='lat' dir='ltr'><strong>illo</strong></span> <span class='ocrx_word' id='word_1_540' title='bbox 3599 3774 3746 3830; x_wconf 84' lang='lat' dir='ltr'><strong>altero</strong></span> 
     </span>
    </p>
   </div>
   <div class='ocr_carea' id='block_1_76' title="bbox 2266 3950 3749 4033">
    <p class='ocr_par' dir='ltr' id='par_1_76' title="bbox 2266 3950 3749 4033">
     <span class='ocr_line' id='line_1_76' title="bbox 2266 3950 3749 4033; baseline -0.005 -16"><span class='ocrx_word' id='word_1_541' title='bbox 2266 3964 2407 4031; x_wconf 71' lang='grc' dir='ltr'><strong>Ρςν.</strong></span> <span class='ocrx_word' id='word_1_542' title='bbox 2446 3962 2651 4027; x_wconf 79' lang='grc' dir='ltr'>Καιρδς</span> <span class='ocrx_word' id='word_1_543' title='bbox 2675 3961 2724 4016; x_wconf 88' lang='grc' dir='ltr'>δ’</span> <span class='ocrx_word' id='word_1_544' title='bbox 2746 3963 2812 4016; x_wconf 77' lang='grc' dir='ltr'>ἂν</span> <span class='ocrx_word' id='word_1_545' title='bbox 2833 3962 2919 4033; x_wconf 68' lang='grc' dir='ltr'>εἴη</span> <span class='ocrx_word' id='word_1_546' title='bbox 2951 3950 3157 4026; x_wconf 78' lang='grc' dir='ltr'>λοιπὸν,</span> <span class='ocrx_word' id='word_1_547' title='bbox 3186 3961 3278 4017; x_wconf 83' lang='grc' dir='ltr'><strong>διά</strong></span> <span class='ocrx_word' id='word_1_548' title='bbox 3310 3981 3369 4016; x_wconf 79' lang='grc' dir='ltr'><strong>τε</strong></span> <span class='ocrx_word' id='word_1_549' title='bbox 3393 3964 3483 4017; x_wconf 84' lang='grc' dir='ltr'>τὸν</span> <span class='ocrx_word' id='word_1_550' title='bbox 3520 3962 3607 4017; x_wconf 66' lang='grc' dir='ltr'><strong>ἐπὶ</strong></span> <span class='ocrx_word' id='word_1_551' title='bbox 3646 3956 3749 4011; x_wconf 76' lang='grc' dir='ltr'>τού·</span> 
     </span>
    </p>
   </div>
   <div class='ocr_carea' id='block_1_77' title="bbox 2193 4049 3749 4125">
    <p class='ocr_par' dir='ltr' id='par_1_77' title="bbox 2193 4049 3749 4125">
     <span class='ocr_line' id='line_1_77' title="bbox 2193 4049 3749 4125; baseline 0 -20"><span class='ocrx_word' id='word_1_552' title='bbox 2193 4069 2303 4115; x_wconf 89' lang='grc' dir='ltr'>τοις</span> <span class='ocrx_word' id='word_1_553' title='bbox 2335 4054 2436 4124; x_wconf 68' lang='grc' dir='ltr'>ἤδη</span> <span class='ocrx_word' id='word_1_554' title='bbox 2469 4054 2819 4125; x_wconf 86' lang='grc' dir='ltr'>κρατήσαντα</span> <span class='ocrx_word' id='word_1_555' title='bbox 2847 4055 3028 4124; x_wconf 88' lang='grc' dir='ltr'>νόμον,</span> <span class='ocrx_word' id='word_1_556' title='bbox 3057 4055 3150 4107; x_wconf 71' lang='grc' dir='ltr'><strong>καὶ</strong></span> <span class='ocrx_word' id='word_1_557' title='bbox 3177 4055 3237 4108; x_wconf 72' lang='grc' dir='ltr'>τὸ</span> <span class='ocrx_word' id='word_1_558' title='bbox 3261 4054 3331 4109; x_wconf 89' lang='grc' dir='ltr'><strong>τά</strong></span> <span class='ocrx_word' id='word_1_559' title='bbox 3361 4054 3603 4122; x_wconf 83' lang='grc' dir='ltr'>βέλτιστα</span> <span class='ocrx_word' id='word_1_560' title='bbox 3632 4049 3749 4121; x_wconf 82' lang='grc' dir='ltr'>χρῆ·</span> 
     </span>
    </p>
   </div>
   <div class='ocr_carea' id='block_1_78' title="bbox 500 4139 2082 4215">
    <p class='ocr_par' dir='ltr' id='par_1_78' title="bbox 500 4139 2082 4213">
     <span class='ocr_line' id='line_1_78' title="bbox 500 4139 2082 4213; baseline -0.003 -13"><span class='ocrx_word' id='word_1_561' title='bbox 500 4161 686 4213; x_wconf 83' lang='lat' dir='ltr'><strong>causa,</strong></span> <span class='ocrx_word' id='word_1_562' title='bbox 744 4153 871 4199; x_wconf 69' lang='lat' dir='ltr'><strong>tum&#39;</strong></span> <span class='ocrx_word' id='word_1_563' title='bbox 909 4143 1053 4211; x_wconf 86' lang='lat' dir='ltr'><strong>quod</strong></span> <span class='ocrx_word' id='word_1_564' title='bbox 1092 4141 1296 4211; x_wconf 81' lang='lat' dir='ltr'><strong>Optima</strong></span> <span class='ocrx_word' id='word_1_565' title='bbox 1324 4140 1487 4195; x_wconf 86' lang='lat' dir='ltr'><strong>etiam</strong></span> <span class='ocrx_word' id='word_1_566' title='bbox 1512 4139 1811 4207; x_wconf 59' lang='lat' dir='ltr'><strong>sepissime</strong></span> <span class='ocrx_word' id='word_1_567' title='bbox 1836 4153 1967 4194; x_wconf 88' lang='lat' dir='ltr'><strong>sane</strong></span> <span class='ocrx_word' id='word_1_568' title='bbox 1996 4140 2082 4194; x_wconf 85' lang='lat' dir='ltr'><strong>ite-</strong></span> 
     </span>
    </p>
   </div>
   <div class='ocr_carea' id='block_1_79' title="bbox 2187 4139 3746 4215">
    <p class='ocr_par' dir='ltr' id='par_1_79' title="bbox 2191 4139 3746 4215">
     <span class='ocr_line' id='line_1_79' title="bbox 2191 4139 3746 4215; baseline -0.005 -18"><span class='ocrx_word' id='word_1_569' title='bbox 2191 4160 2277 4197; x_wconf 88' lang='grc' dir='ltr'><strong>ναι</strong></span> <span class='ocrx_word' id='word_1_570' title='bbox 2313 4145 2410 4197; x_wconf 74' lang='grc' dir='ltr'>καὶ</span> <span class='ocrx_word' id='word_1_571' title='bbox 2443 4147 2584 4211; x_wconf 75' lang='grc' dir='ltr'>πάνυ</span> <span class='ocrx_word' id='word_1_572' title='bbox 2614 4161 2698 4199; x_wconf 84' lang='grc' dir='ltr'><strong>τοι</strong></span> <span class='ocrx_word' id='word_1_573' title='bbox 2744 4145 3005 4210; x_wconf 79' lang='grc' dir='ltr'>πολλάκις</span> <span class='ocrx_word' id='word_1_574' title='bbox 3038 4146 3311 4215; x_wconf 80' lang='grc' dir='ltr'>είρῆσθαι,</span> <span class='ocrx_word' id='word_1_575' title='bbox 3348 4141 3423 4199; x_wconf 83' lang='grc' dir='ltr'><strong>ὧν</strong></span> <span class='ocrx_word' id='word_1_576' title='bbox 3453 4147 3538 4199; x_wconf 80' lang='grc' dir='ltr'>διὰ</span> <span class='ocrx_word' id='word_1_577' title='bbox 3588 4139 3746 4195; x_wconf 79' lang='grc' dir='ltr'>πλειό-</span> 
     </span>
    </p>
   </div>
   <div class='ocr_carea' id='block_1_80' title="bbox 499 4229 2088 4305">
    <p class='ocr_par' dir='ltr' id='par_1_80' title="bbox 499 4229 2088 4305">
     <span class='ocr_line' id='line_1_80' title="bbox 499 4229 2088 4305; baseline -0.003 -12"><span class='ocrx_word' id='word_1_578' title='bbox 499 4238 668 4293; x_wconf 81' lang='lat' dir='ltr'><strong>randa</strong></span> <span class='ocrx_word' id='word_1_579' title='bbox 694 4244 842 4300; x_wconf 83' lang='lat' dir='ltr'><strong>sunt,</strong></span> <span class='ocrx_word' id='word_1_580' title='bbox 867 4249 992 4305; x_wconf 73' lang='lat' dir='ltr'><strong>quae</strong></span> <span class='ocrx_word' id='word_1_581' title='bbox 1010 4233 1256 4304; x_wconf 88' lang='lat' dir='ltr'><strong>pluribus</strong></span> <span class='ocrx_word' id='word_1_582' title='bbox 1280 4231 1441 4288; x_wconf 90' lang='lat' dir='ltr'><strong>modo</strong></span> <span class='ocrx_word' id='word_1_583' title='bbox 1466 4240 1892 4287; x_wconf 89' lang='lat' dir='ltr'><strong>commemorata</strong></span> <span class='ocrx_word' id='word_1_584' title='bbox 1912 4229 2088 4298; x_wconf 82' lang='lat' dir='ltr'><strong>fuere,</strong></span> 
     </span>
    </p>
   </div>
   <div class='ocr_carea' id='block_1_81' title="bbox 499 4322 2082 4394">
    <p class='ocr_par' dir='ltr' id='par_1_81' title="bbox 499 4322 2082 4394">
     <span class='ocr_line' id='line_1_81' title="bbox 499 4322 2082 4394; baseline -0.002 -11"><span class='ocrx_word' id='word_1_585' title='bbox 499 4330 692 4383; x_wconf 87' lang='lat' dir='ltr'><strong>eadem</strong></span> <span class='ocrx_word' id='word_1_586' title='bbox 724 4341 869 4382; x_wconf 84' lang='lat' dir='ltr'><strong>nunc</strong></span> <span class='ocrx_word' id='word_1_587' title='bbox 891 4330 1074 4381; x_wconf 88' lang='lat' dir='ltr'><strong>denuo</strong></span> <span class='ocrx_word' id='word_1_588' title='bbox 1097 4324 1331 4380; x_wconf 84' lang='lat' dir='ltr'><strong>orationi</strong></span> <span class='ocrx_word' id='word_1_589' title='bbox 1366 4323 1703 4394; x_wconf 81' lang='lat' dir='ltr'><strong>indulgendi,</strong></span> <span class='ocrx_word' id='word_1_590' title='bbox 1732 4322 2082 4391; x_wconf 82' lang='lat' dir='ltr'><strong>breviterque</strong></span> 
     </span>
    </p>
   </div>
   <div class='ocr_carea' id='block_1_82' title="bbox 497 4416 2078 4492">
    <p class='ocr_par' dir='ltr' id='par_1_82' title="bbox 497 4416 2078 4492">
     <span class='ocr_line' id='line_1_82' title="bbox 497 4416 2078 4492; baseline -0.001 -18"><span class='ocrx_word' id='word_1_591' title='bbox 497 4422 880 4492; x_wconf 88' lang='lat' dir='ltr'><strong>percurrendi.</strong></span> <span class='ocrx_word' id='word_1_592' title='bbox 915 4420 1115 4489; x_wconf 84' lang='lat' dir='ltr'><strong>Ecquis</strong></span> <span class='ocrx_word' id='word_1_593' title='bbox 1141 4417 1289 4473; x_wconf 88' lang='lat' dir='ltr'><strong>enim</strong></span> <span class='ocrx_word' id='word_1_594' title='bbox 1333 4431 1505 4487; x_wconf 87' lang='lat' dir='ltr'><strong>usque</strong></span> <span class='ocrx_word' id='word_1_595' title='bbox 1534 4416 1671 4472; x_wconf 84' lang='lat' dir='ltr'><strong>adeo</strong></span> <span class='ocrx_word' id='word_1_596' title='bbox 1722 4417 2078 4473; x_wconf 84' lang='lat' dir='ltr'><strong>admirabiles</strong></span> 
     </span>
    </p>
   </div>
   <div class='ocr_carea' id='block_1_83' title="bbox 498 4509 2076 4583">
    <p class='ocr_par' dir='ltr' id='par_1_83' title="bbox 498 4509 2076 4583">
     <span class='ocr_line' id='line_1_83' title="bbox 498 4509 2076 4583; baseline -0.004 -14"><span class='ocrx_word' id='word_1_597' title='bbox 498 4517 553 4569; x_wconf 89' lang='lat' dir='ltr'><strong>in</strong></span> <span class='ocrx_word' id='word_1_598' title='bbox 590 4513 759 4567; x_wconf 83' lang='lat' dir='ltr'><strong>vitam</strong></span> <span class='ocrx_word' id='word_1_599' title='bbox 788 4514 1070 4583; x_wconf 83' lang='lat' dir='ltr'><strong>ingressus</strong></span> <span class='ocrx_word' id='word_1_600' title='bbox 1102 4510 1316 4575; x_wconf 86' lang='lat' dir='ltr'><strong>habuit,</strong></span> <span class='ocrx_word' id='word_1_601' title='bbox 1356 4520 1414 4563; x_wconf 92' lang='lat' dir='ltr'><strong>ut</strong></span> <span class='ocrx_word' id='word_1_602' title='bbox 1444 4524 1551 4564; x_wconf 92' lang='lat' dir='ltr'><strong>non</strong></span> <span class='ocrx_word' id='word_1_603' title='bbox 1576 4510 1733 4563; x_wconf 89' lang='lat' dir='ltr'><strong>modo</strong></span> <span class='ocrx_word' id='word_1_604' title='bbox 1759 4509 2076 4579; x_wconf 86' lang='lat' dir='ltr'><strong>priusquam</strong></span> 
     </span>
    </p>
   </div>
   <div class='ocr_carea' id='block_1_84' title="bbox 496 4599 2077 4670">
    <p class='ocr_par' dir='ltr' id='par_1_84' title="bbox 496 4599 2077 4670">
     <span class='ocr_line' id='line_1_84' title="bbox 496 4599 2077 4670; baseline 0 -13"><span class='ocrx_word' id='word_1_605' title='bbox 496 4615 793 4670; x_wconf 80' lang='lat' dir='ltr'><strong>conceptus</strong></span> <span class='ocrx_word' id='word_1_606' title='bbox 819 4613 965 4657; x_wconf 87' lang='lat' dir='ltr'><strong>esset</strong></span> <span class='ocrx_word' id='word_1_607' title='bbox 998 4599 1111 4656; x_wconf 90' lang='lat' dir='ltr'><strong>Deo</strong></span> <span class='ocrx_word' id='word_1_608' title='bbox 1147 4600 1397 4670; x_wconf 83' lang='lat' dir='ltr'><strong>religiose</strong></span> <span class='ocrx_word' id='word_1_609' title='bbox 1428 4599 1792 4663; x_wconf 88' lang='lat' dir='ltr'><strong>dedicaretur,</strong></span> <span class='ocrx_word' id='word_1_610' title='bbox 1822 4602 1917 4656; x_wconf 89' lang='lat' dir='ltr'><strong>sed</strong></span> <span class='ocrx_word' id='word_1_611' title='bbox 1947 4616 2077 4657; x_wconf 81' lang='lat' dir='ltr'><strong>vero</strong></span> 
     </span>
    </p>
   </div>
   <div class='ocr_carea' id='block_1_85' title="bbox 494 4692 2077 4775">
    <p class='ocr_par' dir='ltr' id='par_1_85' title="bbox 494 4692 2077 4775">
     <span class='ocr_line' id='line_1_85' title="bbox 494 4692 2077 4775; baseline -0.001 -26"><span class='ocrx_word' id='word_1_612' title='bbox 494 4696 661 4749; x_wconf 82' lang='lat' dir='ltr'><strong>etiam</strong></span> <span class='ocrx_word' id='word_1_613' title='bbox 685 4705 840 4749; x_wconf 88' lang='lat' dir='ltr'><strong>ortus</strong></span> <span class='ocrx_word' id='word_1_614' title='bbox 871 4693 956 4749; x_wconf 91' lang='lat' dir='ltr'><strong>sui</strong></span> <span class='ocrx_word' id='word_1_615' title='bbox 998 4692 1250 4763; x_wconf 82' lang='lat' dir='ltr'><strong>angelum</strong></span> <span class='ocrx_word' id='word_1_616' title='bbox 1282 4692 1509 4747; x_wconf 85' lang='lat' dir='ltr'><strong>haberet</strong></span> <span class='ocrx_word' id='word_1_617' title='bbox 1540 4694 1865 4760; x_wconf 69' lang='lat' dir='ltr'><strong>praeeuntem,</strong></span> <span class='ocrx_word' id='word_1_618' title='bbox 1898 4693 2077 4775; x_wconf 79' lang='lat' dir='ltr'><strong>qualis</strong></span> 
     </span>
    </p>
   </div>
   <div class='ocr_carea' id='block_1_86' title="bbox 2189 4226 3745 4305">
    <p class='ocr_par' dir='ltr' id='par_1_86' title="bbox 2189 4226 3745 4305">
     <span class='ocr_line' id='line_1_86' title="bbox 2189 4226 3745 4305; baseline -0.001 -21"><span class='ocrx_word' id='word_1_619' title='bbox 2189 4249 2297 4286; x_wconf 86' lang='grc' dir='ltr'>νων</span> <span class='ocrx_word' id='word_1_620' title='bbox 2324 4234 2649 4305; x_wconf 72' lang='grc' dir='ltr'><strong>ἐμεμνήμην</strong></span> <span class='ocrx_word' id='word_1_621' title='bbox 2684 4235 2906 4304; x_wconf 81' lang='grc' dir='ltr'>ἀρτίως,</span> <span class='ocrx_word' id='word_1_622' title='bbox 2928 4234 3086 4288; x_wconf 78' lang='grc' dir='ltr'>ταῦτ’</span> <span class='ocrx_word' id='word_1_623' title='bbox 3113 4235 3219 4305; x_wconf 81' lang='grc' dir='ltr'>ἄρα</span> <span class='ocrx_word' id='word_1_624' title='bbox 3244 4236 3340 4289; x_wconf 72' lang='grc' dir='ltr'>καὶ</span> <span class='ocrx_word' id='word_1_625' title='bbox 3368 4236 3462 4288; x_wconf 70' lang='grc' dir='ltr'><strong>νῦν</strong></span> <span class='ocrx_word' id='word_1_626' title='bbox 3489 4232 3661 4286; x_wconf 80' lang='grc' dir='ltr'>δοῦναι</span> <span class='ocrx_word' id='word_1_627' title='bbox 3680 4226 3745 4295; x_wconf 84' lang='grc' dir='ltr'><strong>τῷ</strong></span> 
     </span>
    </p>
   </div>
   <div class='ocr_carea' id='block_1_87' title="bbox 2185 4322 3747 4396">
    <p class='ocr_par' dir='ltr' id='par_1_87' title="bbox 2185 4322 3747 4396">
     <span class='ocr_line' id='line_1_87' title="bbox 2185 4322 3747 4396; baseline -0.001 -20"><span class='ocrx_word' id='word_1_628' title='bbox 2185 4324 2350 4393; x_wconf 80' lang='grc' dir='ltr'>λόγῳ,</span> <span class='ocrx_word' id='word_1_629' title='bbox 2380 4326 2472 4377; x_wconf 70' lang='grc' dir='ltr'><strong>καὶ</strong></span> <span class='ocrx_word' id='word_1_630' title='bbox 2498 4324 2725 4377; x_wconf 76' lang='grc' dir='ltr'>διελθεῖν</span> <span class='ocrx_word' id='word_1_631' title='bbox 2756 4326 2815 4377; x_wconf 84' lang='grc' dir='ltr'><strong>ἑν</strong></span> <span class='ocrx_word' id='word_1_632' title='bbox 2843 4325 3055 4395; x_wconf 84' lang='grc' dir='ltr'>βραχεῖ.</span> <span class='ocrx_word' id='word_1_633' title='bbox 3089 4326 3185 4389; x_wconf 87' lang='grc' dir='ltr'><strong>Τίς</strong></span> <span class='ocrx_word' id='word_1_634' title='bbox 3216 4326 3317 4396; x_wconf 77' lang='grc' dir='ltr'><strong>μὲν</strong></span> <span class='ocrx_word' id='word_1_635' title='bbox 3345 4326 3454 4396; x_wconf 79' lang='grc' dir='ltr'>γὰρ</span> <span class='ocrx_word' id='word_1_636' title='bbox 3478 4327 3615 4378; x_wconf 76' lang='grc' dir='ltr'>οὕτω</span> <span class='ocrx_word' id='word_1_637' title='bbox 3634 4322 3747 4374; x_wconf 80' lang='grc' dir='ltr'>θαν-</span> 
     </span>
    </p>
   </div>
   <div class='ocr_carea' id='block_1_88' title="bbox 2193 4412 3744 4489">
    <p class='ocr_par' dir='ltr' id='par_1_88' title="bbox 2193 4412 3744 4489">
     <span class='ocr_line' id='line_1_88' title="bbox 2193 4412 3744 4489; baseline -0.002 -18"><span class='ocrx_word' id='word_1_638' title='bbox 2193 4418 2405 4487; x_wconf 88' lang='grc' dir='ltr'>μαστάς</span> <span class='ocrx_word' id='word_1_639' title='bbox 2432 4434 2589 4478; x_wconf 73' lang='grc' dir='ltr'>τινας</span> <span class='ocrx_word' id='word_1_640' title='bbox 2615 4416 2739 4488; x_wconf 71' lang='grc' dir='ltr'>ἔσχε</span> <span class='ocrx_word' id='word_1_641' title='bbox 2766 4418 2864 4481; x_wconf 76' lang='grc' dir='ltr'>τὰς</span> <span class='ocrx_word' id='word_1_642' title='bbox 2895 4420 2974 4483; x_wconf 82' lang='grc' dir='ltr'><strong>εἰς</strong></span> <span class='ocrx_word' id='word_1_643' title='bbox 2999 4419 3091 4472; x_wconf 78' lang='grc' dir='ltr'>τὸν</span> <span class='ocrx_word' id='word_1_644' title='bbox 3140 4418 3255 4488; x_wconf 85' lang='grc' dir='ltr'>βίον</span> <span class='ocrx_word' id='word_1_645' title='bbox 3279 4421 3561 4489; x_wconf 75' lang='grc' dir='ltr'>προόδους,</span> <span class='ocrx_word' id='word_1_646' title='bbox 3589 4417 3657 4475; x_wconf 72' lang='grc' dir='ltr'>ὡς</span> <span class='ocrx_word' id='word_1_647' title='bbox 3681 4412 3744 4481; x_wconf 82' lang='grc' dir='ltr'>μὴ</span> 
     </span>
    </p>
   </div>
   <div class='ocr_carea' id='block_1_89' title="bbox 2191 4504 3743 4581">
    <p class='ocr_par' dir='ltr' id='par_1_89' title="bbox 2191 4504 3743 4581">
     <span class='ocr_line' id='line_1_89' title="bbox 2191 4504 3743 4581; baseline 0 -19"><span class='ocrx_word' id='word_1_648' title='bbox 2191 4511 2348 4580; x_wconf 81' lang='grc' dir='ltr'>μόνον</span> <span class='ocrx_word' id='word_1_649' title='bbox 2374 4514 2501 4581; x_wconf 65' lang='grc' dir='ltr'>πρὶν</span> <span class='ocrx_word' id='word_1_650' title='bbox 2534 4511 2566 4581; x_wconf 77' lang='grc' dir='ltr'>ἢ</span> <span class='ocrx_word' id='word_1_651' title='bbox 2605 4510 2961 4579; x_wconf 73' lang='grc' dir='ltr'>συνειλῆφθαι</span> <span class='ocrx_word' id='word_1_652' title='bbox 2991 4509 3249 4579; x_wconf 80' lang='grc' dir='ltr'>ἀνάθημα</span> <span class='ocrx_word' id='word_1_653' title='bbox 3273 4510 3394 4581; x_wconf 86' lang='grc' dir='ltr'>Θεῷ</span> <span class='ocrx_word' id='word_1_654' title='bbox 3421 4504 3743 4578; x_wconf 72' lang='grc' dir='ltr'>γεγενῆσθαι.</span> 
     </span>
    </p>
   </div>
   <div class='ocr_carea' id='block_1_90' title="bbox 2187 4598 3745 4673">
    <p class='ocr_par' dir='ltr' id='par_1_90' title="bbox 2187 4598 3745 4673">
     <span class='ocr_line' id='line_1_90' title="bbox 2187 4598 3745 4673; baseline -0.003 -17"><span class='ocrx_word' id='word_1_655' title='bbox 2187 4603 2322 4656; x_wconf 84' lang='grc' dir='ltr'><strong>ἀλλά</strong></span> <span class='ocrx_word' id='word_1_656' title='bbox 2356 4602 2449 4655; x_wconf 87' lang='grc' dir='ltr'><strong>καί</strong></span> <span class='ocrx_word' id='word_1_657' title='bbox 2480 4604 2699 4672; x_wconf 76' lang='grc' dir='ltr'>κήρυκα</span> <span class='ocrx_word' id='word_1_658' title='bbox 2724 4604 2825 4673; x_wconf 82' lang='grc' dir='ltr'><strong>τῆς</strong></span> <span class='ocrx_word' id='word_1_659' title='bbox 2855 4603 3120 4670; x_wconf 81' lang='grc' dir='ltr'>γενέσεως</span> <span class='ocrx_word' id='word_1_660' title='bbox 3152 4602 3387 4670; x_wconf 77' lang='grc' dir='ltr'>ἄγγελον</span> <span class='ocrx_word' id='word_1_661' title='bbox 3409 4603 3570 4671; x_wconf 81' lang='grc' dir='ltr'>σχεῖν,</span> <span class='ocrx_word' id='word_1_662' title='bbox 3585 4598 3745 4652; x_wconf 76' lang='grc' dir='ltr'>ὁποῖος</span> 
     </span>
    </p>
   </div>
   <div class='ocr_carea' id='block_1_91' title="bbox 2186 4686 3748 4762">
    <p class='ocr_par' dir='ltr' id='par_1_91' title="bbox 2186 4686 3748 4762">
     <span class='ocr_line' id='line_1_91' title="bbox 2186 4686 3748 4762; baseline -0.004 -19"><span class='ocrx_word' id='word_1_663' title='bbox 2186 4690 2275 4761; x_wconf 83' lang='grc' dir='ltr'>ἀρ’</span> <span class='ocrx_word' id='word_1_664' title='bbox 2317 4691 2490 4744; x_wconf 73' lang='grc' dir='ltr'>ἔπειτ’</span> <span class='ocrx_word' id='word_1_665' title='bbox 2531 4692 2703 4758; x_wconf 77' lang='grc' dir='ltr'>ἔσται,</span> <span class='ocrx_word' id='word_1_666' title='bbox 2737 4695 2830 4746; x_wconf 73' lang='grc' dir='ltr'>καὶ</span> <span class='ocrx_word' id='word_1_667' title='bbox 2884 4694 3033 4751; x_wconf 77' lang='grc' dir='ltr'>ὅπως</span> <span class='ocrx_word' id='word_1_668' title='bbox 3092 4693 3233 4762; x_wconf 82' lang='grc' dir='ltr'>ὑπὲρ</span> <span class='ocrx_word' id='word_1_669' title='bbox 3294 4696 3501 4754; x_wconf 87' lang='grc' dir='ltr'>πάντας</span> <span class='ocrx_word' id='word_1_670' title='bbox 3550 4686 3748 4741; x_wconf 73' lang='grc' dir='ltr'>διαπάν·</span> 
     </span>
    </p>
   </div>
   <div class='ocr_carea' id='block_1_92' title="bbox 497 4776 2082 4857">
    <p class='ocr_par' dir='ltr' id='par_1_92' title="bbox 497 4786 2079 4857">
     <span class='ocr_line' id='line_1_92' title="bbox 497 4786 2079 4857; baseline 0.001 -19"><span class='ocrx_word' id='word_1_671' title='bbox 497 4797 850 4857; x_wconf 84' lang='lat' dir='ltr'><strong>qnantusque</strong></span> <span class='ocrx_word' id='word_1_672' title='bbox 873 4786 1220 4856; x_wconf 85' lang='lat' dir='ltr'><strong>postmodum</strong></span> <span class='ocrx_word' id='word_1_673' title='bbox 1244 4800 1532 4851; x_wconf 82' lang='lat' dir='ltr'><strong>evasurus,</strong></span> <span class='ocrx_word' id='word_1_674' title='bbox 1572 4795 1627 4839; x_wconf 90' lang='lat' dir='ltr'><strong>et</strong></span> <span class='ocrx_word' id='word_1_675' title='bbox 1651 4786 1792 4854; x_wconf 87' lang='lat' dir='ltr'><strong>quod</strong></span> <span class='ocrx_word' id='word_1_676' title='bbox 1824 4786 2079 4840; x_wconf 88' lang='lat' dir='ltr'><strong>omnibus</strong></span> 
     </span>
    </p>
   </div>
   <div class='ocr_carea' id='block_1_93' title="bbox 2187 4776 3741 4857">
    <p class='ocr_par' dir='ltr' id='par_1_93' title="bbox 2187 4776 3741 4857">
     <span class='ocr_line' id='line_1_93' title="bbox 2187 4776 3741 4857; baseline -0.005 -21"><span class='ocrx_word' id='word_1_677' title='bbox 2187 4800 2293 4838; x_wconf 85' lang='grc' dir='ltr'><strong>των</strong></span> <span class='ocrx_word' id='word_1_678' title='bbox 2327 4785 2620 4855; x_wconf 74' lang='grc' dir='ltr'>ἐκλάμψει,</span> <span class='ocrx_word' id='word_1_679' title='bbox 2658 4786 2931 4857; x_wconf 83' lang='grc' dir='ltr'>μηνύοντα</span> <span class='ocrx_word' id='word_1_680' title='bbox 2959 4787 3148 4855; x_wconf 83' lang='grc' dir='ltr'>σαφῶς</span> <span class='ocrx_word' id='word_1_681' title='bbox 3176 4788 3243 4857; x_wconf 75' lang='grc' dir='ltr'>τῇ</span> <span class='ocrx_word' id='word_1_682' title='bbox 3284 4786 3451 4857; x_wconf 89' lang='grc' dir='ltr'>μητρί</span> <span class='ocrx_word' id='word_1_683' title='bbox 3474 4783 3597 4848; x_wconf 79' lang='grc' dir='ltr'><strong>;¹Ι“ίς</strong></span> <span class='ocrx_word' id='word_1_684' title='bbox 3619 4778 3669 4831; x_wconf 65' lang='grc' dir='ltr'>δὲ</span> <span class='ocrx_word' id='word_1_685' title='bbox 3687 4776 3741 4824; x_wconf 72' lang='grc' dir='ltr'>τὰ</span> 
     </span>
    </p>
   </div>
   <div class='ocr_carea' id='block_1_94' title="bbox 497 4877 2079 4948">
    <p class='ocr_par' dir='ltr' id='par_1_94' title="bbox 497 4877 2079 4948">
     <span class='ocr_line' id='line_1_94' title="bbox 497 4877 2079 4948; baseline -0.001 -17"><span class='ocrx_word' id='word_1_686' title='bbox 497 4880 549 4931; x_wconf 89' lang='lat' dir='ltr'><strong>in</strong></span> <span class='ocrx_word' id='word_1_687' title='bbox 582 4879 761 4943; x_wconf 86' lang='lat' dir='ltr'><strong>rebus,</strong></span> <span class='ocrx_word' id='word_1_688' title='bbox 791 4879 952 4948; x_wconf 77' lang='lat' dir='ltr'><strong>longe</strong></span> <span class='ocrx_word' id='word_1_689' title='bbox 981 4886 1113 4931; x_wconf 90' lang='lat' dir='ltr'><strong>ante</strong></span> <span class='ocrx_word' id='word_1_690' title='bbox 1145 4878 1278 4931; x_wconf 89' lang='lat' dir='ltr'><strong>alios</strong></span> <span class='ocrx_word' id='word_1_691' title='bbox 1328 4877 1665 4931; x_wconf 85' lang='lat' dir='ltr'><strong>emicaturus</strong></span> <span class='ocrx_word' id='word_1_692' title='bbox 1694 4886 1859 4938; x_wconf 86' lang='lat' dir='ltr'><strong>esset,</strong></span> <span class='ocrx_word' id='word_1_693' title='bbox 1918 4877 2079 4930; x_wconf 89' lang='lat' dir='ltr'><strong>matri</strong></span> 
     </span>
    </p>
   </div>
   <div class='ocr_carea' id='block_1_95' title="bbox 499 4966 2080 5039">
    <p class='ocr_par' dir='ltr' id='par_1_95' title="bbox 499 4966 2080 5039">
     <span class='ocr_line' id='line_1_95' title="bbox 499 4966 2080 5039; baseline -0.001 -16"><span class='ocrx_word' id='word_1_694' title='bbox 499 4971 820 5039; x_wconf 71' lang='lat' dir='ltr'><strong>piattissitnc</strong></span> <span class='ocrx_word' id='word_1_695' title='bbox 874 4967 1295 5038; x_wconf 61' lang='lat' dir='ltr'><strong>jirmdicentettti</strong></span> <span class='ocrx_word' id='word_1_696' title='bbox 1346 4966 1481 5021; x_wconf 87' lang='lat' dir='ltr'><strong>Tum</strong></span> <span class='ocrx_word' id='word_1_697' title='bbox 1538 4969 1659 5037; x_wconf 90' lang='lat' dir='ltr'><strong>quis</strong></span> <span class='ocrx_word' id='word_1_698' title='bbox 1691 4970 1869 5036; x_wconf 88' lang='lat' dir='ltr'><strong>priora</strong></span> <span class='ocrx_word' id='word_1_699' title='bbox 1898 4980 2080 5037; x_wconf 71' lang='lat' dir='ltr'><strong>poste-</strong></span> 
     </span>
    </p>
   </div>
   <div class='ocr_carea' id='block_1_96' title="bbox 498 5059 2082 5128">
    <p class='ocr_par' dir='ltr' id='par_1_96' title="bbox 498 5059 2082 5128">
     <span class='ocr_line' id='line_1_96' title="bbox 498 5059 2082 5128; baseline 0 -16"><span class='ocrx_word' id='word_1_700' title='bbox 498 5060 736 5115; x_wconf 84' lang='lat' dir='ltr'><strong>rioribus</strong></span> <span class='ocrx_word' id='word_1_701' title='bbox 772 5059 827 5113; x_wconf 89' lang='lat' dir='ltr'><strong>in</strong></span> <span class='ocrx_word' id='word_1_702' title='bbox 878 5071 1081 5112; x_wconf 85' lang='lat' dir='ltr'><strong>tantum</strong></span> <span class='ocrx_word' id='word_1_703' title='bbox 1120 5059 1400 5128; x_wconf 70' lang='lat' dir='ltr'><strong>praeteriit,</strong></span> <span class='ocrx_word' id='word_1_704' title='bbox 1452 5069 1508 5111; x_wconf 89' lang='lat' dir='ltr'><strong>ut</strong></span> <span class='ocrx_word' id='word_1_705' title='bbox 1555 5060 1642 5112; x_wconf 87' lang='lat' dir='ltr'><strong>illa</strong></span> <span class='ocrx_word' id='word_1_706' title='bbox 1671 5076 1792 5113; x_wconf 87' lang='lat' dir='ltr'><strong>cum</strong></span> <span class='ocrx_word' id='word_1_707' title='bbox 1825 5059 1909 5113; x_wconf 86' lang='lat' dir='ltr'><strong>his</strong></span> <span class='ocrx_word' id='word_1_708' title='bbox 1935 5075 2082 5112; x_wconf 88' lang='lat' dir='ltr'><strong>com-</strong></span> 
     </span>
    </p>
   </div>
   <div class='ocr_carea' id='block_1_97' title="bbox 493 5150 2080 5221">
    <p class='ocr_par' dir='ltr' id='par_1_97' title="bbox 493 5150 2080 5221">
     <span class='ocr_line' id='line_1_97' title="bbox 493 5150 2080 5221; baseline 0 -16"><span class='ocrx_word' id='word_1_709' title='bbox 493 5160 680 5220; x_wconf 85' lang='lat' dir='ltr'><strong>parata</strong></span> <span class='ocrx_word' id='word_1_710' title='bbox 706 5165 874 5221; x_wconf 87' lang='lat' dir='ltr'><strong>prope</strong></span> <span class='ocrx_word' id='word_1_711' title='bbox 906 5150 1060 5203; x_wconf 84' lang='lat' dir='ltr'><strong>nihili</strong></span> <span class='ocrx_word' id='word_1_712' title='bbox 1125 5150 1255 5215; x_wconf 83' lang='lat' dir='ltr'><strong>sint,</strong></span> <span class='ocrx_word' id='word_1_713' title='bbox 1300 5150 1518 5219; x_wconf 84' lang='lat' dir='ltr'><strong>quando</strong></span> <span class='ocrx_word' id='word_1_714' title='bbox 1566 5151 1727 5214; x_wconf 83' lang='lat' dir='ltr'><strong>adeo,</strong></span> <span class='ocrx_word' id='word_1_715' title='bbox 1764 5154 1907 5220; x_wconf 84' lang='lat' dir='ltr'><strong>quod</strong></span> <span class='ocrx_word' id='word_1_716' title='bbox 1950 5165 2080 5220; x_wconf 87' lang='lat' dir='ltr'><strong>pro-</strong></span> 
     </span>
    </p>
   </div>
   <div class='ocr_carea' id='block_1_98' title="bbox 496 5243 2079 5312">
    <p class='ocr_par' dir='ltr' id='par_1_98' title="bbox 496 5243 2079 5312">
     <span class='ocr_line' id='line_1_98' title="bbox 496 5243 2079 5312; baseline 0.001 -16"><span class='ocrx_word' id='word_1_717' title='bbox 496 5244 686 5299; x_wconf 68' lang='lat' dir='ltr'><strong>tei-hi0</strong></span> <span class='ocrx_word' id='word_1_718' title='bbox 749 5244 923 5305; x_wconf 91' lang='lat' dir='ltr'><strong>aiunt,</strong></span> <span class='ocrx_word' id='word_1_719' title='bbox 987 5252 1252 5311; x_wconf 67' lang='lat' dir='ltr'><strong>prmstant</strong></span> <span class='ocrx_word' id='word_1_720' title='bbox 1301 5243 1628 5312; x_wconf 87' lang='lat' dir='ltr'><strong>posteriora,</strong></span> <span class='ocrx_word' id='word_1_721' title='bbox 1674 5251 1728 5296; x_wconf 90' lang='lat' dir='ltr'><strong>et</strong></span> <span class='ocrx_word' id='word_1_722' title='bbox 1794 5243 2079 5312; x_wconf 83' lang='lat' dir='ltr'><strong>plusquam</strong></span> 
     </span>
    </p>
   </div>
   <div class='ocr_carea' id='block_1_99' title="bbox 493 5334 2075 5404">
    <p class='ocr_par' dir='ltr' id='par_1_99' title="bbox 493 5334 2075 5404">
     <span class='ocr_line' id='line_1_99' title="bbox 493 5334 2075 5404; baseline -0.001 -16"><span class='ocrx_word' id='word_1_723' title='bbox 493 5338 787 5404; x_wconf 71' lang='lat' dir='ltr'><strong>praestant?</strong></span> <span class='ocrx_word' id='word_1_724' title='bbox 815 5336 901 5389; x_wconf 87' lang='lat' dir='ltr'><strong>cui</strong></span> <span class='ocrx_word' id='word_1_725' title='bbox 926 5337 1055 5389; x_wconf 83' lang='lat' dir='ltr'><strong>item</strong></span> <span class='ocrx_word' id='word_1_726' title='bbox 1079 5336 1145 5388; x_wconf 87' lang='lat' dir='ltr'><strong>ad</strong></span> <span class='ocrx_word' id='word_1_727' title='bbox 1174 5344 1403 5402; x_wconf 87' lang='lat' dir='ltr'><strong>utraque</strong></span> <span class='ocrx_word' id='word_1_728' title='bbox 1431 5334 1531 5389; x_wconf 88' lang='lat' dir='ltr'><strong>hac</strong></span> <span class='ocrx_word' id='word_1_729' title='bbox 1556 5349 1611 5388; x_wconf 87' lang='lat' dir='ltr'><strong>re</strong></span> <span class='ocrx_word' id='word_1_730' title='bbox 1641 5334 1813 5403; x_wconf 84' lang='lat' dir='ltr'><strong>major</strong></span> <span class='ocrx_word' id='word_1_731' title='bbox 1837 5349 2075 5404; x_wconf 87' lang='lat' dir='ltr'><strong>unquam</strong></span> 
     </span>
    </p>
   </div>
   <div class='ocr_carea' id='block_1_100' title="bbox 490 5424 2079 5496">
    <p class='ocr_par' dir='ltr' id='par_1_100' title="bbox 490 5424 2079 5496">
     <span class='ocr_line' id='line_1_100' title="bbox 490 5424 2079 5496; baseline -0.002 -15"><span class='ocrx_word' id='word_1_732' title='bbox 490 5429 677 5494; x_wconf 62' lang='lat' dir='ltr'><strong>gloriae</strong></span> <span class='ocrx_word' id='word_1_733' title='bbox 709 5431 967 5481; x_wconf 84' lang='lat' dir='ltr'><strong>materies</strong></span> <span class='ocrx_word' id='word_1_734' title='bbox 1009 5432 1356 5496; x_wconf 80' lang='lat' dir='ltr'><strong>suppetebat,</strong></span> <span class='ocrx_word' id='word_1_735' title='bbox 1397 5424 1561 5479; x_wconf 87' lang='lat' dir='ltr'><strong>etiam</strong></span> <span class='ocrx_word' id='word_1_736' title='bbox 1597 5440 1704 5490; x_wconf 69' lang='lat' dir='ltr'><strong>pra:</strong></span> <span class='ocrx_word' id='word_1_737' title='bbox 1756 5424 1824 5477; x_wconf 90' lang='lat' dir='ltr'><strong>iis</strong></span> <span class='ocrx_word' id='word_1_738' title='bbox 1868 5426 1959 5493; x_wconf 91' lang='lat' dir='ltr'><strong>qni</strong></span> <span class='ocrx_word' id='word_1_739' title='bbox 2011 5425 2079 5478; x_wconf 88' lang='lat' dir='ltr'><strong>de</strong></span> 
     </span>
    </p>
   </div>
   <div class='ocr_carea' id='block_1_101' title="bbox 491 5513 2077 5587">
    <p class='ocr_par' dir='ltr' id='par_1_101' title="bbox 491 5513 2077 5587">
     <span class='ocr_line' id='line_1_101' title="bbox 491 5513 2077 5587; baseline -0.001 -18"><span class='ocrx_word' id='word_1_740' title='bbox 491 5524 756 5573; x_wconf 80' lang='lat' dir='ltr'><strong>alterutra</strong></span> <span class='ocrx_word' id='word_1_741' title='bbox 807 5535 869 5573; x_wconf 85' lang='lat' dir='ltr'><strong>se</strong></span> <span class='ocrx_word' id='word_1_742' title='bbox 894 5517 1150 5587; x_wconf 78' lang='lat' dir='ltr'><strong>jactant‘l</strong></span> <span class='ocrx_word' id='word_1_743' title='bbox 1213 5517 1385 5570; x_wconf 86' lang='lat' dir='ltr'><strong>Porro</strong></span> <span class='ocrx_word' id='word_1_744' title='bbox 1410 5516 1534 5586; x_wconf 90' lang='lat' dir='ltr'><strong>quis</strong></span> <span class='ocrx_word' id='word_1_745' title='bbox 1581 5514 1653 5569; x_wconf 88' lang='lat' dir='ltr'><strong>ita</strong></span> <span class='ocrx_word' id='word_1_746' title='bbox 1688 5513 2077 5569; x_wconf 62' lang='lat' dir='ltr'><strong>convenienter</strong></span> 
     </span>
    </p>
   </div>
   <div class='ocr_carea' id='block_1_102' title="bbox 493 5607 2081 5678">
    <p class='ocr_par' dir='ltr' id='par_1_102' title="bbox 493 5607 2081 5678">
     <span class='ocr_line' id='line_1_102' title="bbox 493 5607 2081 5678; baseline -0.001 -16"><span class='ocrx_word' id='word_1_747' title='bbox 493 5613 726 5678; x_wconf 82' lang='lat' dir='ltr'><strong>propriis</strong></span> <span class='ocrx_word' id='word_1_748' title='bbox 758 5611 915 5666; x_wconf 87' lang='lat' dir='ltr'><strong>bonis</strong></span> <span class='ocrx_word' id='word_1_749' title='bbox 949 5612 1083 5676; x_wconf 85' lang='lat' dir='ltr'><strong>suis,</strong></span> <span class='ocrx_word' id='word_1_750' title='bbox 1150 5610 1381 5678; x_wconf 86' lang='lat' dir='ltr'><strong>patriam</strong></span> <span class='ocrx_word' id='word_1_751' title='bbox 1429 5607 1589 5661; x_wconf 88' lang='lat' dir='ltr'><strong>simul</strong></span> <span class='ocrx_word' id='word_1_752' title='bbox 1631 5617 1795 5677; x_wconf 88' lang='lat' dir='ltr'><strong>atque</strong></span> <span class='ocrx_word' id='word_1_753' title='bbox 1829 5617 2081 5675; x_wconf 84' lang='lat' dir='ltr'><strong>parentes</strong></span> 
     </span>
    </p>
   </div>
   <div class='ocr_carea' id='block_1_103' title="bbox 494 5699 2084 5772">
    <p class='ocr_par' dir='ltr' id='par_1_103' title="bbox 494 5699 2084 5772">
     <span class='ocr_line' id='line_1_103' title="bbox 494 5699 2084 5772; baseline 0 -20"><span class='ocrx_word' id='word_1_754' title='bbox 494 5703 725 5756; x_wconf 76' lang='lat' dir='ltr'><strong>sortitus</strong></span> <span class='ocrx_word' id='word_1_755' title='bbox 754 5702 894 5755; x_wconf 70' lang='lat' dir='ltr'><strong>fuit?</strong></span> <span class='ocrx_word' id='word_1_756' title='bbox 927 5711 1180 5772; x_wconf 79' lang='lat' dir='ltr'><strong>parentes</strong></span> <span class='ocrx_word' id='word_1_757' title='bbox 1198 5700 1481 5761; x_wconf 78' lang='lat' dir='ltr'><strong>nimirum,</strong></span> <span class='ocrx_word' id='word_1_758' title='bbox 1507 5699 1787 5765; x_wconf 77' lang='lat' dir='ltr'><strong>omnihUs,</strong></span> <span class='ocrx_word' id='word_1_759' title='bbox 1820 5708 2084 5768; x_wconf 86' lang='lat' dir='ltr'><strong>quotquot</strong></span> 
     </span>
    </p>
   </div>
   <div class='ocr_carea' id='block_1_104' title="bbox 566 5873 1553 5937">
    <p class='ocr_par' dir='ltr' id='par_1_104' title="bbox 566 5873 1553 5937">
     <span class='ocr_line' id='line_1_104' title="bbox 566 5873 1553 5937; baseline -0.003 -8"><span class='ocrx_word' id='word_1_760' title='bbox 566 5874 612 5929; x_wconf 70' lang='lat' dir='ltr'><strong>tl</strong></span> <span class='ocrx_word' id='word_1_761' title='bbox 635 5875 675 5927; x_wconf 69' lang='grc' dir='ltr'><strong>ἱ)</strong></span> <span class='ocrx_word' id='word_1_762' title='bbox 717 5876 900 5932; x_wconf 73' lang='grc' dir='ltr'>Ἑπτὰ</span> <span class='ocrx_word' id='word_1_763' title='bbox 929 5876 1027 5931; x_wconf 78' lang='grc' dir='ltr'><strong>ἐπὶ</strong></span> <span class='ocrx_word' id='word_1_764' title='bbox 1058 5874 1297 5937; x_wconf 73' lang='grc' dir='ltr'>Θήϐαις.</span> <span class='ocrx_word' id='word_1_765' title='bbox 1334 5873 1399 5929; x_wconf 77' lang='grc' dir='ltr'>γ.</span> <span class='ocrx_word' id='word_1_766' title='bbox 1432 5873 1553 5927; x_wconf 73' lang='lat' dir='ltr'><strong>M7.</strong></span> 
     </span>
    </p>
   </div>
   <div class='ocr_carea' id='block_1_105' title="bbox 2185 4863 3736 4946">
    <p class='ocr_par' dir='ltr' id='par_1_105' title="bbox 2185 4863 3736 4946">
     <span class='ocr_line' id='line_1_105' title="bbox 2185 4863 3736 4946; baseline -0.005 -20"><span class='ocrx_word' id='word_1_767' title='bbox 2185 4873 2422 4943; x_wconf 76' lang='grc' dir='ltr'>πρόσθεν</span> <span class='ocrx_word' id='word_1_768' title='bbox 2449 4883 2560 4936; x_wconf 73' lang='grc' dir='ltr'>τοῖς</span> <span class='ocrx_word' id='word_1_769' title='bbox 2587 4876 2784 4945; x_wconf 78' lang='grc' dir='ltr'>ἐφεξῆς</span> <span class='ocrx_word' id='word_1_770' title='bbox 2814 4875 2958 4930; x_wconf 75' lang='grc' dir='ltr'>οὕτω</span> <span class='ocrx_word' id='word_1_771' title='bbox 2990 4876 3291 4946; x_wconf 75' lang='grc' dir='ltr'>παρῆλθεν,</span> <span class='ocrx_word' id='word_1_772' title='bbox 3317 4877 3392 4941; x_wconf 83' lang='grc' dir='ltr'>ὡς</span> <span class='ocrx_word' id='word_1_773' title='bbox 3417 4875 3597 4927; x_wconf 80' lang='grc' dir='ltr'>εἵνεκα</span> <span class='ocrx_word' id='word_1_774' title='bbox 3630 4863 3736 4919; x_wconf 81' lang='grc' dir='ltr'>τού-</span> 
     </span>
    </p>
   </div>
   <div class='ocr_carea' id='block_1_106' title="bbox 2181 4960 3740 5039">
    <p class='ocr_par' dir='ltr' id='par_1_106' title="bbox 2181 4960 3740 5039">
     <span class='ocr_line' id='line_1_106' title="bbox 2181 4960 3740 5039; baseline -0.006 -19"><span class='ocrx_word' id='word_1_775' title='bbox 2181 4982 2291 5019; x_wconf 85' lang='grc' dir='ltr'><strong>των</strong></span> <span class='ocrx_word' id='word_1_776' title='bbox 2322 4967 2487 5036; x_wconf 79' lang='grc' dir='ltr'>μηδὲν</span> <span class='ocrx_word' id='word_1_777' title='bbox 2515 4967 2682 5021; x_wconf 75' lang='grc' dir='ltr'>ὄντων</span> <span class='ocrx_word' id='word_1_778' title='bbox 2706 4969 2951 5033; x_wconf 71' lang='grc' dir='ltr'>ἐκείνων,</span> <span class='ocrx_word' id='word_1_779' title='bbox 2978 4970 3252 5038; x_wconf 77' lang='grc' dir='ltr'>δευτέρων</span> <span class='ocrx_word' id='word_1_780' title='bbox 3285 4970 3448 5039; x_wconf 81' lang='grc' dir='ltr'>φασὶν</span> <span class='ocrx_word' id='word_1_781' title='bbox 3470 4960 3740 5032; x_wconf 78' lang='grc' dir='ltr'>ἀμεινόνων</span> 
     </span>
    </p>
   </div>
   <div class='ocr_carea' id='block_1_107' title="bbox 2183 5047 3738 5128">
    <p class='ocr_par' dir='ltr' id='par_1_107' title="bbox 2183 5047 3738 5128">
     <span class='ocr_line' id='line_1_107' title="bbox 2183 5047 3738 5128; baseline -0.003 -20"><span class='ocrx_word' id='word_1_782' title='bbox 2183 5058 2278 5108; x_wconf 75' lang='grc' dir='ltr'>καὶ</span> <span class='ocrx_word' id='word_1_783' title='bbox 2308 5057 2388 5109; x_wconf 77' lang='grc' dir='ltr'>ἔτι</span> <span class='ocrx_word' id='word_1_784' title='bbox 2448 5074 2510 5125; x_wconf 89' lang='grc' dir='ltr'><strong>γε</strong></span> <span class='ocrx_word' id='word_1_785' title='bbox 2557 5059 2691 5127; x_wconf 72' lang='grc' dir='ltr'>πρὸς</span> <span class='ocrx_word' id='word_1_786' title='bbox 2750 5060 2856 5112; x_wconf 88' lang='grc' dir='ltr'>τίνι</span> <span class='ocrx_word' id='word_1_787' title='bbox 2915 5059 2960 5112; x_wconf 77' lang='grc' dir='ltr'>δ’</span> <span class='ocrx_word' id='word_1_788' title='bbox 3006 5061 3065 5115; x_wconf 74' lang='grc' dir='ltr'><strong>ἐν</strong></span> <span class='ocrx_word' id='word_1_789' title='bbox 3121 5060 3403 5128; x_wconf 75' lang='grc' dir='ltr'>ἑκατέροις</span> <span class='ocrx_word' id='word_1_790' title='bbox 3462 5047 3738 5117; x_wconf 77' lang='grc' dir='ltr'>εὐδοκιμεῖν</span> 
     </span>
    </p>
   </div>
   <div class='ocr_carea' id='block_1_108' title="bbox 2186 5135 3738 5221">
    <p class='ocr_par' dir='ltr' id='par_1_108' title="bbox 2186 5135 3738 5221">
     <span class='ocr_line' id='line_1_108' title="bbox 2186 5135 3738 5221; baseline 0 -20"><span class='ocrx_word' id='word_1_791' title='bbox 2186 5148 2395 5218; x_wconf 73' lang='grc' dir='ltr'>μᾶλλον</span> <span class='ocrx_word' id='word_1_792' title='bbox 2442 5150 2653 5220; x_wconf 76' lang='grc' dir='ltr'>ὑπῆρξε</span> <span class='ocrx_word' id='word_1_793' title='bbox 2675 5150 2785 5205; x_wconf 84' lang='grc' dir='ltr'><strong>τῶν</strong></span> <span class='ocrx_word' id='word_1_794' title='bbox 2837 5151 3048 5221; x_wconf 79' lang='grc' dir='ltr'>θατέρῳ</span> <span class='ocrx_word' id='word_1_795' title='bbox 3105 5150 3546 5220; x_wconf 59' lang='grc' dir='ltr'>σεμνυωμέμων.</span> <span class='ocrx_word' id='word_1_796' title='bbox 3575 5142 3661 5202; x_wconf 80' lang='grc' dir='ltr'>Τίς</span> <span class='ocrx_word' id='word_1_797' title='bbox 3689 5135 3738 5188; x_wconf 54' lang='grc' dir='ltr'><strong>δὲ</strong></span> 
     </span>
    </p>
   </div>
   <div class='ocr_carea' id='block_1_109' title="bbox 2186 5236 3736 5316">
    <p class='ocr_par' dir='ltr' id='par_1_109' title="bbox 2186 5236 3736 5316">
     <span class='ocr_line' id='line_1_109' title="bbox 2186 5236 3736 5316; baseline 0.003 -21"><span class='ocrx_word' id='word_1_798' title='bbox 2186 5247 2296 5306; x_wconf 81' lang='grc' dir='ltr'>τοῖς</span> <span class='ocrx_word' id='word_1_799' title='bbox 2331 5243 2591 5314; x_wconf 82' lang='grc' dir='ltr'>προσοῦσι</span> <span class='ocrx_word' id='word_1_800' title='bbox 2629 5245 2815 5309; x_wconf 79' lang='grc' dir='ltr'>καλοῖς</span> <span class='ocrx_word' id='word_1_801' title='bbox 2845 5247 2939 5299; x_wconf 77' lang='grc' dir='ltr'>καὶ</span> <span class='ocrx_word' id='word_1_802' title='bbox 2968 5245 3320 5316; x_wconf 78' lang='grc' dir='ltr'>καταλλήλως</span> <span class='ocrx_word' id='word_1_803' title='bbox 3352 5243 3491 5298; x_wconf 75' lang='grc' dir='ltr'>οὕτω</span> <span class='ocrx_word' id='word_1_804' title='bbox 3515 5236 3736 5308; x_wconf 71' lang='grc' dir='ltr'>μετέσχεν</span> 
     </span>
    </p>
   </div>
   <div class='ocr_carea' id='block_1_110' title="bbox 2186 5327 3738 5404">
    <p class='ocr_par' dir='ltr' id='par_1_110' title="bbox 2186 5327 3738 5404">
     <span class='ocr_line' id='line_1_110' title="bbox 2186 5327 3738 5404; baseline -0.001 -18"><span class='ocrx_word' id='word_1_805' title='bbox 2186 5334 2287 5403; x_wconf 78' lang='grc' dir='ltr'>τῆς</span> <span class='ocrx_word' id='word_1_806' title='bbox 2319 5351 2376 5386; x_wconf 85' lang='grc' dir='ltr'><strong>τε</strong></span> <span class='ocrx_word' id='word_1_807' title='bbox 2429 5336 2689 5404; x_wconf 83' lang='grc' dir='ltr'>πατρίδος</span> <span class='ocrx_word' id='word_1_808' title='bbox 2723 5337 2833 5390; x_wconf 84' lang='grc' dir='ltr'>τῶν</span> <span class='ocrx_word' id='word_1_809' title='bbox 2884 5354 2943 5390; x_wconf 88' lang='grc' dir='ltr'><strong>τε</strong></span> <span class='ocrx_word' id='word_1_810' title='bbox 2993 5338 3219 5403; x_wconf 76' lang='grc' dir='ltr'>τοκέων,</span> <span class='ocrx_word' id='word_1_811' title='bbox 3250 5336 3357 5391; x_wconf 81' lang='grc' dir='ltr'><strong>τῶν</strong></span> <span class='ocrx_word' id='word_1_812' title='bbox 3414 5332 3511 5402; x_wconf 77' lang='grc' dir='ltr'>μὲν</span> <span class='ocrx_word' id='word_1_813' title='bbox 3558 5327 3738 5380; x_wconf 72' lang='grc' dir='ltr'>πάντας</span> 
     </span>
    </p>
   </div>
   <div class='ocr_carea' id='block_1_111' title="bbox 2187 5408 3736 5498">
    <p class='ocr_par' dir='ltr' id='par_1_111' title="bbox 2187 5408 3736 5498">
     <span class='ocr_line' id='line_1_111' title="bbox 2187 5408 3736 5498; baseline -0.001 -19"><span class='ocrx_word' id='word_1_814' title='bbox 2187 5425 2316 5489; x_wconf 83' lang='grc' dir='ltr'>τοὺς</span> <span class='ocrx_word' id='word_1_815' title='bbox 2347 5425 2522 5497; x_wconf 81' lang='grc' dir='ltr'>ταύτῃ</span> <span class='ocrx_word' id='word_1_816' title='bbox 2585 5429 3054 5498; x_wconf 78' lang='grc' dir='ltr'>προσειρημὲνους</span> <span class='ocrx_word' id='word_1_817' title='bbox 3108 5427 3552 5497; x_wconf 83' lang='grc' dir='ltr'>παρενεγκόντων</span> <span class='ocrx_word' id='word_1_818' title='bbox 3589 5408 3736 5483; x_wconf 72' lang='grc' dir='ltr'>ἁρετῇ</span> 
     </span>
    </p>
   </div>
   <div class='ocr_carea' id='block_1_112' title="bbox 2183 5500 3733 5586">
    <p class='ocr_par' dir='ltr' id='par_1_112' title="bbox 2183 5500 3733 5586">
     <span class='ocr_line' id='line_1_112' title="bbox 2183 5500 3733 5586; baseline 0.001 -20"><span class='ocrx_word' id='word_1_819' title='bbox 2183 5530 2246 5567; x_wconf 86' lang='grc' dir='ltr'><strong>τε</strong></span> <span class='ocrx_word' id='word_1_820' title='bbox 2286 5515 2379 5567; x_wconf 78' lang='grc' dir='ltr'>καὶ</span> <span class='ocrx_word' id='word_1_821' title='bbox 2410 5515 2486 5584; x_wconf 84' lang='grc' dir='ltr'>τῷ</span> <span class='ocrx_word' id='word_1_822' title='bbox 2517 5515 2833 5585; x_wconf 79' lang='grc' dir='ltr'>θαυμαστοῦ</span> <span class='ocrx_word' id='word_1_823' title='bbox 2871 5519 2960 5570; x_wconf 77' lang='grc' dir='ltr'>καὶ</span> <span class='ocrx_word' id='word_1_824' title='bbox 3002 5517 3142 5586; x_wconf 71' lang='grc' dir='ltr'>ὑπὲρ</span> <span class='ocrx_word' id='word_1_825' title='bbox 3173 5518 3379 5578; x_wconf 83' lang='grc' dir='ltr'>πάντας</span> <span class='ocrx_word' id='word_1_826' title='bbox 3433 5510 3609 5569; x_wconf 67' lang='grc' dir='ltr'>παιδὸς</span> <span class='ocrx_word' id='word_1_827' title='bbox 3640 5500 3733 5568; x_wconf 61' lang='grc' dir='ltr'><strong>ἦξε·</strong></span> 
     </span>
    </p>
   </div>
   <div class='ocr_carea' id='block_1_113' title="bbox 2191 5592 3736 5672">
    <p class='ocr_par' dir='ltr' id='par_1_113' title="bbox 2191 5592 3736 5672">
     <span class='ocr_line' id='line_1_113' title="bbox 2191 5592 3736 5672; baseline -0.005 -13"><span class='ocrx_word' id='word_1_828' title='bbox 2191 5607 2386 5668; x_wconf 74' lang='grc' dir='ltr'>ῶσθαι,</span> <span class='ocrx_word' id='word_1_829' title='bbox 2420 5609 2515 5660; x_wconf 76' lang='grc' dir='ltr'>καὶ</span> <span class='ocrx_word' id='word_1_830' title='bbox 2553 5603 2695 5660; x_wconf 78' lang='grc' dir='ltr'>εἷναι</span> <span class='ocrx_word' id='word_1_831' title='bbox 2748 5608 2938 5663; x_wconf 76' lang='grc' dir='ltr'>τοῦτον</span> <span class='ocrx_word' id='word_1_832' title='bbox 2973 5610 3258 5672; x_wconf 81' lang='grc' dir='ltr'>κάκείνους</span> <span class='ocrx_word' id='word_1_833' title='bbox 3287 5605 3578 5662; x_wconf 82' lang='grc' dir='ltr'>τοιούτους.</span> <span class='ocrx_word' id='word_1_834' title='bbox 3611 5592 3736 5647; x_wconf 70' lang='grc' dir='ltr'>οἴους</span> 
     </span>
    </p>
   </div>
   <div class='ocr_carea' id='block_1_114' title="bbox 2192 5680 3733 5773">
    <p class='ocr_par' dir='ltr' id='par_1_114' title="bbox 2192 5680 3733 5773">
     <span class='ocr_line' id='line_1_114' title="bbox 2192 5680 3733 5773; baseline -0.002 -21"><span class='ocrx_word' id='word_1_835' title='bbox 2192 5700 2452 5769; x_wconf 79' lang='grc' dir='ltr'>ἀλλήλους</span> <span class='ocrx_word' id='word_1_836' title='bbox 2484 5701 2802 5769; x_wconf 81' lang='grc' dir='ltr'>προσήκειν,</span> <span class='ocrx_word' id='word_1_837' title='bbox 2858 5702 2954 5754; x_wconf 76' lang='grc' dir='ltr'><strong>καὶ</strong></span> <span class='ocrx_word' id='word_1_838' title='bbox 2984 5703 3151 5773; x_wconf 82' lang='grc' dir='ltr'>μηδὲν</span> <span class='ocrx_word' id='word_1_839' title='bbox 3182 5701 3317 5765; x_wconf 86' lang='grc' dir='ltr'>ὂλως</span> <span class='ocrx_word' id='word_1_840' title='bbox 3348 5696 3530 5760; x_wconf 73' lang='grc' dir='ltr'>ἐνδεῖν,</span> <span class='ocrx_word' id='word_1_841' title='bbox 3554 5687 3640 5757; x_wconf 78' lang='grc' dir='ltr'><strong>τῆς</strong></span> <span class='ocrx_word' id='word_1_842' title='bbox 3667 5680 3733 5743; x_wconf 50' lang='grc' dir='ltr'><strong>δίο</strong></span> 
     </span>
    </p>
   </div>
   <div class='ocr_carea' id='block_1_115' title="bbox 2245 5874 2928 5943">
    <p class='ocr_par' dir='ltr' id='par_1_115' title="bbox 2245 5874 2928 5943">
     <span class='ocr_line' id='line_1_115' title="bbox 2245 5874 2928 5943; baseline 0.004 -16"><span class='ocrx_word' id='word_1_843' title='bbox 2245 5874 2379 5943; x_wconf 67' lang='grc'><strong>(14⁸)</strong></span> <span class='ocrx_word' id='word_1_844' title='bbox 2413 5874 2493 5928; x_wconf 80' lang='lat' dir='ltr'><strong>Cf.</strong></span> <span class='ocrx_word' id='word_1_845' title='bbox 2527 5889 2685 5943; x_wconf 84' lang='lat' dir='ltr'><strong>capp.</strong></span> <span class='ocrx_word' id='word_1_846' title='bbox 2719 5875 2810 5941; x_wconf 76' lang='lat'><strong>9.9,</strong></span> <span class='ocrx_word' id='word_1_847' title='bbox 2844 5874 2928 5931; x_wconf 76' lang='grc'><strong>50.</strong></span> 
     </span>
    </p>
   </div>
  </div>
