4028 6432
312 428 431 491 3⁸ζὸ
1243 402 1646 488 ’ωυοιτῐο
1690 424 1753 482 s.
1794 421 1946 482 GRE

2048 421 2176 480 ut
2224 415 2635 478 TllEOLt'Gl.
2860 486 2871 498 η
3495 414 3602 477 326

328 546 640 602 διαπάντων
674 539 750 601 ὧν
783 544 1156 615 θαυμάζονται
1217 544 1404 605 πόλεις
1448 540 1656 607 ἰούσης,
1685 536 1915 592 κάντεῦ-

2048 551 2128 590 ioc
2177 535 2428 605 appellati
2485 535 2703 588 nomine
2738 532 2916 599 fuere,
2961 541 3142 588 etsua
3187 534 3391 588 virtute
3424 552 3614 604 saper-

329 643 422 695 θεν
456 640 716 712 μεγίστας
738 639 889 709 παρὰ
920 638 1054 692 πᾶσι
1078 635 1388 708 φερομένης
1417 635 1516 697 τὰς
1549 633 1796 702 ψήφους;
1828 630 1924 693 Τίς

2048 636 2249 690 rectos,
2296 638 2350 681 et
2379 630 2525 695 quod
2560 626 2868 681 admirabili
2914 626 3146 697 aliisque
3182 626 3440 681 omnibus
3472 643 3613 694 prac-

329 732 387 786 δέ
420 730 670 785 τοσοῦτον
699 733 766 783 ἐκ
796 728 1001 782 παίδων
1045 728 1247 799 ἀρετῆς
1282 728 1377 779 καὶ
1405 726 1580 794 λόγων
1633 722 1798 785 ἑάλω,
1840 720 1917 784 ὡς

2048 723 2301 776 ῑίειιιιίοτθ
2334 722 2537 791 dignati
2590 732 2775 776 essent
2806 722 2938 786 (ilio,
2973 734 3025 776 et
3054 724 3195 790 quod
3232 720 3334 789 ipsi
3366 720 3613 789 ﬁliusque

335 825 469 892 μόνα
496 821 667 876 ταῦτα
719 821 1006 894 ῥᾳστώνην
1051 819 1328 890 ἡγεῖσθαι,
1362 817 1456 871 καὶ
1532 813 1762 885 μελέτην
1823 813 1919 865 τοῦ

2048 810 2297 879 ejusmodi
2336 821 2542 879 essent,
2574 813 2665 881 qui
2710 827 2899 866 secum
2935 813 3172 866 invicem
3209 812 3430 881 pulchre
3486 829 3617 864 cnn-

333 914 478 984 βίους
2026 914 2305 973 gruerent,
2337 919 2436 958 nec
2463 905 2757 973 quidquam
2781 904 2939 974 plane
2961 905 3389 964 desideraretur,
3431 920 3618 960 rursus

335 1008 586 1075 patriam,
644 1007 783 1059 unde
836 1004 1116 1075 praedicari
1177 1004 1342 1060 urbes
1402 1015 1522 1057 mos
1553 1010 1660 1068 est,
1688 1008 1901 1055 nactam
1942 1000 2149 1064 omnia,
2192 1001 2423 1068 indeque
2459 999 2725 1053 maximas
2794 1014 3034 1052 onmnnn
3104 999 3289 1053 laudes
3349 1015 3616 1052 consecu-

339 1110 442 1153 tam
471 1102 650 1168 ?Quis
673 1101 956 1169 deniquea
988 1114 1156 1169 puero
1229 1100 1304 1153 ita
1333 1098 1548 1154 virtutis
1592 1097 2032 1166 optimarutnque
2059 1096 2367 1151 litterarum
2419 1107 2610 1165 captus
2673 1109 2859 1151 arnore
2908 1094 3030 1160 fuit,
3059 1103 3116 1148 ut
3182 1096 3296 1149 haec
3357 1093 3474 1148 sola
3537 1110 3622 1149 re-

334 1193 511 1261 quiem
536 1207 689 1245 sum
726 1190 958 1261 vitaeque
990 1190 1401 1245 meditationem
1436 1189 1699 1244 haberet?

407 1287 521 1340 PZ'.
554 1284 629 1339 Τὸ
656 1285 1016 1356 δ’ἐκασταχοῦ
1042 1283 1143 1356 μὲν
1171 1282 1420 1345 παιδείας
1446 1286 1604 1354 χάριν
1631 1285 1910 1355 φοιτῆσαι,

334 1377 509 1429 πάντα
540 1375 599 1428 δὲ
628 1374 697 1426 τὰ
728 1374 981 1444 βέλτιστα
1010 1374 1349 1444 πανταχόθεν
1375 1374 1555 1443 ἐαυτῷ
1578 1370 1877 1445 συνηχέναι
1897 1414 1914 1441 ,

2056 1274 2216 1332 CVII.
2238 1273 2571 1344 Porro'quod
2590 1288 3024 1344 quoquoversum
3043 1283 3185 1329 terra
3196 1292 3310 1329 rum
3335 1277 3615 1331 erudiendi

2024 1369 2194 1439 gratia
2208 1367 2504 1436 Gregorius
2517 1365 2686 1430 itarit,
2705 1365 2994 1433 omniaque
3008 1366 3209 1437 optima
3232 1368 3498 1422 undelibet
3515 1367 3618 1422 sibi

334 1470 429 1521 καὶ
479 1466 858 1537 Θαυμασθῆναι
901 1465 1000 1537 μὲν
1050 1465 1141 1535 ὑφ’
1177 1467 1455 1533 ἁπάντων,
1506 1466 1660 1534 παρά
1711 1465 1920 1530 πάντας

2048 1461 2382 1527 :onduxerit,
2420 1460 2563 1531 quod
2596 1460 2698 1515 etsi
2747 1460 3111 1514 admiratione
3155 1461 3422 1521 omnium,
3456 1477 3619 1529 supra

333 1561 460 1621 τοὺς
488 1557 706 1623 ἄλλους,
732 1557 820 1611 διὰ
846 1558 945 1627 τὴν
976 1557 1036 1611 ἐν
1061 1558 1228 1611 πᾶσιν
1249 1557 1474 1626 ἀγαθοῖς
1502 1556 1822 1628 εὐκληρίαν,
1846 1556 1922 1621 ὡς

2048 1551 2169 1607 ilios
2230 1565 2444 1614 omnes,
2475 1550 2544 1604 ob
2575 1548 2871 1618 prmelaras
2926 1548 2981 1601 in
3034 1548 3195 1602 bonis
3219 1549 3469 1602 omnibus
3499 1564 3625 1617 prc-

337 1651 432 1704 καὶ
458 1650 606 1720 παρὰ
635 1650 818 1719 σφίσιν
879 1649 1063 1713 αὐτοῖς
1121 1647 1310 1703 τοῦτον
1364 1650 1657 1720 κατασχεῖν
1715 1649 1922 1715 ἀξιοῦν,

2048 1641 2339 1713 ςτεεείοιιθι
2379 1653 2645 1709 exceptus
2680 1641 2887 1696 fuerit:
2938 1640 3012 1695 ita
3070 1650 3126 1693 ut
3171 1639 3324 1693 illum
3370 1640 3512 1706 apud
3557 1654 3620 1694 se

332 1747 434 1807 τὰς
471 1742 691 1813 πρώτας
715 1742 806 1795 καὶ
833 1741 1096 1812 μεγίστας
1129 1740 1318 1811 τιμὰς,
1342 1741 1444 1805 τὰς
1496 1742 1594 1811 μὲν
1641 1740 1886 1803 διδόντας
1907 1756 1922 1772 ·

2048 1734 2268 1788 'etinere
2318 1734 2625 1797 studerent,
2683 1733 2889 1802 primos
2932 1734 3310 1799 maximosque
3365 1731 3621 1795 honores,

335 1836 503 1899 τὰςδ⁹
537 1834 1079 1904 ἐπαγγελλομένουςο
1119 1834 1285 1904 μηδὲν
1332 1833 1389 1887 δὲ
1420 1832 1530 1887 τῶν
1577 1832 1794 1888 πάντων
1843 1831 1925 1886 ἔτι

2048 1825 2227 1881 iartim
2261 1840 2386 1879 mox
2422 1823 2726 1889 oll‘erendo,
2790 1823 2988 1893 partim
3023 1823 3430 1892 promittendo:
3486 1823 3620 1876 nihil

340 1928 575 1999 πρόσθεν
624 1925 897 1980 ποιεῖσθαι
957 1926 1058 1997 τῆς
1118 1925 1259 1998 πρὸς
1312 1925 1449 1981 Θεὸν
1503 1926 1807 1995 ἐνεργείας,
1857 1926 1925 1997 ἦν

2050 1918 2124 1972 lle
2170 1926 2349 1971 tamen
2413 1928 2600 1968 rerum
2663 1914 2910 1967 omnium
2982 1913 3332 1966 tendentibus
3361 1912 3623 1967 adDenm

337 2020 539 2089 ἡσυχία
566 2018 815 2089 παρέχει,
845 2016 942 2073 καὶ
978 2018 1041 2072 τὸ
1067 2005 1210 2072 κατὰ
1254 2017 1380 2073 νοῦν
1436 2017 1741 2072 πολιτεύειν
1787 2017 1875 2072 ἀεί
1903 2032 1920 2049 ο

2048 2010 2322 2067 exercitiis
2342 2007 2737 2079 anteposuerit,
2770 2021 2892 2076 qua:
2924 2006 3171 2076 religiosa
3197 2008 3372 2074 quies,
3409 2012 3464 2059 et
3496 2020 3622 2072 per-

335 2109 512 2164 ταῦτα
562 2109 606 2161 δ’
650 2106 794 2162 οὕτω
855 2106 1287 2179 κατωρθωκέναι
1342 2108 1439 2162 καὶ
1482 2108 1619 2177 μετά
1664 2106 1936 2177 τοσαύτης

2048 2110 2200 2169 petua
2251 2097 2553 2154 secundum
2613 2103 2852 2150 mentem
2891 2094 3085 2162 agendi
3150 2093 3313 2158 ratio,
3359 2089 3621 2160 suppedi-

345 2201 671 2273 ὑπερϐολῆς,
727 2199 803 2264 ὡς
839 2203 953 2265 τοῖς
1013 2200 1121 2272 πρὸ
1152 2199 1322 2254 αὐτοῦ
1359 2201 1685 2271 κορυφαῖον,
1733 2202 1847 2265 τοῖς
1887 2185 1933 2253 δ’

2048 2203 2153 2260 tat;
2189 2193 2263 2245 ita
2300 2189 2542 2262 perfecta
2577 2189 2690 2242 lia-c
2715 2202 2864 2243 vero.
2889 2193 2944 2239 et
2992 2195 3142 2238 tanta
3185 2199 3308 2238 cum
3345 2183 3622 2238 excellen-

343 2290 540 2361 ἐφεξῆς
567 2306 626 2343 τε
682 2290 779 2342 καὶ
842 2290 960 2361 μετ’
995 2290 1197 2357 αὐτῶν,
1250 2290 1558 2362 ἀρχέτυπον
1613 2288 1794 2345 αὐτῶν
1844 2290 1940 2342 καὶ

344 2384 546 2438 κανόνα
567 2382 666 2452 τῆς
689 2382 818 2453 περὶ
843 2380 998 2436 ταῦτ’
1022 2381 1314 2453 ἀκριϐείας
1343 2380 1623 2452 γενέσθαι⁹
1683 2381 1782 2435 καὶ
1810 2381 1940 2444 τοὺς

345 2478 452 2545 μὲν
482 2474 938 2545 γεννησαμένους,
990 2471 1229 2545 ἐπείπερ
1261 2473 1361 2544 οὐχ
1389 2465 1503 2534 οἷός
1529 2472 1578 2525 τ’
1610 2467 1677 2542 ἧν
1704 2472 1818 2534 τοῖς
1844 2469 1941 2523 αύ-

345 2568 461 2630 τοῖς
487 2563 843 2636 δεδωρῆσθαι,
872 2562 902 2618 δ
938 2563 1127 2618 τούτου
1161 2581 1227 2635 γε
1261 2563 1415 2618 οὐδὲν
1465 2557 1652 2636 ἦττον,
1680 2564 1730 2616 εί
1784 2562 1860 2632 μὴ
1879 2564 1941 2615 τὸ

351 2661 543 2730 μεῖζον
575 2661 722 2713 είποι
750 2674 836 2721 τις
886 2657 976 2722 ἂν,
1007 2657 1167 2713 τοῦτο
1188 2658 1467 2731 κάλλισταῆ
1508 2656 1729 2709 πάντων
1754 2654 1941 2717 αὐτοῖς

346 2755 694 2825 ἐνδεδεῖχθαι.
747 2750 827 2821 τῷ
888 2751 937 2806 θ’
987 2754 1129 2824 ὑπὲρ
1157 2755 1287 2817 τοὺς
1341 2749 1736 2823 νομιζομένους
1781 2747 1939 2819 ὅρους

346 2850 537 2905 ἐνθάδε
565 2852 815 2907 τουτουσί
878 2845 1215 2920 θεραπεῦσαι
1266 2843 1362 2899 καὶ
1408 2841 1699 2911 παρελθεῖν
1730 2838 1938 2893 παντάο

348 2960 488 2999 πασι
508 2942 569 2996 τὸ
595 2943 756 3009 εἰκὸς,
799 2944 876 3014 τῷ
908 2941 954 2996 τ’
988 2935 1055 2994 αὖ
1099 2937 1323 3008 λογικήν
1346 2951 1468 2989 τινα
1495 2933 1698 3004 στήλην
1723 2931 1790 2986 τὰ
1817 2930 1943 2983 τού-

344 3053 461 3089 των
490 3033 796 3105 εἰργάσθαι,
842 3030 1190 3093 καταπαντδς
1263 3027 1561 3098 ἱσταμένην
1588 3024 1683 3078 τοῦ
1741 3024 1938 3094 χρόνου

350 3128 582 3193 καὶτοῖς
632 3128 821 3182 ἔπειτα
860 3122 1264 3211 παραπέμψαιο
1293 3118 1476 3176 αὐτῶν
1509 3117 1675 3172 αὑτὸν
1705 3116 1764 3169 δὲ
1798 3115 1942 3169 πάν-

348 3240 463 3275 των
489 3222 807 3291 ὑπεριδόντα
837 3208 946 3273 τῶν
992 3218 1188 3283 ἄλλων,
1224 3213 1388 3285 μόνου
1421 3210 1675 3281 γενέσθαι
1719 3208 1814 3263 τοῦ
1843 3208 1942 3281 τὴν
1986 3286 1993 3293 η

352 3314 636 3377 εὐσέϐειαν
670 3314 867 3384 ἀμέλει
896 3314 1063 3367 πολὺν
1095 3312 1196 3385 ῆδη
1228 3310 1421 3382 χρόνον
1450 3308 1554 3364 ὑπὸ
1582 3305 1693 3360 τῶν
1721 3304 1946 3358 κάκιστ’

2038 2285 2113 2339 tia
2143 2284 2326 2337 omnia
2356 2281 2693 2352 praestiterit,
2723 2288 2782 2333 ut
2834 2278 2899 2332 iis
2934 2276 3026 2346 qui
3059 2278 3235 2345 ipsum
3278 2282 3440 2328 aetate
3466 2283 3619 2325 ante-

2038 2379 2363 2442 cessissent,
2414 2376 2567 2429 chori
2602 2373 2769 2442 hujus
2802 2372 2944 2439 dux;
2974 2369 3067 2440 qui
3109 2369 3368 2438 deinceps
3422 2376 3474 2421 et
3504 2373 3627 2433 post

2038 2470 2215 2540 ipsum
2238 2469 2503 2534 vixerint,
2538 2466 2820 2535 exemplar
2849 2474 2901 2518 et
2944 2477 3133 2516 norma
3187 2458 3511 2528 usurpandae
3570 2456 3627 2510 in

2040 2563 2244 2618 talibus
2277 2559 2586 2617 exactionis
2607 2558 2792 2614 fuerit.
2840 2555 2977 2610 'I‘um
3002 2553 3258 2624 quoniam
3278 2552 3466 2606 eodem
3499 2550 3625 2618 qui-

2042 2657 2161 2711 dem
2194 2654 2356 2725 plane
2399 2652 2700 2708 ciliciorum
2748 2663 2950 2723 genere
3002 2658 3267 2725 parentes
3289 2642 3626 2697 remunerari
3706 2670 3709 2671 ν

2044 2718 2308 2817 nequibat
2341 2764 2355 2800 :
2390 2746 2537 2816 quod
2574 2744 2624 2798 id
2660 2718 2866 2807 tamen,
2899 2741 3047 2810 quod
3085 2739 3187 2792 hoc
3221 2718 3391 2791 nihilo
3423 2746 3506 2789 est
3541 2736 3627 2786 iii-

2040 2839 2215 2894 Ierius
2243 2878 2258 2903 ,
2319 2838 2428 2893 nisi
2466 2837 2511 2891 si
2562 2834 2739 2905 majus
2788 2833 2952 2886 etiam
3004 2829 3275 2899 quispiam
3310 2842 3433 2880 esse
3458 2826 3629 2886 dicat,

2042 2931 2419 3002 pulcherrime
2470 2927 2714 2982 omnium
2758 2922 3186 2993 repraesentatis,
3222 2918 3436 2973 scilicet
3482 2917 3627 2985 quod

2041 3036 2097 3081 et
2128 3025 2304 3079 adhuc
2333 3023 2387 3076 in
2415 3021 2576 3076 terris
2610 3027 2857 3091 agentes,
2895 3014 3035 3068 ultra
3069 3026 3390 3067 communes
3422 3019 3631 3063 suetos-

2044 3135 2153 3191 que
2186 3116 2408 3188 pietatis
2429 3116 2568 3170 ﬁnes
2620 3111 2872 3174 coluerit,
2908 3119 2962 3162 et
2994 3118 3181 3176 postea
3217 3106 3358 3158 vitas
3389 3104 3631 3171 ipsorum

2046 3211 2363 3280 laudesque,
2418 3206 2718 3262 oratoriam
2761 3203 3084 3272 quamdam,
3141 3212 3236 3266 per
3267 3211 3440 3250 aevum
3473 3207 3634 3246 omne

2049 3312 2445 3373 perstaturam,
2492 3297 2810 3351 columnam
2861 3289 3124 3352 eﬂ‘ecerit,
3166 3299 3219 3341 et
3268 3286 3333 3339 ad
3384 3294 3632 3353 posteros

353 3369 735 3475 ἀπολουμένων
764 3369 1633 3473 δυσσεϐούντων’τύραννουμένην
1688 3396 1783 3449 καὶ
1846 3410 1944 3465 μο-

2052 3392 2438 3450 transmiserit.
2486 3388 2628 3457 Quid
2682 3387 2799 3457 ipse
2844 3399 2997 3448 vero,
3049 3379 3252 3449 Spretis
3314 3377 3435 3430 aliis
3469 3376 3630 3428 rebus

356 3499 507 3551 νονοὺ
534 3498 826 3559 κλιθείσαν,
851 3497 927 3560 ὡς
981 3496 1162 3564 λόγος,
1202 3497 1281 3554 είς
1310 3491 1463 3564 γόνυ,
1495 3488 1783 3544 ἀναλαϐεῖν
1833 3480 1944 3538 οἷον

361 3589 454 3641 καὶ
479 3587 886 3659 άνορθώσασθαι
909 3603 922 3617 ·
962 3589 1056 3640 καὶ
1100 3585 1334 3655 κρείττω
1387 3583 1497 3636 τῶν
1554 3578 1943 3649 πολεμούντων

368 3682 669 3735 παντάπασι
696 3680 888 3748 δεξκι,
940 3679 1235 3732 κάντεῦθεν
1291 3676 1367 3739 ὡς
1420 3674 1652 3745 ἔρεισμα
1706 3671 1946 3732 πίστεως

360 3774 487 3827 ὄντα
518 3774 608 3826 καὶ
639 3773 837 3844 βάθρον
877 3770 1101 3841 στερρὸν
1146 3767 1499 3838 Ἐκκλησίας,
1560 3764 1655 3818 καὶ
1717 3761 1825 3815 τῶν
1852 3762 1948 3829 ὀρ·-

358 3866 469 3920 θῶν
492 3867 584 3919 καὶ
602 3867 955 3936 ὑγιαινόντων
982 3863 1268 3933 δογμάτων
1297 3857 1580 3930 «ἀστραϐῆ
1599 3856 1781 3910 κίονα»
1806 3853 1948 3908 κατά

360 3959 645 4030 Πίνδαρον,
677 3958 772 4029 τῆς
809 3957 907 4027 μὲν
939 3956 1180 4027 μεγάλης
1221 3953 1316 4008 καὶ
1352 3951 1504 4023 ἱερᾶς
1564 3946 1819 4017 ἐπιϐῆναι
1844 3960 1947 3998 κα-

360 4050 589 4121 θέδραςο
623 4050 722 4103 οὐκ
762 4049 875 4120 seq)
900 4047 1114 4119 τρυφᾷν
1143 4046 1311 4117 ἔχειν,
1338 4045 1436 4098 καὶ⁵
1465 4038 1719 4114 ῥᾳστώνῃ
1747 4037 1949 4109 κεχρῆ-

361 4140 505 4206 σθαι,
531 4140 644 4196 ἀλλ’
670 4140 809 4195 ὥστε
836 4139 1126 4210 ξύμπασαν
1173 4137 1387 4206 αῖρεσιν
1420 4136 1487 4187 ἐκ
1518 4129 1836 4204 περιουσίας
1857 4144 1948 4181 τεο

365 4237 523 4306 μεῖν,
566 4235 659 4289 καὶ
713 4235 889 4308 ῥίζαις
944 4233 1133 4296 αὑταῖς
1185 4229 1533 4285 παντάπασιν
1593 4222 1795 4291 ἐξελεῖν
1852 4219 1948 4274 καὶ

360 4328 497 4393 ὅλως
526 4331 590 4382 ἐκ
623 4327 791 4400 μέσον
817 4324 1147 4399 ποιήσασθαι
1170 4340 1185 4354 ⁸
1221 4321 1542 4393 μεταϐραχὺ
1603 4317 1788 4400 μέντοι
1835 4316 1950 4376 τοῖς

363 4398 707 4492 βουλομένοις
739 4398 944 4492 ταύτης
999 4417 1294 4481 ἐκστάντα,
1353 4414 1479 4468 ἐπεὶ
1534 4410 1672 4485 μηδέ
1698 4398 1816 4482 ’τὴν
1844 4409 1948 4479 ἀρ-

366 4517 467 4585 χὴν
493 4514 688 4584 ἡδέως,
717 4512 855 4566 ἀλλά
887 4510 1204 4579 παντοδαπῇ
1229 4505 1411 4560 πειθοῖ
1454 4519 1544 4575 τε,
1574 4503 1669 4556 καὶ
1727 4501 1820 4573 βία
1853 4500 1950 4554 καὶ

368 4605 487 4677 μεθ’
508 4606 588 4660 ὅτι
613 4604 871 4668 πλείστας
907 4603 1122 4674 δεήσεις
1167 4598 1377 4669 ταύτην
1432 4594 1633 4662 είσέδυ,
1666 4594 1767 4661 τὴν
1801 4590 1952 4648 πλεί-

2046 3483 2322 3545 oumibus,
2382 3481 2433 3535 id
2470 3479 2628 3534 unice
2677 3489 2895 3544 operam
2920 3471 3151 3534 dederit,
3190 3482 3299 3536 quo
3330 3480 3511 3518 veram
3545 3463 3629 3515 iii-

2049 3576 2247 3628 mirum
2311 3572 2592 3642 pietatem,
2663 3567 2822 3637 longo
2850 3564 2963 3632 jam
3006 3572 3250 3631 tempore
3272 3558 3339 3611 ab
3376 3554 3637 3623 impiissi-

2050 3665 2152 3720 mis
2171 3661 2670 3733 perditissimisque
2727 3655 3008 3711 hmreticis
3049 3654 3165 3706 dira
3200 3648 3486 3721 tyrannide
3534 3662 3636 3712 op-

2048 3770 2319 3829 pressam,
2348 3764 2403 3807 et
2431 3759 2641 3806 tantum
2669 3763 2798 3813 non,
2833 3745 2978 3815 quod
3015 3744 3189 3807 aiunt,
3224 3744 3275 3793 in
3300 3754 3472 3809 genua
3504 3753 3633 3806 pro-

2050 3828 2302 3912 stratam,
2328 3843 2580 3899 reﬂceret
2611 3855 2677 3896 ac
2718 3839 2977 3908 erigeret,
3018 3847 3352 3901 suorumque
3390 3828 3632 3884 hostium

2048 3943 2329 4000 victricem
2363 3938 2590 3995 omnino
2617 3942 2927 4005 praestaret.
2962 3930 3115 3997 Quod
3139 3937 3193 3981 et
3225 3926 3366 3979 hanc
3412 3924 3480 3977 ob
3506 3936 3638 3976 cau-

2049 4052 2193 4102 sum,
2224 4043 2282 4089 ut
2305 4031 2398 4104 qui
2436 4028 2676 4085 fulcrum
2703 4025 2845 4089 lldei,
2893 4035 2947 4078 et
2982 4025 3140 4077 lirma
3169 4016 3426 4072 Ecclesiae
3458 4015 3636 4081 basis,

2049 4137 2104 4185 et
2131 4136 2405 4182 rectorum
2434 4120 2875 4186 salutariumque
2904 4115 3215 4185 dogmatum
3247 4127 3265 4161 ι
3308 4110 3635 4162 inconcussa

2052 4222 2305 4277 columna
2373 4235 2392 4269 ι
2457 4220 2651 4280 esset,
2723 4223 2780 4265 ut
2857 4207 3131 4263 Pindarus
3192 4203 3432 4272 loquitur
3498 4197 3636 4269 (lii),

2053 4328 2305 4383 magnam
2330 4308 2476 4363 illam
2509 4313 2563 4359 et
2589 4316 2802 4359 sacram
2835 4294 3256 4369 patriarclialem
3293 4289 3637 4346 conscende-

2054 4407 2127 4463 rit
2144 4379 2489 4460 cathedram.
2524 4395 2749 4451 Minime
2798 4393 2888 4447 ille
2922 4391 3197 4459 profecto,
3243 4401 3354 4454 quo
3389 4379 3638 4437 mollitiis

2052 4499 2312 4569 segnique
2361 4493 2474 4548 otio
2509 4489 2617 4544 frui
2667 4493 2894 4555 posset,
2929 4483 3025 4537 sed
3061 4491 3117 4533 ut
3148 4476 3380 4531 lizeresin
3419 4476 3639 4525 univer-

2052 4565 2168 4650 sam
2200 4565 2518 4659 plenissime
2566 4579 2933 4648 facillimeque
2982 4573 3353 4633 exscinderct,
3393 4565 3639 4637 ipsisque

366 4659 491 4754 στου
544 4696 701 4763 ἀξίαν
749 4659 1001 4769 ἡσυχίαν.
1034 4659 1192 4758 αὖθις
1247 4659 1673 4758 κατειληφέναι*
1700 4659 1796 4739 καὶ
1852 4684 1946 4755 τὴν

2055 4683 2280 4740 omnino
2307 4693 2427 4734 cum
2457 4672 2733 4729 radicibus
2751 4674 3063 4730 eruncaret,
3099 4675 3152 4718 et
3178 4663 3395 4732 penitus
3427 4659 3494 4711 de
3523 4670 3641 4709 nte-

2446 4766 2472 4769 _
2566 4765 2576 4769 ,
3008 4761 3018 4769 ,
3228 4756 3238 4769 ι
3427 4754 3461 4769 Α
3492 4765 3508 4769 _
3533 4748 3609 4769 In

366 4795 644 4881 ἀκραιφνῆ
658 4795 954 4860 ξυνουσίαν
975 4789 1137 4845 Θεοῦ.

368 4859 510 4945 illius
548 4859 771 4958 cupidis
826 4885 1062 4943 relicta:
1125 4879 1347 4955 quando
1397 4876 1616 4949 quidem
1648 4888 1747 4931 nec
1768 4872 1927 4928 initio
1965 4872 2085 4943 ipso
2118 4864 2413 4923 admodum
2458 4859 2723 4920 libenter,

1971 4939 2119 5022 iIlam
2154 4964 2424 5019 adiisset:
2482 4957 2660 5010 denuo
2690 4951 2759 5007 ad
2836 4949 3267 5004 laudatissimam
3336 4939 3643 5013 pulcherri-

369 4986 646 5049 suasione,
709 4993 762 5038 et
812 4981 887 5047 vi,
934 4989 989 5037 et
1022 4990 1143 5050 post
1191 4975 1461 5049 plurimas
1513 4971 1929 5036 obtestationes,

2051 4778 2141 4835 dio
2174 4773 2407 4830 tolleret.
2446 4765 2615 4821 Paulo
2641 4772 2821 4818 tamen
2855 4772 2976 4833 post
3008 4761 3110 4813 hac
3142 4756 3330 4809 eadem
3360 4748 3639 4814 cathedra,

2795 4854 2891 4909 sed
2970 4853 3188 4905 admota
3258 4840 3542 4912 multiplici
3585 4850 3639 4896 et

370 5095 619 5149 unamque
679 5079 916 5148 quietem
953 5091 1129 5139 suam,
1197 5084 1252 5129 et
1284 5070 1631 5127 verissimum
1669 5067 1766 5123 Dei
1802 5066 2148 5122 consortium
2174 5076 2235 5116 se
2259 5054 2552 5126 receperit.

438 5176 568 5229 PH’.
597 5174 715 5226 Τίνι
741 5171 890 5225 ταῦτ’
912 5170 1093 5223 ἔνεστι
1123 5167 1302 5222 πάντα
1331 5160 1673 5234 παραϐαλεῖν
1694 5199 1711 5227 ,
1736 5158 1831 5213 καὶ
1874 5159 1960 5224 τίς

369 5266 510 5321 οὕτω
537 5264 844 5319 διαπάντων
880 5261 976 5317 ίὼν
997 5301 1012 5326 ,
1045 5262 1103 5314 ἐν
1161 5260 1299 5312 πᾶσι
1356 5257 1563 5318 πάντας
1595 5251 1891 5323 παρῆλθεν,
1929 5253 1958 5305 ό

369 5359 533 5421 αὐτὸς
559 5360 648 5411 καὶ
680 5355 836 5410 πάνθ’
859 5354 995 5426 ὁμοῦ
1026 5355 1121 5407 καὶ
1157 5351 1276 5422 μεθ’
1297 5346 1604 5418 ὑπερϐολῆς
1637 5344 1955 5411 ξυλλαϐών;

380 5452 510 5505 Ἐάν
534 5451 631 5520 μὲν
656 5449 761 5520 γάρ
797 5449 975 5520 φήσῃς
1005 5447 1129 5509 τοὺς
1158 5445 1370 5512 λόγους,
1388 5439 1578 5493 οὐδένα
1603 5438 1689 5491 τὸν
1714 5436 1957 5508 ἁμιλλώ-

373 5560 536 5615 μενον
567 5542 730 5611 ίσχει,
762 5540 897 5594 ἀλλὰ
945 5539 1080 5609 πρὸς
1110 5536 1273 5590 αὑτὸν
1325 5532 1488 5595 αὐτὸς
1527 5530 1731 5600 ταύτην
1788 5530 1958 5582 ποιεῖ-

368 5653 484 5702 ται,
511 5632 701 5704 ὥσπερ
746 5630 1064 5702 φιλονεικῶν
1095 5629 1124 5683 δ
1180 5627 1342 5692 αὐτὸς
1369 5624 1458 5679 διά
1519 5624 1737 5678 πάντων
1773 5619 1950 5676 εἰναιο

371 5729 538 5784 νικῶν
562 5726 663 5798 μὲν
685 5728 810 5790 τοὺς
850 5724 1043 5788 ἄλλους
1085 5723 1324 5786 ἀπάσαις
1345 5721 1467 5785 ταῖς
1507 5717 1614 5774 τῶν
1639 5715 1814 5787 λόγων
1850 5713 1952 5770 ίδέ-

448 5920 560 5992 (ιδ)
599 5917 807 5987 Olymp.
845 5914 911 5981 Il,
941 5913 1151 5983 Siroplt.
1190 5909 1246 5964 5.

2134 5153 2317 5213 CVIII.
2340 5150 2528 5216 Eccui,
2550 5159 2757 5216 quaeso,
2798 5143 2915 5198 haec
2936 5133 3245 5206 comparari
3275 5138 3500 5203 possunt
3518 5142 3640 5182 om-

2063 5248 2194 5305 nia?
2235 5244 2554 5315 ecquisnam
2617 5237 2710 5293 Ille
2748 5235 2955 5307 pariter
2998 5231 3256 5286 universa
3285 5217 3641 5293 permensus?

2062 5356 2260 5412 nempe
2291 5338 2384 5410 qui
2431 5348 2623 5391 omnes
2654 5332 2708 5385 in
2740 5329 3000 5384 omnibus
3040 5330 3491 5395 prmtergressus,
3524 5328 3643 5364 oin-

2062 5433 2152 5488 nia
2179 5399 2325 5485 idem
2366 5423 2608 5481 simulet
2652 5415 3116 5476 excellentissime
3166 5405 3485 5474 complexus
3516 5399 3639 5453 fuit.

2060 5525 2272 5594 Quippe
2326 5526 2395 5575 ιιι·
2434 5514 2802 5587 eloquentiam
2856 5520 2911 5565 et
2959 5506 3240 5562 orationes
3269 5497 3509 5559 nomine,
3550 5492 3639 5594 hic

2063 5579 2256 5686 palmae
2285 5579 2559 5667 annulum-
2575 5606 2739 5662 habet
2771 5601 2863 5657 ille
2909 5596 3155 5685 profect?
3184 5589 3487 5650 neminem;
3544 5579 3642 5635 sed

2062 5680 2176 5781 ipse
2204 5720 2385 5764 secum
2414 5703 2519 5759 hoc
2548 5701 2788 5757 decertat
2817 5680 3133 5753 certamen,
3160 5685 3285 5741 dum
3318 5680 3463 5735 velut
3505 5690 3644 5731 cono
