4028 6432
256 438 357 500 329

1123 439 1515 499 LAUDATIO
1553 439 1613 497 S.
1639 434 2023 497 GREGORII
2069 434 2485 498 THEOLOGI.

3402 414 3514 479 330

258 552 422 604 θωται
440 565 454 579 ’
486 548 616 617 ὅσγε
641 548 731 602 καὶ
758 546 881 611 τοὺς
906 548 1002 617 τῆς
1024 545 1308 610 εὐσεϐείας
1337 546 1708 608 ὑπασπιστὰς,
1734 543 1827 597 καὶ

1946 543 2211 599 tiensibus
2246 545 2311 600 de
2339 542 2526 598 Persis
2551 550 2762 597 statura
2813 538 3000 607 fuere;
3061 539 3178 596 haec
3222 536 3411 594 nostro
3440 540 3507 594 de

262 643 449 712 μέχρις
499 642 751 711 αἱμάτων
813 639 1243 709 ἠγωνισμένους,
1305 635 1387 701 οἷς
1447 636 1828 709 προσειρήκει,

259 733 366 784 τῶν
410 731 638 783 εἰκότων
663 730 863 794 αὐτοὺς
911 728 1171 795 ἀξιώσας,
1202 723 1285 792 οἷς
1334 728 1542 781 τούτων
1569 727 1827 797 ἠξίωσεν,

260 823 349 874 ἐπὶ
374 823 439 876 τὰ
467 823 557 874 ί¹σα
584 823 679 875 καὶ
703 823 828 882 τοὺς
875 820 1070 883 ἄλλους
1114 819 1520 890 προτρέπεται·
1553 817 1729 872 ταῦτα
1760 817 1826 889 δὴ

257 909 428 964 ταῦτα
462 909 599 962 κάπὶ
627 908 735 962 τῶν
762 908 856 961 τοῦ
888 905 1128 975 Χριστοῦ
1153 905 1468 977 μυστηρίων
1494 903 1640 958 ἔστιν
1661 904 1795 976 ὁρᾷν
1813 919 1827 936 ο

258 1000 463 1064 τούτοις
488 1018 548 1054 τε
595 1001 707 1070 γὰρ
742 999 841 1071 τὴν
889 1000 1217 1070 γιγνομένην
1277 996 1607 1053 ἀποδεδώκει
1649 997 1834 1062 ξυντέ-

259 1092 426 1155 λειαν,
452 1094 624 1163 αἴρων
728 1091 889 1160 θέμις
926 1091 1004 1160 τῷ
1033 1090 1177 1161 λόγῳ
1209 1092 1305 1144 καὶ
1334 1090 1470 1161 πρὸς
1500 1089 1599 1161 τὴν
1623 1089 1833 1143 τούτων

262 1185 497 1255 κατοχὴν
556 1184 650 1237 καὶ
696 1182 962 1253 βακχείαν
986 1182 1078 1235 τὸν
1137 1179 1412 1253 ἀκροατὴν
1465 1180 1831 1252 ξυνεπαίρων,

154 1296 164 1306 ·
264 1278 359 1332 καὶ
388 1279 550 1330 πᾶσιν
585 1274 860 1340 ἑξεκείνου
888 1273 1053 1344 μέχρι
1079 1272 1172 1326 τοῦ
1203 1272 1365 1342 δεῦρο
1390 1275 1702 1344 παρεγγυᾷ,
1724 1289 1838 1327 τοι-

262 1366 448 1430 ούτους
471 1367 532 1436 δή
550 1382 703 1428 τινας
741 1361 883 1418 εἶναι
934 1366 1065 1427 τοὺς
1104 1368 1232 1434 περὶ
1255 1360 1391 1417 Θεοῦ
1422 1364 1518 1417 καὶ
1539 1363 1650 1417 τῶν
1676 1364 1836 1417 θείων

261 1461 441 1526 λέγειν
476 1457 792 1527 τολμῶντας
812 1471 829 1487 ⁸
862 1455 958 1510 καὶ
992 1454 1180 1509 σιωπῶ
1203 1454 1302 1527 τὴν
1329 1456 1534 1527 ἀκριϐῆ
1559 1455 1670 1509 τῶν
1692 1457 1836 1525 Γραο

264 1551 382 1620 φῶν
404 1549 650 1619 ἔρευναν,
689 1548 786 1600 καὶ
808 1546 910 1615 τὴν
935 1548 999 1599 ἐκ
1024 1545 1219 1616 βάθους
1272 1549 1366 1600 καὶ
1397 1547 1645 1613 σκότους,
1672 1548 1747 1611 ὡς
1771 1548 1839 1602 ἄν

261 1659 345 1704 τις
373 1641 535 1705 εἴποι,
575 1638 712 1701 πρὸς
764 1638 883 1708 φῶς
915 1637 1144 1709 τρισσὴν
1184 1635 1481 1702 ἀνάπτυξιν
1510 1638 1713 1693 τούτων
1741 1640 1840 1694 καὶ

263 1735 516 1805 θεωρίαν,
533 1733 607 1795 ὡς
634 1714 973 1801 πανταχόθεν
999 1731 1166 1794 αὑτὰς
1194 1729 1418 1795 ξυνετὰς
1441 1730 1648 1786 ἅπασιν
1671 1727 1838 1790 εἶναι.

1933 635 2138 693 Christi
2170 637 2238 691 de
2270 634 2640 707 perduellibus
2686 633 2923 688 feliciter
2958 642 3160 688 erecta.
3205 630 3309 697 Qui
3338 630 3505 685 etiam

1932 726 2060 782 dum
2082 727 2300 797 pietatis
2318 727 2639 794 armigeros,
2664 742 2682 776 ι
2705 731 2762 780 et
2782 723 2875 794 qui
2907 724 2973 777 ad
2996 721 3313 792 sanguinem
3340 737 3510 790 usque

1933 818 2368 883 decertaruut",
2395 835 2415 869 ι
2442 818 2555 873 suis
2586 816 2989 871 laudationibus
3019 830 3086 869 ex
3120 814 3314 869 merito
3340 815 3510 869 Itono-

1934 908 2108 977 rabat,
2135 908 2240 964 hoc
2265 908 2385 978 ipso
2413 907 2708 977 quod/illos
2724 907 2804 961 sic
2829 906 3166 972 honestaret,
3184 904 3415 959 aliorum
3439 904 3507 959 ad

1935 1001 2085 1069 paria
2108 1000 2407 1055 certamina
2426 1000 2639 1054 animos
2657 999 2903 1053 acuebat.
2922 996 3048 1051 Haec
3060 997 3250 1052 eadem
3266 997 3325 1051 in
3338 997 3511 1052 sacris

1936 1093 2100 1147 etiam
2152 1090 2354 1147 Christi
2389 1090 2671 1163 mysteriis
2706 1089 2892 1144 videre
2931 1088 3099 1153 licet;
3143 1102 3266 1142 nam
3296 1099 3352 1142 et
3399 1088 3504 1151 his,

1937 1198 2098 1253 quam
2157 1184 2410 1237 conferre
2447 1182 2676 1237 decebat
2726 1188 2934 1250 partem
2978 1179 3235 1243 reddidit,
3284 1192 3390 1248 qua
3427 1179 3510 1234 fas

1936 1275 2311 1346 piumqueest,
2337 1273 2520 1346 verbis
2546 1272 2832 1336 extollens,
2863 1278 2920 1327 et
2947 1270 3014 1327 ad
3026 1284 3216 1327 eorum
3244 1268 3511 1336 afﬂatum,

1939 1366 2291 1434 divinumque
2321 1364 2587 1427 furorem,
2616 1377 2722 1418 una
2760 1363 3067 1418 auditorem
3091 1346 3363 1417 excitans.
3393 1360 3514 1426 Quo

1939 1456 2082 1512 idem
2125 1456 2398 1523 omnibus,
2453 1470 2522 1511 ex
2562 1454 2657 1510 illo
2707 1464 2953 1525 tempore
2993 1454 3061 1508 ad
3113 1454 3218 1509 hoc
3245 1466 3513 1523 praesens.

1938 1549 2248 1614 denuntiat,
2282 1547 2524 1618 ejusdem
2559 1547 2704 1602 modi
2753 1561 2879 1602 esse
2908 1545 3129 1613 debere,
3155 1546 3249 1614 qui
3286 1546 3355 1600 de
3401 1544 3514 1600 Deo

1940 1640 2214 1710 rebusque
2247 1639 2451 1694 divinis
2481 1640 2648 1693 verba
2694 1637 2879 1692 facere
2906 1639 3161 1693 audeant.
3194 1635 3375 1691 Taceo
3415 1650 3517 1689 au-

1943 1743 2052 1788 tem
2076 1747 2225 1788 nunc
2243 1732 2713 1787 accuratissimam
2756 1739 3071 1787 sanctarum
3105 1727 3514 1798 Scripturarum

262 1827 347 1879 Τὰ
392 1826 486 1896 μὲν
529 1824 593 1891 δὴ
639 1823 783 1877 κατὰ
804 1822 932 1885 τοὺς
961 1821 1154 1890 λόγους
1188 1819 1362 1892 τούτῳ
1400 1822 1614 1876 τοιάδε·
1652 1825 1835 1878 καὶτᾶ

1946 1824 2476 1895 pervestigationem,
2517 1830 2573 1877 et
2620 1822 2690 1877 de
2748 1818 3041 1875 altitudine
3086 1827 3252 1887 atque
3280 1817 3516 1886 caligine

266 1889 437 1973 πλείω
485 1889 732 1988 παρῆκεν
762 1918 790 1969 ό
832 1914 1012 1983 λόγος,
1037 1889 1455 1967 ἐκκλίνων-τὸν
1498 1915 1693 1986 κόρον,
1742 1917 1837 1970 καὶ

1946 1931 2064 1978 sua,
2107 1922 2170 1968 ut
2215 1914 2297 1969 sic
2332 1913 2642 1982 loquamur,
2691 1910 2759 1965 ad
2801 1910 3002 1976 lucem,
3033 1908 3298 1979 triplicem
3327 1921 3515 1961 earum

264 2010 383 2081 ἅμα
417 2006 590 2063 πάντα
657 2006 874 2061 πάντων
941 2005 1181 2070 εἰδότων,
1208 2002 1312 2058 κᾶν
1350 2006 1510 2074 ἡμεῖς
1537 2005 1615 2079 μὴ
1665 2008 1837 2077 λέγω·

267 2118 386 2173 μεν.

1945 2007 2362 2079 explicationem
2437 2002 3088 2073 contemplationemque,
3147 2010 3208 2057 ut
3257 2000 3514 2056 nimirum

1944 2099 2095 2156 omni
2150 2113 2217 2155 ex
2284 2104 2441 2167 parte
2497 2097 2738 2151 omnium
2795 2102 3089 2180 parerent.
3124 2091 3513 2162 intelligentiae.

270 2199 442 2267 Atque
471 2198 586 2253 haec
609 2195 738 2252 talia
770 2196 988 2265 quidem
1018 2198 1087 2252 de
1113 2196 1454 2252 orationibus
1485 2198 1661 2254 nostri
1681 2198 1828 2256 dicta
1866 2209 2054 2258 sunto.
2084 2198 2354 2266 Pleraque
2384 2197 2529 2251 enim
2557 2196 2611 2251 in
2634 2211 2874 2265 pnesens
2892 2210 3076 2253 sermo
3141 2202 3348 2255 noster,
3408 2202 3518 2261 quo

272 2297 568 2352 satietatem
600 2294 815 2360 vitaret,
843 2294 1049 2359 omisit,
1089 2294 1392 2362 praesertim
1422 2295 1685 2362 quoniam
1712 2298 1920 2363 omnia,
1951 2295 2039 2352 vel
2070 2294 2225 2350 nobis
2259 2293 2593 2358 tacentibus,
2624 2301 2750 2347 nota
2776 2291 3031 2347 omnibus
3049 2301 3193 2346 sunt.

338 2383 437 2443 Pl’.
463 2386 595 2457 Περὶ
623 2385 807 2456 μέντοι
830 2385 926 2439 τοῦ
957 2386 1074 2456 βίου
1103 2388 1280 2439 ἐκεῖνο
1304 2384 1613 2454 λέγω.Ὲάν
1641 2406 1700 2441 τε
1731 2392 1840 2460 γὰρ

270 2478 385 2549 βίον
416 2478 656 2551 ζητήσῃς
712 2477 979 2531 πάντοθεν
1031 2480 1570 2549 συγκεκροτημένον,
1600 2480 1702 2538 οὐκ
1734 2482 1843 2534 ἀπὸ

269 2570 492 2641 μέρους,
522 2568 643 2621 ἀλλ’
708 2569 768 2633 ἐξ
818 2569 1115 2640 ὁλοκλήρου
1167 2572 1265 2624 καὶ
1324 2570 1418 2623 τοῦ
1471 2572 1696 2637 παντὸς,
1748 2575 1844 2628 καὶ

265 2659 648 2730 θαυμασθέντα
678 2659 778 2730 μὲν
805 2660 895 2728 ὑφ’
937 2660 1218 2728 ἁπάντων,
1273 2661 1653 2730 θαυμασθέντα
1682 2662 1727 2714 δ’
1754 2664 1846 2715 οὒ-

267 2755 359 2806 δὲν
394 2752 614 2822 μᾶλλον,
640 2751 778 2806 ἀλλὰ
810 2756 972 2823 μόνον
999 2753 1109 2806 τῶν
1135 2755 1355 2808 πάντων
1384 2772 1450 2807 πε
1460 2756 1514 2826 pl
1538 2755 1665 2818 τοὺς
1690 2754 1844 2809 ἐπαί-

265 2863 389 2910 νους
443 2847 774 2916 ἠτυχηκότα,
820 2845 917 2900 ἐὰν
973 2863 1033 2900 τε
1085 2846 1265 2917 ἄκραν
1295 2849 1575 2915 εὐγένειαν
1615 2848 1843 2918 γνώμης

271 2940 390 3008 μετ’
437 2938 757 3002 ἐπιεικείας,
810 2938 903 2992 καὶ
959 2938 1166 3009 φρένας
1209 2939 1536 3009 ὑπερφυεῖς,
1569 2942 1665 2995 καὶ
1691 2939 1845 3010 λῆμα

270 3030 475 3099 ὑψηλὸν
513 3030 605 3083 καὶ
663 3030 925 3092 καθεστὸς
969 3029 1064 3082 καὶ
1112 3032 1383 3098 γενναῖον,
1444 3033 1540 3084 καὶ
1587 3030 1711 3085 ὅλον
1748 3032 1843 3084 τοῦ

270 3121 609 3190 Πνεῦματος,
666 3119 746 3173 ἔτι
776 3138 835 3174 τε
883 3121 1124 3191 τρόπους
1160 3122 1301 3176 πάνυ
1337 3137 1419 3175 τοι
1457 3121 1715 3184 πιθανοὺς
1751 3123 1848 3176 καὶ

271 3216 384 3275 τοῖς
420 3215 556 3266 πᾶσι
576 3214 1024 3284 κεχαρισμένους,
1078 3216 1175 3269 καὶ
1224 3214 1477 3282 ἀγωγοὺς
1515 3211 1728 3283 μάλιστ’
1759 3213 1844 3265 ὲν-

2014 2387 2132 2444 CX.
2160 2386 2239 2442 De
2267 2384 2379 2440 vita
2405 2384 2579 2443 nostri
2608 2398 2743 2439 vero
2795 2383 2925 2438 illud
2954 2382 3133 2438 habeo
3165 2382 3368 2439 dicere.
3393 2380 3520 2436 Sive

1945 2483 2090 2539 enim
2122 2480 2312 2543 vitam,
2341 2479 2601 2549 undique,
2635 2494 2742 2533 non
2773 2492 2839 2532 ex
2870 2486 3045 2547 parte,
3076 2477 3172 2532 sed
3203 2490 3270 2531 ex
3297 2483 3431 2540 toto,
3465 2486 3521 2530 et

1944 2575 2003 2631 in
2041 2573 2304 2637 solidum,
2351 2571 2676 2626 instructam
2735 2585 2802 2625 ac
2832 2569 3243 2635 consolidatam,
3296 2570 3518 2638 quaeris,

1948 2638 2185 2732 eamtfue
2218 2674 2546 2731 magnopere
2598 2660 2818 2730 quidem
2869 2659 3305 2715 conceiebratam
3340 2661 3521 2715 omni-

1946 2753 2069 2818 bus,
2098 2767 2274 2822 neque
2300 2766 2369 2808 eo
2397 2752 2574 2823 magis
2606 2762 2784 2807 tamen
2811 2753 3168 2821 celebratam,
3198 2767 3390 2809 verum
3420 2753 3523 2807 hac

1942 2860 2050 2900 una
2103 2848 2367 2900 duntaxat
2418 2845 2476 2898 in
2532 2859 2633 2908 re,
2685 2858 2883 2915 nempe
2935 2845 3287 2911 laudatione,
3341 2845 3522 2900 "tinus

1943 2934 2308 2993 fortunatam.
2352 2936 2483 2991 Sive
2530 2938 2579 2992 si
2625 2950 2898 2991 summam
2937 2937 3109 2992 animi
3157 2936 3520 2997 nobilitatem.

1943 3028 2346 3099 aequanimitate
2389 3027 2762 3097 coniunctam,
2797 3037 2854 3083 et
2882 3028 3110 3098 spiritus
3152 3029 3429 3092 heroicos.
3463 3039 3521 3084 et

1944 3122 2112 3177 robur
2145 3120 2314 3176 animi
2346 3119 2648 3183 excelsum,
2674 3127 2731 3175 et
2763 3128 3046 3185 constans,
3077 3128 3134 3174 et
3172 3132 3520 3187 generosum,

1947 3220 2005 3267 et
2035 3219 2206 3266 totum
2236 3210 2411 3265 sancti
2448 3208 2706 3280 Spiritus,
2743 3211 2980 3278 queris;
3011 3210 3199 3266 adlmc
3226 3211 3355 3265 item
3408 3222 3526 3266 moi-

269 3302 503 3368 τεύξεις,
561 3304 655 3356 καὶ
708 3303 1054 3375 ἀναχώρησιν
1083 3303 1294 3357 ἐκεῖθεν
1346 3303 1408 3357 οὑ
1439 3305 1686 3373 φορητὴν
1707 3319 1723 3336 ·
1750 3304 1842 3357 καὶ

1955 3318 2041 3358 res
2085 3304 2155 3357 ad
2210 3302 2648 3372 persuadendum
2698 3303 3315 3367 accommodatissimos,
3344 3304 3526 3357 omni-

270 3396 406 3459 ὅλως
434 3396 496 3449 τὸ
520 3395 725 3459 πάντας
754 3396 1106 3467 ἀνθρώπους,
1131 3396 1181 3450 sl
1217 3396 1301 3449 δεῖ
1330 3396 1609 3466 συντόμως
1637 3396 1835 3458 εἰπεῖν,

276 3491 332 3540 ὲν
358 3488 436 3557 τῷ
488 3486 826 3559 παραχρῆμα
872 3488 973 3557 τῆς
1020 3488 1172 3553 θέας,
1214 3489 1295 3551 είς
1338 3487 1600 3555 ἔκπληξιν
1626 3487 1843 3558 θαυμα-

284 3582 409 3648 στὴν
432 3579 490 3644 ἐξ
522 3582 763 3651 ἀνάγκης
792 3582 924 3648 ἄγον
955 3579 1046 3633 καὶ
1083 3578 1326 3650 φίλτρον,
1367 3579 1498 3650 παρ’
1527 3578 1703 3632 οὐδενὶ
1736 3577 1844 3630 τῶν

286 3671 491 3723 πάντων
521 3671 580 3724 ἐν
616 3687 679 3739 γε
737 3672 830 3725 καὶ
869 3667 1050 3724 ὁτιοῦν
1090 3669 1300 3723 τούτων
1328 3671 1409 3733 είς
1461 3671 1661 3741 ἄκρονο
1695 3669 1847 3739 παρὰ

276 3761 326 3813 δ’
374 3762 516 3832 αὐτῷ
552 3760 728 3832 τούτῳ
784 3763 878 3816 καὶ
916 3762 1209 3832 ξύμπαντα
1246 3760 1442 3824 ταῦτα,
1503 3762 1597 3814 καὶ
1655 3761 1844 3831 μεῖζον

176 3918 179 3921 _
275 3851 370 3924 [an
409 3853 634 3925 μείζων]
675 3852 981 3925 ὑπερϐολῆς
1018 3853 1237 3924 ἀπάσης
1276 3852 1527 3917 κατεῖδες
1554 3851 1622 3906 ἂν
1677 3853 1834 3905 ἐντυ-

272 3943 408 4013 χῶν.

1950 3397 2156 3465 hucque
2176 3394 2601 3463 acceptissimus,
2624 3403 2676 3449 et
2710 3408 3032 3464 congressus
3057 3397 3301 3463 apprime
3328 3406 3525 3450 suaves

1949 3497 2005 3543 et
2036 3487 2413 3556 aspectabiles,
2426 3494 2479 3540 et
2502 3499 2775 3540 recessum
2809 3484 2881 3540 ab
2916 3486 3132 3540 homine
3159 3486 3523 3555 aegerrimam.

1952 3588 2116 3648 atque
2160 3580 2227 3633 ad
2258 3593 2551 3643 summam,
2585 3578 2717 3632 illud
2751 3577 2938 3633 nescio
2981 3579 3133 3647 quid,
3166 3580 3307 3647 quod
3336 3593 3526 3633 omnes

1953 3670 2226 3738 homines,
2268 3678 2326 3723 ut
2360 3676 2467 3724 uno
2501 3683 2614 3724 rem
2659 3670 2826 3723 verbo
2877 3669 3229 3739 complectar,
3264 3667 3527 3737 Gregorio

1952 3762 2200 3833 protinus
2233 3770 2549 3831 conspecto,
2593 3761 2677 3813 in“
2703 3760 2993 3814 miriﬁcum
3040 3768 3324 3830 stuporem
3371 3776 3526 3815 amo-

1954 3866 2199 3924 remque,
2235 3853 2544 3909 necessario
2568 3852 2916 3909 deducebat:
2952 3854 3142 3908 horum
3179 3868 3344 3909 unum
3396 3869 3527 3909 sane

1955 3946 2253 4015 quoddam,
2300 3954 2356 4001 et
2381 3946 2435 3998 id
2463 3945 2848 4014 quodcunque,
2877 3960 3046 4015 penes
3073 3946 3347 4001 neminem
3378 3961 3526 4001 mor-

273 4038 482 4103 talium,
536 4036 798 4092 altissimo
846 4037 901 4091 in
991 4038 1182 4107 gradu,
1247 4049 1413 4105 penes
1474 4036 1619 4092 hunc
1678 4036 1857 4107 ipsum
1921 4052 2073 4104 vero,
2119 4046 2176 4094 et
2202 4038 2481 4110 _universa
2534 4039 2673 4106 haec,
2739 4044 2796 4093 et
2852 4052 3020 4109 supra
3075 4050 3291 4096 omnem
3348 4040 3525 4110 posita

269 4145 575 4195 excessum,
607 4145 728 4184 mox
761 4145 880 4184 cum
930 4128 1024 4183 illo
1053 4144 1405 4199 congressus,
1440 4128 1837 4198 perspexisses.

344 4220 495 4276 PlA’.
530 4204 626 4284 Τίς
654 4221 750 4291 μὲν
778 4217 872 4274 οὖν
906 4220 1049 4275 οὕτω
1081 4222 1220 4292 μετὰ
1243 4222 1344 4291 τῆς
1376 4221 1532 4290 ὕλης,
1556 4221 1631 4284 ὡς
1660 4222 1728 4276 ἄν
1763 4238 1848 4286 τις

272 4317 544 4384 ἁνὼτερος
597 4312 750 4380 ὕλης,
781 4313 1028 4384 ὑπερῆρε
1077 4313 1178 4382 τῆς
1226 4310 1384 4383 ὕλης,
1411 4313 1519 4382 ὅλῳ
1548 4311 1641 4366 καὶ
1683 4316 1848 4367 παντὶ

271 4405 355 4474 τῷ
385 4404 462 4473 νῷ
486 4407 596 4467 τοῖς
647 4407 852 4473 νοητοῖς
881 4403 959 4467 ὡς
1004 4403 1288 4474 αἰσθητοῖς
1317 4403 1637 4473 ὲντρυφῶνς
1669 4401 1767 4465 Τίς
1790 4402 1848 4455 δὲ

273 4499 387 4560 τοῖς
417 4494 651 4565 παροῦσι
679 4496 774 4549 καὶ
814 4495 1008 4567 μηκέτ’
1039 4495 1321 4565 ἐσομένοις
1343 4498 1558 4567 χαίρειν
1593 4495 1849 4560 καθάπαξ

274 4585 466 4650 εἰπὼν,
489 4585 677 4640 ἔπειτα
710 4588 820 4649 τοῖς
847 4585 1104 4652 ἀποῦσιν,
1157 4587 1236 4650 ὡς
1268 4586 1368 4657 ήδη
1409 4585 1646 4657 παροῦσι
1678 4602 1849 4655 προσο

2021 4218 2161 4275 CXI.
2195 4219 2326 4286 Quis
2379 4230 2465 4275 est
2526 4220 2710 4289 igitur,
2745 4220 2838 4292 qui
2896 4221 3124 4290 pariter,
3170 4222 3295 4275 dum
3350 4223 3529 4278 adhuc

1950 4326 2072 4369 cum
2103 4311 2331 4366 materie
2357 4321 2567 4380 ageret,
2602 4326 2769 4381 supra
2811 4312 3096 4367 materiem
3138 4323 3361 4369 evectus
3388 4320 3530 4379 erat,

1949 4403 2099 4459 velut
2122 4402 2394 4473 quispiam
2424 4404 2674 4458 materiei
2708 4403 2988 4458 consortio
3017 4402 3285 4458 excelsior
3314 4421 3330 4457 :
3366 4403 3531 4457 nimi-

1950 4509 2072 4549 rum
2104 4501 2218 4548 toto
2244 4503 2303 4550 et
2354 4494 2502 4548 omni
2544 4495 2729 4549 animo
2759 4494 3154 4565 spiritualibus,
3185 4494 3328 4549 haud
3371 4495 3529 4550 aliter

1951 4601 2111 4655 quam
2136 4586 2204 4641 iis
2228 4601 2350 4657 quae
2369 4587 2472 4642 sub
2497 4601 2692 4644 sensus
2714 4586 2936 4653 cadunt,
2952 4587 3193 4643 suaviter
3215 4586 3526 4656 perfruens?

275 4673 432 4748 είχες
464 4678 556 4741 Τίς
594 4678 625 4731 ό
661 4678 886 4733 τοσοῦτο
933 4679 1033 4749 μὲν
1059 4678 1329 4748 ὁμιλήσας
1364 4680 1479 4740 τοῖς
1519 4678 1693 4742 κάτω,
1724 4679 1842 4733 ὅσον

1955 4678 2091 4744 Quis
2121 4691 2252 4732 vero
2298 4678 2430 4734 item
2484 4680 2872 4748 praesentibus,
2907 4693 3007 4734 nec
3033 4679 3197 4747 paulo
3234 4689 3359 4749 post
3413 4694 3529 4733 am-

276 4768 411 4822 αὑτὸ
451 4768 595 4822 τοῦτ’
643 4769 972 4839 ἐνδεδεῖχθαι
1024 4770 1413 4839 περικείμενος
1457 4770 1640 4840 σῶμα,
1687 4772 1747 4822 ὲν
1787 4770 1847 4823 δὲ

275 4862 345 4928 τῇ
379 4861 519 4913 κατὰ
543 4858 665 4913 νοῦν
696 4860 963 4932 ἐνεργείᾳ,
995 4865 1061 4915 τὸ
1079 4861 1188 4915 πᾶν
1216 4861 1520 4930 ἀπονείμχς
1548 4863 1663 4924 τοῖς
1695 4861 1843 4924 dum;

277 4948 379 5011 Τίς
410 4952 437 5001 ὁ
460 4949 547 5003 τὸν
582 4949 686 5014 ἔξω
714 4951 899 5015 τέλους
943 4952 1283 5023 θησαυρίσας
1309 4952 1502 5019 αἰῶνα,
1547 4952 1847 5022 ἐπειδήπερ

277 5042 376 5093 καὶ
391 5041 495 5111 πρὸ
517 5041 614 5095 τοῦ
640 5041 853 5108 τέλους,
877 5043 1201 5097 ικλείποντα
1216 5045 1306 5098 τὸν
1322 5042 1424 5096 νῦν
1449 5044 1638 5096 τοῦτον
1662 5042 1842 5113 ἑώρας

280 5129 401 5182 Τίνι
432 5132 630 5200 μᾶλλον
668 5134 898 5196 πλοῦτος
939 5132 1258 5199 παρῶπται,
1289 5132 1348 5187 ὃν
1386 5133 1414 5186 ό
1447 5135 1625 5187 τεκὼν
1656 5134 1847 5204 χρόνος

275 5222 478 5287 ἀνεῖλε,
516 5225 677 5293 μόνος
706 5224 749 5278 δ’
790 5227 1000 5290 ἐκεῖνος
1026 5224 1177 5296 αὖτῷ
1219 5224 1313 5279 τοῦ
1364 5227 1569 5289 παντὸς
1598 5226 1851 5295 ἐτιμᾶτο,

275 5308 339 5367 οὗ
366 5331 384 5364 ι
416 5308 639 5385 μήποτε
663 5317 726 5370 τὸ
753 5317 906 5382 κλέος
931 5319 1137 5372 ὀλεῖται
1162 5335 1177 5384 ;
1213 5338 1232 5371 ι
1256 5317 1352 5382 Τίς
1380 5317 1612 5371 ἀὸίωτον
1635 5319 1877 5387 ἐνόμισε.

278 5406 397 5476 βίον
423 5407 483 5459 τὸ
517 5408 666 5478 βιοῦν
698 5412 841 5463 κατὰ
887 5411 1121 5481 σάρκας,
1155 5410 1248 5462 καὶ
1284 5411 1358 5479 μὴ
1388 5409 1537 5480 βιοῦν
1566 5410 1643 5471 ὠς
1678 5410 1857 5461 εἰπεῖν

277 5498 387 5565 ἕξω
433 5499 587 5570 βίου·
643 5502 777 5570 μηδὲ
827 5501 941 5572 βίον
982 5503 1176 5570 τῳὸντι
1211 5501 1399 5553 τοῦτον
1466 5500 1687 5571 ἄριστον
1738 5501 1856 5570 κρί-

278 5606 415 5655 νειν,
469 5591 530 5644 τὸ
578 5591 836 5663 θνήσκειν
874 5593 931 5645 δὲ
980 5594 1077 5648 καὶ
1132 5593 1389 5647 τεθνᾶναι
1441 5585 1671 5662 μελετᾷν
1732 5593 1854 5647 ὅσαι

275 5698 457 5752 caput;

351 5864 398 5897 ⁸³
418 5863 586 5939 μευτ.
616 5878 719 5925 xu,
755 5861 810 5915 4.

612 5961 886 6021 ΡΑτιιοι.
921 5960 1036 6022 Gn.
1073 5961 1298 6025 CXLV.

1956 4770 2098 4842 plius
2134 4768 2356 4836 futuris,
2393 4784 2480 4825 res
2513 4770 2615 4825 sibi
2650 4785 2782 4827 suas
2806 4769 2947 4826 bona
2977 4770 3083 4826 lide
3105 4771 3311 4826 habere
3337 4771 3527 4841 jussis:

1954 4869 2142 4932 postea
2174 4860 2516 4925 absentibus,
2548 4860 2697 4917 velut
2721 4863 2833 4931 jam
2873 4862 3253 4930 praesentibus.
3285 4864 3527 4919 animum

1955 4968 2113 5007 suum
2132 4952 2425 5022 applicuit?
2453 4951 2584 5019 Quis
2606 4953 2717 5019 ille,
2748 4953 2838 5023 qui
2866 4955 3134 5010 hactenus
3167 4956 3533 5012 duntaxativ-

1953 5043 2247 5101 ferioribus
2269 5047 2420 5102 hisce
2437 5061 2561 5102 sese
2592 5050 2764 5113 daret,
2782 5058 3051 5119 quatenus
3082 5049 3135 5105 id
3163 5049 3341 5118 ipsum
3370 5050 3529 5104 modo

1955 5136 2290 5202 adstrueret,
2318 5138 2463 5208 quod
2495 5150 2723 5208 corpore
2751 5142 2985 5196 vestitus
3004 5151 3152 5198 esset
3177 5159 3193 5197 :
3225 5156 3412 5197 verum
3441 5155 3530 5196 se-

1929 5240 2104 5301 .creta
2137 5229 2336 5286 mentis
2362 5231 2664 5300 agitatione
2692 5233 2876 5288 omnia
2925 5234 3141 5304 superis
3178 5247 3242 5287 ac
3290 5230 3529 5288 caelesti-

1956 5319 2055 5374 bus
2099 5320 2452 5377 attribueret?
2486 5321 2620 5390 Quis
2654 5324 3070 5380 interminatum
3115 5323 3251 5379 illud
3297 5338 3327 5375 a
3360 5333 3532 5376 morte

1958 5426 2159 5475 aevum,
2202 5413 2447 5468 thesauri
2483 5415 2536 5469 in
2566 5417 2785 5471 modum
2833 5416 2936 5472 sibi
2985 5414 3331 5476 recondebat,
3364 5413 3534 5482 siqui—

1961 5501 2081 5556 dem
2107 5518 2344 5572 praesens
2371 5506 2474 5559 hoc
2489 5519 2688 5569 aevum,
2719 5506 2887 5561 etiam
2917 5517 3207 5576 antequam
3237 5505 3531 5558 terminum

1964 5609 2121 5649 suum
2162 5594 2411 5665 attingat,
2438 5596 2672 5653 deiicere
2698 5597 2986 5653 cerneret?
3006 5597 3105 5653 Cui
3129 5605 3324 5666 sprelre
3362 5596 3534 5662 magis

1964 5703 2093 5759 opes
2128 5687 2300 5758 fuere,
2333 5706 2469 5762 quas
2500 5693 2640 5750 idem
2670 5693 2817 5765 quod
2864 5694 3075 5765 peperit
3103 5702 3314 5763 tempus
3339 5698 3538 5747 consuo

3026 5963 3099 6023 11

3038 6134 3045 6161 μ’
