4028 6446
563 395 666 462 331

1750 395 2145 458 THEODULI
2185 396 2390 456 MOth
2400 397 2496 456 CII
2512 397 2530 455 [
3671 405 3758 468 33?.

557 528 701 568 mere
735 511 903 565 solet:
935 519 990 564 et
1014 509 1099 562 cui
1151 508 1277 564 solae
1311 507 1413 561 illa:
1447 505 1682 559 maximo
1725 505 1778 558 in
1825 505 2000 575 pretio
2027 506 2245 568 habitae,
2280 523 2510 576 quarum
2551 526 2566 558 ι
2609 508 2754 564 nullo
2791 508 2957 565 decus
2988 518 3072 565 est
3128 509 3356 566 delebile
3404 513 3558 569 saeclo
3592 516 3758 587 (16)?»

548 608 684 674 Quis
723 608 884 660 vitam
923 607 1144 659 minimc
1185 604 1401 659 vitalem
1435 603 1536 656 sibi
1578 617 1700 656 esse
1725 601 1881 655 duxit
1911 602 2215 656 secundum
2245 617 2466 657 carnem
2539 605 2744 670 vivere,
2812 615 2867 659 et
2910 622 3015 660 non
3083 618 3296 673 contra,
3365 621 3420 662 ut
3483 612 3559 667 sic
3597 614 3766 670 dicam.

559 712 706 753 intra
763 699 898 750 hanc
948 699 1109 750 vitam
1172 697 1372 759 vivere,
1410 708 1639 764 eamque
1699 707 1884 748 revera
1942 693 2106 748 vitam
2143 693 2402 763 optimam
2431 707 2674 764 censere,
2715 697 2851 752 mori
2898 697 3125 764 scilicet,

560 809 645 847 ras
686 793 932 846 meditari
957 791 980 844 ?

3198 711 3533 771 mortemque
3585 706 3632 760 in
3693 711 3768 762 ho-

627 888 790 942 CXII.
838 886 971 953 Quis
1023 885 1402 955 jusjurandum
1441 895 1550 939 tum
1597 889 1750 950 dare,
1811 895 1920 939 ttnn
1981 885 2127 940 acci-

2303 881 2452 938 PIB’.
2505 884 2602 946 Τίς
2633 883 2796 952 ὅρκον
2849 883 2992 938 οὕτω
3019 884 3220 939 διδόναι
3263 903 3322 939 τε
3375 889 3464 940 καὶ
3508 891 3770 960 λαμϐάνειν

467 1012 496 1048 -,
560 999 706 1053 pere,
750 979 975 1049 perinde
1032 980 1202 1032 vetuit
1255 979 1497 1041 omnino,
1555 992 1621 1032 eo
1675 977 1820 1046 quod
1883 977 2136 1044 utrinque

562 1075 832 1128 reddenda
866 1072 1049 1126 veniat
1100 1070 1284 1122 ratio?
1316 1069 1447 1134 Quis
1481 1069 1552 1122 ita
1597 1077 1839 1124 remotus
1879 1068 1946 1122 ab
1984 1067 2135 1120 omni

576 1168 853 1221 mundana
887 1165 1055 1236 gloria
1094 1179 1333 1232 unquam
1383 1163 1501 1227 fuit,
1534 1174 1588 1216 ut
1619 1165 1814 1218 donum
1845 1163 2008 1217 etiam
2041 1175 2140 1230 pa-

563 1259 888 1313 trandorum
923 1257 1316 1311 miraculorum
1361 1256 1622 1308 divinitus
1656 1254 1898 1322 recipere
1927 1253 2090 1308 nollet
2119 1269 2132 1306 :

561 1351 706 1420 quod
737 1350 991 1402 nimirum
1025 1348 1270 1401 videntes
1301 1347 1422 1399 inde
1454 1346 1505 1399 in
1536 1344 1722 1398 laudes
1763 1343 2027 1412 patrantis
2057 1342 2140 1394 [ιι-

564 1459 690 1496 rore
764 1442 993 1509 quodam
1055 1439 1256 1493 ruunt?
1325 1438 1455 1504 Quis
1513 1438 1848 1490 iracundiam
1917 1435 2141 1504 ejusque

567 1536 804 1602 impetus
834 1533 1158 1602 simpliciter
1201 1531 1252 1584 in
1311 1539 1575 1598 potestate
1615 1529 1827 1592 habuit,
1879 1528 2140 1596 concupi-

567 1626 790 1679 scentiae
850 1639 976 1677 vero
1027 1624 1248 1692 optimae
1333 1623 1550 1690 Deoque
1629 1629 1864 1688 accepta:
1920 1632 2137 1672 omnem

568 1733 794 1788 prorsus
825 1717 1090 1770 rationem
1111 1716 1284 1781 duxit,
1323 1725 1378 1769 at
1404 1714 1787 1785 perditissimus
1818 1712 1963 1766 illius
1987 1711 2143 1777 plane

571 1806 813 1863 nullam?
856 1807 1003 1875 Quis
1064 1809 1214 1862 risus
1263 1807 1393 1862 item
1441 1815 1496 1861 et
1556 1806 1828 1871 mmroris,
1879 1813 2140 1872 quantum

569 1918 780 1970 a‘quum
826 1911 965 1964 erat,
1019 1909 1320 1970 assumpto,
1373 1915 1439 1953 eo
1467 1902 1609 1969 quod
1658 1896 1921 1968 quidquid
1972 1896 2140 1951 hisiu

565 1993 684 2046 oris
713 2000 815 2057 est,
842 1991 894 2046 id
927 1993 1150 2044 omnino
1179 1991 1376 2059 partim
1423 1989 1698 2060 lacrymis,
1719 2002 1820 2043 nec
1852 1987 2141 2050 immerito,

568 2083 767 2151 partim
805 2081 1014 2149 derisu,
1053 2081 1337 2150 plusquam
1387 2080 1627 2136 celebres
1661 2079 1736 2134 illi
1771 2087 1983 2132 veteres
2025 2079 2146 2148 phio

561 2171 780 2241 iosophi
814 2171 1030 2240 dignum
1060 2171 1326 2225 haberet:
1360 2171 1502 2239 quod
1555 2170 1776 2222 noxium
1810 2168 2030 2236 utrique
2064 2166 2146 2220 af-

575 2265 743 2317 fectui
801 2264 1011 2328 aderat,
1046 2277 1112 2316 eo
1170 2263 1242 2316 ita
1292 2275 1679 2331 usquequaque
1729 2260 2052 2318 abstinebat,
2087 2269 2144 2311 ut

564 2372 750 2426 neque
789 2370 1023 2424 unquam
1063 2355 1127 2408 ad
1172 2353 1493 2409 solutiorem
1546 2354 1712 2407 risum
1767 2353 2000 2414 veniret,
2046 2366 2143 2405 ne-

571 2464 682 2517 que
712 2448 962 2502 humanis
1001 2458 1055 2502 et
1078 2445 1395 2508 ﬂuentibus,
1426 2454 1479 2499 et
1512 2460 1632 2513 quae
1661 2443 1793 2498 nihil
1839 2457 2026 2497 revera
2059 2458 2145 2497 es-

574 2549 695 2596 sent
737 2539 1066 2609 illacrymari
1117 2552 1296 2608 operae
1337 2537 1567 2606 pretium
1619 2536 1863 2600 duceret,
1897 2532 1991 2589 sed
2042 2548 2148 2589 uno

564 2642 629 2685 et
661 2640 923 2700 perpetuo
961 2628 1107 2682 luctu
1156 2636 1459 2691 teneretur,
1488 2639 1679 2694 nempe
1716 2624 1914 2678 divinae
1957 2637 2148 2679 conso-

576 2720 794 2774 Iationis
828 2719 1078 2790 parario?
1109 2717 1314 2773 Sensus
1337 2731 1467 2772 vero
1495 2731 1622 2770 suos
1645 2716 1766 2784 quis
1793 2729 1944 2784 aeque
1963 2716 2142 2770 mode-

566 2811 816 2873 rabatur,
848 2819 906 2864 ut
937 2813 1003 2864 ad
1035 2809 1471 2866 decentissimam
1505 2807 1735 2862 indolem
1779 2808 2135 2875 habitumque

2241 977 2439 1030 ἀπεῖπε
2491 976 2767 1043 καθάπαξ,
2799 977 2872 1040 ὡς
2904 977 3249 1047 ἑκατέρωθεν
3279 981 3598 1054 ἀπαντώσης
3637 987 3772 1041 εὐθύ-

2239 1083 2372 1135 νηςς
2409 1066 2506 1129 Τίς
2537 1066 2754 1138 ἁπάσης
2804 1074 3074 1142 κοσμικῆς
3123 1073 3366 1140 εὐδοξίας
3397 1073 3637 1128 τοσοῦτον
3661 1079 3774 1130 ἁπέ-

2241 1174 2363 1226 στη,
2387 1159 2460 1221 ὠς
2508 1159 2646 1228 μηδὲ
2706 1160 3002 1229 θαυμάτων
3034 1165 3194 1234 χάριν
3225 1166 3478 1236 ἐθελῆσαι
3510 1167 3680 1221 θεόθεν
3701 1171 3774 1222 δε-

2240 1248 2450 1318 δέχθαι,
2481 1252 2570 1304 διὰ
2601 1251 2660 1303 τὸ
2699 1251 2823 1315 τοὺς
2859 1255 3101 1324 ὁρῶντας
3130 1258 3266 1327 πρὶς
3314 1258 3532 1314 ἔπαινον
3560 1261 3775 1314 ἐντεῦθεν

2243 1339 2639 1408 ὲκμαίνεσθαι;
2673 1342 2765 1404 Τίς
2797 1343 3068 1413 ἐκράτησε
3115 1346 3213 1414 μὲν
3247 1348 3478 1400 είσάπαν
3517 1350 3675 1418 θυμοῦ
3701 1353 3776 1402 καὶ

2243 1430 2354 1480 τῶν
2392 1429 2485 1482 τοῦ
2535 1430 2707 1499 θυμοῦ
2741 1435 3078 1503 κινημῆτων,
3127 1438 3423 1508 ἐπιθυμίας
3453 1441 3507 1493 δὲ
3553 1441 3645 1510 τῆς
3699 1444 3776 1510 μὲν

2244 1519 2474 1589 ἀρίστης
2517 1519 2611 1572 καὶ
2643 1522 2924 1592 θεοφιλοῦς
2957 1525 3116 1594 λόγον
3165 1530 3460 1600 ἐποιήσατο
3487 1533 3669 1598 πάντα,
3695 1535 3778 1601 τῆς

2243 1609 2299 1662 δὲ
2319 1611 2532 1664 κάκιστ’
2555 1613 2934 1687 ἀπολουμένης
2962 1620 3069 1672 οὐδ’
3089 1621 3364 1687 ὁντινοῦν,
3393 1624 3483 1686 Τίς
3503 1625 3556 1677 δὲ
3577 1626 3776 1692 γέλωτι-ς

2247 1705 2341 1754 καὶ
2370 1700 2595 1766 πένθους
2624 1705 2745 1756 ὅσον
2773 1707 3018 1777 προσῆκε
3049 1710 3250 1776 λαϐὼν,
3281 1711 3358 1780 τῷ
3389 1714 3558 1766 πάντα
3593 1715 3653 1766 τὰ
3673 1715 3777 1783 τῇδε

2245 1792 2527 1860 καθάπαξ,
2580 1795 2649 1848 τὰ
2688 1797 2784 1866 μὲν
2834 1799 3058 1864 εἰκότως
3113 1802 3386 1871 δακρύων,
3421 1808 3486 1859 τὰ
3532 1805 3606 1868 δὲ,
3632 1823 3776 1858 κατα-

2245 1880 2479 1946 γέλωτος
2533 1883 2720 1949 ἀξιοῦν
2778 1887 2919 1958 ὑπὲρ
2991 1891 3116 1954 τοὺς
3173 1893 3343 1946 πάλαι
3391 1895 3776 1965 φιλοσοφοῦντας

2246 1971 2506 2038 ἐκείνους,
2547 1974 2576 2027 ὃ
2607 1975 2874 2048 βλαϐερὸν
2902 1980 3149 2052 ἐκατέρῳ
3188 1986 3420 2056 προσῆν,
3456 1985 3594 2041 οὕτω
3620 1987 3778 2039 τούτου

2247 2065 2504 2132 καθάπαξ
2530 2069 2824 2140 ἀπέσχετο,
2867 2072 2941 2135 ὡς
2965 2074 3103 2144 μήτε
3137 2077 3272 2143 πρὸς
3301 2079 3512 2146 γέλωτα
3537 2078 3775 2150 προῆχθαί

2248 2175 2402 2225 ποτε,
2440 2160 2572 2228 μήθ’
2623 2161 2763 2233 ὑπὲρ
2815 2163 3172 2233 ἀνθρωπίνων
3205 2186 3264 2221 τε
3303 2170 3397 2222 καὶ
3444 2172 3680 2241 ῥεόντων,
3706 2175 3780 2224 καὶ

2247 2249 2411 2318 μηδὲν
2457 2251 2646 2316 ὄντων,
2698 2255 2888 2322 τῳόπι
2937 2257 3144 2312 κλαίειν
3189 2260 3444 2328 ἑλέσθαι,
3480 2263 3608 2316 ἀλλὰ
3664 2264 3781 2332 μόνῳ

2245 2344 2339 2394 καὶ⁸
2365 2342 2609 2413 διηνεκεῖ
2640 2347 2826 2401 πένθει
2877 2351 3203 2421 κεχρῆσθαι,
3231 2354 3312 2423 τῷ
3360 2356 3457 2426 τὴν
3494 2356 3635 2409 θείαν
3661 2372 3773 2423 μνω-

2247 2433 2394 2504 μένῳ
2433 2434 2815 2506 παράκλησιν;
2847 2439 3139 2510 Αίσθήσεις
3168 2442 3214 2494 δ’
3240 2429 3424 2508 αὖτίς
3449 2445 3613 2508 οὕτως
3658 2445 3782 2496 ἐπαι-

2243 2526 2586 2595 δαγὼγησεν,
2635 2528 2710 2588 ὡς
2767 2530 2909 2582 πάνυ
2962 2547 3043 2585 τοι
3097 2534 3345 2602 κοσμίως
3395 2536 3778 2608 παρασκευάσαι

2244 2624 2474 2674 ταυτασὶ
2517 2622 2844 2691 διακεῖσθαι,
2889 2627 2984 2679 καὶ
3023 2628 3293 2682 κάλλιστα
3349 2629 3514 2701 ἔχειν,
3553 2632 3639 2686 καὶ
3670 2630 3783 2682 κατὰ

2251 2712 2413 2781 φύσιν
2447 2717 2666 2783 χωρεῖν,
2691 2717 2786 2768 καὶ
2825 2715 2965 2770 εἶναι
3004 2720 3280 2784 τοιαύτας,
3317 2724 3456 2787 οῖαις
3483 2725 3568 2777 τὸν
3598 2721 3690 2792 πρὸ
3709 2721 3784 2786 τῆς

2253 2805 2616 2875 παραϐάσεως
2640 2805 2924 2878 ἄνθρωπον
2949 2811 3056 2863 ἔδει
3077 2815 3382 2884 κεχρῆσθαι
3403 2832 3420 2882 ;

563 2903 998 2970 pulcherrimum
1031 2907 1402 2969 componeret,
1450 2908 1505 2956 et
1539 2909 1747 2954 natura:
1779 2899 2025 2954 ordinem
2057 2897 2230 2966 sequi,
2264 2897 2508 2968 talesque
2533 2899 2691 2969 plane
2753 2917 2873 2955 esse
2941 2906 3332 2974 assuefaceret,
3403 2910 3640 2980 qualibus
3696 2907 3784 2975 pri.

572 3008 719 3046 nium
759 2992 1034 3046 hominem
1066 3001 1194 3046 ante
1223 2990 1435 3060 lapsum
1465 2991 1541 3044 uti
1572 2989 1854 3060 oportuit?

644 3086 832 3144 CXIII.
861 3086 964 3142 Cui
1015 3101 1180 3156 porro
1219 3087 1288 3140 ita
1338 3087 1570 3143 virtutes
1613 3089 1900 3155 universas,
1937 3096 1995 3141 ut
2038 3101 2141 3140 una

561 3182 782 3251 aliqua,
809 3194 955 3234 cura:
984 3179 1275 3249 studioque
1306 3178 1495 3234 fuere?
1518 3180 1633 3235 sive
1673 3180 1872 3250 potius,
1909 3179 2033 3248 quis
2067 3182 2142 3234 ita

575 3275 866 3337 virtutum,
899 3281 1012 3328 tum
1054 3271 1415 3341 singularum,
1448 3281 1560 3326 tum
1605 3273 1867 3336 omnium,
1900 3273 2144 3326 admira-

561 3366 702 3419 bilis
727 3364 901 3418 cultor
929 3371 1068 3429 erat,
1114 3371 1175 3416 ut
1215 3363 1305 3432 qui
1337 3363 1577 3434 singulas
1604 3377 1849 3433 quasque
1881 3363 2138 3418 excolue-

575 3467 724 3522 rant,
753 3471 818 3512 eo
853 3453 1332 3526 superaret,‘quod
1375 3454 1492 3523 ipse
1524 3454 1690 3509 simul
1717 3463 1943 3510 cunctas
1974 3467 2141 3510 exco-

567 3549 813 3604 luisset:
851 3563 1037 3602 rursus
1080 3547 1173 3616 qui
1218 3547 1526 3611 univerSas,
1559 3546 1702 3615 quod
1756 3547 1870 3616 ipse
1903 3546 1954 3600 in
1987 3562 2148 3601 cacu-

559 3656 698 3694 men
730 3640 923 3694 enixus
951 3640 1140 3694 esset?
1171 3637 1302 3704 Quis
1337 3639 1410 3692 ita
1450 3638 1696 3708 capitalis
1723 3647 1778 3692 et
1804 3637 1998 3704 solers,
2031 3648 2143 3692 tum

2319 3080 2462 3138 PII".
2509 3082 2744 3153 Ἀρετῶν
2775 3085 2831 3138 δὲ
2863 3085 2967 3138 τίνι
3001 3089 3190 3141 πασῶν
3218 3088 3504 3158 ἐμέλησεν,
3539 3088 3608 3151 ὡς
3644 3091 3781 3158 μιᾶς,

2252 3176 2452 3246 μᾶλλον
2477 3175 2533 3230 δὲ
2562 3177 2646 3239 τίς
2681 3175 2854 3240 οὕτως
2880 3178 3060 3230 αὐτῶν
3090 3180 3181 3233 καὶ
3211 3181 3356 3233 κατὰ
3389 3183 3516 3250 μίαν
3551 3184 3637 3234 καὶ
3666 3183 3780 3234 κατὰ

2249 3268 2429 3330 πάσας
2469 3268 2780 3336 θαυμαστὸς
2817 3270 3158 3341 σπουδαστὴς
3183 3272 3448 3340 ἐγεγόνει,
3477 3274 3548 3337 ὡς
3576 3275 3676 3326 τῶν
3705 3272 3784 3342 μὲν

2254 3358 2493 3425 ἑκάστην
2544 3357 2726 3410 αὐτῶν
2782 3358 3212 3427 κατορθούντων,
3270 3363 3687 3433 περιγεγονέναι,
3724 3360 3785 3430 τῷ

2254 3450 2432 3510 πάσας
2461 3448 2650 3502 τοῦτον
2701 3449 2859 3520 ὁμοῦ,
2894 3453 3004 3504 τῶν
3058 3451 3103 3505 δ’
3148 3453 3215 3506 αὖ
3247 3457 3490 3522 ἁπάσας,
3528 3457 3600 3524 τῷ
3630 3455 3785 3510 τοῦτον

2253 3541 2333 3604 είς
2371 3542 2577 3610 ἄκρον;
2605 3542 2698 3605 Τίς
2733 3542 2876 3595 οὕτω
2910 3542 3081 3606 δεινὸς
3118 3546 3184 3597 τὰ
3212 3545 3402 3601 δέοντα
3434 3549 3654 3619 μάλιστα
3677 3546 3786 3599 πάν-

2252 3649 2361 3685 των
2391 3633 2622 3684 συνιδεῖν
2649 3649 2706 3684 τε
2733 3634 2827 3685 καὶ
2857 3635 3234 3704 καταπρᾶξαι;
3266 3637 3364 3700 Τίς
3409 3640 3503 3692 καὶ
3530 3641 3689 3692 εἰπεῖν
3711 3638 3786 3689 καὶ

575 3731 943 3801 pervidendis,
983 3740 1095 3784 tum
1150 3730 1517 3798 perﬁciendis,
1541 3745 1662 3799 quae
1711 3731 1854 3784 facto
1897 3745 2033 3798 opus
2063 3744 2146 3783 es-

2251 3721 2481 3778 ἁκοῦσαι
2516 3722 2555 3777 ὃ.
2585 3724 2686 3787 δεῖ,
2727 3724 2820 3777 καὶ
2849 3725 2936 3778 ὅτε
2987 3726 3225 3794 μάλιστα
3271 3729 3389 3798 δεῖ;
3415 3732 3509 3794 Τίς
3541 3733 3685 3799 λόγον
3715 3729 3786 3781 καὶ

573 3834 720 3887 sent,
771 3838 909 3878 unus
961 3838 1074 3892 pra:
1120 3822 1242 3876 aliis
1276 3821 1531 3876 omnibus
1582 3819 1903 3886 erat?Quis
1953 3829 2008 3874 et
2057 3818 2195 3874 ore'

579 3915 782 3983 eloqui,
816 3925 870 3969 et
903 3915 1125 3970 auribus
1174 3915 1422 3983 accipere
1475 3912 1736 3981 paratior,
1769 3925 1888 3980 quae
1930 3926 1994 3964 ex
2051 3925 2150 3965 usu

567 4014 783 4070 essent,
818 4014 872 4058 et
915 4003 1130 4074 quando
1177 4003 1410 4056 maxime
1450 4000 1678 4056 essent?
1706 4001 1838 4066 Quis
1867 3999 2017 4054 fandi
2069 4009 2149 4054 ta-

577 4095 839 4164 cendique
878 4102 1141 4162 tempora,
1202 4103 1484 4161 artemque
1527 4091 1754 4144 tacendo
1796 4091 1958 4144 etiam
2011 4107 2150 4143 non-

563 4203 852 4252 rnunquam
884 4202 995 4241 rem
1026 4186 1340 4240 felicissime
1378 4183 1619 4253 gerendi,
1651 4183 1852 4237 rectius
1887 4183 2148 4238 tenebat?

563 4277 710 4343 Quis
742 4292 980 4346 unquam
1027 4291 1092 4330 eo
1139 4276 1282 4344 quod
1318 4272 1456 4328 nihil
1501 4273 1748 4340 haberet,
1779 4283 1972 4328 cuncta
2025 4288 2145 4328 sese

580 4369 798 4433 habere,
833 4376 885 4420 et
918 4368 1088 4420 miras
1120 4365 1522 4433 immensasque
1547 4378 1677 4431 opes
1702 4363 1942 4432 inopiam
1974 4364 2144 4433 ipsam

580 4460 856 4526 possidere
895 4473 1016 4514 sese
1058 4457 1332 4512 credidit?
1371 4472 1468 4526 per
1505 4470 1665 4527 quam
1703 4455 1942 4526 inopiam
1990 4456 2147 4524 longe

2252 3814 2467 3884 σιωπῆς
2507 3816 2710 3869 εἰδέναι
2754 3820 3004 3886 καιροῖς,
3031 3820 3126 3870 καὶ
3158 3819 3226 3871 δι’
3271 3822 3440 3893 αὐτῆς
3473 3823 3577 3876 ἔσθ’
3605 3824 3684 3875 ὅτε
3711 3835 3785 3872 τα·

2253 3907 2486 3974 μέγιστα
2515 3908 2854 3978 κατορθοῦν;
2906 3910 3001 3973 Τίς
3033 3911 3088 3963 ὲν
3123 3912 3199 3981 τῷ
3246 3915 3415 3984 μηδὲν
3453 3916 3591 3985 ἔχειν
3634 3914 3786 3984 ἡγεῖτο

2250 3999 2343 4050 καὶ
2375 3998 2698 4069 θαυμαστήν
2736 4017 2861 4053 τινα
2893 4004 2986 4054 καὶ
3009 4003 3214 4056 ἄτοπον
3277 4006 3538 4075 εὐπορίαν
3571 4005 3661 4073 τὴν
3683 4004 3784 4056 ἁπη-

2249 4091 2372 4161 ρίαν
2394 4091 2718 4161 κεκτῆσθαι,
2741 4093 2807 4144 δι’
2839 4087 2905 4164 ἦς
2931 4092 3044 4147 ἐστι
3063 4096 3200 4148 πάνυ
3225 4113 3308 4149 τοι
3340 4100 3512 4168 ῥᾷστα
3536 4115 3554 4148 ι
3582 4097 3670 4165 τὴν
3690 4108 3786 4146 στε-

2253 4183 2350 4253 νὴν
2398 4184 2649 4248 διελθεῖν,
2690 4204 2708 4236 ι
2736 4189 2828 4238 καὶ
2861 4189 3001 4242 πάνυ
3042 4206 3126 4242 τοι
3165 4190 3383 4259 κούφως
3433 4193 3512 4255 είς
3563 4184 3788 4259 οὐρανοὺς

2253 4277 2586 4347 ἀναπτῆναι,
2617 4279 2803 4349 μηδενὶ
2825 4280 3160 4352 βαρούμενον
3183 4303 3196 4337 :
3230 4285 3328 4348 Τίς
3353 4289 3381 4338 ὁ
3403 4286 3558 4346 αὐτὸς
3581 4283 3664 4334 καὶ
3683 4277 3788 4330 πάν-

2253 4383 2363 4418 των
2394 4367 2452 4419 ὲν
2487 4366 2661 4420 ἅπασι
2693 4367 2982 4439 προῦχων,
3018 4375 3112 4423 καὶ
3154 4371 3367 4435 πάντας
3397 4369 3584 4425 ἑαυτοῦ
3613 4367 3681 4434 τῷ
3714 4377 3790 4430 με·

2255 4457 2394 4528 τρίῳ
2423 4457 2522 4526 τῆς
2557 4459 2786 4528 γνώμης
2817 4458 3155 4530 προῦχοντας
3185 4461 3326 4532 ἔχων
3359 4480 3374 4528 ;

579 4553 984 4624 expeditissime
1019 4571 1038 4604 ι
1066 4562 1352 4621 angustam
1384 4552 1800 4623 illamitransire
1820 4562 2032 4622 portam
2053 4553 2120 4619 ⁸³,
2143 4572 2160 4606 ι
2204 4554 2508 4624 pennisque
2555 4557 2880 4625 praepetibus
2907 4556 2964 4612 in
2993 4556 3163 4612 caelos
3195 4560 3416 4615 evolare
3477 4565 3680 4630 potest,
3719 4545 3789 4617 qui

589 4665 650 4703 ιθ
689 4648 941 4702 videlicet
987 4647 1128 4700 nulla
1156 4658 1407 4716 gravatus
1449 4658 1550 4704 est.
1582 4648 1715 4715 Quis
1745 4650 1908 4703 simul
1972 4659 2026 4702 et
2070 4650 2338 4714 omnium,
2409 4649 2770 4718 omnibusque
2850 4651 2903 4706 in
2946 4651 3140 4722 rebus.
3178 4653 3646 4720 praestantissimus
3676 4647 3790 4700 idem

594 4744 714 4802 fuit.
741 4753 794 4795 et
814 4757 1022 4796 summa
1065 4751 1242 4796 tamen
1274 4743 1438 4797 animi
1469 4744 1728 4798 modestia
1759 4756 1950 4798 omnes
1978 4743 2156 4812 scipso
2196 4744 2600 4813 praestantiores
2622 4744 2862 4799 habuit?

651 4832 838 4888 CXIV.
878 4833 1011 4899 Quis
1059 4849 1124 4900 ea
1178 4850 1418 4904 unquam
1474 4846 1817 4905 pervenerat,
1865 4845 1924 4889 ut
1981 4835 2146 4890 Deum

2326 4837 2470 4890 PIA'.
2523 4835 2618 4899 Τίς
2683 4837 2777 4890 ἐπὶ
2824 4835 3077 4890 τοσοῦτον
3115 4841 3338 4907 ἀφῖκτο,
3387 4839 3462 4902 ὡς
3488 4835 3693 4905 ἀγαπᾷν
3721 4827 3792 4880 τὸν

583 4933 796 4978 amaret
823 4925 997 4992 magis
1024 4939 1186 4994 quam
1221 4936 1464 4994 paveret,
1499 4926 1760 4980 nimirum
1791 4928 2046 4995 quoniam
2073 4928 2154 4982 Ie-

587 5031 682 5082 με
717 5015 884 5084 ipsius
934 5016 1172 5086 perfecte
1213 5017 1502 5072 servaret?
1533 5017 1674 5087 quod
1717 5019 1806 5072 uhi
1853 5019 2026 5083 adest,
2060 5034 2155 5073 su-

583 5120 886 5172 pervacuus
945 5108 1131 5174 utique
1180 5121 1347 5174 pavor
1387 5117 1490 5162 est.
1549 5107 1683 5161 Tum
1724 5109 1808 5163 cui
1855 5127 1874 5158 ι
1909 5119 2052 5161 tanta
2087 5109 2154 5163 ad

585 5196 756 5249 Deum
787 5197 984 5251 ﬁducia
1023 5197 1146 5263 fuit,
1181 5209 1238 5251 ut
1271 5201 1361 5267 qui
1396 5215 1495 5254 nec
1529 5216 1558 5253 a
1594 5201 1758 5254 corde
1782 5215 1882 5254 suo
1916 5216 2154 5270 unquam

583 5288 879 5343 damnatus
911 5291 1141 5355 esset“,
1167 5307 1188 5342 ι
1216 5300 1268 5344 et
1288 5305 1454 5359 super
1470 5291 1853 5346 determinatas
1873 5302 2160 5362 praecepto-

587 5394 705 5431 rum
741 5377 913 5435 fossas
963 5382 1327 5449 procurrisset
1351 5399 1368 5450 ;
1396 5385 1544 5440 solus
1560 5385 1735 5450 enim,
1771 5395 1831 5438 ut
1876 5383 2041 5438 verbo
2070 5385 2154 5437 di-

577 5483 797 5537 camus,
834 5472 886 5524 in
935 5487 1000 5527 eo
1054 5476 1438 5543 perseveravit,
1471 5486 1538 5529 ut
1573 5491 1914 5531 communem
1949 5484 2155 5531 morta-

2257 4923 2392 4978 Θεὸν
2425 4924 2628 4994 μᾶλλον
2657 4926 2688 4996 ἢ
2713 4926 2965 4991 δεδίεναι,
2985 4929 3064 4998 τῷ
3084 4931 3211 4993 τοὺς
3244 4932 3414 4986 αὑτοῦ
3438 4932 3626 5002 νόμους
3654 4919 3793 4977 καθὰ-

2259 5017 2368 5082 παξ
2399 5017 2727 5087 φυλάττεινς
2757 5013 2816 5074 οὗ
2842 5021 3132 5089 παρόντος,
3159 5029 3416 5093 περιττὸν
3442 5025 3504 5077 τὸ
3528 5022 3615 5075 τοῦ
3646 5019 3789 5074 δέονθ’
3886 5075 3889 5081 _

2258 5109 2368 5162 τίνι
2401 5109 2457 5162 δὲ
2492 5128 2511 5162 ι
2543 5111 2779 5182 τοσαύτη
2820 5130 2904 5175 τις
2941 5116 3072 5183 πρὸς
3091 5114 3223 5170 Θεὸν
3245 5118 3544 5188 παρρησία,
3574 5110 3686 5165 οὔτε
3715 5106 3790 5170 τὴκ

2261 5200 2488 5273 καρδίαν
2545 5202 2739 5255 ἑαυτοῦ
2771 5205 3148 5273 καταγνοῦσαν
3198 5208 3458 5277 ὲσχηκότι
3488 5205 3634 5268 ποτὲ,
3670 5219 3686 5253 ι
3718 5196 3792 5249 καὶ

2256 5294 2401 5365 ὑπὲρ
2435 5295 2504 5348 τὰ
2535 5297 2857 5366 ἐσκαμμένα
2904 5297 3013 5350 τῶν
3044 5300 3275 5352 ἐντολῶν
3308 5301 3588 5371 ὡρμηκὸτι
3615 5313 3627 5362 ;
3661 5294 3791 5362 μόνος

2263 5387 2395 5457 γὰρ,
2428 5388 2504 5451 ὡς
2548 5391 2748 5459 εἰπεῖν,
2775 5391 3062 5460 διαγέγονε
3097 5392 3235 5462 πρὸς
3275 5393 3338 5445 τὸ
3367 5393 3468 5462 τὴν
3511 5389 3682 5454 κοινὴν
3707 5380 3792 5431 τῶν

2262 5479 2566 5551 ἀνθρώπων
2595 5483 2760 5551 φύσιν
2783 5484 3194 5554 ὑπερϐαλέσθαι
3243 5485 3552 5539 διαπάντων
3573 5481 3670 5535 τῶν
3689 5471 3791 5529 κα).-

645 5644 702 5676 ⁴³
729 5647 924 5700 Matth.
958 5664 1053 5717 vn,
1079 5651 1164 5717 15,
1201 5652 1268 5706 14
1295 5670 1309 5722 ;
1341 5652 1484 5709 Luc.
1518 5669 1638 5714 xm.
1667 5653 1760 5706 24.
1838 5654 1883 5686 ⁵⁸
1904 5653 1948 5720 Ι,
1974 5653 2130 5710 Joan.
2175 5672 2260 5724 ιιι,
2293 5659 2380 5712 Sil.

651 5821 767 5895 (ιιι)
804 5823 962 5884 nam.
1000 5828 1065 5894 ll,
1099 5828 1220 5881 διδ.
