4028 6498
281 474 379 537 333
498 454 505 465 “
1137 477 1529 540 LAUDATIO
1567 477 1630 541 ε.
1675 476 1872 538 eaeo

2034 478 2058 538 ι
2103 474 2526 541 THEOLOGL
3453 465 3557 534 ρει
3614 438 3622 449 “

284 591 477 644 λίστων
508 587 856 659 φιλονεικῶν,
888 588 984 645 ml
1013 588 1113 661 τῆς
1144 594 1275 665 περὶ
1310 577 1443 647 Θεὸν
1479 592 1734 663 ἑταιρίας
1761 609 1863 647 τα-

1970 596 2102 651 lium
2150 604 2399 650 naturam
2448 594 2502 649 in
2540 590 2925 663 pulcherrimis
2958 588 3120 645 rebus
3165 580 3425 644 omnibus
3469 602 3561 641 su-

289 682 475 756 πρῶτα
511 682 776 751 φέρεσθαι
801 701 818 715 σ
853 683 1038 754 διττῆς
1087 683 1144 738 δὲ
1190 685 1399 755 ταύτης
1431 685 1603 757 οὔσης
1649 687 1745 740 καὶ
1774 684 1865 740 ἐπ’

1970 701 2186 758 perare,
2208 687 2487 757 Deumque
2520 686 2773 754 stipanlis
2801 683 3107 740 sodalitatis
3143 682 3380 751 primum
3413 689 3559 734 tene-

290 775 451 843 ἄμφω
479 774 788 845 χωρούσης,
831 775 911 839 εἷς
951 793 1012 829 τε
1048 776 1150 841 τὰς
1197 777 1314 831 ἄνω
1364 777 1733 848 ταξιαρχίας·
1771 778 1868 832 καὶ

2075 779 2276 845 locum,
2309 779 2691 835 contenderet.
2719 777 2849 845 Quze
2880 793 3006 831 cum
3049 776 3247 846 duplex
3280 775 3373 838 sit,
3413 783 3466 827 et
3493 772 3562 828 ad
3656 790 3660 797 '

290 865 393 918 τῶν
418 865 724 935 ἀνθρώπων
757 867 875 920 ὅσοι
906 867 1178 939 θεοφιλεῖς
1208 872 1304 923 ml
1337 870 1472 941 παρ’
1518 868 1668 940 αὐτῷ
1703 870 1868 924 δυνα-

1974 882 2267 943 utrumque
2298 871 2589 940 pertineat,
2631 870 2895 925 nimirum
2948 872 3014 924 ad
3066 882 3295 937 superas
3333 866 3559 935 angelo-

293 957 593 1023 στεύοντες,
650 960 760 1013 τῶν
793 960 912 1026 μὲν,
944 961 1071 1014 ὅσον
1106 961 1313 1032 ἡττᾶτο
1347 961 1434 1016 διὰ
1467 961 1531 1015 τὺ
1568 961 1751 1030 σῶμα,
1779 981 1873 1016 το-

1976 978 2097 1018 rum
2131 963 2360 1029 classes,
2411 970 2467 1017 et
2506 962 2573 1016 ad
2626 962 2907 1015 hominum
2949 960 3093 1023 illos,
3128 959 3226 1028 qui
3255 955 3565 1013 charissimi

293 1050 446 1104 σοῦτο
468 1050 695 1114 τούτους
730 1051 1004 1121 παρῆλθε,
1045 1051 1154 1106 τῶν
1204 1069 1263 1105 τε
1301 1052 1445 1121 μετὰ
1479 1053 1580 1123 τῆς
1612 1051 1749 1123 ὕλης
1776 1054 1873 1108 καὶ

1978 1054 2088 1110 Deo
2120 1039 2269 1120 sunt,
2322 1055 2724 1125 plurimumque
2763 1056 2900 1123 apud
2942 1068 3065 1106 eum
3105 1063 3354 1121 possunt,
3391 1064 3565 1119 quan-

210 1168 219 1173 κ
290 1142 380 1197 τοῦ
417 1143 675 1198 ταπεινοῦ
717 1145 810 1198 τοῦ
844 1144 900 1197 δὲ
936 1144 1034 1197 καὶ
1067 1142 1308 1212 γεώδους
1337 1145 1589 1214 φορτίου,
1611 1145 1681 1198 τά
1718 1162 1801 1214 σφι

1978 1156 2091 1202 tum
2131 1147 2269 1201 infra
2317 1147 2540 1216 angelos
2574 1157 2777 1211 uoster,
2828 1161 2928 1215 per
2963 1159 3282 1213 compagem
3317 1141 3565 1211 corporis

292 1237 622 1307 ἐνδεδεῖχθαι
651 1237 747 1291 ml
793 1239 916 1292 κατ’
948 1238 1150 1301 αὐτοὺς
1188 1236 1621 1292 πολιτεύσασθαι
1647 1254 1662 1270 ·
1687 1238 1766 1307 τῷ
1816 1257 1874 1292 τε

1978 1249 2119 1303 erat,
2152 1248 2360 1294 tantum
2393 1240 2614 1294 eosdem
2665 1240 2794 1292 item
2834 1238 3099 1299 anteibat,
3131 1248 3243 1289 tum
3271 1234 3415 1303 quod
3448 1248 3564 1286 ma-

293 1331 418 1399 περὶ
439 1328 571 1383 Θεὸν
603 1329 768 1397 μόνον
817 1327 1047 1381 ἐκείνων
1102 1328 1364 1397 ἐχόντων,
1401 1328 1569 1392 αὐτὸς
1605 1328 1702 1381 καὶ⁸
1735 1326 1875 1381 Θεοῦ

1981 1330 2140 1393 terie,
2164 1340 2219 1385 et
2250 1330 2341 1386 vili
2384 1345 2447 1385 ac
2477 1331 2626 1384 luteo
2679 1330 2785 1385 hoc
2835 1344 3001 1384 onere
3035 1342 3285 1397 pressus,
3318 1327 3566 1395 ipsorum

293 1418 386 1468 καὶ
419 1414 743 1486 ἀνθρώπων,
790 1417 899 1469 τῶν
925 1417 1043 1487 μὲν,
1070 1417 1219 1481 ὅπως
1245 1417 1493 1485 σωθείεν,
1539 1418 1636 1472 τοῦ
1658 1419 1738 1480 δὲ,
1768 1419 1875 1473 ὑπὸ

1983 1414 2138 1478 actus
2168 1430 2610 1491 repraesentaret,
2643 1422 2920 1491 vitamque
2951 1436 3168 1477 onmem
3197 1419 3568 1480 aemularetur,

292 1507 401 1561 τῶν
442 1508 831 1580 πονηροτάτων
879 1507 1405 1581 βλασφημουμένου,
1456 1511 1732 1581 τοσαύτην
1767 1529 1872 1566 πε-

1985 1524 2096 1568 tum
2128 1517 2271 1584 quod
2307 1529 2432 1570 cum
2479 1516 2581 1584 ipsi
2637 1514 2745 1570 Deo
2787 1516 2949 1569 unice
2997 1513 3326 1578 inserviant,
3380 1511 3472 1565 ille
3518 1517 3574 1562 et

297 1601 554 1670 ποιῆσθαι
614 1602 895 1672 φροντίδα,
922 1603 997 1661 ὡς
1039 1623 1059 1655 ι
1103 1604 1180 1674 μὴ
1215 1603 1378 1672 μόνον
1413 1604 1553 1676 πρὸς
1599 1599 1743 1675 αἷμα
1784 1605 1880 1659 καὶ

1982 1605 2077 1661 Dei
2117 1615 2170 1661 et
2202 1608 2523 1662 hominum:
2559 1608 2863 1672 hominum,
2897 1621 3007 1676 quo
3046 1613 3416 1669 servarentur,
3454 1603 3571 1668 Dei,

298 1693 530 1763 σάρκας,
556 1694 691 1748 ἀλλά
718 1693 816 1747 ml
845 1695 980 1765 πρὸς
1007 1695 1106 1759 τάς
1128 1695 1306 1766 ἀρχὰς
1346 1697 1444 1749 καὶ
1472 1699 1572 1761 τὰς
1598 1697 1877 1763 ἐξουσίας,

1985 1701 2054 1755 ab
2102 1701 2525 1771 improbissimis
2564 1702 2890 1770 blasphcmo
2939 1716 3038 1757 ore
3084 1699 3336 1766 lacerati,
3365 1709 3571 1754 tantam

295 1784 532 1849 καὶτοὺς
561 1786 1013 1857 κοσμοκράτορας
1037 1788 1132 1841 τοῦ
1158 1788 1358 1852 αἰῶνος
1378 1787 1625 1851 reticeo.)
1658 1789 1882 1859 διηνεκῆ

1985 1793 2212 1849 haberet
2234 1810 2448 1859 curam,
2482 1806 2542 1849 ut
2577 1795 2778 1849 bellum
2819 1794 2893 1848 illi
2922 1795 3317 1864 sempiternum
3344 1805 3574 1859 suscep-

295 1877 387 1930 τὸν
418 1877 680 1948 πόλεμιον
728 1878 1059 1951 ἀνῃρῆσθαι.
1115 1878 1273 1934 οὕτω
1299 1880 1358 1936 δὲ
1400 1883 1496 1936 ml
1525 1883 1654 1946 τοὺς
1685 1884 1881 1947 ἄλλους

1991 1894 2103 1941 tum
2135 1895 2297 1953 esset,
2324 1907 2342 1939 ι
2375 1902 2483 1942 non
2518 1888 2678 1941 modo
2710 1886 2976 1941 adversus
3009 1901 3233 1943 carnem
3263 1895 3320 1940 et
3348 1885 3579 1954 sangui-

298 1967 690 2037 ὕπερσάλλετο,
723 1973 816 2025 καὶ
847 1973 987 2041 μετὰ
1008 1973 1281 2044 τοσαύτης
1301 1975 1494 2045 ἀμέλει
1515 1978 1876 2046 παρασκευῆς

1988 1993 2131 2042 nem,
2179 1979 2275 2034 sed
2307 1986 2361 2034 et
2391 1981 2656 2035 adversus
2684 1980 3050 2050 principatus.
3080 1992 3134 2033 et
3165 1987 3489 2047 poteStates,
3523 1988 3579 2030 et

298 2059 431 2114 ὥσθ’
460 2061 495 2117 ἃ
527 2066 664 2118 πᾶσι
699 2064 913 2130 τούτοις
970 2067 1067 2120 καὶ
1121 2070 1278 2141 κοινῇ
1327 2071 1424 2124 καὶ
1484 2070 1606 2123 καθ’
1642 2071 1738 2124 ’ἑνα
1768 2070 1879 2124 τῶν

1990 2069 2175 2123 mundi
2202 2069 2258 2123 in
2292 2070 2395 2124 hoc
2426 2070 2628 2126 saeculo
2648 2069 2906 2125 dominos
2929 2070 2998 2124 ".
3029 2088 3048 2121 ι
3078 2069 3286 2123 Rursus
3316 2075 3449 2122 adeo
3479 2068 3581 2136 [υἱ-ε

301 2152 592 2241 βελτίστων
617 2157 853 2227 προσῆν,
881 2158 1045 2212 πάνθ’
1067 2151 1224 2222 οὗτος
1254 2161 1418 2232 μόνος
1440 2166 1535 2216 καὶ
1562 2163 1684 2231 μεθ’
1710 2164 1881 2241 {irreg-

1990 2159 2297 2228 quibusque
2337 2158 2655 2216 hominibus
2709 2159 3037 2229 pra-stabat,
3087 2168 3142 2214 et
3199 2166 3347 2212 tanto
3393 2158 3581 2227 utique

307 2240 466 2312 ϐολῆς
494 2243 793 2312 ξυλλαϐὼν,
817 2247 1028 2312 δίκαιος
1061 2244 1204 2304 εἶναι
1231 2253 1328 2305 καὶ
1357 2251 1540 2306 πάντα
1570 2255 1663 2306 τὸν
1693 2253 1882 2307 ἐντεῦ-

1985 2265 2246 2327 apparatu
2277 2257 2681 2326 instructaque,
2739 2265 2798 2311 ut
2827 2270 3172 2324 quaecunque
3204 2255 3271 2309 iis
3300 2254 3576 2313 omnibus.

310 2331 399 2386 θεν
416 2334 653 2390 ἔπαινον
685 2339 903 2410 ῐσχειν”
957 2342 1193 2414 νικήσας
1249 2344 1349 2414 μὲν
1398 2362 1527 2408 τους
1582 2347 1886 2418 προγόνους

1986 2354 2043 2404 ει
2078 2348 2467 2412 communiter,
2492 2357 2549 2403 et
2583 2348 2922 2418 singulatim,
2949 2348 3277 2417 optimarum
3309 2347 3575 2400 virtutum

306 2425 441 2495 ὁμοῦ
500 2427 595 2481 ml
647 2432 933 2502 κοσμήσας
962 2450 976 2465 ·
1010 2433 1087 2505 τῷ
1136 2452 1198 2489 τε
1254 2435 1328 2507 μὴ
1377 2436 1539 2507 μόνον
1587 2439 1752 2501 αὐτὸς
1785 2439 1886 2510 τὴν

1991 2440 2356 2511 decorumque
2408 2449 2685 2506 adessent,
2723 2455 2787 2496 ea
2845 2457 2988 2496 unus
3045 2450 3232 2495 noster
3286 2439 3492 2500 omnia,
3525 2448 3582 2491 et

305 2517 524 2590 ἐντολὴν
550 2520 806 2590 καθάπαξ
835 2526 1096 2595 φυλάξαι,
1123 2514 1262 2583 ἀλλά
1304 2530 1546 2593 καὶτοῖς
1582 2532 1765 2597 ἄλλοις
1798 2532 1889 2587 διὰ

1994 2535 2342 2591 excellentem
2384 2536 2438 2591 in
2469 2537 2711 2602 modum,
2746 2536 3094 2604 complexus,
3142 2536 3266 2605 jure
3294 2548 3358 2589 ac
3391 2532 3585 2587 merito

307 2606 428 2677 βίου
463 2614 665 2677 παντὸς
695 2617 791 2670 ml.
822 2616 1000 2686 λέγων
1035 2622 1130 2674 καὶ
1162 2621 1393 2690 γράφων
1448 2623 1605 2678 ταῦτ’
1651 2627 1894 2696 εἰσηγεῦ·

1996 2644 2238 2694 omnem,
2271 2644 2395 2700 quae
2431 2628 2559 2683 inde
2589 2626 2801 2691 existi't,
2830 2627 3046 2683 Iaudem
3093 2628 3345 2694 accipere
3385 2624 3587 2695 dignus

307 2700 454 2765 σθαι.
500 2704 596 2758 καὶ
625 2705 684 2759 δν
723 2707 977 2768 ἔκλεισαν
1008 2705 1157 2767 οὗτοι
1199 2713 1558 2785 παράδεισον,
1603 2715 1790 2770 τοῦτον
1819 2719 1895 2770 εί-

1999 2731 2184 2788 esset;
2223 2722 2425 2792 quippe
2450 2723 2541 2792 qui
2577 2736 2702 2777 cum
2742 2721 2890 2791 ipsos
2928 2720 3144 2788 generis
3184 2718 3408 2773 humani
3458 2731 3590 2771 auc-

309 2798 529 2866 σιτητὸν
554 2804 666 2865 τοῖς
711 2802 1061 2875 βουλομένοις
1095 2807 1543 2877 παρασκευάσαι,
1574 2807 1653 2878 τῷ
1700 2827 1761 2863 τε
1796 2809 1898 2881 τὴν

2001 2826 2151 2872 tores
2179 2816 2436 2871 vincebat
2474 2816 2679 2885 pariter
2709 2815 3077 2883 ornabatque.
3110 2812 3402 2875 Vincebat,
3445 2813 3588 2880 quod

313 2888 543 2944 ἐκείνων
566 2888 735 2963 ἧτταν
767 2896 1238 2964 ἀνακαλέσασθαι,
1272 2899 1368 2953 καὶ
1396 2901 1468 2953 τά
1503 2903 1736 2972 τροφεῖα
1770 2902 1894 2956 τού-

1997 2923 2106 2961 non
2142 2908 2315 2963 solum
2348 2908 2519 2978 legem
2554 2907 2793 2962 divinam
2823 2904 3225 2961 studiosissime
3257 2901 3585 2959 custodiret.

312 2998 431 3047 τοις
474 2983 680 3039 καλλίω
722 2987 824 3059 τῆς
878 2990 1148 3058 γενέσεως
1193 2991 1490 3047 ἀποδοῦναι
1515 3008 1530 3024 ·
1558 2995 1794 3065 νικήσας
1837 2994 1894 3050 δὲ

2004 2998 2093 3052 sed
2125 3000 2314 3053 eadem
2348 3000 2514 3053 etiam
2563 2999 2687 3054 aliis
2719 3007 2833 3053 toto
2859 2999 2980 3051 vita:
3015 3010 3128 3052 sure
3179 2996 3377 3063 Spatia,
3411 2993 3595 3047 verbis

313 3074 411 3127 ml
449 3076 657 3142 πάντας
694 3081 820 3146 τοὺς
856 3082 1079 3152 ἐφεξῆς.

2008 3091 2371 3161 scriptisque,‘
2409 3090 2751 3158 inculcaret;
2790 3099 2845 3146 et
2893 3105 3056 3160 quem
3113 3087 3192 3143 illi
3247 3085 3599 3141 occluseraut

312 3168 643 3232 paradisum.
670 3171 819 3227 illum
863 3175 1071 3246 ingredi
1134 3177 1443 3233 volentibus
1488 3191 1763 3251 patentem
1829 3183 2093 3240 efﬁceret.
2122 3184 2129 3189 ’
2161 3186 2424 3248 Ornabat,
2479 3187 2622 3255 quod
2671 3191 2727 3238 ct
2787 3192 3063 3253 acceptam
3154 3182 3223 3234 ah
3270 3180 3337 3235 iis
3385 3177 3595 3233 cladem

311 3264 564 3330 sarciret,
603 3275 656 3321 et
683 3268 1024 3327 educationis
1064 3275 1309 3344 praemia,
1347 3276 1462 3347 ipsa
1497 3280 1884 3346 procreatione
1927 3281 2218 3346 nobiliora,
2275 3282 2383 3337 illis
2438 3282 2725 3348 redderet;
2796 3292 2908 3334 tum
2963 3289 3019 3336 et
3067 3289 3313 3346 posteros
3402 3292 3596 3331 eorum

314 3371 504 3413 sumes
538 3360 675 3416 idem
709 3366 979 3424 vincebat.

388 3454 539 3511 PIE'.
583 3458 642 3513 '0
676 3461 783 3533 γὰρ
814 3467 1093 3539 τοσαύτην
1145 3471 1246 3541 μὲν
1294 3470 1510 3528 εὔνοιαν
1556 3475 1695 3545 πρδς
1743 3476 1898 3541 Θεδν,
1927 3478 1974 3541 C

2079 3476 2237 3532 CXV.
2270 3474 2401 3530 Nam
2434 3474 2525 3544 qui
2559 3481 2707 3528 tanta
2739 3487 2868 3543 erga
2915 3471 3085 3526 Deum
3119 3470 3412 3531 charitate,
3450 3469 3602 3538 spei-

320 3549 593 3619 τοσαύτην
643 3553 699 3607 δὲ
760 3560 1104 3631 κεκτημένος
1152 3565 1345 3619 ἐλπίδα
1372 3606 1387 3631 ,
1416 3566 1492 3629 ὡς
1538 3566 1708 3620 εἵνεκ’
1737 3567 1903 3621 αὑτοῦ

2013 3584 2116 3639 que
2170 3568 2365 3623 fiducia
2425 3569 2726 3621 instructus
2780 3575 2919 3629 erat,
2980 3573 3040 3618 ut
3095 3563 3188 3618 Dei
3248 3573 3411 3631 atque
3464 3559 3604 3614 obti-

326 3640 425 3731 καὶ.
451 3641 550 3712 τῆς
588 3648 721 3715 παρ’
748 3649 897 3720 αὑτῷ
928 3651 1107 3722 δόξης,
1156 3655 1231 3727 μὴ
1275 3657 1439 3726 μόνον
1475 3658 1654 3712 πάντα
1685 3661 1755 3712 τὰ
1779 3662 1907 3730 τῇδε

2014 3662 2204 3716 nendae
2238 3660 2378 3731 apud
2423 3660 2592 3713 Deum
2631 3659 2818 3729 glorim
2870 3673 3037 3713 causa
3077 3671 3184 3711 non
3222 3656 3381 3708 modo
3418 3655 3602 3707 omnia

332 3728 425 3824 τοῦ
471 3734 694 3802 μηδενὸς
748 3738 874 3804 ἄξια
908 3744 1100 3813 κρίνας
1134 3747 1458 3803 παντάπασι
1506 3750 1781 3818 παριδεῖν,
1813 3728 1910 3804 καὶ

2012 3769 2132 3824 qnze
2174 3754 2229 3807 in
2275 3762 2465 3806 nostro
2510 3755 2615 3806 hoc
2645 3751 2779 3805 orbe
2816 3760 2963 3815 sunt,
2997 3749 3151 3805 nihili
3205 3747 3453 3804 facienda
3491 3758 3603 3800 sla-

329 3820 485 3890 δίκην
530 3827 824 3883 σκυϐἀλων
877 3833 1182 3903 ὑπεριδεῖν,
1238 3837 1376 3892 ἀλλὰ
1426 3841 1523 3893 καὶ
1576 3840 1676 3910 τὴν
1729 3840 1909 3912 ψυχὴν

2016 3856 2197 3911 tuens,
2258 3843 2474 3914 penitus
2529 3849 2930 3904 contemneret,
2972 3849 3027 3894 et
3082 3838 3231 3893 velut
3279 3836 3607 3891 retrimenta

328 3917 472 3991 ὑπὲρ
490 3922 654 3975 αὑτοῦ
687 3927 970 3996 μυριάκις,
993 3929 1152 4000 εἴπερ
1171 3926 1286 3986 οἷόν
1311 3933 1360 3986 τ’
1379 3929 1470 4005 ἦν,
1500 3934 1674 4004 ἡδέως
1703 3933 1768 3988 ἂν
1795 3935 1913 3989 ἑλέ·

2018 3938 2346 4007 despiceret,
2410 3936 2506 3993 sed
2556 3944 2613 3992 et
2663 3935 2902 3988 animam
2957 3932 3103 3987 illius
3139 3931 3192 3986 in
3228 3927 3484 4001 gratiam,
3525 3925 3608 3981 vel

330 4018 460 4066 σοαι
512 4017 796 4085 προέσθαι,
849 4022 947 4073 καὶ
999 4022 1164 4076 τοῦτο
1220 4025 1321 4094 μὲν
1372 4025 1473 4097 τὴν
1529 4027 1773 4096 παντελῆ
1812 4029 1913 4098 τῆς

2017 4030 2239 4095 millies,
2270 4029 2313 4084 si
2367 4027 2483 4082 iieri
2532 4035 2772 4098 poterat,
2808 4024 3170 4080 libentissime
3218 4027 3436 4090 Optaret
3482 4032 3608 4088 pro-

334 4107 538 4176 σαρκὸς
557 4111 852 4204 νέκρωσιν,
888 4113 1081 4185 ὥσπερ
1112 4116 1238 4171 τινὰ
1272 4119 1500 4187 διηνεκῆ
1535 4119 1729 4173 θυσίαν
1761 4121 1915 4190 αὐτῷ

2021 4121 2374 4191 fundere;et
2416 4121 2615 4193 partim
2669 4119 2889 4204 plenatq
2937 4115 3354 4189 perfectamque
3402 4111 3612 4167 vitiosre

333 4203 727 4272 προσενέγκαι,
779 4205 935 4259 τοῦτο
972 4207 1029 4261 δὲ
1077 4208 1264 4276 λέγειν
1311 4213 1608 4282 ἐσχηκέναι
1647 4213 1917 4285 θαρρούν-

2023 4219 2203 4269 carnis
2230 4213 2708 4283 exstirpationem,
2748 4202 2895 4266 velut
2917 4212 3048 4280 juge
3076 4207 3348 4278 quoddam
3398 4202 3614 4259 sarriti-

333 4307 469 4356 τως,
511 4313 529 4345 ι
563 4297 758 4365 μηκέτ’
793 4300 957 4353 αὑτὸν
974 4301 1249 4371 δήπουθεν
1286 4302 1429 4372 ζῇν(
1452 4305 1553 4375 ζῇν
1583 4302 1641 4359 et
1686 4306 1744 4358 ὲν
1766 4306 1920 4378 αὐτῷ

2021 4306 2188 4371 cium,
2222 4303 2296 4358 illi
2326 4301 2573 4369 oﬂerrct,
2623 4301 2820 4371 partim
2845 4301 2992 4369 quod
3026 4312 3219 4368 magna
3255 4310 3378 4350 cum
3414 4292 3610 4347 ﬁducia

333 4383 431 4437 τὸν
470 4385 731 4455 Χριστὸν,
762 4406 780 4440 ι
812 4389 932 4453 πῶς
958 4391 1057 4445 οὐκ
1088 4392 1154 4446 ἂν
1173 4393 1418 4464 ἀτεχνῶς
1438 4397 1640 4461 παντὸς
1664 4396 1921 4468 Ἀϐραὰμ

2024 4399 2210 4452 dicere
2254 4403 2460 4463 posset,
2502 4411 2521 4444 ι
2546 4408 2655 4448 non
2682 4391 2923 4461 seipsmn
2952 4387 3211 4442 videlicet
3236 4385 3479 4455 amplius
3523 4385 3610 4437 vi-

337 4476 438 4528 καὶ
487 4477 694 4541 Ἰσαάκ,
724 4482 817 4533 καὶ
864 4481 1082 4548 Ἰακὼϐ,
1116 4488 1211 4540 καὶ
1249 4487 1476 4556 προσέτ’
1510 4486 1683 4559 Ἑνώχ
1734 4506 1793 4544 τε
1822 4490 1922 4544 καὶ

2024 4503 2175 4553 vere,
2207 4486 2303 4541 sed
2331 4486 2611 4542 Christum
2640 4487 2693 4539 ir.
2718 4498 2839 4538 sese
2861 4472 3046 4536 vivere
3074 4479 3125 4511 ”
3153 4495 3169 4534 :
3198 4496 3217 4529 ι
3254 4493 3362 4547 quo
3389 4476 3610 4531 tandem

339 4566 512 4622 ’Δδελ
566 4572 835 4639 κρείττων
883 4574 950 4629 ἂν
996 4577 1085 4645 εἴη
1130 4575 1310 4649 τούτῳ
1333 4578 1414 4649 τῷ
1441 4579 1624 4651 μέρει,
1651 4581 1780 4636 ἄνευ
1808 4583 1919 4636 τῶν

2027 4581 2137 4646 hic,
2169 4580 2416 4649 inquam,
2435 4586 2615 4646 pacto,
2646 4592 2751 4630 non
2772 4573 2946 4629 cuivis
2965 4570 3297 4633 Abrahamo,
3324 4577 3377 4621 et
3400 4567 3609 4626 lsaaco,

338 4659 519 4725 ἄλλως
545 4663 694 4735 αὐτῷ
746 4666 1063 4733 προσόντων
1112 4670 1325 4725 πολλῶν
1373 4671 1470 4724 ml
1523 4674 1776 4744 μεγάλων
1827 4676 1923 4729 ml

2026 4681 2081 4727 et
2114 4670 2337 4735 Iacobo,
2365 4681 2418 4726 et
2446 4667 2666 4723 Euocho
2689 4667 2934 4735 insuper,
2967 4673 3022 4718 et
3050 4661 3225 4726 Abeli,
3251 4660 3333 4713 vel
3369 4660 3475 4715 hac
3508 4674 3611 4712 una

341 4756 672 4822 κρειττόνων
704 4756 1249 4830 ῆπαραὸάλλεσθαις
1281 4763 1417 4817 Οὐδὲ
1451 4765 1560 4835 γὰρ
1592 4783 1614 4817 ι
1641 4765 1735 4819 τὸν
1753 4766 1922 4820 αὑτοῦ

2029 4779 2095 4818 ex
2123 4776 2280 4835 parte
2305 4762 2465 4833 plane
2493 4760 2866 4826 antecelleret,
2898 4767 2959 4811 ut
2991 4757 3193 4826 reliqua
3217 4754 3466 4820 omittas,
3495 4767 3619 4821 qua:

344 4846 535 4909 παῖδα,
569 4866 589 4899 ι
615 4850 736 4903 οὐδὲ
769 4867 788 4901 ι
817 4850 916 4921 τὴν
945 4853 1011 4907 ὲκ
1028 4854 1270 4909 στεάτων
1298 4854 1517 4921 θυσίαν,
1554 4874 1574 4908 ι
1612 4858 1730 4911 ἀλλ’
1759 4857 1923 4922 ἑκὼν,

2036 4855 2090 4910 ἱιι
2143 4857 2260 4926 ipso
2313 4856 2551 4918 inerant,
2582 4862 2639 4906 et
2691 4849 2880 4917 multa,
2919 4859 2973 4904 et
3022 4848 3304 4916 praeclara,
3351 4855 3409 4902 et
3455 4860 3619 4914 supra

348 4939 451 4992 καὶ
501 4941 609 4994 οὐδ’
639 4959 658 4994 ι
691 4942 921 5009 ἔνδειξιν
970 4926 1245 5019 ἀγάπηςχι
1278 4948 1713 5019 ὲπηγγελμένος,
1763 4952 1792 5004 ὁ
1835 4952 1930 5005 ml.

2033 4947 2497 5016 comparationem
2529 4944 2761 4999 evecta?
2823 4941 3007 5010 Neque
3055 4941 3200 4996 enim
3257 4958 3276 4993 ι
3318 4938 3492 4995 lilium
3531 4936 3624 4992 illc

354 5030 531 5090 ἄλλως
566 5034 976 5106 ὲπηγγελμένος
1002 5037 1109 5091 ὑπὸ
1143 5037 1354 5109 μητρός
1401 5056 1460 5092 τε
1486 5040 1581 5093 καὶ
1604 5039 1801 5094 ἑαυτοῦ
1830 5041 1929 5110 φέ-

2036 5056 2197 5094 suum
2217 5040 2290 5104 ⁸⁷,
2327 5058 2344 5091 ι
2381 5054 2482 5094 nec
2530 5056 2548 5089 ι
2578 5036 2918 5093 sacriﬁcium
2953 5035 3021 5089 de
3063 5034 3250 5106 pingui
3284 5034 3478 5088 arvina
3504 5030 3572 5095 ⁸⁸,
3599 5051 3617 5082 ι

355 5136 469 5194 ρων
491 5126 705 5193 ἑαυτὸν,
741 5128 838 5182 καὶ
882 5128 1117 5194 πολλοὺς
1152 5130 1350 5195 ἄλλους
1395 5132 1811 5204 προσενηνὸχει,
1838 5134 1934 5188 καὶ

2053 5132 2130 5189 sed
2164 5133 2309 5187 ultro
2331 5134 2591 5196 omnino;
2628 5145 2803 5201 neque
2844 5129 2917 5184 ita
2948 5138 3153 5194 tamen,
3182 5127 3332 5183 velut
3389 5144 3408 5178 ι
3442 5122 3621 5194 speci-

352 5216 453 5271 νῦν
478 5236 497 5270 ι
528 5219 795 5287 προσάγει
830 5238 855 5273 ιι
884 5220 1005 5292 Θεῷ
1035 5221 1228 5277 θυσίαν
1261 5222 1442 5288 ζῶσαν
1477 5239 1498 5275 ι
1539 5225 1834 5295 εὐάρεστον
1855 5242 1869 5258 ·
1908 5245 1927 5278 ι

2042 5241 2167 5281 mcn
2198 5224 2472 5296 quoddam
2502 5224 2796 5280 cbaritatis
2819 5221 2888 5286 ⁸⁸,
2924 5240 2942 5274 ι
2971 5220 3274 5291 professus,
3297 5218 3388 5288 qui
3407 5225 3628 5271 caetero-

354 5310 614 5378 θεότητος
634 5313 924 5368 κοινωνίαν
952 5315 1089 5368 πᾶσι
1115 5315 1314 5378 διδοὺς,
1337 5316 1433 5369 ἐὰν
1465 5316 1604 5386 μετὰ
1626 5316 1936 5375 καλλίστων

2044 5317 2135 5386 qui
2189 5332 2311 5372 cum
2366 5331 2394 5369 a
2453 5327 2679 5387 parente
2722 5330 2844 5382 sua,
2903 5324 3016 5368 tum
3063 5311 3385 5381 semetipso,
3422 5307 3626 5362 dudum

354 5403 475 5459 τῶν
502 5402 682 5475 ἔργων
712 5407 927 5470 καὶτὰς
956 5407 1174 5478 δεήσεις
1208 5407 1493 5462 ποιῶνται.

2049 5408 2160 5464 Deo
2189 5408 2490 5481 promissus
2529 5417 2584 5463 et
2615 5413 2846 5463 devotus
2875 5415 3015 5471 erat,
3057 5419 3253 5475 magno
3301 5401 3503 5470 impetu
3545 5414 3629 5467 se,

360 5499 610 5566 aliosque
657 5499 985 5569 complures,
1015 5500 1305 5566 obtulerat,
1336 5509 1392 5556 et
1434 5515 1579 5556 nunc
1613 5501 1778 5557 etiam
1827 5503 1939 5558 Deo
1980 5504 2215 5561 hostiam
2263 5504 2564 5568 viventem,
2615 5521 2633 5554 ι
2681 5508 2984 5571 acceptam,
3019 5497 3241 5553 adducit
3261 5496 3306 5529 ”
3333 5511 3349 5563 ;
3380 5512 3402 5547 ι
3434 5493 3633 5564 quippe

365 5592 671 5646 divinitatis
722 5593 1162 5650 couuuunioncm
1209 5595 1462 5651 omnibus
1493 5594 1849 5665 impertiens:
1887 5598 1934 5655 si
1974 5600 2137 5657 modo
2178 5616 2283 5656 una
2324 5614 2448 5656 cum
2486 5596 2878 5669 pulcherrimis
2903 5596 3160 5668 operibus
3196 5590 3447 5648 assiduas
3473 5589 3635 5645 adhi-

363 5684 530 5742 beant
556 5700 771 5758 preces.
858 5732 865 5743 ί

368 5862 719 5996 In"iil'thes.
783 5885 856 5937 vI,
920 5874 1006 5930 ιε.
1107 5874 1153 5907 ⁸⁸
1212 5874 1389 5931 Galat.
1428 5889 1489 5941 ιι,
1544 5874 1635 5934 20.
1739 5878 1785 5910 ⁸⁷
1818 5876 1954 5934 Gen.
1990 5893 2129 5935 ιλιι.
2233 5878 2277 5911 ⁸⁸
2297 5876 2434 5931 Gen.
2469 5891 2543 5942 tv,
2576 5874 2632 5929 4.
2724 5873 2769 5906 ⁵⁸
2808 5872 2849 5926 ιι
2884 5869 3013 5925 Cor.
3044 5884 3165 5934 νιιι,
3201 5868 3301 5925 ιιΙι.
3381 5864 3427 5900 ⁵⁹
3470 5862 3635 5920 30m-
