4028 6438
322 544 331 552 ,
366 460 470 523 331

1244 464 1645 527 LAUDATIO
1674 467 1740 530 S.
1768 464 2152 531 GREGORII
2176 470 2587 535 THEOLOGI.

3521 483 3627 548 338

367 574 582 645 αἰρεσιν
634 573 1047 644 στηλιτεύουσα,
1107 568 1183 629 ὧν
1237 575 1369 630 ἄνευ
1418 577 1521 630 οὐκ
1570 576 1650 631 ενι
1682 577 1830 648 βιοῦν
1860 578 1927 632 τὸε

2058 579 2188 648 Deo,
2213 582 2517 641 clarissima
2549 584 2805 643 omnibus
2833 585 2887 641 in
2916 587 3036 644 lucc
3053 604 3281 660 ponens,
3302 607 3628 665 omnemque

366 664 444 728 ὡς
499 662 720 731 ἀληθῶς
773 663 922 732 βιοῦν
1003 666 1307 737 ᾑρημένον,
1386 666 1645 721 τοσοῦτον
1718 669 1927 723 ἐκείνωε

2051 671 2281 728 haeresin
2317 675 2530 744 publica
2570 678 2965 747 proscriptione
2996 684 3298 754 contigeris,
3344 685 3463 743 sine
3493 662 3623 758 qia.

363 755 541 809 ταῦτα
578 756 878 826 περίεστιν,
913 757 1035 811 ὅσον
1052 759 1114 811 τὸ
1143 761 1295 830 κοινῇ
1325 758 1665 821 λυσιτελοῦν,
1707 759 1799 813 τοῦ
1838 778 1948 830 μη-

2047 762 2149 818 bus
2177 764 2360 820 vivere
2416 768 2627 838 nequit,
2674 770 2928 841 quisquis
2983 787 3165 829 veram
3215 777 3401 833 vivere
3454 779 3623 834 vitam

366 846 455 899 δέν
486 866 537 900 τι
565 849 910 919 κεκτημένου
940 851 1194 905 τοσοῦτον
1218 868 1235 883 ο
1267 852 1386 923 ἅμα
1411 852 1469 906 δὲ
1516 850 1611 906 καὶ
1640 845 1710 922 ἦς
1740 853 1927 906 ἐκεῖνος

2044 856 2354 923 constituit,
2388 867 2535 925 patet
2579 874 2710 915 sane
2760 871 2969 918 tantum
3015 865 3130 922 haac
3186 867 3307 925 istis
3337 879 3623 939 praestare,

367 940 618 993 τεθέαται
653 941 943 1010 κλίμακος,
968 944 1070 998 οὐκ
1102 944 1273 1014 ἐπέϐη
1303 960 1320 977 ο
1354 947 1382 997 ὁ
1410 944 1465 1017 δ’⁴
1486 946 1566 1007 είς
1598 943 1770 1014 ἄκρον
1797 943 1946 1012 φιλο-

371 1031 559 1099 σοφίας
587 1032 750 1096 αὐτός
780 1051 839 1087 τε
864 1028 993 1106 ἧκε,
1031 1036 1124 1088 καὶ
1158 1038 1269 1100 τοῖς
1297 1036 1479 1099 ἄλλοις
1507 1037 1643 1090 πᾶσι
1677 1035 1947 1108 θαρρούνυ

370 1144 476 1189 τως
509 1128 810 1183 ἐπιϐαίνειν
865 1130 1140 1201 παρέσχεν
1167 1147 1181 1162 ο
1217 1125 1292 1186 ὧν
1329 1131 1550 1184 εἰδότων
1593 1131 1651 1184 τὸ
1681 1130 1817 1197 δέον,
1850 1131 1946 1185 καὶ

369 1219 499 1285 περὶ.
532 1220 640 1273 τῶν
677 1222 982 1290 μελλόντων
1015 1223 1227 1292 ἀγαθὰς
1279 1223 1531 1277 ἐντεῦθεν
1590 1223 1945 1293 κεκτημένων

367 1312 613 1376 ἐλπίδας.
643 1315 842 1382 μᾶλλον
868 1316 934 1370 ἄν
957 1334 1036 1379 τις
1066 1316 1350 1387 Γρηγορίῳ
1376 1314 1664 1388 συγχαίροι
1696 1316 1728 1386 ἢ
1755 1315 1833 1385 τῷ
1850 1315 1944 1370 τοῦ

379 1402 565 1457 Ἰσαὰκ
593 1407 688 1460 καὶ
729 1406 925 1462 Ἰακὼό
954 1408 1065 1462 τῶν
1087 1410 1349 1479 ἐγγόνων,
1378 1402 1457 1472 οἷς
1479 1409 1687 1472 ἐκεῖνος
1710 1406 1780 1460 τὰ
1816 1405 1942 1478 μέ).-

363 1492 522 1549 λοντα
553 1496 844 1567 προῦλεγε.

2045 955 2247 1017 quanto
2270 950 2413 1018 quod
2444 952 2658 1022 egregio
2686 953 2905 1023 publico
2934 956 3185 1026 inservit,
3210 969 3340 1016 ante
3374 962 3511 1020 illud
3540 974 3627 1021 est

2045 1042 2188 1109 quod
2223 1040 2342 1110 ejus
2369 1043 2584 1113 generis
2609 1045 2769 1101 habet
2799 1046 2949 1101 nihil.
2975 1048 3176 1104 Adlnec
3221 1067 3326 1108 nec
3357 1069 3494 1125 quas
3518 1058 3616 1110 vi—

2044 1129 2207 1185 debat
2267 1130 2446 1186 scalas
2493 1134 2813 1190 conscendit
2871 1134 3123 1194 Iacobus.
3158 1139 3354 1197 Noster
3412 1154 3616 1210 autem,

2041 1235 2164 1276 cum
2221 1220 2337 1287 ipse
2405 1236 2679 1278 summum
2701 1210 3026 1284 'sanctioris
3073 1230 3428 1304 philosophias
3487 1252 3618 1306 gra-

2039 1311 2166 1367 dum
2192 1321 2480 1370 assecutus
2522 1324 2650 1385 est,
2692 1324 2803 1373 tum
2839 1319 2963 1375 aliis
3002 1324 3257 1380 omnibus
3291 1325 3434 1382 haud
3461 1328 3619 1383 dubi-

2043 1412 2227 1460 tanter
2273 1408 2600 1464 ascendendi
2648 1408 2961 1468 facultatem
3008 1414 3183 1480 dedit,
3206 1432 3342 1487 quos
3372 1427 3425 1473 et
3454 1419 3618 1477 ollicii

2044 1496 2128 1551 sui
2153 1496 2263 1566 jam
2298 1496 2686 1567 intelligentes,
2716 1511 2771 1557 et
2799 1517 2861 1559 ea
2898 1519 2959 1560 re
2988 1508 3223 1578 optimas
3255 1506 3449 1565 futurae
3470 1512 3619 1566 salu-

365 1589 432 1643 tis
484 1606 606 1657 spes
664 1593 911 1664 adeptos,
950 1596 1154 1667 lustius
1179 1595 1378 1664 aliquis
1406 1591 1671 1665 Gregorio
1693 1590 1993 1665 gratuletur
2023 1607 2037 1645 :
2071 1603 2233 1660 quam
2272 1590 2527 1663 quiquam
2558 1594 2628 1651 de
2689 1595 2860 1654 Isaaci
2920 1606 2978 1655 et
3037 1598 3227 1658 Jacobi
3304 1605 3619 1675 nepotibus,

359 1700 482 1753 quae
511 1685 639 1754 ipsis
668 1685 778 1743 fata
806 1688 1042 1744 Iacobus
1064 1690 1362 1748 cecinerat.

432 1787 585 1841 PIH'.
608 1784 716 1840 Kal.
754 1786 860 1858 μὴν
889 1788 938 1841 εί
964 1789 1059 1842 καὶ
1093 1787 1416 1862 θαυμαστὴν
1455 1789 1571 1861 ἔχει
1616 1784 1927 1859 φιλοτιμίαν

2038 1766 2039 1775 “
2106 1778 2339 1837 CXVIII.
2387 1780 2508 1839 Jam
2561 1793 2621 1841 ut
2671 1785 3046 1844 incredibilem
3083 1789 3195 1846 filio
3223 1791 3346 1862 ejus
3375 1792 3614 1864 Joscpho

378 1876 572 1947 Ἰωσὴφ
617 1877 694 1949 τῷ
729 1880 941 1933 ἐκείνου
978 1881 1152 1946 παιδὶ,
1202 1882 1264 1936 τό
1319 1881 1380 1934 τέ
1425 1882 1476 1936 οί
1500 1883 1598 1952 τῆς
1647 1879 1934 1949 δεσποίνης

362 1970 748 2042 ὲπιμανείσης,
789 1969 1067 2044 ἀνώτερον
1114 1973 1303 2030 τοῦτον
1332 1967 1536 2042 ὦφθαι,
1567 1974 1662 2027 καὶ
1698 1971 1934 2042 κρείττω

357 2062 472 2115 τῶν
515 2065 723 2118 ικεῖθεν
767 2064 971 2136 βελῶνο
1034 2066 1095 2121 τό
1142 2068 1191 2121 τ’
1223 2067 1288 2122 αὖ
1321 2069 1409 2123 διὰ
1445 2070 1537 2123 τὸν
1569 2069 1676 2121 τῶν
1706 2066 1934 2136 ὀνείρων

336 2155 681 2226 ἑρμηνείαν,
707 2158 927 2231 ἁπάσης
956 2160 1243 2230 Δίγύπτου
1270 2162 1479 2234 τροφέα
1507 2162 1601 2215 καὶ
1630 2159 1930 2233 μελεδωνὸν

334 2288 345 2303 ρ
362 2249 725 2318 καταστῆναι,
749 2252 846 2306 καὶ
866 2253 1150 2321 γεγονέναι
1170 2256 1287 2317 τοῖς
1304 2255 1628 2324 πράγμασιν
1648 2255 1707 2306 ἐν
1729 2253 1927 2324 καιρῷ,

355 2333 499 2407 ἦπου
534 2342 728 2412 κομιδῇ
780 2345 963 2399 πᾶσαν
999 2345 1238 2401 ἐπαίνων
1272 2346 1578 2418 ὑπερϐολὴν
1608 2345 1930 2414 ὐπερὸαίνει

356 2430 431 2481 τὰ
454 2431 635 2485 τοῦδε*
659 2432 803 2488 οὕτω
832 2435 934 2504 μὲν
962 2437 1266 2506 παρθενίαν
1283 2440 1373 2493 διὰ
1399 2440 1513 2509 βίου
1540 2439 1740 2502 παντὸς
1769 2430 1932 2509 ἐσχη-

358 2524 515 2582 κότος
546 2524 613 2595 [Ῑ.
653 2527 1011 2603 ὴσκηκότος],
1033 2530 1111 2595 ὡς
1142 2516 1388 2595 άνῆτινυς
1423 2533 1545 2602 ἦτοι
1577 2532 1929 2588 παντάπασιν

355 2614 801 2687 ὑπερϐεϐηκότος
813 2620 873 2673 τὸ
890 2621 1068 2690 σῶμα.
1101 2623 1134 2695 ἢ
1158 2623 1313 2694 σῶμα
1332 2641 1396 2693 γε
1413 2624 1601 2690 άῦλον,
1630 2625 1706 2688 ὼς
1731 2626 1926 2690 εἰπεῖν,

350 2707 725 2777 κτησαμένου,
774 2712 1128 2767 ἑπιτοσοῦτον
1182 2714 1239 2768 δὲ
1275 2716 1472 2784 σοφίας
1513 2717 1705 2780 ίόντος,
1739 2716 1814 2780 ὡς
1850 2715 1927 2787 μὴ

349 2799 440 2852 ὅτι
494 2816 556 2866 γε
596 2801 694 2864 τὰς
738 2802 850 2854 τῶν
894 2805 1280 2872 αίρετιζόντων
1316 2807 1525 2872 πλοκὰς
1558 2809 1652 2862 καὶ
1685 2810 1928 2879 στροφὰς

349 2890 628 2958 διαλῦσαι,
659 2893 757 2947 καὶ
805 2896 915 2949 πᾶν
961 2897 1094 2950 εἴτι
1123 2896 1369 2953 τοιοῦτον
1419 2901 1628 2954 σκῶλον
1661 2903 1728 2955 ἐκ
1758 2902 1924 2969 μέσου

349 2982 449 3035 καὶ
489 2984 674 3052 πάλαι,
714 2987 809 3040 καὶ
857 2985 955 3042 νῦν
1005 2990 1366 3059 πεποιῆσθαι,
1395 2993 1531 3047 ά).λὰ
1574 2993 1806 3047 καὶτῶν
1834 2996 1928 3049 ἀν-

346 3072 587 3140 θρὼπων
619 3074 884 3142 ἑκάστους
911 3082 1298 3152 πνευματικῶς
1325 3083 1638 3157 διατρέφειν
1663 3084 1922 3142 ἑκάστοτε

2040 1871 2228 1941 gloria:
2267 1874 2546 1930 materiem
2580 1879 2841 1945 praebeat,
2869 1888 2980 1934 tum
3010 1882 3155 1952 quod
3189 1882 3391 1939 furiose
3432 1889 3611 1955 ipsum.

2036 1962 2372 2031 depereunte
2400 1965 2554 2033 hera,
2579 1969 2832 2039 superior
2861 1969 3162 2043 fortiorque
3179 1974 3437 2043 conjectis
3459 1977 3607 2032 iudi-

2036 2056 2157 2109 dem
2193 2054 2311 2111 telis
2359 2058 2633 2127 apparuit,
2698 2069 2809 2116 tum
2836 2063 2979 2132 quod
3006 2078 3100 2132 per
3148 2067 3482 2123 somniorum
3521 2070 3611 2124 in-

2034 2149 2485 2227 terpretationem
2542 2153 2719 2207 omnis
2781 2153 3002 2226 {Egypti
3064 2156 3205 2212 altor
3276 2171 3610 2232 curatorque

2034 2220 2364 2294 constitutus
2402 2240 2528 2307 fuit,
2579 2243 2808 2315 ipsoque
2841 2263 3020 2302 rerum
3061 2251 3287 2306 cardine
3314 2254 3609 2324 sospitator

2034 2324 2237 2382 affulsit
2271 2348 2284 2384 :
2315 2340 2695 2388 verumtamen
2742 2334 2900 2405 longe
2949 2352 3166 2395 omnem
3204 2341 3421 2398 laudum
3452 2360 3612 2401 exsu-

2032 2420 2341 2488 perantiam
2380 2437 2470 2477 res
2507 2426 2681 2480 nostri
2708 2428 3008 2497 excedunt,
3061 2432 3155 2501 qui
3214 2433 3287 2488 ita
3345 2434 3608 2493 illibatam

2030 2508 2362 2576 virginitatis
2401 2513 2677 2568 aureolam
2731 2524 2845 2572 totu
2887 2520 3011 2575 vitae
3041 2523 3313 2579 curriculo
3347 2528 3609 2593 servavit,

2037 2607 2095 2679 ut
2127 2599 2401 2671 quispiam
2429 2611 2522 2657 aut
2552 2619 2783 2676 corpore
2817 2611 3042 2665 omnino
3072 2615 3348 2683 superior,
3377 2628 3473 2673 aut
3498 2619 3607 2675 im-

2029 2674 2322 2758 materiali,
2370 2703 2427 2747 ut
2456 2694 2536 2749 sic
2574 2674 2884 2767 loquamur,
2931 2716 3159 2772 corpore
3192 2709 3481 2776 praeditus;
3516 2690 3611 2780 qui

2031 2788 2243 2836 tantum
2295 2781 2464 2838 etiam
2515 2784 2567 2838 in
2610 2799 2736 2841 vera
2784 2790 3051 2860 sapientia
3086 2793 3333 2863 profecit,
3386 2806 3444 2852 ut
3497 2814 3606 2855 non

2026 2870 2201 2927 solum
2272 2875 2656 2942 perplexabilis
2712 2879 3093 2939 hereticorum
3147 2888 3527 2956 captiunculas
3549 2904 3607 2949 et

2025 2962 2282 3031 strophas
2318 2968 2453 3020 scite
2482 2967 2826 3038 dissolverit,
2881 2981 2934 3030 et
2973 2989 3137 3031 omne
3188 2978 3605 3048 offendiculum,

2027 3054 2074 3110 si
2107 3058 2250 3124 quod
2288 3072 2518 3128 usquam
2549 3073 2887 3130 occurreret,
2929 3066 2997 3121 de
3031 3067 3230 3135 medio,
3261 3080 3316 3125 et
3355 3072 3508 3138 olim,
3546 3083 3605 3128 et

1950 3139 1990 3196 C
2027 3146 2131 3203 hoc
2162 3149 2326 3203 etiam
2353 3159 2619 3222 tempore,
2645 3155 2947 3222 sustulerit,
2981 3158 3076 3214 sed
3099 3173 3153 3215 et
3177 3160 3421 3233 singulos
3447 3181 3608 3220 mor-

2030 3240 2243 3307 talium,
2309 3243 2458 3297 omni
2522 3253 2791 3317 tempore,
2854 3249 3125 3322 spirituali
3168 3255 3367 3323 pabqu
3399 3255 3609 3313 affatim

2028 3346 2254 3402 pascere
2281 3335 2537 3403 potuerit.

424 3409 569 3467 PlS’.
613 3413 769 3471 Ἐπεὶ
810 3416 904 3470 καὶ
942 3408 1034 3471 τὸν
1082 3418 1230 3473 κατὰ
1280 3422 1437 3489 γένος
1485 3422 1678 3490 ἐκείνῳ
1712 3423 1920 3492 προσή-

2099 3418 2286 3478 CXIX.
2324 3424 2501 3482 Porro
2561 3431 3230 3507 quamvis'propinquum
3293 3436 3487 3497 Jacobi
3550 3453 3607 3499 et

347 3522 518 3559 κοντα
564 3506 681 3561 Ἰώὸ
709 3525 852 3576 φημι
883 3509 974 3563 τὸν
1002 3510 1264 3581 Αὐσίτην,
1307 3514 1450 3566 πάνυ
1487 3514 1783 3599 θαυμάζων
1821 3515 1919 3585 τῆς

2028 3521 2338 3582 cognatum,
2387 3515 2587 3572 Jobum
2639 3520 2790 3577 illum
2854 3502 3107 3593 Ausiten,
3157 3530 3228 3586 ob
3282 3532 3602 3601 patientiam

356 3598 668 3669 καρτερίας,
699 3600 809 3669 ἐγὼ
859 3601 918 3654 δὲ
968 3603 1065 3656 καὶ
1094 3604 1285 3659 τοῦτον
1323 3605 1457 3659 πολὺ
1502 3594 1704 3676 μᾶλλον
1731 3609 1788 3661 ὲν
1820 3609 1919 3662 αὑ-

2028 3617 2352 3674 magnOpere
2410 3608 2670 3679 admirer,
2725 3613 2870 3670 hunc
2937 3628 3184 3676 nostrum
3243 3631 3444 3690 tamen,
3499 3626 3607 3683 hoc

362 3693 472 3753 τοῖς
520 3691 731 3755 τούτοις
772 3692 805 3763 ἢ
846 3694 1057 3749 ἐκεῖνον
1109 3696 1220 3767 ἔχω
1283 3697 1606 3768 θαυμάζειν.
1656 3695 1757 3755 Ὧν
1810 3702 1918 3772 γὰρ

2028 3692 2221 3747 eodem
2257 3696 2499 3763 nomine,
2519 3699 2662 3755 haud
2690 3705 2851 3770 paulo
2885 3707 3010 3777 plus
3042 3725 3204 3779 quam
3239 3712 3388 3769 illum
3422 3715 3603 3772 admi-

354 3786 562 3850 ἐκεῖνος
601 3787 753 3842 ἄκων
793 3789 1101 3861 ἐστέρητο,
1162 3790 1399 3845 πλούτου
1449 3795 1548 3848 καὶ
1602 3795 1766 3864 δόξης
1821 3797 1918 3849 καὶ.

2029 3787 2137 3842 rari
2186 3787 2403 3846 habeo:
2439 3806 2559 3859 quae
2596 3792 2766 3851 Iebus
2815 3798 2960 3853 enim
3006 3802 3120 3858 suis
3157 3803 3315 3873 plane
3350 3807 3607 3878 ingratiis

354 3878 573 3933 πάντων
612 3876 695 3944 οἷς
725 3880 1010 3952 ἄνθρωποι
1062 3885 1354 3956 χαίρουσι,
1391 3887 1549 3941 ταῦθ’
1587 3888 1745 3952 οὗτος
1776 3889 1917 3944 ἑκὼν

2028 3881 2233 3946 amisit,
2279 3878 2592 3950 facultates,
2637 3884 2894 3955 honores,
2940 3893 3150 3964 reliqua
3189 3899 3392 3964 omnia,
3445 3902 3602 3970 queis

350 3968 445 4024 διὰ
471 3971 705 4040 Χριστὸν
753 3974 1076 4046 ἀπηξίωσεν
1123 3978 1300 4049 ἴσχειν
1328 3994 1344 4010 ο
1399 3980 1654 4046 κάκεῖνος
1695 3983 1792 4051 μὲν
1834 3976 1918 4047 οἷς

2028 3970 2166 4026 afﬁci
2197 3974 2479 4029 hominum
2508 3976 2676 4034 animi
2699 3980 2894 4049 solent,
2925 3998 2989 4040 ea
3020 3996 3205 4043 noster
3233 3990 3401 4059 ultra,
3443 3968 3603 4049 Chri-

346 3163 637 3222 δύνασθαι.

352 4060 490 4129 πρὸς
536 4062 636 4126 τὰς
682 4063 833 4130 θείας
886 4065 1100 4136 ψήφους
1145 4071 1425 4125 ἀντειπεῖν
1462 4070 1601 4136 ὅλως
1655 4073 1753 4144 οὐχ
1806 4072 1919 4141 οἷός

351 4168 409 4205 τε
460 4151 558 4219 ὢν,
594 4156 729 4225 πρὸς
779 4159 1191 4231 μεγαλοψυχίαν
1222 4163 1283 4227 ἐξ
1324 4163 1575 4236 ἀνάγκης
1612 4165 1914 4239 ἐχώρησεν,

351 4242 553 4312 ἔδειξεν
576 4248 653 4311 ὡς
684 4248 744 4303 τὸ
768 4249 843 4321 μὴ
875 4252 1049 4305 ταῦτα
1071 4253 1290 4320 παθεῖν,
1311 4257 1441 4329 περὶ
1475 4257 1726 4325 πλείονος
1757 4256 1914 4331 ἦγεν.

366 4336 428 4389 Ὀ
472 4338 549 4402 δὲ,
594 4338 829 4408 μάλιστα
869 4343 1089 4397 πάντων
1133 4344 1272 4415 ἔχων
1306 4348 1401 4401 καὶ
1442 4349 1689 4419 χρήμασι
1719 4355 1918 4424 περιρ-

356 4423 569 4495 ῥείσθαὶ
599 4430 693 4484 καὶ
719 4430 1009 4507 δυναστείᾳ
1040 4437 1295 4506 προέχειν
1324 4440 1419 4493 καὶ
1452 4441 1719 4497 πάντοθεν
1758 4461 1917 4514 περι-

350 4517 669 4586 ϐλέπεσθαι,
708 4524 917 4580 τούτων
947 4527 1100 4582 οὐδὲν
1130 4530 1239 4582 οὐδ’
1269 4530 1426 4601 θναρ,
1460 4532 1536 4595 ὡς
1576 4533 1760 4603 λόγος,
1791 4537 1919 4606 ἠνέ-

353 4628 536 4681 σχετο,
564 4614 705 4668 ἀλλὰ
736 4617 835 4688 τὴν
862 4619 964 4688 τῆς
994 4620 1315 4691 φιλοσοφίας
1351 4625 1529 4694 μάζαν
1565 4628 1661 4680 καὶ
1698 4627 1760 4681 τὸ
1789 4628 1919 4685 λαν-

348 4701 530 4759 θάνειν
560 4709 656 4761 καὶ
689 4709 853 4780 μηδὲν
884 4711 1036 4783 ἔχειν
1067 4713 1160 4768 τοῦ
1190 4717 1392 4780 παντὸς
1417 4717 1667 4787 ἐτιμᾶτο.

417 5240 548 5295 PK'.
580 5241 771 5296 Μωσεϊ
824 5244 923 5313 μὲν
974 5240 1069 5298 οὖν
1110 5244 1188 5313 τῷ
1248 5246 1542 5318 νομοθέτῃ,
1603 5250 1696 5302 καὶ
1749 5249 1913 5305 Δαὸὶδ

341 5330 422 5401 τῷ
458 5330 553 5385 τοῦ
596 5332 822 5400 Ἰεσσαὶ,
854 5334 951 5388 καὶ
981 5335 1119 5390 ἄλλα
1169 5336 1270 5406 μὲν
1325 5338 1500 5407 δήπου
1556 5348 1912 5410 προσμαρτυ-

340 5421 515 5490 ρετται
562 5422 672 5475 τῶν
719 5422 965 5493 ἀγαθῶν.
1015 5426 1081 5479 Ὃ
1131 5425 1188 5478 δὲ
1242 5428 1461 5482 πάντων
1500 5427 1778 5501 ἐξαίρετον
1818 5432 1910 5485 καὶ

2034 4063 2105 4118 sti
2142 4078 2335 4132 causa,
2385 4082 2489 4123 nec
2533 4070 2733 4127 habere
2773 4089 3007 4146 unquam
3055 4080 3245 4137 voluit.
3300 4083 3432 4138 Tum
3468 4103 3603 4144 vero

2026 4166 2290 4227 praeterea
2317 4159 2426 4228 ille,
2461 4162 2741 4232 quoniam,
2776 4180 2898 4222 cum
2935 4171 3066 4225 nihil
3092 4173 3385 4245 quidquam
3414 4178 3598 4233 divino

2024 4260 2302 4320 apponere
2352 4263 2534 4321 posset
2575 4254 2807 4325 judicio,
2844 4263 3246 4320 necessitudine
3303 4278 3478 4331 actus,
3525 4274 3596 4325 ad

2027 4341 2534 4412 magnanimitatem
2592 4347 2806 4404 tandem
2868 4352 3123 4410 veniebat
3177 4372 3193 4410 :
3240 4371 3305 4413 eo
3359 4362 3599 4416 ostendit

2024 4433 2181 4499 satis,
2207 4432 2379 4502 pluris
2410 4448 2469 4491 se
2490 4439 2712 4495 omnino
2741 4441 2945 4509 facere,
2981 4447 3026 4501 si
3058 4447 3112 4501 in
3136 4447 3279 4504 istas
3312 4467 3588 4522 nunquam

2023 4522 2309 4580 incidisset
2368 4541 2662 4585 aerumnas.
2734 4532 2801 4586 At
2876 4544 3098 4603 noster,
3175 4542 3390 4598 tametsi
3455 4560 3596 4601 unus

2022 4615 2264 4671 omnium
2298 4619 2553 4686 maxime,
2584 4628 2639 4675 et
2672 4621 3058 4684 circumﬂuere
3081 4630 3302 4700 opibus,
3333 4642 3388 4689 et
3417 4637 3599 4691 excel-

2021 4706 2138 4763 lere
2171 4709 2435 4778 potenlia,
2472 4719 2526 4765 et
2557 4712 2902 4771 omnifariam
2946 4721 3137 4777 beatus
3178 4723 3470 4797 clarusque
3498 4728 3597 4782 ha-

2022 4794 2138 4877 beri
2188 4802 2423 4864 poterat,
2483 4795 2709 4854 istorum
2763 4812 2940 4860 tamen
2981 4809 3133 4877 nihil,
3164 4794 3231 4870 ne
3266 4815 3317 4870 in
3363 4794 3594 4875 somniis

2027 4870 2273 4956 qdidem’
2327 4889 2469 4957 θυοδ
2522 4890 2576 4945 in
2622 4896 2916 4963 Proverbia
2959 4910 3063 4968 est,
3095 4870 3239 4961 ferre
3266 4870 3593 4977 potuit,

2028 4992 2181 5032 maza
2211 4978 2613 5050 philosophica,
2671 4988 2765 5043 sed
2825 4989 3062 5048 solitudo
3107 5005 3161 5050 et
3195 5011 3465 5068 recessus,
3495 5004 3591 5058 sed

2019 5068 2097 5123 rei
2160 5068 2364 5127 nullius
2414 5076 2632 5145 propria
2675 5083 2971 5152 possessio,
3024 5085 3101 5141 illi
3161 5090 3416 5147 omnibus
3449 5092 3591 5148 antl-

2017 5160 2209 5228 quiora
2242 5162 2415 5219 fuere.

2085 5247 2250 5306 CXX.
2296 5250 2431 5308 Mosi
2456 5267 2581 5312 vero
2613 5257 2938 5330 Iegislatori,
2981 5276 3036 5322 et
3061 5266 3274 5336 Davidi,
3304 5268 3495 5327 Jessai
3520 5271 3589 5326 ﬂ-

2018 5339 2112 5406 lio,
2147 5357 2273 5398 cum
2304 5345 2425 5401 aliae
2454 5347 2686 5407 virtutes
2711 5352 3017 5425 (sacrarum
3052 5357 3409 5433 Litterarum)
3437 5365 3589 5419 testi-

2016 5434 2203 5489 monio
2238 5436 2572 5508 tribuuntur,
2623 5453 2735 5499 tum
2779 5450 2925 5517 quod
2952 5451 3287 5522 praecipuum
3313 5455 3584 5523 omnium,

334 5514 501 5567 οἱονεὶ
562 5515 845 5586 κολοφὼν,
900 5518 1177 5574 ἐπιείκεια
1228 5522 1325 5576 καὶ
1381 5523 1659 5594 πραότηςο
1706 5526 1802 5578 καὶ
1848 5527 1910 5579 τὸ

2028 5534 2065 5579 ιι
2096 5528 2245 5584 velut
2272 5528 2539 5601 colophou
2585 5545 2669 5593 est
2700 5514 3003 5597 moderatio
3033 5550 3088 5598 et
3116 5514 3338 5611 lenitas,
3362 5552 3417 5600 et
3439 5514 3583 5616 quod

339 5607 488 5659 κατὰ
514 5606 611 5673 μὲν
637 5608 737 5678 τὴν
764 5608 858 5664 τοῦ
902 5610 1039 5665 Θεοῦ
1079 5612 1308 5683 καρδίαν
1336 5615 1723 5680 πολιτεύοντας
1746 5614 1906 5685 εἶναι,

2017 5635 2036 5668 ι
2074 5620 2371 5676 secundum
2403 5638 2501 5679 cor
2524 5627 2617 5682 Dei
2642 5629 2708 5696 “,
2753 5647 2774 5682 ι
2807 5630 2951 5688 dicta
2994 5648 3093 5690 sua
3124 5632 3375 5707 factaque
3396 5638 3595 5693 omnia,

333 5698 477 5766 ὑπὲρ
513 5699 570 5752 δὲ
621 5701 732 5753 τῶν
779 5703 1072 5773 ὁμοφύλων
1115 5705 1214 5775 τὴν
1262 5706 1440 5778 ψυχὴν
1487 5708 1721 5780 ἑτοίμως
1763 5711 1908 5781 ἔχειν

2028 5721 2415 5781 :mnponerent,
2458 5724 2513 5771 et
2541 5717 2715 5787 ipsam
2756 5723 2919 5779 etiam
2950 5725 3187 5781 animam
3223 5698 3425 5784 cirium
3454 5744 3587 5787 suo-

333 5788 617 5858 προέσθαι.
663 5790 721 5843 '0
749 5791 805 5845 δὲ
831 5832 845 5857 ,
888 5795 1045 5847 τοῦτο
1083 5796 1248 5866 μηδὲν
1286 5793 1453 5869 ἦττον
1498 5800 1676 5855 αὐτῶν
1706 5818 1905 5870 κεκτη-

399 5909 445 5941 ⁸³
478 5907 497 5962 ι
525 5907 659 5980 ch.
700 5887 824 5979 xui,
856 5914 955 5981 M;
990 5917 1092 5970 Act
1125 5932 1242 5983 xm,
1277 5919 1368 5974 εδ.

2013 5816 2141 5893 τυυι
2196 5819 2361 5862 causa
2395 5807 2727 5876 profundere
2769 5817 2941 5885 parati
2972 5827 3177 5888 essent,
3204 5819 3319 5892 iam
3351 5832 3411 5879 at
3442 5822 3581 5880 hanc
