4028 6430
520 437 630 503 3‘9

519 649 775 704 maximis
805 651 1016 710 duabus
1055 655 1228 712 victor
1253 670 1338 714 est
1365 660 1718 731 :virginitate
1764 666 2000 734 scilicet,
2052 678 2107 724 et

517 741 662 810 quod
711 744 976 802 adversus
1019 749 1374 806 ambitionem
1421 753 1657 810 invictus
1718 759 1894 825 stetit,
1935 759 2105 815 animi

518 843 698 889 autem
757 837 1040 896 affectibus
1131 843 1426 916 brutisque
1473 849 1752 917 motibus,
1809 853 2112 923 plusquam-

517 927 655 981 alius
692 932 960 999 quispiam
1013 937 1373 1006 imperitavit,
1409 955 1616 1010 suaque
1649 943 1888 1013 quadam
1929 949 2104 1016 impe-

521 1023 728 1076 rntttria
785 1025 1092 1083 calliditate
1127 1030 1471 1099 spiritualem
1535 1033 1686 1088 illum
1739 1034 2104 1106 Pharaonem,

515 1127 820 1186 omnesque
849 1118 992 1172 illius
1025 1122 1216 1192 copias
1268 1123 1581 1192 debellavit,
1612 1141 1771 1196 quem
1805 1144 1904 1199 ego
1935 1147 2103 1185 unum

513 1205 862 1262 verissimum
903 1209 1248 1269 fortitudinis
1287 1216 1655 1288 principatum
1681 1221 1878 1277 merito
1914 1223 2097 1294 appel-

513 1298 768 1355 laverim.

587 1389 777 1447 CXXI.
819 1393 938 1460 Quo
986 1405 1164 1452 autem
1218 1399 1338 1456 loco
1369 1401 1623 1474 Gregorii
1661 1407 1839 1463 nostri
1891 1408 2104 1463 ιΙιροῐοο
2179 1457 2186 1462 ς

514 1477 659 1547 giam
703 1481 1044 1540 collocabis?
1094 1501 1208 1543 rem
1257 1506 1390 1546 sane
1426 1501 1656 1558 tantam,
1683 1505 1740 1551 et
1769 1506 1920 1552 tanto
1956 1514 2108 1554 com-

516 1573 827 1630 mendatam
858 1593 1023 1648 Opere
1066 1592 1122 1636 ut
1173 1583 1238 1637 ad
1273 1586 1414 1640 hanc
1454 1586 1589 1642 nihil
1638 1590 2107 1650 decantatissimte

515 1662 686 1722 Mosis
739 1669 935 1726 tabulae
984 1673 1115 1728 sint.
1162 1674 1294 1743 Quae
1322 1680 1627 1748 quamlibet
1687 1685 1926 1740 maximo
1960 1701 2108 1741 exse

515 1760 569 1812 in
601 1760 780 1828 pretio
840 1763 1108 1832 habenda,
1161 1771 1364 1841 quippe
1414 1772 1676 1831 divinitus
1740 1785 1798 1831 ct
1847 1777 2102 1835 ineffabili

513 1855 750 1922 quodam
782 1870 1019 1913 exarata:
1061 1862 1240 1925 modo,
1295 1866 1671 1934 corporalium
1719 1876 1903 1924 tamen
1969 1887 2106 1939 ιιι-τε-

513 1956 796 2011 ceptorum
831 1952 1140 2008 sanctiones
1165 1966 1360 2023 erant;
1391 1966 1444 2011 at
1477 1959 1648 2012 nostri
1676 1960 1969 2032 theologia,
1991 1979 2097 2018 non

512 2038 775 2095 divinitus
813 2041 972 2098 modo
1009 2046 1248 2114 aspira'a
1284 2058 1426 2115 erat,
1458 2051 1554 2104 sed
1590 2060 1643 2105 et
1682 2050 1847 2108 Deum
1901 2055 2100 2125 ipsum,

513 2137 573 2181 nt
601 2131 765 2185 verbo
788 2133 993 2201 dicam,
1021 2138 1278 2192 omnibus
1311 2141 1662 2197 commendat
1703 2154 1756 2199 et
1791 2146 2102 2213 conﬁrmat,

511 2228 565 2272 ct
610 2237 729 2290 quae
763 2223 827 2277 de
865 2225 976 2279 Deo
1015 2229 1221 2283 sentire
1261 2233 1578 2296 conveniat,
1619 2238 1924 2292 communis
1959 2254 2107 2308 quze-

514 2317 637 2367 t’am
692 2315 965 2383 lcgislatio
1035 2328 1089 2373 et
1157 2321 1280 2377 linis
1328 2334 1434 2391 est,
1488 2327 1697 2381 scilicet
1753 2330 2104 2386 exactissima

513 2401 665 2454 omni
699 2401 981 2458 tlaborala
1011 2420 1164 2472 cura,
1199 2423 1388 2476 quaeve
1422 2411 1627 2466 nullam
1677 2414 1960 2482 cuiquam,
1999 2416 2105 2471 ulla

513 2509 578 2546 ex
628 2503 806 2562 parte,
866 2498 1316 2566 reprehensionis
1373 2517 1560 2556 ausam
1623 2506 1881 2574 pra‘heat,
1916 2521 2106 2561 verum

520 2593 632 2638 tuta
692 2585 934 2656 undique
983 2596 1039 2642 et
1073 2589 1506 2659 impenetrabilis
1541 2593 1633 2657 sit,
1663 2597 1894 2663 perinde
1937 2612 2001 2652 ac
2031 2598 2111 2652 di-

513 2679 698 2732 vinum
741 2681 1015 2748 quoddam
1061 2683 1367 2752 oraculum,
1408 2695 1500 2740 aut
1529 2688 1705 2742 delata
1731 2690 1870 2745 coelo
1891 2702 2111 2748 senten-

515 2770 609 2833 tia,
643 2781 694 2824 et
729 2774 836 2827 vim
871 2773 999 2829 inde
1026 2777 1524 2848 auctoritatemque
1558 2795 1711 2833 suam
1745 2785 1972 2852 adepta.

582 2861 795 2918 CXXII.
848 2865 1145 2933 Gregorius
1196 2884 1380 2938 porro,
1435 2870 1578 2940 quod
1624 2889 1797 2942 usque
1845 2878 1982 2929 adeo
2015 2877 2114 2931 Int-

513 2975 706 3011 mattus
749 2968 802 3011 et
837 2959 1158 3026 benevolus,
1187 2971 1239 3015 et
1267 2963 1580 3020 misericors
1601 2981 1727 3034 erga
1757 2983 1947 3023 omnes
1970 2977 2109 3036 erat,

511 3059 567 3102 nt
597 3065 660 3104 ea
721 3067 778 3105 re
813 3071 830 3104 ι
860 3052 1071 3108 viscera
1115 3055 1398 3111 charitatis
1423 3099 1439 3124 ,
1477 3075 1494 3107 ι
1551 3059 1882 3114 vocitari-tur
1924 3077 1938 3115 :
1970 3064 2112 3132 quod

507 3145 636 3196 item
659 3145 710 3198 in
765 3145 976 3202 deliciis
1009 3149 1171 3201 vitam
1201 3165 1363 3220 agere
1383 3165 1505 3205 cum
1549 3163 1748 3220 posset,
1782 3155 2112 3219 nollet,cou-

1769 457 2172 522 THEODULI
2208 462 2560 528 MONACH-I
2858 502 2896 527 ο

521 569 632 608 non
664 557 845 613 minus
880 575 1041 630 quam
1081 563 1157 619 illi
1199 574 1394 621 noster
1440 568 1700 625 virtutem
1734 571 1994 643 habebat,
2031 575 2104 630 ita

2216 580 2404 648 μένος,
2444 583 2592 638 δυοῖν
2630 587 2746 642 τοῖν
2799 589 3084 660 μεγίστοιν
3136 595 3198 649 τδ

3675 485 3768 550 340

3255 597 3458 667 κράτος
3503 598 3567 654 λα
3576 599 3766 670 μϐάνει,

2213 672 2516 766 παρθενεία
2561 695 2623 731 τε
2653 681 2748 734 καὶ
2781 683 2861 755 τῷ
2909 686 2985 757 μὴ
3012 686 3172 757 δόξης
3205 692 3494 764 ἡττᾶσθαι,
3535 695 3663 748 ἀλλὰ
3691 699 3769 766 βα-

2218 761 2454 818 σιλεύειν
2491 767 2592 835 μὲν
2618 771 2727 824 τῶν
2754 774 2949 828 παθῶν
2979 779 3075 831 καὶ
3101 779 3212 832 τῶν
3228 761 3456 851 *ἀλόγων
3489 783 3588 853 τῆς
3608 761 3770 852 ψυχῆς

2213 859 2539 926 κινημάτων
2575 863 2779 928 παντὸς
2819 867 3046 936 μᾶλλον,
3079 877 3560 944 καταστρατηγεῖν
3601 877 3652 930 δὲ
3688 876 3769 930 τοῦ

2213 952 2408 1023 νοητοῦ
2464 956 2702 1028 Φαραὼ,
2739 961 2832 1014 καὶ
2879 964 2983 1031 τῆς
3031 964 3196 1018 αὐτοῦ
3229 969 3510 1036 στρατιᾶς,
3537 971 3600 1042 ἢν
3621 972 3770 1040 μόνην

2208 1043 2378 1114 ἔγωγ’
2403 1048 2473 1102 ἄν
2507 1049 2676 1119 φαίην
2699 1049 2775 1116 ὡς
2803 1053 3025 1124 ἀληθῶς
3054 1056 3366 1126 ἀριστείαν.

2281 1408 2462 1464 ΡΚΑ’.
2517 1408 2628 1463 Ποῦ
2686 1410 2744 1464 δέ
2798 1413 2987 1484 θήσεις
3035 1416 3136 1486 τὴν
3173 1416 3367 1471 τούτου
3401 1417 3673 1488 θεολογίαν
3696 1437 3775 1474 το·

2212 1501 2404 1556 σοῦτον
2448 1500 2616 1558 οὖσαν
2663 1506 2759 1558 καὶ
2789 1505 2934 1560 οὕτω
2970 1507 3426 1582 θαυμαζομένην,
3458 1511 3532 1575 ὡς
3565 1519 3653 1566 καὶ
3686 1513 3774 1576 τὰς

2209 1593 2559 1664 ὑμνουμένας
2597 1597 2806 1651 ἐκείνου
2863 1599 3074 1664 πλάκας
3137 1603 3200 1654 τὸ
3249 1604 3419 1674 μηδὲν
3466 1601 3602 1659 εἶναι
3653 1608 3774 1674 πρὸς

2209 1686 2453 1756 ταύτην;
2485 1689 2643 1760 είπερ
2681 1691 2738 1743 ai
2791 1691 2914 1762 μὲν,
2969 1694 3017 1746 εί
3053 1695 3148 1748 καὶ
3179 1696 3382 1750 πολλοῦ
3425 1715 3568 1760 τινος
3616 1697 3772 1764 ἄξιαι,

2209 1777 2287 1848 τῷ
2311 1776 2474 1842 θείως
2497 1781 2591 1833 καὶ
2617 1782 2875 1852 ἀρρήτως
2914 1784 3352 1855 ὲγκεχαράχθαι,
3398 1787 3512 1840 ἀλλ’
3549 1787 3650 1855 ἄρα
3681 1805 3774 1839 σω-

2215 1873 2463 1940 ματικῶν
2512 1870 2654 1945 ἦσαν
2701 1877 3094 1946 ἐπιταγμάτων
3125 1877 3362 1948 θεσμοίο
3395 1879 3477 1951 ἧδ’
3502 1880 3595 1949 οὐχ
3641 1881 3772 1942 ὅπως

2210 1965 2400 2019 θεόθεν
2441 1969 2540 2038 τὴν
2588 1967 2880 2021 ἐπίπνοιαν
2921 1969 3113 2040 ἔσχεν,
3153 1971 3292 2024 ἀλλὰ
3332 1973 3429 2025 καὶ
3461 1971 3593 2024 Θεδν
3629 1972 3772 2024 αὐτὸν

2206 2057 2282 2122 ὡς
2319 2062 2494 2114 εἰπεῖν
2543 2062 2858 2132 συνίστησιν
2905 2063 3078 2117 ἅπασι
3117 2066 3214 2130 καὶ
3265 2065 3550 2134 κρατύνει,
3577 2066 3665 2120 καὶ
3689 2063 3773 2118 τοῦ

2209 2156 2432 2220 φρονεῖν
2462 2153 2496 2208 ἃ
2543 2154 2744 2208 τούτου
2771 2155 2901 2225 πέρι
2939 2156 3186 2228 προσῆκε
3211 2196 3226 2221 ,
3259 2160 3418 2227 κοινή
3453 2159 3536 2221 τίς
3566 2160 3674 2211 ἐστι
3699 2175 3771 2210 νο-

2215 2245 2446 2312 μοθεσία
2477 2247 2576 2299 καὶ
2609 2246 2735 2316 ὅρος
2780 2247 2856 2316 τῷ
2889 2247 2977 2300 διὰ
3018 2248 3202 2316 πάσης
3232 2249 3526 2317 ἀκριϐείας
3548 2248 3770 2318 ἀφῖχθαι,

2211 2337 2307 2388 καί⁸
2345 2336 2536 2406 μηδενὶ
2589 2337 2712 2407 μηδ’
2754 2338 3007 2407 ἡντινοῦν
3063 2338 3126 2393 τδ
3157 2341 3425 2409 παράπαν
3468 2343 3559 2394 ἐπὶ
3596 2340 3769 2412 μηδενὶ

2211 2427 2409 2482 διδᾶναι
2427 2429 2628 2498 λαϐὴν,
2655 2429 2774 2483 ἀλλ’
2798 2431 3224 2501 ἀνεπιχείρητον
3253 2431 3606 2486 παντάπασιν
3627 2427 3770 2497 εἶναι,

2215 2521 2470 2589 καθάπερ
2527 2522 2652 2576 τινὰ
2687 2521 2835 2574 θεῖον
2885 2523 3141 2594 χρησμὸν
3195 2523 3226 2591 ἢ
3270 2523 3461 2595 ψῆφον
3507 2523 3771 2593 οὐρανόθεν

2214 2611 2664 2683 κατενεχθεῖσαν,
2699 2613 2795 2667 καὶ
2826 2614 3000 2689 ταύτῃ
3035 2615 3098 2670 τδ
3129 2617 3336 2686 κράτος
3365 2617 3615 2688 ἔχουσαν.

2285 2861 2462 2918 ΡΚΒ’.
2501 2865 2598 2926 Ὃς
2627 2859 2707 2926 οἷς
2747 2863 2849 2930 μὲν
2887 2863 3034 2918 οὕτω
3071 2863 3481 2937 φιλανθρώπως
3509 2862 3616 2935 εἶχε
3657 2861 3769 2935 πρὸς

2217 2954 2430 3018 πάντας
2475 2956 2568 3009 καὶ
2629 2956 2954 3024 συμπαθῶς,
2995 2975 3013 3008 ι
3049 2955 3125 3019 ὡς
3159 2956 3452 3027 σπλάγχνα
3498 2958 3769 3028 χρηστότη·

2216 3066 2306 3112 τος
2352 3068 2372 3102 ι
2399 3049 2770 3120 ὀνομάζεσθαι
2794 3065 2809 3081 ο
2837 3045 2918 3113 οἷς
2947 3049 3002 3103 δὲ
3034 3051 3251 3122 τρυφᾷν
3279 3050 3502 3104 ἐδύνατο
3542 3049 3655 3119 μέν,
3686 3047 3768 3099 οὐκ

2220 3141 2476 3195 ἐϐούλετο
2513 3141 2590 3205 δέ,
2625 3139 2763 3194 ἀλλὰ
2807 3141 3049 3212 διηνεκεῖ
3081 3143 3175 3194 καὶ
3217 3141 3632 3213 ὑπερϐαλλούσῃ
3662 3138 3767 3198 τοὺς

511 3248 592 3289 tra
635 3239 900 3309 verojugi
949 3250 1232 3311 metasque
1267 3259 1458 3298 omnes
1507 3259 1739 3313 egressae
1769 3247 1968 3304 inedia:
1993 3265 2107 3304 sese

2219 3233 2380 3305 ὅρους
2429 3235 2662 3305 νηστείᾳ
2714 3236 3032 3304 προσεῖχεν,
3089 3236 3346 3306 ἑκατέρω
3393 3235 3470 3288 τὼ
3503 3233 3766 3305 προδρόμω

512 3330 754 3393 dederet,
789 3333 872 3386 liis
916 3334 1005 3387 ille
1040 3335 1202 3388 rebus
1256 3346 1547 3407 utrumque
1589 3355 2010 3410 praecursorem,
2053 3354 2108 3398 et

509 3421 770 3478 Joannem
798 3425 1075 3481 Zachariae
1109 3428 1348 3484 filiutuet
1384 3430 1556 3486 Eliam
1597 3433 1916 3502 Thesbiten,
1953 3446 2106 3492 ante-

507 3516 642 3571 ibat.
699 3515 895 3583 Ellam,
947 3519 1118 3574 nimio
1167 3523 1403 3592 quodam
1426 3524 1542 3578 zelo
1581 3541 1645 3580 eo
1693 3527 2000 3598 abreptum,
2040 3537 2101 3582 ιιι

507 3609 976 3664 σιοιιιιηῑεεταιίοιιί
1029 3612 1248 3668 clausus
1292 3617 1810 3687 esset;Baptistatn,
1875 3621 2102 3689 penuria

507 3699 648 3754 alius
679 3701 859 3757 idonei
882 3704 1122 3759 alimenti
1149 3707 1212 3760 ad
1234 3707 1475 3764 locuslas
1499 3721 1552 3764 et
1595 3711 1698 3764 mel
1728 3712 1984 3768 silvestre
2011 3713 2110 3766 ad-

509 3798 1068 3864 actum.Qnodantem
1091 3818 1108 3851 ι
1135 3801 1392 3872 majorem
1420 3804 1534 3872 ipso
1559 3815 1807 3860 exortum
1835 3805 2000 3862 fuisse
2016 3807 2061 3838 “
2086 3826 2103 3859 ι

514 3898 699 3956 negat,
747 3891 800 3944 id
823 3893 954 3946 nihil
984 3893 1047 3945 ad
1076 3893 1214 3956 hanc
1265 3910 1379 3948 rem
1441 3897 1566 3949 facit
1593 3913 1606 3950 :
1635 3913 1740 3950 non
1785 3899 1929 3952 enim
1967 3898 2111 3952 l'utu-

514 3995 636 4034 rum
697 3983 957 4037 exclusit.
1013 3982 1226 4040 Rursus
1269 3987 1417 4054 quod
1451 3986 1710 4041 illiatnbo
1740 4002 1838 4056 pro
1889 3988 1956 4042 iis
1988 4005 2110 4058 qure

514 4071 758 4140 legitima
817 4076 1032 4145 etjusta
1095 4089 1314 4142 essent,
1372 4080 1590 4134 beroica
1646 4081 1882 4149 quadam
1942 4081 2108 4136 liber-

514 4171 627 4219 tate
650 4164 762 4218 oris
802 4167 868 4220 ad
899 4168 1169 4236 principes
1190 4184 1319 4223 suos
1369 4170 1452 4224 usi
1491 4170 1680 4236 fuere;
1711 4180 1897 4225 noster
1925 4180 2103 4226 autem

513 4269 616 4324 pro
659 4255 942 4314 divinitate
999 4260 1140 4329 ipsa,
1199 4263 1463 4318 adversus
1494 4272 1778 4332 protervos
1800 4263 2106 4320 divinitatis

511 4348 957 4418 calumniatores,
1021 4354 1207 4408 eadem
1230 4369 1359 4410 usus
1384 4365 1470 4410 est
1495 4372 1510 4422 ;
1544 4364 1656 4409 tum
1683 4357 1826 4426 quod
1853 4357 1928 4411 illi
1972 4358 2106 4412 nihil

511 4442 806 4512 quidquam
838 4459 1025 4500 eorum
1052 4461 1172 4512 quae
1200 4445 1612 4501 destinaverant
1647 4447 1947 4516 perfecere,
2007 4464 2106 4502 no—

2219 3325 2422 3398 παρῄει
2443 3345 2456 3360 ·
2487 3327 2581 3380 τόν
2610 3343 2670 3379 τε
2703 3325 2798 3381 τοῦ
2858 3327 3157 3398 Ζαχαρίου,
3225 3331 3324 3382 καὶ
3375 3328 3466 3383 τὸν
3497 3326 3765 3390 Θεσϐίτηνο

2216 3420 2310 3472 τον
2346 3420 2468 3489 μὲν,
2511 3420 2755 3491 ἀμετρίᾳ
2777 3420 2873 3473 τοῦ
2917 3420 3108 3490 ζήλου,
3148 3421 3288 3491 πρὸς
3322 3422 3384 3475 τὸ
3413 3421 3488 3492 μὴ
3519 3416 3767 3490 συμπαθὲς

2215 3514 2514 3584 ἐξαχθέντα
2537 3529 2552 3543 ⁸
2591 3513 2684 3567 τὸν
2722 3514 2800 3578 δὲ,
2836 3513 2906 3566 δι’
2939 3515 3183 3583 ἀπορίαν
3230 3515 3538 3586 βρωμάτων
3570 3512 3764 3580 ἐτέρων.

2215 3608 2351 3675 πρὸς
2382 3609 2612 3679 ἀκρίδας
2647 3609 3109 3677 καταπεφευγότα
3127 3609 3221 3662 καὶ
3250 3611 3398 3680 μέλι.
3425 3611 3486 3662 El
3515 3607 3590 3673 δὲ,
3622 3625 3639 3658 ι
3669 3603 3764 3656 Οὐκ

2212 3703 2537 3770 ἐγήγερται,
2565 3701 2719 3771 φησὶ,
2757 3701 2984 3771 μείζων,
3011 3720 3029 3753 ι
3058 3701 3210 3754 οὐδὲν
3229 3703 3369 3773 πρὸς
3387 3703 3558 3770 λόγον.
3583 3699 3650 3751 Οὐ
3670 3695 3759 3762 γὰρ

2211 3794 2469 3864 ἀπεῖρξαι
2498 3791 2770 3865 [ἀπεῖρξε]
2795 3793 2854 3846 τὸ
2879 3792 3078 3863 μέλλον
3099 3811 3115 3827 ο
3147 3795 3243 3847 καὶ
3278 3795 3408 3864 μὴν,
3434 3793 3493 3848 τδ
3516 3793 3632 3852 τοὺς
3658 3788 3756 3858 μὲν,

2212 3888 2354 3958 ὑπὲρ
2400 3888 2493 3940 τοῦ
2528 3887 2764 3957 νομίμου
2793 3903 2852 3938 τε
2910 3888 3002 3940 καὶ
3048 3887 3288 3952 δικαίου,
3345 3887 3627 3956 θαυμαστῇ
3670 3895 3757 3932 τινι

2210 3982 2501 4053 παρρησίᾳ
2544 3981 2936 4052 χρησαμένους
2966 3982 3105 4053 πρὸς
3138 3981 3272 4046 τοὺς
3322 3982 3666 4052 κρατοῦντας,
3687 3973 3761 4026 τδν

2210 4075 2255 4128 δ’
2293 4075 2434 4144 ὑπὲρ
2464 4076 2561 4145 τῆς
2610 4074 2868 4145 θεότητος
2894 4075 3089 4143 αὐτῆς,
3147 4077 3286 4146 πρὸς
3319 4079 3446 4140 τοὺς
3488 4077 3581 4144 τῆς
3607 4072 3761 4135 θεότη·

2210 4167 2630 4239 τος-ὑϐριστάς,
2661 4170 2790 4231 τοὺς
2819 4167 2941 4238 μὲν,
2968 4161 3043 4221 ὧν
3067 4169 3358 4222 ἐϐούλοντο
3394 4164 3666 4240 μηδοτιοῦν
3690 4175 3762 4212 τοι

2212 4262 2479 4332 παράπαν
2510 4261 2827 4332 εἰργάσθαι,
2865 4260 2959 4313 τὸν
2999 4261 3076 4327 δέ,
3123 4262 3338 4331 μεγάλα
3373 4264 3467 4315 καὶ
3501 4249 3758 4328 θαυμαστὰ

2211 4356 2518 4425 στήσασθαι
2558 4355 2819 4425 τρόπαια,
2853 4355 2904 4407 τί
2935 4372 3018 4417 τις
3050 4355 3116 4408 ἂν
3162 4355 3310 4409 εἴποι
3335 4373 3350 4422 ;
3377 4351 3453 4409 Ἦ
3479 4354 3647 4425 δῆλον,
3669 4348 3757 4413 ὅπῃ

2211 4447 2273 4500 τὸ
2310 4446 2534 4512 κράτος,
2569 4445 2672 4499 κᾶν
2709 4449 2872 4518 ἡμεῖς
2913 4447 2988 4516 μὴ
3017 4447 3294 4518 λέγωμεν.

511 4544 626 4591 ster
669 4549 855 4592 contra
900 4539 1136 4594 maxima
1171 4547 1226 4594 et
1257 4538 1649 4610 gloriosissima
1673 4541 2222 4612 statuebattrophma,
2277 4541 2406 4610 quid
2486 4539 2689 4594 dixerit
2772 4540 3084 4612 quispiam?
3141 4556 3207 4594 an
3268 4558 3394 4597 vero
3454 4545 3592 4612 patet
3651 4539 3760 4588 satis

513 4646 617 4704 qua
663 4643 816 4698 parte
851 4634 1074 4687 victoria
1112 4634 1318 4697 sedeat,
1360 4633 1576 4688 tametsi
1628 4649 1728 4700 nos
1765 4634 1895 4688 nulli
1926 4634 2218 4690 dicamus?
2792 4726 2802 4730 _
2905 4727 2915 4730 _
3091 4729 3097 4730 γ
3159 4726 3200 4730 _
3260 4725 3292 4730 μ
3489 4729 3494 4730 γ
3609 4718 3631 4730 ᾖ
3697 4707 3758 4730 ὀ

585 4723 824 4780 CXXIII.
878 4724 1158 4780 Postremo
1189 4725 1254 4780 de
1277 4728 1438 4781 Petro
1473 4737 1525 4780 et
1561 4727 1728 4781 Paulo
1759 4767 1774 4791 ,
1807 4735 1862 4781 ct
1895 4727 1988 4780 illo
2019 4737 2101 4781 to-

2292 4726 2466 4783 ΡΚΓ·
2500 4727 2712 4796 Πέτρου
2759 4726 2816 4780 δὲ
2849 4727 2980 4796 πέρι
3019 4729 3112 4779 καὶ
3158 4725 3373 4779 Παύλου
3415 4729 3505 4777 καὶ
3546 4723 3633 4772 τοῦ
3663 4723 3758 4768 υξου

512 4818 683 4872 nitrtti
751 4817 862 4871 lilio
893 4857 910 4882 ,
950 4818 1003 4871 id
1056 4826 1267 4872 tantum
1331 4820 1560 4874 dixerim
1612 4820 1759 4890 quod
1789 4819 2106 4875 laudaturus

514 4910 638 4964 illos
673 4911 939 4978 quispiam
973 4913 1160 4976 dicat;
1192 4912 1326 4966 adeo
1348 4927 1538 4982 magna
1560 4911 1635 4965 illi
1669 4909 1912 4979 profecto
1941 4915 2112 4965 virtu-

514 5005 584 5056 tis
617 5002 1014 5072 probitatisque
1046 5003 1326 5059 confeccre
1391 5005 1589 5073 spatia,
1649 5015 1703 5058 et
1730 5019 1825 5074 per
1889 5005 2112 5073 pulchra

511 5097 695 5149 omnia
765 5098 1000 5165 pervecti
1060 5097 1233 5151 fuere.
1291 5095 1614 5166 Gregorium
1679 5106 1884 5163 tamen,
1920 5099 2114 5168 ingens

514 5189 648 5244 illud
700 5201 906 5246 naturae
962 5192 1214 5246 humanae
1264 5191 1458 5255 instar,
1493 5201 1548 5246 et
1579 5201 1906 5260 postremam
1938 5193 2108 5246 virtu-

512 5290 630 5336 tum
687 5282 946 5350 feturam,
1003 5299 1106 5338 non
1168 5285 1325 5338 modo
1385 5284 1438 5338 iu
1488 5285 1638 5354 ipsis,
1685 5299 1875 5340 verum
1938 5285 2102 5338 etiam

513 5389 677 5443 supra
743 5376 914 5444 ipsos,
971 5376 1319 5431 meritissime
1369 5375 1744 5430 collocandum
1828 5390 2098 5440 censeam,

513 5468 715 5537 quippe
763 5469 854 5538 qui
910 5468 1055 5523 Petri
1089 5470 1290 5536 zelum,
1330 5479 1384 5525 et
1413 5469 1919 5524 constantissimum
1948 5468 2102 5522 Pauli

512 5562 685 5613 robur
713 5559 848 5631 (18),
879 5571 933 5615 et
967 5561 1250 5616 sublimem
1279 5561 1506 5617 Joannis
1549 5559 1900 5629 theologiam,
1953 5576 2104 5630 quzc-

515 5669 622 5720 que
652 5653 759 5709 illis
808 5655 925 5711 alia:
972 5658 1284 5727 complures
1351 5655 1579 5721 aderant
1616 5655 1798 5720 dotes,
1845 5653 1920 5708 ita
1953 5653 2110 5722 plene

515 5751 572 5798 et
652 5745 889 5814 perfecte
963 5751 1234 5820 expressit
1291 5791 1305 5816 ,
1347 5758 1403 5801 ut
1450 5747 1535 5800 his
1613 5745 1667 5800 in
1727 5746 1888 5800 rebus
1941 5745 2110 5798 nihilo

593 5859 640 5894 ⁸⁸
679 5861 871 5919 Matth.
906 5881 980 5933 tit,
1015 5863 1103 5920 ll.

596 5974 708 6047 (l8)
741 5976 900 6048 Grcg.
946 5976 1077 6034 Naz.
1115 5979 1164 6033 in
1199 5977 1483 6045 Basiliam,
1519 5992 1640 6049 pag.
1691 5973 1794 6030 287
1819 5973 1939 6029 Ald.
1969 5975 2098 6031 edit.

2214 4824 2311 4894 τῆς
2337 4821 2589 4891 βροντῆς,
2624 4819 2880 4872 τοσοῦτον
2911 4819 2977 4872 ἂν
3003 4820 3237 4888 εἴποιμι,
3273 4822 3298 4872 ὅ
3321 4838 3372 4873 τι
3397 4818 3610 4877 τούτους
3630 4815 3757 4863 ἔπαιον

2212 4916 2330 4965 νεῖν
2366 4929 2452 4975 τις
2489 4911 2713 4972 ἐθέλων,
2745 4909 3097 4962 ἐπιτοσοῦτον
3129 4911 3323 4981 ἤκουσε
3361 4901 3755 4973 καλοκάγαθίας.

2213 5008 2304 5058 καὶ
2338 5006 2433 5058 τοῦ
2466 5005 2556 5058 διὰ
2595 5006 2817 5057 πάντων
2845 5003 3061 5058 ἐλάσαι.
3100 5004 3263 5057 Ἀλλά
3307 5009 3400 5056 καὶ
3429 4992 3751 5091 Γρηγὸρεξῌι

2213 5096 2427 5165 μεγάλη
2479 5097 2578 5165 τῆς
2611 5093 2826 5162 φύσεως
2879 5093 3146 5158 ἔνδειξις,
3180 5097 3278 5147 καὶ
3328 5097 3360 5165 η
3407 5092 3512 5144 τῶν
3564 5084 3753 5154 ἀγαθῶν

2211 5189 2503 5242 τελευταία
2547 5191 2713 5259 φορὰ.
2755 5191 2854 5259 οὐχ
2884 5189 3034 5252 ὅπως
3079 5191 3218 5255 μετὰ
3252 5190 3477 5251 τούτων,
3523 5180 3646 5236 ἀλλά
3674 5171 3749 5226 καὶ

2213 5285 2353 5356 ὑπὲρ
2384 5287 2607 5348 τούτους
2631 5285 2840 5349 δίκαιος
2875 5285 2940 5338 ἂν
2980 5288 3066 5355 είη
3097 5287 3376 5354 τετᾶχθαι.
3435 5281 3630 5346 Πέτρου
3659 5269 3746 5336 γάρ

2211 5377 2305 5429 τδν
2338 5376 2520 5444 ζῆλον,
2557 5379 2651 5431 καὶ
2689 5379 2903 5431 Παύλου
2934 5379 3025 5431 τὸν
3058 5379 3234 5438 τόνον,
3279 5378 3372 5428 καὶ
3398 5373 3491 5444 τὴν
3532 5366 3744 5421 Ἰωάννου

2213 5467 2518 5537 θεολογίαν,
2549 5471 2646 5524 καὶ
2681 5468 2716 5522 ἃ
2741 5469 2892 5521 πόλλ’
2913 5469 3078 5538 ἕτερα
3102 5468 3315 5530 τούτοις
3346 5462 3566 5536 προσῆν,
3600 5453 3744 5506 οὕτως

2211 5563 2290 5623 εἰς
2331 5563 2500 5630 ἄκρον
2557 5563 2966 5633 κατωρθωκὼς,
3009 5563 3085 5626 ὡς
3116 5563 3282 5632 μηδὲν
3329 5559 3499 5612 ἐνδεῖν
3550 5538 3742 5602 τουτωνὶ

2209 5653 2337 5722 περὶ
2387 5653 2598 5706 ταῦτα’
2650 5654 2725 5707 ὅδ’
2763 5655 2917 5708 ἐστιν
2974 5651 3057 5717 οἷς
3089 5655 3285 5717 αὐτοὺς
3335 5651 3426 5704 καὶ
3471 5642 3738 5722 παρήλασέθ

2209 5747 2412 5817 Πέτρον
2447 5749 2568 5819 μὲν,
2601 5742 2681 5812 οἷς
2712 5748 2810 5819 οὐχ
2843 5748 3089 5820 ὡμίλησε
3123 5749 3306 5818 γάμῳ,
3341 5741 3474 5799 ἀλλά
3512 5720 3741 5802 π³ρθ⁵νίᾳ
