4028 6432
296 412 394 474 341

1264 409 1662 470 LAUDATIO
1703 412 1765 472 S.
1801 411 2192 473 GREGORII
2236 414 2656 476 THEOLOGI.

3473 423 3596 487 31-i-

294 528 497 600 συνέζη
518 547 534 563 ο
560 529 774 584 Παῦλον
808 529 888 594 δὲ,
923 527 1002 600 τῷ
1043 529 1144 600 τὴν
1175 527 1462 582 εὐσέϐειαν
1495 529 1561 583 ὲκ
1595 531 1882 600 προγόνων

2012 534 2123 602 psis
2180 508 2405 589 in'férior
2434 545 2598 590 esset.
2665 535 2776 590 lino
2829 553 2956 593 vero
2973 548 3025 593 et
3053 539 3149 594 hos
3177 543 3418 612 partibus
3458 549 3578 616 ιιιιί-

293 620 541 692 ἀκριϐὦς
573 619 921 690 μεμυῆσθαι,
945 620 1042 674 καὶ
1077 618 1154 689 μὴ
1182 618 1283 690 τὴν
1313 617 1414 689 μὲν
1439 619 1619 691 ἀρχὴν
1642 620 1724 684 είς
1753 621 1884 674 διώ-

295 733 430 778 κτας
483 714 679 780 τελεῖν,
732 713 927 766 ἔπειτα
980 714 1050 765 δι’
1104 714 1413 784 ἐμφανείας
1468 714 1888 786 φρικώδουςτῷ

296 809 520 881 Χριστῷ
575 807 944 880 προσελθείνο
996 807 1133 862 ἀλλᾶ
1187 806 1294 880 μὴν
1353 810 1450 863 καὶ
1502 810 1760 882 Ἰωάννην
1796 811 1886 865 τὸν

297 900 606 965 Ζεϐεδαίου,
661 899 741 970 τῷ
778 899 855 971 μὴ
889 900 978 954 διὰ
1015 900 1268 972 βραχέων
1301 901 1429 971 μηδ’
1483 901 1677 966 ἁπλῶς
1721 903 1889 956 οὕτως

300 995 410 1054 civ,
437 993 576 1047 ἀλλὰ
613 993 1010 1064 δαψιλέστερον
1039 995 1136 1047 καὶ
1177 993 1626 1064 σπουδαιότερον,
1654 995 1748 1049 καὶ
1775 990 1888 1050 οἷον

299 1083 838 1155 ἀγωνιστικώτερον,
874 1086 970 1139 καὶ
1020 1087 1160 1157 πρὸς
1200 1085 1437 1156 ἅμιλλαν
1477 1082 1653 1157 ἧφθαι
1703 1088 1886 1142 θεολο-

299 1177 456 1245 γίαςο
490 1178 586 1232 καὶ
634 1179 718 1232 δτι
749 1180 848 1248 οὐχ
881 1178 1054 1245 ἅπαξ,
1108 1178 1246 1231 ἀλλὰ
1292 1178 1560 1244 πολλᾶκις
1595 1180 1733 1234 Θεοῦ
1762 1183 1888 1254 πέρι

301 1272 443 1342 πρὸς
485 1273 610 1334 τοὺς
642 1271 963 1339 αἰρετικοὺς
1011 1271 1325 1326 ἀπεδύσατο
1351 1289 1366 1305 ο
1424 1273 1520 1327 καὶ
1567 1275 1760 1328 σιωπῶ
1787 1276 1888 1340 τὰς

297 1363 614 1435 ἐξαιρέτους
661 1364 858 1418 τούτου
890 1364 1058 1434 γονὰς
1083 1407 1098 1431 ,
1144 1365 1241 1419 καὶ
1267 1365 1367 1428 τὰς
1409 1367 1683 1435 ἑκατέρας
1711 1370 1888 1438 ἐπαγ-

297 1455 513 1523 γελίας,
547 1456 645 1526 τῆς
671 1473 731 1507 τε
767 1457 976 1526 μητρὸς
1005 1456 1144 1527 ὑπὲρ
1187 1456 1354 1512 αὐτοῦ
1387 1459 1525 1532 πρὸς
1563 1461 1721 1526 Θεὸν,
1752 1464 1888 1533 πρός

295 1547 348 1600 τ’
371 1547 542 1619 αὐτὴν
561 1548 652 1600 τοῦ
680 1547 844 1613 Θεοῦ,
871 1541 946 1602 ὧν
967 1548 1122 1601 οῦδὲν
1153 1549 1385 1614 ἐκείνοις
1450 1553 1670 1625 προσῆν
1699 1572 1713 1587 ο
1745 1555 1889 1610 οὕτω

297 1640 428 1704 τοὺς
461 1638 802 1711 προῦχοντας
836 1642 930 1694 καὶ
963 1642 1034 1694 τὰ
1065 1640 1281 1712 μεγάλα
1317 1645 1468 1716 παρὰ
1503 1646 1622 1719 Θεῷ
1651 1647 1892 1716 δυναμέ-

297 1749 425 1796 νους
455 1729 535 1796 οἷς
565 1731 704 1803 ἔφην
735 1732 1094 1803 παρενεγκών
1116 1750 1128 1764 ο
1165 1737 1193 1789 ὁ
1222 1735 1302 1801 δὲ,
1339 1738 1435 1792 καὶ
1474 1738 1612 1809 πρὸς
1650 1739 1743 1794 τὸν
1795 1744 1890 1793 Δε-

299 1825 510 1894 σπότην
546 1825 624 1888 ὡς
655 1823 845 1888 εὔνους
893 1829 960 1897 τῇ
1011 1825 1136 1880 καθ’
1168 1826 1358 1898 ἕτερον
1396 1830 1609 1902 τρόπον
1649 1834 1888 1903 μιμήσει

298 1918 776 1990 παρρησιάζεται·
817 1921 978 1990 εἴπερ
1019 1922 1232 1977 ἐκείνου
1297 1923 1439 1996 μήτε
1477 1925 1580 1996 τῆς
1627 1927 1886 1998 θεότητος

297 2013 598 2078 ἐκστάντος
633 2015 728 2068 καὶ
755 2015 824 2068 δι’
857 2018 1008 2085 ἡμᾶς
1032 2016 1158 2070 καθ’
1190 2018 1339 2089 ἡμᾶς
1365 2020 1689 2089 γενομένου,
1726 2023 1889 2086 αὐτὸς

301 2107 400 2161 διὰ
427 2105 488 2159 τὸ
523 2107 660 2178 πρὸς
696 2107 910 2160 ἐκεῖνον
936 2109 1245 2164 ἐσπούδακε
1279 2111 1527 2182 φίλτρον,
1569 2111 1886 2182 τοῦμπαλιν

303 2200 360 2265 ἐξ
389 2197 682 2271 ἀνθρώπου
708 2200 839 2266 Θεὸς
865 2203 1228 2273 γεγενῆσθαι,
1255 2207 1352 2258 καὶ
1386 2205 1486 2276 τῆς
1520 2207 1888 2278 προσρήσεως

303 2291 449 2363 αὐτῷ
479 2295 830 2364 κοινωνῆσαι,
868 2293 1124 2366 καθάπερ
1159 2291 1242 2359 οἷς
1273 2291 1387 2370 [ἧς]
1418 2295 1621 2368 ἔχομεν
1673 2299 1889 2364 ἐκεῖνος

301 2387 334 2455 ἡ
344 2389 453 2454 μῖν.

1987 624 2215 682 busdam
2270 628 2656 697 praecucurrit,
2715 629 2962 692 Petrum,
3037 634 3182 700 quod
3235 637 3452 705 nuptias
3477 657 3582 694 non

1991 719 2194 788 attigit,
2241 734 2428 774 verum
2479 720 2534 776 in
2595 734 2851 792 perpetua
2891 725 3205 794 virginitate
3233 729 3582 795 vixit;iPau-

1990 809 2328 881 lum,quod
2402 810 2454 864 in
2549 827 2678 866 vera
2747 815 2954 884 pietate
3002 833 3031 870 a
3098 819 3398 888 majoribus
3466 825 3582 878 SttiS

1989 903 2412 958 accuratissime
2498 903 2778 960 institutus
2848 909 3198 980 initiatusque
3271 923 3430 979 erat;
3482 930 3583 970 nec

1991 996 2245 1067 primitus
2308 997 2451 1051 inter
2477 1007 2718 1053 sectores
2752 999 2896 1054 illius
2937 1011 3334 1075 vexatoresque
3385 1021 3593 1062 nomen-

1991 1104 2153 1145 suum
2205 1090 2506 1160 professos,
2560 1095 2904 1161 postmodum
2970 1097 3202 1153 terribili
3238 1100 3584 1168 apparitione

1991 1181 2276 1251 perculsus
2330 1181 2398 1235 ad
2447 1179 2726 1239 Christum
2789 1187 3054 1253 accessit;
3125 1187 3358 1259 denique
3415 1189 3581 1245 etiam

1991 1273 2278 1342 Joannem,
2317 1274 2566 1331 Zebedzci
2625 1276 2820 1343 filium,
2875 1281 3016 1348 quod
3079 1297 3185 1336 non
3234 1283 3307 1338 ita
3347 1285 3590 1339 breviter

1993 1374 2048 1421 et
2067 1367 2406 1436 simpliciter,
2437 1368 2531 1423 sed
2561 1368 2780 1424 uberius
2835 1377 2891 1425 et
2921 1371 3257 1442 diligentius,
3284 1383 3336 1428 et
3365 1390 3582 1429 act-om,

1995 1460 2296 1515 modatiore
2356 1464 2590 1530 quadam
2657 1464 2869 1519 ratione
2895 1464 2962 1520 ad
3015 1465 3284 1521 forensem
3314 1467 3586 1538 discepta-

1994 1554 2195 1609 tionem
2247 1563 2301 1609 et
2342 1553 2642 1626 legitimum
2688 1566 2993 1622 certamen,
3020 1559 3348 1624 theologiam
3388 1572 3586 1615 tracta-

1992 1649 2089 1701 vit:
2122 1655 2234 1701 tum
2289 1647 2450 1701 etiam
2497 1647 2646 1717 quod
2709 1663 2814 1703 non
2861 1647 3029 1702 semel
3054 1649 3366 1718 aliquando,
3398 1666 3586 1704 verum

1993 1738 2322 1809 saepiuscule
2373 1740 2424 1793 in
2460 1739 2555 1794 Dei
2619 1755 2784 1795 causa
2839 1757 2960 1795 cum
2995 1741 3266 1798 haereticis
3332 1754 3587 1814 prompte

1993 1831 2354 1901 expediteque
2421 1848 2744 1904 congressus
2797 1832 2919 1888 fuit.
2972 1833 3160 1904 Neque
3191 1851 3320 1892 vero
3345 1837 3588 1906 singula-

1994 1936 2109 1976 rem
2167 1921 2344 1977 nostri
2395 1922 2654 1977 nascendi
2689 1923 2938 1992 modum,
2975 1933 3023 1978 et
3086 1934 3298 1979 mutuas
3331 1928 3588 1994 utrinque

1991 2017 2408 2086 promissiones,
2469 2025 2580 2071 tum
2664 2018 2856 2071 matris
2922 2034 3020 2088 pro
3074 2019 3190 2086 ipso
3249 2019 3314 2073 ad
3391 2018 3586 2080 Deum,

1992 2119 2104 2164 tttm
2158 2115 2223 2163 ad
2252 2119 2481 2162 matrem
2538 2109 2657 2174 Dei,
2725 2125 2869 2165 nunc
2923 2117 3166 2180 tangam,
3211 2127 3440 2182 quorum
3480 2111 3597 2166 illis

1993 2205 2179 2258 aderat
2237 2202 2462 2256 omnino
2505 2201 2663 2257 nihil.
2725 2200 2844 2258 Jam
2884 2213 2944 2257 ut
2980 2204 3282 2274 praecipuos
3343 2221 3591 2274 quosque

1993 2305 2048 2351 et
2074 2295 2407 2364 potentiores
2460 2295 2852 2366 prepioresque
2914 2295 3014 2350 Dei
3045 2297 3272 2362 amicos,
3334 2297 3418 2352 his
3470 2313 3599 2366 qua:

1995 2389 2234 2444 diximus
2321 2387 2634 2442 nominibus
2713 2395 2998 2456 tantopere
3088 2387 3429 2455 autecelluit,
3515 2389 3590 2444 ita

298 2483 441 2537 idem
467 2485 748 2542 Dominum
783 2487 984 2558 ipsum,
1037 2498 1097 2545 ut
1124 2490 1558 2557 amantissimus,
1589 2491 1885 2548 aliusmodi
1927 2490 2164 2562 quadam
2194 2485 2520 2550 imitatione,
2581 2484 2974 2556 propemodum
3045 2486 3314 2557 aequabat.
3361 2486 3592 2554 Quando

298 2576 393 2632 ille
420 2579 560 2633 enim
590 2621 605 2646 ,
638 2596 796 2636 neca
849 2569 1136 2637 divinitate
1188 2599 1284 2638 sua
1331 2585 1579 2652 recessit,
1629 2595 1684 2640 et
1751 2595 1932 2640 nostra
1974 2590 2155 2637 tamen
2227 2591 2413 2643 causa,
2471 2578 2644 2634 nostri
2716 2576 2911 2632 similis
2986 2577 3158 2633 factus
3201 2585 3334 2634 est:
3397 2590 3600 2636 eontra-

297 2668 614 2742 Gregorius,
680 2689 868 2730 amore
935 2675 1145 2730 Domini
1220 2675 1477 2748 ﬂagrans,
1535 2693 1602 2734 ex
1672 2678 1892 2734 homine
1933 2677 2076 2730 Deus
2123 2670 2286 2738 fieri,
2345 2681 2400 2725 et
2448 2669 2521 2725 ita
2566 2671 2619 2725 in
2645 2671 2882 2727 nominis
2953 2671 3122 2725 divini
3180 2675 3602 2729 consortionem-

299 2784 408 2824 una
455 2783 577 2823 cum
604 2767 820 2824 tibristo
849 2769 1037 2824 venire
1077 2770 1356 2836 studebat,
1383 2771 1840 2841 quemadmodum
1887 2769 1976 2824 ille
2006 2767 2177 2822 nostri
2210 2765 2492 2820 nobiscum
2525 2764 2797 2834 particeps
2829 2772 2934 2820 est.

373 2862 544 2916 PKA’.
577 2862 620 2914 Τ
623 2860 818 2916 οσούτο
847 2862 905 2916 δὲ
947 2863 1010 2916 τδ
1035 2865 1189 2934 παρὰ
1219 2864 1440 2920 πάντων
1480 2867 1797 2938 ἀφεστηκὸς
1831 2867 1890 2919 ἐν

303 2956 512 3010 ἅπασιν
561 2954 759 3025 ἔχοντι,
815 2958 910 3010 καὶ
961 2957 1302 3026 τηλικούτων
1337 2960 1651 3031 πρεσϐείων
1702 2960 1890 3026 ἀξιου-

305 3045 480 3117 μένφ,
513 3047 609 3100 καὶ
637 3047 788 3100 τοῦτ’
817 3049 1046 3112 εἰκότως
1087 3049 1148 3114 ἐξ
1184 3051 1436 3122 ἀνάγκης
1467 3053 1686 3124 ἀπήντα
1710 3070 1725 3083 ’
1758 3054 1892 3107 θαυ-

304 3141 582 3210 μάζεσθαι
634 3141 736 3212 μὲν
790 3143 880 3213 ὑφ’
927 3144 1212 3210 ἁπάντων,
1275 3145 1666 3216 θαυμάζεσθαι
1712 3147 1772 3201 δὲ
1827 3147 1888 3200 οὐ

299 3237 448 3292 κατὰ
473 3236 599 3298 τοὺς
635 3236 863 3300 ἄλλους·
903 3235 1014 3290 οὐδ’
1045 3236 1187 3290 ὥστε
1225 3240 1340 3303 τοῖς
1385 3238 1632 3302 ἐπαίνοις
1659 3238 1887 3311 ὁρίζειν,

300 3329 442 3382 ἀλλὰ
477 3329 571 3381 καὶ
615 3329 842 3392 τούτους
890 3319 1228 3400 αὐτοὺς’[αη
1255 3329 1421 3384 αὐτὸν
1440 3329 1484 3402 ?J
1509 3330 1890 3401 ὑπερϐαίνειν,

302 3421 403 3475 καὶ
438 3420 604 3491 μηδὲν
651 3420 790 3484 ὅλως
817 3422 920 3491 τῆς
953 3421 1210 3474 ἐντεῦθεν
1257 3422 1580 3491 συμμαχίας
1617 3423 1888 3492 ’προσδεῖν

2069 2858 2306 2915 CXXIV.
2365 2859 2466 2925 Qui
2525 2867 2674 2914 tanto
2739 2859 2928 2928 itaque
2991 2860 3251 2919 omnibus
3311 2863 3366 2918 in
3420 2866 3594 2923 rebus

2000 2963 2228 3010 caeteros
2286 2967 2480 3007 omnes
2539 2952 2896 3008 antecedebat
2949 2953 3258 3024 intervallo,
3319 2957 3598 3029 tantisque

2002 3046 2196 3101 merito
2253 3046 2513 3099 virtutum
2578 3045 2970 3114 praeeminebat
3041 3047 3296 3116 fastigiis,
3349 3051 3424 3106 illi
3487 3053 3591 3107 hoc

2002 3137 2131 3194 item
2207 3139 2564 3202 necessario,
2593 3147 2654 3191 ut
2724 3152 2937 3206 aequum
2991 3150 3128 3206 erat,
3171 3142 3505 3214 obtingebat,
3532 3157 3590 3199 ut

1999 3235 2070 3291 ab
2116 3233 2385 3288 universis
2460 3233 2776 3288 laudaretur
2813 3249 2828 3300 ;
2863 3233 3178 3290 laudaretur
3248 3247 3426 3294 autem
3483 3255 3606 3294 non.

2000 3327 2666 3396 morealiorum,neque
2737 3327 2813 3384 ita
2913 3336 2969 3383 ut
2995 3329 3213 3384 laudum
3286 3330 3450 3385 modo
3537 3339 3594 3385 et

1999 3422 2247 3476 terminis
2317 3422 2870 3479 circumscriberetur
2899 3464 2914 3491 ,
2950 3425 3046 3479 sed
3079 3432 3138 3478 ut
3207 3423 3399 3480 laudes
3446 3426 3600 3494 ipsas

309 3512 454 3578 σθαι,
495 3512 583 3566 διὰ
640 3511 704 3566 τὸ
761 3513 946 3582 πάσης
1006 3511 1323 3582 ὑπερϐολῆς
1376 3513 1740 3585 ἐπειλῆφθαι,
1799 3517 1893 3570 καὶ

2003 3516 2442 3581 transcenderet,
2505 3518 2760 3588 nihilque
2812 3534 3000 3578 earum
3037 3518 3308 3588 indigeret
3351 3521 3594 3582 auxiliis,

313 3606 446 3674 πρὸς
486 3605 656 3675 αὐτὴν
694 3607 855 3677 ἥκειν
891 3605 993 3676 τὴν
1017 3605 1316 3676 τελευτήν*
1356 3606 1510 3672 ὥσθ’,
1555 3609 1696 3679 ὅπερ
1719 3609 1893 3680 ἔφθην

312 3697 498 3764 είπὼν,
535 3699 642 3753 κᾶν
675 3699 879 3763 πάντες
911 3700 1094 3752 πάντα
1141 3699 1340 3752 ποιῶσι
1383 3700 1479 3753 καὶ
1517 3699 1756 3767 λέγωσιζ
1785 3719 1893 3772 μηο

306 3790 396 3844 δὲν
427 3789 585 3852 αὐτὸς
610 3787 675 3861 [Ῑ.
711 3787 886 3861 αὐτῷ]
919 3783 1061 3842 εἶναι
1090 3787 1282 3851 πλέον,
1316 3785 1412 3840 σοῦ
1445 3789 1636 3857 μόνου,
1674 3789 1891 3858 μέγιστ’

303 3880 604 3951 ἀνθρώπων
623 3921 638 3946 ,
675 3882 769 3934 καὶ
792 3881 892 3951 τῆς
918 3879 1122 3942 ἱκανῶς
1143 3879 1239 3931 ἐπὶ
1266 3879 1449 3932 πάντα
1479 3881 1893 3950 ἁφικνουμένης

305 3974 553 4044 γλώττης
582 3975 684 4046 τῆς
711 3974 812 4046 σῆς
841 3974 1154 4044 δυναμένης
1185 3970 1344 4026 ταῦτ’
1377 3972 1548 4037 ἀξίως
1579 3974 1887 4043 περαίνειν.

1999 3623 2064 3663 eo
2091 3610 2236 3678 quod
2295 3623 2562 3664 summam
2621 3625 2835 3666 omnem
2895 3611 3151 3682 attigerat
3185 3610 3591 3676 excellentiam,

1999 3711 2053 3756 et
2081 3702 2147 3754 ad
2199 3701 2361 3757 linem
2426 3703 2602 3770 ipsum
2654 3703 3060 3773 terminumqtle
3081 3713 3422 3773 pervenerat,
3458 3706 3605 3758 adeo.

2002 3805 2060 3849 ut
2097 3795 2240 3864 quod
2279 3795 2388 3863 jam
2440 3795 2700 3865 occupavi
2752 3796 2934 3851 dicere
2969 3794 3108 3867 (I9),
3142 3797 3359 3851 tametsi
3403 3807 3601 3851 omnes

1999 3887 2181 3938 ouunia
2222 3893 2275 3940 et
2305 3883 2538 3940 fecerint
2589 3895 2644 3938 et
2699 3886 2960 3952 dixerint,
3021 3887 3203 3954 pihilo
3251 3886 3376 3940 inde
3409 3895 3594 3939 tamen

2004 3974 2123 4042 plus
2182 3977 2250 4028 ad
2274 3977 2503 4045 gloriam
2559 3975 2729 4046 ipsius
2794 3990 3147 4031 accessurum
3199 3977 3292 4032 sit.
3336 3974 3499 4030 Solus
3533 3983 3594 4029 tu

303 4071 450 4128 enim
477 4113 497 4138 ,
535 4070 844 4126 mortalium
893 4069 1132 4124 maxime
1157 4109 1172 4136 ,
1201 4078 1401 4138 tuaque
1445 4068 1546 4122 ista
1579 4069 1682 4136 ,ad
1707 4071 1888 4124 ortinia
1925 4071 2145 4127 abunde
2199 4072 2482 4140 pertinens
2530 4082 2586 4127 et
2607 4073 2960 4143 suppeditans
2994 4072 3200 4143 lingua,
3260 4072 3422 4142 digno
3481 4073 3600 4130 haec

305 4163 588 4219 absolvere
612 4163 773 4218 modo
812 4168 1019 4232 posset.

377 4253 556 4310 PKE'.
602 4253 766 4307 Ἀλλὰ
794 4253 905 4324 γὰρ
933 4250 1061 4305 οὔτε
1092 4251 1275 4305 πάντα
1307 4247 1376 4303 τὰ
1406 4249 1561 4304 τοῦδε
1593 4248 1897 4316 διεξελθεῖν

307 4343 419 4412 οἷός
445 4365 506 4401 τε
531 4347 628 4413 ὣν,
657 4345 772 4400 οὔθ’
801 4345 947 4416 ἆπερ
973 4343 1155 4408 ἔξεστι
1179 4344 1333 4398 ταῦτ’
1364 4343 1530 4409 ἀξίως
1563 4346 1896 4416 μνησθῆναι,

310 4442 447 4496 ἀλλά
479 4442 671 4496 καὶτὸ
713 4439 858 4494 κατὰ
905 4437 1106 4510 μικρὸν
1144 4436 1354 4492 τούτων
1389 4437 1635 4507 ὲφῖχθαι,
1685 4441 1781 4491 καὶ
1825 4439 1901 4509 μὴ

309 4535 407 4589 τοῦ
441 4535 640 4598 παντὸς
685 4535 945 4586 ἐκπεσεῖν
993 4529 1255 4584 πλείστου
1302 4529 1554 4600 νομίζειν
1587 4528 1902 4602 [νομίξων],

310 4628 490 4680 ἐκεῖνο
539 4625 684 4694 λέγω
712 4640 726 4654 ο
767 4625 853 4677 δτι
904 4623 998 4676 τὸν
1037 4619 1392 4674 ἐπιτοσοῦτον
1445 4620 1622 4685 ίόντα,
1681 4623 1778 4674 καὶ
1808 4620 1900 4673 οὖ-

309 4737 419 4782 τως
447 4719 638 4772 ἐαυτὸν
669 4716 1155 4787 παρεσκευακότα,
1201 4713 1278 4778 ὡς
1327 4713 1426 4783 οὐχ
1457 4713 1609 4777 ὅπως
1639 4713 1804 4767 θείων
1837 4732 1897 4766 τε

312 4814 410 4867 καὶ
439 4810 796 4880 ἀνθρωπίνων
836 4807 1209 4880 πραγμάτων,
1250 4806 1300 4860 εί
1350 4805 1435 4858 δεῖ
1469 4806 1755 4875 συντόμως
1791 4808 1893 4875 φάο

312 4923 426 4970 ναι,
457 4905 732 4974 τεχνίτην,
763 4901 877 4956 ἀλλ’
913 4903 1022 4970 ἄρα
1062 4901 1161 4954 καὶ
1207 4899 1342 4954 Θεὸν
1382 4894 1692 4968 γεγονέναι,
1734 4898 1813 4968 τῷ
1854 4896 1901 4952 τ’

2069 4254 2283 4310 CXXV.
2347 4255 2837 4314 Verumenimvero
2895 4253 3114 4322 quando
3172 4267 3346 4322 neque
3400 4253 3604 4307 omnia

2001 4347 2101 4400 viri
2143 4348 2336 4402 decora
2389 4359 2745 4416 percensere,
2797 4353 3001 4399 nostra:
3037 4343 3157 4411 opis
3205 4351 3313 4405 est,
3343 4357 3445 4397 nec
3475 4359 3598 4410 quae

2005 4451 2098 4496 est
2131 4440 2396 4508 fortasse,
2425 4453 2487 4494 ea
2518 4438 2678 4506 digna
2715 4436 2846 4492 satis
2873 4432 3387 4490 cotmnemoratione
3410 4449 3598 4504 prose-

2001 4531 2099 4599 qui
2136 4543 2450 4600 possumus,
2475 4542 2716 4597 quorum
2744 4527 2826 4579 vel
2853 4527 3103 4594 exiguam
3135 4534 3445 4579 assecutum
3474 4539 3597 4579 esse

2007 4633 2237 4692 partem,
2273 4637 2372 4677 nec
2404 4620 2683 4691 proposito
2718 4619 2934 4688 penitus
2958 4616 3249 4680 excidisse,
3299 4617 3596 4671 maximum

2012 4717 2143 4770 mihi
2200 4729 2382 4784 opera:
2437 4714 2668 4767 habetur
2713 4711 2972 4780 pretium;
3008 4710 3136 4764 illud
3169 4709 3310 4776 dico,
3338 4710 3480 4781 quod
3512 4710 3598 4780 ipr

2011 4824 2155 4876 sum,
2207 4809 2298 4877 qui
2354 4815 2534 4861 tantos
2569 4805 2773 4860 fecerat
2819 4819 3164 4875 progressus,
3194 4813 3249 4860 et
3281 4805 3353 4858 ita
3394 4813 3598 4860 semet-

2017 4902 2196 4971 ipsum
2252 4910 2690 4969 comparaverat,
2720 4909 2779 4951 ut
2812 4915 2916 4952 non
2957 4899 3118 4952 modo
3158 4899 3464 4952 divinarum
3501 4900 3602 4952 Itu-

313 5001 372 5050 ἐν
406 4997 698 5066 ἀσωμάτου
740 4994 893 5060 τάξει
933 4991 1390 5054 πεπολιτεῦσθαι,
1424 4989 1502 5061 τῷ
1541 5007 1604 5043 τε
1632 4993 1767 5044 πᾶσι
1797 5008 1893 5044 σω-

2014 5006 2408 5062 manarumque
2457 5007 2663 5056 rerum,
2700 4992 2743 5044 si
2773 4991 3098 5061 comp‘eudio
3151 5007 3235 5045 res
3271 4992 3380 5061 ipsa
3417 4991 3602 5061 expri-

309 5092 508 5159 τηρίας
526 5092 703 5146 αἴτιον
721 5086 1067 5159 καταστῆναί
1089 5103 1149 5140 τε
1181 5085 1280 5138 καὶ
1306 5084 1698 5140 καθίστασθαι.
1727 5085 1899 5155 [lpos-

313 5184 516 5236 κείσθω
533 5183 589 5235 δὲ
619 5183 714 5235 καὶ
729 5182 920 5250 χρόνος
941 5181 1122 5249 τρίτος
1141 5176 1210 5232 δι’
1229 5172 1305 5232 ὧν
1323 5177 1686 5232 καταλέλοιπε
1702 5177 1900 5246 λόγων.

312 5274 516 5330 Τοῦτον
533 5275 711 5328 τοίνυν
737 5276 829 5327 τὸν
845 5274 1109 5337 τοιοῦτον,
1128 5271 1223 5324 τὸν
1252 5271 1416 5336 πάνυ,
1438 5270 1532 5322 τὸν
1556 5271 1655 5322 οὐκ
1678 5265 1776 5322 οἷδ’
1794 5269 1900 5334 ὃτι,

314 5371 411 5422 καὶ
429 5369 607 5440 φήσω,
630 5368 801 5439 ἐχρῆν
822 5367 950 5438 μὴν,
966 5366 1132 5437 ἐχρῆν
1157 5367 1251 5419 καὶ
1274 5365 1380 5435 πρὸ
1392 5365 1500 5416 τῶν
1523 5362 1700 5416 ἄλλων
1722 5363 1904 5417 ἁπάν-

312 5479 425 5516 των
453 5462 716 5532 ὁμιλῆσαι
741 5459 817 5531 τῷ
859 5461 981 5530 βίῳ,
1015 5461 1112 5512 καὶ⁹
1145 5459 1221 5529 μὴ
1259 5457 1402 5512 κατὰ
1424 5457 1555 5512 τοὺς
1585 5457 1780 5518 ἄλλους
1810 5457 1901 5508 ἐνο

313 5554 506 5610 τεῦθεν
556 5554 792 5624 ἀπᾶραι,
835 5553 974 5607 ἀλλὰ
1017 5551 1557 5624 συμπαραμείναντα
1594 5548 1683 5618 τῷ
1740 5548 1907 5601 παντὶ

315 5653 509 5704 ἔπειτα
537 5651 605 5720 τῇ
640 5649 796 5702 τοῦδε
820 5647 994 5716 λήξει,
1024 5648 1120 5700 καὶ
1158 5647 1322 5699 αὐτὸν
1351 5645 1447 5698 τοῦ
1497 5648 1773 5714 περιεῖναι
1802 5659 1904 5694 πε-

318 5739 597 5804 παῦσθαι,
628 5741 701 5801 ὡς
751 5740 882 5790 ὄντα
921 5738 1104 5808 ψυχὴν
1146 5735 1256 5790 τῶν
1290 5735 1660 5807 πραγμάτων,
1697 5734 1791 5786 καὶ
1831 5725 1913 5795 οἷς

319 5838 498 5892 ἐποίει
525 5839 622 5892 καὶ
653 5834 736 5901 οἷς
779 5837 990 5902 ἔλεγεν.
1031 5835 1186 5890 Ἐπεὶ
1229 5835 1277 5890 6'
1311 5834 1456 5890 οὕτω
1483 5833 1604 5888 δέον
1635 5829 1916 5903 γενέσθαι,

396 5977 506 6050 till)
539 5979 622 6034 Cl’.
669 5993 833 6048 supra
871 5991 988 6045 cap.
1017 5975 1131 6048 61..

2013 5087 2205 5141 menda
2235 5099 2338 5148 est,
2383 5100 2630 5140 summus
2662 5084 2884 5150 artifex,
2918 5087 3014 5140 sed
3043 5095 3098 5138 et
3131 5083 3272 5138 Deus
3306 5084 3420 5154 jam
3462 5099 3600 5154 pene

2009 5177 2190 5232 facuts
2235 5187 2400 5243 esset,
2443 5188 2556 5232 tum
2583 5178 2723 5246 quod
2762 5177 2937 5232 instar
2969 5178 3276 5245 incorporei
3309 5176 3594 5246 cujusdam

2013 5271 2157 5342 genii
2213 5272 2378 5325 vitam
2416 5271 2656 5337 agebat;
2685 5279 2798 5324 tum
2845 5269 2991 5338 quod
3027 5271 3282 5323 erunibus
3311 5283 3473 5322 causa
3511 5283 3598 5321 sa-

2018 5364 2144 5419 lutis
2174 5374 2224 5420 et
2257 5362 2380 5427 fuit,
2429 5375 2482 5418 et
2510 5375 2632 5430 est;
2667 5363 2761 5416 sed
2793 5373 2846 5415 et
2880 5364 3100 5416 tertium
3129 5363 3354 5415 act-edat
3387 5371 3599 5429 tempus

2016 5458 2217 5531 (erit).
2253 5473 2348 5528 per
2394 5472 2458 5510 ea
2505 5473 2626 5527 qna:
2691 5457 2909 5527 reliquit
2953 5457 3177 5526 scripta.
3212 5454 3365 5508 llunc
3436 5455 3602 5522 igitur

2018 5551 2232 5612 talem,
2268 5551 2413 5605 hunc
2469 5549 2766 5603 maximum
2822 5550 3022 5614 virum,
3075 5548 3244 5613 hunc,
3299 5546 3391 5599 sed
3453 5547 3598 5612 qqu

2015 5641 2302 5696 adhibeam
2361 5639 2684 5694 vocabulum
2732 5639 2938 5704 nescio,
2983 5640 3226 5706 nportuit
3247 5649 3399 5698 sane,
3435 5649 3603 5704 opor-

2015 5738 2144 5801 tuit,
2203 5735 2446 5804 inquam,
2505 5744 2562 5788 et
2593 5743 2719 5789 ante
2776 5743 3004 5786 cancros
3035 5729 3291 5784 mortales
3317 5727 3610 5816 universus

2016 5838 2192 5884 ortum
2222 5830 2276 5883 iu
2342 5829 2443 5883 hac
2511 5825 2716 5883 versari
2778 5825 2896 5880 luce
2951 5837 3014 5879 ac
3061 5824 3190 5889 vita,
3219 5830 3271 5877 et
3309 5835 3413 5876 non
3441 5817 3600 5888 juxta
