4028 6428
515 435 618 496 343

1747 427 2147 488 THEODULI
2181 425 2534 486 MONACHI
3657 424 3745 487 ιιι

514 564 636 603 cum
697 546 824 602 aliis
873 545 1161 616 emigrare,
1193 561 1379 601 verum
1409 548 1614 616 pariter
1644 561 1764 600 cum
1788 562 1902 601 τενο
1939 546 2091 600 omni

2203 545 2262 597 τὸ
2292 544 2394 614 μὲν
2417 544 2519 595 οὐκ
2549 540 2772 609 ἐγένετο
2799 556 2811 572 ο
2831 540 2892 593 οὑ
2916 540 3026 611 γὰρ
3048 530 3201 602 οὗτος
3231 538 3536 610 ἀνθρώπιον
3563 539 3708 609 νόμος
3734 559 3744 570 ·
3803 615 3808 619 _

513 642 831 710 perdurare,
874 653 1045 708 eoque
1077 638 1291 694 demum
1317 639 1407 692 (ini
1438 655 1536 694 suo
1568 639 1814 704 admoto,
1839 647 1892 694 et
1918 639 2092 708 ipsum

516 749 640 788 non—
676 733 907 801 amplius
959 745 1246 801 superesse
1269 771 1285 796 ,
1340 733 1538 802 quippe
1572 735 1660 800 qui
1691 747 1875 787 rerum
1907 733 2098 786 huma-

517 841 709 880 narum
744 867 760 890 ,
795 840 890 893 per
932 840 994 877 ea
1053 839 1173 892 qua:
1223 823 1457 879 faciebat
1513 825 1837 893 dicebatque
1867 865 1883 889 ,
1916 824 2095 878 anima

518 918 675 986 plane
710 924 877 971 esset.
915 915 1197 985 Siquidem
1225 931 1375 978 vero,
1405 915 1512 972 etsi
1549 917 1651 971 hoc
1687 917 1759 969 ita
1787 916 1901 970 ﬁeri
1931 931 2095 984 opor-

517 1010 684 1071 tebat,
740 1022 843 1061 non
885 1005 1084 1060 factum
1118 1016 1301 1061 tamen
1342 1017 1449 1073 est,
1481 1021 1580 1061 nec
1606 1007 1752 1061 enim
1789 1005 1906 1060 haec
1935 1021 2098 1060 mor-

517 1102 699 1156 talium
755 1109 839 1155 est
885 1099 995 1154 lex.
1054 1097 1256 1154 Contra
1288 1115 1445 1166 vero,
1477 1101 1776 1155 secundum
1807 1100 2096 1154 maximam

516 1195 606 1249 Dei
667 1195 809 1250 circa
840 1209 940 1249 nos
973 1208 1160 1247 curam
1202 1203 1255 1248 et
1299 1194 1714 1262 providentiam,
1752 1191 2094 1262 Gregorium,

515 1303 618 1342 non
671 1289 846 1342 solum
907 1297 964 1340 ut
1024 1302 1316 1341 commune
1379 1286 1649 1356 quoddam
1702 1286 1922 1348 bonum,
1961 1286 2099 1339 inter

519 1379 766 1436 homines
808 1378 1018 1433 censeri
1052 1377 1317 1448 oportuit,
1360 1378 1453 1431 sed
1488 1385 1542 1430 et
1593 1376 1868 1430 communi
1919 1375 2096 1430 horni—

517 1483 644 1521 num
689 1483 839 1522 more
895 1467 1055 1522 ﬁnem
1117 1483 1272 1521 suum
1335 1466 1593 1536 experiri.
1629 1485 1647 1518 ι
1693 1467 1807 1522 Νοη
1836 1467 1978 1522 enim
2013 1475 2097 1521 est

514 1562 605 1628 qui
660 1561 822 1625 vivet,
884 1569 941 1616 et
993 1571 1220 1615 mortem
1277 1575 1382 1614 non
1421 1558 1625 1614 videbit
1659 1559 1726 1613 ".
1773 1578 1790 1609 ι
1857 1559 2012 1626 Quod
2045 1569 2099 1613 et

516 1663 807 1723 utrumque
869 1653 1074 1706 factum
1123 1663 1229 1708 est.
1261 1653 1438 1721 Atque
1470 1650 1600 1705 illud
1638 1651 1764 1706 item
1802 1653 1906 1706 huc
1937 1665 2096 1705 acce-

514 1745 697 1809 debat,
744 1754 884 1799 utet
939 1754 1216 1814 superstes
1281 1743 1424 1798 idem
1481 1754 1684 1814 ageret,
1739 1751 1794 1798 et
1825 1758 1928 1797 non
1956 1753 2098 1797 esset

514 1840 764 1909 amplius,
808 1839 1110 1894 secundum
1163 1838 1353 1894 solitas
1378 1845 1583 1892 natura:
1613 1837 1792 1906 leges;
1846 1835 2004 1890 ﬁebat
2041 1837 2092 1889 id

2199 639 2306 690 ἔδει
2346 637 2400 689 δὲ
2459 635 2650 688 τοῦτον
2681 635 2821 688 κατὰ
2873 633 2972 704 τὴν
3035 632 3281 703 μεγάλην
3328 631 3424 684 τοῦ
3461 631 3590 684 Θεοῦ
3635 633 3748 702 περὶ

2199 732 2348 800 ἡμᾶς
2383 728 2718 798 κηδεμονίαν
2745 727 2842 780 καὶ¹
2877 725 3162 796 πρόνοιαν,
3193 726 3250 779 οὐ
3288 724 3450 794 μόνον
3476 724 3549 778 ὡς
3581 741 3752 777 κοινω-

2197 821 2357 889 φελές
2383 821 2591 890 ἀγαθὸν
2627 821 2708 883 είς
2735 818 3061 889 ἀνθρώπους
3087 817 3332 881 τελέσαι,
3369 816 3505 868 ἀλλά
3530 816 3620 868 καὶ
3645 816 3751 867 κατ’

2197 913 2396 975 αὐτοὺς
2421 911 2645 974 τούτους
2691 911 2950 980 τελευτῆς
3005 908 3425 979 πεπειρᾶσθαι·
3461 924 3483 960 ι
3526 909 3598 960 Οὐ
3652 905 3749 977 γάρ

2196 1007 2344 1058 ἐστιν
2374 1003 2431 1066 ὃς
2470 1003 2698 1074 ζήσεται
2729 1004 2824 1056 καὶ
2862 1003 2962 1055 οὐκ
2992 1002 3184 1071 ὄψεται
3211 1001 3467 1056 θάνατον’
3513 1019 3532 1052 ι
3561 1000 3752 1067 γίνεται

2201 1098 2302 1168 μὲν
2332 1099 2426 1151 καὶ
2459 1097 2628 1167 ἄμφω
2677 1096 2835 1150 ταυτί
2863 1111 2877 1126 ο
2911 1097 3005 1149 καὶ
3044 1100 3103 1148 τό
3152 1112 3217 1163 γε
3266 1094 3332 1162 δὴ
3373 1096 3634 1164 περιεῖναι
3666 1092 3752 1144 καὶ

2197 1191 2255 1241 τὸ
2293 1189 2488 1260 μηκέτ’
2531 1185 2672 1242 εἶναι
2703 1187 2844 1242 κατὰ
2881 1190 3008 1250 τοὺς
3046 1191 3145 1258 τῆς
3184 1187 3402 1257 φύσεως
3446 1187 3752 1255 προσγίγνε-

2198 1298 2287 1332 ται
2319 1281 2549 1350 νόμους’
2592 1279 2843 1349 γίγνεται
2887 1281 2942 1334 δέ
2979 1281 3078 1351 οὐχ
3121 1281 3330 1342 ἁπλῶς,
3363 1278 3471 1332 οὐδ’
3501 1279 3574 1342 ὡς
3603 1277 3662 1331 ἄν
3683 1294 3756 1340 τις

2199 1377 2295 1443 φῇ,
2333 1374 2474 1425 κατὰ
2493 1373 2679 1442 δήτινα
2716 1373 3028 1442 ξυντυχίαν,
3060 1374 3155 1425 καὶ
3182 1373 3256 1434 ὼς
3290 1370 3413 1434 ἔθος
3441 1373 3551 1433 τοῖς
3573 1369 3755 1431 ἄλλοις,

2199 1459 2318 1513 ἀλλ’
2347 1459 2492 1513 οὕτω
2536 1460 2656 1532 μετ’
2689 1461 2914 1529 ἀγαθῶν
2945 1477 3004 1513 τε
3034 1461 3132 1515 καὶ
3172 1461 3368 1528 δεξιῶν
3401 1461 3636 1530 ἑκάτερα
3662 1460 3757 1511 τῶν

2199 1553 2509 1624 ξυμδόλων,
2549 1554 2624 1617 ὡς
2656 1556 2716 1607 τὸ
2755 1555 2876 1624 μὲν,
2903 1554 3064 1625 ἡνίκα
3113 1555 3334 1625 μάλιστ’
3366 1555 3557 1624 ἐχρῆν,
3597 1553 3654 1605 τὸ
3696 1551 3756 1613 δ’,

2199 1648 2273 1711 ὡς
2301 1648 2544 1702 κάλλιστ’
2566 1648 2756 1718 ἐχρῆν,
2783 1647 3142 1718 γεγενῆσθαι.
3167 1648 3296 1700 Ὅτε
3322 1647 3434 1716 γὰρ
3452 1645 3635 1716 ἀνδρὸς
3661 1646 3756 1698 ἔδει

2199 1742 2310 1803 τοῖς
2340 1741 2662 1810 πράγμασιν
2696 1741 2811 1794 οἴου
2848 1741 2947 1810 μὲν
2995 1739 3357 1807 ἐπικειμένας
3388 1739 3626 1806 αἱρέσεις
3651 1739 3756 1790 δια-

2199 1831 2357 1885 λῦσαι
2392 1832 2646 1898 καθάπαξ
2681 1835 2778 1887 καὶ
2829 1831 3358 1902 καταστρέψασθαι,
3408 1833 3504 1885 καὶ
3551 1845 3759 1900 προστο-

513 1947 662 1998 vero,
698 1949 803 1986 non
865 1931 1093 2000 simplici
1151 1929 1384 2000 quodam
1438 1929 1618 1996 modo,
1657 1943 1777 1996 nec,
1809 1937 1867 1982 ut
1906 1928 2099 1983 dixerit

2209 1924 2377 1995 μηδὲν
2439 1926 2804 1995 καταστῆσαι,
2841 1926 2940 1996 τὴν
2989 1925 3047 1978 δέ
3091 1927 3202 1978 τῶν
3249 1925 3618 1979 εὑσεὸούντων
3667 1939 3758 1991 φα·

513 2023 803 2093 quispiam,
838 2038 967 2078 casu
999 2033 1053 2078 et
1089 2032 1244 2078 sueto
1291 2022 1413 2076 aliis
1445 2035 1616 2086 more,
1651 2037 1838 2076 verum
1881 2031 2096 2074 utrum-

511 2130 617 2184 que
671 2117 805 2170 adeo
860 2114 1018 2170 bonis
1078 2115 1398 2184 dextrisque
1453 2113 1717 2184 auguriis,
1749 2123 1810 2167 ut
1841 2114 2094 2176 alterum,

515 2221 637 2259 cum
697 2208 936 2259 maxime
994 2204 1258 2274 oportuit,
1297 2208 1552 2268 altermn,
1617 2212 1676 2258 ιιι
1731 2203 2098 2270 pulcherrime

513 2299 779 2367 oportuit,
835 2298 1005 2352 ﬁeret.
1059 2298 1286 2363 Quando
1310 2298 1455 2350 enim
1484 2297 1646 2351 rebus
1687 2296 1944 2350 Eaclesia:
1983 2297 2098 2351 viro

513 2405 650 2460 opus
683 2397 824 2453 erat,
889 2389 1120 2458 quitum
1176 2389 1552 2442 incumbentes
1579 2389 1812 2442 haereses
1835 2387 2101 2455 dissipare

515 2482 729 2550 penitus
771 2491 825 2535 et.
849 2491 1117 2544 evertere,
1141 2489 1194 2535 et
1233 2480 1283 2534 in
1334 2479 1561 2533 nihilum
1597 2479 1843 2545 redigere
1873 2479 2096 2543 valeret,

517 2586 627 2627 tum
668 2573 876 2642 piorum
897 2581 1071 2627 ccettts
1110 2571 1436 2626 conﬁrmare
1464 2579 1519 2624 et
1560 2571 1936 2633 corroborare,
1969 2570 2098 2622 etin

515 2673 786 2733 posterum
822 2665 1377 2734 planeinconcussunt
1415 2663 1650 2734 ctﬁcﬁere,
1675 2662 1774 2716 hoc
1800 2673 2099 2732 temporum

517 2768 690 2813 tractu
721 2770 927 2822 noster,
983 2758 1128 2812 velut
1163 2757 1466 2812 communis
1497 2756 1717 2825 quidam
1776 2767 2101 2826 procurator

515 2851 706 2904 salutis
763 2850 887 2904 vitae
938 2851 1188 2904 humanae
1236 2848 1502 2902 divinitus
1546 2861 1862 2911 concessus,
1899 2859 1953 2901 et
1986 2863 2102 2901 om-

515 2957 612 2996 nes
640 2942 694 2995 in
752 2941 997 3011 ipsorum
1061 2939 1456 2995 beatitudinem
1495 2941 1828 3010 gubernans,
1859 2949 1913 2993 et
1949 2941 2020 2992 ita
2043 2949 2102 2994 ut

515 3033 753 3088 nesciam
813 3049 879 3087 an
909 3033 1047 3087 alius
1077 3045 1232 3102 atque
1278 3032 1417 3084 ullus
1460 3045 1528 3085 ex
1585 3031 1652 3085 iis
1703 3014 1793 3100 qui
1858 3046 2098 3100 unquam

524 3124 700 3188 tuere,
743 3125 1105 3179 admiratione
1132 3123 1382 3190 allectus,
1419 3123 1489 3177 ita
1517 3134 1574 3177 ut
1601 3138 1772 3194 genus
1800 3123 2094 3179 humanum

517 3234 539 3266 ι
579 3217 967 3287 θιευρετιιιιιὶιι
995 3217 1216 3272 virtutis
1240 3231 1350 3271 sua:
1380 3215 1686 3286 obtegeret,
1714 3232 1922 3286 suaque
1943 3219 2103 3288 plane

2201 2017 2358 2086 τρίαν
2415 2017 2730 2089 ἐπιρρῶσαί
2779 2035 2838 2070 τε
2899 2019 2996 2072 καὶ
3044 2015 3360 2088 κρατῦναι,
3414 2017 3509 2072 καὶ
3549 2015 3676 2085 πρὸς
3705 2013 3758 2065 τὸ

2203 2109 2399 2178 μέλλον
2458 2112 2760 2181 ἀκλόνητον
2796 2109 2937 2165 εἶναι
2996 2112 3252 2178 καθάπαξ
3314 2110 3756 2180 παρασκευάσαι,

2200 2201 2312 2255 τόθ’
2347 2195 2503 2266 οὗτος
2539 2202 2730 2274 ὥσπερ
2788 2223 2873 2267 τις
2928 2205 3106 2268 κοινὸς
3147 2203 3454 2274 μελεδωνὸς
3503 2200 3755 2271 σωτηρίας

2202 2293 2390 2346 θεόθεν
2425 2295 2502 2363 τῷ
2535 2295 2632 2363 βίῳ
2667 2295 2843 2358 δοθείς
2875 2311 2890 2327 ο
2929 2296 3026 2349 καὶ
3065 2296 3290 2349 πάντων
3333 2296 3421 2348 ἐπ’
3459 2292 3754 2362 εὐδαιμονίᾳ

2203 2386 2471 2454 προστὰς,
2510 2387 2605 2438 καὶ
2629 2387 2705 2449 ὡς
2736 2388 2835 2438 οὐκ
2857 2381 2955 2440 οἷδ’
2986 2387 3041 2440 εί
3061 2405 3145 2449 τις
3176 2387 3290 2440 τῶν
3327 2385 3546 2439 πώποτε
3573 2385 3758 2452 θαυμαο

2205 2475 2376 2542 σθεὶς,
2406 2477 2480 2539 ὡς
2525 2479 2652 2541 τοὺς
2687 2480 2786 2548 μὲν
2819 2477 3147 2547 ἀνθρώπους
3198 2497 3216 2529 ι
3250 2478 3333 2547 τῷ
3376 2478 3617 2547 περιόντι
3666 2492 3755 2528 κα·

2203 2568 2371 2638 λύψαι
2405 2570 2505 2640 τῆς
2539 2571 2768 2638 ἀρετῆς,
2819 2571 2990 2624 αὑτοῦ
3015 2588 3076 2639 γε
3114 2571 3221 2642 μὴν
3256 2574 3361 2642 τῆς
3397 2571 3646 2632 αἰνέσεως
3674 2568 3760 2620 πᾶ-

2203 2679 2302 2714 σαν
2333 2663 2760 2734 πεπληρωκέναι
2787 2663 2885 2733 τὴν
2911 2664 3038 2734 γῆν,
3082 2684 3100 2716 ι
3141 2665 3265 2717 ἐπεὶ
3303 2666 3400 2717 καὶ
3432 2664 3591 2717 αὐτὸν
3631 2661 3768 2722 εἰκὸς

2200 2750 2270 2826 ἦν
2309 2751 2451 2818 εἶξαι
2481 2759 2545 2826 τῇ
2582 2757 2744 2826 φύσει
2773 2759 2867 2810 καὶ
2891 2757 3064 2822 δεῖξαι
3109 2759 3200 2811 τὸν
3229 2759 3542 2830 ἄνθρωπον,
3578 2755 3664 2809 καὶ
3691 2752 3754 2822 μὴ

2201 2849 2278 2919 τῷ
2314 2849 2414 2914 τῆς
2446 2851 2726 2914 πολιτείας
2754 2852 3046 2922 ὑπερφυεῖ,
3079 2851 3175 2903 καὶ
3218 2851 3320 2916 τῆς
3350 2852 3602 2905 ἁπάντων
3639 2843 3753 2918 όμοῦ

2203 2941 2312 2994 τῶν
2354 2941 2650 3012 βελτίστων
2703 2942 3016 3012 ἐπιτυχίας,
3075 2942 3232 2996 θείαν
3281 2943 3406 2996 τινὰ
3453 2939 3752 3011 νομισθῆναι

2203 3033 2396 3087 τοῦτον
2421 3035 2613 3088 οὐσίαν
2637 3037 2731 3089 ἐπὶ
2763 3035 2844 3106 τῷ
2870 3035 2938 3088 τὰ
2963 3035 3087 3105 τῇδε
3135 3035 3420 3105 κοσμῆσαι
3454 3027 3755 3101 σωματικῶς

2206 3127 2709 3195 φαντασθεῖσαν,ὲν
2727 3127 3020 3198 βαθυτάτῳ
3049 3147 3067 3180 ι
3098 3128 3196 3181 καὶ
3231 3129 3380 3198 μάλα
3401 3126 3544 3183 πίονι
3567 3126 3750 3194 γήρᾳρι

2207 3217 2464 3272 καταλύει
2491 3220 2583 3272 τὸν
2617 3220 2756 3290 βίον.

513 3311 670 3364 laude
726 3319 898 3364 terras
960 3323 1154 3364 omnes
1187 3308 1439 3376 impleret
1468 3307 1558 3363 σε’.
1603 3327 1621 3359 ι
1669 3307 1948 3378 Siquidem
1985 3309 2238 3380 etipsum
2278 3326 2490 3379 aequum
2520 3321 2635 3365 erat
2665 3323 2872 3367 natura:
2936 3313 3227 3382 aliquando
3267 3301 3580 3372 concedere,
3611 3305 3756 3361 hom‘-

513 3418 744 3473 nemque
781 3417 842 3458 se
898 3385 1481 3466 esse‘detnonstrare,
1519 3415 1619 3456 nec
1647 3403 1793 3467 vitae,
1856 3411 1912 3456 et
1983 3402 2158 3458 felicis
2202 3416 2523 3458 cunctarum
2609 3405 2770 3460 simul
2837 3407 3168 3474 Optimarum
3214 3420 3401 3461 rerum
3456 3399 3752 3472 adeptionis,

512 3501 777 3552 immenso
846 3495 1151 3564 splendore,
1215 3495 1457 3550 divinam
1519 3493 1748 3550 forsitan
1805 3498 2097 3566 quamdam
2138 3495 2288 3550 illum
2351 3497 2651 3554 existimari
2712 3500 3040 3567 essentiam,
3082 3502 3344 3557 ornandis
3403 3499 3549 3555 orbis
3609 3497 3752 3548 nostri

515 3595 695 3659 rebus,
755 3593 1074 3664 aspectabili
1145 3593 1391 3662 corporis
1442 3591 1628 3662 specie
1709 3604 2084 3662 apparentem:
2163 3596 2379 3651 tandem
2462 3597 2517 3652 in
2571 3596 3020 3667 profundissima,
3076 3608 3129 3651 et
3167 3615 3186 3650 ι
3222 3599 3382 3656 valde
3416 3598 3754 3669 pinguisene-

511 3685 679 3750 cla“,
719 3703 737 3736 ι
779 3686 944 3738 vitam
973 3682 1231 3739 demittit.

579 3777 817 3833 CXXVI.
855 3776 1199 3836 Perlibenter
1239 3777 1330 3831 ille
1389 3778 1612 3846 quidem
1656 3787 1806 3834 certe
1863 3794 1982 3849 quae
2012 3781 2098 3836 hic

2276 3781 2466 3848 Ριςςν.
2501 3781 2704 3844 Μεθεὶς
2738 3781 2838 3851 μὲν
2882 3783 3059 3852 ἡδέως
3107 3783 3177 3836 τὰ
3207 3783 3360 3852 τῇδε,
3396 3782 3488 3837 καὶ
3522 3782 3616 3834 ὅσα
3662 3776 3753 3829 τῶν

512 3881 902 3940 sunt,quaeque
931 3871 1018 3924 hic
1045 3871 1342 3925 viventium
1377 3880 1524 3936 sunt,
1547 3871 1730 3925 omnia
1765 3872 2102 3942 relinquens,

513 3964 713 4033 quippe
747 3978 774 4014 a
807 3963 1004 4030 quibus
1036 3973 1092 4014 ut
1118 3962 1492 4030 digrederetur
1527 3963 1751 4032 omnino
1785 3965 1988 4016 conniti
2025 3965 2106 4015 vi-

513 4071 607 4110 sus
651 4063 757 4116 est,
806 4068 871 4107 ex
912 4053 996 4106 his
1065 4063 1350 4122 postquam
1407 4053 1656 4119 emersit,
1722 4053 1772 4106 id
1819 4053 1874 4107 in
1937 4054 2107 4110 maxi-

519 4150 623 4202 mis
656 4146 893 4215 ponebat
933 4145 1108 4211 bouis,
1159 4155 1268 4198 tum
1305 4159 1430 4198 vero
1463 4146 1590 4198 item
1625 4145 1864 4199 ccelestia
1903 4145 2014 4211 illa,
2047 4161 2105 4201 et

517 4240 623 4295 sibi
651 4237 1050 4301 convenientia,
1116 4250 1444 4306 capessens;
1491 4251 1722 4304 quorum
1772 4237 1905 4293 civis
1932 4239 2107 4306 prius-

518 4348 678 4402 quam
712 4347 776 4386 eo
809 4331 1047 4386 venisset
1074 4329 1273 4392 fuerat,
1309 4337 1363 4382 et
1395 4330 1448 4382 in
1478 4331 1676 4398 quibus
1704 4345 1933 4401 corpore
1969 4348 2104 4387 con-

521 4433 698 4478 tectus
740 4424 1067 4492 prmcipuam
1098 4420 1362 4475 habuerat
1399 4419 1834 4489 delectationem,
1866 4433 1920 4478 et
1955 4424 2101 4493 quod

519 4516 815 4569 niaximum
844 4525 983 4578 erat,
1009 4513 1124 4567 sive
1145 4523 1390 4581 respectu
1419 4513 1730 4583 voluptatis,
1769 4516 1883 4570 sive
1903 4517 2105 4572 intimae

520 4606 664 4674 apud
699 4605 868 4660 Deum
913 4606 1123 4672 gratiae,
1146 4604 1262 4657 sive
1289 4604 1686 4659 exantlatoruut
1728 4607 2102 4678 multiplicium

522 4697 788 4759 laborum,
837 4695 953 4750 sive
1001 4695 1360 4749 sanctissimae
1431 4696 1486 4750 in
1546 4698 1654 4752 vita
1717 4699 2100 4768 philosotiliiae,

518 4790 716 4860 quippe
763 4809 782 4842 ι
819 4790 1069 4858 migrare,
1098 4798 1151 4843 et
1183 4804 1304 4841 cum
1334 4789 1553 4845 Christo
1573 4805 1692 4846 esse
1720 4792 1812 4857 "‘,
1841 4811 1858 4844 ι
1899 4793 2102 4848 dudum

523 4882 852 4939 ineﬂ‘abilem
879 4882 928 4935 iu
961 4883 1176 4935 modum
1207 4881 1562 4947 desiderans;
1591 4883 1642 4938 id
1668 4885 1839 4954 ipsum
1868 4901 1988 4940 cum
2018 4886 2104 4940 in-

524 4973 661 5044 signi
695 4983 750 5027 et
785 4971 1124 5041 amplissimo
1154 4971 1444 5025 corollario
1475 4973 1853 5042 consequitur,
1881 4982 2104 5042 accepto

522 5064 786 5118 divinitus
812 5077 1070 5117 excessus
1103 5061 1184 5117 sui
1216 5063 1428 5118 nuntio.
1456 5060 1722 5116 Nimirum
1751 5071 1810 5117 ut
1838 5066 2104 5131 quemad-

2207 3875 2374 3944 τῇδεεο
2410 3867 2487 3928 ὦν
2516 3875 2623 3944 γὰρ
2663 3876 2813 3938 ὅπως
2862 3875 3092 3945 ἐκσταίη
3127 3875 3310 3928 πάντα
3347 3875 3515 3928 ποιῶν
3548 3872 3751 3942 ἑωρᾶτο,

2205 3966 2413 4020 τούτων
2444 3967 2747 4037 ἐπειδήπερ
2770 3965 2990 4034 ἐξέστη,
3028 3965 3230 4020 πολλοῦ
3280 3987 3426 4032 τινος
3454 3963 3587 4038 ἦγεν
3607 3980 3620 3996 ⁸
3646 3964 3750 4016 ἐπι·

2208 4057 2509 4128 λαϐόμενος
2545 4057 2602 4111 δὲ
2640 4058 2751 4111 τῶν
2779 4057 2892 4112 ἄνω
2933 4058 3030 4111 καὶ
3065 4058 3216 4128 αὑτῷ
3271 4057 3667 4131 προσηκόντων,
3690 4043 3752 4103 ὧν

2209 4152 2430 4222 πολίτης
2456 4152 2673 4222 ὑπῆρχε
2701 4153 2795 4205 καὶ
2821 4153 2950 4221 πρὶν
2976 4151 3256 4220 ἐπιϐῆναι,
3284 4153 3379 4206 καὶ
3401 4147 3483 4214 οἷς
3513 4146 3751 4214 ἐνετρύφα

2210 4244 2350 4313 μετὰ
2376 4245 2483 4312 τῆς
2518 4243 2674 4314 ὕλης,
2706 4245 2802 4296 καὶ
2829 4243 2888 4296 τὸ
2927 4243 3211 4313 μέγιστον,
3270 4244 3352 4307 εἰς
3383 4241 3572 4314 ἡδονῆς
3597 4237 3748 4302 λόγον,

2206 4337 2300 4386 καὶ
2327 4333 2591 4404 πλείστης
2618 4333 2721 4402 τῆς
2758 4333 2896 4404 πρὸς
2937 4333 3073 4386 Θεὸν
3107 4332 3355 4403 χάριτος,
3399 4333 3493 4386 καὶ
3524 4330 3625 4383 τῶν
3648 4322 3752 4378 πολ-

2205 4426 2311 4479 λων
2341 4427 2505 4479 πόνον
2531 4442 2545 4456 ⁶
2576 4429 2671 4480 καὶ
2697 4428 2799 4496 τῆς
2832 4427 3086 4499 μεγάλης
3120 4431 3178 4481 ἐν
3203 4427 3284 4498 τῷ
3312 4428 3412 4498 βίῳ
3439 4419 3748 4496 φιλοσοςςίας.

2214 4538 2232 4570 ι
2269 4519 2535 4572 ἀναλόσαι
2581 4540 2600 4572 ›
2638 4520 2746 4589 γὰρ
2774 4521 2838 4592 δή
2868 4538 2971 4573 που
3015 4540 3033 4572 ι
3075 4521 3171 4575 καὶ
3203 4523 3303 4574 σὺν
3335 4518 3554 4591 Χριστῷ
3581 4511 3705 4567 εἷναι
3733 4525 3748 4558 ι

2207 4613 2376 4666 πάλαι
2413 4631 2554 4679 πως,
2579 4613 2644 4667 ἂν
2671 4616 2872 4680 εἴποις,
2903 4614 3106 4682 ποθῶν,
3142 4616 3403 4686 τυγχάνει
3436 4612 3618 4666 τούτου
3651 4599 3752 4676 μετ’

2206 4701 2474 4773 ἀξιόχρεω
2512 4704 2615 4771 τῆς
2665 4704 3028 4775 προσθήκης,
3077 4704 3263 4758 θεόθεν
3314 4705 3472 4759 τοῦτο
3504 4710 3751 4773 χρηματιο

2208 4794 2377 4858 σοείς.
2417 4796 2515 4848 ’1ν’
2548 4797 2738 4866 ὥσπερ
2771 4799 2802 4868 ὴ
2852 4800 3089 4865 γένεσις,
3127 4797 3269 4852 οὕτω
3309 4801 3404 4852 καὶ
3437 4798 3500 4850 τὰ
3543 4793 3633 4861 τῆς
3672 4801 3749 4838 τε·

2205 4887 2397 4956 λευτῆς
2432 4887 2586 4952 θείας
2623 4891 2916 4954 ἐπιπνοίας
2965 4893 3205 4962 μετέχῃ,
3246 4892 3401 4966 καὶῇ
3442 4891 3526 4942 διὰ
3559 4886 3747 4937 πάντων

2204 4973 2356 5042 οὗτος
2378 4982 2576 5044 οἰκεῖος
2605 4983 2699 5035 καὶ
2719 4985 2900 5054 μέλων
2929 4985 3050 5054 Θεῷ
3069 4987 3336 5055 μεγίστας
3363 4984 3639 5054 δεχόμενος
3661 4971 3747 5029 τὰς

2205 5074 2476 5141 ἐμφάσεις
2505 5075 2614 5126 τῶν
2642 5076 2920 5145 ισομένων
2952 5078 3314 5148 ἐλλάμψεων·
3350 5080 3378 5130 ὁ
3412 5077 3508 5148 μὲν
3541 5071 3646 5133 οὖν,
3672 5065 3745 5117 ἴνα

523 5157 740 5212 modum
769 5155 1050 5220 uativitas,
1074 5157 1146 5208 ita
1173 5154 1336 5208 etiam
1364 5153 1544 5209 obitus
1561 5155 1755 5209 divina:
1787 5157 2099 5226 inspiratio-

2209 5165 2304 5216 καὶ
2350 5163 2507 5228 αὖθις
2561 5166 2890 5222 ἐπαναλάὸω
2935 5170 3029 5222 τὸν
3057 5145 3237 5240 λόγον,
3270 5145 3423 5226 οὔτε*
3448 5165 3564 5238 μεθ’
3609 5155 3744 5231 ἡμῶν

522 5250 605 5304 nis
637 5249 912 5318 particeps
951 5248 1110 5312 foret,
1147 5256 1201 5301 et
1237 5248 1349 5316 ipse
1378 5261 1474 5314 per
1509 5248 1690 5302 omnia
1725 5249 1834 5302 Deo
1869 5251 2103 5304 familia-

522 5345 620 5406 ris,
653 5340 841 5408 illique
882 5355 1027 5393 cura:
1070 5349 1234 5404 esset,
1267 5352 1325 5392 ut
1353 5339 1445 5407 qui
1483 5341 1749 5394 maximas
1795 5340 2101 5396 futurarum

522 5431 983 5486 illuminationum
1038 5431 1583 5501 prmsiguiticationes
1627 5433 1918 5501 acciperet.
1993 5432 2104 5487 No-

522 5537 635 5579 ster
663 5523 845 5594 igitur,
885 5533 944 5576 ιιι
983 5524 1160 5578 denuo
1189 5539 1300 5577 rem
1335 5533 1600 5592 repetam,
1632 5539 1809 5594 neque
1843 5527 1966 5579 dum
2000 5541 2098 5580 no-

525 5617 732 5671 hiscum
768 5615 1028 5684 agitabat,
1063 5631 1089 5667 ιι
1125 5615 1231 5668 Deo
1262 5616 1470 5679 aberat,
1505 5616 1678 5672 nihilo
1710 5618 1953 5684 profecto
1980 5619 2098 5688 plus

519 5724 682 5779 quam
718 5724 747 5762 ιι
785 5709 985 5778 scipso,
1044 5723 1226 5763 verum
1299 5708 1464 5764 tixum
1498 5725 1560 5764 ac
1612 5712 1805 5767 stabile
1873 5713 2096 5768 domici-

593 5896 636 5930 "
668 5895 813 5957 Psal.
844 5917 1069 5974 thxnt,
1107 5906 1193 5963 49.
1277 5907 1317 5942 ⁸⁸
1352 5909 1605 5966 Ηιιιλειςιις
1640 5924 1720 5977 ιιι,
1761 5910 1812 5964 ’.5.

1895 5911 1937 5942 εί
1968 5910 2105 5969 l‘sul.
2145 5929 2271 5980 seu,
2318 5914 2398 5969 15.

2203 5256 2298 5321 ὢν,
2333 5257 2478 5328 ἀπῆν
2507 5259 2601 5311 τοῦ
2629 5259 2788 5326 Θεοῦ,
2822 5262 2884 5313 οὐ
2916 5263 3120 5329 μᾶλλόν
3148 5266 3267 5335 γεῆ
3305 5264 3398 5318 καὶ
3427 5256 3604 5320 αὐτοῦ,
3644 5245 3742 5303 ἀλλ’

2205 5350 2388 5401 ἑστίαν
2423 5351 2682 5422 ἀκίνητον
2725 5353 2992 5424 ἐκέκτητο
3025 5358 3160 5426 παρ’
3184 5359 3400 5427 ἐκείνῳ,
3433 5353 3542 5407 οὒτ’
3581 5343 3643 5402 αὖ
3665 5340 3744 5396 νῦν

2203 5437 2302 5508 τῆς
2365 5440 2576 5492 ἐκεῖθεν
2609 5443 2830 5511 ἀμέσως
2887 5446 3306 5518 ἐμφορούμενος
3353 5447 3559 5514 αἴγλης,
3618 5431 3743 5515 ἡμᾶῖ

2205 5531 2528 5586 καταλείπει
2551 5547 2564 5562 ⁸
2599 5535 2716 5587 ἀλλ’
2752 5537 2980 5603 ἄνωθεν,
3021 5540 3098 5602 ὡς
3123 5540 3338 5610 παρὼν,
3385 5537 3451 5591 τὰ
3478 5533 3589 5588 καθ’
3617 5523 3742 5596 ἡμᾶῖ

2209 5625 2499 5677 ἐποπτεύει
2535 5628 2630 5679 καὶ
2667 5631 2926 5698 περιέπει
2954 5648 2966 5660 °
3003 5639 3098 5685 καὶ
3122 5637 3279 5704 χεῖρα
3305 5633 3573 5694 σώζουσαν
3602 5621 3742 5682 Wst"

2213 5717 2388 5784 ίσχειο
2457 5717 2552 5770 νῦν
2612 5721 2712 5790 μὲν
2759 5722 2868 5774 τῶν
2917 5721 3338 5794 ξυμπιπτόντων
3389 5711 3738 5788 ἐξαιρούμενος

2478 5919 2540 5949 ⁸⁵⁵
2581 5915 2814 5988 Philipp.
2850 5933 2886 5982 t,
2922 5917 3010 5970 Ξῖ).
