  <div class='ocr_page' id='page_1' title='image "/cluster/home/n/w/nwhite01/storage/ocr_20150623/145:no.1/coo.31924054870500/180.png"; bbox 0 0 4028 6456; ppageno 0'>
   <div class='ocr_carea' id='block_1_1' title="bbox 274 410 381 474">
    <p class='ocr_par' dir='ltr' id='par_1_1' title="bbox 274 410 381 474">
     <span class='ocr_line' id='line_1_1' title="bbox 274 410 381 474; baseline 0 0"><span class='ocrx_word' id='word_1_1' title='bbox 274 410 381 474; x_wconf 71' lang='grc'><strong>345</strong></span> 
     </span>
    </p>
   </div>
   <div class='ocr_carea' id='block_1_2' title="bbox 1141 405 2593 472">
    <p class='ocr_par' dir='ltr' id='par_1_2' title="bbox 1141 405 2593 472">
     <span class='ocr_line' id='line_1_2' title="bbox 1141 405 2593 472; baseline -0.003 0"><span class='ocrx_word' id='word_1_2' title='bbox 1141 419 1152 431; x_wconf 85' lang='grc'><strong><em>⁸</em></strong></span> <span class='ocrx_word' id='word_1_3' title='bbox 1209 407 1605 472; x_wconf 78' lang='lat' dir='ltr'><strong>LAUDA&#39;I‘IO</strong></span> <span class='ocrx_word' id='word_1_4' title='bbox 1645 408 1705 469; x_wconf 92' lang='lat' dir='ltr'><strong>S.</strong></span> <span class='ocrx_word' id='word_1_5' title='bbox 1733 405 2121 469; x_wconf 81' lang='lat' dir='ltr'><strong>GREGORII</strong></span> <span class='ocrx_word' id='word_1_6' title='bbox 2162 406 2593 471; x_wconf 85' lang='lat' dir='ltr'><strong>THEOLOGI.</strong></span> 
     </span>
    </p>
   </div>
   <div class='ocr_carea' id='block_1_3' title="bbox 3448 409 3555 475">
    <p class='ocr_par' dir='ltr' id='par_1_3' title="bbox 3448 409 3555 475">
     <span class='ocr_line' id='line_1_3' title="bbox 3448 409 3555 475; baseline -0.019 0"><span class='ocrx_word' id='word_1_7' title='bbox 3448 409 3555 475; x_wconf 75' lang='lat'><strong>346</strong></span> 
     </span>
    </p>
   </div>
   <div class='ocr_carea' id='block_1_4' title="bbox 192 518 1865 592">
    <p class='ocr_par' dir='ltr' id='par_1_4' title="bbox 192 518 1857 592">
     <span class='ocr_line' id='line_1_4' title="bbox 192 518 1857 592; baseline -0.002 -16"><span class='ocrx_word' id='word_1_8' title='bbox 192 522 195 525; x_wconf 83' lang='grc'><em>’</em></span> <span class='ocrx_word' id='word_1_9' title='bbox 271 518 579 592; x_wconf 80' lang='grc' dir='ltr'>δυσχερῶν,</span> <span class='ocrx_word' id='word_1_10' title='bbox 612 518 710 574; x_wconf 71' lang='grc' dir='ltr'><strong>καὶ</strong></span> <span class='ocrx_word' id='word_1_11' title='bbox 739 520 849 575; x_wconf 75' lang='grc' dir='ltr'>πᾶν</span> <span class='ocrx_word' id='word_1_12' title='bbox 873 518 1126 585; x_wconf 79' lang='grc' dir='ltr'><strong>ἀντίξουν</strong></span> <span class='ocrx_word' id='word_1_13' title='bbox 1158 521 1225 575; x_wconf 72' lang='grc' dir='ltr'>ἐκ</span> <span class='ocrx_word' id='word_1_14' title='bbox 1258 521 1429 591; x_wconf 85' lang='grc' dir='ltr'><strong>μέσου</strong></span> <span class='ocrx_word' id='word_1_15' title='bbox 1461 520 1656 587; x_wconf 74' lang='grc' dir='ltr'>τιθεὶς,</span> <span class='ocrx_word' id='word_1_16' title='bbox 1689 519 1786 575; x_wconf 80' lang='grc' dir='ltr'>νῦν</span> <span class='ocrx_word' id='word_1_17' title='bbox 1811 518 1857 573; x_wconf 79' lang='grc' dir='ltr'>δ’</span> 
     </span>
    </p>
   </div>
   <div class='ocr_carea' id='block_1_5' title="bbox 1971 518 3557 592">
    <p class='ocr_par' dir='ltr' id='par_1_5' title="bbox 1971 518 3557 591">
     <span class='ocr_line' id='line_1_5' title="bbox 1971 518 3557 591; baseline 0.005 -19"><span class='ocrx_word' id='word_1_18' title='bbox 1971 518 2092 574; x_wconf 89' lang='lat' dir='ltr'><strong>lium</strong></span> <span class='ocrx_word' id='word_1_19' title='bbox 2127 518 2232 575; x_wconf 90' lang='lat' dir='ltr'><strong>sibi</strong></span> <span class='ocrx_word' id='word_1_20' title='bbox 2276 520 2420 591; x_wconf 87' lang='lat' dir='ltr'><strong>apud</strong></span> <span class='ocrx_word' id='word_1_21' title='bbox 2484 518 2640 574; x_wconf 90' lang='lat' dir='ltr'><strong>illum</strong></span> <span class='ocrx_word' id='word_1_22' title='bbox 2692 524 3129 587; x_wconf 83' lang='lat' dir='ltr'><strong>comparaverat,</strong></span> <span class='ocrx_word' id='word_1_23' title='bbox 3183 534 3361 591; x_wconf 86' lang='lat' dir='ltr'><strong>neque</strong></span> <span class='ocrx_word' id='word_1_24' title='bbox 3408 537 3557 581; x_wconf 88' lang='lat' dir='ltr'><strong>nunc</strong></span> 
     </span>
    </p>
   </div>
   <div class='ocr_carea' id='block_1_6' title="bbox 272 612 1865 685">
    <p class='ocr_par' dir='ltr' id='par_1_6' title="bbox 272 612 1865 685">
     <span class='ocr_line' id='line_1_6' title="bbox 272 612 1865 685; baseline -0.001 -16"><span class='ocrx_word' id='word_1_25' title='bbox 272 614 457 684; x_wconf 82' lang='grc' dir='ltr'>ἀγαθὰ</span> <span class='ocrx_word' id='word_1_26' title='bbox 483 613 620 685; x_wconf 82' lang='grc' dir='ltr'>πρὸς</span> <span class='ocrx_word' id='word_1_27' title='bbox 641 612 876 682; x_wconf 80' lang='grc' dir='ltr'><strong>ἀγαθοῖς</strong></span> <span class='ocrx_word' id='word_1_28' title='bbox 906 614 1270 684; x_wconf 74' lang='grc' dir='ltr'>ἐπιπέμπων,</span> <span class='ocrx_word' id='word_1_29' title='bbox 1298 616 1398 670; x_wconf 75' lang='grc' dir='ltr'><strong>καὶ</strong></span> <span class='ocrx_word' id='word_1_30' title='bbox 1425 617 1539 680; x_wconf 85' lang='grc' dir='ltr'>τοῖς</span> <span class='ocrx_word' id='word_1_31' title='bbox 1569 612 1865 685; x_wconf 69' lang='grc' dir='ltr'>ὑπηργμέ-</span> 
     </span>
    </p>
   </div>
   <div class='ocr_carea' id='block_1_7' title="bbox 273 706 1865 779">
    <p class='ocr_par' dir='ltr' id='par_1_7' title="bbox 273 706 1865 779">
     <span class='ocr_line' id='line_1_7' title="bbox 273 706 1865 779; baseline 0 -17"><span class='ocrx_word' id='word_1_32' title='bbox 273 726 400 771; x_wconf 79' lang='grc' dir='ltr'>ναις</span> <span class='ocrx_word' id='word_1_33' title='bbox 451 706 804 778; x_wconf 73' lang='grc' dir='ltr'><strong>εὐεργεσίαις</strong></span> <span class='ocrx_word' id='word_1_34' title='bbox 853 707 1053 778; x_wconf 75' lang='grc' dir='ltr'>ἐτέρας</span> <span class='ocrx_word' id='word_1_35' title='bbox 1100 708 1165 779; x_wconf 87' lang='grc' dir='ltr'>δή</span> <span class='ocrx_word' id='word_1_36' title='bbox 1213 724 1369 773; x_wconf 90' lang='grc' dir='ltr'>τινας</span> <span class='ocrx_word' id='word_1_37' title='bbox 1406 706 1633 778; x_wconf 77' lang='grc' dir='ltr'><strong>μείζους</strong></span> <span class='ocrx_word' id='word_1_38' title='bbox 1667 724 1731 762; x_wconf 87' lang='grc' dir='ltr'><strong>τε</strong></span> <span class='ocrx_word' id='word_1_39' title='bbox 1768 706 1865 762; x_wconf 75' lang='grc' dir='ltr'>καὶ</span> 
     </span>
    </p>
   </div>
   <div class='ocr_carea' id='block_1_8' title="bbox 275 800 1864 873">
    <p class='ocr_par' dir='ltr' id='par_1_8' title="bbox 275 800 1864 873">
     <span class='ocr_line' id='line_1_8' title="bbox 275 800 1864 873; baseline 0.001 -18"><span class='ocrx_word' id='word_1_40' title='bbox 275 800 535 864; x_wconf 76' lang='grc' dir='ltr'><strong>καλλίους</strong></span> <span class='ocrx_word' id='word_1_41' title='bbox 563 800 825 869; x_wconf 77' lang='grc' dir='ltr'>ἐπάγων·</span> <span class='ocrx_word' id='word_1_42' title='bbox 875 801 973 856; x_wconf 78' lang='grc' dir='ltr'>καὶ</span> <span class='ocrx_word' id='word_1_43' title='bbox 1011 801 1111 872; x_wconf 79' lang='grc' dir='ltr'>μὲν</span> <span class='ocrx_word' id='word_1_44' title='bbox 1141 801 1208 873; x_wconf 81' lang='grc' dir='ltr'>δὴ</span> <span class='ocrx_word' id='word_1_45' title='bbox 1255 800 1361 856; x_wconf 82' lang='grc' dir='ltr'>κάν</span> <span class='ocrx_word' id='word_1_46' title='bbox 1385 804 1503 865; x_wconf 80' lang='grc' dir='ltr'>τοῖς</span> <span class='ocrx_word' id='word_1_47' title='bbox 1549 801 1864 867; x_wconf 77' lang='grc' dir='ltr'><strong>καλλίστοις</strong></span> 
     </span>
    </p>
   </div>
   <div class='ocr_carea' id='block_1_9' title="bbox 272 892 1861 964">
    <p class='ocr_par' dir='ltr' id='par_1_9' title="bbox 272 892 1861 964">
     <span class='ocr_line' id='line_1_9' title="bbox 272 892 1861 964; baseline 0.001 -17"><span class='ocrx_word' id='word_1_48' title='bbox 272 910 336 947; x_wconf 81' lang='grc' dir='ltr'><strong>τε</strong></span> <span class='ocrx_word' id='word_1_49' title='bbox 365 894 462 947; x_wconf 78' lang='grc' dir='ltr'>καὶ</span> <span class='ocrx_word' id='word_1_50' title='bbox 490 893 732 963; x_wconf 80' lang='grc' dir='ltr'>ἡδίστοις</span> <span class='ocrx_word' id='word_1_51' title='bbox 762 892 859 946; x_wconf 81' lang='grc' dir='ltr'>καὶ</span> <span class='ocrx_word' id='word_1_52' title='bbox 887 892 1052 962; x_wconf 81' lang='grc' dir='ltr'>ζῆλον</span> <span class='ocrx_word' id='word_1_53' title='bbox 1093 894 1198 947; x_wconf 86' lang='grc' dir='ltr'>οὐκ</span> <span class='ocrx_word' id='word_1_54' title='bbox 1234 893 1424 964; x_wconf 73' lang='grc' dir='ltr'>ἔχουσι</span> <span class='ocrx_word' id='word_1_55' title='bbox 1455 894 1634 964; x_wconf 74' lang='grc' dir='ltr'>λόγοις</span> <span class='ocrx_word' id='word_1_56' title='bbox 1667 894 1861 962; x_wconf 82' lang='grc' dir='ltr'>αὐτοῦ,</span> 
     </span>
    </p>
   </div>
   <div class='ocr_carea' id='block_1_10' title="bbox 276 980 1865 1055">
    <p class='ocr_par' dir='ltr' id='par_1_10' title="bbox 276 980 1865 1055">
     <span class='ocr_line' id='line_1_10' title="bbox 276 980 1865 1055; baseline 0.002 -20"><span class='ocrx_word' id='word_1_57' title='bbox 276 985 356 1054; x_wconf 83' lang='grc' dir='ltr'>μὴ</span> <span class='ocrx_word' id='word_1_58' title='bbox 392 984 555 1051; x_wconf 90' lang='grc' dir='ltr'>μόνον</span> <span class='ocrx_word' id='word_1_59' title='bbox 593 983 731 1052; x_wconf 75' lang='grc' dir='ltr'>πρὸς</span> <span class='ocrx_word' id='word_1_60' title='bbox 763 982 912 1037; x_wconf 77' lang='grc' dir='ltr'>ἅπαν</span> <span class='ocrx_word' id='word_1_61' title='bbox 943 984 1096 1054; x_wconf 77' lang='grc' dir='ltr'>ἡμᾶς</span> <span class='ocrx_word' id='word_1_62' title='bbox 1144 983 1352 1055; x_wconf 79' lang='grc' dir='ltr'>ἀρετῆς</span> <span class='ocrx_word' id='word_1_63' title='bbox 1409 980 1551 1047; x_wconf 80' lang='grc' dir='ltr'>είδος</span> <span class='ocrx_word' id='word_1_64' title='bbox 1603 1000 1865 1055; x_wconf 73' lang='grc' dir='ltr'>παρακα-</span> 
     </span>
    </p>
   </div>
   <div class='ocr_carea' id='block_1_11' title="bbox 275 1073 1863 1146">
    <p class='ocr_par' dir='ltr' id='par_1_11' title="bbox 275 1073 1863 1146">
     <span class='ocr_line' id='line_1_11' title="bbox 275 1073 1863 1146; baseline 0.001 -22"><span class='ocrx_word' id='word_1_65' title='bbox 275 1074 385 1128; x_wconf 65' lang='grc' dir='ltr'><strong>λῶν</strong></span> <span class='ocrx_word' id='word_1_66' title='bbox 414 1075 508 1128; x_wconf 75' lang='grc' dir='ltr'><strong>καὶ</strong></span> <span class='ocrx_word' id='word_1_67' title='bbox 558 1073 913 1146; x_wconf 80' lang='grc' dir='ltr'><strong>προτρέπων,</strong></span> <span class='ocrx_word' id='word_1_68' title='bbox 945 1073 1087 1127; x_wconf 82' lang='grc' dir='ltr'><strong>ἀλλὰ</strong></span> <span class='ocrx_word' id='word_1_69' title='bbox 1131 1073 1230 1128; x_wconf 68' lang='grc' dir='ltr'>καὶ</span> <span class='ocrx_word' id='word_1_70' title='bbox 1271 1075 1425 1139; x_wconf 86' lang='grc' dir='ltr'>ὅπως</span> <span class='ocrx_word' id='word_1_71' title='bbox 1457 1073 1612 1129; x_wconf 80' lang='grc' dir='ltr'>ταῦθ’</span> <span class='ocrx_word' id='word_1_72' title='bbox 1637 1074 1751 1139; x_wconf 74' lang='grc' dir='ltr'>ἔξει</span> <span class='ocrx_word' id='word_1_73' title='bbox 1782 1074 1863 1145; x_wconf 76' lang='grc'><strong>(1)</strong></span> 
     </span>
    </p>
   </div>
   <div class='ocr_carea' id='block_1_12' title="bbox 279 1165 1863 1239">
    <p class='ocr_par' dir='ltr' id='par_1_12' title="bbox 279 1165 1863 1239">
     <span class='ocr_line' id='line_1_12' title="bbox 279 1165 1863 1239; baseline 0.001 -19"><span class='ocrx_word' id='word_1_74' title='bbox 279 1168 479 1239; x_wconf 78' lang='grc' dir='ltr'><strong>ῥᾳδίως</strong></span> <span class='ocrx_word' id='word_1_75' title='bbox 513 1166 865 1233; x_wconf 78' lang='grc' dir='ltr'><strong>ὑποδεικνὺς,</strong></span> <span class='ocrx_word' id='word_1_76' title='bbox 903 1166 1157 1237; x_wconf 80' lang='grc' dir='ltr'><strong>βελτίους</strong></span> <span class='ocrx_word' id='word_1_77' title='bbox 1200 1167 1415 1221; x_wconf 82' lang='grc' dir='ltr'>ἑαυτῶν</span> <span class='ocrx_word' id='word_1_78' title='bbox 1454 1166 1525 1221; x_wconf 78' lang='grc' dir='ltr'>τὰ</span> <span class='ocrx_word' id='word_1_79' title='bbox 1564 1165 1704 1238; x_wconf 80' lang='grc' dir='ltr'>πρὸς</span> <span class='ocrx_word' id='word_1_80' title='bbox 1727 1166 1863 1222; x_wconf 81' lang='grc' dir='ltr'>Θεὸν</span> 
     </span>
    </p>
   </div>
   <div class='ocr_carea' id='block_1_13' title="bbox 275 1260 1864 1334">
    <p class='ocr_par' dir='ltr' id='par_1_13' title="bbox 275 1260 1864 1334">
     <span class='ocr_line' id='line_1_13' title="bbox 275 1260 1864 1334; baseline 0 -19"><span class='ocrx_word' id='word_1_81' title='bbox 275 1261 692 1330; x_wconf 83' lang='grc' dir='ltr'>τοκαθεκάστην</span> <span class='ocrx_word' id='word_1_82' title='bbox 743 1262 867 1332; x_wconf 81' lang='grc' dir='ltr'>ἔχον</span> <span class='ocrx_word' id='word_1_83' title='bbox 916 1264 1098 1317; x_wconf 81' lang='grc' dir='ltr'>ποιεῖ·</span> <span class='ocrx_word' id='word_1_84' title='bbox 1152 1262 1409 1330; x_wconf 78' lang='grc' dir='ltr'><strong>μετάγων</strong></span> <span class='ocrx_word' id='word_1_85' title='bbox 1440 1261 1551 1315; x_wconf 83' lang='grc' dir='ltr'><strong>άπὸ</strong></span> <span class='ocrx_word' id='word_1_86' title='bbox 1581 1262 1682 1333; x_wconf 81' lang='grc' dir='ltr'><strong>τῆς</strong></span> <span class='ocrx_word' id='word_1_87' title='bbox 1728 1260 1864 1334; x_wconf 77' lang='grc' dir='ltr'>ὕλης</span> 
     </span>
    </p>
   </div>
   <div class='ocr_carea' id='block_1_14' title="bbox 272 1352 1862 1425">
    <p class='ocr_par' dir='ltr' id='par_1_14' title="bbox 272 1352 1862 1425">
     <span class='ocr_line' id='line_1_14' title="bbox 272 1352 1862 1425; baseline -0.001 -17"><span class='ocrx_word' id='word_1_88' title='bbox 272 1358 371 1409; x_wconf 82' lang='grc' dir='ltr'><strong>ἐπὶ</strong></span> <span class='ocrx_word' id='word_1_89' title='bbox 403 1356 463 1409; x_wconf 83' lang='grc' dir='ltr'>τὸ</span> <span class='ocrx_word' id='word_1_90' title='bbox 495 1354 735 1425; x_wconf 85' lang='grc' dir='ltr'>πνεῦμα,</span> <span class='ocrx_word' id='word_1_91' title='bbox 773 1355 867 1408; x_wconf 71' lang='grc' dir='ltr'><strong>καὶ</strong></span> <span class='ocrx_word' id='word_1_92' title='bbox 907 1354 1237 1424; x_wconf 88' lang='grc' dir='ltr'>θαυμαστάς</span> <span class='ocrx_word' id='word_1_93' title='bbox 1268 1371 1424 1416; x_wconf 89' lang='grc' dir='ltr'>τινας</span> <span class='ocrx_word' id='word_1_94' title='bbox 1458 1352 1682 1416; x_wconf 76' lang='grc' dir='ltr'>ἐλπίδας</span> <span class='ocrx_word' id='word_1_95' title='bbox 1712 1352 1862 1423; x_wconf 81' lang='grc' dir='ltr'>ἔχειν</span> 
     </span>
    </p>
   </div>
   <div class='ocr_carea' id='block_1_15' title="bbox 272 1444 1862 1518">
    <p class='ocr_par' dir='ltr' id='par_1_15' title="bbox 272 1444 1862 1518">
     <span class='ocr_line' id='line_1_15' title="bbox 272 1444 1862 1518; baseline -0.001 -18"><span class='ocrx_word' id='word_1_96' title='bbox 272 1445 714 1518; x_wconf 70' lang='grc' dir='ltr'><strong>παρασκευάζων</strong></span> <span class='ocrx_word' id='word_1_97' title='bbox 745 1449 843 1500; x_wconf 79' lang='grc' dir='ltr'>καὶ</span> <span class='ocrx_word' id='word_1_98' title='bbox 862 1446 1000 1509; x_wconf 82' lang='grc' dir='ltr'>ὅλως</span> <span class='ocrx_word' id='word_1_99' title='bbox 1024 1446 1125 1499; x_wconf 79' lang='grc' dir='ltr'><strong>οὐκ</strong></span> <span class='ocrx_word' id='word_1_100' title='bbox 1151 1444 1303 1498; x_wconf 78' lang='grc' dir='ltr'>ἔστιν</span> <span class='ocrx_word' id='word_1_101' title='bbox 1331 1446 1358 1498; x_wconf 84' lang='grc' dir='ltr'><strong>ὅ</strong></span> <span class='ocrx_word' id='word_1_102' title='bbox 1382 1444 1427 1496; x_wconf 86' lang='grc' dir='ltr'>τ’</span> <span class='ocrx_word' id='word_1_103' title='bbox 1456 1444 1517 1497; x_wconf 87' lang='grc' dir='ltr'><strong>ού</strong></span> <span class='ocrx_word' id='word_1_104' title='bbox 1551 1444 1735 1514; x_wconf 82' lang='grc' dir='ltr'>λόγοις</span> <span class='ocrx_word' id='word_1_105' title='bbox 1763 1444 1862 1500; x_wconf 64' lang='grc' dir='ltr'><strong>καὶ⁵</strong></span> 
     </span>
    </p>
   </div>
   <div class='ocr_carea' id='block_1_16' title="bbox 275 1536 1862 1611">
    <p class='ocr_par' dir='ltr' id='par_1_16' title="bbox 275 1536 1862 1611">
     <span class='ocr_line' id='line_1_16' title="bbox 275 1536 1862 1611; baseline 0 -18"><span class='ocrx_word' id='word_1_106' title='bbox 275 1542 463 1611; x_wconf 76' lang='grc' dir='ltr'>ἔργοις</span> <span class='ocrx_word' id='word_1_107' title='bbox 500 1538 564 1593; x_wconf 83' lang='grc' dir='ltr'>εὗ</span> <span class='ocrx_word' id='word_1_108' title='bbox 615 1538 790 1592; x_wconf 84' lang='grc' dir='ltr'>ποιῶν</span> <span class='ocrx_word' id='word_1_109' title='bbox 839 1539 991 1592; x_wconf 76' lang='grc' dir='ltr'>ἐστιν</span> <span class='ocrx_word' id='word_1_110' title='bbox 1042 1538 1225 1609; x_wconf 81' lang='grc' dir='ltr'><strong>ἡμᾶς·</strong></span> <span class='ocrx_word' id='word_1_111' title='bbox 1280 1540 1377 1592; x_wconf 83' lang='grc' dir='ltr'>καὶ</span> <span class='ocrx_word' id='word_1_112' title='bbox 1410 1536 1607 1602; x_wconf 74' lang='grc' dir='ltr'>ὥσπερ</span> <span class='ocrx_word' id='word_1_113' title='bbox 1641 1539 1744 1591; x_wconf 85' lang='grc' dir='ltr'><strong>οὐκ</strong></span> <span class='ocrx_word' id='word_1_114' title='bbox 1796 1538 1862 1593; x_wconf 77' lang='grc' dir='ltr'>ἄν</span> 
     </span>
    </p>
   </div>
   <div class='ocr_carea' id='block_1_17' title="bbox 274 1631 1860 1703">
    <p class='ocr_par' dir='ltr' id='par_1_17' title="bbox 274 1631 1860 1703">
     <span class='ocr_line' id='line_1_17' title="bbox 274 1631 1860 1703; baseline -0.001 -16"><span class='ocrx_word' id='word_1_115' title='bbox 274 1634 400 1688; x_wconf 83' lang='grc' dir='ltr'>ποθ’</span> <span class='ocrx_word' id='word_1_116' title='bbox 429 1635 457 1685; x_wconf 98' lang='lat'><strong>6</strong></span> <span class='ocrx_word' id='word_1_117' title='bbox 490 1631 641 1703; x_wconf 80' lang='grc' dir='ltr'>ἣλιος</span> <span class='ocrx_word' id='word_1_118' title='bbox 672 1632 774 1702; x_wconf 86' lang='grc' dir='ltr'><strong>τῆς</strong></span> <span class='ocrx_word' id='word_1_119' title='bbox 803 1632 1067 1703; x_wconf 75' lang='grc' dir='ltr'>συνήθους</span> <span class='ocrx_word' id='word_1_120' title='bbox 1115 1631 1346 1702; x_wconf 72' lang='grc' dir='ltr'>ἐκσταίη</span> <span class='ocrx_word' id='word_1_121' title='bbox 1386 1633 1583 1702; x_wconf 78' lang='grc' dir='ltr'>φορᾶς,</span> <span class='ocrx_word' id='word_1_122' title='bbox 1629 1631 1724 1686; x_wconf 76' lang='grc' dir='ltr'>καὶ</span> <span class='ocrx_word' id='word_1_123' title='bbox 1762 1631 1860 1685; x_wconf 78' lang='grc' dir='ltr'><strong>τοῦ</strong></span> 
     </span>
    </p>
   </div>
   <div class='ocr_carea' id='block_1_18' title="bbox 271 1720 1862 1794">
    <p class='ocr_par' dir='ltr' id='par_1_18' title="bbox 271 1720 1862 1794">
     <span class='ocr_line' id='line_1_18' title="bbox 271 1720 1862 1794; baseline 0.001 -20"><span class='ocrx_word' id='word_1_124' title='bbox 271 1723 373 1793; x_wconf 76' lang='grc' dir='ltr'>τὴν</span> <span class='ocrx_word' id='word_1_125' title='bbox 402 1723 492 1775; x_wconf 81' lang='grc' dir='ltr'>ὑπ’</span> <span class='ocrx_word' id='word_1_126' title='bbox 525 1721 756 1794; x_wconf 65' lang='grc' dir='ltr'>ούρανδν</span> <span class='ocrx_word' id='word_1_127' title='bbox 784 1722 968 1775; x_wconf 82' lang='grc' dir='ltr'>πᾶσαν</span> <span class='ocrx_word' id='word_1_128' title='bbox 988 1720 1223 1791; x_wconf 83' lang='grc' dir='ltr'>περιϊὼν</span> <span class='ocrx_word' id='word_1_129' title='bbox 1241 1720 1656 1792; x_wconf 72' lang='grc' dir='ltr'><strong>καταλάμπειν,</strong></span> <span class='ocrx_word' id='word_1_130' title='bbox 1684 1721 1862 1786; x_wconf 80' lang='grc' dir='ltr'>οὕτως</span> 
     </span>
    </p>
   </div>
   <div class='ocr_carea' id='block_1_19' title="bbox 270 1813 1905 1886">
    <p class='ocr_par' dir='ltr' id='par_1_19' title="bbox 270 1813 1905 1886">
     <span class='ocr_line' id='line_1_19' title="bbox 270 1813 1905 1886; baseline -0.001 -17"><span class='ocrx_word' id='word_1_131' title='bbox 270 1818 397 1871; x_wconf 79' lang='grc' dir='ltr'>οὐδὲ</span> <span class='ocrx_word' id='word_1_132' title='bbox 436 1816 525 1871; x_wconf 76' lang='grc' dir='ltr'><strong>τοῦ</strong></span> <span class='ocrx_word' id='word_1_133' title='bbox 559 1819 690 1886; x_wconf 75' lang='grc' dir='ltr'>περὶ</span> <span class='ocrx_word' id='word_1_134' title='bbox 734 1817 882 1886; x_wconf 82' lang='grc' dir='ltr'>ἡμᾶς</span> <span class='ocrx_word' id='word_1_135' title='bbox 934 1814 995 1880; x_wconf 66' lang='grc' dir='ltr'>ἐξ</span> <span class='ocrx_word' id='word_1_136' title='bbox 1049 1814 1230 1886; x_wconf 79' lang='grc' dir='ltr'>ἀρχῆς</span> <span class='ocrx_word' id='word_1_137' title='bbox 1281 1814 1467 1867; x_wconf 75' lang='grc' dir='ltr'>οὐτοσὶ</span> <span class='ocrx_word' id='word_1_138' title='bbox 1505 1813 1861 1886; x_wconf 74' lang='grc' dir='ltr'>διακειμένου</span> <span class='ocrx_word' id='word_1_139' title='bbox 1898 1818 1905 1823; x_wconf 80' lang='grc'><em>’</em></span> 
     </span>
    </p>
   </div>
   <div class='ocr_carea' id='block_1_20' title="bbox 1966 610 3556 687">
    <p class='ocr_par' dir='ltr' id='par_1_20' title="bbox 1966 610 3556 687">
     <span class='ocr_line' id='line_1_20' title="bbox 1966 610 3556 687; baseline 0.003 -19"><span class='ocrx_word' id='word_1_140' title='bbox 1966 610 2164 669; x_wconf 67' lang='lat' dir='ltr'><strong>divina:</strong></span> <span class='ocrx_word' id='word_1_141' title='bbox 2199 612 2337 668; x_wconf 89' lang='lat' dir='ltr'><strong>lucis</strong></span> <span class='ocrx_word' id='word_1_142' title='bbox 2364 611 2594 683; x_wconf 76' lang='lat' dir='ltr'><strong>fulgore,</strong></span> <span class='ocrx_word' id='word_1_143' title='bbox 2664 611 2818 666; x_wconf 92' lang='lat' dir='ltr'><strong>nullo</strong></span> <span class='ocrx_word' id='word_1_144' title='bbox 2856 611 3183 681; x_wconf 87' lang='lat' dir='ltr'><strong>interposito</strong></span> <span class='ocrx_word' id='word_1_145' title='bbox 3240 614 3556 687; x_wconf 86' lang='lat' dir='ltr'><strong>obstaculo,</strong></span> 
     </span>
    </p>
   </div>
   <div class='ocr_carea' id='block_1_21' title="bbox 1966 705 3556 781">
    <p class='ocr_par' dir='ltr' id='par_1_21' title="bbox 1966 705 3556 781">
     <span class='ocr_line' id='line_1_21' title="bbox 1966 705 3556 781; baseline 0.004 -20"><span class='ocrx_word' id='word_1_146' title='bbox 1966 714 2270 774; x_wconf 87' lang='lat' dir='ltr'><strong>saturatus,</strong></span> <span class='ocrx_word' id='word_1_147' title='bbox 2320 720 2422 761; x_wconf 89' lang='lat' dir='ltr'><strong>nos</strong></span> <span class='ocrx_word' id='word_1_148' title='bbox 2467 705 2777 776; x_wconf 88' lang='lat' dir='ltr'><strong>dereliquit,</strong></span> <span class='ocrx_word' id='word_1_149' title='bbox 2820 708 2914 763; x_wconf 87' lang='lat' dir='ltr'><strong>sed</strong></span> <span class='ocrx_word' id='word_1_150' title='bbox 2943 707 3200 779; x_wconf 88' lang='lat' dir='ltr'><strong>desuper,</strong></span> <span class='ocrx_word' id='word_1_151' title='bbox 3247 710 3396 766; x_wconf 92' lang='lat' dir='ltr'><strong>velut</strong></span> <span class='ocrx_word' id='word_1_152' title='bbox 3419 726 3556 781; x_wconf 67' lang='lat' dir='ltr'><strong>pra:-</strong></span> 
     </span>
    </p>
   </div>
   <div class='ocr_carea' id='block_1_22' title="bbox 1966 803 3561 874">
    <p class='ocr_par' dir='ltr' id='par_1_22' title="bbox 1966 803 3561 874">
     <span class='ocr_line' id='line_1_22' title="bbox 1966 803 3561 874; baseline 0.005 -21"><span class='ocrx_word' id='word_1_153' title='bbox 1966 812 2135 866; x_wconf 88' lang='lat' dir='ltr'><strong>sens,</strong></span> <span class='ocrx_word' id='word_1_154' title='bbox 2190 813 2297 854; x_wconf 30' lang='lat' dir='ltr'><strong>sres</strong></span> <span class='ocrx_word' id='word_1_155' title='bbox 2359 806 2582 856; x_wconf 88' lang='lat' dir='ltr'><strong>nostras</strong></span> <span class='ocrx_word' id='word_1_156' title='bbox 2654 807 2948 857; x_wconf 90' lang='lat' dir='ltr'><strong>contuetur</strong></span> <span class='ocrx_word' id='word_1_157' title='bbox 3019 810 3075 861; x_wconf 86' lang='lat' dir='ltr'><strong>et</strong></span> <span class='ocrx_word' id='word_1_158' title='bbox 3150 803 3452 874; x_wconf 74' lang='lat' dir='ltr'><strong>gubernat,</strong></span> <span class='ocrx_word' id='word_1_159' title='bbox 3504 813 3561 861; x_wconf 86' lang='lat' dir='ltr'><strong>et</strong></span> 
     </span>
    </p>
   </div>
   <div class='ocr_carea' id='block_1_23' title="bbox 1965 889 3559 963">
    <p class='ocr_par' dir='ltr' id='par_1_23' title="bbox 1965 889 3559 963">
     <span class='ocr_line' id='line_1_23' title="bbox 1965 889 3559 963; baseline 0.004 -17"><span class='ocrx_word' id='word_1_160' title='bbox 1965 890 2283 961; x_wconf 84' lang='lat' dir='ltr'><strong>sospitalem</strong></span> <span class='ocrx_word' id='word_1_161' title='bbox 2333 889 2495 951; x_wconf 83' lang='lat' dir='ltr'><strong>nobis</strong></span> <span class='ocrx_word' id='word_1_162' title='bbox 2576 892 2876 963; x_wconf 76' lang='lat' dir='ltr'><strong>pratpandit</strong></span> <span class='ocrx_word' id='word_1_163' title='bbox 2931 908 3175 960; x_wconf 87' lang='lat' dir='ltr'><strong>manum,</strong></span> <span class='ocrx_word' id='word_1_164' title='bbox 3212 895 3342 952; x_wconf 89' lang='lat' dir='ltr'><strong>dum</strong></span> <span class='ocrx_word' id='word_1_165' title='bbox 3413 913 3559 954; x_wconf 84' lang='lat' dir='ltr'><strong>nunc</strong></span> 
     </span>
    </p>
   </div>
   <div class='ocr_carea' id='block_1_24' title="bbox 1965 984 3557 1056">
    <p class='ocr_par' dir='ltr' id='par_1_24' title="bbox 1965 984 3557 1056">
     <span class='ocr_line' id='line_1_24' title="bbox 1965 984 3557 1056; baseline 0.004 -17"><span class='ocrx_word' id='word_1_166' title='bbox 1965 984 2349 1056; x_wconf 81' lang='lat' dir='ltr'><strong>ingruentibus</strong></span> <span class='ocrx_word' id='word_1_167' title='bbox 2393 984 2553 1040; x_wconf 87' lang='lat' dir='ltr'><strong>malis</strong></span> <span class='ocrx_word' id='word_1_168' title='bbox 2608 986 2795 1055; x_wconf 84' lang='lat' dir='ltr'><strong>eripit,</strong></span> <span class='ocrx_word' id='word_1_169' title='bbox 2848 994 2907 1043; x_wconf 89' lang='lat' dir='ltr'><strong>et</strong></span> <span class='ocrx_word' id='word_1_170' title='bbox 2942 987 3172 1043; x_wconf 84' lang='lat' dir='ltr'><strong>adversa</strong></span> <span class='ocrx_word' id='word_1_171' title='bbox 3221 1004 3311 1044; x_wconf 85' lang='lat' dir='ltr'><strong>ac.</strong></span> <span class='ocrx_word' id='word_1_172' title='bbox 3340 999 3557 1045; x_wconf 85' lang='lat' dir='ltr'><strong>contra-</strong></span> 
     </span>
    </p>
   </div>
   <div class='ocr_carea' id='block_1_25' title="bbox 1966 1075 3559 1144">
    <p class='ocr_par' dir='ltr' id='par_1_25' title="bbox 1966 1075 3559 1144">
     <span class='ocr_line' id='line_1_25' title="bbox 1966 1075 3559 1144; baseline 0.002 -14"><span class='ocrx_word' id='word_1_173' title='bbox 1966 1075 2050 1131; x_wconf 88' lang='lat' dir='ltr'><strong>ria</strong></span> <span class='ocrx_word' id='word_1_174' title='bbox 2079 1075 2264 1130; x_wconf 83' lang='lat' dir='ltr'><strong>omnia</strong></span> <span class='ocrx_word' id='word_1_175' title='bbox 2297 1089 2329 1131; x_wconf 91' lang='lat' dir='ltr'><strong>e</strong></span> <span class='ocrx_word' id='word_1_176' title='bbox 2362 1075 2544 1132; x_wconf 87' lang='lat' dir='ltr'><strong>medio</strong></span> <span class='ocrx_word' id='word_1_177' title='bbox 2572 1077 2886 1144; x_wconf 81' lang='lat' dir='ltr'><strong>submovet,</strong></span> <span class='ocrx_word' id='word_1_178' title='bbox 2944 1093 3089 1133; x_wconf 91' lang='lat' dir='ltr'><strong>nunc</strong></span> <span class='ocrx_word' id='word_1_179' title='bbox 3138 1078 3279 1135; x_wconf 88' lang='lat' dir='ltr'><strong>bona</strong></span> <span class='ocrx_word' id='word_1_180' title='bbox 3306 1080 3412 1136; x_wconf 88' lang='lat' dir='ltr'><strong>alia</strong></span> <span class='ocrx_word' id='word_1_181' title='bbox 3465 1095 3559 1136; x_wconf 59' lang='lat' dir='ltr'><strong>suo</strong></span> 
     </span>
    </p>
   </div>
   <div class='ocr_carea' id='block_1_26' title="bbox 1965 1167 3557 1243">
    <p class='ocr_par' dir='ltr' id='par_1_26' title="bbox 1965 1167 3557 1243">
     <span class='ocr_line' id='line_1_26' title="bbox 1965 1167 3557 1243; baseline 0.002 -18"><span class='ocrx_word' id='word_1_182' title='bbox 1965 1183 2064 1241; x_wconf 89' lang='lat' dir='ltr'><strong>per</strong></span> <span class='ocrx_word' id='word_1_183' title='bbox 2091 1168 2199 1226; x_wconf 86' lang='lat' dir='ltr'><strong>alia</strong></span> <span class='ocrx_word' id='word_1_184' title='bbox 2245 1167 2506 1237; x_wconf 82' lang='lat' dir='ltr'><strong>demittit,</strong></span> <span class='ocrx_word' id='word_1_185' title='bbox 2552 1178 2610 1225; x_wconf 89' lang='lat' dir='ltr'><strong>et</strong></span> <span class='ocrx_word' id='word_1_186' title='bbox 2637 1170 2919 1240; x_wconf 81' lang='lat' dir='ltr'><strong>superiora</strong></span> <span class='ocrx_word' id='word_1_187' title='bbox 2953 1171 3217 1228; x_wconf 86' lang='lat' dir='ltr'><strong>beneficia</strong></span> <span class='ocrx_word' id='word_1_188' title='bbox 3274 1173 3400 1228; x_wconf 89' lang='lat' dir='ltr'><strong>aliis</strong></span> <span class='ocrx_word' id='word_1_189' title='bbox 3429 1174 3557 1243; x_wconf 81' lang='lat' dir='ltr'><strong>qui-</strong></span> 
     </span>
    </p>
   </div>
   <div class='ocr_carea' id='block_1_27' title="bbox 1966 1261 3554 1334">
    <p class='ocr_par' dir='ltr' id='par_1_27' title="bbox 1966 1261 3554 1334">
     <span class='ocr_line' id='line_1_27' title="bbox 1966 1261 3554 1334; baseline 0.002 -16"><span class='ocrx_word' id='word_1_190' title='bbox 1966 1261 2195 1319; x_wconf 91' lang='lat' dir='ltr'><strong>busdam</strong></span> <span class='ocrx_word' id='word_1_191' title='bbox 2226 1261 2526 1333; x_wconf 82' lang='lat' dir='ltr'><strong>majoribus</strong></span> <span class='ocrx_word' id='word_1_192' title='bbox 2553 1272 2608 1320; x_wconf 92' lang='lat' dir='ltr'><strong>et</strong></span> <span class='ocrx_word' id='word_1_193' title='bbox 2633 1263 3042 1334; x_wconf 79' lang='lat' dir='ltr'><strong>pulcltrioribus</strong></span> <span class='ocrx_word' id='word_1_194' title='bbox 3072 1266 3554 1322; x_wconf 86' lang='lat' dir='ltr'><strong>accumulat.Tum</strong></span> 
     </span>
    </p>
   </div>
   <div class='ocr_carea' id='block_1_28' title="bbox 1966 1356 3562 1430">
    <p class='ocr_par' dir='ltr' id='par_1_28' title="bbox 1966 1356 3562 1430">
     <span class='ocr_line' id='line_1_28' title="bbox 1966 1356 3562 1430; baseline 0.002 -19"><span class='ocrx_word' id='word_1_195' title='bbox 1966 1370 2098 1412; x_wconf 85' lang='lat' dir='ltr'><strong>vero</strong></span> <span class='ocrx_word' id='word_1_196' title='bbox 2132 1366 2396 1428; x_wconf 63' lang='lat' dir='ltr'><strong>praeterea</strong></span> <span class='ocrx_word' id='word_1_197' title='bbox 2445 1357 2500 1412; x_wconf 92' lang='lat' dir='ltr'><strong>in</strong></span> <span class='ocrx_word' id='word_1_198' title='bbox 2537 1356 2983 1430; x_wconf 77' lang='lat' dir='ltr'><strong>elegantissimis,</strong></span> <span class='ocrx_word' id='word_1_199' title='bbox 3030 1368 3086 1413; x_wconf 90' lang='lat' dir='ltr'><strong>et</strong></span> <span class='ocrx_word' id='word_1_200' title='bbox 3113 1359 3473 1423; x_wconf 84' lang='lat' dir='ltr'><strong>suavissimis,</strong></span> <span class='ocrx_word' id='word_1_201' title='bbox 3503 1368 3562 1414; x_wconf 90' lang='lat' dir='ltr'><strong>et</strong></span> 
     </span>
    </p>
   </div>
   <div class='ocr_carea' id='block_1_29' title="bbox 1967 1446 3558 1519">
    <p class='ocr_par' dir='ltr' id='par_1_29' title="bbox 1967 1446 3558 1519">
     <span class='ocr_line' id='line_1_29' title="bbox 1967 1446 3558 1519; baseline 0.001 -16"><span class='ocrx_word' id='word_1_202' title='bbox 1967 1461 2129 1517; x_wconf 87' lang='lat' dir='ltr'><strong>supra</strong></span> <span class='ocrx_word' id='word_1_203' title='bbox 2155 1446 2559 1504; x_wconf 73' lang='lat' dir='ltr'><strong>aemulationem</strong></span> <span class='ocrx_word' id='word_1_204' title='bbox 2610 1450 2821 1518; x_wconf 88' lang='lat' dir='ltr'><strong>positis,</strong></span> <span class='ocrx_word' id='word_1_205' title='bbox 2869 1449 3090 1519; x_wconf 84' lang='lat' dir='ltr'><strong>scriptis</strong></span> <span class='ocrx_word' id='word_1_206' title='bbox 3125 1450 3264 1516; x_wconf 84' lang='lat' dir='ltr'><strong>suis.</strong></span> <span class='ocrx_word' id='word_1_207' title='bbox 3316 1466 3417 1506; x_wconf 87' lang='lat' dir='ltr'><strong>nos</strong></span> <span class='ocrx_word' id='word_1_208' title='bbox 3452 1467 3558 1505; x_wconf 84' lang='lat' dir='ltr'><strong>non</strong></span> 
     </span>
    </p>
   </div>
   <div class='ocr_carea' id='block_1_30' title="bbox 1967 1538 3564 1611">
    <p class='ocr_par' dir='ltr' id='par_1_30' title="bbox 1967 1538 3564 1611">
     <span class='ocr_line' id='line_1_30' title="bbox 1967 1538 3564 1611; baseline 0.004 -19"><span class='ocrx_word' id='word_1_209' title='bbox 1967 1538 2130 1594; x_wconf 90' lang='lat' dir='ltr'><strong>modo</strong></span> <span class='ocrx_word' id='word_1_210' title='bbox 2187 1540 2254 1594; x_wconf 89' lang='lat' dir='ltr'><strong>ad</strong></span> <span class='ocrx_word' id='word_1_211' title='bbox 2313 1553 2531 1596; x_wconf 86' lang='lat' dir='ltr'><strong>omnem</strong></span> <span class='ocrx_word' id='word_1_212' title='bbox 2580 1540 2801 1598; x_wconf 85' lang='lat' dir='ltr'><strong>virtutis</strong></span> <span class='ocrx_word' id='word_1_213' title='bbox 2859 1542 3102 1611; x_wconf 82' lang='lat' dir='ltr'><strong>speciem</strong></span> <span class='ocrx_word' id='word_1_214' title='bbox 3159 1544 3456 1599; x_wconf 85' lang='lat' dir='ltr'><strong>adhortans</strong></span> <span class='ocrx_word' id='word_1_215' title='bbox 3507 1551 3564 1599; x_wconf 85' lang='lat' dir='ltr'><strong>et</strong></span> 
     </span>
    </p>
   </div>
   <div class='ocr_carea' id='block_1_31' title="bbox 1937 1625 3565 1704">
    <p class='ocr_par' dir='ltr' id='par_1_31' title="bbox 1937 1625 3565 1704">
     <span class='ocr_line' id='line_1_31' title="bbox 1937 1625 3565 1704; baseline 0.003 -19"><span class='ocrx_word' id='word_1_216' title='bbox 1937 1625 2278 1702; x_wconf 76' lang='lat' dir='ltr'><strong>impellens,</strong></span> <span class='ocrx_word' id='word_1_217' title='bbox 2320 1633 2418 1688; x_wconf 91' lang='lat' dir='ltr'><strong>sed</strong></span> <span class='ocrx_word' id='word_1_218' title='bbox 2449 1642 2505 1688; x_wconf 89' lang='lat' dir='ltr'><strong>et</strong></span> <span class='ocrx_word' id='word_1_219' title='bbox 2529 1648 2767 1704; x_wconf 85' lang='lat' dir='ltr'><strong>quonam</strong></span> <span class='ocrx_word' id='word_1_220' title='bbox 2798 1632 2915 1689; x_wconf 62' lang='lat' dir='ltr'><strong>hac</strong></span> <span class='ocrx_word' id='word_1_221' title='bbox 2967 1644 3128 1703; x_wconf 86' lang='lat' dir='ltr'><strong>pacto</strong></span> <span class='ocrx_word' id='word_1_222' title='bbox 3159 1634 3314 1689; x_wconf 79' lang='lat' dir='ltr'><strong>facile</strong></span> <span class='ocrx_word' id='word_1_223' title='bbox 3358 1635 3565 1690; x_wconf 84' lang='lat' dir='ltr'><strong>Obven-</strong></span> 
     </span>
    </p>
   </div>
   <div class='ocr_carea' id='block_1_32' title="bbox 1970 1723 3564 1796">
    <p class='ocr_par' dir='ltr' id='par_1_32' title="bbox 1970 1723 3564 1796">
     <span class='ocr_line' id='line_1_32' title="bbox 1970 1723 3564 1796; baseline 0.003 -18"><span class='ocrx_word' id='word_1_224' title='bbox 1970 1733 2091 1778; x_wconf 89' lang='lat' dir='ltr'><strong>tura</strong></span> <span class='ocrx_word' id='word_1_225' title='bbox 2131 1723 2244 1779; x_wconf 91' lang='lat' dir='ltr'><strong>sint</strong></span> <span class='ocrx_word' id='word_1_226' title='bbox 2272 1733 2733 1790; x_wconf 86' lang='lat' dir='ltr'><strong>commonstrans,</strong></span> <span class='ocrx_word' id='word_1_227' title='bbox 2765 1740 2866 1782; x_wconf 89' lang='lat' dir='ltr'><strong>nos</strong></span> <span class='ocrx_word' id='word_1_228' title='bbox 2920 1727 3080 1782; x_wconf 84' lang='lat' dir='ltr'><strong>nobis</strong></span> <span class='ocrx_word' id='word_1_229' title='bbox 3106 1726 3240 1796; x_wconf 86' lang='lat' dir='ltr'><strong>ipsis</strong></span> <span class='ocrx_word' id='word_1_230' title='bbox 3274 1727 3326 1781; x_wconf 90' lang='lat' dir='ltr'><strong>in</strong></span> <span class='ocrx_word' id='word_1_231' title='bbox 3363 1728 3564 1794; x_wconf 83' lang='lat' dir='ltr'><strong>pietate</strong></span> 
     </span>
    </p>
   </div>
   <div class='ocr_carea' id='block_1_33' title="bbox 1967 1815 3563 1890">
    <p class='ocr_par' dir='ltr' id='par_1_33' title="bbox 1967 1815 3563 1890">
     <span class='ocr_line' id='line_1_33' title="bbox 1967 1815 3563 1890; baseline 0.003 -20"><span class='ocrx_word' id='word_1_232' title='bbox 1967 1829 2093 1885; x_wconf 80' lang='lat' dir='ltr'><strong>erga</strong></span> <span class='ocrx_word' id='word_1_233' title='bbox 2125 1815 2297 1873; x_wconf 91' lang='lat' dir='ltr'><strong>Deum</strong></span> <span class='ocrx_word' id='word_1_234' title='bbox 2352 1817 2603 1874; x_wconf 88' lang='lat' dir='ltr'><strong>meliores</strong></span> <span class='ocrx_word' id='word_1_235' title='bbox 2654 1818 2899 1890; x_wconf 88' lang='lat' dir='ltr'><strong>quotidie</strong></span> <span class='ocrx_word' id='word_1_236' title='bbox 2948 1833 3086 1874; x_wconf 85' lang='lat' dir='ltr'><strong>sane</strong></span> <span class='ocrx_word' id='word_1_237' title='bbox 3134 1818 3329 1887; x_wconf 76' lang='lat' dir='ltr'><strong>efficit,</strong></span> <span class='ocrx_word' id='word_1_238' title='bbox 3384 1828 3563 1875; x_wconf 85' lang='lat' dir='ltr'><strong>retra-</strong></span> 
     </span>
    </p>
   </div>
   <div class='ocr_carea' id='block_1_34' title="bbox 270 1906 1865 1982">
    <p class='ocr_par' dir='ltr' id='par_1_34' title="bbox 270 1906 1859 1982">
     <span class='ocr_line' id='line_1_34' title="bbox 270 1906 1859 1982; baseline -0.001 -19"><span class='ocrx_word' id='word_1_239' title='bbox 270 1911 372 1963; x_wconf 74' lang='grc' dir='ltr'>καὶ</span> <span class='ocrx_word' id='word_1_240' title='bbox 424 1910 573 1977; x_wconf 78' lang='grc' dir='ltr'>ἵλεω,</span> <span class='ocrx_word' id='word_1_241' title='bbox 614 1913 709 1962; x_wconf 83' lang='grc' dir='ltr'>καὶ</span> <span class='ocrx_word' id='word_1_242' title='bbox 735 1908 836 1980; x_wconf 85' lang='grc' dir='ltr'>τῆς</span> <span class='ocrx_word' id='word_1_243' title='bbox 882 1906 1153 1979; x_wconf 77' lang='grc' dir='ltr'>εὐμενοῦς</span> <span class='ocrx_word' id='word_1_244' title='bbox 1190 1906 1424 1978; x_wconf 83' lang='grc' dir='ltr'><strong>ταύτης,</strong></span> <span class='ocrx_word' id='word_1_245' title='bbox 1445 1906 1522 1971; x_wconf 83' lang='grc' dir='ltr'>ὡς</span> <span class='ocrx_word' id='word_1_246' title='bbox 1553 1907 1621 1962; x_wconf 83' lang='grc' dir='ltr'>ἄν</span> <span class='ocrx_word' id='word_1_247' title='bbox 1642 1926 1729 1973; x_wconf 90' lang='grc' dir='ltr'><strong>τις</strong></span> <span class='ocrx_word' id='word_1_248' title='bbox 1759 1910 1859 1982; x_wconf 73' lang='grc' dir='ltr'><strong>φῇ,</strong></span> 
     </span>
    </p>
   </div>
   <div class='ocr_carea' id='block_1_35' title="bbox 1971 1906 3565 1982">
    <p class='ocr_par' dir='ltr' id='par_1_35' title="bbox 1971 1907 3565 1980">
     <span class='ocr_line' id='line_1_35' title="bbox 1971 1907 3565 1980; baseline 0.001 -18"><span class='ocrx_word' id='word_1_249' title='bbox 1971 1907 2108 1964; x_wconf 89' lang='lat' dir='ltr'><strong>hens</strong></span> <span class='ocrx_word' id='word_1_250' title='bbox 2141 1923 2239 1965; x_wconf 89' lang='lat' dir='ltr'><strong>nos</strong></span> <span class='ocrx_word' id='word_1_251' title='bbox 2264 1908 2519 1965; x_wconf 86' lang='lat' dir='ltr'><strong>videlicet</strong></span> <span class='ocrx_word' id='word_1_252' title='bbox 2570 1924 2600 1964; x_wconf 91' lang='lat' dir='ltr'><strong>a</strong></span> <span class='ocrx_word' id='word_1_253' title='bbox 2643 1911 2874 1965; x_wconf 86' lang='lat' dir='ltr'><strong>materia</strong></span> <span class='ocrx_word' id='word_1_254' title='bbox 2922 1909 2989 1965; x_wconf 89' lang='lat' dir='ltr'><strong>ad</strong></span> <span class='ocrx_word' id='word_1_255' title='bbox 3049 1909 3332 1980; x_wconf 84' lang='lat' dir='ltr'><strong>spiritum,</strong></span> <span class='ocrx_word' id='word_1_256' title='bbox 3392 1915 3450 1964; x_wconf 87' lang='lat' dir='ltr'><strong>et</strong></span> <span class='ocrx_word' id='word_1_257' title='bbox 3502 1919 3565 1965; x_wconf 85' lang='lat' dir='ltr'><strong>ut</strong></span> 
     </span>
    </p>
   </div>
   <div class='ocr_carea' id='block_1_36' title="bbox 272 2000 606 2066">
    <p class='ocr_par' dir='ltr' id='par_1_36' title="bbox 272 2000 606 2066">
     <span class='ocr_line' id='line_1_36' title="bbox 272 2000 606 2066; baseline 0.003 -12"><span class='ocrx_word' id='word_1_258' title='bbox 272 2000 606 2066; x_wconf 78' lang='grc' dir='ltr'>ξυντελείας.</span> 
     </span>
    </p>
   </div>
   <div class='ocr_carea' id='block_1_37' title="bbox 1972 2001 3563 2074">
    <p class='ocr_par' dir='ltr' id='par_1_37' title="bbox 1972 2001 3563 2074">
     <span class='ocr_line' id='line_1_37' title="bbox 1972 2001 3563 2074; baseline 0.001 -18"><span class='ocrx_word' id='word_1_259' title='bbox 1972 2001 2206 2058; x_wconf 84' lang='lat' dir='ltr'><strong>mirifica</strong></span> <span class='ocrx_word' id='word_1_260' title='bbox 2247 2003 2411 2073; x_wconf 87' lang='lat' dir='ltr'><strong>plane</strong></span> <span class='ocrx_word' id='word_1_261' title='bbox 2439 2004 2492 2057; x_wconf 92' lang='lat' dir='ltr'><strong>in</strong></span> <span class='ocrx_word' id='word_1_262' title='bbox 2528 2017 2625 2074; x_wconf 88' lang='lat' dir='ltr'><strong>spe</strong></span> <span class='ocrx_word' id='word_1_263' title='bbox 2653 2004 2849 2068; x_wconf 89' lang='lat' dir='ltr'><strong>simus,</strong></span> <span class='ocrx_word' id='word_1_264' title='bbox 2904 2001 3132 2069; x_wconf 87' lang='lat' dir='ltr'><strong>faciens,</strong></span> <span class='ocrx_word' id='word_1_265' title='bbox 3155 2010 3212 2056; x_wconf 87' lang='lat' dir='ltr'><strong>et</strong></span> <span class='ocrx_word' id='word_1_266' title='bbox 3259 2002 3311 2056; x_wconf 91' lang='lat' dir='ltr'><strong>in</strong></span> <span class='ocrx_word' id='word_1_267' title='bbox 3343 2002 3563 2057; x_wconf 84' lang='lat' dir='ltr'><strong>univer-</strong></span> 
     </span>
    </p>
   </div>
   <div class='ocr_carea' id='block_1_38' title="bbox 270 2094 3569 2170">
    <p class='ocr_par' dir='ltr' id='par_1_38' title="bbox 270 2094 3569 2170">
     <span class='ocr_line' id='line_1_38' title="bbox 270 2094 3569 2170; baseline 0.001 -19"><span class='ocrx_word' id='word_1_268' title='bbox 270 2112 394 2152; x_wconf 89' lang='lat' dir='ltr'><strong>sum</strong></span> <span class='ocrx_word' id='word_1_269' title='bbox 433 2097 581 2152; x_wconf 85' lang='lat' dir='ltr'><strong>nullo</strong></span> <span class='ocrx_word' id='word_1_270' title='bbox 614 2104 721 2153; x_wconf 88' lang='lat' dir='ltr'><strong>non</strong></span> <span class='ocrx_word' id='word_1_271' title='bbox 760 2095 1020 2165; x_wconf 89' lang='lat' dir='ltr'><strong>temporis</strong></span> <span class='ocrx_word' id='word_1_272' title='bbox 1046 2103 1346 2160; x_wconf 77' lang='lat' dir='ltr'><strong>momento,</strong></span> <span class='ocrx_word' id='word_1_273' title='bbox 1374 2095 1560 2151; x_wconf 88' lang='lat' dir='ltr'><strong>verbis</strong></span> <span class='ocrx_word' id='word_1_274' title='bbox 1627 2094 1896 2168; x_wconf 81' lang='lat' dir='ltr'><strong>factisque</strong></span> <span class='ocrx_word' id='word_1_275' title='bbox 1970 2098 2111 2156; x_wconf 84' lang='lat' dir='ltr'><strong>bene</strong></span> <span class='ocrx_word' id='word_1_276' title='bbox 2162 2102 2227 2155; x_wconf 90' lang='lat' dir='ltr'><strong>de</strong></span> <span class='ocrx_word' id='word_1_277' title='bbox 2284 2100 2446 2156; x_wconf 89' lang='lat' dir='ltr'><strong>nobis</strong></span> <span class='ocrx_word' id='word_1_278' title='bbox 2502 2114 2740 2156; x_wconf 88' lang='lat' dir='ltr'><strong>merens.</strong></span> <span class='ocrx_word' id='word_1_279' title='bbox 2796 2098 3002 2169; x_wconf 80' lang='lat' dir='ltr'><strong>Nempe</strong></span> <span class='ocrx_word' id='word_1_280' title='bbox 3051 2109 3112 2155; x_wconf 92' lang='lat' dir='ltr'><strong>ut</strong></span> <span class='ocrx_word' id='word_1_281' title='bbox 3161 2114 3437 2170; x_wconf 84' lang='lat' dir='ltr'><strong>nunquam</strong></span> <span class='ocrx_word' id='word_1_282' title='bbox 3497 2102 3569 2156; x_wconf 86' lang='lat' dir='ltr'><strong>de</strong></span> 
     </span>
    </p>
   </div>
   <div class='ocr_carea' id='block_1_39' title="bbox 274 2185 3570 2260">
    <p class='ocr_par' dir='ltr' id='par_1_39' title="bbox 274 2185 3570 2260">
     <span class='ocr_line' id='line_1_39' title="bbox 274 2185 3570 2260; baseline -0.002 -13"><span class='ocrx_word' id='word_1_283' title='bbox 274 2201 533 2248; x_wconf 89' lang='lat' dir='ltr'><strong>consueto</strong></span> <span class='ocrx_word' id='word_1_284' title='bbox 597 2206 760 2247; x_wconf 85' lang='lat' dir='ltr'><strong>cursu</strong></span> <span class='ocrx_word' id='word_1_285' title='bbox 826 2202 930 2245; x_wconf 90' lang='lat' dir='ltr'><strong>suo</strong></span> <span class='ocrx_word' id='word_1_286' title='bbox 975 2188 1055 2242; x_wconf 88' lang='lat' dir='ltr'><strong>sol</strong></span> <span class='ocrx_word' id='word_1_287' title='bbox 1122 2185 1348 2251; x_wconf 86' lang='lat' dir='ltr'><strong>decidit,</strong></span> <span class='ocrx_word' id='word_1_288' title='bbox 1380 2200 1446 2240; x_wconf 90' lang='lat' dir='ltr'><strong>eo</strong></span> <span class='ocrx_word' id='word_1_289' title='bbox 1493 2198 1707 2253; x_wconf 79' lang='lat' dir='ltr'><strong>leuare,</strong></span> <span class='ocrx_word' id='word_1_290' title='bbox 1750 2196 1812 2242; x_wconf 90' lang='lat' dir='ltr'><strong>ut</strong></span> <span class='ocrx_word' id='word_1_291' title='bbox 1895 2203 2139 2255; x_wconf 88' lang='lat' dir='ltr'><strong>omnem,</strong></span> <span class='ocrx_word' id='word_1_292' title='bbox 2189 2205 2312 2260; x_wconf 70' lang='lat' dir='ltr'><strong>qua:</strong></span> <span class='ocrx_word' id='word_1_293' title='bbox 2380 2188 2482 2245; x_wconf 87' lang='lat' dir='ltr'><strong>sub</strong></span> <span class='ocrx_word' id='word_1_294' title='bbox 2543 2189 2685 2246; x_wconf 64' lang='lat' dir='ltr'><strong>coelo</strong></span> <span class='ocrx_word' id='word_1_295' title='bbox 2744 2198 2849 2254; x_wconf 86' lang='lat' dir='ltr'><strong>est,</strong></span> <span class='ocrx_word' id='word_1_296' title='bbox 2917 2189 3248 2245; x_wconf 87' lang='lat' dir='ltr'><strong>circumiens</strong></span> <span class='ocrx_word' id='word_1_297' title='bbox 3296 2189 3570 2246; x_wconf 88' lang='lat' dir='ltr'><strong>illumiuet</strong></span> 
     </span>
    </p>
   </div>
   <div class='ocr_carea' id='block_1_40' title="bbox 277 2281 1277 2354">
    <p class='ocr_par' dir='ltr' id='par_1_40' title="bbox 277 2281 1277 2354">
     <span class='ocr_line' id='line_1_40' title="bbox 277 2281 1277 2354; baseline -0.005 -14"><span class='ocrx_word' id='word_1_298' title='bbox 277 2297 514 2353; x_wconf 87' lang='lat' dir='ltr'><strong>terram;</strong></span> <span class='ocrx_word' id='word_1_299' title='bbox 577 2285 650 2340; x_wconf 82' lang='lat' dir='ltr'><strong>ita</strong></span> <span class='ocrx_word' id='word_1_300' title='bbox 721 2298 898 2354; x_wconf 88' lang='lat' dir='ltr'><strong>neque</strong></span> <span class='ocrx_word' id='word_1_301' title='bbox 954 2281 1277 2351; x_wconf 79' lang='lat' dir='ltr'><strong>Gregorius,</strong></span> 
     </span>
    </p>
   </div>
   <div class='ocr_carea' id='block_1_41' title="bbox 272 2375 1551 2451">
    <p class='ocr_par' dir='ltr' id='par_1_41' title="bbox 272 2375 1551 2451">
     <span class='ocr_line' id='line_1_41' title="bbox 272 2375 1551 2451; baseline -0.004 -14"><span class='ocrx_word' id='word_1_302' title='bbox 272 2395 332 2437; x_wconf 84' lang='lat' dir='ltr'><strong>ut</strong></span> <span class='ocrx_word' id='word_1_303' title='bbox 373 2379 640 2451; x_wconf 85' lang='lat' dir='ltr'><strong>quispiam</strong></span> <span class='ocrx_word' id='word_1_304' title='bbox 679 2377 975 2442; x_wconf 82' lang='lat' dir='ltr'><strong>vocaverit,</strong></span> <span class='ocrx_word' id='word_1_305' title='bbox 1010 2376 1196 2431; x_wconf 84' lang='lat' dir='ltr'><strong>auxilii</strong></span> <span class='ocrx_word' id='word_1_306' title='bbox 1233 2375 1551 2432; x_wconf 86' lang='lat' dir='ltr'><strong>collatione.</strong></span> 
     </span>
    </p>
   </div>
   <div class='ocr_carea' id='block_1_42' title="bbox 340 2467 1855 2540">
    <p class='ocr_par' dir='ltr' id='par_1_42' title="bbox 340 2467 1855 2540">
     <span class='ocr_line' id='line_1_42' title="bbox 340 2467 1855 2540; baseline -0.003 -13"><span class='ocrx_word' id='word_1_307' title='bbox 340 2468 513 2527; x_wconf 76' lang='lat' dir='ltr'><strong>PKZ&#39;.</strong></span> <span class='ocrx_word' id='word_1_308' title='bbox 554 2468 733 2540; x_wconf 80' lang='grc' dir='ltr'><strong>Ίιμᾶς</strong></span> <span class='ocrx_word' id='word_1_309' title='bbox 769 2469 825 2522; x_wconf 85' lang='grc' dir='ltr'>δὲ</span> <span class='ocrx_word' id='word_1_310' title='bbox 867 2468 949 2522; x_wconf 88' lang='grc' dir='ltr'><strong>δεῖ</strong></span> <span class='ocrx_word' id='word_1_311' title='bbox 996 2468 1170 2539; x_wconf 70' lang='grc' dir='ltr'>μικρὰ</span> <span class='ocrx_word' id='word_1_312' title='bbox 1212 2467 1353 2523; x_wconf 78' lang='grc' dir='ltr'>ἄττα</span> <span class='ocrx_word' id='word_1_313' title='bbox 1397 2468 1493 2522; x_wconf 60' lang='grc' dir='ltr'><strong>καὶ¹</strong></span> <span class='ocrx_word' id='word_1_314' title='bbox 1539 2469 1641 2522; x_wconf 85' lang='grc' dir='ltr'>ὅσα</span> <span class='ocrx_word' id='word_1_315' title='bbox 1670 2468 1855 2536; x_wconf 71' lang='grc' dir='ltr'>ἔξεστι</span> 
     </span>
    </p>
   </div>
   <div class='ocr_carea' id='block_1_43' title="bbox 269 2560 1859 2634">
    <p class='ocr_par' dir='ltr' id='par_1_43' title="bbox 269 2560 1859 2634">
     <span class='ocr_line' id='line_1_43' title="bbox 269 2560 1859 2634; baseline -0.002 -14"><span class='ocrx_word' id='word_1_316' title='bbox 269 2567 487 2620; x_wconf 81' lang='grc' dir='ltr'>τουτονὶ</span> <span class='ocrx_word' id='word_1_317' title='bbox 518 2562 943 2634; x_wconf 83' lang='grc' dir='ltr'>προσειπόντας,</span> <span class='ocrx_word' id='word_1_318' title='bbox 981 2560 1154 2615; x_wconf 77' lang='grc' dir='ltr'>ἔπειθ’</span> <span class='ocrx_word' id='word_1_319' title='bbox 1186 2560 1331 2614; x_wconf 78' lang='grc' dir='ltr'>οὕτω</span> <span class='ocrx_word' id='word_1_320' title='bbox 1363 2561 1728 2616; x_wconf 82' lang='grc' dir='ltr'>κατακλεῖσαι</span> <span class='ocrx_word' id='word_1_321' title='bbox 1760 2563 1859 2617; x_wconf 78' lang='grc' dir='ltr'><strong>τὸν</strong></span> 
     </span>
    </p>
   </div>
   <div class='ocr_carea' id='block_1_44' title="bbox 268 2657 1861 2732">
    <p class='ocr_par' dir='ltr' id='par_1_44' title="bbox 268 2657 1861 2732">
     <span class='ocr_line' id='line_1_44' title="bbox 268 2657 1861 2732; baseline -0.003 -16"><span class='ocrx_word' id='word_1_322' title='bbox 268 2663 455 2731; x_wconf 83' lang='grc' dir='ltr'>λόγον.</span> <span class='ocrx_word' id='word_1_323' title='bbox 496 2661 726 2732; x_wconf 82' lang='grc' dir='ltr'>Χαίροις</span> <span class='ocrx_word' id='word_1_324' title='bbox 781 2660 810 2711; x_wconf 90' lang='lat'><strong>6</strong></span> <span class='ocrx_word' id='word_1_325' title='bbox 860 2657 1074 2729; x_wconf 79' lang='grc' dir='ltr'>χαίρειν</span> <span class='ocrx_word' id='word_1_326' title='bbox 1121 2658 1263 2728; x_wconf 80' lang='grc' dir='ltr'>ὑπὲρ</span> <span class='ocrx_word' id='word_1_327' title='bbox 1299 2658 1512 2718; x_wconf 80' lang='grc' dir='ltr'>πάντας</span> <span class='ocrx_word' id='word_1_328' title='bbox 1559 2657 1861 2730; x_wconf 79' lang='grc' dir='ltr'><strong>ἀξιόχρεως</strong></span> 
     </span>
    </p>
   </div>
   <div class='ocr_carea' id='block_1_45' title="bbox 268 2747 1861 2823">
    <p class='ocr_par' dir='ltr' id='par_1_45' title="bbox 268 2747 1861 2823">
     <span class='ocr_line' id='line_1_45' title="bbox 268 2747 1861 2823; baseline -0.004 -14"><span class='ocrx_word' id='word_1_329' title='bbox 268 2754 372 2818; x_wconf 84' lang='grc' dir='ltr'>ὣν,</span> <span class='ocrx_word' id='word_1_330' title='bbox 404 2752 490 2807; x_wconf 74' lang='grc' dir='ltr'>ἅθ’</span> <span class='ocrx_word' id='word_1_331' title='bbox 516 2752 656 2823; x_wconf 81' lang='grc' dir='ltr'>ὑπὲρ</span> <span class='ocrx_word' id='word_1_332' title='bbox 685 2751 896 2814; x_wconf 81' lang='grc' dir='ltr'>πάντας</span> <span class='ocrx_word' id='word_1_333' title='bbox 929 2749 1340 2820; x_wconf 76' lang='grc' dir='ltr'>κεχαρισμένος</span> <span class='ocrx_word' id='word_1_334' title='bbox 1374 2747 1517 2821; x_wconf 82' lang='grc' dir='ltr'><strong>Θεῷ.</strong></span> <span class='ocrx_word' id='word_1_335' title='bbox 1553 2749 1788 2819; x_wconf 83' lang='grc' dir='ltr'>Χαίροις</span> <span class='ocrx_word' id='word_1_336' title='bbox 1832 2748 1861 2802; x_wconf 85' lang='lat'><strong>6</strong></span> 
     </span>
    </p>
   </div>
   <div class='ocr_carea' id='block_1_46' title="bbox 269 2840 1858 2918">
    <p class='ocr_par' dir='ltr' id='par_1_46' title="bbox 269 2840 1858 2918">
     <span class='ocr_line' id='line_1_46' title="bbox 269 2840 1858 2918; baseline -0.004 -16"><span class='ocrx_word' id='word_1_337' title='bbox 269 2848 470 2904; x_wconf 86' lang='grc' dir='ltr'>τούτου</span> <span class='ocrx_word' id='word_1_338' title='bbox 503 2846 663 2918; x_wconf 88' lang='grc' dir='ltr'>χάριν</span> <span class='ocrx_word' id='word_1_339' title='bbox 715 2844 897 2899; x_wconf 88' lang='grc' dir='ltr'>πάντα</span> <span class='ocrx_word' id='word_1_340' title='bbox 952 2845 1116 2896; x_wconf 80' lang='grc' dir='ltr'>πόνον</span> <span class='ocrx_word' id='word_1_341' title='bbox 1173 2842 1479 2913; x_wconf 81' lang='grc' dir='ltr'>ὑπομείνας</span> <span class='ocrx_word' id='word_1_342' title='bbox 1512 2840 1858 2913; x_wconf 75' lang='grc' dir='ltr'>τοπρόσθενο</span> 
     </span>
    </p>
   </div>
   <div class='ocr_carea' id='block_1_47' title="bbox 270 2934 1861 3012">
    <p class='ocr_par' dir='ltr' id='par_1_47' title="bbox 270 2934 1861 3012">
     <span class='ocr_line' id='line_1_47' title="bbox 270 2934 1861 3012; baseline -0.006 -14"><span class='ocrx_word' id='word_1_343' title='bbox 270 2945 371 2998; x_wconf 74' lang='grc' dir='ltr'><strong>καὶ</strong></span> <span class='ocrx_word' id='word_1_344' title='bbox 417 2942 629 3012; x_wconf 86' lang='grc' dir='ltr'>χαίρων</span> <span class='ocrx_word' id='word_1_345' title='bbox 686 2937 762 3002; x_wconf 82' lang='grc' dir='ltr'>ὡς</span> <span class='ocrx_word' id='word_1_346' title='bbox 800 2934 1021 3009; x_wconf 70' lang='grc' dir='ltr'>ἁληθιῖῖς</span> <span class='ocrx_word' id='word_1_347' title='bbox 1075 2939 1197 3000; x_wconf 83' lang='grc' dir='ltr'>ταῖς</span> <span class='ocrx_word' id='word_1_348' title='bbox 1232 2936 1469 3001; x_wconf 73' lang='grc' dir='ltr'>ἐλπίσιν,</span> <span class='ocrx_word' id='word_1_349' title='bbox 1530 2937 1603 3000; x_wconf 85' lang='grc' dir='ltr'><strong>ὼς</strong></span> <span class='ocrx_word' id='word_1_350' title='bbox 1643 2935 1861 3009; x_wconf 83' lang='grc' dir='ltr'>χαίρειν</span> 
     </span>
    </p>
   </div>
   <div class='ocr_carea' id='block_1_48' title="bbox 270 3022 1863 3100">
    <p class='ocr_par' dir='ltr' id='par_1_48' title="bbox 270 3022 1863 3100">
     <span class='ocr_line' id='line_1_48' title="bbox 270 3022 1863 3100; baseline -0.006 -10"><span class='ocrx_word' id='word_1_351' title='bbox 270 3036 428 3090; x_wconf 80' lang='grc' dir='ltr'>ὲσαεί</span> <span class='ocrx_word' id='word_1_352' title='bbox 462 3050 547 3088; x_wconf 92' lang='grc' dir='ltr'><strong>σοι</strong></span> <span class='ocrx_word' id='word_1_353' title='bbox 603 3032 902 3100; x_wconf 80' lang='grc' dir='ltr'>παρέσται.</span> <span class='ocrx_word' id='word_1_354' title='bbox 957 3029 1189 3098; x_wconf 82' lang='grc' dir='ltr'>Χαίροις</span> <span class='ocrx_word' id='word_1_355' title='bbox 1225 3031 1254 3082; x_wconf 91' lang='lat'><strong>6</strong></span> <span class='ocrx_word' id='word_1_356' title='bbox 1307 3029 1374 3083; x_wconf 91' lang='grc' dir='ltr'>δι’</span> <span class='ocrx_word' id='word_1_357' title='bbox 1408 3022 1484 3083; x_wconf 82' lang='grc' dir='ltr'>ὧν</span> <span class='ocrx_word' id='word_1_358' title='bbox 1532 3028 1636 3097; x_wconf 80' lang='grc' dir='ltr'>μὲν</span> <span class='ocrx_word' id='word_1_359' title='bbox 1682 3028 1863 3082; x_wconf 86' lang='grc' dir='ltr'>πάντα</span> 
     </span>
    </p>
   </div>
   <div class='ocr_carea' id='block_1_49' title="bbox 271 3119 1866 3198">
    <p class='ocr_par' dir='ltr' id='par_1_49' title="bbox 271 3119 1866 3198">
     <span class='ocr_line' id='line_1_49' title="bbox 271 3119 1866 3198; baseline -0.006 -13"><span class='ocrx_word' id='word_1_360' title='bbox 271 3130 497 3185; x_wconf 83' lang='grc' dir='ltr'>πάντων</span> <span class='ocrx_word' id='word_1_361' title='bbox 522 3127 745 3198; x_wconf 75' lang='grc' dir='ltr'>ἄριστος</span> <span class='ocrx_word' id='word_1_362' title='bbox 789 3119 860 3189; x_wconf 79' lang='grc' dir='ltr'>εἷ,</span> <span class='ocrx_word' id='word_1_363' title='bbox 900 3123 1115 3187; x_wconf 83' lang='grc' dir='ltr'>πάντας</span> <span class='ocrx_word' id='word_1_364' title='bbox 1145 3122 1553 3194; x_wconf 84' lang='grc' dir='ltr'>συγχαίροντας</span> <span class='ocrx_word' id='word_1_365' title='bbox 1600 3121 1762 3192; x_wconf 75' lang='grc' dir='ltr'>ἔχων,</span> <span class='ocrx_word' id='word_1_366' title='bbox 1794 3121 1866 3176; x_wconf 87' lang='grc' dir='ltr'>δι’</span> 
     </span>
    </p>
   </div>
   <div class='ocr_carea' id='block_1_50' title="bbox 270 3215 1858 3288">
    <p class='ocr_par' dir='ltr' id='par_1_50' title="bbox 270 3215 1858 3288">
     <span class='ocr_line' id='line_1_50' title="bbox 270 3215 1858 3288; baseline -0.006 -10"><span class='ocrx_word' id='word_1_367' title='bbox 270 3217 348 3278; x_wconf 79' lang='grc' dir='ltr'>ὧν</span> <span class='ocrx_word' id='word_1_368' title='bbox 399 3220 457 3275; x_wconf 74' lang='grc' dir='ltr'>δὲ</span> <span class='ocrx_word' id='word_1_369' title='bbox 490 3219 697 3282; x_wconf 81' lang='grc' dir='ltr'>πάντας</span> <span class='ocrx_word' id='word_1_370' title='bbox 731 3217 1138 3288; x_wconf 87' lang='grc' dir='ltr'>συγχαίροντας</span> <span class='ocrx_word' id='word_1_371' title='bbox 1188 3215 1358 3285; x_wconf 84' lang='grc' dir='ltr'>ἔχεις,</span> <span class='ocrx_word' id='word_1_372' title='bbox 1403 3218 1585 3270; x_wconf 81' lang='grc' dir='ltr'>πάντα</span> <span class='ocrx_word' id='word_1_373' title='bbox 1637 3215 1858 3270; x_wconf 88' lang='grc' dir='ltr'>πάντων</span> 
     </span>
    </p>
   </div>
   <div class='ocr_carea' id='block_1_51' title="bbox 270 3307 1932 3399">
    <p class='ocr_par' dir='ltr' id='par_1_51' title="bbox 270 3307 1932 3399">
     <span class='ocr_line' id='line_1_51' title="bbox 270 3307 1932 3399; baseline -0.007 -29"><span class='ocrx_word' id='word_1_374' title='bbox 270 3316 501 3386; x_wconf 78' lang='grc' dir='ltr'>ἄριστος</span> <span class='ocrx_word' id='word_1_375' title='bbox 530 3309 605 3364; x_wconf 80' lang='grc' dir='ltr'>ὢν</span> <span class='ocrx_word' id='word_1_376' title='bbox 628 3328 643 3344; x_wconf 86' lang='grc'><strong>·</strong></span> <span class='ocrx_word' id='word_1_377' title='bbox 686 3310 782 3365; x_wconf 74' lang='grc' dir='ltr'><strong>καὶ</strong></span> <span class='ocrx_word' id='word_1_378' title='bbox 810 3310 921 3380; x_wconf 85' lang='grc' dir='ltr'>μὴν</span> <span class='ocrx_word' id='word_1_379' title='bbox 952 3309 1029 3371; x_wconf 88' lang='grc' dir='ltr'>ὼς</span> <span class='ocrx_word' id='word_1_380' title='bbox 1061 3307 1212 3378; x_wconf 85' lang='grc' dir='ltr'><strong>αὐτῷ</strong></span> <span class='ocrx_word' id='word_1_381' title='bbox 1240 3325 1322 3361; x_wconf 89' lang='grc' dir='ltr'>σοι</span> <span class='ocrx_word' id='word_1_382' title='bbox 1356 3308 1574 3379; x_wconf 84' lang='grc' dir='ltr'>χαίρειν</span> <span class='ocrx_word' id='word_1_383' title='bbox 1605 3307 1863 3376; x_wconf 81' lang='grc' dir='ltr'>περίεστι</span> <span class='ocrx_word' id='word_1_384' title='bbox 1885 3337 1932 3399; x_wconf 77' lang='lat' dir='ltr'>C</span> 
     </span>
    </p>
   </div>
   <div class='ocr_carea' id='block_1_52' title="bbox 269 3401 1861 3479">
    <p class='ocr_par' dir='ltr' id='par_1_52' title="bbox 269 3401 1861 3479">
     <span class='ocr_line' id='line_1_52' title="bbox 269 3401 1861 3479; baseline -0.008 -14"><span class='ocrx_word' id='word_1_385' title='bbox 269 3409 371 3479; x_wconf 82' lang='grc' dir='ltr'><strong>τῆς</strong></span> <span class='ocrx_word' id='word_1_386' title='bbox 402 3405 631 3477; x_wconf 83' lang='grc' dir='ltr'>Τριάδος</span> <span class='ocrx_word' id='word_1_387' title='bbox 668 3404 1055 3474; x_wconf 84' lang='grc' dir='ltr'>ὑπερασπιστῇ</span> <span class='ocrx_word' id='word_1_388' title='bbox 1085 3406 1364 3471; x_wconf 79' lang='grc' dir='ltr'>γεγονότι,</span> <span class='ocrx_word' id='word_1_389' title='bbox 1400 3401 1547 3456; x_wconf 68' lang='grc' dir='ltr'>οὕτω</span> <span class='ocrx_word' id='word_1_390' title='bbox 1582 3420 1668 3455; x_wconf 90' lang='grc' dir='ltr'><strong>σοι</strong></span> <span class='ocrx_word' id='word_1_391' title='bbox 1695 3401 1861 3456; x_wconf 87' lang='grc' dir='ltr'>πάλιν</span> 
     </span>
    </p>
   </div>
   <div class='ocr_carea' id='block_1_53' title="bbox 278 3492 1864 3569">
    <p class='ocr_par' dir='ltr' id='par_1_53' title="bbox 278 3492 1864 3569">
     <span class='ocr_line' id='line_1_53' title="bbox 278 3492 1864 3569; baseline -0.006 -14"><span class='ocrx_word' id='word_1_392' title='bbox 278 3498 564 3569; x_wconf 64' lang='grc' dir='ltr'>σλιγχαίρει</span> <span class='ocrx_word' id='word_1_393' title='bbox 604 3500 703 3568; x_wconf 76' lang='grc' dir='ltr'>μὲν</span> <span class='ocrx_word' id='word_1_394' title='bbox 742 3498 775 3567; x_wconf 83' lang='grc' dir='ltr'><strong>ή</strong></span> <span class='ocrx_word' id='word_1_395' title='bbox 812 3495 1009 3566; x_wconf 84' lang='grc' dir='ltr'>Τριὰς,</span> <span class='ocrx_word' id='word_1_396' title='bbox 1046 3495 1412 3566; x_wconf 85' lang='grc' dir='ltr'>συγχαίρουσι</span> <span class='ocrx_word' id='word_1_397' title='bbox 1442 3493 1500 3547; x_wconf 77' lang='grc' dir='ltr'>δὲ</span> <span class='ocrx_word' id='word_1_398' title='bbox 1527 3495 1634 3557; x_wconf 83' lang='grc' dir='ltr'>πᾶς</span> <span class='ocrx_word' id='word_1_399' title='bbox 1663 3494 1691 3545; x_wconf 91' lang='lat'><strong>6</strong></span> <span class='ocrx_word' id='word_1_400' title='bbox 1730 3492 1864 3565; x_wconf 77' lang='grc' dir='ltr'>περὶ</span> 
     </span>
    </p>
   </div>
   <div class='ocr_carea' id='block_1_54' title="bbox 281 3577 1862 3662">
    <p class='ocr_par' dir='ltr' id='par_1_54' title="bbox 281 3577 1862 3662">
     <span class='ocr_line' id='line_1_54' title="bbox 281 3577 1862 3662; baseline -0.006 -16"><span class='ocrx_word' id='word_1_401' title='bbox 281 3593 444 3662; x_wconf 76' lang='grc' dir='ltr'>αὐτὴν</span> <span class='ocrx_word' id='word_1_402' title='bbox 486 3590 597 3643; x_wconf 88' lang='grc' dir='ltr'>τῶν</span> <span class='ocrx_word' id='word_1_403' title='bbox 634 3588 891 3658; x_wconf 86' lang='grc' dir='ltr'>ἀγγέλων</span> <span class='ocrx_word' id='word_1_404' title='bbox 939 3585 1262 3657; x_wconf 86' lang='grc' dir='ltr'>διάκοσμος.</span> <span class='ocrx_word' id='word_1_405' title='bbox 1310 3585 1379 3637; x_wconf 85' lang='grc' dir='ltr'>Ἠ</span> <span class='ocrx_word' id='word_1_406' title='bbox 1432 3584 1555 3654; x_wconf 71' lang='grc' dir='ltr'>μὲν,</span> <span class='ocrx_word' id='word_1_407' title='bbox 1607 3582 1731 3639; x_wconf 82' lang='grc' dir='ltr'>ἀνθ’</span> <span class='ocrx_word' id='word_1_408' title='bbox 1784 3577 1862 3637; x_wconf 81' lang='grc' dir='ltr'>ὧν</span> 
     </span>
    </p>
   </div>
   <div class='ocr_carea' id='block_1_55' title="bbox 283 3676 1866 3752">
    <p class='ocr_par' dir='ltr' id='par_1_55' title="bbox 283 3676 1866 3752">
     <span class='ocr_line' id='line_1_55' title="bbox 283 3676 1866 3752; baseline -0.006 -13"><span class='ocrx_word' id='word_1_409' title='bbox 283 3686 456 3747; x_wconf 84' lang='grc' dir='ltr'>πάσας</span> <span class='ocrx_word' id='word_1_410' title='bbox 485 3684 584 3747; x_wconf 80' lang='grc' dir='ltr'><strong>τὰς</strong></span> <span class='ocrx_word' id='word_1_411' title='bbox 614 3682 725 3736; x_wconf 84' lang='grc' dir='ltr'>τῶν</span> <span class='ocrx_word' id='word_1_412' title='bbox 759 3680 1154 3752; x_wconf 78' lang='grc' dir='ltr'>αίρετιζόντων</span> <span class='ocrx_word' id='word_1_413' title='bbox 1205 3678 1473 3748; x_wconf 85' lang='grc' dir='ltr'>τερθρίας</span> <span class='ocrx_word' id='word_1_414' title='bbox 1520 3676 1711 3739; x_wconf 85' lang='grc' dir='ltr'>κακῶς</span> <span class='ocrx_word' id='word_1_415' title='bbox 1763 3676 1866 3729; x_wconf 85' lang='grc' dir='ltr'>αύ-</span> 
     </span>
    </p>
   </div>
   <div class='ocr_carea' id='block_1_56' title="bbox 274 3766 1865 3849">
    <p class='ocr_par' dir='ltr' id='par_1_56' title="bbox 274 3766 1865 3849">
     <span class='ocr_line' id='line_1_56' title="bbox 274 3766 1865 3849; baseline -0.008 -17"><span class='ocrx_word' id='word_1_416' title='bbox 274 3778 377 3849; x_wconf 80' lang='grc' dir='ltr'>τήν</span> <span class='ocrx_word' id='word_1_417' title='bbox 412 3775 753 3848; x_wconf 84' lang='grc' dir='ltr'>διαιρούσας,</span> <span class='ocrx_word' id='word_1_418' title='bbox 799 3772 1017 3844; x_wconf 85' lang='grc' dir='ltr'>χαίρειν</span> <span class='ocrx_word' id='word_1_419' title='bbox 1047 3769 1312 3834; x_wconf 80' lang='grc' dir='ltr'>καθάπαξ</span> <span class='ocrx_word' id='word_1_420' title='bbox 1355 3768 1548 3833; x_wconf 85' lang='grc' dir='ltr'>ἐάσας,</span> <span class='ocrx_word' id='word_1_421' title='bbox 1584 3766 1661 3830; x_wconf 86' lang='grc' dir='ltr'><strong>ὡς</strong></span> <span class='ocrx_word' id='word_1_422' title='bbox 1695 3767 1865 3838; x_wconf 80' lang='grc' dir='ltr'>μηδὲν</span> 
     </span>
    </p>
   </div>
   <div class='ocr_carea' id='block_1_57' title="bbox 272 3857 1866 3940">
    <p class='ocr_par' dir='ltr' id='par_1_57' title="bbox 272 3857 1866 3940">
     <span class='ocr_line' id='line_1_57' title="bbox 272 3857 1866 3940; baseline -0.008 -16"><span class='ocrx_word' id='word_1_423' title='bbox 272 3871 451 3940; x_wconf 70' lang='grc' dir='ltr'>ὑγιὲς,</span> <span class='ocrx_word' id='word_1_424' title='bbox 504 3869 675 3922; x_wconf 79' lang='grc' dir='ltr'>πᾶσιν</span> <span class='ocrx_word' id='word_1_425' title='bbox 725 3865 861 3935; x_wconf 76' lang='grc' dir='ltr'>ἡμῖν</span> <span class='ocrx_word' id='word_1_426' title='bbox 904 3864 1125 3934; x_wconf 79' lang='grc' dir='ltr'>χαίρειν</span> <span class='ocrx_word' id='word_1_427' title='bbox 1179 3860 1506 3932; x_wconf 77' lang='grc' dir='ltr'>παρέσχες,</span> <span class='ocrx_word' id='word_1_428' title='bbox 1556 3857 1702 3913; x_wconf 75' lang='grc' dir='ltr'><strong>ἃδεῖ</strong></span> <span class='ocrx_word' id='word_1_429' title='bbox 1735 3857 1866 3930; x_wconf 78' lang='grc' dir='ltr'>περὶ</span> 
     </span>
    </p>
   </div>
   <div class='ocr_carea' id='block_1_58' title="bbox 268 3949 1866 4034">
    <p class='ocr_par' dir='ltr' id='par_1_58' title="bbox 268 3949 1866 4034">
     <span class='ocr_line' id='line_1_58' title="bbox 268 3949 1866 4034; baseline -0.009 -18"><span class='ocrx_word' id='word_1_430' title='bbox 268 3964 441 4034; x_wconf 78' lang='grc' dir='ltr'>αὐτῆς</span> <span class='ocrx_word' id='word_1_431' title='bbox 461 3960 643 4028; x_wconf 78' lang='grc' dir='ltr'>λέγειν</span> <span class='ocrx_word' id='word_1_432' title='bbox 673 3959 768 4013; x_wconf 72' lang='grc' dir='ltr'>καὶ</span> <span class='ocrx_word' id='word_1_433' title='bbox 787 3959 1011 4029; x_wconf 83' lang='grc' dir='ltr'>φρονεῖν</span> <span class='ocrx_word' id='word_1_434' title='bbox 1029 3954 1388 4026; x_wconf 83' lang='grc' dir='ltr'>δογματίσας’</span> <span class='ocrx_word' id='word_1_435' title='bbox 1419 3950 1646 4021; x_wconf 68' lang='grc' dir='ltr'>ἄγγελοι</span> <span class='ocrx_word' id='word_1_436' title='bbox 1663 3950 1742 4017; x_wconf 82' lang='grc' dir='ltr'><strong>δὲ,</strong></span> <span class='ocrx_word' id='word_1_437' title='bbox 1767 3949 1866 4003; x_wconf 74' lang='grc' dir='ltr'><strong>καὶ</strong></span> 
     </span>
    </p>
   </div>
   <div class='ocr_carea' id='block_1_59' title="bbox 268 4044 1859 4123">
    <p class='ocr_par' dir='ltr' id='par_1_59' title="bbox 268 4044 1859 4123">
     <span class='ocr_line' id='line_1_59' title="bbox 268 4044 1859 4123; baseline -0.009 -13"><span class='ocrx_word' id='word_1_438' title='bbox 268 4059 481 4110; x_wconf 81' lang='grc' dir='ltr'>τούτων</span> <span class='ocrx_word' id='word_1_439' title='bbox 511 4054 609 4123; x_wconf 78' lang='grc' dir='ltr'><strong>μὲν</strong></span> <span class='ocrx_word' id='word_1_440' title='bbox 639 4052 859 4116; x_wconf 82' lang='grc' dir='ltr'>εἵνεκα,</span> <span class='ocrx_word' id='word_1_441' title='bbox 895 4048 1081 4119; x_wconf 84' lang='grc' dir='ltr'>πολλῷ</span> <span class='ocrx_word' id='word_1_442' title='bbox 1115 4048 1175 4101; x_wconf 80' lang='grc' dir='ltr'>δὲ</span> <span class='ocrx_word' id='word_1_443' title='bbox 1223 4047 1388 4100; x_wconf 81' lang='grc' dir='ltr'>πλέον</span> <span class='ocrx_word' id='word_1_444' title='bbox 1440 4047 1526 4100; x_wconf 85' lang='grc' dir='ltr'>ὅτι</span> <span class='ocrx_word' id='word_1_445' title='bbox 1582 4044 1859 4098; x_wconf 87' lang='grc' dir='ltr'>τάκείνων</span> 
     </span>
    </p>
   </div>
   <div class='ocr_carea' id='block_1_60' title="bbox 271 4138 1868 4222">
    <p class='ocr_par' dir='ltr' id='par_1_60' title="bbox 271 4138 1868 4222">
     <span class='ocr_line' id='line_1_60' title="bbox 271 4138 1868 4222; baseline -0.009 -17"><span class='ocrx_word' id='word_1_446' title='bbox 271 4151 418 4222; x_wconf 75' lang='grc' dir='ltr'>μετὰ</span> <span class='ocrx_word' id='word_1_447' title='bbox 463 4150 563 4218; x_wconf 82' lang='grc' dir='ltr'>τῆς</span> <span class='ocrx_word' id='word_1_448' title='bbox 616 4146 751 4217; x_wconf 72' lang='grc' dir='ltr'>ὕλης</span> <span class='ocrx_word' id='word_1_449' title='bbox 803 4143 1045 4216; x_wconf 83' lang='grc' dir='ltr'>πρόσθεν</span> <span class='ocrx_word' id='word_1_450' title='bbox 1093 4140 1384 4214; x_wconf 80' lang='grc' dir='ltr'>είργάζου,</span> <span class='ocrx_word' id='word_1_451' title='bbox 1418 4140 1522 4194; x_wconf 78' lang='grc' dir='ltr'><strong>καὶ</strong></span> <span class='ocrx_word' id='word_1_452' title='bbox 1573 4138 1674 4194; x_wconf 79' lang='grc' dir='ltr'>νῦν</span> <span class='ocrx_word' id='word_1_453' title='bbox 1725 4138 1868 4209; x_wconf 72' lang='grc' dir='ltr'>μετὰ</span> 
     </span>
    </p>
   </div>
   <div class='ocr_carea' id='block_1_61' title="bbox 266 4232 1867 4301">
    <p class='ocr_par' dir='ltr' id='par_1_61' title="bbox 266 4232 1867 4301">
     <span class='ocr_line' id='line_1_61' title="bbox 266 4232 1867 4301; baseline -0.01 -1"><span class='ocrx_word' id='word_1_454' title='bbox 266 4245 483 4300; x_wconf 82' lang='grc' dir='ltr'>τούτων</span> <span class='ocrx_word' id='word_1_455' title='bbox 509 4261 569 4297; x_wconf 88' lang='grc' dir='ltr'><strong>τε</strong></span> <span class='ocrx_word' id='word_1_456' title='bbox 602 4243 700 4297; x_wconf 74' lang='grc' dir='ltr'><strong>καὶ</strong></span> <span class='ocrx_word' id='word_1_457' title='bbox 751 4239 849 4293; x_wconf 76' lang='grc' dir='ltr'>σὺν</span> <span class='ocrx_word' id='word_1_458' title='bbox 884 4239 1098 4301; x_wconf 84' lang='grc' dir='ltr'>τούτοις</span> <span class='ocrx_word' id='word_1_459' title='bbox 1128 4235 1448 4300; x_wconf 79' lang='grc' dir='ltr'>παιανίζειν</span> <span class='ocrx_word' id='word_1_460' title='bbox 1491 4234 1562 4287; x_wconf 79' lang='grc' dir='ltr'>τὰ</span> <span class='ocrx_word' id='word_1_461' title='bbox 1603 4233 1724 4287; x_wconf 83' lang='grc' dir='ltr'>θεῖα</span> <span class='ocrx_word' id='word_1_462' title='bbox 1769 4232 1867 4286; x_wconf 80' lang='grc' dir='ltr'>καὶ</span> 
     </span>
    </p>
   </div>
   <div class='ocr_carea' id='block_1_62' title="bbox 269 4326 1867 4410">
    <p class='ocr_par' dir='ltr' id='par_1_62' title="bbox 269 4326 1867 4410">
     <span class='ocr_line' id='line_1_62' title="bbox 269 4326 1867 4410; baseline -0.009 -18"><span class='ocrx_word' id='word_1_463' title='bbox 269 4341 341 4410; x_wconf 77' lang='grc' dir='ltr'>ἣν</span> <span class='ocrx_word' id='word_1_464' title='bbox 384 4337 569 4400; x_wconf 71' lang='grc' dir='ltr'>ἔπνεις</span> <span class='ocrx_word' id='word_1_465' title='bbox 604 4333 813 4406; x_wconf 79' lang='grc' dir='ltr'>Τριάδα</span> <span class='ocrx_word' id='word_1_466' title='bbox 853 4332 1038 4401; x_wconf 84' lang='grc' dir='ltr'>πάσης</span> <span class='ocrx_word' id='word_1_467' title='bbox 1063 4330 1287 4400; x_wconf 81' lang='grc' dir='ltr'>ἀμέσως</span> <span class='ocrx_word' id='word_1_468' title='bbox 1324 4329 1581 4399; x_wconf 77' lang='grc' dir='ltr'>μετέχεις</span> <span class='ocrx_word' id='word_1_469' title='bbox 1606 4342 1622 4358; x_wconf 84' lang='grc'><strong>·</strong></span> <span class='ocrx_word' id='word_1_470' title='bbox 1660 4327 1723 4380; x_wconf 85' lang='grc' dir='ltr'>οὐ</span> <span class='ocrx_word' id='word_1_471' title='bbox 1759 4326 1867 4396; x_wconf 80' lang='grc' dir='ltr'>μὴν</span> 
     </span>
    </p>
   </div>
   <div class='ocr_carea' id='block_1_63' title="bbox 270 4418 1866 4500">
    <p class='ocr_par' dir='ltr' id='par_1_63' title="bbox 270 4418 1866 4500">
     <span class='ocr_line' id='line_1_63' title="bbox 270 4418 1866 4500; baseline -0.013 -11"><span class='ocrx_word' id='word_1_472' title='bbox 270 4434 417 4489; x_wconf 83' lang='grc' dir='ltr'><strong>ἀλλὰ</strong></span> <span class='ocrx_word' id='word_1_473' title='bbox 448 4432 544 4487; x_wconf 74' lang='grc' dir='ltr'>καὶ</span> <span class='ocrx_word' id='word_1_474' title='bbox 575 4430 654 4500; x_wconf 83' lang='grc' dir='ltr'>τῷ</span> <span class='ocrx_word' id='word_1_475' title='bbox 681 4431 792 4481; x_wconf 86' lang='grc' dir='ltr'><strong>τῶν</strong></span> <span class='ocrx_word' id='word_1_476' title='bbox 841 4426 1017 4497; x_wconf 80' lang='grc' dir='ltr'>ἁγίων</span> <span class='ocrx_word' id='word_1_477' title='bbox 1053 4423 1334 4494; x_wconf 78' lang='grc' dir='ltr'>ξύμπαντι</span> <span class='ocrx_word' id='word_1_478' title='bbox 1380 4420 1570 4491; x_wconf 80' lang='grc' dir='ltr'>κύκλῳ</span> <span class='ocrx_word' id='word_1_479' title='bbox 1600 4418 1866 4472; x_wconf 78' lang='grc' dir='ltr'>τοσούτου</span> 
     </span>
    </p>
   </div>
   <div class='ocr_carea' id='block_1_64' title="bbox 270 4512 1870 4599">
    <p class='ocr_par' dir='ltr' id='par_1_64' title="bbox 270 4512 1870 4599">
     <span class='ocr_line' id='line_1_64' title="bbox 270 4512 1870 4599; baseline -0.012 -17"><span class='ocrx_word' id='word_1_480' title='bbox 270 4529 339 4599; x_wconf 76' lang='grc' dir='ltr'>δή</span> <span class='ocrx_word' id='word_1_481' title='bbox 378 4542 524 4588; x_wconf 82' lang='grc' dir='ltr'>τινος</span> <span class='ocrx_word' id='word_1_482' title='bbox 554 4522 791 4593; x_wconf 81' lang='grc' dir='ltr'>τιμᾶται</span> <span class='ocrx_word' id='word_1_483' title='bbox 820 4520 895 4574; x_wconf 83' lang='grc' dir='ltr'>τὰ</span> <span class='ocrx_word' id='word_1_484' title='bbox 943 4519 1014 4573; x_wconf 81' lang='grc' dir='ltr'>σὰ</span> <span class='ocrx_word' id='word_1_485' title='bbox 1070 4516 1165 4570; x_wconf 75' lang='grc' dir='ltr'><strong>καὶ</strong></span> <span class='ocrx_word' id='word_1_486' title='bbox 1199 4514 1377 4578; x_wconf 77' lang='grc' dir='ltr'>οὕτως</span> <span class='ocrx_word' id='word_1_487' title='bbox 1418 4513 1673 4578; x_wconf 79' lang='grc' dir='ltr'>ἀξιοῦται</span> <span class='ocrx_word' id='word_1_488' title='bbox 1713 4512 1870 4583; x_wconf 88' lang='grc' dir='ltr'>μεγί-</span> 
     </span>
    </p>
   </div>
   <div class='ocr_carea' id='block_1_65' title="bbox 274 4604 1870 4688">
    <p class='ocr_par' dir='ltr' id='par_1_65' title="bbox 274 4604 1870 4688">
     <span class='ocr_line' id='line_1_65' title="bbox 274 4604 1870 4688; baseline -0.011 -14"><span class='ocrx_word' id='word_1_489' title='bbox 274 4636 442 4685; x_wconf 90' lang='grc' dir='ltr'>στων,</span> <span class='ocrx_word' id='word_1_490' title='bbox 491 4617 568 4682; x_wconf 82' lang='grc' dir='ltr'><strong>ὡς</strong></span> <span class='ocrx_word' id='word_1_491' title='bbox 601 4616 682 4688; x_wconf 84' lang='grc' dir='ltr'>μὴ</span> <span class='ocrx_word' id='word_1_492' title='bbox 742 4613 915 4685; x_wconf 88' lang='grc' dir='ltr'>μόνον</span> <span class='ocrx_word' id='word_1_493' title='bbox 970 4626 1057 4664; x_wconf 90' lang='grc' dir='ltr'>σοι</span> <span class='ocrx_word' id='word_1_494' title='bbox 1094 4608 1206 4662; x_wconf 83' lang='grc' dir='ltr'>τῶν</span> <span class='ocrx_word' id='word_1_495' title='bbox 1238 4604 1533 4679; x_wconf 84' lang='grc' dir='ltr'>πρωτείων</span> <span class='ocrx_word' id='word_1_496' title='bbox 1561 4606 1737 4675; x_wconf 75' lang='grc' dir='ltr'>ἡδέως</span> <span class='ocrx_word' id='word_1_497' title='bbox 1772 4604 1870 4658; x_wconf 85' lang='grc' dir='ltr'>αύ-</span> 
     </span>
    </p>
   </div>
   <div class='ocr_carea' id='block_1_66' title="bbox 1364 2281 3567 2355">
    <p class='ocr_par' dir='ltr' id='par_1_66' title="bbox 1364 2281 3567 2355">
     <span class='ocr_line' id='line_1_66' title="bbox 1364 2281 3567 2355; baseline 0.002 -17"><span class='ocrx_word' id='word_1_498' title='bbox 1364 2281 1434 2338; x_wconf 87' lang='lat' dir='ltr'><strong>de</strong></span> <span class='ocrx_word' id='word_1_499' title='bbox 1477 2281 1709 2352; x_wconf 90' lang='lat' dir='ltr'><strong>pristino</strong></span> <span class='ocrx_word' id='word_1_500' title='bbox 1767 2296 1869 2337; x_wconf 91' lang='lat' dir='ltr'><strong>suo</strong></span> <span class='ocrx_word' id='word_1_501' title='bbox 1905 2297 2033 2355; x_wconf 75' lang='lat' dir='ltr'><strong>erga</strong></span> <span class='ocrx_word' id='word_1_502' title='bbox 2070 2298 2172 2340; x_wconf 89' lang='lat' dir='ltr'><strong>nos</strong></span> <span class='ocrx_word' id='word_1_503' title='bbox 2222 2283 2419 2340; x_wconf 79' lang='lat' dir='ltr'><strong>affectu</strong></span> <span class='ocrx_word' id='word_1_504' title='bbox 2450 2292 2502 2340; x_wconf 89' lang='lat' dir='ltr'><strong>et</strong></span> <span class='ocrx_word' id='word_1_505' title='bbox 2535 2283 2746 2353; x_wconf 78' lang='lat' dir='ltr'><strong>favore,</strong></span> <span class='ocrx_word' id='word_1_506' title='bbox 2786 2293 2844 2341; x_wconf 89' lang='lat' dir='ltr'><strong>et</strong></span> <span class='ocrx_word' id='word_1_507' title='bbox 2907 2285 3012 2340; x_wconf 86' lang='lat' dir='ltr'><strong>hac</strong></span> <span class='ocrx_word' id='word_1_508' title='bbox 3096 2294 3206 2340; x_wconf 90' lang='lat' dir='ltr'><strong>tam</strong></span> <span class='ocrx_word' id='word_1_509' title='bbox 3282 2285 3567 2346; x_wconf 68' lang='lat' dir='ltr'><strong>benevola.</strong></span> 
     </span>
    </p>
   </div>
   <div class='ocr_carea' id='block_1_67' title="bbox 2038 2466 3567 2537">
    <p class='ocr_par' dir='ltr' id='par_1_67' title="bbox 2038 2466 3567 2537">
     <span class='ocr_line' id='line_1_67' title="bbox 2038 2466 3567 2537; baseline 0.002 -13"><span class='ocrx_word' id='word_1_510' title='bbox 2038 2466 2303 2524; x_wconf 73' lang='lat' dir='ltr'><strong>CXXVII.</strong></span> <span class='ocrx_word' id='word_1_511' title='bbox 2367 2467 2856 2525; x_wconf 83' lang='lat' dir='ltr'><strong>Veruntenimvero</strong></span> <span class='ocrx_word' id='word_1_512' title='bbox 2936 2469 3094 2526; x_wconf 89' lang='lat' dir='ltr'><strong>nobis</strong></span> <span class='ocrx_word' id='word_1_513' title='bbox 3161 2471 3402 2537; x_wconf 88' lang='lat' dir='ltr'><strong>tandem,</strong></span> <span class='ocrx_word' id='word_1_514' title='bbox 3475 2473 3567 2527; x_wconf 91' lang='lat' dir='ltr'><strong>ubi</strong></span> 
     </span>
    </p>
   </div>
   <div class='ocr_carea' id='block_1_68' title="bbox 1962 2561 3570 2635">
    <p class='ocr_par' dir='ltr' id='par_1_68' title="bbox 1962 2561 3570 2635">
     <span class='ocr_line' id='line_1_68' title="bbox 1962 2561 3570 2635; baseline 0.001 -17"><span class='ocrx_word' id='word_1_515' title='bbox 1962 2563 2176 2633; x_wconf 87' lang='lat' dir='ltr'><strong>paucis,</strong></span> <span class='ocrx_word' id='word_1_516' title='bbox 2211 2570 2266 2618; x_wconf 88' lang='lat' dir='ltr'><strong>et</strong></span> <span class='ocrx_word' id='word_1_517' title='bbox 2304 2571 2568 2635; x_wconf 89' lang='lat' dir='ltr'><strong>quantum</strong></span> <span class='ocrx_word' id='word_1_518' title='bbox 2634 2561 2691 2618; x_wconf 88' lang='lat' dir='ltr'><strong>in</strong></span> <span class='ocrx_word' id='word_1_519' title='bbox 2748 2563 2907 2618; x_wconf 89' lang='lat' dir='ltr'><strong>nobis</strong></span> <span class='ocrx_word' id='word_1_520' title='bbox 2977 2572 3082 2627; x_wconf 89' lang='lat' dir='ltr'><strong>est,</strong></span> <span class='ocrx_word' id='word_1_521' title='bbox 3131 2573 3378 2619; x_wconf 91' lang='lat' dir='ltr'><strong>nostrum</strong></span> <span class='ocrx_word' id='word_1_522' title='bbox 3432 2564 3570 2620; x_wconf 84' lang='lat' dir='ltr'><strong>allo-</strong></span> 
     </span>
    </p>
   </div>
   <div class='ocr_carea' id='block_1_69' title="bbox 1963 2653 3562 2730">
    <p class='ocr_par' dir='ltr' id='par_1_69' title="bbox 1963 2653 3562 2730">
     <span class='ocr_line' id='line_1_69' title="bbox 1963 2653 3562 2730; baseline 0.002 -21"><span class='ocrx_word' id='word_1_523' title='bbox 1963 2654 2073 2709; x_wconf 89' lang='lat' dir='ltr'><strong>cuti</strong></span> <span class='ocrx_word' id='word_1_524' title='bbox 2135 2654 2684 2730; x_wconf 69' lang='lat' dir='ltr'><strong>consalutaverimps,</strong></span> <span class='ocrx_word' id='word_1_525' title='bbox 2761 2653 3137 2709; x_wconf 89' lang='lat' dir='ltr'><strong>concludenda</strong></span> <span class='ocrx_word' id='word_1_526' title='bbox 3213 2654 3393 2710; x_wconf 87' lang='lat' dir='ltr'><strong>oratio</strong></span> <span class='ocrx_word' id='word_1_527' title='bbox 3451 2664 3562 2712; x_wconf 86' lang='lat' dir='ltr'><strong>est.</strong></span> 
     </span>
    </p>
   </div>
   <div class='ocr_carea' id='block_1_70' title="bbox 1967 2743 3568 2816">
    <p class='ocr_par' dir='ltr' id='par_1_70' title="bbox 1967 2743 3568 2816">
     <span class='ocr_line' id='line_1_70' title="bbox 1967 2743 3568 2816; baseline 0.001 -16"><span class='ocrx_word' id='word_1_528' title='bbox 1967 2744 2154 2810; x_wconf 87' lang='lat' dir='ltr'><strong>Salve,</strong></span> <span class='ocrx_word' id='word_1_529' title='bbox 2202 2744 2294 2816; x_wconf 92' lang='lat' dir='ltr'><strong>qui</strong></span> <span class='ocrx_word' id='word_1_530' title='bbox 2322 2743 2754 2814; x_wconf 76' lang='lat' dir='ltr'><strong>salvere-super</strong></span> <span class='ocrx_word' id='word_1_531' title='bbox 2823 2744 2962 2801; x_wconf 92' lang='lat' dir='ltr'><strong>alios</strong></span> <span class='ocrx_word' id='word_1_532' title='bbox 3021 2759 3214 2800; x_wconf 89' lang='lat' dir='ltr'><strong>omnes</strong></span> <span class='ocrx_word' id='word_1_533' title='bbox 3302 2745 3568 2816; x_wconf 74' lang='lat' dir='ltr'><strong>dignissi-</strong></span> 
     </span>
    </p>
   </div>
   <div class='ocr_carea' id='block_1_71' title="bbox 1971 2836 3565 2907">
    <p class='ocr_par' dir='ltr' id='par_1_71' title="bbox 1971 2836 3565 2907">
     <span class='ocr_line' id='line_1_71' title="bbox 1971 2836 3565 2907; baseline 0.004 -18"><span class='ocrx_word' id='word_1_534' title='bbox 1971 2852 2091 2892; x_wconf 79' lang='lat' dir='ltr'><strong>mus</strong></span> <span class='ocrx_word' id='word_1_535' title='bbox 2146 2850 2228 2903; x_wconf 91' lang='lat' dir='ltr'><strong>es,</strong></span> <span class='ocrx_word' id='word_1_536' title='bbox 2256 2844 2315 2891; x_wconf 88' lang='lat' dir='ltr'><strong>ut</strong></span> <span class='ocrx_word' id='word_1_537' title='bbox 2373 2836 2482 2891; x_wconf 88' lang='lat' dir='ltr'><strong>Deo</strong></span> <span class='ocrx_word' id='word_1_538' title='bbox 2512 2851 2677 2907; x_wconf 84' lang='lat' dir='ltr'><strong>super</strong></span> <span class='ocrx_word' id='word_1_539' title='bbox 2723 2851 2916 2893; x_wconf 84' lang='lat' dir='ltr'><strong>omnes</strong></span> <span class='ocrx_word' id='word_1_540' title='bbox 2963 2836 3344 2894; x_wconf 82' lang='lat' dir='ltr'><strong>cbarissimus.</strong></span> <span class='ocrx_word' id='word_1_541' title='bbox 3379 2836 3565 2907; x_wconf 83' lang='lat' dir='ltr'><strong>Salve,</strong></span> 
     </span>
    </p>
   </div>
   <div class='ocr_carea' id='block_1_72' title="bbox 1966 2929 3565 3001">
    <p class='ocr_par' dir='ltr' id='par_1_72' title="bbox 1966 2929 3565 3001">
     <span class='ocr_line' id='line_1_72' title="bbox 1966 2929 3565 3001; baseline 0.002 -19"><span class='ocrx_word' id='word_1_542' title='bbox 1966 2929 2057 2999; x_wconf 86' lang='lat' dir='ltr'><strong>qui</strong></span> <span class='ocrx_word' id='word_1_543' title='bbox 2103 2929 2226 3000; x_wconf 90' lang='lat' dir='ltr'><strong>ejus</strong></span> <span class='ocrx_word' id='word_1_544' title='bbox 2280 2930 2361 2985; x_wconf 89' lang='lat' dir='ltr'><strong>rei</strong></span> <span class='ocrx_word' id='word_1_545' title='bbox 2397 2945 2563 2986; x_wconf 88' lang='lat' dir='ltr'><strong>causa</strong></span> <span class='ocrx_word' id='word_1_546' title='bbox 2598 2944 2818 2985; x_wconf 88' lang='lat' dir='ltr'><strong>omnem</strong></span> <span class='ocrx_word' id='word_1_547' title='bbox 2875 2929 3012 2984; x_wconf 90' lang='lat' dir='ltr'><strong>olim</strong></span> <span class='ocrx_word' id='word_1_548' title='bbox 3070 2930 3311 2986; x_wconf 89' lang='lat' dir='ltr'><strong>laborem</strong></span> <span class='ocrx_word' id='word_1_549' title='bbox 3362 2943 3565 3001; x_wconf 81' lang='lat' dir='ltr'><strong>pertu-</strong></span> 
     </span>
    </p>
   </div>
   <div class='ocr_carea' id='block_1_73' title="bbox 1966 3020 3567 3093">
    <p class='ocr_par' dir='ltr' id='par_1_73' title="bbox 1966 3020 3567 3093">
     <span class='ocr_line' id='line_1_73' title="bbox 1966 3020 3567 3093; baseline 0.001 -17"><span class='ocrx_word' id='word_1_550' title='bbox 1966 3022 2100 3090; x_wconf 81' lang='lat' dir='ltr'><strong>listi,</strong></span> <span class='ocrx_word' id='word_1_551' title='bbox 2130 3023 2293 3091; x_wconf 86' lang='lat' dir='ltr'><strong>quive</strong></span> <span class='ocrx_word' id='word_1_552' title='bbox 2324 3031 2435 3076; x_wconf 90' lang='lat' dir='ltr'><strong>tum</strong></span> <span class='ocrx_word' id='word_1_553' title='bbox 2470 3036 2566 3092; x_wconf 89' lang='lat' dir='ltr'><strong>spe</strong></span> <span class='ocrx_word' id='word_1_554' title='bbox 2603 3021 2888 3077; x_wconf 81' lang='lat' dir='ltr'><strong>verissime</strong></span> <span class='ocrx_word' id='word_1_555' title='bbox 2919 3020 3219 3089; x_wconf 68' lang='lat' dir='ltr'><strong>lmtabaris,</strong></span> <span class='ocrx_word' id='word_1_556' title='bbox 3250 3022 3395 3090; x_wconf 90' lang='lat' dir='ltr'><strong>quod</strong></span> <span class='ocrx_word' id='word_1_557' title='bbox 3433 3038 3567 3093; x_wconf 85' lang='lat' dir='ltr'><strong>per-</strong></span> 
     </span>
    </p>
   </div>
   <div class='ocr_carea' id='block_1_74' title="bbox 1964 3113 3567 3186">
    <p class='ocr_par' dir='ltr' id='par_1_74' title="bbox 1964 3113 3567 3186">
     <span class='ocr_line' id='line_1_74' title="bbox 1964 3113 3567 3186; baseline 0.001 -17"><span class='ocrx_word' id='word_1_558' title='bbox 1964 3121 2127 3183; x_wconf 85' lang='lat' dir='ltr'><strong>petuo</strong></span> <span class='ocrx_word' id='word_1_559' title='bbox 2157 3114 2413 3185; x_wconf 88' lang='lat' dir='ltr'><strong>deinceps</strong></span> <span class='ocrx_word' id='word_1_560' title='bbox 2447 3115 2541 3168; x_wconf 88' lang='lat' dir='ltr'><strong>tibi</strong></span> <span class='ocrx_word' id='word_1_561' title='bbox 2573 3113 2870 3169; x_wconf 75' lang='lat' dir='ltr'><strong>affuturum</strong></span> <span class='ocrx_word' id='word_1_562' title='bbox 2907 3114 2978 3171; x_wconf 92' lang='lat' dir='ltr'><strong>sit</strong></span> <span class='ocrx_word' id='word_1_563' title='bbox 3010 3114 3200 3169; x_wconf 63' lang='lat' dir='ltr'><strong>laetari.</strong></span> <span class='ocrx_word' id='word_1_564' title='bbox 3255 3113 3437 3181; x_wconf 71' lang='lat' dir='ltr'><strong>Salve,</strong></span> <span class='ocrx_word' id='word_1_565' title='bbox 3471 3116 3567 3186; x_wconf 89' lang='lat' dir='ltr'><strong>qui</strong></span> 
     </span>
    </p>
   </div>
   <div class='ocr_carea' id='block_1_75' title="bbox 1964 3203 3568 3276">
    <p class='ocr_par' dir='ltr' id='par_1_75' title="bbox 1964 3203 3568 3276">
     <span class='ocr_line' id='line_1_75' title="bbox 1964 3203 3568 3276; baseline 0.001 -19"><span class='ocrx_word' id='word_1_566' title='bbox 1964 3205 2109 3268; x_wconf 77' lang='lat' dir='ltr'><strong>quoi</strong></span> <span class='ocrx_word' id='word_1_567' title='bbox 2138 3203 2339 3276; x_wconf 87' lang='lat' dir='ltr'><strong>ubique</strong></span> <span class='ocrx_word' id='word_1_568' title='bbox 2377 3204 2621 3259; x_wconf 89' lang='lat' dir='ltr'><strong>omnium</strong></span> <span class='ocrx_word' id='word_1_569' title='bbox 2681 3204 2919 3274; x_wconf 81' lang='lat' dir='ltr'><strong>Optimus</strong></span> <span class='ocrx_word' id='word_1_570' title='bbox 2946 3218 3029 3269; x_wconf 82' lang='lat' dir='ltr'><strong>es,</strong></span> <span class='ocrx_word' id='word_1_571' title='bbox 3063 3218 3259 3259; x_wconf 88' lang='lat' dir='ltr'><strong>omnes</strong></span> <span class='ocrx_word' id='word_1_572' title='bbox 3308 3204 3408 3259; x_wconf 88' lang='lat' dir='ltr'><strong>tibi</strong></span> <span class='ocrx_word' id='word_1_573' title='bbox 3436 3221 3568 3261; x_wconf 88' lang='lat' dir='ltr'><strong>con-</strong></span> 
     </span>
    </p>
   </div>
   <div class='ocr_carea' id='block_1_76' title="bbox 1965 3296 3567 3367">
    <p class='ocr_par' dir='ltr' id='par_1_76' title="bbox 1965 3296 3567 3367">
     <span class='ocr_line' id='line_1_76' title="bbox 1965 3296 3567 3367; baseline 0.002 -18"><span class='ocrx_word' id='word_1_574' title='bbox 1965 3296 2306 3366; x_wconf 83' lang='lat' dir='ltr'><strong>gratulantes</strong></span> <span class='ocrx_word' id='word_1_575' title='bbox 2338 3296 2507 3367; x_wconf 89' lang='lat' dir='ltr'><strong>babes</strong></span> <span class='ocrx_word' id='word_1_576' title='bbox 2529 3312 2550 3350; x_wconf 90' lang='lat'><strong><em>:</em></strong></span> <span class='ocrx_word' id='word_1_577' title='bbox 2582 3297 2727 3367; x_wconf 91' lang='lat' dir='ltr'><strong>quod</strong></span> <span class='ocrx_word' id='word_1_578' title='bbox 2763 3306 2946 3350; x_wconf 87' lang='lat' dir='ltr'><strong>autem</strong></span> <span class='ocrx_word' id='word_1_579' title='bbox 2994 3296 3442 3367; x_wconf 80' lang='lat' dir='ltr'><strong>congratulantes</strong></span> <span class='ocrx_word' id='word_1_580' title='bbox 3466 3296 3567 3353; x_wconf 89' lang='lat' dir='ltr'><strong>tibi</strong></span> 
     </span>
    </p>
   </div>
   <div class='ocr_carea' id='block_1_77' title="bbox 1966 3388 3568 3458">
    <p class='ocr_par' dir='ltr' id='par_1_77' title="bbox 1966 3388 3568 3458">
     <span class='ocr_line' id='line_1_77' title="bbox 1966 3388 3568 3458; baseline 0.001 -15"><span class='ocrx_word' id='word_1_581' title='bbox 1966 3404 2161 3443; x_wconf 90' lang='lat' dir='ltr'><strong>omnes</strong></span> <span class='ocrx_word' id='word_1_582' title='bbox 2191 3388 2380 3453; x_wconf 86' lang='lat' dir='ltr'><strong>habes,</strong></span> <span class='ocrx_word' id='word_1_583' title='bbox 2418 3404 2483 3444; x_wconf 91' lang='lat' dir='ltr'><strong>eo</strong></span> <span class='ocrx_word' id='word_1_584' title='bbox 2536 3389 2782 3444; x_wconf 90' lang='lat' dir='ltr'><strong>omnium</strong></span> <span class='ocrx_word' id='word_1_585' title='bbox 2825 3388 3029 3457; x_wconf 90' lang='lat' dir='ltr'><strong>ubique</strong></span> <span class='ocrx_word' id='word_1_586' title='bbox 3066 3390 3308 3458; x_wconf 90' lang='lat' dir='ltr'><strong>optimus</strong></span> <span class='ocrx_word' id='word_1_587' title='bbox 3339 3404 3419 3446; x_wconf 93' lang='lat' dir='ltr'><strong>es.</strong></span> <span class='ocrx_word' id='word_1_588' title='bbox 3445 3388 3568 3445; x_wconf 75' lang='lat' dir='ltr'><strong>Ca:-</strong></span> 
     </span>
    </p>
   </div>
   <div class='ocr_carea' id='block_1_78' title="bbox 1970 3479 3567 3555">
    <p class='ocr_par' dir='ltr' id='par_1_78' title="bbox 1970 3479 3567 3555">
     <span class='ocr_line' id='line_1_78' title="bbox 1970 3479 3567 3555; baseline 0.002 -21"><span class='ocrx_word' id='word_1_589' title='bbox 1970 3491 2142 3535; x_wconf 78' lang='lat' dir='ltr'><strong>teruut</strong></span> <span class='ocrx_word' id='word_1_590' title='bbox 2177 3492 2235 3535; x_wconf 93' lang='lat' dir='ltr'><strong>ut</strong></span> <span class='ocrx_word' id='word_1_591' title='bbox 2270 3482 2364 3537; x_wconf 83' lang='lat' dir='ltr'><strong>tibi</strong></span> <span class='ocrx_word' id='word_1_592' title='bbox 2393 3481 2493 3551; x_wconf 90' lang='lat' dir='ltr'><strong>ipsi</strong></span> <span class='ocrx_word' id='word_1_593' title='bbox 2525 3479 2820 3555; x_wconf 64' lang='lat' dir='ltr'><strong>plurimum</strong></span> <span class='ocrx_word' id='word_1_594' title='bbox 2852 3480 3023 3535; x_wconf 64' lang='lat' dir='ltr'><strong>laetari</strong></span> <span class='ocrx_word' id='word_1_595' title='bbox 3050 3481 3198 3548; x_wconf 89' lang='lat' dir='ltr'><strong>licet,</strong></span> <span class='ocrx_word' id='word_1_596' title='bbox 3230 3482 3321 3552; x_wconf 91' lang='lat' dir='ltr'><strong>qui</strong></span> <span class='ocrx_word' id='word_1_597' title='bbox 3362 3492 3567 3537; x_wconf 70' lang='lat' dir='ltr'><strong>sanctas</strong></span> 
     </span>
    </p>
   </div>
   <div class='ocr_carea' id='block_1_79' title="bbox 1969 3572 3564 3645">
    <p class='ocr_par' dir='ltr' id='par_1_79' title="bbox 1969 3572 3564 3645">
     <span class='ocr_line' id='line_1_79' title="bbox 1969 3572 3564 3645; baseline 0.002 -18"><span class='ocrx_word' id='word_1_598' title='bbox 1969 3573 2251 3628; x_wconf 82' lang='lat' dir='ltr'><strong>Trinitatis</strong></span> <span class='ocrx_word' id='word_1_599' title='bbox 2298 3572 2500 3628; x_wconf 83' lang='lat' dir='ltr'><strong>vindex</strong></span> <span class='ocrx_word' id='word_1_600' title='bbox 2562 3580 2911 3641; x_wconf 86' lang='lat' dir='ltr'><strong>assertorque</strong></span> <span class='ocrx_word' id='word_1_601' title='bbox 2972 3573 3162 3645; x_wconf 79' lang='lat' dir='ltr'><strong>fuisti:</strong></span> <span class='ocrx_word' id='word_1_602' title='bbox 3202 3575 3274 3627; x_wconf 88' lang='lat' dir='ltr'><strong>ita</strong></span> <span class='ocrx_word' id='word_1_603' title='bbox 3334 3576 3564 3630; x_wconf 84' lang='lat' dir='ltr'><strong>invicem</strong></span> 
     </span>
    </p>
   </div>
   <div class='ocr_carea' id='block_1_80' title="bbox 1970 3662 3568 3734">
    <p class='ocr_par' dir='ltr' id='par_1_80' title="bbox 1970 3662 3568 3734">
     <span class='ocr_line' id='line_1_80' title="bbox 1970 3662 3568 3734; baseline -0.003 -13"><span class='ocrx_word' id='word_1_604' title='bbox 1970 3666 2068 3722; x_wconf 90' lang='lat' dir='ltr'><strong>tibi</strong></span> <span class='ocrx_word' id='word_1_605' title='bbox 2117 3676 2307 3720; x_wconf 89' lang='lat' dir='ltr'><strong>sancta</strong></span> <span class='ocrx_word' id='word_1_606' title='bbox 2350 3664 2593 3720; x_wconf 87' lang='lat' dir='ltr'><strong>Trinitas</strong></span> <span class='ocrx_word' id='word_1_607' title='bbox 2661 3663 3119 3734; x_wconf 75' lang='lat' dir='ltr'><strong>congratulatur;</strong></span> <span class='ocrx_word' id='word_1_608' title='bbox 3178 3662 3568 3733; x_wconf 62' lang='lat' dir='ltr'><strong>caugralulano</strong></span> 
     </span>
    </p>
   </div>
   <div class='ocr_carea' id='block_1_81' title="bbox 1972 3754 3568 3827">
    <p class='ocr_par' dir='ltr' id='par_1_81' title="bbox 1972 3754 3568 3827">
     <span class='ocr_line' id='line_1_81' title="bbox 1972 3754 3568 3827; baseline -0.002 -13"><span class='ocrx_word' id='word_1_609' title='bbox 1972 3767 2059 3814; x_wconf 89' lang='lat' dir='ltr'><strong>tur</strong></span> <span class='ocrx_word' id='word_1_610' title='bbox 2088 3774 2218 3815; x_wconf 87' lang='lat' dir='ltr'><strong>vero</strong></span> <span class='ocrx_word' id='word_1_611' title='bbox 2255 3758 2419 3813; x_wconf 87' lang='lat' dir='ltr'><strong>etiam</strong></span> <span class='ocrx_word' id='word_1_612' title='bbox 2483 3770 2702 3822; x_wconf 87' lang='lat' dir='ltr'><strong>omnes,</strong></span> <span class='ocrx_word' id='word_1_613' title='bbox 2736 3755 2829 3825; x_wconf 87' lang='lat' dir='ltr'><strong>qui</strong></span> <span class='ocrx_word' id='word_1_614' title='bbox 2886 3754 2962 3810; x_wconf 89' lang='lat' dir='ltr'><strong>illi</strong></span> <span class='ocrx_word' id='word_1_615' title='bbox 3024 3766 3292 3826; x_wconf 84' lang='lat' dir='ltr'><strong>apparent</strong></span> <span class='ocrx_word' id='word_1_616' title='bbox 3341 3756 3568 3827; x_wconf 79' lang='lat' dir='ltr'><strong>angelo-</strong></span> 
     </span>
    </p>
   </div>
   <div class='ocr_carea' id='block_1_82' title="bbox 1970 3848 3570 3923">
    <p class='ocr_par' dir='ltr' id='par_1_82' title="bbox 1970 3848 3570 3923">
     <span class='ocr_line' id='line_1_82' title="bbox 1970 3848 3570 3923; baseline -0.003 -14"><span class='ocrx_word' id='word_1_617' title='bbox 1970 3869 2090 3909; x_wconf 91' lang='lat' dir='ltr'><strong>rum</strong></span> <span class='ocrx_word' id='word_1_618' title='bbox 2144 3851 2417 3923; x_wconf 51' lang='lat' dir='ltr'><strong>ordines,</strong></span> <span class='ocrx_word' id='word_1_619' title='bbox 2451 3848 2694 3905; x_wconf 89' lang='lat' dir='ltr'><strong>Trinitas</strong></span> <span class='ocrx_word' id='word_1_620' title='bbox 2739 3848 2885 3916; x_wconf 87' lang='lat' dir='ltr'><strong>ideo,</strong></span> <span class='ocrx_word' id='word_1_621' title='bbox 2945 3850 3092 3919; x_wconf 87' lang='lat' dir='ltr'><strong>quod</strong></span> <span class='ocrx_word' id='word_1_622' title='bbox 3142 3864 3333 3905; x_wconf 76' lang='lat' dir='ltr'><strong>sumes</strong></span> <span class='ocrx_word' id='word_1_623' title='bbox 3392 3852 3570 3905; x_wconf 75' lang='lat' dir='ltr'><strong>luere-</strong></span> 
     </span>
    </p>
   </div>
   <div class='ocr_carea' id='block_1_83' title="bbox 1972 3942 3570 4015">
    <p class='ocr_par' dir='ltr' id='par_1_83' title="bbox 1972 3942 3570 4015">
     <span class='ocr_line' id='line_1_83' title="bbox 1972 3942 3570 4015; baseline -0.001 -14"><span class='ocrx_word' id='word_1_624' title='bbox 1972 3948 2206 4002; x_wconf 82' lang='lat' dir='ltr'><strong>ticorum</strong></span> <span class='ocrx_word' id='word_1_625' title='bbox 2244 3944 2584 4015; x_wconf 68' lang='lat' dir='ltr'><strong>praestigias,</strong></span> <span class='ocrx_word' id='word_1_626' title='bbox 2642 3942 2782 3997; x_wconf 91' lang='lat' dir='ltr'><strong>male</strong></span> <span class='ocrx_word' id='word_1_627' title='bbox 2842 3943 3016 4012; x_wconf 83' lang='lat' dir='ltr'><strong>ipsam</strong></span> <span class='ocrx_word' id='word_1_628' title='bbox 3090 3942 3437 4008; x_wconf 81' lang='lat' dir='ltr'><strong>divelleotes,</strong></span> <span class='ocrx_word' id='word_1_629' title='bbox 3504 3951 3570 3999; x_wconf 82' lang='lat' dir='ltr'><strong>ut</strong></span> 
     </span>
    </p>
   </div>
   <div class='ocr_carea' id='block_1_84' title="bbox 1972 4034 3566 4106">
    <p class='ocr_par' dir='ltr' id='par_1_84' title="bbox 1972 4034 3566 4106">
     <span class='ocr_line' id='line_1_84' title="bbox 1972 4034 3566 4106; baseline -0.004 -11"><span class='ocrx_word' id='word_1_630' title='bbox 1972 4054 2120 4095; x_wconf 90' lang='lat' dir='ltr'><strong>mera</strong></span> <span class='ocrx_word' id='word_1_631' title='bbox 2203 4038 2604 4103; x_wconf 88' lang='lat' dir='ltr'><strong>deliramenta,</strong></span> <span class='ocrx_word' id='word_1_632' title='bbox 2653 4035 2824 4092; x_wconf 83' lang='lat' dir='ltr'><strong>semel</strong></span> <span class='ocrx_word' id='word_1_633' title='bbox 2889 4034 3072 4091; x_wconf 83' lang='lat' dir='ltr'><strong>valere</strong></span> <span class='ocrx_word' id='word_1_634' title='bbox 3119 4035 3344 4106; x_wconf 87' lang='lat' dir='ltr'><strong>jubens,</strong></span> <span class='ocrx_word' id='word_1_635' title='bbox 3404 4035 3566 4091; x_wconf 87' lang='lat' dir='ltr'><strong>nobis</strong></span> 
     </span>
    </p>
   </div>
   <div class='ocr_carea' id='block_1_85' title="bbox 1972 4126 3571 4198">
    <p class='ocr_par' dir='ltr' id='par_1_85' title="bbox 1972 4126 3571 4198">
     <span class='ocr_line' id='line_1_85' title="bbox 1972 4126 3571 4198; baseline -0.004 -10"><span class='ocrx_word' id='word_1_636' title='bbox 1972 4132 2226 4189; x_wconf 90' lang='lat' dir='ltr'><strong>omnibus</strong></span> <span class='ocrx_word' id='word_1_637' title='bbox 2308 4129 2529 4185; x_wconf 64' lang='lat' dir='ltr'><strong>laetandi</strong></span> <span class='ocrx_word' id='word_1_638' title='bbox 2611 4126 2892 4182; x_wconf 87' lang='lat' dir='ltr'><strong>materiem</strong></span> <span class='ocrx_word' id='word_1_639' title='bbox 2959 4127 3183 4192; x_wconf 87' lang='lat' dir='ltr'><strong>dedisti,</strong></span> <span class='ocrx_word' id='word_1_640' title='bbox 3234 4127 3361 4181; x_wconf 90' lang='lat' dir='ltr'><strong>dum</strong></span> <span class='ocrx_word' id='word_1_641' title='bbox 3438 4127 3571 4198; x_wconf 87' lang='lat' dir='ltr'><strong>quid</strong></span> 
     </span>
    </p>
   </div>
   <div class='ocr_carea' id='block_1_86' title="bbox 1972 4220 3571 4295">
    <p class='ocr_par' dir='ltr' id='par_1_86' title="bbox 1972 4220 3571 4295">
     <span class='ocr_line' id='line_1_86' title="bbox 1972 4220 3571 4295; baseline -0.003 -16"><span class='ocrx_word' id='word_1_642' title='bbox 1972 4225 2042 4280; x_wconf 91' lang='lat' dir='ltr'><strong>de</strong></span> <span class='ocrx_word' id='word_1_643' title='bbox 2095 4241 2157 4280; x_wconf 87' lang='lat' dir='ltr'><strong>ea</strong></span> <span class='ocrx_word' id='word_1_644' title='bbox 2190 4223 2524 4295; x_wconf 90' lang='lat' dir='ltr'><strong>loquendum</strong></span> <span class='ocrx_word' id='word_1_645' title='bbox 2584 4220 3041 4290; x_wconf 80' lang='lat' dir='ltr'><strong>sentiendumque</strong></span> <span class='ocrx_word' id='word_1_646' title='bbox 3085 4227 3254 4286; x_wconf 85' lang='lat' dir='ltr'><strong>esset,</strong></span> <span class='ocrx_word' id='word_1_647' title='bbox 3309 4229 3571 4274; x_wconf 87' lang='lat' dir='ltr'><strong>accurato</strong></span> 
     </span>
    </p>
   </div>
   <div class='ocr_carea' id='block_1_87' title="bbox 1973 4296 3567 4387">
    <p class='ocr_par' dir='ltr' id='par_1_87' title="bbox 1973 4296 3567 4387">
     <span class='ocr_line' id='line_1_87' title="bbox 1973 4296 3567 4387; baseline -0.004 -15"><span class='ocrx_word' id='word_1_648' title='bbox 1973 4296 2301 4387; x_wconf 51' lang='lat' dir='ltr'><strong>exposuisti,</strong></span> <span class='ocrx_word' id='word_1_649' title='bbox 2349 4313 2541 4385; x_wconf 85' lang='lat' dir='ltr'><strong>Angeli</strong></span> <span class='ocrx_word' id='word_1_650' title='bbox 2595 4323 2649 4367; x_wconf 89' lang='lat' dir='ltr'><strong>et</strong></span> <span class='ocrx_word' id='word_1_651' title='bbox 2697 4311 2767 4367; x_wconf 91' lang='lat' dir='ltr'><strong>ob</strong></span> <span class='ocrx_word' id='word_1_652' title='bbox 2818 4311 2922 4366; x_wconf 93' lang='lat' dir='ltr'><strong>ista</strong></span> <span class='ocrx_word' id='word_1_653' title='bbox 2970 4311 3252 4375; x_wconf 65' lang='lat' dir='ltr'><strong>laetantur,</strong></span> <span class='ocrx_word' id='word_1_654' title='bbox 3310 4320 3366 4365; x_wconf 88' lang='lat' dir='ltr'><strong>et</strong></span> <span class='ocrx_word' id='word_1_655' title='bbox 3416 4310 3567 4365; x_wconf 86' lang='lat' dir='ltr'><strong>haud</strong></span> 
     </span>
    </p>
   </div>
   <div class='ocr_carea' id='block_1_88' title="bbox 1973 4401 3567 4482">
    <p class='ocr_par' dir='ltr' id='par_1_88' title="bbox 1973 4401 3567 4482">
     <span class='ocr_line' id='line_1_88' title="bbox 1973 4401 3567 4482; baseline -0.004 -18"><span class='ocrx_word' id='word_1_656' title='bbox 1973 4409 2133 4482; x_wconf 85' lang='lat' dir='ltr'><strong>paulo</strong></span> <span class='ocrx_word' id='word_1_657' title='bbox 2174 4410 2314 4478; x_wconf 90' lang='lat' dir='ltr'><strong>plus,</strong></span> <span class='ocrx_word' id='word_1_658' title='bbox 2358 4408 2504 4477; x_wconf 85' lang='lat' dir='ltr'><strong>quod</strong></span> <span class='ocrx_word' id='word_1_659' title='bbox 2537 4404 2663 4459; x_wconf 91' lang='lat' dir='ltr'><strong>olim</strong></span> <span class='ocrx_word' id='word_1_660' title='bbox 2698 4418 2820 4459; x_wconf 89' lang='lat' dir='ltr'><strong>cum</strong></span> <span class='ocrx_word' id='word_1_661' title='bbox 2858 4417 3092 4472; x_wconf 89' lang='lat' dir='ltr'><strong>corpore</strong></span> <span class='ocrx_word' id='word_1_662' title='bbox 3123 4401 3325 4472; x_wconf 76' lang='lat' dir='ltr'><strong>degens</strong></span> <span class='ocrx_word' id='word_1_663' title='bbox 3374 4416 3567 4458; x_wconf 88' lang='lat' dir='ltr'><strong>eorum</strong></span> 
     </span>
    </p>
   </div>
   <div class='ocr_carea' id='block_1_89' title="bbox 1974 4493 3569 4571">
    <p class='ocr_par' dir='ltr' id='par_1_89' title="bbox 1974 4493 3569 4571">
     <span class='ocr_line' id='line_1_89' title="bbox 1974 4493 3569 4571; baseline -0.007 -11"><span class='ocrx_word' id='word_1_664' title='bbox 1974 4503 2171 4571; x_wconf 86' lang='lat' dir='ltr'><strong>obibas</strong></span> <span class='ocrx_word' id='word_1_665' title='bbox 2212 4500 2480 4564; x_wconf 77' lang='lat' dir='ltr'><strong>actiones,</strong></span> <span class='ocrx_word' id='word_1_666' title='bbox 2535 4506 2586 4551; x_wconf 90' lang='lat' dir='ltr'><strong>et</strong></span> <span class='ocrx_word' id='word_1_667' title='bbox 2632 4497 2776 4567; x_wconf 91' lang='lat' dir='ltr'><strong>quod</strong></span> <span class='ocrx_word' id='word_1_668' title='bbox 2837 4510 2986 4551; x_wconf 89' lang='lat' dir='ltr'><strong>nunc</strong></span> <span class='ocrx_word' id='word_1_669' title='bbox 3016 4495 3158 4548; x_wconf 86' lang='lat' dir='ltr'><strong>inter</strong></span> <span class='ocrx_word' id='word_1_670' title='bbox 3204 4493 3353 4563; x_wconf 87' lang='lat' dir='ltr'><strong>ipsos</strong></span> <span class='ocrx_word' id='word_1_671' title='bbox 3403 4500 3569 4563; x_wconf 79' lang='lat' dir='ltr'><strong>atque</strong></span> 
     </span>
    </p>
   </div>
   <div class='ocr_carea' id='block_1_90' title="bbox 1975 4580 3567 4663">
    <p class='ocr_par' dir='ltr' id='par_1_90' title="bbox 1975 4580 3567 4663">
     <span class='ocr_line' id='line_1_90' title="bbox 1975 4580 3567 4663; baseline -0.009 -10"><span class='ocrx_word' id='word_1_672' title='bbox 1975 4612 2084 4652; x_wconf 89' lang='lat' dir='ltr'><strong>una</strong></span> <span class='ocrx_word' id='word_1_673' title='bbox 2132 4609 2254 4651; x_wconf 91' lang='lat' dir='ltr'><strong>cum</strong></span> <span class='ocrx_word' id='word_1_674' title='bbox 2297 4592 2428 4663; x_wconf 91' lang='lat' dir='ltr'><strong>ipsis</strong></span> <span class='ocrx_word' id='word_1_675' title='bbox 2476 4580 2724 4645; x_wconf 84' lang='lat' dir='ltr'><strong>divinum</strong></span> <span class='ocrx_word' id='word_1_676' title='bbox 2782 4602 2981 4642; x_wconf 88' lang='lat' dir='ltr'><strong>numen</strong></span> <span class='ocrx_word' id='word_1_677' title='bbox 3009 4585 3277 4651; x_wconf 87' lang='lat' dir='ltr'><strong>concinis,</strong></span> <span class='ocrx_word' id='word_1_678' title='bbox 3320 4595 3375 4641; x_wconf 91' lang='lat' dir='ltr'><strong>et</strong></span> <span class='ocrx_word' id='word_1_679' title='bbox 3403 4602 3567 4657; x_wconf 83' lang='lat' dir='ltr'><strong>quam</strong></span> 
     </span>
    </p>
   </div>
   <div class='ocr_carea' id='block_1_91' title="bbox 270 4675 1865 4775">
    <p class='ocr_par' dir='ltr' id='par_1_91' title="bbox 270 4675 1865 4775">
     <span class='ocr_line' id='line_1_91' title="bbox 270 4675 1865 4775; baseline -0.011 -10"><span class='ocrx_word' id='word_1_680' title='bbox 270 4713 400 4775; x_wconf 79' lang='grc' dir='ltr'>τοὺς</span> <span class='ocrx_word' id='word_1_681' title='bbox 426 4675 830 4775; x_wconf 61' lang='grc' dir='ltr'>δπεέίστασθαι</span> <span class='ocrx_word' id='word_1_682' title='bbox 872 4703 971 4758; x_wconf 70' lang='grc' dir='ltr'>καὶ</span> <span class='ocrx_word' id='word_1_683' title='bbox 1023 4675 1409 4772; x_wconf 80' lang='grc' dir='ltr'>παραχωρεῖν,</span> <span class='ocrx_word' id='word_1_684' title='bbox 1441 4695 1582 4752; x_wconf 85' lang='grc' dir='ltr'><strong>ἀλλὰ</strong></span> <span class='ocrx_word' id='word_1_685' title='bbox 1629 4697 1723 4750; x_wconf 71' lang='grc' dir='ltr'><strong>καὶ</strong></span> <span class='ocrx_word' id='word_1_686' title='bbox 1765 4696 1865 4766; x_wconf 86' lang='grc' dir='ltr'>χά-</span> 
     </span>
    </p>
   </div>
   <div class='ocr_carea' id='block_1_92' title="bbox 1971 4675 3572 4775">
    <p class='ocr_par' dir='ltr' id='par_1_92' title="bbox 1972 4675 3572 4759">
     <span class='ocr_line' id='line_1_92' title="bbox 1972 4675 3572 4759; baseline -0.01 -15"><span class='ocrx_word' id='word_1_687' title='bbox 1972 4686 2219 4759; x_wconf 87' lang='lat' dir='ltr'><strong>spirabas</strong></span> <span class='ocrx_word' id='word_1_688' title='bbox 2276 4681 2628 4746; x_wconf 89' lang='lat' dir='ltr'><strong>Trinitatem,</strong></span> <span class='ocrx_word' id='word_1_689' title='bbox 2692 4679 2882 4734; x_wconf 87' lang='lat' dir='ltr'><strong>eadem</strong></span> <span class='ocrx_word' id='word_1_690' title='bbox 2952 4690 3102 4731; x_wconf 89' lang='lat' dir='ltr'><strong>nunc</strong></span> <span class='ocrx_word' id='word_1_691' title='bbox 3135 4683 3247 4731; x_wconf 87' lang='lat' dir='ltr'><strong>tota</strong></span> <span class='ocrx_word' id='word_1_692' title='bbox 3300 4675 3490 4730; x_wconf 91' lang='lat' dir='ltr'><strong>intime</strong></span> <span class='ocrx_word' id='word_1_693' title='bbox 3515 4684 3572 4731; x_wconf 89' lang='lat' dir='ltr'><strong>et</strong></span> 
     </span>
    </p>
   </div>
   <div class='ocr_carea' id='block_1_93' title="bbox 274 4791 1866 4877">
    <p class='ocr_par' dir='ltr' id='par_1_93' title="bbox 274 4791 1866 4877">
     <span class='ocr_line' id='line_1_93' title="bbox 274 4791 1866 4877; baseline -0.008 -21"><span class='ocrx_word' id='word_1_694' title='bbox 274 4821 364 4877; x_wconf 85' lang='grc' dir='ltr'><strong>ριν</strong></span> <span class='ocrx_word' id='word_1_695' title='bbox 413 4802 494 4855; x_wconf 81' lang='grc' dir='ltr'>ὅτι</span> <span class='ocrx_word' id='word_1_696' title='bbox 549 4801 816 4869; x_wconf 84' lang='grc' dir='ltr'>πλείστην</span> <span class='ocrx_word' id='word_1_697' title='bbox 851 4801 912 4866; x_wconf 81' lang='grc' dir='ltr'><strong>εξ</strong></span> <span class='ocrx_word' id='word_1_698' title='bbox 958 4797 1209 4868; x_wconf 84' lang='grc' dir='ltr'>ἀνάγκης</span> <span class='ocrx_word' id='word_1_699' title='bbox 1257 4793 1488 4859; x_wconf 74' lang='grc' dir='ltr'>εἰδέναι,</span> <span class='ocrx_word' id='word_1_700' title='bbox 1519 4793 1596 4857; x_wconf 86' lang='grc' dir='ltr'>ὡς</span> <span class='ocrx_word' id='word_1_701' title='bbox 1641 4791 1866 4855; x_wconf 86' lang='grc' dir='ltr'>τούτους</span> 
     </span>
    </p>
   </div>
   <div class='ocr_carea' id='block_1_94' title="bbox 273 4878 1862 4967">
    <p class='ocr_par' dir='ltr' id='par_1_94' title="bbox 273 4878 1862 4967">
     <span class='ocr_line' id='line_1_94' title="bbox 273 4878 1862 4967; baseline -0.01 -16"><span class='ocrx_word' id='word_1_702' title='bbox 273 4896 647 4967; x_wconf 80' lang='grc' dir='ltr'>κοσμήσαντι·</span> <span class='ocrx_word' id='word_1_703' title='bbox 680 4893 708 4948; x_wconf 83' lang='grc' dir='ltr'><strong>ὃ</strong></span> <span class='ocrx_word' id='word_1_704' title='bbox 740 4893 847 4964; x_wconf 87' lang='grc' dir='ltr'><strong>γάρ</strong></span> <span class='ocrx_word' id='word_1_705' title='bbox 874 4893 1018 4945; x_wconf 76' lang='grc' dir='ltr'>εἰσιν</span> <span class='ocrx_word' id='word_1_706' title='bbox 1052 4890 1299 4949; x_wconf 84' lang='grc' dir='ltr'>ἆπαντες</span> <span class='ocrx_word' id='word_1_707' title='bbox 1324 4878 1498 4950; x_wconf 75' lang='grc' dir='ltr'>οὗτοι,</span> <span class='ocrx_word' id='word_1_708' title='bbox 1522 4883 1668 4939; x_wconf 82' lang='grc' dir='ltr'>τοῦτ’</span> <span class='ocrx_word' id='word_1_709' title='bbox 1700 4883 1862 4946; x_wconf 79' lang='grc' dir='ltr'>αὐτὸς</span> 
     </span>
    </p>
   </div>
   <div class='ocr_carea' id='block_1_95' title="bbox 276 4976 1863 5060">
    <p class='ocr_par' dir='ltr' id='par_1_95' title="bbox 276 4976 1863 5060">
     <span class='ocr_line' id='line_1_95' title="bbox 276 4976 1863 5060; baseline -0.009 -18"><span class='ocrx_word' id='word_1_710' title='bbox 276 4992 438 5060; x_wconf 74' lang='grc' dir='ltr'>μόνος</span> <span class='ocrx_word' id='word_1_711' title='bbox 471 4986 767 5057; x_wconf 81' lang='grc' dir='ltr'>τυγχάνεις</span> <span class='ocrx_word' id='word_1_712' title='bbox 800 4983 876 5038; x_wconf 85' lang='grc' dir='ltr'>ὢν</span> <span class='ocrx_word' id='word_1_713' title='bbox 898 5023 913 5049; x_wconf 96' lang='grc'><strong>,</strong></span> <span class='ocrx_word' id='word_1_714' title='bbox 949 4982 1027 5052; x_wconf 83' lang='grc' dir='ltr'>τῷ</span> <span class='ocrx_word' id='word_1_715' title='bbox 1065 4980 1186 5053; x_wconf 70' lang='grc' dir='ltr'>μεθ’</span> <span class='ocrx_word' id='word_1_716' title='bbox 1221 4979 1535 5052; x_wconf 84' lang='grc' dir='ltr'>ὑπερὸολῆς</span> <span class='ocrx_word' id='word_1_717' title='bbox 1568 4978 1751 5032; x_wconf 83' lang='grc' dir='ltr'>πάντα</span> <span class='ocrx_word' id='word_1_718' title='bbox 1791 4976 1863 5028; x_wconf 76' lang='grc' dir='ltr'>τὰ</span> 
     </span>
    </p>
   </div>
   <div class='ocr_carea' id='block_1_96' title="bbox 276 5067 1862 5151">
    <p class='ocr_par' dir='ltr' id='par_1_96' title="bbox 276 5067 1862 5151">
     <span class='ocr_line' id='line_1_96' title="bbox 276 5067 1862 5151; baseline -0.011 -12"><span class='ocrx_word' id='word_1_719' title='bbox 276 5093 502 5138; x_wconf 74' lang='grc' dir='ltr'>πάντων</span> <span class='ocrx_word' id='word_1_720' title='bbox 531 5078 866 5151; x_wconf 82' lang='grc' dir='ltr'>κεκτῆσθαι·</span> <span class='ocrx_word' id='word_1_721' title='bbox 902 5076 1000 5130; x_wconf 80' lang='grc' dir='ltr'>καὶ</span> <span class='ocrx_word' id='word_1_722' title='bbox 1031 5070 1173 5128; x_wconf 79' lang='grc' dir='ltr'>εἶναι</span> <span class='ocrx_word' id='word_1_723' title='bbox 1209 5072 1550 5135; x_wconf 86' lang='grc' dir='ltr'>παντοδαπός</span> <span class='ocrx_word' id='word_1_724' title='bbox 1584 5087 1671 5134; x_wconf 87' lang='grc' dir='ltr'><strong>τις</strong></span> <span class='ocrx_word' id='word_1_725' title='bbox 1704 5067 1862 5137; x_wconf 76' lang='grc' dir='ltr'>ἅγιος</span> 
     </span>
    </p>
   </div>
   <div class='ocr_carea' id='block_1_97' title="bbox 230 5166 1864 5254">
    <p class='ocr_par' dir='ltr' id='par_1_97' title="bbox 230 5166 1864 5254">
     <span class='ocr_line' id='line_1_97' title="bbox 230 5166 1864 5254; baseline -0.009 -25"><span class='ocrx_word' id='word_1_726' title='bbox 230 5238 239 5254; x_wconf 46' lang='lat'><strong><em>.</em></strong></span> <span class='ocrx_word' id='word_1_727' title='bbox 273 5175 350 5238; x_wconf 80' lang='grc' dir='ltr'><strong>ὡς</strong></span> <span class='ocrx_word' id='word_1_728' title='bbox 382 5176 561 5230; x_wconf 78' lang='grc' dir='ltr'>εἰπεῖν</span> <span class='ocrx_word' id='word_1_729' title='bbox 592 5177 707 5238; x_wconf 86' lang='grc' dir='ltr'>τοῖς</span> <span class='ocrx_word' id='word_1_730' title='bbox 752 5171 1131 5233; x_wconf 84' lang='grc' dir='ltr'>παντοδαπαῖς</span> <span class='ocrx_word' id='word_1_731' title='bbox 1178 5167 1278 5223; x_wconf 76' lang='grc' dir='ltr'>τοῦ</span> <span class='ocrx_word' id='word_1_732' title='bbox 1318 5166 1638 5239; x_wconf 86' lang='grc' dir='ltr'>Πνεύματος</span> <span class='ocrx_word' id='word_1_733' title='bbox 1674 5166 1864 5235; x_wconf 83' lang='grc' dir='ltr'>χάρισι</span> 
     </span>
    </p>
   </div>
   <div class='ocr_carea' id='block_1_98' title="bbox 274 5264 725 5334">
    <p class='ocr_par' dir='ltr' id='par_1_98' title="bbox 274 5264 725 5334">
     <span class='ocr_line' id='line_1_98' title="bbox 274 5264 725 5334; baseline -0.004 -13"><span class='ocrx_word' id='word_1_734' title='bbox 274 5264 725 5334; x_wconf 86' lang='grc' dir='ltr'>καταγλαισθείς.</span> 
     </span>
    </p>
   </div>
   <div class='ocr_carea' id='block_1_99' title="bbox 1977 4766 3565 4851">
    <p class='ocr_par' dir='ltr' id='par_1_99' title="bbox 1977 4766 3565 4851">
     <span class='ocr_line' id='line_1_99' title="bbox 1977 4766 3565 4851; baseline -0.011 -15"><span class='ocrx_word' id='word_1_735' title='bbox 1977 4777 2430 4851; x_wconf 70' lang='lat' dir='ltr'><strong>coniunctissime</strong></span> <span class='ocrx_word' id='word_1_736' title='bbox 2461 4770 2788 4844; x_wconf 87' lang='lat' dir='ltr'><strong>perfrueris.</strong></span> <span class='ocrx_word' id='word_1_737' title='bbox 2838 4767 3085 4838; x_wconf 88' lang='lat' dir='ltr'><strong>Denique</strong></span> <span class='ocrx_word' id='word_1_738' title='bbox 3142 4766 3401 4821; x_wconf 86' lang='lat' dir='ltr'><strong>universo</strong></span> <span class='ocrx_word' id='word_1_739' title='bbox 3435 4767 3565 4820; x_wconf 86' lang='lat' dir='ltr'><strong>item</strong></span> 
     </span>
    </p>
   </div>
   <div class='ocr_carea' id='block_1_100' title="bbox 1976 4859 3572 4932">
    <p class='ocr_par' dir='ltr' id='par_1_100' title="bbox 1976 4859 3572 4932">
     <span class='ocr_line' id='line_1_100' title="bbox 1976 4859 3572 4932; baseline -0.012 -3"><span class='ocrx_word' id='word_1_740' title='bbox 1976 4883 2291 4930; x_wconf 85' lang='lat' dir='ltr'><strong>sanctorum</strong></span> <span class='ocrx_word' id='word_1_741' title='bbox 2327 4866 2535 4924; x_wconf 89' lang='lat' dir='ltr'><strong>circulo</strong></span> <span class='ocrx_word' id='word_1_742' title='bbox 2578 4863 2713 4919; x_wconf 83' lang='lat' dir='ltr'><strong>tanti</strong></span> <span class='ocrx_word' id='word_1_743' title='bbox 2778 4872 2866 4916; x_wconf 90' lang='lat' dir='ltr'><strong>tua</strong></span> <span class='ocrx_word' id='word_1_744' title='bbox 2910 4859 3157 4932; x_wconf 90' lang='lat' dir='ltr'><strong>profecto</strong></span> <span class='ocrx_word' id='word_1_745' title='bbox 3202 4860 3572 4927; x_wconf 82' lang='lat' dir='ltr'><strong>aestimantur,</strong></span> 
     </span>
    </p>
   </div>
   <div class='ocr_carea' id='block_1_101' title="bbox 1973 4953 3576 5039">
    <p class='ocr_par' dir='ltr' id='par_1_101' title="bbox 1973 4953 3576 5039">
     <span class='ocr_line' id='line_1_101' title="bbox 1973 4953 3576 5039; baseline -0.012 -13"><span class='ocrx_word' id='word_1_746' title='bbox 1973 4970 2224 5039; x_wconf 89' lang='lat' dir='ltr'><strong>adeoque</strong></span> <span class='ocrx_word' id='word_1_747' title='bbox 2258 4966 2499 5020; x_wconf 67' lang='lat' dir='ltr'><strong>maximo</strong></span> <span class='ocrx_word' id='word_1_748' title='bbox 2535 4959 2807 5015; x_wconf 86' lang='lat' dir='ltr'><strong>habentur</strong></span> <span class='ocrx_word' id='word_1_749' title='bbox 2843 4957 2898 5011; x_wconf 94' lang='lat' dir='ltr'><strong>in</strong></span> <span class='ocrx_word' id='word_1_750' title='bbox 2931 4955 3130 5025; x_wconf 90' lang='lat' dir='ltr'><strong>pretio,</strong></span> <span class='ocrx_word' id='word_1_751' title='bbox 3163 4964 3221 5009; x_wconf 90' lang='lat' dir='ltr'><strong>ut</strong></span> <span class='ocrx_word' id='word_1_752' title='bbox 3251 4970 3373 5011; x_wconf 86' lang='lat' dir='ltr'><strong>cum</strong></span> <span class='ocrx_word' id='word_1_753' title='bbox 3407 4953 3576 5024; x_wconf 80' lang='lat' dir='ltr'><strong>perli-</strong></span> 
     </span>
    </p>
   </div>
   <div class='ocr_carea' id='block_1_102' title="bbox 1976 5046 3573 5122">
    <p class='ocr_par' dir='ltr' id='par_1_102' title="bbox 1976 5046 3573 5122">
     <span class='ocr_line' id='line_1_102' title="bbox 1976 5046 3573 5122; baseline -0.012 -3"><span class='ocrx_word' id='word_1_754' title='bbox 1976 5063 2170 5118; x_wconf 89' lang='lat' dir='ltr'><strong>benter</strong></span> <span class='ocrx_word' id='word_1_755' title='bbox 2229 5059 2407 5113; x_wconf 91' lang='lat' dir='ltr'><strong>locum</strong></span> <span class='ocrx_word' id='word_1_756' title='bbox 2442 5051 2744 5122; x_wconf 88' lang='lat' dir='ltr'><strong>principem</strong></span> <span class='ocrx_word' id='word_1_757' title='bbox 2792 5049 2888 5104; x_wconf 91' lang='lat' dir='ltr'><strong>tibi</strong></span> <span class='ocrx_word' id='word_1_758' title='bbox 2945 5047 3253 5102; x_wconf 89' lang='lat' dir='ltr'><strong>concedant</strong></span> <span class='ocrx_word' id='word_1_759' title='bbox 3287 5062 3352 5103; x_wconf 90' lang='lat' dir='ltr'><strong>ac</strong></span> <span class='ocrx_word' id='word_1_760' title='bbox 3401 5046 3573 5102; x_wconf 69' lang='lat' dir='ltr'><strong>relin~</strong></span> 
     </span>
    </p>
   </div>
   <div class='ocr_carea' id='block_1_103' title="bbox 1973 5139 3575 5226">
    <p class='ocr_par' dir='ltr' id='par_1_103' title="bbox 1973 5139 3575 5226">
     <span class='ocr_line' id='line_1_103' title="bbox 1973 5139 3575 5226; baseline -0.01 -17"><span class='ocrx_word' id='word_1_761' title='bbox 1973 5164 2165 5226; x_wconf 83' lang='lat' dir='ltr'><strong>quant,</strong></span> <span class='ocrx_word' id='word_1_762' title='bbox 2222 5161 2333 5205; x_wconf 90' lang='lat' dir='ltr'><strong>tum</strong></span> <span class='ocrx_word' id='word_1_763' title='bbox 2367 5146 2534 5201; x_wconf 86' lang='lat' dir='ltr'><strong>etiam</strong></span> <span class='ocrx_word' id='word_1_764' title='bbox 2584 5141 2899 5198; x_wconf 85' lang='lat' dir='ltr'><strong>necessario</strong></span> <span class='ocrx_word' id='word_1_765' title='bbox 2930 5141 3162 5195; x_wconf 86' lang='lat' dir='ltr'><strong>summis</strong></span> <span class='ocrx_word' id='word_1_766' title='bbox 3213 5148 3265 5195; x_wconf 89' lang='lat' dir='ltr'><strong>te</strong></span> <span class='ocrx_word' id='word_1_767' title='bbox 3321 5139 3575 5195; x_wconf 87' lang='lat' dir='ltr'><strong>laudibus</strong></span> 
     </span>
    </p>
   </div>
   <div class='ocr_carea' id='block_1_104' title="bbox 1970 5234 3573 5322">
    <p class='ocr_par' dir='ltr' id='par_1_104' title="bbox 1970 5234 3573 5322">
     <span class='ocr_line' id='line_1_104' title="bbox 1970 5234 3573 5322; baseline -0.009 -19"><span class='ocrx_word' id='word_1_768' title='bbox 1970 5249 2351 5322; x_wconf 77' lang='lat' dir='ltr'><strong>gratibusque,</strong></span> <span class='ocrx_word' id='word_1_769' title='bbox 2387 5240 2477 5311; x_wconf 91' lang='lat' dir='ltr'><strong>qui</strong></span> <span class='ocrx_word' id='word_1_770' title='bbox 2506 5239 2652 5309; x_wconf 88' lang='lat' dir='ltr'><strong>ipsos</strong></span> <span class='ocrx_word' id='word_1_771' title='bbox 2675 5237 2985 5303; x_wconf 81' lang='lat' dir='ltr'><strong>ornaveris,</strong></span> <span class='ocrx_word' id='word_1_772' title='bbox 3011 5235 3215 5291; x_wconf 87' lang='lat' dir='ltr'><strong>ferant.</strong></span> <span class='ocrx_word' id='word_1_773' title='bbox 3248 5234 3403 5302; x_wconf 86' lang='lat' dir='ltr'><strong>Quod</strong></span> <span class='ocrx_word' id='word_1_774' title='bbox 3424 5235 3573 5289; x_wconf 86' lang='lat' dir='ltr'><strong>enim</strong></span> 
     </span>
    </p>
   </div>
   <div class='ocr_carea' id='block_1_105' title="bbox 277 5328 3569 5438">
    <p class='ocr_par' dir='ltr' id='par_1_105' title="bbox 277 5328 3569 5438">
     <span class='ocr_line' id='line_1_105' title="bbox 277 5328 3569 5438; baseline -0.008 -19"><span class='ocrx_word' id='word_1_775' title='bbox 277 5364 382 5435; x_wconf 80' lang='lat' dir='ltr'><strong>ipsi</strong></span> <span class='ocrx_word' id='word_1_776' title='bbox 415 5328 650 5419; x_wconf 78' lang='lat' dir='ltr'><strong>universi</strong></span> <span class='ocrx_word' id='word_1_777' title='bbox 671 5360 836 5418; x_wconf 84' lang='lat' dir='ltr'><strong>simul</strong></span> <span class='ocrx_word' id='word_1_778' title='bbox 864 5367 1016 5427; x_wconf 89' lang='lat' dir='ltr'><strong>sunt,</strong></span> <span class='ocrx_word' id='word_1_779' title='bbox 1043 5357 1097 5413; x_wconf 91' lang='lat' dir='ltr'><strong>id</strong></span> <span class='ocrx_word' id='word_1_780' title='bbox 1131 5366 1246 5412; x_wconf 89' lang='lat' dir='ltr'><strong>tute</strong></span> <span class='ocrx_word' id='word_1_781' title='bbox 1275 5356 1427 5412; x_wconf 86' lang='lat' dir='ltr'><strong>solus</strong></span> <span class='ocrx_word' id='word_1_782' title='bbox 1446 5371 1526 5422; x_wconf 88' lang='lat' dir='ltr'><strong>es,</strong></span> <span class='ocrx_word' id='word_1_783' title='bbox 1553 5354 1770 5426; x_wconf 87' lang='lat' dir='ltr'><strong>quando</strong></span> <span class='ocrx_word' id='word_1_784' title='bbox 1793 5351 1982 5408; x_wconf 89' lang='lat' dir='ltr'><strong>omnia</strong></span> <span class='ocrx_word' id='word_1_785' title='bbox 2007 5345 2251 5404; x_wconf 90' lang='lat' dir='ltr'><strong>omnium</strong></span> <span class='ocrx_word' id='word_1_786' title='bbox 2280 5339 2505 5438; x_wconf 68' lang='lat' dir='ltr'><strong>decora,</strong></span> <span class='ocrx_word' id='word_1_787' title='bbox 2546 5348 2723 5438; x_wconf 72' lang='lat' dir='ltr'><strong>eaque</strong></span> <span class='ocrx_word' id='word_1_788' title='bbox 2754 5330 3348 5438; x_wconf 22' lang='lat' dir='ltr'><strong>perfectissimam“</strong></span> <span class='ocrx_word' id='word_1_789' title='bbox 3374 5328 3569 5438; x_wconf 32' lang='lat' dir='ltr'><strong>ita???</strong></span> 
     </span>
    </p>
   </div>
   <div class='ocr_carea' id='block_1_106' title="bbox 275 5421 3581 5524">
    <p class='ocr_par' dir='ltr' id='par_1_106' title="bbox 275 5421 3581 5524">
     <span class='ocr_line' id='line_1_106' title="bbox 275 5421 3581 5524; baseline -0.011 -12"><span class='ocrx_word' id='word_1_790' title='bbox 275 5421 332 5513; x_wconf 67' lang='lat' dir='ltr'><strong>et</strong></span> <span class='ocrx_word' id='word_1_791' title='bbox 359 5467 417 5512; x_wconf 93' lang='lat' dir='ltr'><strong>ut</strong></span> <span class='ocrx_word' id='word_1_792' title='bbox 462 5457 630 5512; x_wconf 77' lang='lat' dir='ltr'><strong>verbo</strong></span> <span class='ocrx_word' id='word_1_793' title='bbox 659 5456 858 5521; x_wconf 83' lang='lat' dir='ltr'><strong>dicam,</strong></span> <span class='ocrx_word' id='word_1_794' title='bbox 906 5452 1263 5522; x_wconf 29' lang='lat' dir='ltr'><strong>universalis,</strong></span> <span class='ocrx_word' id='word_1_795' title='bbox 1305 5451 1580 5524; x_wconf 83' lang='lat' dir='ltr'><strong>quispiam</strong></span> <span class='ocrx_word' id='word_1_796' title='bbox 1613 5458 1841 5506; x_wconf 89' lang='lat' dir='ltr'><strong>sanctus</strong></span> <span class='ocrx_word' id='word_1_797' title='bbox 1883 5460 1968 5514; x_wconf 87' lang='lat' dir='ltr'><strong>es,</strong></span> <span class='ocrx_word' id='word_1_798' title='bbox 2022 5433 2426 5498; x_wconf 82' lang='lat' dir='ltr'><strong>universalibus</strong></span> <span class='ocrx_word' id='word_1_799' title='bbox 2473 5427 2715 5501; x_wconf 84' lang='lat' dir='ltr'><strong>Spiritus</strong></span> <span class='ocrx_word' id='word_1_800' title='bbox 2765 5427 2943 5484; x_wconf 86' lang='lat' dir='ltr'><strong>sancti</strong></span> <span class='ocrx_word' id='word_1_801' title='bbox 2987 5421 3308 5480; x_wconf 89' lang='lat' dir='ltr'><strong>muneribus</strong></span> <span class='ocrx_word' id='word_1_802' title='bbox 3339 5421 3581 5477; x_wconf 76' lang='lat' dir='ltr'><strong>mirifice-</strong></span> 
     </span>
    </p>
   </div>
   <div class='ocr_carea' id='block_1_107' title="bbox 274 5548 599 5604">
    <p class='ocr_par' dir='ltr' id='par_1_107' title="bbox 274 5548 599 5604">
     <span class='ocr_line' id='line_1_107' title="bbox 274 5548 599 5604; baseline 0.006 -2"><span class='ocrx_word' id='word_1_803' title='bbox 274 5548 599 5604; x_wconf 89' lang='lat' dir='ltr'><strong>illustratus.</strong></span> 
     </span>
    </p>
   </div>
   <div class='ocr_carea' id='block_1_108' title="bbox 348 5632 1864 5712">
    <p class='ocr_par' dir='ltr' id='par_1_108' title="bbox 348 5632 1864 5712">
     <span class='ocr_line' id='line_1_108' title="bbox 348 5632 1864 5712; baseline -0.007 -15"><span class='ocrx_word' id='word_1_804' title='bbox 348 5642 533 5697; x_wconf 79' lang='lat' dir='ltr'><strong>PKH’.</strong></span> <span class='ocrx_word' id='word_1_805' title='bbox 566 5661 584 5694; x_wconf 82' lang='grc' dir='ltr'><strong>ι</strong></span> <span class='ocrx_word' id='word_1_806' title='bbox 614 5638 684 5696; x_wconf 82' lang='grc' dir='ltr'>Ὦ</span> <span class='ocrx_word' id='word_1_807' title='bbox 704 5639 1019 5712; x_wconf 72' lang='grc' dir='ltr'>προφητικὲ</span> <span class='ocrx_word' id='word_1_808' title='bbox 1050 5640 1138 5704; x_wconf 82' lang='grc' dir='ltr'>σὺ,</span> <span class='ocrx_word' id='word_1_809' title='bbox 1177 5639 1275 5693; x_wconf 64' lang='grc' dir='ltr'><strong>καὶ⁵</strong></span> <span class='ocrx_word' id='word_1_810' title='bbox 1305 5636 1522 5707; x_wconf 81' lang='grc' dir='ltr'>βλέπων</span> <span class='ocrx_word' id='word_1_811' title='bbox 1557 5634 1629 5688; x_wconf 76' lang='grc' dir='ltr'>τὰ</span> <span class='ocrx_word' id='word_1_812' title='bbox 1649 5632 1864 5704; x_wconf 68' lang='grc' dir='ltr'>ἐμπροσ-</span> 
     </span>
    </p>
   </div>
   <div class='ocr_carea' id='block_1_109' title="bbox 278 5726 1863 5807">
    <p class='ocr_par' dir='ltr' id='par_1_109' title="bbox 278 5726 1863 5807">
     <span class='ocr_line' id='line_1_109' title="bbox 278 5726 1863 5807; baseline -0.006 -17"><span class='ocrx_word' id='word_1_813' title='bbox 278 5735 431 5804; x_wconf 78' lang='grc' dir='ltr'>σθεν,</span> <span class='ocrx_word' id='word_1_814' title='bbox 480 5754 502 5789; x_wconf 69' lang='grc' dir='ltr'><strong>ι</strong></span> <span class='ocrx_word' id='word_1_815' title='bbox 536 5735 632 5805; x_wconf 79' lang='grc' dir='ltr'>καὶ</span> <span class='ocrx_word' id='word_1_816' title='bbox 675 5738 742 5806; x_wconf 74' lang='grc' dir='ltr'>τῇ</span> <span class='ocrx_word' id='word_1_817' title='bbox 791 5733 888 5807; x_wconf 75' lang='grc' dir='ltr'><strong>τού</strong></span> <span class='ocrx_word' id='word_1_818' title='bbox 941 5731 1035 5786; x_wconf 82' lang='grc' dir='ltr'>νοῦ</span> <span class='ocrx_word' id='word_1_819' title='bbox 1098 5730 1465 5803; x_wconf 72' lang='grc' dir='ltr'>καθαρότητι,</span> <span class='ocrx_word' id='word_1_820' title='bbox 1526 5726 1863 5800; x_wconf 75' lang='grc' dir='ltr'>παμπόλλας</span> 
     </span>
    </p>
   </div>
   <div class='ocr_carea' id='block_1_110' title="bbox 350 5916 1304 5995">
    <p class='ocr_par' dir='ltr' id='par_1_110' title="bbox 350 5916 1304 5995">
     <span class='ocr_line' id='line_1_110' title="bbox 350 5916 1304 5995; baseline -0.007 -18"><span class='ocrx_word' id='word_1_821' title='bbox 350 5922 430 5995; x_wconf 76' lang='lat' dir='ltr'><strong>(l)</strong></span> <span class='ocrx_word' id='word_1_822' title='bbox 463 5921 741 5980; x_wconf 80' lang='lat' dir='ltr'><strong>Fortasse.</strong></span> <span class='ocrx_word' id='word_1_823' title='bbox 772 5919 915 5993; x_wconf 73' lang='grc' dir='ltr'>ἥξει.</span> <span class='ocrx_word' id='word_1_824' title='bbox 942 5919 1023 5976; x_wconf 76' lang='lat' dir='ltr'><strong>An</strong></span> <span class='ocrx_word' id='word_1_825' title='bbox 1054 5916 1166 5986; x_wconf 70' lang='grc' dir='ltr'>ἕξει</span> <span class='ocrx_word' id='word_1_826' title='bbox 1196 5933 1304 5981; x_wconf 82' lang='grc' dir='ltr'>τις.</span> 
     </span>
    </p>
   </div>
   <div class='ocr_carea' id='block_1_111' title="bbox 942 6195 973 6212">
    <p class='ocr_par' dir='ltr' id='par_1_111' title="bbox 942 6195 973 6212">
     <span class='ocr_line' id='line_1_111' title="bbox 942 6195 973 6212; baseline 0 0"><span class='ocrx_word' id='word_1_827' title='bbox 942 6195 973 6212; x_wconf 52' lang='grc' dir='ltr'>ε</span> 
     </span>
    </p>
   </div>
   <div class='ocr_carea' id='block_1_112' title="bbox 2045 5611 3583 5685">
    <p class='ocr_par' dir='ltr' id='par_1_112' title="bbox 2045 5611 3583 5685">
     <span class='ocr_line' id='line_1_112' title="bbox 2045 5611 3583 5685; baseline -0.014 -3"><span class='ocrx_word' id='word_1_828' title='bbox 2045 5618 2326 5682; x_wconf 77' lang='lat' dir='ltr'><strong>CXXVIII.</strong></span> <span class='ocrx_word' id='word_1_829' title='bbox 2369 5637 2387 5670; x_wconf 83' lang='grc' dir='ltr'><strong>ι</strong></span> <span class='ocrx_word' id='word_1_830' title='bbox 2421 5616 2467 5672; x_wconf 92' lang='grc' dir='ltr'>Ο</span> <span class='ocrx_word' id='word_1_831' title='bbox 2489 5617 2732 5683; x_wconf 84' lang='lat' dir='ltr'><strong>fatidice,</strong></span> <span class='ocrx_word' id='word_1_832' title='bbox 2764 5625 2819 5671; x_wconf 91' lang='lat' dir='ltr'><strong>et</strong></span> <span class='ocrx_word' id='word_1_833' title='bbox 2862 5615 3019 5685; x_wconf 78' lang='lat' dir='ltr'><strong>longe</strong></span> <span class='ocrx_word' id='word_1_834' title='bbox 3058 5611 3112 5667; x_wconf 92' lang='lat' dir='ltr'><strong>in</strong></span> <span class='ocrx_word' id='word_1_835' title='bbox 3142 5617 3416 5679; x_wconf 86' lang='lat' dir='ltr'><strong>posterum</strong></span> <span class='ocrx_word' id='word_1_836' title='bbox 3451 5622 3583 5674; x_wconf 74' lang='lat' dir='ltr'><strong>pro-</strong></span> 
     </span>
    </p>
   </div>
   <div class='ocr_carea' id='block_1_113' title="bbox 1972 5699 3583 5793">
    <p class='ocr_par' dir='ltr' id='par_1_113' title="bbox 1972 5699 3583 5793">
     <span class='ocr_line' id='line_1_113' title="bbox 1972 5699 3583 5793; baseline -0.014 -15"><span class='ocrx_word' id='word_1_837' title='bbox 1972 5721 2214 5793; x_wconf 81' lang='lat' dir='ltr'><strong>spiciens</strong></span> <span class='ocrx_word' id='word_1_838' title='bbox 2246 5718 2350 5781; x_wconf 83' lang='lat' dir='ltr'><strong>vir,</strong></span> <span class='ocrx_word' id='word_1_839' title='bbox 2387 5732 2405 5765; x_wconf 81' lang='grc' dir='ltr'><strong>ι</strong></span> <span class='ocrx_word' id='word_1_840' title='bbox 2437 5711 2550 5786; x_wconf 76' lang='lat'><strong>(‘20)</strong></span> <span class='ocrx_word' id='word_1_841' title='bbox 2578 5711 2894 5783; x_wconf 85' lang='lat' dir='ltr'><strong>mentisque</strong></span> <span class='ocrx_word' id='word_1_842' title='bbox 2927 5717 3033 5765; x_wconf 77' lang='lat' dir='ltr'><strong>tua:</strong></span> <span class='ocrx_word' id='word_1_843' title='bbox 3090 5703 3358 5762; x_wconf 86' lang='lat' dir='ltr'><strong>munditia</strong></span> <span class='ocrx_word' id='word_1_844' title='bbox 3398 5699 3583 5772; x_wconf 50' lang='lat' dir='ltr'><strong>pluria</strong></span> 
     </span>
    </p>
   </div>
   <div class='ocr_carea' id='block_1_114' title="bbox 2062 5893 2604 5974">
    <p class='ocr_par' dir='ltr' id='par_1_114' title="bbox 2062 5893 2604 5974">
     <span class='ocr_line' id='line_1_114' title="bbox 2062 5893 2604 5974; baseline -0.007 -18"><span class='ocrx_word' id='word_1_845' title='bbox 2062 5903 2175 5974; x_wconf 70' lang='grc' dir='ltr'><strong>(ΞΟ)</strong></span> <span class='ocrx_word' id='word_1_846' title='bbox 2208 5898 2372 5969; x_wconf 74' lang='lat' dir='ltr'><strong>Grcg.</strong></span> <span class='ocrx_word' id='word_1_847' title='bbox 2402 5893 2447 5964; x_wconf 89' lang='lat' dir='ltr'><strong>l,</strong></span> <span class='ocrx_word' id='word_1_848' title='bbox 2479 5894 2604 5952; x_wconf 76' lang='lat' dir='ltr'><strong>5H.</strong></span> 
     </span>
    </p>
   </div>
  </div>
