  <div class='ocr_page' id='page_1' title='image "/cluster/home/n/w/nwhite01/storage/ocr_20150623/145:no.1/coo.31924054870500/181.png"; bbox 0 0 4028 6480; ppageno 0'>
   <div class='ocr_carea' id='block_1_1' title="bbox 449 417 2062 483">
    <p class='ocr_par' dir='ltr' id='par_1_1' title="bbox 449 419 2051 483">
     <span class='ocr_line' id='line_1_1' title="bbox 449 419 2051 483; baseline -0.002 0"><span class='ocrx_word' id='word_1_1' title='bbox 449 419 556 483; x_wconf 73' lang='grc'><strong>347</strong></span> <span class='ocrx_word' id='word_1_2' title='bbox 1653 428 1688 482; x_wconf 86' lang='lat' dir='ltr'><strong>&#39;l</strong></span> <span class='ocrx_word' id='word_1_3' title='bbox 1707 425 2051 483; x_wconf 72' lang='lat' dir='ltr'><strong>HEUDULI</strong></span> 
     </span>
    </p>
   </div>
   <div class='ocr_carea' id='block_1_2' title="bbox 2173 417 3761 483">
    <p class='ocr_par' dir='ltr' id='par_1_2' title="bbox 2173 417 3761 482">
     <span class='ocr_line' id='line_1_2' title="bbox 2173 417 3761 482; baseline -0.001 -2"><span class='ocrx_word' id='word_1_4' title='bbox 2173 423 2445 482; x_wconf 68' lang='lat' dir='ltr'><strong>IlNACHI</strong></span> <span class='ocrx_word' id='word_1_5' title='bbox 3657 417 3761 478; x_wconf 61' lang='grc'><strong>348</strong></span> 
     </span>
    </p>
   </div>
   <div class='ocr_carea' id='block_1_3' title="bbox 451 524 2062 612">
    <p class='ocr_par' dir='ltr' id='par_1_3' title="bbox 451 537 2062 612">
     <span class='ocr_line' id='line_1_3' title="bbox 451 537 2062 612; baseline 0.002 -20"><span class='ocrx_word' id='word_1_6' title='bbox 451 555 568 593; x_wconf 87' lang='lat' dir='ltr'><strong>mas</strong></span> <span class='ocrx_word' id='word_1_7' title='bbox 609 537 776 592; x_wconf 80' lang='lat' dir='ltr'><strong>divini</strong></span> <span class='ocrx_word' id='word_1_8' title='bbox 827 537 1066 608; x_wconf 74' lang='lat' dir='ltr'><strong>Spiritus</strong></span> <span class='ocrx_word' id='word_1_9' title='bbox 1130 538 1519 606; x_wconf 89' lang='lat' dir='ltr'><strong>inspirationes</strong></span> <span class='ocrx_word' id='word_1_10' title='bbox 1566 540 1782 611; x_wconf 86' lang='lat' dir='ltr'><strong>adepte,</strong></span> <span class='ocrx_word' id='word_1_11' title='bbox 1815 559 1835 593; x_wconf 80' lang='grc' dir='ltr'><strong>ι</strong></span> <span class='ocrx_word' id='word_1_12' title='bbox 1869 542 2021 612; x_wconf 74' lang='lat' dir='ltr'><strong>cujus</strong></span> <span class='ocrx_word' id='word_1_13' title='bbox 2054 582 2062 601; x_wconf 50' lang='grc' dir='ltr'><strong><em>ι</em></strong></span> 
     </span>
    </p>
   </div>
   <div class='ocr_carea' id='block_1_4' title="bbox 2173 524 3760 612">
    <p class='ocr_par' dir='ltr' id='par_1_4' title="bbox 2173 524 3760 609">
     <span class='ocr_line' id='line_1_4' title="bbox 2173 524 3760 609; baseline -0.002 -17"><span class='ocrx_word' id='word_1_14' title='bbox 2173 540 2223 604; x_wconf 61' lang='grc' dir='ltr'><strong>ἃς</strong></span> <span class='ocrx_word' id='word_1_15' title='bbox 2257 539 2352 594; x_wconf 86' lang='grc' dir='ltr'><strong>τοῦ</strong></span> <span class='ocrx_word' id='word_1_16' title='bbox 2382 538 2699 609; x_wconf 77' lang='grc' dir='ltr'>Πνεῦματος</span> <span class='ocrx_word' id='word_1_17' title='bbox 2715 535 3003 609; x_wconf 81' lang='grc' dir='ltr'>δεχόμενος</span> <span class='ocrx_word' id='word_1_18' title='bbox 3031 535 3355 601; x_wconf 81' lang='grc' dir='ltr'>ἐπιπνοίας,</span> <span class='ocrx_word' id='word_1_19' title='bbox 3391 551 3413 587; x_wconf 74' lang='grc' dir='ltr'><strong>ι</strong></span> <span class='ocrx_word' id='word_1_20' title='bbox 3455 524 3638 603; x_wconf 86' lang='grc' dir='ltr'>οῦπερ</span> <span class='ocrx_word' id='word_1_21' title='bbox 3683 537 3760 590; x_wconf 80' lang='lat' dir='ltr'><strong>ei:</strong></span> 
     </span>
    </p>
   </div>
   <div class='ocr_carea' id='block_1_5' title="bbox 453 625 2062 704">
    <p class='ocr_par' dir='ltr' id='par_1_5' title="bbox 453 631 2033 704">
     <span class='ocr_line' id='line_1_5' title="bbox 453 631 2033 704; baseline 0.004 -20"><span class='ocrx_word' id='word_1_22' title='bbox 453 633 507 684; x_wconf 93' lang='lat' dir='ltr'><strong>in</strong></span> <span class='ocrx_word' id='word_1_23' title='bbox 551 646 770 686; x_wconf 89' lang='lat' dir='ltr'><strong>omnem</strong></span> <span class='ocrx_word' id='word_1_24' title='bbox 815 643 1013 686; x_wconf 89' lang='lat' dir='ltr'><strong>terram</strong></span> <span class='ocrx_word' id='word_1_25' title='bbox 1053 631 1182 686; x_wconf 81' lang='lat' dir='ltr'><strong>exiit</strong></span> <span class='ocrx_word' id='word_1_26' title='bbox 1226 633 1343 686; x_wconf 82' lang='lat' dir='ltr'><strong>fons</strong></span> <span class='ocrx_word' id='word_1_27' title='bbox 1373 633 1438 700; x_wconf 81' lang='grc'><strong>⁸⁷,</strong></span> <span class='ocrx_word' id='word_1_28' title='bbox 1471 651 1490 685; x_wconf 74' lang='grc' dir='ltr'><strong>ι</strong></span> <span class='ocrx_word' id='word_1_29' title='bbox 1528 648 1676 688; x_wconf 91' lang='lat' dir='ltr'><strong>more</strong></span> <span class='ocrx_word' id='word_1_30' title='bbox 1710 637 2033 704; x_wconf 86' lang='lat' dir='ltr'><strong>apostolico,</strong></span> 
     </span>
    </p>
   </div>
   <div class='ocr_carea' id='block_1_6' title="bbox 2173 625 3758 704">
    <p class='ocr_par' dir='ltr' id='par_1_6' title="bbox 2173 625 3758 700">
     <span class='ocr_line' id='line_1_6' title="bbox 2173 625 3758 700; baseline -0.004 -15"><span class='ocrx_word' id='word_1_31' title='bbox 2173 634 2327 687; x_wconf 69' lang='grc' dir='ltr'>πᾶσαν</span> <span class='ocrx_word' id='word_1_32' title='bbox 2360 632 2461 700; x_wconf 84' lang='grc' dir='ltr'>τὴν</span> <span class='ocrx_word' id='word_1_33' title='bbox 2486 633 2591 700; x_wconf 82' lang='grc' dir='ltr'>γῆν</span> <span class='ocrx_word' id='word_1_34' title='bbox 2622 650 2639 682; x_wconf 74' lang='grc' dir='ltr'><strong>ι</strong></span> <span class='ocrx_word' id='word_1_35' title='bbox 2667 628 3044 689; x_wconf 81' lang='grc' dir='ltr'>ἀποστολικῶς</span> <span class='ocrx_word' id='word_1_36' title='bbox 3071 646 3090 679; x_wconf 80' lang='grc' dir='ltr'><strong>ι</strong></span> <span class='ocrx_word' id='word_1_37' title='bbox 3130 629 3158 680; x_wconf 83' lang='grc' dir='ltr'>ὁ</span> <span class='ocrx_word' id='word_1_38' title='bbox 3187 626 3453 696; x_wconf 79' lang='grc' dir='ltr'><strong>φθόγγος</strong></span> <span class='ocrx_word' id='word_1_39' title='bbox 3489 625 3710 697; x_wconf 77' lang='grc' dir='ltr'>ἐξῆλθε,</span> <span class='ocrx_word' id='word_1_40' title='bbox 3741 647 3758 679; x_wconf 73' lang='grc' dir='ltr'><strong>ι</strong></span> 
     </span>
    </p>
   </div>
   <div class='ocr_carea' id='block_1_7' title="bbox 456 717 2062 795">
    <p class='ocr_par' dir='ltr' id='par_1_7' title="bbox 456 725 2037 795">
     <span class='ocr_line' id='line_1_7' title="bbox 456 725 2037 795; baseline 0.005 -19"><span class='ocrx_word' id='word_1_41' title='bbox 456 731 514 778; x_wconf 84' lang='lat' dir='ltr'><strong>et</strong></span> <span class='ocrx_word' id='word_1_42' title='bbox 544 739 706 794; x_wconf 85' lang='lat' dir='ltr'><strong>quem</strong></span> <span class='ocrx_word' id='word_1_43' title='bbox 733 735 990 795; x_wconf 87' lang='lat' dir='ltr'><strong>perpetua</strong></span> <span class='ocrx_word' id='word_1_44' title='bbox 1025 747 1043 778; x_wconf 78' lang='grc' dir='ltr'><strong>ι</strong></span> <span class='ocrx_word' id='word_1_45' title='bbox 1084 725 1449 780; x_wconf 86' lang='lat' dir='ltr'><strong>Ecclesiarum</strong></span> <span class='ocrx_word' id='word_1_46' title='bbox 1485 727 1824 793; x_wconf 90' lang='lat' dir='ltr'><strong>sollicitudo,</strong></span> <span class='ocrx_word' id='word_1_47' title='bbox 1869 748 1888 780; x_wconf 72' lang='grc' dir='ltr'><strong>ι</strong></span> <span class='ocrx_word' id='word_1_48' title='bbox 1929 746 2037 784; x_wconf 88' lang='lat' dir='ltr'><strong>non</strong></span> 
     </span>
    </p>
   </div>
   <div class='ocr_carea' id='block_1_8' title="bbox 2173 717 3758 795">
    <p class='ocr_par' dir='ltr' id='par_1_8' title="bbox 2173 717 3758 794">
     <span class='ocr_line' id='line_1_8' title="bbox 2173 717 3758 794; baseline -0.004 -17"><span class='ocrx_word' id='word_1_49' title='bbox 2173 726 2242 778; x_wconf 64' lang='grc' dir='ltr'><strong>παὶ</strong></span> <span class='ocrx_word' id='word_1_50' title='bbox 2272 724 2332 777; x_wconf 81' lang='grc' dir='ltr'>ὃν</span> <span class='ocrx_word' id='word_1_51' title='bbox 2358 725 2459 794; x_wconf 79' lang='grc' dir='ltr'><strong>ἥγε</strong></span> <span class='ocrx_word' id='word_1_52' title='bbox 2483 722 2741 794; x_wconf 81' lang='grc' dir='ltr'><strong>διηνεκὴς</strong></span> <span class='ocrx_word' id='word_1_53' title='bbox 2777 740 2796 772; x_wconf 81' lang='grc' dir='ltr'><strong>ι</strong></span> <span class='ocrx_word' id='word_1_54' title='bbox 2840 720 3084 789; x_wconf 84' lang='grc' dir='ltr'><strong>μέριμνα</strong></span> <span class='ocrx_word' id='word_1_55' title='bbox 3131 718 3242 771; x_wconf 84' lang='grc' dir='ltr'><strong>τῶν</strong></span> <span class='ocrx_word' id='word_1_56' title='bbox 3307 717 3696 787; x_wconf 83' lang='grc' dir='ltr'>Ἐκκλησιῶν,</span> <span class='ocrx_word' id='word_1_57' title='bbox 3741 736 3758 770; x_wconf 74' lang='lat' dir='ltr'><strong>t</strong></span> 
     </span>
    </p>
   </div>
   <div class='ocr_carea' id='block_1_9' title="bbox 458 811 2062 894">
    <p class='ocr_par' dir='ltr' id='par_1_9' title="bbox 458 817 2040 894">
     <span class='ocr_line' id='line_1_9' title="bbox 458 817 2040 894; baseline 0.005 -24"><span class='ocrx_word' id='word_1_58' title='bbox 458 817 642 872; x_wconf 88' lang='lat' dir='ltr'><strong>minus</strong></span> <span class='ocrx_word' id='word_1_59' title='bbox 673 833 736 872; x_wconf 90' lang='lat' dir='ltr'><strong>ac</strong></span> <span class='ocrx_word' id='word_1_60' title='bbox 778 817 1004 872; x_wconf 88' lang='lat' dir='ltr'><strong>Paulum</strong></span> <span class='ocrx_word' id='word_1_61' title='bbox 1038 818 1188 882; x_wconf 90' lang='lat' dir='ltr'><strong>olim,</strong></span> <span class='ocrx_word' id='word_1_62' title='bbox 1233 819 1464 885; x_wconf 82' lang='lat' dir='ltr'><strong>urgebat</strong></span> <span class='ocrx_word' id='word_1_63' title='bbox 1490 819 1560 886; x_wconf 81' lang='grc'><strong>⁸⁸,</strong></span> <span class='ocrx_word' id='word_1_64' title='bbox 1600 820 1709 875; x_wconf 91' lang='lat' dir='ltr'><strong>imo</strong></span> <span class='ocrx_word' id='word_1_65' title='bbox 1756 838 1887 878; x_wconf 86' lang='lat' dir='ltr'><strong>vero</strong></span> <span class='ocrx_word' id='word_1_66' title='bbox 1922 823 2040 894; x_wconf 90' lang='lat' dir='ltr'><strong>plus</strong></span> 
     </span>
    </p>
   </div>
   <div class='ocr_carea' id='block_1_10' title="bbox 2173 811 3766 894">
    <p class='ocr_par' dir='ltr' id='par_1_10' title="bbox 2177 811 3766 890">
     <span class='ocr_line' id='line_1_10' title="bbox 2177 811 3766 890; baseline -0.004 -20"><span class='ocrx_word' id='word_1_67' title='bbox 2177 819 2243 888; x_wconf 79' lang='grc' dir='ltr'>ὑχ</span> <span class='ocrx_word' id='word_1_68' title='bbox 2281 813 2447 890; x_wconf 82' lang='grc' dir='ltr'>ἦττον</span> <span class='ocrx_word' id='word_1_69' title='bbox 2480 818 2512 882; x_wconf 82' lang='grc' dir='ltr'>ἢ</span> <span class='ocrx_word' id='word_1_70' title='bbox 2548 816 2716 870; x_wconf 85' lang='grc' dir='ltr'>πάλαι</span> <span class='ocrx_word' id='word_1_71' title='bbox 2763 813 2977 868; x_wconf 80' lang='grc' dir='ltr'><strong>Παῦλον</strong></span> <span class='ocrx_word' id='word_1_72' title='bbox 3035 814 3258 882; x_wconf 77' lang='grc' dir='ltr'>κατεῖχε</span> <span class='ocrx_word' id='word_1_73' title='bbox 3280 827 3298 844; x_wconf 87' lang='grc'><strong>·</strong></span> <span class='ocrx_word' id='word_1_74' title='bbox 3341 811 3564 882; x_wconf 75' lang='grc' dir='ltr'>μᾶλλον</span> <span class='ocrx_word' id='word_1_75' title='bbox 3594 811 3652 863; x_wconf 77' lang='grc' dir='ltr'>δὲ</span> <span class='ocrx_word' id='word_1_76' title='bbox 3678 811 3766 863; x_wconf 74' lang='grc' dir='ltr'>καὶ</span> 
     </span>
    </p>
   </div>
   <div class='ocr_carea' id='block_1_11' title="bbox 456 902 2062 1004">
    <p class='ocr_par' dir='ltr' id='par_1_11' title="bbox 456 909 2042 979">
     <span class='ocr_line' id='line_1_11' title="bbox 456 909 2042 979; baseline 0.006 -18"><span class='ocrx_word' id='word_1_77' title='bbox 456 909 620 962; x_wconf 85' lang='lat' dir='ltr'><strong>etiam</strong></span> <span class='ocrx_word' id='word_1_78' title='bbox 675 910 874 964; x_wconf 88' lang='lat' dir='ltr'><strong>rectius</strong></span> <span class='ocrx_word' id='word_1_79' title='bbox 906 911 1228 967; x_wconf 80' lang='lat' dir='ltr'><strong>dixerimus.</strong></span> <span class='ocrx_word' id='word_1_80' title='bbox 1297 913 1529 979; x_wconf 83' lang='lat' dir='ltr'><strong>Quando</strong></span> <span class='ocrx_word' id='word_1_81' title='bbox 1569 915 1656 969; x_wconf 91' lang='lat' dir='ltr'><strong>ille</strong></span> <span class='ocrx_word' id='word_1_82' title='bbox 1726 916 2042 971; x_wconf 76' lang='lat' dir='ltr'><strong>constitutis</strong></span> 
     </span>
    </p>
   </div>
   <div class='ocr_carea' id='block_1_12' title="bbox 2173 902 3766 1004">
    <p class='ocr_par' dir='ltr' id='par_1_12' title="bbox 2173 902 3766 975">
     <span class='ocr_line' id='line_1_12' title="bbox 2173 902 3766 975; baseline -0.003 -13"><span class='ocrx_word' id='word_1_83' title='bbox 2173 911 2310 963; x_wconf 69' lang='grc' dir='ltr'>πλέον</span> <span class='ocrx_word' id='word_1_84' title='bbox 2340 911 2523 972; x_wconf 68' lang='grc' dir='ltr'><strong>⁵εἰπεῖν</strong></span> <span class='ocrx_word' id='word_1_85' title='bbox 2553 909 2786 962; x_wconf 73' lang='grc' dir='ltr'>ἔνεστιν.</span> <span class='ocrx_word' id='word_1_86' title='bbox 2813 904 2987 974; x_wconf 80' lang='grc' dir='ltr'><strong>Εἴπερ</strong></span> <span class='ocrx_word' id='word_1_87' title='bbox 3012 907 3221 965; x_wconf 73' lang='grc' dir='ltr'>ἐκεῖνος</span> <span class='ocrx_word' id='word_1_88' title='bbox 3257 904 3371 974; x_wconf 83' lang='grc' dir='ltr'>μὲν</span> <span class='ocrx_word' id='word_1_89' title='bbox 3403 903 3540 975; x_wconf 75' lang='grc' dir='ltr'>ἄρτι</span> <span class='ocrx_word' id='word_1_90' title='bbox 3563 902 3766 957; x_wconf 81' lang='grc' dir='ltr'>τούτων</span> 
     </span>
    </p>
   </div>
   <div class='ocr_carea' id='block_1_13' title="bbox 456 989 2062 1096">
    <p class='ocr_par' dir='ltr' id='par_1_13' title="bbox 456 1001 2045 1077">
     <span class='ocr_line' id='line_1_13' title="bbox 456 1001 2045 1077; baseline 0.004 -22"><span class='ocrx_word' id='word_1_91' title='bbox 456 1016 632 1071; x_wconf 88' lang='lat' dir='ltr'><strong>nuper</strong></span> <span class='ocrx_word' id='word_1_92' title='bbox 661 1001 937 1068; x_wconf 82' lang='lat' dir='ltr'><strong>Ecclesiis,</strong></span> <span class='ocrx_word' id='word_1_93' title='bbox 979 1003 1129 1060; x_wconf 89' lang='lat' dir='ltr'><strong>curis</strong></span> <span class='ocrx_word' id='word_1_94' title='bbox 1197 1012 1253 1059; x_wconf 87' lang='lat' dir='ltr'><strong>et</strong></span> <span class='ocrx_word' id='word_1_95' title='bbox 1305 1006 1760 1060; x_wconf 88' lang='lat' dir='ltr'><strong>sollicitudinibus</strong></span> <span class='ocrx_word' id='word_1_96' title='bbox 1807 1011 2045 1077; x_wconf 79' lang='lat' dir='ltr'><strong>angeba-</strong></span> 
     </span>
    </p>
   </div>
   <div class='ocr_carea' id='block_1_14' title="bbox 2173 989 3766 1096">
    <p class='ocr_par' dir='ltr' id='par_1_14' title="bbox 2173 989 3766 1068">
     <span class='ocr_line' id='line_1_14' title="bbox 2173 989 3766 1068; baseline -0.006 -16"><span class='ocrx_word' id='word_1_97' title='bbox 2173 999 2593 1068; x_wconf 78' lang='grc' dir='ltr'>ιαθισταμένων,</span> <span class='ocrx_word' id='word_1_98' title='bbox 2631 995 2946 1068; x_wconf 75' lang='grc' dir='ltr'><strong>φροντίζων</strong></span> <span class='ocrx_word' id='word_1_99' title='bbox 2972 989 3040 1064; x_wconf 81' lang='grc' dir='ltr'>ἦν</span> <span class='ocrx_word' id='word_1_100' title='bbox 3073 992 3170 1048; x_wconf 70' lang='grc' dir='ltr'>καὶ</span> <span class='ocrx_word' id='word_1_101' title='bbox 3217 993 3500 1060; x_wconf 81' lang='grc' dir='ltr'>ἀγωνιῶν</span> <span class='ocrx_word' id='word_1_102' title='bbox 3531 994 3593 1046; x_wconf 68' lang='grc' dir='ltr'><strong>τὺ</strong></span> <span class='ocrx_word' id='word_1_103' title='bbox 3619 991 3766 1060; x_wconf 76' lang='grc' dir='ltr'>σφῶν</span> 
     </span>
    </p>
   </div>
   <div class='ocr_carea' id='block_1_15' title="bbox 461 1085 2062 1192">
    <p class='ocr_par' dir='ltr' id='par_1_15' title="bbox 461 1097 2043 1169">
     <span class='ocr_line' id='line_1_15' title="bbox 461 1097 2043 1169; baseline 0.008 -25"><span class='ocrx_word' id='word_1_104' title='bbox 461 1102 590 1148; x_wconf 91' lang='lat' dir='ltr'><strong>tur:</strong></span> <span class='ocrx_word' id='word_1_105' title='bbox 625 1097 711 1148; x_wconf 92' lang='lat' dir='ltr'><strong>cui</strong></span> <span class='ocrx_word' id='word_1_106' title='bbox 747 1111 936 1150; x_wconf 78' lang='lat' dir='ltr'><strong>recens</strong></span> <span class='ocrx_word' id='word_1_107' title='bbox 974 1111 1160 1152; x_wconf 89' lang='lat' dir='ltr'><strong>earum</strong></span> <span class='ocrx_word' id='word_1_108' title='bbox 1215 1099 1620 1169; x_wconf 79' lang='lat' dir='ltr'><strong>coagmentatio</strong></span> <span class='ocrx_word' id='word_1_109' title='bbox 1679 1101 1820 1155; x_wconf 88' lang='lat' dir='ltr'><strong>haud</strong></span> <span class='ocrx_word' id='word_1_110' title='bbox 1883 1100 1952 1155; x_wconf 88' lang='lat' dir='ltr'><strong>ab</strong></span> <span class='ocrx_word' id='word_1_111' title='bbox 1986 1116 2043 1156; x_wconf 92' lang='lat' dir='ltr'><strong>re</strong></span> 
     </span>
    </p>
   </div>
   <div class='ocr_carea' id='block_1_16' title="bbox 2173 1085 3768 1192">
    <p class='ocr_par' dir='ltr' id='par_1_16' title="bbox 2173 1085 3768 1186">
     <span class='ocr_line' id='line_1_16' title="bbox 2173 1085 3768 1186; baseline -0.006 -42"><span class='ocrx_word' id='word_1_112' title='bbox 2173 1092 2458 1162; x_wconf 74' lang='grc' dir='ltr'>ιρτιπαγὲς</span> <span class='ocrx_word' id='word_1_113' title='bbox 2491 1087 2852 1159; x_wconf 74' lang='grc' dir='ltr'>ὑφορώμενος</span> <span class='ocrx_word' id='word_1_114' title='bbox 2874 1103 2888 1118; x_wconf 85' lang='lat'><strong><em>°</em></strong></span> <span class='ocrx_word' id='word_1_115' title='bbox 2936 1089 3000 1140; x_wconf 78' lang='grc' dir='ltr'>σὺ</span> <span class='ocrx_word' id='word_1_116' title='bbox 3025 1087 3082 1140; x_wconf 78' lang='grc' dir='ltr'>δὲ</span> <span class='ocrx_word' id='word_1_117' title='bbox 3111 1086 3215 1156; x_wconf 81' lang='grc' dir='ltr'>τῆς</span> <span class='ocrx_word' id='word_1_118' title='bbox 3251 1085 3571 1143; x_wconf 72' lang='grc' dir='ltr'>εὐσεϐείας</span> <span class='ocrx_word' id='word_1_119' title='bbox 3602 1085 3768 1186; x_wconf 70' lang='grc' dir='ltr'>αὐτῆς</span> 
     </span>
    </p>
   </div>
   <div class='ocr_carea' id='block_1_17' title="bbox 456 1176 2062 1263">
    <p class='ocr_par' dir='ltr' id='par_1_17' title="bbox 456 1184 2044 1263">
     <span class='ocr_line' id='line_1_17' title="bbox 456 1184 2044 1263; baseline 0.006 -24"><span class='ocrx_word' id='word_1_120' title='bbox 456 1184 868 1242; x_wconf 80' lang='lat' dir='ltr'><strong>formidolosior</strong></span> <span class='ocrx_word' id='word_1_121' title='bbox 906 1199 1064 1258; x_wconf 87' lang='lat' dir='ltr'><strong>erat;</strong></span> <span class='ocrx_word' id='word_1_122' title='bbox 1101 1199 1152 1244; x_wconf 94' lang='lat' dir='ltr'><strong>tu</strong></span> <span class='ocrx_word' id='word_1_123' title='bbox 1188 1207 1317 1247; x_wconf 85' lang='lat' dir='ltr'><strong>vero</strong></span> <span class='ocrx_word' id='word_1_124' title='bbox 1383 1193 1583 1262; x_wconf 85' lang='lat' dir='ltr'><strong>pietate</strong></span> <span class='ocrx_word' id='word_1_125' title='bbox 1618 1193 1757 1263; x_wconf 89' lang='lat' dir='ltr'><strong>ipsa,</strong></span> <span class='ocrx_word' id='word_1_126' title='bbox 1796 1209 1893 1263; x_wconf 92' lang='lat' dir='ltr'><strong>per</strong></span> <span class='ocrx_word' id='word_1_127' title='bbox 1930 1211 2044 1249; x_wconf 87' lang='lat' dir='ltr'><strong>ma-</strong></span> 
     </span>
    </p>
   </div>
   <div class='ocr_carea' id='block_1_18' title="bbox 2173 1176 3767 1263">
    <p class='ocr_par' dir='ltr' id='par_1_18' title="bbox 2173 1176 3767 1254">
     <span class='ocr_line' id='line_1_18' title="bbox 2173 1176 3767 1254; baseline -0.008 -16"><span class='ocrx_word' id='word_1_128' title='bbox 2173 1185 2254 1238; x_wconf 73' lang='grc' dir='ltr'>›πδ</span> <span class='ocrx_word' id='word_1_129' title='bbox 2309 1185 2409 1254; x_wconf 83' lang='grc' dir='ltr'>τῆς</span> <span class='ocrx_word' id='word_1_130' title='bbox 2463 1181 2574 1235; x_wconf 84' lang='grc' dir='ltr'><strong>τῶν</strong></span> <span class='ocrx_word' id='word_1_131' title='bbox 2610 1180 2904 1252; x_wconf 81' lang='grc' dir='ltr'>αίρετικῶν</span> <span class='ocrx_word' id='word_1_132' title='bbox 2957 1177 3387 1245; x_wconf 87' lang='grc' dir='ltr'>γλωσσαλγίας,</span> <span class='ocrx_word' id='word_1_133' title='bbox 3461 1176 3562 1229; x_wconf 71' lang='grc' dir='ltr'><strong>ἐπὶ</strong></span> <span class='ocrx_word' id='word_1_134' title='bbox 3608 1176 3767 1245; x_wconf 80' lang='grc' dir='ltr'>ξυροῦ</span> 
     </span>
    </p>
   </div>
   <div class='ocr_carea' id='block_1_19' title="bbox 458 1272 2062 1352">
    <p class='ocr_par' dir='ltr' id='par_1_19' title="bbox 458 1279 2044 1352">
     <span class='ocr_line' id='line_1_19' title="bbox 458 1279 2044 1352; baseline 0.004 -20"><span class='ocrx_word' id='word_1_135' title='bbox 458 1279 688 1332; x_wconf 86' lang='lat' dir='ltr'><strong>ledicam</strong></span> <span class='ocrx_word' id='word_1_136' title='bbox 727 1281 1103 1338; x_wconf 85' lang='lat' dir='ltr'><strong>haereticorum</strong></span> <span class='ocrx_word' id='word_1_137' title='bbox 1157 1284 1556 1352; x_wconf 80' lang='lat' dir='ltr'><strong>garrulitatem,</strong></span> <span class='ocrx_word' id='word_1_138' title='bbox 1602 1288 1656 1340; x_wconf 89' lang='lat' dir='ltr'><strong>in</strong></span> <span class='ocrx_word' id='word_1_139' title='bbox 1716 1286 1832 1340; x_wconf 87' lang='lat' dir='ltr'><strong>acie</strong></span> <span class='ocrx_word' id='word_1_140' title='bbox 1867 1300 2044 1341; x_wconf 87' lang='lat' dir='ltr'><strong>nova-</strong></span> 
     </span>
    </p>
   </div>
   <div class='ocr_carea' id='block_1_20' title="bbox 2173 1272 3768 1352">
    <p class='ocr_par' dir='ltr' id='par_1_20' title="bbox 2173 1272 3768 1347">
     <span class='ocr_line' id='line_1_20' title="bbox 2173 1272 3768 1347; baseline -0.004 -20"><span class='ocrx_word' id='word_1_141' title='bbox 2173 1279 2338 1347; x_wconf 69' lang='grc' dir='ltr'>εκμῆς</span> <span class='ocrx_word' id='word_1_142' title='bbox 2405 1275 2707 1346; x_wconf 73' lang='grc' dir='ltr'><strong>ἑστηκυίας</strong></span> <span class='ocrx_word' id='word_1_143' title='bbox 2759 1277 2858 1328; x_wconf 85' lang='grc' dir='ltr'>καὶ</span> <span class='ocrx_word' id='word_1_144' title='bbox 2907 1272 3349 1341; x_wconf 81' lang='grc' dir='ltr'><strong>κινδυνευούσης</strong></span> <span class='ocrx_word' id='word_1_145' title='bbox 3425 1272 3768 1340; x_wconf 74' lang='grc' dir='ltr'><strong>μεταπεσεῖν</strong></span> 
     </span>
    </p>
   </div>
   <div class='ocr_carea' id='block_1_21' title="bbox 457 1361 2062 1447">
    <p class='ocr_par' dir='ltr' id='par_1_21' title="bbox 457 1370 2044 1447">
     <span class='ocr_line' id='line_1_21' title="bbox 457 1370 2044 1447; baseline 0.006 -25"><span class='ocrx_word' id='word_1_146' title='bbox 457 1370 596 1425; x_wconf 73' lang='lat' dir='ltr'><strong>culte</strong></span> <span class='ocrx_word' id='word_1_147' title='bbox 646 1371 757 1442; x_wconf 85' lang='lat' dir='ltr'><strong>jam</strong></span> <span class='ocrx_word' id='word_1_148' title='bbox 791 1373 916 1440; x_wconf 88' lang='lat' dir='ltr'><strong>sita,</strong></span> <span class='ocrx_word' id='word_1_149' title='bbox 950 1384 1004 1429; x_wconf 89' lang='lat' dir='ltr'><strong>et</strong></span> <span class='ocrx_word' id='word_1_150' title='bbox 1065 1375 1116 1429; x_wconf 93' lang='lat' dir='ltr'><strong>in</strong></span> <span class='ocrx_word' id='word_1_151' title='bbox 1161 1377 1210 1429; x_wconf 93' lang='lat' dir='ltr'><strong>id</strong></span> <span class='ocrx_word' id='word_1_152' title='bbox 1253 1387 1439 1431; x_wconf 88' lang='lat' dir='ltr'><strong>vocata</strong></span> <span class='ocrx_word' id='word_1_153' title='bbox 1497 1377 1823 1447; x_wconf 87' lang='lat' dir='ltr'><strong>periculum,</strong></span> <span class='ocrx_word' id='word_1_154' title='bbox 1886 1395 1955 1434; x_wconf 91' lang='lat' dir='ltr'><strong>ne</strong></span> <span class='ocrx_word' id='word_1_155' title='bbox 1990 1379 2044 1432; x_wconf 92' lang='lat' dir='ltr'><strong>in</strong></span> 
     </span>
    </p>
   </div>
   <div class='ocr_carea' id='block_1_22' title="bbox 2173 1361 3770 1447">
    <p class='ocr_par' dir='ltr' id='par_1_22' title="bbox 2183 1361 3770 1435">
     <span class='ocr_line' id='line_1_22' title="bbox 2183 1361 3770 1435; baseline -0.009 -9"><span class='ocrx_word' id='word_1_156' title='bbox 2183 1374 2230 1435; x_wconf 77' lang='grc' dir='ltr'>ις</span> <span class='ocrx_word' id='word_1_157' title='bbox 2262 1369 2808 1433; x_wconf 73' lang='grc' dir='ltr'>δυσσέϐειαν,πᾶσιν</span> <span class='ocrx_word' id='word_1_158' title='bbox 2869 1361 2954 1429; x_wconf 75' lang='grc' dir='ltr'>οἷς</span> <span class='ocrx_word' id='word_1_159' title='bbox 3011 1361 3164 1434; x_wconf 84' lang='grc' dir='ltr'><strong>εἶχες</strong></span> <span class='ocrx_word' id='word_1_160' title='bbox 3216 1362 3626 1433; x_wconf 83' lang='grc' dir='ltr'>προύμάχεις,</span> <span class='ocrx_word' id='word_1_161' title='bbox 3681 1362 3770 1413; x_wconf 67' lang='grc' dir='ltr'>καὶ</span> 
     </span>
    </p>
   </div>
   <div class='ocr_carea' id='block_1_23' title="bbox 459 1453 2062 1558">
    <p class='ocr_par' dir='ltr' id='par_1_23' title="bbox 459 1463 2049 1540">
     <span class='ocr_line' id='line_1_23' title="bbox 459 1463 2049 1540; baseline 0.007 -27"><span class='ocrx_word' id='word_1_162' title='bbox 459 1463 797 1532; x_wconf 72' lang='lat' dir='ltr'><strong>impietatem</strong></span> <span class='ocrx_word' id='word_1_163' title='bbox 838 1467 995 1534; x_wconf 90' lang='lat' dir='ltr'><strong>plane</strong></span> <span class='ocrx_word' id='word_1_164' title='bbox 1035 1467 1324 1532; x_wconf 74' lang='lat' dir='ltr'><strong>recideret,</strong></span> <span class='ocrx_word' id='word_1_165' title='bbox 1351 1469 1604 1522; x_wconf 88' lang='lat' dir='ltr'><strong>omnibus</strong></span> <span class='ocrx_word' id='word_1_166' title='bbox 1653 1470 1856 1524; x_wconf 89' lang='lat' dir='ltr'><strong>viribus</strong></span> <span class='ocrx_word' id='word_1_167' title='bbox 1922 1486 2049 1540; x_wconf 89' lang='lat' dir='ltr'><strong>pro-</strong></span> 
     </span>
    </p>
   </div>
   <div class='ocr_carea' id='block_1_24' title="bbox 2173 1453 3772 1558">
    <p class='ocr_par' dir='ltr' id='par_1_24' title="bbox 2173 1453 3772 1558">
     <span class='ocr_line' id='line_1_24' title="bbox 2173 1453 3772 1558; baseline -0.006 -45"><span class='ocrx_word' id='word_1_168' title='bbox 2173 1461 2472 1530; x_wconf 71' lang='grc' dir='ltr'>&gt;αυμαστὴν</span> <span class='ocrx_word' id='word_1_169' title='bbox 2528 1461 2689 1529; x_wconf 86' lang='grc' dir='ltr'>χεῖρα</span> <span class='ocrx_word' id='word_1_170' title='bbox 2720 1458 2986 1527; x_wconf 79' lang='grc' dir='ltr'><strong>παρεῖχες</strong></span> <span class='ocrx_word' id='word_1_171' title='bbox 3022 1473 3036 1488; x_wconf 72' lang='grc' dir='ltr'><strong>ο</strong></span> <span class='ocrx_word' id='word_1_172' title='bbox 3070 1458 3097 1510; x_wconf 86' lang='grc' dir='ltr'>ὁ</span> <span class='ocrx_word' id='word_1_173' title='bbox 3135 1455 3596 1558; x_wconf 43' lang='grc' dir='ltr'>βουληθεὶςμέν</span> <span class='ocrx_word' id='word_1_174' title='bbox 3647 1453 3772 1558; x_wconf 43' lang='grc' dir='ltr'>πολ.-</span> 
     </span>
    </p>
   </div>
   <div class='ocr_carea' id='block_1_25' title="bbox 459 1542 2062 1625">
    <p class='ocr_par' dir='ltr' id='par_1_25' title="bbox 459 1557 2042 1625">
     <span class='ocr_line' id='line_1_25' title="bbox 459 1557 2042 1625; baseline 0.008 -18"><span class='ocrx_word' id='word_1_175' title='bbox 459 1557 758 1625; x_wconf 80' lang='lat' dir='ltr'><strong>pngnahas,</strong></span> <span class='ocrx_word' id='word_1_176' title='bbox 813 1569 866 1611; x_wconf 91' lang='lat' dir='ltr'><strong>et</strong></span> <span class='ocrx_word' id='word_1_177' title='bbox 899 1575 1118 1614; x_wconf 90' lang='lat' dir='ltr'><strong>manum</strong></span> <span class='ocrx_word' id='word_1_178' title='bbox 1177 1560 1587 1616; x_wconf 67' lang='lat' dir='ltr'><strong>invictissimam</strong></span> <span class='ocrx_word' id='word_1_179' title='bbox 1635 1565 2042 1619; x_wconf 85' lang='lat' dir='ltr'><strong>counnodahas.</strong></span> 
     </span>
    </p>
   </div>
   <div class='ocr_carea' id='block_1_26' title="bbox 2173 1542 3767 1625">
    <p class='ocr_par' dir='ltr' id='par_1_26' title="bbox 2173 1542 3767 1622">
     <span class='ocr_line' id='line_1_26' title="bbox 2173 1542 3767 1622; baseline -0.004 -18"><span class='ocrx_word' id='word_1_180' title='bbox 2173 1553 2312 1614; x_wconf 86' lang='grc' dir='ltr'>,ἀκις</span> <span class='ocrx_word' id='word_1_181' title='bbox 2345 1553 2484 1622; x_wconf 79' lang='grc' dir='ltr'>ὑπὲρ</span> <span class='ocrx_word' id='word_1_182' title='bbox 2530 1547 2773 1621; x_wconf 75' lang='grc' dir='ltr'><strong>Χριστοῦ</strong></span> <span class='ocrx_word' id='word_1_183' title='bbox 2804 1548 2866 1601; x_wconf 79' lang='grc' dir='ltr'>τὸ</span> <span class='ocrx_word' id='word_1_184' title='bbox 2898 1542 3040 1617; x_wconf 72' lang='grc' dir='ltr'>αἷμα</span> <span class='ocrx_word' id='word_1_185' title='bbox 3073 1549 3290 1616; x_wconf 73' lang='grc' dir='ltr'>ἐκχέαι,</span> <span class='ocrx_word' id='word_1_186' title='bbox 3364 1545 3650 1608; x_wconf 64' lang='grc' dir='ltr'>κωλυθεῖς</span> <span class='ocrx_word' id='word_1_187' title='bbox 3714 1545 3767 1597; x_wconf 80' lang='grc' dir='ltr'>δὲ</span> 
     </span>
    </p>
   </div>
   <div class='ocr_carea' id='block_1_27' title="bbox 460 1649 2050 1724">
    <p class='ocr_par' dir='ltr' id='par_1_27' title="bbox 460 1649 2050 1724">
     <span class='ocr_line' id='line_1_27' title="bbox 460 1649 2050 1724; baseline 0.006 -20"><span class='ocrx_word' id='word_1_188' title='bbox 460 1649 506 1704; x_wconf 99' lang='lat'><strong>0</strong></span> <span class='ocrx_word' id='word_1_189' title='bbox 547 1651 638 1717; x_wconf 89' lang='lat' dir='ltr'><strong>qui</strong></span> <span class='ocrx_word' id='word_1_190' title='bbox 688 1650 884 1718; x_wconf 67' lang='lat' dir='ltr'><strong>saepius</strong></span> <span class='ocrx_word' id='word_1_191' title='bbox 914 1653 1229 1720; x_wconf 77' lang='lat' dir='ltr'><strong>sanguinem</strong></span> <span class='ocrx_word' id='word_1_192' title='bbox 1301 1670 1397 1724; x_wconf 90' lang='lat' dir='ltr'><strong>pro</strong></span> <span class='ocrx_word' id='word_1_193' title='bbox 1443 1655 1660 1710; x_wconf 85' lang='lat' dir='ltr'><strong>Christo</strong></span> <span class='ocrx_word' id='word_1_194' title='bbox 1717 1657 2050 1724; x_wconf 75' lang='lat' dir='ltr'><strong>profundere</strong></span> 
     </span>
    </p>
   </div>
   <div class='ocr_carea' id='block_1_28' title="bbox 461 1738 2049 1811">
    <p class='ocr_par' dir='ltr' id='par_1_28' title="bbox 461 1738 2049 1811">
     <span class='ocr_line' id='line_1_28' title="bbox 461 1738 2049 1811; baseline 0.008 -19"><span class='ocrx_word' id='word_1_195' title='bbox 461 1738 682 1802; x_wconf 80' lang='lat' dir='ltr'><strong>avebas,</strong></span> <span class='ocrx_word' id='word_1_196' title='bbox 741 1742 842 1796; x_wconf 77' lang='lat' dir='ltr'><strong>nisi</strong></span> <span class='ocrx_word' id='word_1_197' title='bbox 893 1743 1005 1811; x_wconf 87' lang='lat' dir='ltr'><strong>ipse</strong></span> <span class='ocrx_word' id='word_1_198' title='bbox 1040 1743 1198 1811; x_wconf 88' lang='lat' dir='ltr'><strong>plane</strong></span> <span class='ocrx_word' id='word_1_199' title='bbox 1263 1747 1620 1811; x_wconf 84' lang='lat' dir='ltr'><strong>cohibuisset,</strong></span> <span class='ocrx_word' id='word_1_200' title='bbox 1655 1764 1720 1802; x_wconf 89' lang='lat' dir='ltr'><strong>ne</strong></span> <span class='ocrx_word' id='word_1_201' title='bbox 1773 1749 1931 1802; x_wconf 90' lang='lat' dir='ltr'><strong>talem</strong></span> <span class='ocrx_word' id='word_1_202' title='bbox 1969 1751 2049 1804; x_wconf 85' lang='lat' dir='ltr'><strong>vi-</strong></span> 
     </span>
    </p>
   </div>
   <div class='ocr_carea' id='block_1_29' title="bbox 463 1821 2048 1913">
    <p class='ocr_par' dir='ltr' id='par_1_29' title="bbox 463 1821 2048 1913">
     <span class='ocr_line' id='line_1_29' title="bbox 463 1821 2048 1913; baseline 0.008 -29"><span class='ocrx_word' id='word_1_203' title='bbox 463 1834 659 1890; x_wconf 91' lang='lat' dir='ltr'><strong>delicet</strong></span> <span class='ocrx_word' id='word_1_204' title='bbox 691 1838 841 1890; x_wconf 84' lang='lat' dir='ltr'><strong>orbis</strong></span> <span class='ocrx_word' id='word_1_205' title='bbox 891 1847 1160 1891; x_wconf 89' lang='lat' dir='ltr'><strong>terrarum</strong></span> <span class='ocrx_word' id='word_1_206' title='bbox 1203 1821 1479 1895; x_wconf 86' lang='lat' dir='ltr'><strong>amitteret</strong></span> <span class='ocrx_word' id='word_1_207' title='bbox 1537 1842 1737 1908; x_wconf 85' lang='lat' dir='ltr'><strong>virum,</strong></span> <span class='ocrx_word' id='word_1_208' title='bbox 1780 1845 1943 1913; x_wconf 79' lang='lat' dir='ltr'><strong>quive</strong></span> <span class='ocrx_word' id='word_1_209' title='bbox 1973 1847 2048 1898; x_wconf 84' lang='lat' dir='ltr'><strong>ci-</strong></span> 
     </span>
    </p>
   </div>
   <div class='ocr_carea' id='block_1_30' title="bbox 466 1929 2049 2002">
    <p class='ocr_par' dir='ltr' id='par_1_30' title="bbox 466 1929 2049 2002">
     <span class='ocr_line' id='line_1_30' title="bbox 466 1929 2049 2002; baseline 0.008 -25"><span class='ocrx_word' id='word_1_210' title='bbox 466 1937 547 1978; x_wconf 85' lang='lat' dir='ltr'><strong>tra</strong></span> <span class='ocrx_word' id='word_1_211' title='bbox 586 1943 833 1980; x_wconf 70' lang='lat' dir='ltr'><strong>cruorem</strong></span> <span class='ocrx_word' id='word_1_212' title='bbox 889 1929 1094 1983; x_wconf 85' lang='lat' dir='ltr'><strong>athleta</strong></span> <span class='ocrx_word' id='word_1_213' title='bbox 1173 1931 1418 1996; x_wconf 73' lang='lat' dir='ltr'><strong>CV2tSiSli,</strong></span> <span class='ocrx_word' id='word_1_214' title='bbox 1471 1932 1723 1985; x_wconf 90' lang='lat' dir='ltr'><strong>nimirum</strong></span> <span class='ocrx_word' id='word_1_215' title='bbox 1785 1938 1926 2002; x_wconf 78' lang='lat' dir='ltr'><strong>qttod</strong></span> <span class='ocrx_word' id='word_1_216' title='bbox 1963 1947 2049 1989; x_wconf 77' lang='lat' dir='ltr'><strong>tua</strong></span> 
     </span>
    </p>
   </div>
   <div class='ocr_carea' id='block_1_31' title="bbox 462 2019 2048 2095">
    <p class='ocr_par' dir='ltr' id='par_1_31' title="bbox 462 2019 2048 2095">
     <span class='ocr_line' id='line_1_31' title="bbox 462 2019 2048 2095; baseline 0.008 -26"><span class='ocrx_word' id='word_1_217' title='bbox 462 2019 826 2074; x_wconf 82' lang='lat' dir='ltr'><strong>destinatione</strong></span> <span class='ocrx_word' id='word_1_218' title='bbox 879 2022 1114 2076; x_wconf 87' lang='lat' dir='ltr'><strong>nominis</strong></span> <span class='ocrx_word' id='word_1_219' title='bbox 1190 2022 1353 2093; x_wconf 87' lang='lat' dir='ltr'><strong>hujus</strong></span> <span class='ocrx_word' id='word_1_220' title='bbox 1425 2025 1747 2095; x_wconf 85' lang='lat' dir='ltr'><strong>numerique</strong></span> <span class='ocrx_word' id='word_1_221' title='bbox 1790 2027 2048 2081; x_wconf 86' lang='lat' dir='ltr'><strong>candida-</strong></span> 
     </span>
    </p>
   </div>
   <div class='ocr_carea' id='block_1_32' title="bbox 463 2114 1002 2168">
    <p class='ocr_par' dir='ltr' id='par_1_32' title="bbox 463 2114 1002 2168">
     <span class='ocr_line' id='line_1_32' title="bbox 463 2114 1002 2168; baseline 0.009 -5"><span class='ocrx_word' id='word_1_222' title='bbox 463 2120 549 2163; x_wconf 87' lang='lat' dir='ltr'><strong>tus</strong></span> <span class='ocrx_word' id='word_1_223' title='bbox 604 2114 823 2166; x_wconf 90' lang='lat' dir='ltr'><strong>omnino</strong></span> <span class='ocrx_word' id='word_1_224' title='bbox 853 2127 1002 2168; x_wconf 90' lang='lat' dir='ltr'><strong>eras.</strong></span> 
     </span>
    </p>
   </div>
   <div class='ocr_carea' id='block_1_33' title="bbox 533 2200 2058 2280">
    <p class='ocr_par' dir='ltr' id='par_1_33' title="bbox 533 2200 2058 2280">
     <span class='ocr_line' id='line_1_33' title="bbox 533 2200 2058 2280; baseline 0.009 -25"><span class='ocrx_word' id='word_1_225' title='bbox 533 2200 774 2257; x_wconf 76' lang='lat' dir='ltr'><strong>CXXIX.</strong></span> <span class='ocrx_word' id='word_1_226' title='bbox 815 2205 859 2260; x_wconf 94' lang='lat'><strong>0</strong></span> <span class='ocrx_word' id='word_1_227' title='bbox 887 2207 976 2273; x_wconf 87' lang='lat' dir='ltr'><strong>qui</strong></span> <span class='ocrx_word' id='word_1_228' title='bbox 1015 2210 1304 2276; x_wconf 83' lang='lat' dir='ltr'><strong>pastoralis</strong></span> <span class='ocrx_word' id='word_1_229' title='bbox 1331 2211 1496 2266; x_wconf 85' lang='lat' dir='ltr'><strong>oil&#39;icii</strong></span> <span class='ocrx_word' id='word_1_230' title='bbox 1536 2227 1804 2268; x_wconf 83' lang='lat' dir='ltr'><strong>summam</strong></span> <span class='ocrx_word' id='word_1_231' title='bbox 1832 2213 2058 2280; x_wconf 80' lang='lat' dir='ltr'><strong>lineam,</strong></span> 
     </span>
    </p>
   </div>
   <div class='ocr_carea' id='block_1_34' title="bbox 464 2296 2054 2374">
    <p class='ocr_par' dir='ltr' id='par_1_34' title="bbox 464 2296 2054 2374">
     <span class='ocr_line' id='line_1_34' title="bbox 464 2296 2054 2374; baseline 0.008 -28"><span class='ocrx_word' id='word_1_232' title='bbox 464 2302 518 2346; x_wconf 89' lang='lat' dir='ltr'><strong>et</strong></span> <span class='ocrx_word' id='word_1_233' title='bbox 550 2296 900 2364; x_wconf 86' lang='lat' dir='ltr'><strong>temetipsum</strong></span> <span class='ocrx_word' id='word_1_234' title='bbox 945 2308 998 2352; x_wconf 90' lang='lat' dir='ltr'><strong>et</strong></span> <span class='ocrx_word' id='word_1_235' title='bbox 1033 2315 1154 2368; x_wconf 70' lang='lat' dir='ltr'><strong>quae</strong></span> <span class='ocrx_word' id='word_1_236' title='bbox 1184 2303 1251 2356; x_wconf 89' lang='lat' dir='ltr'><strong>de</strong></span> <span class='ocrx_word' id='word_1_237' title='bbox 1276 2317 1340 2356; x_wconf 90' lang='lat' dir='ltr'><strong>eo</strong></span> <span class='ocrx_word' id='word_1_238' title='bbox 1408 2305 1626 2374; x_wconf 85' lang='lat' dir='ltr'><strong>negotio</strong></span> <span class='ocrx_word' id='word_1_239' title='bbox 1668 2305 1868 2374; x_wconf 91' lang='lat' dir='ltr'><strong>scripta</strong></span> <span class='ocrx_word' id='word_1_240' title='bbox 1901 2321 2054 2360; x_wconf 87' lang='lat' dir='ltr'><strong>com-</strong></span> 
     </span>
    </p>
   </div>
   <div class='ocr_carea' id='block_1_35' title="bbox 471 2390 2058 2466">
    <p class='ocr_par' dir='ltr' id='par_1_35' title="bbox 471 2390 2058 2466">
     <span class='ocr_line' id='line_1_35' title="bbox 471 2390 2058 2466; baseline 0.009 -27"><span class='ocrx_word' id='word_1_241' title='bbox 471 2401 756 2454; x_wconf 87' lang='lat' dir='ltr'><strong>posueras,</strong></span> <span class='ocrx_word' id='word_1_242' title='bbox 797 2390 1129 2446; x_wconf 83' lang='lat' dir='ltr'><strong>exhibuistil</strong></span> <span class='ocrx_word' id='word_1_243' title='bbox 1170 2394 1213 2448; x_wconf 92' lang='grc' dir='ltr'>Ο</span> <span class='ocrx_word' id='word_1_244' title='bbox 1241 2395 1332 2463; x_wconf 88' lang='lat' dir='ltr'><strong>qui</strong></span> <span class='ocrx_word' id='word_1_245' title='bbox 1405 2395 1704 2450; x_wconf 73' lang='lat' dir='ltr'><strong>solitariam</strong></span> <span class='ocrx_word' id='word_1_246' title='bbox 1734 2409 1787 2452; x_wconf 90' lang='lat' dir='ltr'><strong>et</strong></span> <span class='ocrx_word' id='word_1_247' title='bbox 1819 2398 2058 2466; x_wconf 85' lang='lat' dir='ltr'><strong>quietam</strong></span> 
     </span>
    </p>
   </div>
   <div class='ocr_carea' id='block_1_36' title="bbox 467 2478 2064 2545">
    <p class='ocr_par' dir='ltr' id='par_1_36' title="bbox 467 2478 2064 2545">
     <span class='ocr_line' id='line_1_36' title="bbox 467 2478 2064 2545; baseline 0.011 -17"><span class='ocrx_word' id='word_1_248' title='bbox 467 2478 686 2532; x_wconf 78' lang='lat' dir='ltr'><strong>vivendi</strong></span> <span class='ocrx_word' id='word_1_249' title='bbox 738 2481 1005 2536; x_wconf 90' lang='lat' dir='ltr'><strong>rationem</strong></span> <span class='ocrx_word' id='word_1_250' title='bbox 1052 2493 1106 2538; x_wconf 91' lang='lat' dir='ltr'><strong>et</strong></span> <span class='ocrx_word' id='word_1_251' title='bbox 1154 2485 1218 2539; x_wconf 91' lang='lat' dir='ltr'><strong>ad</strong></span> <span class='ocrx_word' id='word_1_252' title='bbox 1275 2487 1562 2542; x_wconf 77' lang='lat' dir='ltr'><strong>materiam</strong></span> <span class='ocrx_word' id='word_1_253' title='bbox 1600 2489 1747 2543; x_wconf 91' lang='lat' dir='ltr'><strong>nullo</strong></span> <span class='ocrx_word' id='word_1_254' title='bbox 1780 2490 1941 2544; x_wconf 88' lang='lat' dir='ltr'><strong>modo</strong></span> <span class='ocrx_word' id='word_1_255' title='bbox 1971 2490 2064 2545; x_wconf 83' lang='lat' dir='ltr'><strong>ﬂe-</strong></span> 
     </span>
    </p>
   </div>
   <div class='ocr_carea' id='block_1_37' title="bbox 466 2569 2062 2653">
    <p class='ocr_par' dir='ltr' id='par_1_37' title="bbox 466 2569 2062 2653">
     <span class='ocr_line' id='line_1_37' title="bbox 466 2569 2062 2653; baseline 0.01 -33"><span class='ocrx_word' id='word_1_256' title='bbox 466 2569 712 2635; x_wconf 79' lang='lat' dir='ltr'><strong>xibilem,</strong></span> <span class='ocrx_word' id='word_1_257' title='bbox 744 2575 836 2626; x_wconf 89' lang='lat' dir='ltr'><strong>sed</strong></span> <span class='ocrx_word' id='word_1_258' title='bbox 874 2575 939 2628; x_wconf 88' lang='lat' dir='ltr'><strong>ad</strong></span> <span class='ocrx_word' id='word_1_259' title='bbox 993 2573 1164 2632; x_wconf 78' lang='lat' dir='ltr'><strong>Deum</strong></span> <span class='ocrx_word' id='word_1_260' title='bbox 1202 2589 1464 2653; x_wconf 87' lang='lat' dir='ltr'><strong>perpetuo</strong></span> <span class='ocrx_word' id='word_1_261' title='bbox 1502 2580 1787 2647; x_wconf 89' lang='lat' dir='ltr'><strong>intentam,</strong></span> <span class='ocrx_word' id='word_1_262' title='bbox 1825 2583 1895 2635; x_wconf 88' lang='lat' dir='ltr'><strong>ita</strong></span> <span class='ocrx_word' id='word_1_263' title='bbox 1936 2598 2062 2653; x_wconf 88' lang='lat' dir='ltr'><strong>pro-</strong></span> 
     </span>
    </p>
   </div>
   <div class='ocr_carea' id='block_1_38' title="bbox 468 2652 2062 2742">
    <p class='ocr_par' dir='ltr' id='par_1_38' title="bbox 468 2652 2062 2742">
     <span class='ocr_line' id='line_1_38' title="bbox 468 2652 2062 2742; baseline 0.011 -30"><span class='ocrx_word' id='word_1_264' title='bbox 468 2664 611 2716; x_wconf 87' lang='lat' dir='ltr'><strong>tinus</strong></span> <span class='ocrx_word' id='word_1_265' title='bbox 645 2664 712 2717; x_wconf 85' lang='lat' dir='ltr'><strong>ab</strong></span> <span class='ocrx_word' id='word_1_266' title='bbox 761 2667 986 2721; x_wconf 85' lang='lat' dir='ltr'><strong>ineunte</strong></span> <span class='ocrx_word' id='word_1_267' title='bbox 1025 2677 1186 2723; x_wconf 61' lang='lat' dir='ltr'><strong>aetate</strong></span> <span class='ocrx_word' id='word_1_268' title='bbox 1232 2652 1522 2735; x_wconf 80' lang='lat' dir='ltr'><strong>adamasti,</strong></span> <span class='ocrx_word' id='word_1_269' title='bbox 1571 2682 1626 2724; x_wconf 92' lang='lat' dir='ltr'><strong>et</strong></span> <span class='ocrx_word' id='word_1_270' title='bbox 1682 2652 1968 2742; x_wconf 81' lang='lat' dir='ltr'><strong>expetisti,</strong></span> <span class='ocrx_word' id='word_1_271' title='bbox 2008 2683 2062 2729; x_wconf 92' lang='lat' dir='ltr'><strong>et</strong></span> 
     </span>
    </p>
   </div>
   <div class='ocr_carea' id='block_1_39' title="bbox 469 2763 2059 2836">
    <p class='ocr_par' dir='ltr' id='par_1_39' title="bbox 469 2763 2059 2836">
     <span class='ocr_line' id='line_1_39' title="bbox 469 2763 2059 2836; baseline 0.007 -26"><span class='ocrx_word' id='word_1_272' title='bbox 469 2771 639 2825; x_wconf 86' lang='lat' dir='ltr'><strong>super</strong></span> <span class='ocrx_word' id='word_1_273' title='bbox 673 2769 901 2815; x_wconf 74' lang='lat' dir='ltr'><strong>caeteros</strong></span> <span class='ocrx_word' id='word_1_274' title='bbox 935 2763 1240 2819; x_wconf 83' lang='lat' dir='ltr'><strong>rectissime</strong></span> <span class='ocrx_word' id='word_1_275' title='bbox 1286 2764 1584 2832; x_wconf 78' lang='lat' dir='ltr'><strong>perfecisti,</strong></span> <span class='ocrx_word' id='word_1_276' title='bbox 1612 2767 1758 2821; x_wconf 81' lang='lat' dir='ltr'><strong>velut</strong></span> <span class='ocrx_word' id='word_1_277' title='bbox 1788 2768 2059 2836; x_wconf 86' lang='lat' dir='ltr'><strong>quispiam</strong></span> 
     </span>
    </p>
   </div>
   <div class='ocr_carea' id='block_1_40' title="bbox 469 2855 2063 2926">
    <p class='ocr_par' dir='ltr' id='par_1_40' title="bbox 469 2855 2063 2926">
     <span class='ocr_line' id='line_1_40' title="bbox 469 2855 2063 2926; baseline 0.01 -26"><span class='ocrx_word' id='word_1_278' title='bbox 469 2857 622 2901; x_wconf 82' lang='lat' dir='ltr'><strong>extra</strong></span> <span class='ocrx_word' id='word_1_279' title='bbox 656 2865 876 2905; x_wconf 89' lang='lat' dir='ltr'><strong>carnem</strong></span> <span class='ocrx_word' id='word_1_280' title='bbox 930 2855 1305 2924; x_wconf 89' lang='lat' dir='ltr'><strong>mundumque</strong></span> <span class='ocrx_word' id='word_1_281' title='bbox 1335 2859 1544 2926; x_wconf 85' lang='lat' dir='ltr'><strong>positus</strong></span> <span class='ocrx_word' id='word_1_282' title='bbox 1569 2868 1620 2910; x_wconf 88' lang='lat' dir='ltr'><strong>et</strong></span> <span class='ocrx_word' id='word_1_283' title='bbox 1654 2857 1769 2912; x_wconf 88' lang='lat' dir='ltr'><strong>sola</strong></span> <span class='ocrx_word' id='word_1_284' title='bbox 1805 2861 2063 2916; x_wconf 82' lang='lat' dir='ltr'><strong>victitans</strong></span> 
     </span>
    </p>
   </div>
   <div class='ocr_carea' id='block_1_41' title="bbox 469 2940 2066 3018">
    <p class='ocr_par' dir='ltr' id='par_1_41' title="bbox 469 2940 2066 3018">
     <span class='ocr_line' id='line_1_41' title="bbox 469 2940 2066 3018; baseline 0.006 -26"><span class='ocrx_word' id='word_1_285' title='bbox 469 2940 686 2995; x_wconf 87' lang='lat' dir='ltr'><strong>anima!</strong></span> <span class='ocrx_word' id='word_1_286' title='bbox 740 2941 784 2997; x_wconf 95' lang='lat'><strong>0</strong></span> <span class='ocrx_word' id='word_1_287' title='bbox 853 2944 944 3012; x_wconf 91' lang='lat' dir='ltr'><strong>qui</strong></span> <span class='ocrx_word' id='word_1_288' title='bbox 977 2952 1130 2999; x_wconf 83' lang='lat' dir='ltr'><strong>tanto</strong></span> <span class='ocrx_word' id='word_1_289' title='bbox 1181 2947 1436 3000; x_wconf 83' lang='lat' dir='ltr'><strong>virtutem</strong></span> <span class='ocrx_word' id='word_1_290' title='bbox 1489 2948 1703 3002; x_wconf 90' lang='lat' dir='ltr'><strong>coluisti</strong></span> <span class='ocrx_word' id='word_1_291' title='bbox 1745 2963 1934 3018; x_wconf 89' lang='lat' dir='ltr'><strong>opere,</strong></span> <span class='ocrx_word' id='word_1_292' title='bbox 2005 2961 2066 3004; x_wconf 93' lang='lat' dir='ltr'><strong>ut</strong></span> 
     </span>
    </p>
   </div>
   <div class='ocr_carea' id='block_1_42' title="bbox 469 3034 2051 3110">
    <p class='ocr_par' dir='ltr' id='par_1_42' title="bbox 469 3034 2051 3110">
     <span class='ocr_line' id='line_1_42' title="bbox 469 3034 2051 3110; baseline 0.004 -25"><span class='ocrx_word' id='word_1_293' title='bbox 469 3047 572 3086; x_wconf 90' lang='lat' dir='ltr'><strong>nec</strong></span> <span class='ocrx_word' id='word_1_294' title='bbox 603 3034 922 3089; x_wconf 82' lang='lat' dir='ltr'><strong>adolescens</strong></span> <span class='ocrx_word' id='word_1_295' title='bbox 979 3035 1256 3110; x_wconf 60' lang='lat' dir='ltr'><strong>abaetate</strong></span> <span class='ocrx_word' id='word_1_296' title='bbox 1309 3039 1599 3108; x_wconf 87' lang='lat' dir='ltr'><strong>provectis,</strong></span> <span class='ocrx_word' id='word_1_297' title='bbox 1651 3049 1705 3093; x_wconf 89' lang='lat' dir='ltr'><strong>et</strong></span> <span class='ocrx_word' id='word_1_298' title='bbox 1740 3041 1830 3109; x_wconf 89' lang='lat' dir='ltr'><strong>qui</strong></span> <span class='ocrx_word' id='word_1_299' title='bbox 1863 3041 1916 3098; x_wconf 89' lang='lat' dir='ltr'><strong>in</strong></span> <span class='ocrx_word' id='word_1_300' title='bbox 1947 3041 2051 3095; x_wconf 84' lang='lat' dir='ltr'><strong>vir-</strong></span> 
     </span>
    </p>
   </div>
   <div class='ocr_carea' id='block_1_43' title="bbox 473 3126 2068 3198">
    <p class='ocr_par' dir='ltr' id='par_1_43' title="bbox 473 3126 2068 3198">
     <span class='ocr_line' id='line_1_43' title="bbox 473 3126 2068 3198; baseline 0.007 -21"><span class='ocrx_word' id='word_1_301' title='bbox 473 3126 604 3179; x_wconf 88' lang='lat' dir='ltr'><strong>tutis</strong></span> <span class='ocrx_word' id='word_1_302' title='bbox 653 3127 1059 3183; x_wconf 81' lang='lat' dir='ltr'><strong>meditamentis</strong></span> <span class='ocrx_word' id='word_1_303' title='bbox 1105 3130 1393 3198; x_wconf 90' lang='lat' dir='ltr'><strong>plurimum</strong></span> <span class='ocrx_word' id='word_1_304' title='bbox 1457 3132 1860 3187; x_wconf 82' lang='lat' dir='ltr'><strong>desudaverant</strong></span> <span class='ocrx_word' id='word_1_305' title='bbox 1911 3145 2068 3188; x_wconf 82' lang='lat' dir='ltr'><strong>ante-</strong></span> 
     </span>
    </p>
   </div>
   <div class='ocr_carea' id='block_1_44' title="bbox 2153 1635 3762 1712">
    <p class='ocr_par' dir='ltr' id='par_1_44' title="bbox 2153 1635 3762 1712">
     <span class='ocr_line' id='line_1_44' title="bbox 2153 1635 3762 1712; baseline -0.006 -16"><span class='ocrx_word' id='word_1_306' title='bbox 2153 1644 2243 1712; x_wconf 84' lang='grc' dir='ltr'><strong>ὑφ’</strong></span> <span class='ocrx_word' id='word_1_307' title='bbox 2270 1641 2436 1696; x_wconf 81' lang='grc' dir='ltr'>αὐτοῦ</span> <span class='ocrx_word' id='word_1_308' title='bbox 2466 1641 2681 1705; x_wconf 83' lang='grc' dir='ltr'>τούτου,</span> <span class='ocrx_word' id='word_1_309' title='bbox 2722 1639 2842 1710; x_wconf 80' lang='grc' dir='ltr'><strong>ὲφῷ</strong></span> <span class='ocrx_word' id='word_1_310' title='bbox 2883 1639 2958 1710; x_wconf 80' lang='grc' dir='ltr'>μὴ</span> <span class='ocrx_word' id='word_1_311' title='bbox 3013 1641 3115 1698; x_wconf 70' lang='grc' dir='ltr'>τὴν</span> <span class='ocrx_word' id='word_1_312' title='bbox 3150 1637 3509 1706; x_wconf 70' lang='grc' dir='ltr'>οἰκουμένην</span> <span class='ocrx_word' id='word_1_313' title='bbox 3573 1635 3762 1705; x_wconf 67' lang='grc' dir='ltr'>ἀνδρὸς</span> 
     </span>
    </p>
   </div>
   <div class='ocr_carea' id='block_1_45' title="bbox 2153 1729 3766 1803">
    <p class='ocr_par' dir='ltr' id='par_1_45' title="bbox 2153 1729 3766 1803">
     <span class='ocr_line' id='line_1_45' title="bbox 2153 1729 3766 1803; baseline -0.004 -17"><span class='ocrx_word' id='word_1_314' title='bbox 2153 1733 2492 1803; x_wconf 75' lang='grc' dir='ltr'><strong>ἐστερῆσθαι</strong></span> <span class='ocrx_word' id='word_1_315' title='bbox 2555 1731 2836 1785; x_wconf 75' lang='grc' dir='ltr'>τοιούτου·</span> <span class='ocrx_word' id='word_1_316' title='bbox 2927 1731 3024 1784; x_wconf 76' lang='grc' dir='ltr'>καὶ</span> <span class='ocrx_word' id='word_1_317' title='bbox 3099 1729 3354 1797; x_wconf 72' lang='grc' dir='ltr'>γεγονὼς</span> <span class='ocrx_word' id='word_1_318' title='bbox 3425 1729 3766 1796; x_wconf 82' lang='grc' dir='ltr'>ἀναίμακτος</span> 
     </span>
    </p>
   </div>
   <div class='ocr_carea' id='block_1_46' title="bbox 2153 1820 3756 1894">
    <p class='ocr_par' dir='ltr' id='par_1_46' title="bbox 2153 1820 3756 1894">
     <span class='ocr_line' id='line_1_46' title="bbox 2153 1820 3756 1894; baseline -0.006 -16"><span class='ocrx_word' id='word_1_319' title='bbox 2153 1825 2417 1894; x_wconf 77' lang='grc' dir='ltr'>ἀθλητὴς,</span> <span class='ocrx_word' id='word_1_320' title='bbox 2448 1827 2526 1887; x_wconf 76' lang='grc' dir='ltr'><strong>εἰς</strong></span> <span class='ocrx_word' id='word_1_321' title='bbox 2586 1824 2812 1888; x_wconf 66' lang='grc' dir='ltr'>τούτους</span> <span class='ocrx_word' id='word_1_322' title='bbox 2861 1823 2945 1876; x_wconf 81' lang='grc' dir='ltr'>ὅτι</span> <span class='ocrx_word' id='word_1_323' title='bbox 2996 1822 3236 1893; x_wconf 79' lang='grc' dir='ltr'>μάλιστα</span> <span class='ocrx_word' id='word_1_324' title='bbox 3287 1824 3363 1892; x_wconf 85' lang='grc' dir='ltr'><strong>τῇ</strong></span> <span class='ocrx_word' id='word_1_325' title='bbox 3426 1820 3756 1890; x_wconf 77' lang='grc' dir='ltr'>προαιρέσει</span> 
     </span>
    </p>
   </div>
   <div class='ocr_carea' id='block_1_47' title="bbox 2160 1919 2354 1974">
    <p class='ocr_par' dir='ltr' id='par_1_47' title="bbox 2160 1919 2354 1974">
     <span class='ocr_line' id='line_1_47' title="bbox 2160 1919 2354 1974; baseline 0.01 -2"><span class='ocrx_word' id='word_1_326' title='bbox 2160 1919 2354 1974; x_wconf 81' lang='grc' dir='ltr'>τελῶν.</span> 
     </span>
    </p>
   </div>
   <div class='ocr_carea' id='block_1_48' title="bbox 2230 2199 3768 2275">
    <p class='ocr_par' dir='ltr' id='par_1_48' title="bbox 2230 2199 3768 2275">
     <span class='ocr_line' id='line_1_48' title="bbox 2230 2199 3768 2275; baseline -0.006 -13"><span class='ocrx_word' id='word_1_327' title='bbox 2230 2205 2404 2262; x_wconf 81' lang='grc' dir='ltr'><strong>ΡΚΘ¹.</strong></span> <span class='ocrx_word' id='word_1_328' title='bbox 2431 2199 2503 2258; x_wconf 81' lang='grc' dir='ltr'><strong><em>Ὦ</em></strong></span> <span class='ocrx_word' id='word_1_329' title='bbox 2543 2203 2914 2274; x_wconf 74' lang='grc' dir='ltr'>ποιμαντικῆς</span> <span class='ocrx_word' id='word_1_330' title='bbox 2949 2203 3075 2275; x_wconf 75' lang='grc' dir='ltr'>ὅρον</span> <span class='ocrx_word' id='word_1_331' title='bbox 3106 2203 3310 2257; x_wconf 88' lang='grc' dir='ltr'>σαυτόν</span> <span class='ocrx_word' id='word_1_332' title='bbox 3345 2221 3411 2257; x_wconf 90' lang='grc' dir='ltr'><strong>τε</strong></span> <span class='ocrx_word' id='word_1_333' title='bbox 3448 2202 3658 2268; x_wconf 82' lang='grc' dir='ltr'>δείξας,</span> <span class='ocrx_word' id='word_1_334' title='bbox 3684 2201 3768 2254; x_wconf 66' lang='grc' dir='ltr'>καὶ</span> 
     </span>
    </p>
   </div>
   <div class='ocr_carea' id='block_1_49' title="bbox 2159 2291 3768 2370">
    <p class='ocr_par' dir='ltr' id='par_1_49' title="bbox 2159 2291 3768 2370">
     <span class='ocr_line' id='line_1_49' title="bbox 2159 2291 3768 2370; baseline -0.005 -16"><span class='ocrx_word' id='word_1_335' title='bbox 2159 2301 2256 2364; x_wconf 83' lang='grc' dir='ltr'><strong>οὒς</strong></span> <span class='ocrx_word' id='word_1_336' title='bbox 2285 2300 2428 2370; x_wconf 81' lang='grc' dir='ltr'>ὑπὲρ</span> <span class='ocrx_word' id='word_1_337' title='bbox 2466 2301 2660 2353; x_wconf 79' lang='grc' dir='ltr'>τούτου</span> <span class='ocrx_word' id='word_1_338' title='bbox 2721 2297 2915 2365; x_wconf 80' lang='grc' dir='ltr'>λόγους</span> <span class='ocrx_word' id='word_1_339' title='bbox 2957 2295 3224 2360; x_wconf 82' lang='grc' dir='ltr'>ξυνέθουῐ</span> <span class='ocrx_word' id='word_1_340' title='bbox 3293 2291 3373 2348; x_wconf 84' lang='grc' dir='ltr'><strong><em>Ὦ</em></strong></span> <span class='ocrx_word' id='word_1_341' title='bbox 3429 2296 3496 2350; x_wconf 78' lang='grc' dir='ltr'><strong>τὸ</strong></span> <span class='ocrx_word' id='word_1_342' title='bbox 3536 2296 3768 2366; x_wconf 78' lang='grc' dir='ltr'>μονῆρες</span> 
     </span>
    </p>
   </div>
   <div class='ocr_carea' id='block_1_50' title="bbox 2161 2388 3767 2464">
    <p class='ocr_par' dir='ltr' id='par_1_50' title="bbox 2161 2388 3767 2464">
     <span class='ocr_line' id='line_1_50' title="bbox 2161 2388 3767 2464; baseline -0.004 -19"><span class='ocrx_word' id='word_1_343' title='bbox 2161 2393 2258 2446; x_wconf 83' lang='grc' dir='ltr'><strong>τοῦ</strong></span> <span class='ocrx_word' id='word_1_344' title='bbox 2293 2391 2410 2463; x_wconf 83' lang='grc' dir='ltr'>βίου</span> <span class='ocrx_word' id='word_1_345' title='bbox 2443 2393 2538 2445; x_wconf 68' lang='grc' dir='ltr'>καὶ</span> <span class='ocrx_word' id='word_1_346' title='bbox 2561 2393 2792 2464; x_wconf 82' lang='grc' dir='ltr'>ἥσυχον,</span> <span class='ocrx_word' id='word_1_347' title='bbox 2829 2391 2925 2443; x_wconf 71' lang='grc' dir='ltr'>καὶ</span> <span class='ocrx_word' id='word_1_348' title='bbox 2960 2389 3100 2457; x_wconf 74' lang='grc' dir='ltr'>πρὸς</span> <span class='ocrx_word' id='word_1_349' title='bbox 3145 2389 3247 2457; x_wconf 70' lang='grc' dir='ltr'>μὲν</span> <span class='ocrx_word' id='word_1_350' title='bbox 3293 2388 3404 2458; x_wconf 75' lang='grc' dir='ltr'>τὴν</span> <span class='ocrx_word' id='word_1_351' title='bbox 3451 2388 3592 2457; x_wconf 87' lang='grc' dir='ltr'>ῦλην</span> <span class='ocrx_word' id='word_1_352' title='bbox 3641 2403 3767 2440; x_wconf 83' lang='grc' dir='ltr'>παν-</span> 
     </span>
    </p>
   </div>
   <div class='ocr_carea' id='block_1_51' title="bbox 2163 2478 3764 2555">
    <p class='ocr_par' dir='ltr' id='par_1_51' title="bbox 2163 2478 3764 2555">
     <span class='ocr_line' id='line_1_51' title="bbox 2163 2478 3764 2555; baseline -0.005 -17"><span class='ocrx_word' id='word_1_353' title='bbox 2163 2485 2401 2538; x_wconf 82' lang='grc' dir='ltr'>τάπασιν</span> <span class='ocrx_word' id='word_1_354' title='bbox 2436 2484 2677 2548; x_wconf 83' lang='grc' dir='ltr'>ἀκλινὲς,</span> <span class='ocrx_word' id='word_1_355' title='bbox 2703 2483 2841 2555; x_wconf 70' lang='grc' dir='ltr'>πρὸς</span> <span class='ocrx_word' id='word_1_356' title='bbox 2872 2481 2929 2536; x_wconf 83' lang='grc' dir='ltr'>δὲ</span> <span class='ocrx_word' id='word_1_357' title='bbox 2963 2481 3098 2536; x_wconf 82' lang='grc' dir='ltr'><strong>Θεὸν</strong></span> <span class='ocrx_word' id='word_1_358' title='bbox 3132 2480 3255 2550; x_wconf 80' lang='grc' dir='ltr'>ἔχον</span> <span class='ocrx_word' id='word_1_359' title='bbox 3300 2482 3445 2545; x_wconf 70' lang='grc' dir='ltr'>αἰεὶ,</span> <span class='ocrx_word' id='word_1_360' title='bbox 3490 2479 3668 2542; x_wconf 73' lang='grc' dir='ltr'>οὕτως</span> <span class='ocrx_word' id='word_1_361' title='bbox 3711 2478 3764 2544; x_wconf 80' lang='grc' dir='ltr'>ὲξ</span> 
     </span>
    </p>
   </div>
   <div class='ocr_carea' id='block_1_52' title="bbox 2165 2571 3764 2650">
    <p class='ocr_par' dir='ltr' id='par_1_52' title="bbox 2165 2571 3764 2650">
     <span class='ocr_line' id='line_1_52' title="bbox 2165 2571 3764 2650; baseline -0.008 -17"><span class='ocrx_word' id='word_1_362' title='bbox 2165 2579 2341 2650; x_wconf 84' lang='grc' dir='ltr'>ἀρχῆς</span> <span class='ocrx_word' id='word_1_363' title='bbox 2399 2578 2696 2647; x_wconf 77' lang='grc' dir='ltr'>ἀγαπήσας</span> <span class='ocrx_word' id='word_1_364' title='bbox 2720 2592 2778 2629; x_wconf 82' lang='grc' dir='ltr'><strong>τε</strong></span> <span class='ocrx_word' id='word_1_365' title='bbox 2811 2573 2908 2629; x_wconf 75' lang='grc' dir='ltr'>καὶ</span> <span class='ocrx_word' id='word_1_366' title='bbox 2952 2573 3220 2642; x_wconf 78' lang='grc' dir='ltr'>ποθήσας,</span> <span class='ocrx_word' id='word_1_367' title='bbox 3255 2572 3360 2625; x_wconf 75' lang='grc' dir='ltr'>καὶ</span> <span class='ocrx_word' id='word_1_368' title='bbox 3391 2573 3542 2642; x_wconf 83' lang='grc' dir='ltr'>ὑπὲρ</span> <span class='ocrx_word' id='word_1_369' title='bbox 3566 2571 3764 2632; x_wconf 83' lang='grc' dir='ltr'>πάντας</span> 
     </span>
    </p>
   </div>
   <div class='ocr_carea' id='block_1_53' title="bbox 2166 2665 3763 2741">
    <p class='ocr_par' dir='ltr' id='par_1_53' title="bbox 2166 2665 3763 2741">
     <span class='ocr_line' id='line_1_53' title="bbox 2166 2665 3763 2741; baseline -0.007 -15"><span class='ocrx_word' id='word_1_370' title='bbox 2166 2669 2579 2741; x_wconf 83' lang='grc' dir='ltr'>κατωρθωκὼς,</span> <span class='ocrx_word' id='word_1_371' title='bbox 2619 2670 2696 2733; x_wconf 85' lang='grc' dir='ltr'>ὠς</span> <span class='ocrx_word' id='word_1_372' title='bbox 2725 2670 2790 2724; x_wconf 83' lang='grc' dir='ltr'><strong>ἀν</strong></span> <span class='ocrx_word' id='word_1_373' title='bbox 2818 2685 2904 2730; x_wconf 89' lang='grc' dir='ltr'><strong>τις</strong></span> <span class='ocrx_word' id='word_1_374' title='bbox 2933 2666 3038 2733; x_wconf 76' lang='grc' dir='ltr'><strong>ἔξω</strong></span> <span class='ocrx_word' id='word_1_375' title='bbox 3065 2665 3278 2736; x_wconf 76' lang='grc' dir='ltr'>σαρκὸς</span> <span class='ocrx_word' id='word_1_376' title='bbox 3308 2667 3414 2720; x_wconf 70' lang='grc' dir='ltr'><strong>καὶ</strong></span> <span class='ocrx_word' id='word_1_377' title='bbox 3437 2666 3650 2734; x_wconf 82' lang='grc' dir='ltr'>κόσμου</span> <span class='ocrx_word' id='word_1_378' title='bbox 3677 2680 3763 2731; x_wconf 85' lang='grc' dir='ltr'>γε·</span> 
     </span>
    </p>
   </div>
   <div class='ocr_carea' id='block_1_54' title="bbox 2167 2754 3761 2833">
    <p class='ocr_par' dir='ltr' id='par_1_54' title="bbox 2167 2754 3761 2833">
     <span class='ocr_line' id='line_1_54' title="bbox 2167 2754 3761 2833; baseline -0.006 -16"><span class='ocrx_word' id='word_1_379' title='bbox 2167 2780 2302 2832; x_wconf 86' lang='grc' dir='ltr'>γενη</span> <span class='ocrx_word' id='word_1_380' title='bbox 2315 2762 2476 2833; x_wconf 77' lang='grc' dir='ltr'>μένος</span> <span class='ocrx_word' id='word_1_381' title='bbox 2497 2762 2590 2816; x_wconf 74' lang='grc' dir='ltr'>καὶ</span> <span class='ocrx_word' id='word_1_382' title='bbox 2619 2762 2756 2833; x_wconf 81' lang='grc' dir='ltr'>μόνῃ</span> <span class='ocrx_word' id='word_1_383' title='bbox 2781 2759 2890 2825; x_wconf 78' lang='grc' dir='ltr'><strong>ζῶν</strong></span> <span class='ocrx_word' id='word_1_384' title='bbox 2905 2761 2970 2828; x_wconf 86' lang='grc' dir='ltr'><strong>τῇ</strong></span> <span class='ocrx_word' id='word_1_385' title='bbox 2997 2759 3146 2829; x_wconf 79' lang='grc' dir='ltr'>ψυχῇ</span> <span class='ocrx_word' id='word_1_386' title='bbox 3179 2759 3193 2811; x_wconf 81' lang='lat' dir='ltr'><strong>l</strong></span> <span class='ocrx_word' id='word_1_387' title='bbox 3230 2754 3308 2822; x_wconf 81' lang='grc' dir='ltr'><strong><em>Ὦ</em></strong></span> <span class='ocrx_word' id='word_1_388' title='bbox 3338 2758 3612 2811; x_wconf 87' lang='grc' dir='ltr'>τοσοῦτον</span> <span class='ocrx_word' id='word_1_389' title='bbox 3635 2755 3761 2827; x_wconf 81' lang='grc' dir='ltr'>πρὸς</span> 
     </span>
    </p>
   </div>
   <div class='ocr_carea' id='block_1_55' title="bbox 2167 2847 3764 2927">
    <p class='ocr_par' dir='ltr' id='par_1_55' title="bbox 2167 2847 3764 2927">
     <span class='ocr_line' id='line_1_55' title="bbox 2167 2847 3764 2927; baseline -0.006 -18"><span class='ocrx_word' id='word_1_390' title='bbox 2167 2855 2372 2927; x_wconf 80' lang='grc' dir='ltr'>ἀρετὴν</span> <span class='ocrx_word' id='word_1_391' title='bbox 2404 2853 2679 2926; x_wconf 79' lang='grc' dir='ltr'>ἐσχηκὼς,</span> <span class='ocrx_word' id='word_1_392' title='bbox 2717 2853 2792 2916; x_wconf 86' lang='grc' dir='ltr'><strong>ὡς</strong></span> <span class='ocrx_word' id='word_1_393' title='bbox 2832 2852 2960 2923; x_wconf 81' lang='grc' dir='ltr'>μήτ’</span> <span class='ocrx_word' id='word_1_394' title='bbox 2995 2851 3056 2904; x_wconf 82' lang='grc' dir='ltr'>ὲν</span> <span class='ocrx_word' id='word_1_395' title='bbox 3083 2851 3305 2920; x_wconf 88' lang='grc' dir='ltr'>νεότητι</span> <span class='ocrx_word' id='word_1_396' title='bbox 3366 2849 3482 2904; x_wconf 86' lang='grc' dir='ltr'><strong>τῶν</strong></span> <span class='ocrx_word' id='word_1_397' title='bbox 3536 2847 3764 2920; x_wconf 75' lang='grc' dir='ltr'>πρεσϐυ-</span> 
     </span>
    </p>
   </div>
   <div class='ocr_carea' id='block_1_56' title="bbox 2169 2937 3764 3017">
    <p class='ocr_par' dir='ltr' id='par_1_56' title="bbox 2169 2937 3764 3017">
     <span class='ocr_line' id='line_1_56' title="bbox 2169 2937 3764 3017; baseline -0.006 -18"><span class='ocrx_word' id='word_1_398' title='bbox 2169 2949 2368 3017; x_wconf 84' lang='grc' dir='ltr'>τέρων,</span> <span class='ocrx_word' id='word_1_399' title='bbox 2391 2948 2486 3001; x_wconf 72' lang='grc' dir='ltr'>καὶ</span> <span class='ocrx_word' id='word_1_400' title='bbox 2517 2946 2750 2998; x_wconf 85' lang='grc' dir='ltr'>πλεῖστα</span> <span class='ocrx_word' id='word_1_401' title='bbox 2782 2946 2911 3015; x_wconf 70' lang='grc' dir='ltr'>περὶ</span> <span class='ocrx_word' id='word_1_402' title='bbox 2965 2943 3173 3014; x_wconf 83' lang='grc' dir='ltr'>ταύτην</span> <span class='ocrx_word' id='word_1_403' title='bbox 3220 2942 3534 3012; x_wconf 84' lang='grc' dir='ltr'>καμόντων</span> <span class='ocrx_word' id='word_1_404' title='bbox 3581 2937 3764 2994; x_wconf 81' lang='grc' dir='ltr'>ἀπολε-</span> 
     </span>
    </p>
   </div>
   <div class='ocr_carea' id='block_1_57' title="bbox 2165 3032 3757 3108">
    <p class='ocr_par' dir='ltr' id='par_1_57' title="bbox 2165 3032 3757 3108">
     <span class='ocr_line' id='line_1_57' title="bbox 2165 3032 3757 3108; baseline -0.006 -14"><span class='ocrx_word' id='word_1_405' title='bbox 2165 3041 2407 3108; x_wconf 74' lang='grc' dir='ltr'>λεῖφθαι,</span> <span class='ocrx_word' id='word_1_406' title='bbox 2442 3039 2580 3093; x_wconf 84' lang='grc' dir='ltr'><strong>ἀλλά</strong></span> <span class='ocrx_word' id='word_1_407' title='bbox 2617 3037 2712 3091; x_wconf 75' lang='grc' dir='ltr'>καὶ</span> <span class='ocrx_word' id='word_1_408' title='bbox 2743 3035 2930 3107; x_wconf 87' lang='grc' dir='ltr'>πολλῷ</span> <span class='ocrx_word' id='word_1_409' title='bbox 2960 3035 3157 3103; x_wconf 83' lang='grc' dir='ltr'>τῳόντι</span> <span class='ocrx_word' id='word_1_410' title='bbox 3217 3037 3374 3104; x_wconf 77' lang='grc' dir='ltr'>σφᾶς</span> <span class='ocrx_word' id='word_1_411' title='bbox 3424 3032 3757 3105; x_wconf 82' lang='grc' dir='ltr'>παρελάσαι⁶</span> 
     </span>
    </p>
   </div>
   <div class='ocr_carea' id='block_1_58' title="bbox 2173 3129 3764 3204">
    <p class='ocr_par' dir='ltr' id='par_1_58' title="bbox 2173 3129 3764 3204">
     <span class='ocr_line' id='line_1_58' title="bbox 2173 3129 3764 3204; baseline -0.006 -16"><span class='ocrx_word' id='word_1_412' title='bbox 2173 3135 2299 3204; x_wconf 80' lang='grc' dir='ltr'>μήτ’</span> <span class='ocrx_word' id='word_1_413' title='bbox 2324 3134 2408 3194; x_wconf 80' lang='grc' dir='ltr'>εἰς</span> <span class='ocrx_word' id='word_1_414' title='bbox 2437 3131 2639 3194; x_wconf 80' lang='grc' dir='ltr'>αὐτοὺς</span> <span class='ocrx_word' id='word_1_415' title='bbox 2667 3131 2895 3192; x_wconf 84' lang='grc' dir='ltr'>τούτους</span> <span class='ocrx_word' id='word_1_416' title='bbox 2926 3129 3178 3194; x_wconf 82' lang='grc' dir='ltr'>τελέσας,</span> <span class='ocrx_word' id='word_1_417' title='bbox 3216 3129 3468 3199; x_wconf 80' lang='grc' dir='ltr'>ὑφέσθαι</span> <span class='ocrx_word' id='word_1_418' title='bbox 3521 3129 3617 3181; x_wconf 70' lang='grc' dir='ltr'>καὶ</span> <span class='ocrx_word' id='word_1_419' title='bbox 3637 3129 3764 3192; x_wconf 77' lang='grc' dir='ltr'>ὁπη-</span> 
     </span>
    </p>
   </div>
   <div class='ocr_carea' id='block_1_59' title="bbox 471 3217 2062 3300">
    <p class='ocr_par' dir='ltr' id='par_1_59' title="bbox 471 3219 2062 3294">
     <span class='ocr_line' id='line_1_59' title="bbox 471 3219 2062 3294; baseline 0.006 -24"><span class='ocrx_word' id='word_1_420' title='bbox 471 3219 606 3285; x_wconf 91' lang='lat' dir='ltr'><strong>ircs,</strong></span> <span class='ocrx_word' id='word_1_421' title='bbox 650 3219 744 3272; x_wconf 89' lang='lat' dir='ltr'><strong>sed</strong></span> <span class='ocrx_word' id='word_1_422' title='bbox 793 3219 953 3287; x_wconf 75' lang='lat' dir='ltr'><strong>longo</strong></span> <span class='ocrx_word' id='word_1_423' title='bbox 1002 3222 1163 3291; x_wconf 87' lang='lat' dir='ltr'><strong>plane</strong></span> <span class='ocrx_word' id='word_1_424' title='bbox 1206 3224 1424 3279; x_wconf 85' lang='lat' dir='ltr'><strong>eosdem</strong></span> <span class='ocrx_word' id='word_1_425' title='bbox 1493 3227 1778 3281; x_wconf 82' lang='lat' dir='ltr'><strong>intervallo</strong></span> <span class='ocrx_word' id='word_1_426' title='bbox 1833 3242 2062 3294; x_wconf 67' lang='lat' dir='ltr'><strong>praever-</strong></span> 
     </span>
    </p>
   </div>
   <div class='ocr_carea' id='block_1_60' title="bbox 2173 3217 3761 3300">
    <p class='ocr_par' dir='ltr' id='par_1_60' title="bbox 2173 3217 3761 3292">
     <span class='ocr_line' id='line_1_60' title="bbox 2173 3217 3761 3292; baseline -0.001 -14"><span class='ocrx_word' id='word_1_427' title='bbox 2173 3225 2266 3278; x_wconf 88' lang='grc' dir='ltr'><strong>οῦν</strong></span> <span class='ocrx_word' id='word_1_428' title='bbox 2295 3223 2390 3277; x_wconf 92' lang='grc' dir='ltr'><strong>τοῦ</strong></span> <span class='ocrx_word' id='word_1_429' title='bbox 2423 3221 2746 3292; x_wconf 81' lang='grc' dir='ltr'>θαυμαστοῦ</span> <span class='ocrx_word' id='word_1_430' title='bbox 2788 3222 2944 3275; x_wconf 88' lang='grc' dir='ltr'>τοῦδε</span> <span class='ocrx_word' id='word_1_431' title='bbox 3005 3221 3163 3274; x_wconf 80' lang='grc' dir='ltr'>τόνου</span> <span class='ocrx_word' id='word_1_432' title='bbox 3227 3222 3334 3273; x_wconf 71' lang='grc' dir='ltr'>καὶ</span> <span class='ocrx_word' id='word_1_433' title='bbox 3375 3220 3480 3284; x_wconf 84' lang='grc' dir='ltr'>τῆς</span> <span class='ocrx_word' id='word_1_434' title='bbox 3532 3217 3761 3290; x_wconf 79' lang='grc' dir='ltr'>μεγάλης</span> 
     </span>
    </p>
   </div>
   <div class='ocr_carea' id='block_1_61' title="bbox 473 3314 2061 3387">
    <p class='ocr_par' dir='ltr' id='par_1_61' title="bbox 473 3314 2061 3387">
     <span class='ocr_line' id='line_1_61' title="bbox 473 3314 2061 3387; baseline 0.007 -23"><span class='ocrx_word' id='word_1_435' title='bbox 473 3318 787 3368; x_wconf 78' lang='lat' dir='ltr'><strong>teresznec</strong></span> <span class='ocrx_word' id='word_1_436' title='bbox 846 3314 934 3368; x_wconf 92' lang='lat' dir='ltr'><strong>ubi</strong></span> <span class='ocrx_word' id='word_1_437' title='bbox 968 3315 1161 3368; x_wconf 90' lang='lat' dir='ltr'><strong>eadem</strong></span> <span class='ocrx_word' id='word_1_438' title='bbox 1214 3317 1331 3387; x_wconf 89' lang='lat' dir='ltr'><strong>ipse</strong></span> <span class='ocrx_word' id='word_1_439' title='bbox 1401 3317 1453 3372; x_wconf 91' lang='lat' dir='ltr'><strong>in</strong></span> <span class='ocrx_word' id='word_1_440' title='bbox 1511 3320 1690 3375; x_wconf 89' lang='lat' dir='ltr'><strong>classe</strong></span> <span class='ocrx_word' id='word_1_441' title='bbox 1745 3319 1855 3386; x_wconf 91' lang='lat' dir='ltr'><strong>jam</strong></span> <span class='ocrx_word' id='word_1_442' title='bbox 1915 3335 2061 3384; x_wconf 90' lang='lat' dir='ltr'><strong>eras,</strong></span> 
     </span>
    </p>
   </div>
   <div class='ocr_carea' id='block_1_62' title="bbox 472 3404 2060 3477">
    <p class='ocr_par' dir='ltr' id='par_1_62' title="bbox 472 3404 2060 3477">
     <span class='ocr_line' id='line_1_62' title="bbox 472 3404 2060 3477; baseline 0.007 -21"><span class='ocrx_word' id='word_1_443' title='bbox 472 3404 764 3474; x_wconf 85' lang='lat' dir='ltr'><strong>quidquam</strong></span> <span class='ocrx_word' id='word_1_444' title='bbox 831 3422 1156 3477; x_wconf 87' lang='lat' dir='ltr'><strong>quocunque</strong></span> <span class='ocrx_word' id='word_1_445' title='bbox 1217 3411 1394 3474; x_wconf 86' lang='lat' dir='ltr'><strong>modo,</strong></span> <span class='ocrx_word' id='word_1_446' title='bbox 1451 3411 1520 3467; x_wconf 91' lang='lat' dir='ltr'><strong>de</strong></span> <span class='ocrx_word' id='word_1_447' title='bbox 1585 3413 1892 3468; x_wconf 86' lang='lat' dir='ltr'><strong>incredibili</strong></span> <span class='ocrx_word' id='word_1_448' title='bbox 1957 3415 2060 3468; x_wconf 90' lang='lat' dir='ltr'><strong>isto</strong></span> 
     </span>
    </p>
   </div>
   <div class='ocr_carea' id='block_1_63' title="bbox 477 3495 2062 3570">
    <p class='ocr_par' dir='ltr' id='par_1_63' title="bbox 477 3495 2062 3570">
     <span class='ocr_line' id='line_1_63' title="bbox 477 3495 2062 3570; baseline 0.006 -21"><span class='ocrx_word' id='word_1_449' title='bbox 477 3495 659 3565; x_wconf 87' lang='lat' dir='ltr'><strong>rigore</strong></span> <span class='ocrx_word' id='word_1_450' title='bbox 723 3507 779 3550; x_wconf 90' lang='lat' dir='ltr'><strong>et</strong></span> <span class='ocrx_word' id='word_1_451' title='bbox 843 3499 1048 3568; x_wconf 83' lang='lat' dir='ltr'><strong>ingenti</strong></span> <span class='ocrx_word' id='word_1_452' title='bbox 1123 3503 1473 3558; x_wconf 84' lang='lat' dir='ltr'><strong>contentione</strong></span> <span class='ocrx_word' id='word_1_453' title='bbox 1535 3505 1880 3570; x_wconf 85' lang='lat' dir='ltr'><strong>remitteres,</strong></span> <span class='ocrx_word' id='word_1_454' title='bbox 1951 3505 2062 3559; x_wconf 88' lang='lat' dir='ltr'><strong>imo</strong></span> 
     </span>
    </p>
   </div>
   <div class='ocr_carea' id='block_1_64' title="bbox 475 3591 2057 3667">
    <p class='ocr_par' dir='ltr' id='par_1_64' title="bbox 475 3591 2057 3667">
     <span class='ocr_line' id='line_1_64' title="bbox 475 3591 2057 3667; baseline 0.007 -25"><span class='ocrx_word' id='word_1_455' title='bbox 475 3591 648 3660; x_wconf 80' lang='lat' dir='ltr'><strong>magis</strong></span> <span class='ocrx_word' id='word_1_456' title='bbox 699 3594 860 3644; x_wconf 90' lang='lat' dir='ltr'><strong>etiam</strong></span> <span class='ocrx_word' id='word_1_457' title='bbox 887 3608 1047 3659; x_wconf 85' lang='lat' dir='ltr'><strong>quam</strong></span> <span class='ocrx_word' id='word_1_458' title='bbox 1081 3593 1323 3649; x_wconf 83' lang='lat' dir='ltr'><strong>ﬂorentis</strong></span> <span class='ocrx_word' id='word_1_459' title='bbox 1365 3595 1630 3666; x_wconf 89' lang='lat' dir='ltr'><strong>quispiam</strong></span> <span class='ocrx_word' id='word_1_460' title='bbox 1687 3599 1862 3652; x_wconf 61' lang='lat' dir='ltr'><strong>artatis</strong></span> <span class='ocrx_word' id='word_1_461' title='bbox 1900 3597 2057 3667; x_wconf 86' lang='lat' dir='ltr'><strong>juve-</strong></span> 
     </span>
    </p>
   </div>
   <div class='ocr_carea' id='block_1_65' title="bbox 474 3681 2060 3760">
    <p class='ocr_par' dir='ltr' id='par_1_65' title="bbox 474 3681 2060 3760">
     <span class='ocr_line' id='line_1_65' title="bbox 474 3681 2060 3760; baseline 0.006 -26"><span class='ocrx_word' id='word_1_462' title='bbox 474 3681 568 3734; x_wconf 90' lang='lat' dir='ltr'><strong>nili</strong></span> <span class='ocrx_word' id='word_1_463' title='bbox 602 3682 654 3734; x_wconf 90' lang='lat' dir='ltr'><strong>in</strong></span> <span class='ocrx_word' id='word_1_464' title='bbox 690 3682 772 3737; x_wconf 93' lang='lat' dir='ltr'><strong>his</strong></span> <span class='ocrx_word' id='word_1_465' title='bbox 802 3684 998 3738; x_wconf 85' lang='lat' dir='ltr'><strong>ardore</strong></span> <span class='ocrx_word' id='word_1_466' title='bbox 1033 3685 1343 3742; x_wconf 86' lang='lat' dir='ltr'><strong>elaborares</strong></span> <span class='ocrx_word' id='word_1_467' title='bbox 1374 3689 1386 3741; x_wconf 80' lang='grc' dir='ltr'><strong>ί</strong></span> <span class='ocrx_word' id='word_1_468' title='bbox 1418 3687 1460 3743; x_wconf 92' lang='lat'><strong>0</strong></span> <span class='ocrx_word' id='word_1_469' title='bbox 1487 3690 1579 3759; x_wconf 89' lang='lat' dir='ltr'><strong>qui</strong></span> <span class='ocrx_word' id='word_1_470' title='bbox 1610 3691 1842 3760; x_wconf 87' lang='lat' dir='ltr'><strong>proinde</strong></span> <span class='ocrx_word' id='word_1_471' title='bbox 1873 3707 1899 3743; x_wconf 89' lang='lat' dir='ltr'><strong>a</strong></span> <span class='ocrx_word' id='word_1_472' title='bbox 1935 3705 2060 3760; x_wconf 87' lang='lat' dir='ltr'><strong>pec-</strong></span> 
     </span>
    </p>
   </div>
   <div class='ocr_carea' id='block_1_66' title="bbox 473 3773 2054 3850">
    <p class='ocr_par' dir='ltr' id='par_1_66' title="bbox 473 3773 2054 3850">
     <span class='ocr_line' id='line_1_66' title="bbox 473 3773 2054 3850; baseline 0.007 -25"><span class='ocrx_word' id='word_1_473' title='bbox 473 3783 596 3827; x_wconf 84' lang='lat' dir='ltr'><strong>cato</strong></span> <span class='ocrx_word' id='word_1_474' title='bbox 627 3785 678 3828; x_wconf 90' lang='lat' dir='ltr'><strong>te</strong></span> <span class='ocrx_word' id='word_1_475' title='bbox 707 3773 1045 3843; x_wconf 86' lang='lat' dir='ltr'><strong>abstinebas,</strong></span> <span class='ocrx_word' id='word_1_476' title='bbox 1079 3793 1242 3847; x_wconf 87' lang='lat' dir='ltr'><strong>quam</strong></span> <span class='ocrx_word' id='word_1_477' title='bbox 1272 3780 1386 3850; x_wconf 90' lang='lat' dir='ltr'><strong>ipsa</strong></span> <span class='ocrx_word' id='word_1_478' title='bbox 1421 3796 1542 3836; x_wconf 89' lang='lat' dir='ltr'><strong>sese</strong></span> <span class='ocrx_word' id='word_1_479' title='bbox 1572 3783 1810 3838; x_wconf 87' lang='lat' dir='ltr'><strong>abstinet</strong></span> <span class='ocrx_word' id='word_1_480' title='bbox 1845 3783 2054 3837; x_wconf 85' lang='lat' dir='ltr'><strong>virtus!</strong></span> 
     </span>
    </p>
   </div>
   <div class='ocr_carea' id='block_1_67' title="bbox 473 3864 2058 3934">
    <p class='ocr_par' dir='ltr' id='par_1_67' title="bbox 473 3864 2058 3934">
     <span class='ocr_line' id='line_1_67' title="bbox 473 3864 2058 3934; baseline 0.006 -17"><span class='ocrx_word' id='word_1_481' title='bbox 473 3864 518 3917; x_wconf 98' lang='lat'><strong>0</strong></span> <span class='ocrx_word' id='word_1_482' title='bbox 547 3866 636 3934; x_wconf 90' lang='lat' dir='ltr'><strong>qui</strong></span> <span class='ocrx_word' id='word_1_483' title='bbox 674 3866 1181 3923; x_wconf 84' lang='lat' dir='ltr'><strong>landatissimorum</strong></span> <span class='ocrx_word' id='word_1_484' title='bbox 1218 3870 1460 3928; x_wconf 84' lang='lat' dir='ltr'><strong>virorum</strong></span> <span class='ocrx_word' id='word_1_485' title='bbox 1503 3873 1747 3925; x_wconf 91' lang='lat' dir='ltr'><strong>omnium</strong></span> <span class='ocrx_word' id='word_1_486' title='bbox 1783 3873 1934 3926; x_wconf 91' lang='lat' dir='ltr'><strong>solus</strong></span> <span class='ocrx_word' id='word_1_487' title='bbox 1970 3873 2058 3926; x_wconf 89' lang='lat' dir='ltr'><strong>vi-</strong></span> 
     </span>
    </p>
   </div>
   <div class='ocr_carea' id='block_1_68' title="bbox 476 3958 2056 4030">
    <p class='ocr_par' dir='ltr' id='par_1_68' title="bbox 476 3958 2056 4030">
     <span class='ocr_line' id='line_1_68' title="bbox 476 3958 2056 4030; baseline 0.003 -20"><span class='ocrx_word' id='word_1_488' title='bbox 476 3973 572 4011; x_wconf 86' lang='lat' dir='ltr'><strong>sus</strong></span> <span class='ocrx_word' id='word_1_489' title='bbox 599 3973 659 4012; x_wconf 90' lang='lat' dir='ltr'><strong>es</strong></span> <span class='ocrx_word' id='word_1_490' title='bbox 700 3958 1004 4026; x_wconf 83' lang='lat' dir='ltr'><strong>colopltonl</strong></span> <span class='ocrx_word' id='word_1_491' title='bbox 1042 3961 1086 4016; x_wconf 93' lang='lat'><strong>0</strong></span> <span class='ocrx_word' id='word_1_492' title='bbox 1121 3961 1209 4030; x_wconf 73' lang='lat' dir='ltr'><strong>qui</strong></span> <span class='ocrx_word' id='word_1_493' title='bbox 1259 3962 1502 4016; x_wconf 90' lang='lat' dir='ltr'><strong>omnium</strong></span> <span class='ocrx_word' id='word_1_494' title='bbox 1557 3963 1611 4016; x_wconf 93' lang='lat' dir='ltr'><strong>in</strong></span> <span class='ocrx_word' id='word_1_495' title='bbox 1672 3971 1818 4016; x_wconf 87' lang='lat' dir='ltr'><strong>terra</strong></span> <span class='ocrx_word' id='word_1_496' title='bbox 1876 3962 2056 4016; x_wconf 85' lang='lat' dir='ltr'><strong>viven-</strong></span> 
     </span>
    </p>
   </div>
   <div class='ocr_carea' id='block_1_69' title="bbox 476 4048 2058 4121">
    <p class='ocr_par' dir='ltr' id='par_1_69' title="bbox 476 4048 2058 4121">
     <span class='ocr_line' id='line_1_69' title="bbox 476 4048 2058 4121; baseline 0.004 -22"><span class='ocrx_word' id='word_1_497' title='bbox 476 4049 611 4100; x_wconf 80' lang='lat' dir='ltr'><strong>tium</strong></span> <span class='ocrx_word' id='word_1_498' title='bbox 665 4048 758 4102; x_wconf 89' lang='lat' dir='ltr'><strong>Dei</strong></span> <span class='ocrx_word' id='word_1_499' title='bbox 797 4053 1032 4104; x_wconf 79' lang='lat' dir='ltr'><strong>maxime</strong></span> <span class='ocrx_word' id='word_1_500' title='bbox 1082 4051 1268 4105; x_wconf 83' lang='lat' dir='ltr'><strong>Iaudes</strong></span> <span class='ocrx_word' id='word_1_501' title='bbox 1320 4051 1637 4117; x_wconf 86' lang='lat' dir='ltr'><strong>celebrasti,</strong></span> <span class='ocrx_word' id='word_1_502' title='bbox 1690 4061 1743 4107; x_wconf 86' lang='lat' dir='ltr'><strong>et</strong></span> <span class='ocrx_word' id='word_1_503' title='bbox 1797 4051 2058 4121; x_wconf 83' lang='lat' dir='ltr'><strong>majorem</strong></span> 
     </span>
    </p>
   </div>
   <div class='ocr_carea' id='block_1_70' title="bbox 2174 3309 3762 3379">
    <p class='ocr_par' dir='ltr' id='par_1_70' title="bbox 2174 3309 3762 3379">
     <span class='ocr_line' id='line_1_70' title="bbox 2174 3309 3762 3379; baseline -0.006 -11"><span class='ocrx_word' id='word_1_504' title='bbox 2174 3315 2503 3377; x_wconf 84' lang='grc' dir='ltr'>ὲνστάσεως,</span> <span class='ocrx_word' id='word_1_505' title='bbox 2575 3313 2716 3366; x_wconf 86' lang='grc' dir='ltr'><strong>ἀλλά</strong></span> <span class='ocrx_word' id='word_1_506' title='bbox 2755 3314 2850 3366; x_wconf 76' lang='grc' dir='ltr'>καὶ</span> <span class='ocrx_word' id='word_1_507' title='bbox 2901 3311 3110 3373; x_wconf 83' lang='grc' dir='ltr'>παντὸς</span> <span class='ocrx_word' id='word_1_508' title='bbox 3157 3310 3518 3379; x_wconf 79' lang='grc' dir='ltr'>ἀκμάζοντος</span> <span class='ocrx_word' id='word_1_509' title='bbox 3577 3309 3762 3378; x_wconf 80' lang='grc' dir='ltr'>μᾶλλον</span> 
     </span>
    </p>
   </div>
   <div class='ocr_carea' id='block_1_71' title="bbox 2174 3399 3762 3476">
    <p class='ocr_par' dir='ltr' id='par_1_71' title="bbox 2174 3399 3762 3476">
     <span class='ocr_line' id='line_1_71' title="bbox 2174 3399 3762 3476; baseline -0.001 -19"><span class='ocrx_word' id='word_1_510' title='bbox 2174 3405 2314 3476; x_wconf 76' lang='grc' dir='ltr'><strong>ἡὸᾷν</strong></span> <span class='ocrx_word' id='word_1_511' title='bbox 2340 3405 2409 3459; x_wconf 85' lang='grc' dir='ltr'>τὰ</span> <span class='ocrx_word' id='word_1_512' title='bbox 2439 3403 2696 3458; x_wconf 91' lang='grc' dir='ltr'>τοιαῦτα.</span> <span class='ocrx_word' id='word_1_513' title='bbox 2729 3400 2800 3456; x_wconf 85' lang='lat'><strong>&#39;0</strong></span> <span class='ocrx_word' id='word_1_514' title='bbox 2826 3403 3026 3466; x_wconf 81' lang='grc' dir='ltr'>κακίας</span> <span class='ocrx_word' id='word_1_515' title='bbox 3049 3402 3445 3474; x_wconf 85' lang='grc' dir='ltr'>ἀποσχόμενος</span> <span class='ocrx_word' id='word_1_516' title='bbox 3473 3401 3664 3464; x_wconf 77' lang='grc' dir='ltr'>οὕτως,</span> <span class='ocrx_word' id='word_1_517' title='bbox 3693 3399 3762 3462; x_wconf 73' lang='grc' dir='ltr'>ὡς</span> 
     </span>
    </p>
   </div>
   <div class='ocr_carea' id='block_1_72' title="bbox 2173 3491 3760 3569">
    <p class='ocr_par' dir='ltr' id='par_1_72' title="bbox 2173 3491 3760 3569">
     <span class='ocr_line' id='line_1_72' title="bbox 2173 3491 3760 3569; baseline -0.007 -16"><span class='ocrx_word' id='word_1_518' title='bbox 2173 3499 2378 3569; x_wconf 80' lang='grc' dir='ltr'>ταύτης</span> <span class='ocrx_word' id='word_1_519' title='bbox 2428 3498 2648 3569; x_wconf 82' lang='grc' dir='ltr'>ὲκείνηι</span> <span class='ocrx_word' id='word_1_520' title='bbox 2713 3491 2785 3550; x_wconf 85' lang='grc' dir='ltr'><strong><em>Ὦ</em></strong></span> <span class='ocrx_word' id='word_1_521' title='bbox 2833 3497 3054 3550; x_wconf 87' lang='grc' dir='ltr'>πάντων</span> <span class='ocrx_word' id='word_1_522' title='bbox 3117 3497 3549 3566; x_wconf 75' lang='grc' dir='ltr'>ἐπαινουμένων</span> <span class='ocrx_word' id='word_1_523' title='bbox 3615 3493 3760 3561; x_wconf 78' lang='grc' dir='ltr'>μόνος</span> 
     </span>
    </p>
   </div>
   <div class='ocr_carea' id='block_1_73' title="bbox 2174 3583 3757 3659">
    <p class='ocr_par' dir='ltr' id='par_1_73' title="bbox 2174 3583 3757 3659">
     <span class='ocr_line' id='line_1_73' title="bbox 2174 3583 3757 3659; baseline -0.008 -15"><span class='ocrx_word' id='word_1_524' title='bbox 2174 3591 2475 3659; x_wconf 73' lang='grc' dir='ltr'>ἀναφανεὶς</span> <span class='ocrx_word' id='word_1_525' title='bbox 2514 3587 2794 3658; x_wconf 74' lang='grc' dir='ltr'>κολοφὼνί</span> <span class='ocrx_word' id='word_1_526' title='bbox 2823 3583 2894 3641; x_wconf 84' lang='lat'><strong>&#39;0</strong></span> <span class='ocrx_word' id='word_1_527' title='bbox 2936 3588 3175 3656; x_wconf 85' lang='grc' dir='ltr'>μάλιστα</span> <span class='ocrx_word' id='word_1_528' title='bbox 3244 3587 3351 3656; x_wconf 80' lang='grc' dir='ltr'>μὲν</span> <span class='ocrx_word' id='word_1_529' title='bbox 3407 3587 3630 3641; x_wconf 88' lang='grc' dir='ltr'>πάντων</span> <span class='ocrx_word' id='word_1_530' title='bbox 3675 3583 3757 3634; x_wconf 70' lang='grc' dir='ltr'><strong>ἐπὶ</strong></span> 
     </span>
    </p>
   </div>
   <div class='ocr_carea' id='block_1_74' title="bbox 2166 3674 3758 3754">
    <p class='ocr_par' dir='ltr' id='par_1_74' title="bbox 2166 3674 3758 3754">
     <span class='ocr_line' id='line_1_74' title="bbox 2166 3674 3758 3754; baseline -0.009 -14"><span class='ocrx_word' id='word_1_531' title='bbox 2166 3686 2272 3754; x_wconf 76' lang='grc' dir='ltr'>γῆς</span> <span class='ocrx_word' id='word_1_532' title='bbox 2333 3683 2565 3747; x_wconf 82' lang='grc' dir='ltr'>δοξάσας</span> <span class='ocrx_word' id='word_1_533' title='bbox 2603 3682 2760 3747; x_wconf 84' lang='grc' dir='ltr'>Θεὸν,</span> <span class='ocrx_word' id='word_1_534' title='bbox 2819 3680 3093 3748; x_wconf 80' lang='grc' dir='ltr'>μειζόνως</span> <span class='ocrx_word' id='word_1_535' title='bbox 3145 3680 3203 3734; x_wconf 83' lang='grc' dir='ltr'>δὲ</span> <span class='ocrx_word' id='word_1_536' title='bbox 3245 3679 3346 3734; x_wconf 82' lang='grc' dir='ltr'><strong>ὑπ’</strong></span> <span class='ocrx_word' id='word_1_537' title='bbox 3401 3677 3568 3734; x_wconf 83' lang='grc' dir='ltr'>αὐτοῦ</span> <span class='ocrx_word' id='word_1_538' title='bbox 3621 3674 3758 3735; x_wconf 81' lang='grc' dir='ltr'>δοξα-</span> 
     </span>
    </p>
   </div>
   <div class='ocr_carea' id='block_1_75' title="bbox 2169 3770 3754 3844">
    <p class='ocr_par' dir='ltr' id='par_1_75' title="bbox 2169 3770 3754 3844">
     <span class='ocr_line' id='line_1_75' title="bbox 2169 3770 3754 3844; baseline -0.001 -16"><span class='ocrx_word' id='word_1_539' title='bbox 2169 3776 2340 3840; x_wconf 75' lang='grc' dir='ltr'>σθεὶς,</span> <span class='ocrx_word' id='word_1_540' title='bbox 2389 3773 2522 3843; x_wconf 82' lang='grc' dir='ltr'><strong>τῷθ’</strong></span> <span class='ocrx_word' id='word_1_541' title='bbox 2557 3774 2702 3844; x_wconf 80' lang='grc' dir='ltr'>ὑπὲρ</span> <span class='ocrx_word' id='word_1_542' title='bbox 2727 3772 2858 3836; x_wconf 75' lang='grc' dir='ltr'>τοὺς</span> <span class='ocrx_word' id='word_1_543' title='bbox 2888 3772 3088 3834; x_wconf 81' lang='grc' dir='ltr'>ἄλλους</span> <span class='ocrx_word' id='word_1_544' title='bbox 3132 3771 3384 3826; x_wconf 73' lang='grc' dir='ltr'>ἐνταῦθα</span> <span class='ocrx_word' id='word_1_545' title='bbox 3411 3771 3513 3840; x_wconf 86' lang='grc' dir='ltr'>τῆς</span> <span class='ocrx_word' id='word_1_546' title='bbox 3547 3770 3754 3839; x_wconf 79' lang='grc' dir='ltr'>χάριτος</span> 
     </span>
    </p>
   </div>
   <div class='ocr_carea' id='block_1_76' title="bbox 2171 3857 3752 3936">
    <p class='ocr_par' dir='ltr' id='par_1_76' title="bbox 2171 3857 3752 3936">
     <span class='ocr_line' id='line_1_76' title="bbox 2171 3857 3752 3936; baseline -0.001 -16"><span class='ocrx_word' id='word_1_547' title='bbox 2171 3867 2516 3929; x_wconf 83' lang='grc' dir='ltr'>ἀπολαῦσαι,</span> <span class='ocrx_word' id='word_1_548' title='bbox 2542 3867 2640 3919; x_wconf 73' lang='grc' dir='ltr'>καὶ</span> <span class='ocrx_word' id='word_1_549' title='bbox 2667 3864 3014 3936; x_wconf 85' lang='grc' dir='ltr'>πανταχόθεν</span> <span class='ocrx_word' id='word_1_550' title='bbox 3042 3863 3344 3935; x_wconf 75' lang='grc' dir='ltr'>ἐσχηκέναι</span> <span class='ocrx_word' id='word_1_551' title='bbox 3364 3857 3752 3932; x_wconf 74' lang='grc' dir='ltr'>θαυμάζεσθαι.</span> 
     </span>
    </p>
   </div>
   <div class='ocr_carea' id='block_1_77' title="bbox 2176 3949 3754 4028">
    <p class='ocr_par' dir='ltr' id='par_1_77' title="bbox 2176 3949 3754 4028">
     <span class='ocr_line' id='line_1_77' title="bbox 2176 3949 3754 4028; baseline -0.006 -18"><span class='ocrx_word' id='word_1_552' title='bbox 2176 3957 2251 4028; x_wconf 82' lang='grc' dir='ltr'><strong>τῷ</strong></span> <span class='ocrx_word' id='word_1_553' title='bbox 2274 3976 2334 4012; x_wconf 89' lang='grc' dir='ltr'><strong>τε</strong></span> <span class='ocrx_word' id='word_1_554' title='bbox 2361 3959 2464 4028; x_wconf 82' lang='grc' dir='ltr'>τῆς</span> <span class='ocrx_word' id='word_1_555' title='bbox 2491 3958 2606 4012; x_wconf 79' lang='grc' dir='ltr'><strong>ἀνω</strong></span> <span class='ocrx_word' id='word_1_556' title='bbox 2639 3957 2975 4028; x_wconf 80' lang='grc' dir='ltr'>κληρουχίας</span> <span class='ocrx_word' id='word_1_557' title='bbox 3006 3957 3388 4026; x_wconf 85' lang='grc' dir='ltr'>διαφερόντως</span> <span class='ocrx_word' id='word_1_558' title='bbox 3426 3956 3613 4024; x_wconf 76' lang='grc' dir='ltr'>λαχεῖν</span> <span class='ocrx_word' id='word_1_559' title='bbox 3633 3968 3646 3981; x_wconf 89' lang='grc'><em>’</em></span> <span class='ocrx_word' id='word_1_560' title='bbox 3670 3949 3754 4003; x_wconf 79' lang='grc' dir='ltr'>καὶ</span> 
     </span>
    </p>
   </div>
   <div class='ocr_carea' id='block_1_78' title="bbox 2169 4047 3198 4121">
    <p class='ocr_par' dir='ltr' id='par_1_78' title="bbox 2169 4047 3198 4121">
     <span class='ocr_line' id='line_1_78' title="bbox 2169 4047 3198 4121; baseline -0.002 -17"><span class='ocrx_word' id='word_1_561' title='bbox 2169 4051 2239 4104; x_wconf 77' lang='grc' dir='ltr'>τὰ</span> <span class='ocrx_word' id='word_1_562' title='bbox 2267 4050 2461 4121; x_wconf 84' lang='grc' dir='ltr'>πρῶτα</span> <span class='ocrx_word' id='word_1_563' title='bbox 2491 4052 2622 4119; x_wconf 83' lang='grc' dir='ltr'>παρ’</span> <span class='ocrx_word' id='word_1_564' title='bbox 2655 4049 2806 4120; x_wconf 86' lang='grc' dir='ltr'><strong>αὐτῷ</strong></span> <span class='ocrx_word' id='word_1_565' title='bbox 2839 4047 3198 4119; x_wconf 80' lang='grc' dir='ltr'>τετιμῆσθαι.</span> 
     </span>
    </p>
   </div>
   <div class='ocr_carea' id='block_1_79' title="bbox 476 4139 3752 4219">
    <p class='ocr_par' dir='ltr' id='par_1_79' title="bbox 476 4139 3752 4219">
     <span class='ocr_line' id='line_1_79' title="bbox 476 4139 3752 4219; baseline -0.001 -23"><span class='ocrx_word' id='word_1_566' title='bbox 476 4145 718 4199; x_wconf 84' lang='lat' dir='ltr'><strong>vicissim</strong></span> <span class='ocrx_word' id='word_1_567' title='bbox 751 4145 804 4199; x_wconf 93' lang='lat' dir='ltr'><strong>in</strong></span> <span class='ocrx_word' id='word_1_568' title='bbox 847 4147 1064 4202; x_wconf 91' lang='lat' dir='ltr'><strong>modum</strong></span> <span class='ocrx_word' id='word_1_569' title='bbox 1105 4164 1134 4201; x_wconf 87' lang='lat' dir='ltr'><strong>a</strong></span> <span class='ocrx_word' id='word_1_570' title='bbox 1180 4149 1291 4203; x_wconf 85' lang='lat' dir='ltr'><strong>Deo</strong></span> <span class='ocrx_word' id='word_1_571' title='bbox 1322 4149 1529 4203; x_wconf 90' lang='lat' dir='ltr'><strong>honore</strong></span> <span class='ocrx_word' id='word_1_572' title='bbox 1552 4147 1776 4204; x_wconf 75' lang='lat' dir='ltr'><strong>aﬂectus</strong></span> <span class='ocrx_word' id='word_1_573' title='bbox 1813 4163 1896 4213; x_wconf 79' lang='lat' dir='ltr'><strong>es,</strong></span> <span class='ocrx_word' id='word_1_574' title='bbox 1923 4160 2036 4205; x_wconf 91' lang='lat' dir='ltr'><strong>tum</strong></span> <span class='ocrx_word' id='word_1_575' title='bbox 2077 4150 2220 4219; x_wconf 88' lang='lat' dir='ltr'><strong>quod</strong></span> <span class='ocrx_word' id='word_1_576' title='bbox 2269 4150 2360 4203; x_wconf 91' lang='lat' dir='ltr'><strong>hic</strong></span> <span class='ocrx_word' id='word_1_577' title='bbox 2389 4148 2512 4218; x_wconf 89' lang='lat' dir='ltr'><strong>plus</strong></span> <span class='ocrx_word' id='word_1_578' title='bbox 2543 4147 2671 4202; x_wconf 89' lang='lat' dir='ltr'><strong>aliis</strong></span> <span class='ocrx_word' id='word_1_579' title='bbox 2709 4147 2880 4216; x_wconf 83' lang='lat' dir='ltr'><strong>gratia</strong></span> <span class='ocrx_word' id='word_1_580' title='bbox 2926 4146 3096 4215; x_wconf 79' lang='lat' dir='ltr'><strong>ipsius</strong></span> <span class='ocrx_word' id='word_1_581' title='bbox 3121 4145 3400 4201; x_wconf 84' lang='lat' dir='ltr'><strong>fruebaris</strong></span> <span class='ocrx_word' id='word_1_582' title='bbox 3442 4154 3502 4199; x_wconf 91' lang='lat' dir='ltr'><strong>et</strong></span> <span class='ocrx_word' id='word_1_583' title='bbox 3533 4139 3752 4206; x_wconf 84' lang='lat' dir='ltr'><strong>undique</strong></span> 
     </span>
    </p>
   </div>
   <div class='ocr_carea' id='block_1_80' title="bbox 478 4243 3748 4318">
    <p class='ocr_par' dir='ltr' id='par_1_80' title="bbox 478 4243 3748 4318">
     <span class='ocr_line' id='line_1_80' title="bbox 478 4243 3748 4318; baseline -0.001 -22"><span class='ocrx_word' id='word_1_584' title='bbox 478 4255 586 4308; x_wconf 84' lang='lat' dir='ltr'><strong>quo</strong></span> <span class='ocrx_word' id='word_1_585' title='bbox 640 4259 966 4313; x_wconf 73' lang='lat' dir='ltr'><strong>magnopere</strong></span> <span class='ocrx_word' id='word_1_586' title='bbox 996 4247 1460 4301; x_wconf 89' lang='lat' dir='ltr'><strong>commendareris</strong></span> <span class='ocrx_word' id='word_1_587' title='bbox 1518 4246 1779 4313; x_wconf 88' lang='lat' dir='ltr'><strong>habebas,</strong></span> <span class='ocrx_word' id='word_1_588' title='bbox 1825 4256 1936 4302; x_wconf 92' lang='lat' dir='ltr'><strong>tum</strong></span> <span class='ocrx_word' id='word_1_589' title='bbox 1977 4248 2119 4318; x_wconf 85' lang='lat' dir='ltr'><strong>quod</strong></span> <span class='ocrx_word' id='word_1_590' title='bbox 2149 4247 2428 4302; x_wconf 61' lang='lat' dir='ltr'><strong>caelestem</strong></span> <span class='ocrx_word' id='word_1_591' title='bbox 2460 4245 2607 4299; x_wconf 90' lang='lat' dir='ltr'><strong>illam</strong></span> <span class='ocrx_word' id='word_1_592' title='bbox 2641 4243 3017 4297; x_wconf 63' lang='lat' dir='ltr'><strong>Iimreditatem</strong></span> <span class='ocrx_word' id='word_1_593' title='bbox 3055 4257 3195 4295; x_wconf 84' lang='lat' dir='ltr'><strong>unus</strong></span> <span class='ocrx_word' id='word_1_594' title='bbox 3220 4243 3446 4312; x_wconf 79' lang='lat' dir='ltr'><strong>egregie</strong></span> <span class='ocrx_word' id='word_1_595' title='bbox 3491 4245 3748 4294; x_wconf 66' lang='lat' dir='ltr'><strong>creveras.</strong></span> 
     </span>
    </p>
   </div>
   <div class='ocr_carea' id='block_1_81' title="bbox 480 4341 2084 4409">
    <p class='ocr_par' dir='ltr' id='par_1_81' title="bbox 480 4341 2084 4409">
     <span class='ocr_line' id='line_1_81' title="bbox 480 4341 2084 4409; baseline 0.004 -17"><span class='ocrx_word' id='word_1_596' title='bbox 480 4349 645 4407; x_wconf 89' lang='lat' dir='ltr'><strong>atque</strong></span> <span class='ocrx_word' id='word_1_597' title='bbox 675 4342 947 4408; x_wconf 70' lang='lat' dir='ltr'><strong>praecipuo</strong></span> <span class='ocrx_word' id='word_1_598' title='bbox 980 4343 1119 4409; x_wconf 87' lang='lat' dir='ltr'><strong>apud</strong></span> <span class='ocrx_word' id='word_1_599' title='bbox 1151 4341 1317 4394; x_wconf 89' lang='lat' dir='ltr'><strong>Deum</strong></span> <span class='ocrx_word' id='word_1_600' title='bbox 1356 4343 1645 4397; x_wconf 88' lang='lat' dir='ltr'><strong>decoratus</strong></span> <span class='ocrx_word' id='word_1_601' title='bbox 1683 4359 1809 4399; x_wconf 88' lang='lat' dir='ltr'><strong>eras</strong></span> <span class='ocrx_word' id='word_1_602' title='bbox 1854 4344 2084 4399; x_wconf 85' lang='lat' dir='ltr'><strong>honore.</strong></span> 
     </span>
    </p>
   </div>
   <div class='ocr_carea' id='block_1_82' title="bbox 550 4431 2069 4506">
    <p class='ocr_par' dir='ltr' id='par_1_82' title="bbox 550 4431 2069 4506">
     <span class='ocr_line' id='line_1_82' title="bbox 550 4431 2069 4506; baseline 0.003 -18"><span class='ocrx_word' id='word_1_603' title='bbox 550 4431 769 4488; x_wconf 72' lang='lat' dir='ltr'><strong>CXXX.</strong></span> <span class='ocrx_word' id='word_1_604' title='bbox 825 4432 868 4487; x_wconf 94' lang='grc' dir='ltr'>Ο</span> <span class='ocrx_word' id='word_1_605' title='bbox 927 4435 1018 4502; x_wconf 84' lang='grc' dir='ltr'>(ιιιὶ</span> <span class='ocrx_word' id='word_1_606' title='bbox 1074 4434 1366 4488; x_wconf 87' lang='lat' dir='ltr'><strong>humanam</strong></span> <span class='ocrx_word' id='word_1_607' title='bbox 1421 4451 1807 4506; x_wconf 70' lang='lat' dir='ltr'><strong>supergressus</strong></span> <span class='ocrx_word' id='word_1_608' title='bbox 1867 4449 2069 4493; x_wconf 87' lang='lat' dir='ltr'><strong>sortem</strong></span> 
     </span>
    </p>
   </div>
   <div class='ocr_carea' id='block_1_83' title="bbox 482 4525 2072 4601">
    <p class='ocr_par' dir='ltr' id='par_1_83' title="bbox 482 4525 2072 4601">
     <span class='ocr_line' id='line_1_83' title="bbox 482 4525 2072 4601; baseline 0.004 -21"><span class='ocrx_word' id='word_1_609' title='bbox 482 4525 848 4580; x_wconf 85' lang='lat' dir='ltr'><strong>credebaris!</strong></span> <span class='ocrx_word' id='word_1_610' title='bbox 886 4525 1016 4580; x_wconf 86' lang='lat' dir='ltr'><strong>Sive</strong></span> <span class='ocrx_word' id='word_1_611' title='bbox 1068 4527 1268 4587; x_wconf 74' lang='lat' dir='ltr'><strong>verius,</strong></span> <span class='ocrx_word' id='word_1_612' title='bbox 1312 4542 1344 4579; x_wconf 90' lang='grc' dir='ltr'><strong>ο</strong></span> <span class='ocrx_word' id='word_1_613' title='bbox 1393 4531 1484 4596; x_wconf 83' lang='grc' dir='ltr'><strong>(ιυὶ</strong></span> <span class='ocrx_word' id='word_1_614' title='bbox 1534 4529 1806 4584; x_wconf 89' lang='lat' dir='ltr'><strong>hominem</strong></span> <span class='ocrx_word' id='word_1_615' title='bbox 1867 4533 2072 4601; x_wconf 91' lang='lat' dir='ltr'><strong>pariter</strong></span> 
     </span>
    </p>
   </div>
   <div class='ocr_carea' id='block_1_84' title="bbox 482 4602 3750 4692">
    <p class='ocr_par' dir='ltr' id='par_1_84' title="bbox 482 4602 3750 4692">
     <span class='ocr_line' id='line_1_84' title="bbox 482 4602 3750 4692; baseline -0.009 -7"><span class='ocrx_word' id='word_1_616' title='bbox 482 4628 536 4669; x_wconf 69' lang='grc' dir='ltr'>εί</span> <span class='ocrx_word' id='word_1_617' title='bbox 570 4615 870 4682; x_wconf 63' lang='grc' dir='ltr'><strong>ευβετθδεε</strong></span> <span class='ocrx_word' id='word_1_618' title='bbox 901 4624 957 4669; x_wconf 72' lang='grc' dir='ltr'><strong>ει</strong></span> <span class='ocrx_word' id='word_1_619' title='bbox 1007 4617 1285 4670; x_wconf 63' lang='grc' dir='ltr'><strong>οτηίίδηεῖ</strong></span> <span class='ocrx_word' id='word_1_620' title='bbox 1339 4619 1539 4688; x_wconf 82' lang='lat' dir='ltr'><strong>quippe</strong></span> <span class='ocrx_word' id='word_1_621' title='bbox 1604 4620 1697 4688; x_wconf 75' lang='lat' dir='ltr'><strong>Qui</strong></span> <span class='ocrx_word' id='word_1_622' title='bbox 1750 4621 2068 4692; x_wconf 82' lang='lat' dir='ltr'><strong>angelorum</strong></span> <span class='ocrx_word' id='word_1_623' title='bbox 2167 4621 2268 4674; x_wconf 75' lang='grc' dir='ltr'>καὶ</span> <span class='ocrx_word' id='word_1_624' title='bbox 2303 4621 2594 4688; x_wconf 79' lang='grc' dir='ltr'>κοσμήσας</span> <span class='ocrx_word' id='word_1_625' title='bbox 2648 4617 2726 4686; x_wconf 80' lang='grc' dir='ltr'>τῷ</span> <span class='ocrx_word' id='word_1_626' title='bbox 2777 4617 2900 4668; x_wconf 81' lang='grc' dir='ltr'>κατ’</span> <span class='ocrx_word' id='word_1_627' title='bbox 2955 4615 3224 4682; x_wconf 83' lang='grc' dir='ltr'>ἀγγέλους</span> <span class='ocrx_word' id='word_1_628' title='bbox 3275 4611 3514 4683; x_wconf 79' lang='grc' dir='ltr'>βιῶναιί</span> <span class='ocrx_word' id='word_1_629' title='bbox 3569 4602 3750 4661; x_wconf 71' lang='grc' dir='ltr'>αὐτοὺς</span> 
     </span>
    </p>
   </div>
   <div class='ocr_carea' id='block_1_85' title="bbox 483 4693 2062 4801">
    <p class='ocr_par' dir='ltr' id='par_1_85' title="bbox 483 4704 2062 4782">
     <span class='ocr_line' id='line_1_85' title="bbox 483 4704 2062 4782; baseline 0.009 -27"><span class='ocrx_word' id='word_1_630' title='bbox 483 4704 707 4758; x_wconf 81' lang='lat' dir='ltr'><strong>vivebas</strong></span> <span class='ocrx_word' id='word_1_631' title='bbox 743 4707 929 4771; x_wconf 86' lang='lat' dir='ltr'><strong>vitam,</strong></span> <span class='ocrx_word' id='word_1_632' title='bbox 960 4706 1059 4762; x_wconf 90' lang='lat' dir='ltr'><strong>hos</strong></span> <span class='ocrx_word' id='word_1_633' title='bbox 1097 4723 1227 4762; x_wconf 86' lang='lat' dir='ltr'><strong>vero</strong></span> <span class='ocrx_word' id='word_1_634' title='bbox 1275 4709 1419 4779; x_wconf 87' lang='lat' dir='ltr'><strong>ipsos</strong></span> <span class='ocrx_word' id='word_1_635' title='bbox 1448 4725 1512 4766; x_wconf 88' lang='lat' dir='ltr'><strong>eo</strong></span> <span class='ocrx_word' id='word_1_636' title='bbox 1579 4714 1861 4779; x_wconf 82' lang='lat' dir='ltr'><strong>vincebas,</strong></span> <span class='ocrx_word' id='word_1_637' title='bbox 1922 4715 2062 4782; x_wconf 89' lang='lat' dir='ltr'><strong>quod</strong></span> 
     </span>
    </p>
   </div>
   <div class='ocr_carea' id='block_1_86' title="bbox 2173 4693 3748 4801">
    <p class='ocr_par' dir='ltr' id='par_1_86' title="bbox 2173 4693 3748 4779">
     <span class='ocr_line' id='line_1_86' title="bbox 2173 4693 3748 4779; baseline -0.008 -15"><span class='ocrx_word' id='word_1_638' title='bbox 2173 4713 2220 4765; x_wconf 70' lang='grc' dir='ltr'>δὲ</span> <span class='ocrx_word' id='word_1_639' title='bbox 2243 4711 2489 4775; x_wconf 80' lang='grc' dir='ltr'>τούτους,</span> <span class='ocrx_word' id='word_1_640' title='bbox 2521 4711 2598 4779; x_wconf 80' lang='grc' dir='ltr'>τῷ</span> <span class='ocrx_word' id='word_1_641' title='bbox 2627 4708 2844 4778; x_wconf 70' lang='grc' dir='ltr'>μάλιστ’</span> <span class='ocrx_word' id='word_1_642' title='bbox 2915 4706 3096 4760; x_wconf 79' lang='grc' dir='ltr'>αὐτῶν</span> <span class='ocrx_word' id='word_1_643' title='bbox 3158 4705 3385 4770; x_wconf 82' lang='grc' dir='ltr'>δοξάσαι</span> <span class='ocrx_word' id='word_1_644' title='bbox 3443 4703 3612 4754; x_wconf 89' lang='grc' dir='ltr'>Θεόν·</span> <span class='ocrx_word' id='word_1_645' title='bbox 3663 4693 3748 4746; x_wconf 71' lang='grc' dir='ltr'>καὶ</span> 
     </span>
    </p>
   </div>
   <div class='ocr_carea' id='block_1_87' title="bbox 488 4790 2062 4890">
    <p class='ocr_par' dir='ltr' id='par_1_87' title="bbox 488 4796 2062 4873">
     <span class='ocr_line' id='line_1_87' title="bbox 488 4796 2062 4873; baseline 0.006 -23"><span class='ocrx_word' id='word_1_646' title='bbox 488 4796 700 4850; x_wconf 90' lang='lat' dir='ltr'><strong>illorum</strong></span> <span class='ocrx_word' id='word_1_647' title='bbox 741 4798 978 4853; x_wconf 78' lang='lat' dir='ltr'><strong>maxime</strong></span> <span class='ocrx_word' id='word_1_648' title='bbox 1041 4799 1209 4852; x_wconf 88' lang='lat' dir='ltr'><strong>Deum</strong></span> <span class='ocrx_word' id='word_1_649' title='bbox 1260 4801 1629 4868; x_wconf 85' lang='lat' dir='ltr'><strong>collaudabas,</strong></span> <span class='ocrx_word' id='word_1_650' title='bbox 1690 4814 1745 4858; x_wconf 90' lang='lat' dir='ltr'><strong>et</strong></span> <span class='ocrx_word' id='word_1_651' title='bbox 1793 4807 2062 4873; x_wconf 85' lang='lat' dir='ltr'><strong>quondam</strong></span> 
     </span>
    </p>
   </div>
   <div class='ocr_carea' id='block_1_88' title="bbox 2173 4790 3742 4890">
    <p class='ocr_par' dir='ltr' id='par_1_88' title="bbox 2176 4790 3742 4873">
     <span class='ocr_line' id='line_1_88' title="bbox 2176 4790 3742 4873; baseline -0.012 -17"><span class='ocrx_word' id='word_1_652' title='bbox 2176 4803 2346 4857; x_wconf 85' lang='grc' dir='ltr'>πάλαι</span> <span class='ocrx_word' id='word_1_653' title='bbox 2399 4805 2496 4873; x_wconf 77' lang='grc' dir='ltr'>μὲν</span> <span class='ocrx_word' id='word_1_654' title='bbox 2554 4801 2646 4855; x_wconf 77' lang='grc' dir='ltr'><strong>ἐπὶ</strong></span> <span class='ocrx_word' id='word_1_655' title='bbox 2680 4801 2784 4869; x_wconf 84' lang='grc' dir='ltr'>γῆς</span> <span class='ocrx_word' id='word_1_656' title='bbox 2817 4801 2912 4853; x_wconf 68' lang='grc' dir='ltr'>καὶ</span> <span class='ocrx_word' id='word_1_657' title='bbox 2941 4799 3035 4852; x_wconf 87' lang='grc' dir='ltr'><strong>νῦν</strong></span> <span class='ocrx_word' id='word_1_658' title='bbox 3061 4799 3105 4851; x_wconf 77' lang='grc' dir='ltr'>δ’</span> <span class='ocrx_word' id='word_1_659' title='bbox 3157 4800 3469 4867; x_wconf 74' lang='grc' dir='ltr'>οὑχήκιστα</span> <span class='ocrx_word' id='word_1_660' title='bbox 3503 4790 3618 4864; x_wconf 85' lang='grc' dir='ltr'>μετ’</span> <span class='ocrx_word' id='word_1_661' title='bbox 3653 4790 3742 4838; x_wconf 85' lang='grc' dir='ltr'><strong>αὑ-</strong></span> 
     </span>
    </p>
   </div>
   <div class='ocr_carea' id='block_1_89' title="bbox 2249 4422 3748 4527">
    <p class='ocr_par' dir='ltr' id='par_1_89' title="bbox 2249 4422 3748 4527">
     <span class='ocr_line' id='line_1_89' title="bbox 2249 4422 3748 4527; baseline -0.01 -38"><span class='ocrx_word' id='word_1_662' title='bbox 2249 4434 2376 4489; x_wconf 87' lang='grc' dir='ltr'><strong>ΡΛ’.</strong></span> <span class='ocrx_word' id='word_1_663' title='bbox 2432 4431 2502 4487; x_wconf 87' lang='lat'><strong>&#39;0</strong></span> <span class='ocrx_word' id='word_1_664' title='bbox 2557 4433 2761 4502; x_wconf 74' lang='grc' dir='ltr'>μείζων</span> <span class='ocrx_word' id='word_1_665' title='bbox 2816 4433 2848 4504; x_wconf 84' lang='grc' dir='ltr'>ἦ</span> <span class='ocrx_word' id='word_1_666' title='bbox 2915 4430 3040 4486; x_wconf 87' lang='grc' dir='ltr'>κατ’</span> <span class='ocrx_word' id='word_1_667' title='bbox 3098 4430 3396 4501; x_wconf 78' lang='grc' dir='ltr'>ἄνθρωπον</span> <span class='ocrx_word' id='word_1_668' title='bbox 3463 4422 3748 4527; x_wconf 47' lang='grc' dir='ltr'>νομισθείς,</span> 
     </span>
    </p>
   </div>
   <div class='ocr_carea' id='block_1_90' title="bbox 2174 4518 3752 4598">
    <p class='ocr_par' dir='ltr' id='par_1_90' title="bbox 2174 4518 3752 4598">
     <span class='ocr_line' id='line_1_90' title="bbox 2174 4518 3752 4598; baseline -0.013 -17"><span class='ocrx_word' id='word_1_669' title='bbox 2174 4527 2376 4598; x_wconf 78' lang='grc' dir='ltr'>μᾶλλον</span> <span class='ocrx_word' id='word_1_670' title='bbox 2412 4527 2490 4590; x_wconf 78' lang='grc' dir='ltr'>δὲ,</span> <span class='ocrx_word' id='word_1_671' title='bbox 2533 4518 2577 4578; x_wconf 79' lang='grc' dir='ltr'><strong>ὦ</strong></span> <span class='ocrx_word' id='word_1_672' title='bbox 2609 4525 2702 4579; x_wconf 86' lang='grc' dir='ltr'>τὸν</span> <span class='ocrx_word' id='word_1_673' title='bbox 2745 4524 2844 4594; x_wconf 78' lang='grc' dir='ltr'>μὲν</span> <span class='ocrx_word' id='word_1_674' title='bbox 2903 4522 3196 4593; x_wconf 82' lang='grc' dir='ltr'>ἄνθρωπον</span> <span class='ocrx_word' id='word_1_675' title='bbox 3252 4521 3390 4590; x_wconf 84' lang='grc' dir='ltr'>ὁμοῦ</span> <span class='ocrx_word' id='word_1_676' title='bbox 3431 4537 3491 4572; x_wconf 89' lang='grc' dir='ltr'><strong>τε</strong></span> <span class='ocrx_word' id='word_1_677' title='bbox 3552 4518 3752 4582; x_wconf 79' lang='grc' dir='ltr'>παριὼν</span> 
     </span>
    </p>
   </div>
   <div class='ocr_carea' id='block_1_91' title="bbox 486 4880 2065 4966">
    <p class='ocr_par' dir='ltr' id='par_1_91' title="bbox 486 4880 2065 4966">
     <span class='ocr_line' id='line_1_91' title="bbox 486 4880 2065 4966; baseline 0.008 -27"><span class='ocrx_word' id='word_1_678' title='bbox 486 4889 541 4940; x_wconf 92' lang='lat' dir='ltr'><strong>in</strong></span> <span class='ocrx_word' id='word_1_679' title='bbox 585 4888 746 4942; x_wconf 91' lang='lat' dir='ltr'><strong>terris</strong></span> <span class='ocrx_word' id='word_1_680' title='bbox 770 4896 825 4940; x_wconf 88' lang='lat' dir='ltr'><strong>et</strong></span> <span class='ocrx_word' id='word_1_681' title='bbox 875 4905 1017 4944; x_wconf 87' lang='lat' dir='ltr'><strong>nunc</strong></span> <span class='ocrx_word' id='word_1_682' title='bbox 1068 4880 1414 4959; x_wconf 48' lang='lat' dir='ltr'><strong>p0tissimu&#39;m</strong></span> <span class='ocrx_word' id='word_1_683' title='bbox 1467 4910 1574 4948; x_wconf 89' lang='lat' dir='ltr'><strong>una</strong></span> <span class='ocrx_word' id='word_1_684' title='bbox 1635 4910 1760 4949; x_wconf 91' lang='lat' dir='ltr'><strong>cum</strong></span> <span class='ocrx_word' id='word_1_685' title='bbox 1835 4896 1964 4966; x_wconf 88' lang='lat' dir='ltr'><strong>ipsis</strong></span> <span class='ocrx_word' id='word_1_686' title='bbox 2014 4898 2065 4952; x_wconf 93' lang='lat' dir='ltr'><strong>in</strong></span> 
     </span>
    </p>
   </div>
   <div class='ocr_carea' id='block_1_92' title="bbox 485 4980 2070 5056">
    <p class='ocr_par' dir='ltr' id='par_1_92' title="bbox 485 4980 2070 5056">
     <span class='ocr_line' id='line_1_92' title="bbox 485 4980 2070 5056; baseline 0.006 -23"><span class='ocrx_word' id='word_1_687' title='bbox 485 4980 663 5034; x_wconf 80' lang='lat' dir='ltr'><strong>ccelo!</strong></span> <span class='ocrx_word' id='word_1_688' title='bbox 698 4980 741 5034; x_wconf 94' lang='lat'><strong>0</strong></span> <span class='ocrx_word' id='word_1_689' title='bbox 769 4983 858 5048; x_wconf 91' lang='lat' dir='ltr'><strong>qui</strong></span> <span class='ocrx_word' id='word_1_690' title='bbox 881 4983 1241 5049; x_wconf 70' lang='lat' dir='ltr'><strong>iucunditatis</strong></span> <span class='ocrx_word' id='word_1_691' title='bbox 1291 4985 1469 5039; x_wconf 87' lang='lat' dir='ltr'><strong>omnis</strong></span> <span class='ocrx_word' id='word_1_692' title='bbox 1503 4987 1701 5040; x_wconf 90' lang='lat' dir='ltr'><strong>nullam</strong></span> <span class='ocrx_word' id='word_1_693' title='bbox 1738 4988 1956 5056; x_wconf 80' lang='lat' dir='ltr'><strong>penitus</strong></span> <span class='ocrx_word' id='word_1_694' title='bbox 1981 5005 2070 5043; x_wconf 86' lang='lat' dir='ltr'><strong>ra-</strong></span> 
     </span>
    </p>
   </div>
   <div class='ocr_carea' id='block_1_93' title="bbox 487 5069 2072 5145">
    <p class='ocr_par' dir='ltr' id='par_1_93' title="bbox 487 5069 2072 5145">
     <span class='ocr_line' id='line_1_93' title="bbox 487 5069 2072 5145; baseline 0.006 -25"><span class='ocrx_word' id='word_1_695' title='bbox 487 5069 690 5120; x_wconf 83' lang='lat' dir='ltr'><strong>tionem</strong></span> <span class='ocrx_word' id='word_1_696' title='bbox 721 5070 983 5135; x_wconf 87' lang='lat' dir='ltr'><strong>ducebas,</strong></span> <span class='ocrx_word' id='word_1_697' title='bbox 1037 5072 1142 5125; x_wconf 85' lang='lat' dir='ltr'><strong>nisi</strong></span> <span class='ocrx_word' id='word_1_698' title='bbox 1202 5088 1320 5141; x_wconf 59' lang='lat' dir='ltr'><strong>quae</strong></span> <span class='ocrx_word' id='word_1_699' title='bbox 1357 5076 1422 5126; x_wconf 90' lang='lat' dir='ltr'><strong>ad</strong></span> <span class='ocrx_word' id='word_1_700' title='bbox 1454 5074 1709 5129; x_wconf 79' lang='lat' dir='ltr'><strong>virtutem</strong></span> <span class='ocrx_word' id='word_1_701' title='bbox 1759 5075 1962 5145; x_wconf 90' lang='lat' dir='ltr'><strong>Deique</strong></span> <span class='ocrx_word' id='word_1_702' title='bbox 1993 5079 2072 5131; x_wconf 65' lang='grc' dir='ltr'>[ιι-</span> 
     </span>
    </p>
   </div>
   <div class='ocr_carea' id='block_1_94' title="bbox 489 5161 2072 5242">
    <p class='ocr_par' dir='ltr' id='par_1_94' title="bbox 489 5161 2072 5242">
     <span class='ocr_line' id='line_1_94' title="bbox 489 5161 2072 5242; baseline 0.008 -30"><span class='ocrx_word' id='word_1_703' title='bbox 489 5161 859 5216; x_wconf 87' lang='lat' dir='ltr'><strong>miliaritatem</strong></span> <span class='ocrx_word' id='word_1_704' title='bbox 883 5165 1135 5218; x_wconf 83' lang='lat' dir='ltr'><strong>duceret!</strong></span> <span class='ocrx_word' id='word_1_705' title='bbox 1169 5164 1212 5218; x_wconf 92' lang='grc'>0</span> <span class='ocrx_word' id='word_1_706' title='bbox 1239 5163 1520 5221; x_wconf 81' lang='lat' dir='ltr'><strong>Trinitatis</strong></span> <span class='ocrx_word' id='word_1_707' title='bbox 1549 5167 1832 5235; x_wconf 88' lang='lat' dir='ltr'><strong>templum,</strong></span> <span class='ocrx_word' id='word_1_708' title='bbox 1859 5179 1911 5224; x_wconf 90' lang='lat' dir='ltr'><strong>et</strong></span> <span class='ocrx_word' id='word_1_709' title='bbox 1945 5187 2072 5242; x_wconf 87' lang='lat' dir='ltr'><strong>pry-</strong></span> 
     </span>
    </p>
   </div>
   <div class='ocr_carea' id='block_1_95' title="bbox 493 5254 2073 5324">
    <p class='ocr_par' dir='ltr' id='par_1_95' title="bbox 493 5254 2073 5324">
     <span class='ocr_line' id='line_1_95' title="bbox 493 5254 2073 5324; baseline 0.011 -22"><span class='ocrx_word' id='word_1_710' title='bbox 493 5263 713 5306; x_wconf 86' lang='lat' dir='ltr'><strong>taneum</strong></span> <span class='ocrx_word' id='word_1_711' title='bbox 741 5254 1044 5323; x_wconf 77' lang='lat' dir='ltr'><strong>theologiae,</strong></span> <span class='ocrx_word' id='word_1_712' title='bbox 1077 5266 1133 5311; x_wconf 90' lang='lat' dir='ltr'><strong>et</strong></span> <span class='ocrx_word' id='word_1_713' title='bbox 1183 5269 1496 5312; x_wconf 86' lang='lat' dir='ltr'><strong>sanctorum</strong></span> <span class='ocrx_word' id='word_1_714' title='bbox 1555 5258 1866 5324; x_wconf 71' lang='lat' dir='ltr'><strong>dogmatum</strong></span> <span class='ocrx_word' id='word_1_715' title='bbox 1907 5279 2073 5319; x_wconf 70' lang='lat' dir='ltr'><strong>exac-</strong></span> 
     </span>
    </p>
   </div>
   <div class='ocr_carea' id='block_1_96' title="bbox 495 5344 2073 5426">
    <p class='ocr_par' dir='ltr' id='par_1_96' title="bbox 495 5344 2073 5426">
     <span class='ocr_line' id='line_1_96' title="bbox 495 5344 2073 5426; baseline 0.009 -32"><span class='ocrx_word' id='word_1_716' title='bbox 495 5344 702 5396; x_wconf 80' lang='lat' dir='ltr'><strong>tissima</strong></span> <span class='ocrx_word' id='word_1_717' title='bbox 740 5347 959 5399; x_wconf 84' lang='lat' dir='ltr'><strong>normal</strong></span> <span class='ocrx_word' id='word_1_718' title='bbox 1013 5347 1055 5402; x_wconf 94' lang='grc' dir='ltr'>Ο</span> <span class='ocrx_word' id='word_1_719' title='bbox 1094 5350 1450 5405; x_wconf 84' lang='lat' dir='ltr'><strong>disertissime</strong></span> <span class='ocrx_word' id='word_1_720' title='bbox 1483 5355 1798 5409; x_wconf 81' lang='lat' dir='ltr'><strong>orationum</strong></span> <span class='ocrx_word' id='word_1_721' title='bbox 1825 5356 2073 5426; x_wconf 76' lang='lat' dir='ltr'><strong>omnige-</strong></span> 
     </span>
    </p>
   </div>
   <div class='ocr_carea' id='block_1_97' title="bbox 499 5437 2079 5512">
    <p class='ocr_par' dir='ltr' id='par_1_97' title="bbox 499 5437 2079 5512">
     <span class='ocr_line' id='line_1_97' title="bbox 499 5437 2079 5512; baseline 0.009 -25"><span class='ocrx_word' id='word_1_722' title='bbox 499 5451 692 5488; x_wconf 78' lang='lat' dir='ltr'><strong>tmrttm</strong></span> <span class='ocrx_word' id='word_1_723' title='bbox 761 5437 982 5500; x_wconf 78' lang='lat' dir='ltr'><strong>artifex,</strong></span> <span class='ocrx_word' id='word_1_724' title='bbox 1082 5456 1380 5510; x_wconf 83' lang='lat' dir='ltr'><strong>earumque</strong></span> <span class='ocrx_word' id='word_1_725' title='bbox 1453 5461 1616 5512; x_wconf 67' lang='lat' dir='ltr'><strong>super</strong></span> <span class='ocrx_word' id='word_1_726' title='bbox 1688 5447 1824 5500; x_wconf 84' lang='lat' dir='ltr'><strong>alios</strong></span> <span class='ocrx_word' id='word_1_727' title='bbox 1891 5461 2079 5501; x_wconf 89' lang='lat' dir='ltr'><strong>omnes</strong></span> 
     </span>
    </p>
   </div>
   <div class='ocr_carea' id='block_1_98' title="bbox 498 5530 2072 5606">
    <p class='ocr_par' dir='ltr' id='par_1_98' title="bbox 498 5530 2072 5606">
     <span class='ocr_line' id='line_1_98' title="bbox 498 5530 2072 5606; baseline 0.008 -26"><span class='ocrx_word' id='word_1_728' title='bbox 498 5530 698 5581; x_wconf 84' lang='lat' dir='ltr'><strong>athleta</strong></span> <span class='ocrx_word' id='word_1_729' title='bbox 750 5544 1222 5602; x_wconf 77' lang='lat' dir='ltr'><strong>propugnatorque</strong></span> <span class='ocrx_word' id='word_1_730' title='bbox 1271 5536 1568 5589; x_wconf 84' lang='lat' dir='ltr'><strong>acerrime!</strong></span> <span class='ocrx_word' id='word_1_731' title='bbox 1607 5535 1650 5591; x_wconf 95' lang='lat'><strong>0</strong></span> <span class='ocrx_word' id='word_1_732' title='bbox 1679 5552 1835 5592; x_wconf 82' lang='lat' dir='ltr'><strong>sacra</strong></span> <span class='ocrx_word' id='word_1_733' title='bbox 1865 5539 2072 5606; x_wconf 78' lang='lat' dir='ltr'><strong>gratia-</strong></span> 
     </span>
    </p>
   </div>
   <div class='ocr_carea' id='block_1_99' title="bbox 499 5621 2078 5696">
    <p class='ocr_par' dir='ltr' id='par_1_99' title="bbox 499 5621 2078 5696">
     <span class='ocr_line' id='line_1_99' title="bbox 499 5621 2078 5696; baseline 0.009 -24"><span class='ocrx_word' id='word_1_734' title='bbox 499 5635 620 5674; x_wconf 89' lang='lat' dir='ltr'><strong>rum</strong></span> <span class='ocrx_word' id='word_1_735' title='bbox 693 5621 907 5686; x_wconf 83' lang='lat' dir='ltr'><strong>thensa,</strong></span> <span class='ocrx_word' id='word_1_736' title='bbox 968 5638 1020 5679; x_wconf 90' lang='lat' dir='ltr'><strong>et</strong></span> <span class='ocrx_word' id='word_1_737' title='bbox 1056 5627 1377 5681; x_wconf 70' lang='lat' dir='ltr'><strong>suavissima</strong></span> <span class='ocrx_word' id='word_1_738' title='bbox 1445 5645 1656 5685; x_wconf 88' lang='lat' dir='ltr'><strong>murum</strong></span> <span class='ocrx_word' id='word_1_739' title='bbox 1707 5631 2078 5696; x_wconf 77' lang='lat' dir='ltr'><strong>concinnitas,</strong></span> 
     </span>
    </p>
   </div>
   <div class='ocr_carea' id='block_1_100' title="bbox 505 5713 2074 5780">
    <p class='ocr_par' dir='ltr' id='par_1_100' title="bbox 505 5713 2074 5780">
     <span class='ocr_line' id='line_1_100' title="bbox 505 5713 2074 5780; baseline 0.01 -15"><span class='ocrx_word' id='word_1_740' title='bbox 505 5713 739 5768; x_wconf 79' lang='lat' dir='ltr'><strong>maxime</strong></span> <span class='ocrx_word' id='word_1_741' title='bbox 770 5717 954 5770; x_wconf 84' lang='lat' dir='ltr'><strong>eadem</strong></span> <span class='ocrx_word' id='word_1_742' title='bbox 1042 5728 1096 5772; x_wconf 83' lang='lat' dir='ltr'><strong>et</strong></span> <span class='ocrx_word' id='word_1_743' title='bbox 1146 5720 1487 5776; x_wconf 84' lang='lat' dir='ltr'><strong>admirabilis</strong></span> <span class='ocrx_word' id='word_1_744' title='bbox 1566 5731 1618 5777; x_wconf 78' lang='lat' dir='ltr'><strong>et</strong></span> <span class='ocrx_word' id='word_1_745' title='bbox 1697 5723 2074 5780; x_wconf 80' lang='lat' dir='ltr'><strong>iniiuitabilis!</strong></span> 
     </span>
    </p>
   </div>
   <div class='ocr_carea' id='block_1_101' title="bbox 581 5895 2069 5973">
    <p class='ocr_par' dir='ltr' id='par_1_101' title="bbox 581 5895 2069 5973">
     <span class='ocr_line' id='line_1_101' title="bbox 581 5895 2069 5973; baseline 0.005 -20"><span class='ocrx_word' id='word_1_746' title='bbox 581 5895 626 5929; x_wconf 84' lang='grc'><strong>⁸⁷</strong></span> <span class='ocrx_word' id='word_1_747' title='bbox 656 5898 801 5956; x_wconf 81' lang='lat' dir='ltr'><strong>Psat.</strong></span> <span class='ocrx_word' id='word_1_748' title='bbox 839 5916 952 5971; x_wconf 79' lang='lat' dir='ltr'><strong>xix,</strong></span> <span class='ocrx_word' id='word_1_749' title='bbox 991 5901 1022 5957; x_wconf 84' lang='grc'>5</span> <span class='ocrx_word' id='word_1_750' title='bbox 1055 5921 1069 5973; x_wconf 83' lang='lat'><strong>;</strong></span> <span class='ocrx_word' id='word_1_751' title='bbox 1115 5903 1272 5960; x_wconf 73' lang='lat' dir='ltr'><strong>llum.</strong></span> <span class='ocrx_word' id='word_1_752' title='bbox 1308 5921 1363 5970; x_wconf 70' lang='grc' dir='ltr'>ι,</span> <span class='ocrx_word' id='word_1_753' title='bbox 1405 5903 1487 5960; x_wconf 90' lang='lat' dir='ltr'><strong>l8.</strong></span> <span class='ocrx_word' id='word_1_754' title='bbox 1568 5904 1609 5936; x_wconf 60' lang='grc' dir='ltr'><strong>δε</strong></span> <span class='ocrx_word' id='word_1_755' title='bbox 1644 5905 1687 5959; x_wconf 89' lang='lat' dir='ltr'><strong>ll</strong></span> <span class='ocrx_word' id='word_1_756' title='bbox 1728 5907 1852 5964; x_wconf 81' lang='lat' dir='ltr'><strong>Cor.</strong></span> <span class='ocrx_word' id='word_1_757' title='bbox 1885 5922 1934 5963; x_wconf 70' lang='grc' dir='ltr'>χι</span> <span class='ocrx_word' id='word_1_758' title='bbox 1978 5905 2069 5961; x_wconf 75' lang='lat'><strong>28.</strong></span> 
     </span>
    </p>
   </div>
   <div class='ocr_carea' id='block_1_102' title="bbox 2176 4881 3748 4963">
    <p class='ocr_par' dir='ltr' id='par_1_102' title="bbox 2176 4881 3748 4963">
     <span class='ocr_line' id='line_1_102' title="bbox 2176 4881 3748 4963; baseline -0.005 -14"><span class='ocrx_word' id='word_1_759' title='bbox 2176 4897 2283 4950; x_wconf 81' lang='grc' dir='ltr'>τῶν</span> <span class='ocrx_word' id='word_1_760' title='bbox 2316 4897 2371 4948; x_wconf 80' lang='grc' dir='ltr'>ὲν</span> <span class='ocrx_word' id='word_1_761' title='bbox 2399 4897 2512 4957; x_wconf 85' lang='grc' dir='ltr'>τοῖς</span> <span class='ocrx_word' id='word_1_762' title='bbox 2564 4893 2837 4963; x_wconf 80' lang='grc' dir='ltr'>οὐρανοῖς.</span> <span class='ocrx_word' id='word_1_763' title='bbox 2868 4887 2940 4943; x_wconf 85' lang='lat'><strong>&#39;0</strong></span> <span class='ocrx_word' id='word_1_764' title='bbox 2990 4890 3194 4951; x_wconf 75' lang='grc' dir='ltr'>παντὸς</span> <span class='ocrx_word' id='word_1_765' title='bbox 3225 4889 3446 4959; x_wconf 69' lang='grc' dir='ltr'>ἡδίστου</span> <span class='ocrx_word' id='word_1_766' title='bbox 3479 4881 3600 4954; x_wconf 78' lang='grc' dir='ltr'>μηδ’</span> <span class='ocrx_word' id='word_1_767' title='bbox 3625 4881 3748 4930; x_wconf 70' lang='grc' dir='ltr'><strong>ὄντι’</strong></span> 
     </span>
    </p>
   </div>
   <div class='ocr_carea' id='block_1_103' title="bbox 2177 4971 3746 5057">
    <p class='ocr_par' dir='ltr' id='par_1_103' title="bbox 2177 4971 3746 5057">
     <span class='ocr_line' id='line_1_103' title="bbox 2177 4971 3746 5057; baseline -0.016 -14"><span class='ocrx_word' id='word_1_768' title='bbox 2177 4991 2305 5045; x_wconf 89' lang='grc' dir='ltr'>νοῦν</span> <span class='ocrx_word' id='word_1_769' title='bbox 2363 4987 2699 5057; x_wconf 84' lang='grc' dir='ltr'>τοπαράπαν</span> <span class='ocrx_word' id='word_1_770' title='bbox 2766 4984 3144 5053; x_wconf 82' lang='grc' dir='ltr'>ποιησάμενος</span> <span class='ocrx_word' id='word_1_771' title='bbox 3205 4981 3389 5050; x_wconf 79' lang='grc' dir='ltr'>λόγον,</span> <span class='ocrx_word' id='word_1_772' title='bbox 3444 4975 3584 5040; x_wconf 84' lang='grc' dir='ltr'>πλὴν</span> <span class='ocrx_word' id='word_1_773' title='bbox 3637 4971 3746 5022; x_wconf 77' lang='grc' dir='ltr'>ὅσον</span> 
     </span>
    </p>
   </div>
   <div class='ocr_carea' id='block_1_104' title="bbox 2179 5059 3746 5148">
    <p class='ocr_par' dir='ltr' id='par_1_104' title="bbox 2179 5059 3746 5148">
     <span class='ocr_line' id='line_1_104' title="bbox 2179 5059 3746 5148; baseline -0.011 -16"><span class='ocrx_word' id='word_1_774' title='bbox 2179 5080 2257 5143; x_wconf 85' lang='grc' dir='ltr'><strong>είς</strong></span> <span class='ocrx_word' id='word_1_775' title='bbox 2309 5079 2511 5148; x_wconf 80' lang='grc' dir='ltr'>ἀρετὴν</span> <span class='ocrx_word' id='word_1_776' title='bbox 2540 5076 2813 5146; x_wconf 72' lang='grc' dir='ltr'>φέρεικαὶ</span> <span class='ocrx_word' id='word_1_777' title='bbox 2842 5073 2978 5126; x_wconf 86' lang='grc' dir='ltr'>Θεοῦ</span> <span class='ocrx_word' id='word_1_778' title='bbox 3042 5072 3332 5137; x_wconf 85' lang='grc' dir='ltr'>ξυναυλίαν</span> <span class='ocrx_word' id='word_1_779' title='bbox 3381 5073 3393 5126; x_wconf 88' lang='lat' dir='ltr'><strong>l</strong></span> <span class='ocrx_word' id='word_1_780' title='bbox 3426 5065 3495 5120; x_wconf 89' lang='lat'><strong>&#39;0</strong></span> <span class='ocrx_word' id='word_1_781' title='bbox 3535 5059 3746 5133; x_wconf 79' lang='grc' dir='ltr'>Τριὰδος</span> 
     </span>
    </p>
   </div>
   <div class='ocr_carea' id='block_1_105' title="bbox 2181 5155 3742 5236">
    <p class='ocr_par' dir='ltr' id='par_1_105' title="bbox 2181 5155 3742 5236">
     <span class='ocr_line' id='line_1_105' title="bbox 2181 5155 3742 5236; baseline -0.012 -11"><span class='ocrx_word' id='word_1_782' title='bbox 2181 5173 2358 5235; x_wconf 79' lang='grc' dir='ltr'>ἑστία,</span> <span class='ocrx_word' id='word_1_783' title='bbox 2403 5171 2502 5224; x_wconf 67' lang='grc' dir='ltr'>καὶ</span> <span class='ocrx_word' id='word_1_784' title='bbox 2555 5171 2890 5236; x_wconf 81' lang='grc' dir='ltr'>πρυτανεῖον</span> <span class='ocrx_word' id='word_1_785' title='bbox 2933 5166 3254 5234; x_wconf 79' lang='grc' dir='ltr'>θεολογίας,</span> <span class='ocrx_word' id='word_1_786' title='bbox 3321 5164 3419 5218; x_wconf 74' lang='grc' dir='ltr'>καὶ</span> <span class='ocrx_word' id='word_1_787' title='bbox 3473 5155 3742 5226; x_wconf 75' lang='grc' dir='ltr'>δογμάτων</span> 
     </span>
    </p>
   </div>
   <div class='ocr_carea' id='block_1_106' title="bbox 2179 5239 3745 5333">
    <p class='ocr_par' dir='ltr' id='par_1_106' title="bbox 2179 5239 3745 5333">
     <span class='ocr_line' id='line_1_106' title="bbox 2179 5239 3745 5333; baseline -0.018 -15"><span class='ocrx_word' id='word_1_788' title='bbox 2179 5263 2438 5333; x_wconf 74' lang='grc' dir='ltr'>ἀκρῗὸεια</span> <span class='ocrx_word' id='word_1_789' title='bbox 2469 5263 2481 5315; x_wconf 89' lang='lat'><strong>!</strong></span> <span class='ocrx_word' id='word_1_790' title='bbox 2514 5255 2585 5316; x_wconf 84' lang='lat'><strong>&#39;0</strong></span> <span class='ocrx_word' id='word_1_791' title='bbox 2607 5258 2970 5314; x_wconf 84' lang='grc' dir='ltr'>παντοδαπῶν</span> <span class='ocrx_word' id='word_1_792' title='bbox 2999 5257 3190 5325; x_wconf 80' lang='grc' dir='ltr'>,λόγων</span> <span class='ocrx_word' id='word_1_793' title='bbox 3219 5256 3463 5328; x_wconf 85' lang='grc' dir='ltr'>τεχνίτα,</span> <span class='ocrx_word' id='word_1_794' title='bbox 3517 5261 3608 5304; x_wconf 69' lang='grc' dir='ltr'><strong>καί</strong></span> <span class='ocrx_word' id='word_1_795' title='bbox 3640 5239 3745 5295; x_wconf 61' lang='lat' dir='ltr'><strong>coti-</strong></span> 
     </span>
    </p>
   </div>
   <div class='ocr_carea' id='block_1_107' title="bbox 2182 5336 3743 5425">
    <p class='ocr_par' dir='ltr' id='par_1_107' title="bbox 2182 5336 3743 5425">
     <span class='ocr_line' id='line_1_107' title="bbox 2182 5336 3743 5425; baseline -0.015 -18"><span class='ocrx_word' id='word_1_796' title='bbox 2182 5372 2290 5407; x_wconf 90' lang='grc' dir='ltr'><strong>των</strong></span> <span class='ocrx_word' id='word_1_797' title='bbox 2328 5353 2472 5425; x_wconf 81' lang='grc' dir='ltr'>ὑπὲρ</span> <span class='ocrx_word' id='word_1_798' title='bbox 2533 5355 2745 5416; x_wconf 86' lang='grc' dir='ltr'>πάντας</span> <span class='ocrx_word' id='word_1_799' title='bbox 2804 5351 3107 5417; x_wconf 80' lang='grc' dir='ltr'>ἀγωνιστά,</span> <span class='ocrx_word' id='word_1_800' title='bbox 3155 5350 3251 5404; x_wconf 77' lang='grc' dir='ltr'>καὶ</span> <span class='ocrx_word' id='word_1_801' title='bbox 3321 5349 3473 5418; x_wconf 73' lang='grc' dir='ltr'>ἅρμα</span> <span class='ocrx_word' id='word_1_802' title='bbox 3527 5336 3743 5412; x_wconf 79' lang='grc' dir='ltr'>χαρίτων</span> 
     </span>
    </p>
   </div>
   <div class='ocr_carea' id='block_1_108' title="bbox 2184 5425 3741 5518">
    <p class='ocr_par' dir='ltr' id='par_1_108' title="bbox 2184 5425 3741 5518">
     <span class='ocr_line' id='line_1_108' title="bbox 2184 5425 3741 5518; baseline -0.013 -19"><span class='ocrx_word' id='word_1_803' title='bbox 2184 5449 2283 5500; x_wconf 69' lang='grc' dir='ltr'>καὶ</span> <span class='ocrx_word' id='word_1_804' title='bbox 2336 5447 2483 5518; x_wconf 79' lang='grc' dir='ltr'>ἠθῶν</span> <span class='ocrx_word' id='word_1_805' title='bbox 2509 5447 2780 5514; x_wconf 78' lang='grc' dir='ltr'>εὐκοσμία</span> <span class='ocrx_word' id='word_1_806' title='bbox 2813 5484 2828 5509; x_wconf 91' lang='grc'><strong>,</strong></span> <span class='ocrx_word' id='word_1_807' title='bbox 2866 5443 3272 5515; x_wconf 81' lang='grc' dir='ltr'>θαυμαζομένη</span> <span class='ocrx_word' id='word_1_808' title='bbox 3315 5442 3433 5512; x_wconf 76' lang='grc' dir='ltr'>μὲν,</span> <span class='ocrx_word' id='word_1_809' title='bbox 3470 5425 3741 5504; x_wconf 80' lang='grc' dir='ltr'>ζηλοῦσθαι</span> 
     </span>
    </p>
   </div>
   <div class='ocr_carea' id='block_1_109' title="bbox 2187 5524 3739 5608">
    <p class='ocr_par' dir='ltr' id='par_1_109' title="bbox 2187 5524 3739 5608">
     <span class='ocr_line' id='line_1_109' title="bbox 2187 5524 3739 5608; baseline -0.006 -18"><span class='ocrx_word' id='word_1_810' title='bbox 2187 5537 2231 5590; x_wconf 83' lang='grc' dir='ltr'>δ’</span> <span class='ocrx_word' id='word_1_811' title='bbox 2260 5539 2583 5607; x_wconf 66' lang='grc' dir='ltr'>άνὲςρικτοςί</span> <span class='ocrx_word' id='word_1_812' title='bbox 2616 5533 2687 5590; x_wconf 88' lang='lat'><strong>&#39;0</strong></span> <span class='ocrx_word' id='word_1_813' title='bbox 2713 5536 2788 5608; x_wconf 84' lang='grc' dir='ltr'>μὴ</span> <span class='ocrx_word' id='word_1_814' title='bbox 2849 5537 3010 5606; x_wconf 85' lang='grc' dir='ltr'>μόνον</span> <span class='ocrx_word' id='word_1_815' title='bbox 3066 5554 3086 5588; x_wconf 72' lang='grc' dir='ltr'><strong>ι</strong></span> <span class='ocrx_word' id='word_1_816' title='bbox 3133 5535 3360 5605; x_wconf 79' lang='grc' dir='ltr'>οὐρανὸς</span> <span class='ocrx_word' id='word_1_817' title='bbox 3411 5524 3739 5608; x_wconf 61' lang='grc' dir='ltr'>διηγούμενγθς</span> 
     </span>
    </p>
   </div>
   <div class='ocr_carea' id='block_1_110' title="bbox 2188 5607 3738 5706">
    <p class='ocr_par' dir='ltr' id='par_1_110' title="bbox 2188 5607 3738 5706">
     <span class='ocr_line' id='line_1_110' title="bbox 2188 5607 3738 5706; baseline 0.01 -24"><span class='ocrx_word' id='word_1_818' title='bbox 2188 5631 2289 5701; x_wconf 85' lang='grc' dir='ltr'><strong>τὴν</strong></span> <span class='ocrx_word' id='word_1_819' title='bbox 2319 5631 2480 5697; x_wconf 79' lang='grc' dir='ltr'>δόξαν</span> <span class='ocrx_word' id='word_1_820' title='bbox 2507 5631 2665 5695; x_wconf 87' lang='grc' dir='ltr'>Θεοῦ,</span> <span class='ocrx_word' id='word_1_821' title='bbox 2702 5650 2720 5684; x_wconf 73' lang='grc' dir='ltr'><strong>ι</strong></span> <span class='ocrx_word' id='word_1_822' title='bbox 2757 5629 2897 5683; x_wconf 76' lang='grc' dir='ltr'><strong>ἀλλά</strong></span> <span class='ocrx_word' id='word_1_823' title='bbox 2941 5632 3039 5682; x_wconf 82' lang='grc' dir='ltr'>καὶ</span> <span class='ocrx_word' id='word_1_824' title='bbox 3099 5630 3309 5691; x_wconf 81' lang='grc' dir='ltr'>πάντας</span> <span class='ocrx_word' id='word_1_825' title='bbox 3366 5623 3500 5692; x_wconf 73' lang='grc' dir='ltr'>πρὸς</span> <span class='ocrx_word' id='word_1_826' title='bbox 3532 5607 3738 5706; x_wconf 57' lang='grc' dir='ltr'><strong>οὖρανῗν</strong></span> 
     </span>
    </p>
   </div>
   <div class='ocr_carea' id='block_1_111' title="bbox 2195 5705 3734 5796">
    <p class='ocr_par' dir='ltr' id='par_1_111' title="bbox 2195 5709 3734 5796">
     <span class='ocr_line' id='line_1_111' title="bbox 2195 5709 3734 5796; baseline 0.001 -19"><span class='ocrx_word' id='word_1_827' title='bbox 2195 5725 2456 5796; x_wconf 80' lang='grc' dir='ltr'>μεθιστάς</span> <span class='ocrx_word' id='word_1_828' title='bbox 2485 5765 2500 5792; x_wconf 89' lang='grc'><strong>,</strong></span> <span class='ocrx_word' id='word_1_829' title='bbox 2538 5725 2633 5780; x_wconf 76' lang='grc' dir='ltr'>καὶ</span> <span class='ocrx_word' id='word_1_830' title='bbox 2662 5726 2782 5789; x_wconf 78' lang='grc' dir='ltr'>ταῖς</span> <span class='ocrx_word' id='word_1_831' title='bbox 2824 5723 3171 5794; x_wconf 78' lang='grc' dir='ltr'>θαυμασταῖς</span> <span class='ocrx_word' id='word_1_832' title='bbox 3191 5721 3493 5788; x_wconf 74' lang='grc' dir='ltr'>ὑποθήκαις</span> <span class='ocrx_word' id='word_1_833' title='bbox 3521 5724 3621 5762; x_wconf 79' lang='grc' dir='ltr'><strong>των</strong></span> <span class='ocrx_word' id='word_1_834' title='bbox 3641 5709 3734 5751; x_wconf 65' lang='grc' dir='ltr'><strong>οων</strong></span> 
     </span>
    </p>
   </div>
  </div>
