4028 6470
292 427 402 492 349

1220 430 1617 496 LAUDATIO
1656 433 1723 497 S.
1751 433 2136 496 GREGORII
2177 429 2596 495 THEOLOGI.

3481 426 3588 489 3ῗο

290 543 494 612 λόγων,
540 540 700 603 θεοὺς
749 542 948 606 αὐτοὺς
1001 543 1268 610 καθιστάς
1299 542 1414 602 1'0
1504 547 1680 603 κακοῦ
1731 567 1914 614 τινος.

2023 556 2030 597 l
2084 564 2192 605 non
2261 549 2427 604 modo
2454 567 2472 600 ι
2509 545 2709 603 οωιιιιη
2748 557 3014 600 enarrans
3080 542 3308 614 gloriam
3340 540 3436 597 Dei
3457 543 3524 606 θ’,
3562 561 3581 594 ι

294 635 514 707 κτῆσιν,
549 635 662 690 οὐδ’
715 637 773 689 ὲν
805 638 1110 710 αὐτονομίᾳ
1142 638 1266 707 τῶν,
1297 639 1578 713 λογισμῶν
1611 643 1886 713 ἐσχηκὼς,

297 730 484 784 πάντα
523 729 578 782 δὲ
607 729 676 782 τὰ
701 730 970 786 κάλλιστα
997 733 1095 786 καὶ
1158 734 1510 802 κτησάμενος
1559 735 1656 789 καὶ
1717 753 1889 807 μεγα-

295 818 547 887 impexa);
602 821 719 883 τοῖς
769 820 948 884 ἄλλοις
1003 827 1414 894 παρεσχηκὼςί
1447 820 1518 878 Ὦ
1575 825 1719 880 κατὰ
1773 829 1886 882 πᾶν

296 912 327 963 ὃ
357 929 410 964 τι
440 909 506 965 ἄν
537 912 682 964 εἴποι
715 930 824 977 τις,
870 915 982 968 τῶν
1019 914 1338 985 βελτίστων,
1370 918 1630 974 τοσοῦτον
1673 919 1885 991 ὲκλάμο

299 1001 429 1070 ψαςς
465 1001 538 1065 ὡς
569 1003 677 1056 ἀπὸ
703 1003 800 1057 σοῦ
839 1006 1041 1074 μᾶλλον
1074 1007 1106 1078 ἢ
1137 1009 1374 1077 πρόσθεν
1407 1011 1562 1064 τουτὶ
1608 1012 1888 1083 κεκοσμῆ-

309 1092 456 1159 σθαι,
487 1095 580 1148 καὶ
610 1094 988 1167 ποθεινότερον
1007 1101 1144 1153 πᾶσι
1168 1100 1309 1171 πρὸς
1340 1100 1402 1155 τὸ
1431 1102 1740 1174 κεχρῆσθαι
1793 1120 1888 1172 γε·

305 1184 536 1240 νέσθαιί

1995 643 2090 698 sed
2119 651 2174 697 et
2216 656 2408 696 omnes
2433 641 2498 694 ad
2528 639 2728 695 coelum
2767 637 3090 702 traducens,
3117 645 3173 690 et
3207 635 3407 691 divinis
3463 642 3589 688 tua-

1996 747 2116 787 rum
2184 732 2492 786 orationum
2541 730 2768 786 monitis
2832 729 2988 784 divos
3047 729 3193 798 ipsos
3247 727 3512 782 reddens!
3547 726 3591 780 Ο

1995 827 2090 896 qui
2125 825 2243 880 vitii
2275 825 2502 895 alicujus
2535 840 2691 880 usum
2716 824 3080 895 habitumque
3117 838 3184 877 ne
3216 822 3268 876 in
3306 820 3589 875 liberrimo

1993 918 2387 988 cogitationum
2442 916 2672 972 arbitrio
2712 917 2974 984 habebas,
3019 914 3224 983 optima
3250 927 3382 967 vero
3405 913 3590 966 omnia

1991 1024 2046 1070 et
2073 1014 2188 1084 ipse
2229 1013 2570 1084 possidebas,
2601 1021 2655 1066 et
2700 1011 2993 1082 magnifice
3022 1008 3437 1076 liberaliterque
3463 1018 3588 1057 cum

1993 1103 2115 1159 aliis
2153 1103 2628 1159 communicabas!
2659 1100 2703 1157 Ο
2735 1103 2826 1170 qui
2885 1100 3188 1156 secundum
3220 1098 3269 1153 id
3303 1110 3465 1152 omne
3504 1109 3594 1148 re-

1995 1210 2115 1250 rum
2149 1194 2503 1264 optintarum,
2533 1194 2680 1265 quod
2727 1192 3001 1247 nominari
3032 1206 3060 1245 a
3094 1205 3365 1261 quoquam
3395 1185 3588 1256 possit,

309 1295 480 1350 usque
526 1284 659 1338 adeo
699 1284 1144 1354 exspiendueras,
1180 1296 1239 1341 ut
1286 1288 1392 1343 hoc
1443 1288 1622 1358 ipsum
1695 1289 1816 1361 plus
1865 1289 1964 1346 abs
2020 1299 2096 1355 te,
2139 1304 2304 1360 quam
2354 1299 2511 1344 antea
2556 1288 2816 1355 habebat,
2860 1286 3138 1357 acceperit
3181 1281 3511 1348 ornamenti,
3538 1287 3594 1334 et

305 1373 560 1426 omnibus
588 1375 673 1427 ad'
696 1390 853 1429 usum
887 1377 1302 1434 desiderabilius
1326 1381 1561 1435 evaserit
1585 1381 1599 1434 ί

380 1463 544 1520 PAA'.
587 1485 604 1518 ι
637 1461 707 1522 Ὠ
730 1469 950 1537 γλῶσσα
1001 1472 1308 1542 πυρίπνους
1367 1475 1460 1527 καὶ
1511 1476 1688 1546 στόμα
1742 1479 1895 1546 μελι-

309 1559 532 1626 σταγὲς,
570 1578 588 1612 ι
628 1562 723 1613 καὶ
753 1561 954 1631 κιθάρα
981 1563 1073 1617 τοῦ
1104 1564 1458 1635 Πνεύματος,·
1483 1569 1550 1639 τῇ
1589 1569 1677 1623 διὰ
1704 1569 1897 1623 πασῶν

309 1651 571 1721 χαρίτων,
611 1652 686 1714 ὡς
719 1653 915 1720 εἰπεῖν,
953 1656 1214 1731 ἁρμονίᾳ,
1239 1659 1449 1722 πάντας
1487 1660 1625 1728 μετά
1653 1660 1744 1714 τοῦ
1785 1662 1896 1715 σώ-

310 1743 430 1807 ζειν
465 1743 607 1814 ἔχειν
635 1744 903 1812 κηλοῦσα,
933 1748 1026 1800 καὶ
1055 1748 1152 1813 τὰς
1178 1751 1356 1820 ψυχὰς
1392 1751 1608 1813 ἐνθέους
1664 1753 1896 1825 ἐργαζο-

315 1836 454 1906 μένη
493 1836 588 1890 καὶ
631 1837 1008 1908 βακχευούσας
1061 1843 1128 1895 τὰ
1166 1842 1383 1914 ἄρρητα
1415 1845 1428 1898 !
1458 1839 1530 1898 Ὦ
1563 1845 1656 1899 καὶ
1687 1846 1895 1901 τούτων

311 1928 542 1980 ἕκαστον
565 1927 639 1981 ὢν
666 1931 786 1999 μεθ’
809 1932 1136 2003 ὑπερϐολῆς,
1177 1936 1272 1988 καὶ
1303 1937 1481 1991 πάντα
1508 1939 1674 2008 όμοῦι
1701 1936 1771 1993 Ὦ
1802 1942 1896 1993 καὶ

315 2020 584 2087 κρείττων
645 2022 900 2076 ἁπάντων
976 2026 1070 2078 καὶ
1124 2027 1350 2096 προσέτι
1431 2030 1652 2083 σαυτοῦ·
1724 2033 1902 2086 ἐκεῖνο

323 2111 450 2180 μὲν,
488 2106 566 2182 οἷς
590 2113 666 2184 (I)
705 2115 1017 2186 ὕπερέχεις·
1051 2118 1212 2172 τοῦτο
1243 2120 1320 2187 δὲ,
1352 2116 1434 2184 οἷς
1465 2125 1522 2174 ἐν
1556 2124 1771 2194 ἑκάστῳ
1793 2125 1904 2178 τῶν

321 2204 432 2257 σῶν
465 2207 662 2259 σαυτὸν
691 2208 866 2272 δοκεῖς
903 2211 1194 2282 ὑπερέχειν
1231 2214 1243 2266 ι
1281 2209 1352 2266 Ὦ
1402 2214 1623 2268 πάντων
1653 2216 1762 2269 τῶν
1810 2216 1904 2270 τοῦ

325 2295 642 2367 Πνεῦματος
676 2303 1034 2370 χαρισμάτων
1068 2308 1229 2375 μόνος
1260 2306 1589 2377 ἠξιωμένος,
1631 2309 1697 2363 ἄν
1723 2327 1782 2362 τε
1812 2311 1907 2364 καὶ

322 2389 487 2458 μόνος
539 2392 608 2471 τὰ
659 2393 814 2446 τοῦδε
866 2396 1107 2464 μάλιστα
1167 2402 1388 2453 πάντων
1451 2401 1778 2472 ἐξητακὼς,
1811 2405 1908 2456 καὶ

332 2481 476 2548 μετὰ
506 2483 696 2537 τούτου
724 2487 1016 2556 ταμέγιστ’
1045 2490 1198 2560 αὐτῷ
1255 2493 1638 2563 συναράμενος
1674 2496 1770 2549 καὶ
1817 2513 1911 2549 κο-

324 2575 541 2644 σμήσας
564 2578 576 2631 ι
605 2571 674 2632 Ὦ
694 2577 748 2631 τί
771 2578 837 2632 ἄν
863 2579 921 2632 σέ
951 2598 1036 2644 τις
1061 2583 1372 2651 προσειπὼν
1397 2585 1491 2637 τοῦ
1533 2587 1910 2657 προσήκοντος

321 2670 596 2747 τύχοικαὶ
637 2666 712 2727 ὧν
743 2673 1044 2745 ἀξιόχρεως
1075 2673 1159 2732 sil
1205 2677 1267 2730 Ei
1299 2678 1410 2748 γάρ
1447 2696 1570 2731 τινα
1598 2680 1714 2733 τῶν
1772 2679 1911 2732 πάν-

323 2777 437 2813 των
491 2778 510 2812 t
539 2762 746 2832 κόσμου
779 2765 959 2834 ψυχὴν
1000 2786 1018 2818 ›
1047 2768 1156 2838 χρὴ
1193 2772 1542 2838 προσειπεῖν,
1602 2772 1697 2824 καὶ
1755 2791 1772 2822 ι
1816 2789 1912 2825 κε-

320 2854 558 2922 φάλαιον
593 2856 794 2927 ἀρετῆς
847 2859 942 2911 καὶ
985 2858 1146 2913 θείων
1196 2861 1600 2931 ἐπιταγμάτων
1666 2863 1913 2935 ἔμψυχον

322 2946 516 3000 δέλτον
553 2966 570 2998 ι
619 2952 713 3004 καὶ
771 2969 790 3002 t
851 2950 1021 3004 καλοῦ
1081 2953 1284 3016 παντὸς
1338 2955 1672 3025 συστοιχίαν,
1730 2975 1750 3009 ι
1821 2956 1914 3011 καὶ

332 3057 351 3089 ι
378 3036 593 3108 φύσεως
620 3040 714 3110 τῆς
746 3041 1094 3114 ἀνθρωπείας
1119 3044 1306 3098 εἰκόνα
1324 3047 1416 3098 καὶ
1438 3047 1617 3116 ὄρονρ
1663 3051 1759 3103 κα)⁸
1779 3047 1918 3112 ὅλως

332 3150 353 3183 ε
395 3130 503 3186 τῶν
534 3134 670 3203 πρὸς
699 3135 847 3205 ἡμᾶς
891 3135 984 3188 τοῦ
1033 3136 1170 3190 Θεοῦ
1219 3139 1483 3208 χαρίτων,
1514 3142 1780 3210 μεγίστην
1823 3142 1918 3194 καὶ

324 3226 827 3299 κοινωφελεστάτην
859 3229 1172 3300 φιλοτιμίαν
1191 3247 1205 3262 ο
1233 3251 1253 3283 ι
1278 3233 1372 3285 καὶ
1400 3233 1504 3287 πᾶν
1529 3235 1557 3288 ὅ
1581 3252 1630 3288 τι
1655 3234 1917 3303 τοιοῦτον,

2073 1474 2310 1533 CXXXI.
2347 1492 2368 1528 ε
2394 1473 2440 1530 Ο
2465 1473 2648 1544 lingua
2673 1472 2980 1535 ﬂammans,
2999 1470 3268 1539 mellaque
3284 1468 3592 1538 osiiymet-

2007 1570 2103 1635 tia,
2148 1588 2167 1622 ι
2199 1575 2254 1626 ει
2285 1567 2498 1623 cithara
2535 1565 2775 1636 Spiritus
2816 1563 3596 1636 saneti,aequabiliperomnes

2003 1661 2230 1732 gratias,
2260 1660 2417 1714 utsic
2440 1661 2746 1730 loquamur,
2779 1666 3074 1719 concentu,
3105 1668 3443 1722 omnes,una
3470 1667 3594 1708 cum

2005 1753 2258 1808 facultate
2309 1751 2582 1812 servandi,
2626 1749 2962 1816 demulcens,
3017 1749 3339 1817 animasque
3394 1746 3580 1800 divino

2003 1845 2236 1900 Numine
2263 1846 2576 1909 instinctas,
2625 1853 2678 1897 et
2737 1840 3122 1896 inenarrabilia
3170 1842 3419 1909 quaedam
3469 1837 3598 1892 bar-

2002 1937 2254 2002 chantcs,
2288 1936 2530 1992 efficiens
2555 1938 2570 1992 ι
2599 1936 2643 1992 Ο
2669 1937 2761 2008 qui
2788 1945 2844 1991 et
2880 1934 3092 2004 singula
3121 1935 3320 2000 hatcce,
3352 1943 3405 1987 et
3436 1932 3598 2000 plane

2006 2047 2129 2087 cum
2165 2031 2536 2100 superlatione
2563 2045 2642 2096 es,
2673 2019 2725 2085 et
2753 2028 2916 2084 simul
2943 2027 3162 2082 omnia!
3189 2027 3234 2083 Ο
3267 2037 3320 2082 et
3351 2025 3596 2081 omnium

2006 2135 2060 2182 et
2091 2125 2166 2180 tui
2201 2136 2465 2195 praeterea
2518 2124 2691 2194 ipsius
2740 2123 2941 2179 victor:
2978 2122 3108 2176 illud
3141 2123 3261 2175 ideo
3330 2113 3475 2188 quod
3512 2131 3600 2170 re-

2009 2235 2136 2275 vera
2199 2217 2455 2274 omnibus
2508 2226 2782 2288 praestas,
2839 2217 2944 2272 hoc
2984 2225 3166 2270 autem
3221 2214 3477 2284 quoniam
3543 2211 3596 2264 in

2009 2325 2337 2380 unaquaque
2378 2324 2436 2365 re
2480 2320 2570 2364 tua
2629 2312 2976 2380 temetipsum
3027 2322 3290 2378 superare
3344 2304 3594 2360 videris!

2010 2401 2055 2459 0
2081 2404 2174 2474 qui
2207 2404 2356 2459 solus
2386 2404 2644 2460 omnibus
2680 2403 2916 2470 Spiritus
2942 2400 3115 2456 sancti
3143 2397 3466 2454 muneribus
3495 2395 3599 2449 do-

2015 2506 2158 2553 tatus
2209 2514 2372 2561 eras,
2424 2499 2623 2568 quippe
2684 2497 2835 2552 solus
2891 2495 3018 2549 item
3061 2491 3298 2546 maxime
3355 2489 3598 2544 omnium

2015 2599 2266 2644 naturam
2305 2590 2448 2645 illius
2481 2597 2886 2658 perscrutatus,
2923 2595 2978 2640 et
3029 2585 3120 2656 qui
3150 2597 3252 2652 ope
3293 2581 3438 2636 illius
3480 2596 3601 2634 ma-

2015 2683 2217 2737 ximam
2247 2681 2320 2735 illi
2363 2697 2548 2752 opem,
2580 2694 2830 2750 operam,
2861 2687 3144 2736 ornatum,
3191 2672 3475 2730 contulisti
3503 2671 3516 2723 l
3558 2670 3602 2725 Ο

2016 2789 2252 2844 quonam
2305 2783 2355 2828 te
2387 2771 2724 2841 compellans
2754 2769 2998 2831 nomine,
3031 2767 3167 2823 satis
3202 2765 3514 2834 appositum
3548 2771 3607 2817 et

2019 2878 2071 2923 te
2095 2868 2338 2935 dignum,
2366 2867 2653 2935 quisquam
2688 2863 2932 2934 reperire
2964 2862 3134 2931 possit
3172 2859 3285 2927 (2i)
3317 2858 3330 2911 ί
3375 2858 3429 2911 Si
3458 2857 3602 2912 enim

2021 2956 2256 3025 aliquem
2291 2955 2606 3010 mortalium
2638 2954 2882 3008 omnium
2914 2970 2932 3004 ι
2955 2951 3193 3005 animam
3226 2947 3439 3009 mundi,
3464 2965 3482 2998 ι
3521 2943 3607 3000 fas

2023 3049 2332 3120 appellare;
2388 3048 2432 3103 si
2467 3063 2624 3118 quem
2655 3066 2673 3098 ι
2715 3055 2881 3113 caput
2921 3043 3163 3109 virtutis,
3198 3051 3254 3096 ct
3296 3039 3606 3094 divinorum

2023 3126 2417 3212 praeceptorum
2436 3142 2735 3196 animatum
2755 3140 3030 3204 codicem;
3064 3157 3082 3190 ι
3112 3135 3156 3191 si
3181 3149 3340 3204 quem
3370 3151 3389 3185 ι
3411 3130 3607 3201 conju-

2024 3246 2202 3306 gatam
2235 3233 2446 3304 pulchri
2474 3233 2652 3289 omnis
2677 3234 2911 3299 seriem;
2948 3250 2968 3285 ι
2994 3231 3040 3286 si
3059 3245 3219 3300 quem
3244 3245 3264 3279 ι
3291 3238 3607 3297 expressam

330 3317 495 3384 μῦνος
526 3317 590 3371 ἄν
623 3335 712 3387 μοι
740 3318 903 3389 δοκῇς
946 3319 1172 3384 δικαίως
1203 3323 1360 3374 ταυτὶ
1399 3325 1819 3394 προσειρῆσθαι.

2028 3339 2234 3384 natura:
2269 3330 2522 3384 humanae
2553 3328 2846 3397 imaginem
2884 3335 2940 3380 et
2969 3325 3294 3388 terminum;
3347 3321 3413 3373 ad
3452 3334 3608 3372 sum-

330 3423 497 3472 mam,
516 3412 560 3464 si
587 3425 746 3479 quem
775 3429 793 3463 ι
822 3412 1128 3466 divinorum
1155 3429 1279 3484 erga
1305 3430 1406 3486 nos
1433 3417 1818 3473 beneficiorum
1849 3418 2165 3489 maximam,
2193 3435 2247 3477 et
2273 3422 2488 3492 publico
2514 3423 2799 3476 commodo
2824 3435 3033 3475 summe
3069 3413 3462 3473 conducibilem
3493 3427 3612 3466 nta-

334 3501 717 3570 gnificentiam,
749 3526 768 3559 ι
799 3519 850 3563 et
878 3509 1142 3578 quidquid
1175 3512 1486 3579 hujusmodi
1512 3513 1810 3583 elogiorum
1840 3525 1947 3582 est,
1973 3517 2038 3572 iis
2073 3519 2204 3573 solis
2229 3519 2355 3586 jure
2384 3528 2440 3573 et
2470 3519 2667 3572 merito
2705 3525 2761 3572 tu
2800 3516 2930 3570 mihi
2955 3512 3304 3570 cohonestari
3346 3509 3610 3567 videaris.

413 3598 572 3652 PAB'.
611 3601 774 3669 Ἀλλ’,
815 3597 860 3658 ὦ
888 3605 977 3658 διὰ
1000 3605 1223 3660 πάντων
1259 3607 1506 3678 βέλτιστε
1533 3612 1782 3678 πάντων,
1822 3615 1919 3666 καὶ
1981 3679 1987 3686 _

347 3687 444 3755 τῆς
480 3688 804 3762 ὑπερουσίου
827 3699 922 3752 καὶ
954 3699 1252 3769 μοναδικῆς
1281 3702 1512 3771 Τριάδος
1556 3703 1749 3774 γνήσιε
1782 3723 1919 3777 πρε-

345 3781 564 3848 σσευτὰ,
594 3787 663 3840 τὰ
704 3789 802 3858 μὲν
834 3790 966 3860 παρ’
991 3793 1129 3861 ἐμοῦ
1163 3809 1246 3846 σοι
1267 3794 1516 3863 τοιαῦτα,
1548 3796 1750 3866 μᾶλλον
1774 3796 1830 3849 δὲ
1850 3798 1918 3851 τὰ

341 3877 412 3929 σὰ
439 3879 531 3932 καὶ
563 3874 638 3934 ὧν
691 3883 854 3946 αὐτὸς
893 3880 943 3937 εἷ
969 3888 1246 3957 χορηγόςί
1276 3881 1358 3950 οἷς
1381 3888 1490 3960 γάρ
1533 3890 1592 3941 οὑ
1644 3889 1804 3959 μόνον
1852 3891 1916 3944 ὲκ

339 3968 452 4022 τῶν
485 3971 591 4024 σῶν
623 3973 923 4042 ὲνδοσίμων
954 3995 1014 4031 τε
1047 3982 1142 4033 καὶ
1189 3981 1456 4051 χαρίτων,
1505 3981 1640 4052 πρὸς
1700 3981 1802 4049 τὴν
1835 3982 1923 4049 ὲγ-

340 4059 588 4132 χείρησιν
626 4064 798 4133 ἡδέως
829 4063 888 4122 εὖ
923 4069 1072 4138 μάλα
1100 4073 1396 4142 κατέστην,
1433 4065 1510 4128 ὧν
1557 4073 1796 4144 πρόσθεν
1826 4090 1926 4126 κα-

341 4153 527 4220 θάπαξ
559 4157 872 4225 ἀπώκνουν,
897 4162 974 4233 τῷ
1042 4165 1265 4234 μεγέθει
1301 4166 1396 4219 τοῦ
1451 4167 1778 4237 πράγματος
1834 4166 1927 4219 ὲκ-

345 4247 738 4318 π).ηττόμενος,
788 4253 926 4307 ἀλλὰ
967 4258 1064 4310 καὶ
1099 4258 1238 4327 μετὰ
1291 4259 1392 4330 τὴν
1446 4261 1786 4331 ἐγχείρησιν,
1836 4263 1923 4333 ἐφ’

344 4339 488 4394 οῦτω
522 4359 604 4396 τοι
658 4344 827 4415 τύχης
872 4348 1026 4412 ἰόντι,
1064 4351 1140 4415 ὠς
1161 4352 1298 4422 πρὸς
1329 4352 1515 4418 αὐτοῖς
1571 4357 1762 4426 σχεδὸν
1821 4358 1922 4430 ἤδη

2095 3613 2356 3669 CXXXII.
2380 3614 2458 3668 Tu
2476 3630 2626 3680 vero,
2645 3631 2678 3668 o
2699 3613 2939 3667 onmium
2961 3613 3017 3666 in
3035 3611 3289 3665 omnibus
3306 3609 3511 3678 optime
3529 3608 3612 3661 vir

2022 3715 2079 3762 et
2103 3708 2341 3762 essentia
2365 3707 2512 3760 omni
2545 3705 2869 3775 superioris,
2892 3703 3162 3772 planeque
3193 3699 3583 3767 singularis,di

2025 3799 2161 3852 vina:
2191 3795 2476 3852 Trinitatis
2502 3808 2760 3866 germane
2795 3794 3057 3848 sacerdos
3076 3802 3240 3860 atque
3261 3790 3606 3859 praedicator,

2023 3905 2144 3960 qua:
2178 3907 2204 3942 ιι
2235 3905 2321 3943 me
2347 3891 2414 3945 ad
2452 3902 2646 3943 nOmeu
2675 3896 2822 3941 tuttm
2848 3886 3154 3940 ornandum
3189 3881 3426 3937 conferri
3462 3893 3608 3950 pote-

2025 3994 2168 4052 rant,
2210 3987 2324 4040 hmc
2357 3993 2414 4039 et
2445 3981 2822 4052 hujuscemodi
2858 3971 3139 4044 sunt,aut
3195 3977 3376 4030 verius
3407 3982 3496 4028 tua
3555 3982 3626 4026 et'

2027 4079 2124 4131 abs
2159 4088 2210 4130 te
2244 4078 2361 4146 ipso
2395 4075 2552 4130 nobis
2589 4072 2897 4142 impertita.
2940 4070 3170 4136 Quando
3199 4070 3346 4122 enim
3380 4082 3483 4121 non
3518 4081 3614 4120 so-
3643 4102 3648 4106 ι

2026 4171 2138 4225 ium
2171 4177 2262 4223 tuo
2294 4170 2554 4223 instinctu
2586 4167 2920 4234 monituque,
2951 4174 3150 4233 tuaque
3190 4159 3616 4215 adminiculante

2032 4266 2229 4335 gratia,
2267 4264 2333 4319 ad
2364 4263 2465 4316 hoc
2496 4263 2795 4333 negotium,
2826 4275 2854 4312 a
2888 4273 2996 4328 quo
3030 4266 3211 4320 antea,
3239 4255 3615 4325 magnitudine

2031 4357 2182 4412 illius
2217 4355 2535 4419 deterritus,
2572 4353 2924 4408 vehementer
2976 4348 3365 4413 abhorrebam,
3402 4360 3613 4399 summa

345 4434 632 4499 γεγονέναι
662 4441 775 4501 τοῖς
809 4440 1086 4508 ἐπιλόγοις
1120 4443 1212 4496 τοῦ
1238 4443 1356 4513 βίου
1409 4447 1489 4516 τῷ
1547 4449 1795 4518 περιόντι
1825 4451 1914 4519 τῆς

349 4528 505 4550 .,.'_--.
572 4533 657 4550 -,,\
898 4534 910 4550 ε
998 4533 1010 4550 1
1169 4536 1185 4550 ε
1312 4536 1322 4550 ι
1389 4541 1396 4544 -
1644 4542 1670 4550 .-

2036 4450 2202 4504 animi
2233 4449 2516 4504 alacritate
2548 4461 2840 4518 aggressus
2869 4458 3012 4507 sum,
3047 4441 3142 4497 sed
3177 4441 3268 4493 illo
3297 4443 3462 4492 etiam
3493 4451 3616 4490 sus-

349 4528 534 4591 νόσου,
571 4533 666 4586 καὶ
699 4534 924 4601 μονονοὺ
957 4533 1058 4605 τὴν
1105 4536 1396 4608 τελευτὴν
1425 4542 1724 4612 προσορᾷν,
1763 4559 1926 4595 παιασ

349 4619 500 4672 νικὺν
523 4621 689 4686 εὐθὺς
721 4625 955 4694 γέγονας
1003 4628 1159 4691 ἄκος,
1202 4629 1296 4682 καὶ
1337 4631 1395 4682 οὗ
1435 4633 1710 4699 περιεῖδες
1741 4635 1933 4705 δεόμε-

349 4729 460 4775 νον,
508 4713 564 4779 ἐξ
590 4715 696 4785 ἄρα
727 4718 936 4772 τούτων
971 4721 1385 4790 ἀποφαίνεσθαι
1412 4722 1591 4789 δίδως,
1624 4725 1700 4786 ὡς
1733 4726 1768 4780 ἃ
1799 4730 1930 4798 παρ’

351 4803 484 4869 ἐμοῦ
512 4805 590 4876 τῷ
615 4807 790 4863 δοκεῖν
816 4812 918 4883 ἤδη
950 4813 1273 4882 λαμϐάνεις,
1301 4815 1454 4886 παρὰ
1482 4816 1681 4870 σαυτοῦ
1736 4821 1932 4884 τῳόντι

353 4895 693 4966 λαμϐάνεις·
756 4905 847 4956 καὶ
899 4897 974 4958 ὧν
1029 4907 1178 4976 ἡμᾶς
1219 4903 1276 4960 εὖ
1331 4910 1668 4978 πεποίηκας,
1722 4927 1931 4965 τουτων

356 4991 481 5050 τοὺς
510 4994 760 5063 καρποὺς
790 4997 1074 5069 ἁποφέρῃ’
1108 5001 1134 5052 ὁ
1166 4999 1330 5062 αὐτὸς
1351 4998 1593 5068 γεγονὼς
1624 5001 1720 5053 τοῦ
1771 5001 1933 5070 λόγου

357 5084 454 5136 καὶ
480 5085 784 5158 βραϐευτὴς
803 5093 896 5144 καὶ
923 5093 1333 5165 συναγωνιστὴς
1369 5095 1463 5146 καὶ
1486 5093 1757 5164 τεχνίτης.
1789 5093 1934 5151 Εἷενο

354 5176 497 5231 οὕτω
517 5184 664 5250 παρᾶ
695 5184 894 5237 σαυτοῦ
931 5186 1083 5239 ταῦτ’
1111 5186 1256 5256 ἔχεις
1282 5187 1488 5242 λαϐὼν.

2035 4551 2216 4614 cepto,
2249 4557 2370 4596 cum
2427 4542 2477 4594 in
2515 4556 2634 4594 eam
2663 4537 2932 4594 venissem
2965 4537 3263 4594 fortunam,
3289 4541 3346 4584 ttt
3380 4530 3615 4583 maxima

2032 4635 2207 4690 morbi
2239 4634 2287 4688 vi
2319 4634 2386 4687 ad
2427 4633 2601 4701 ipsam
2636 4630 2752 4684 fere
2792 4630 2916 4682 vitae
2939 4624 3352 4681 conclusionem
3382 4623 3618 4675 adducto

2031 4742 2274 4801 praesens
2306 4735 2517 4786 tantum
2554 4739 2656 4778 non
2681 4735 2808 4777 ante
2837 4721 3028 4775 oculos
3080 4718 3247 4770 fatum
3285 4721 3617 4772 versaretur,

2034 4821 2122 4878 hic
2157 4833 2208 4876 tu
2240 4819 2540 4890 paeanicum
2594 4828 2649 4870 et
2697 4815 2943 4869 salutare
3001 4810 3300 4866 remedium
3357 4805 3622 4860 continuo

2039 4918 2214 4979 fuisti,
2234 4929 2331 4967 nec
2353 4925 2509 4980 opem
2543 4918 2687 4964 tuam
2723 4907 3055 4979 ﬂagitantem
3085 4913 3408 4974 aspernatus
3433 4917 3513 4956 es.
3545 4902 3622 4955 Ea

2042 5010 2205 5079 igitur
2231 5023 2289 5062 re
2319 5002 2622 5058 afﬁrmandi
2664 5001 2820 5056 nobis
2853 5015 3071 5055 causam
3101 5001 3330 5070 praebes,
3351 4998 3624 5064 haec,qu:e

2046 5110 2210 5159 nunc,
2249 5103 2307 5147 ut
2341 5093 2573 5155 videtur,
2611 5107 2639 5144 a
2677 5105 2765 5144 me
2792 5089 3017 5158 accipis,
3052 5103 3180 5142 vere
3204 5097 3258 5143 te
3295 5089 3394 5141 abs
3429 5095 3623 5141 temet-

2048 5189 2164 5257 ipso
2191 5185 2464 5254 accipere,
2489 5193 2543 5237 et
2569 5182 2750 5236 collati
2780 5183 2833 5236 in
2883 5196 2981 5236 nos
3024 5178 3272 5236 beneficii
3307 5179 3470 5232 hosce
3501 5189 3623 5244 per-

360 5273 541 5340 cipere
586 5276 814 5341 fructus,
857 5281 1073 5348 quando
1135 5281 1276 5336 idem
1312 5284 1576 5338 orationis
1623 5284 1805 5339 editor
1844 5298 1908 5338 ac
1947 5282 2314 5343 munerarius,
2349 5278 2490 5334 idem
2523 5277 2739 5346 adjutor
2793 5287 2958 5347 atque
3037 5273 3374 5329 architectus
3456 5270 3626 5334 fuisti,

361 5383 494 5420 sane
525 5383 654 5422 vero
689 5371 760 5424 ita
801 5373 1046 5440 profecto
1092 5375 1190 5431 abs
1239 5385 1289 5430 te
1326 5376 1446 5447 ipso
1485 5379 1601 5433 inec
1653 5381 1821 5435 habes
1853 5388 2101 5451 accepta.

433 5466 603 5520 PM".
667 5469 825 5521 Δυοίν
869 5469 925 5521 δὲ
972 5470 1143 5524 όντων
1189 5472 1445 5526 πλείστου
1479 5473 1647 5538 ἀξίων
1673 5479 1768 5528 καὶ
1805 5476 1944 5529 πάνυ

363 5559 737 5630 διαφερόντων
778 5564 913 5632 ἡμῖν
943 5563 1016 5626 ὡς
1046 5565 1106 5618 τὸ
1137 5566 1247 5618 πᾶν
1277 5567 1632 5636 συνεχόντων,
1664 5568 1947 5632 εὐσεϐείας

362 5651 510 5720 λέγω
538 5653 633 5705 καὶ
678 5654 982 5726 βασιλείας,
1021 5656 1095 5727 μὴ
1119 5657 1390 5724 διαλίποις
1423 5662 1522 5731 τὴν
1553 5661 1672 5732 μὲν,
1704 5662 1940 5732 ὰκλονη-

443 5819 487 5852 ⁸³
521 5819 662 5876 Psal.
695 5838 807 5888 xu,
835 5821 894 5878 Ξ.

446 5936 520 6002 (ιι
559 5938 639 5992 Att
673 5938 1030 6001 repetendum
1059 5936 1348 5999 ἆπανταςῖ

2117 5467 2402 5530 CXXXIII.
2434 5468 2703 5526 Caeterum
2724 5486 2847 5525 cum
2869 5471 2986 5524 duae
3003 5468 3246 5537 quaedam
3267 5464 3485 5518 maximi
3511 5476 3628 5515 mo-

2050 5566 2239 5629 menti,
2268 5575 2322 5620 ct
2352 5563 2418 5617 ad
2449 5579 2546 5618 nos
2573 5578 2735 5633 quam
2765 5562 3001 5616 maxime
3049 5559 3405 5628 pertinentes,
3438 5563 3629 5624 utpote

2047 5671 2248 5719 caetera
2272 5659 2452 5714 omnia
2469 5659 2522 5711 in
2539 5673 2598 5714 se
2613 5657 2928 5728 coruplexze,
2947 5670 3032 5710 res
3050 5661 3195 5717 sunt,
3216 5666 3343 5706 vera
3365 5646 3622 5704 nimirum

2125 5935 2237 5997 (ΞΗ)
2267 5934 2342 5992 Ex
2378 5933 2659 5991 Demosth.
2688 5931 2762 5989 De
2792 5947 3006 5994 corona,
3040 5930 3094 5988 8.
