  <div class='ocr_page' id='page_1' title='image "/cluster/home/n/w/nwhite01/storage/ocr_20150623/145:no.1/coo.31924054870500/183.png"; bbox 0 0 4028 6480; ppageno 0'>
   <div class='ocr_carea' id='block_1_1' title="bbox 479 412 3774 484">
    <p class='ocr_par' dir='ltr' id='par_1_1' title="bbox 479 412 3774 484">
     <span class='ocr_line' id='line_1_1' title="bbox 479 412 3774 484; baseline -0.003 0"><span class='ocrx_word' id='word_1_1' title='bbox 479 422 568 484; x_wconf 75' lang='lat'><strong>351</strong></span> <span class='ocrx_word' id='word_1_2' title='bbox 1719 416 2119 480; x_wconf 83' lang='lat' dir='ltr'><strong>THEODULI</strong></span> <span class='ocrx_word' id='word_1_3' title='bbox 2162 414 2513 476; x_wconf 75' lang='lat' dir='ltr'><strong>MONACHI</strong></span> <span class='ocrx_word' id='word_1_4' title='bbox 3679 412 3774 479; x_wconf 64' lang='lat'><strong>35?.</strong></span> 
     </span>
    </p>
   </div>
   <div class='ocr_carea' id='block_1_2' title="bbox 474 526 2057 607">
    <p class='ocr_par' dir='ltr' id='par_1_2' title="bbox 474 531 2057 607">
     <span class='ocr_line' id='line_1_2' title="bbox 474 531 2057 607; baseline -0.004 -17"><span class='ocrx_word' id='word_1_5' title='bbox 474 540 649 607; x_wconf 84' lang='lat' dir='ltr'><strong>pietas</strong></span> <span class='ocrx_word' id='word_1_6' title='bbox 684 546 740 592; x_wconf 91' lang='lat' dir='ltr'><strong>et</strong></span> <span class='ocrx_word' id='word_1_7' title='bbox 769 536 1080 606; x_wconf 81' lang='lat' dir='ltr'><strong>imperium:</strong></span> <span class='ocrx_word' id='word_1_8' title='bbox 1118 550 1188 593; x_wconf 86' lang='lat' dir='ltr'><strong>ne</strong></span> <span class='ocrx_word' id='word_1_9' title='bbox 1215 546 1454 605; x_wconf 83' lang='lat' dir='ltr'><strong>unquam</strong></span> <span class='ocrx_word' id='word_1_10' title='bbox 1480 531 2057 600; x_wconf 77' lang='lat' dir='ltr'><strong>intermittas,qu:eso,</strong></span> 
     </span>
    </p>
   </div>
   <div class='ocr_carea' id='block_1_3' title="bbox 2165 526 3777 607">
    <p class='ocr_par' dir='ltr' id='par_1_3' title="bbox 2169 526 3777 599">
     <span class='ocr_line' id='line_1_3' title="bbox 2169 526 3777 599; baseline 0.001 -17"><span class='ocrx_word' id='word_1_11' title='bbox 2169 545 2262 583; x_wconf 88' lang='grc' dir='ltr'><strong>τον</strong></span> <span class='ocrx_word' id='word_1_12' title='bbox 2298 529 2617 585; x_wconf 76' lang='grc' dir='ltr'>παντάπασι</span> <span class='ocrx_word' id='word_1_13' title='bbox 2654 528 2845 599; x_wconf 80' lang='grc' dir='ltr'>τηρῶν</span> <span class='ocrx_word' id='word_1_14' title='bbox 2902 527 3078 592; x_wconf 66' lang='grc' dir='ltr'>ἐσαεὶ,</span> <span class='ocrx_word' id='word_1_15' title='bbox 3130 526 3232 582; x_wconf 66' lang='grc' dir='ltr'>καὶ</span> <span class='ocrx_word' id='word_1_16' title='bbox 3296 526 3497 598; x_wconf 82' lang='grc' dir='ltr'><strong>πάσης</strong></span> <span class='ocrx_word' id='word_1_17' title='bbox 3538 528 3777 597; x_wconf 72' lang='grc' dir='ltr'>ἧστινοσ.</span> 
     </span>
    </p>
   </div>
   <div class='ocr_carea' id='block_1_4' title="bbox 474 625 2057 699">
    <p class='ocr_par' dir='ltr' id='par_1_4' title="bbox 474 625 2057 699">
     <span class='ocr_line' id='line_1_4' title="bbox 474 625 2057 699; baseline -0.004 -16"><span class='ocrx_word' id='word_1_18' title='bbox 474 646 596 684; x_wconf 79' lang='lat' dir='ltr'><strong>cum</strong></span> <span class='ocrx_word' id='word_1_19' title='bbox 638 630 893 699; x_wconf 77' lang='lat' dir='ltr'><strong>pietatem</strong></span> <span class='ocrx_word' id='word_1_20' title='bbox 932 635 1321 699; x_wconf 74' lang='lat' dir='ltr'><strong>usquequaque</strong></span> <span class='ocrx_word' id='word_1_21' title='bbox 1349 627 1734 682; x_wconf 83' lang='lat' dir='ltr'><strong>inconcussam</strong></span> <span class='ocrx_word' id='word_1_22' title='bbox 1778 625 1830 680; x_wconf 93' lang='lat' dir='ltr'><strong>iu</strong></span> <span class='ocrx_word' id='word_1_23' title='bbox 1879 636 2057 679; x_wconf 76' lang='lat' dir='ltr'><strong>aevum</strong></span> 
     </span>
    </p>
   </div>
   <div class='ocr_carea' id='block_1_5' title="bbox 474 717 2063 782">
    <p class='ocr_par' dir='ltr' id='par_1_5' title="bbox 474 717 2063 782">
     <span class='ocr_line' id='line_1_5' title="bbox 474 717 2063 782; baseline -0.004 -9"><span class='ocrx_word' id='word_1_24' title='bbox 474 732 655 782; x_wconf 81' lang='grc' dir='ltr'>οιιιιιε,</span> <span class='ocrx_word' id='word_1_25' title='bbox 691 726 745 771; x_wconf 86' lang='lat' dir='ltr'><strong>et</strong></span> <span class='ocrx_word' id='word_1_26' title='bbox 777 717 1043 773; x_wconf 82' lang='lat' dir='ltr'><strong>adversus</strong></span> <span class='ocrx_word' id='word_1_27' title='bbox 1084 717 1323 774; x_wconf 65' lang='lat' dir='ltr'><strong>hereses</strong></span> <span class='ocrx_word' id='word_1_28' title='bbox 1352 732 1545 773; x_wconf 82' lang='lat' dir='ltr'><strong>omnes</strong></span> <span class='ocrx_word' id='word_1_29' title='bbox 1578 717 1862 780; x_wconf 80' lang='lat' dir='ltr'><strong>invictam,</strong></span> <span class='ocrx_word' id='word_1_30' title='bbox 1921 729 2063 782; x_wconf 75' lang='lat' dir='ltr'><strong>pm-</strong></span> 
     </span>
    </p>
   </div>
   <div class='ocr_carea' id='block_1_6' title="bbox 475 807 2062 881">
    <p class='ocr_par' dir='ltr' id='par_1_6' title="bbox 475 807 2062 881">
     <span class='ocr_line' id='line_1_6' title="bbox 475 807 2062 881; baseline -0.002 -16"><span class='ocrx_word' id='word_1_31' title='bbox 475 819 644 872; x_wconf 89' lang='lat' dir='ltr'><strong>stare,</strong></span> <span class='ocrx_word' id='word_1_32' title='bbox 665 811 753 865; x_wconf 88' lang='lat' dir='ltr'><strong>cui</strong></span> <span class='ocrx_word' id='word_1_33' title='bbox 773 811 899 866; x_wconf 90' lang='lat' dir='ltr'><strong>dum</strong></span> <span class='ocrx_word' id='word_1_34' title='bbox 919 811 1027 865; x_wconf 85' lang='lat' dir='ltr'><strong>vita</strong></span> <span class='ocrx_word' id='word_1_35' title='bbox 1050 821 1318 874; x_wconf 81' lang='lat' dir='ltr'><strong>maneret,</strong></span> <span class='ocrx_word' id='word_1_36' title='bbox 1337 825 1482 881; x_wconf 67' lang='lat' dir='ltr'><strong>saepe</strong></span> <span class='ocrx_word' id='word_1_37' title='bbox 1502 823 1743 881; x_wconf 68' lang='lat' dir='ltr'><strong>praeeras</strong></span> <span class='ocrx_word' id='word_1_38' title='bbox 1765 818 1859 863; x_wconf 84' lang='lat' dir='ltr'><strong>aut</strong></span> <span class='ocrx_word' id='word_1_39' title='bbox 1878 807 2062 878; x_wconf 92' lang='lat' dir='ltr'><strong>potius</strong></span> 
     </span>
    </p>
   </div>
   <div class='ocr_carea' id='block_1_7' title="bbox 473 900 2059 973">
    <p class='ocr_par' dir='ltr' id='par_1_7' title="bbox 473 900 2059 973">
     <span class='ocr_line' id='line_1_7' title="bbox 473 900 2059 973; baseline 0 -18"><span class='ocrx_word' id='word_1_40' title='bbox 473 912 741 973; x_wconf 79' lang='lat' dir='ltr'><strong>perpetuo</strong></span> <span class='ocrx_word' id='word_1_41' title='bbox 775 916 1038 970; x_wconf 68' lang='lat' dir='ltr'><strong>praeeras,</strong></span> <span class='ocrx_word' id='word_1_42' title='bbox 1072 918 1391 973; x_wconf 82' lang='lat' dir='ltr'><strong>quanquam</strong></span> <span class='ocrx_word' id='word_1_43' title='bbox 1454 901 1731 971; x_wconf 77' lang='lat' dir='ltr'><strong>lapidibus</strong></span> <span class='ocrx_word' id='word_1_44' title='bbox 1784 900 2059 970; x_wconf 86' lang='lat' dir='ltr'><strong>appetitus</strong></span> 
     </span>
    </p>
   </div>
   <div class='ocr_carea' id='block_1_8' title="bbox 475 997 2059 1069">
    <p class='ocr_par' dir='ltr' id='par_1_8' title="bbox 475 997 2059 1069">
     <span class='ocr_line' id='line_1_8' title="bbox 475 997 2059 1069; baseline -0.001 -18"><span class='ocrx_word' id='word_1_45' title='bbox 475 1005 530 1051; x_wconf 91' lang='lat' dir='ltr'><strong>et</strong></span> <span class='ocrx_word' id='word_1_46' title='bbox 558 1008 871 1066; x_wconf 82' lang='lat' dir='ltr'><strong>percussus,</strong></span> <span class='ocrx_word' id='word_1_47' title='bbox 902 1009 957 1052; x_wconf 88' lang='lat' dir='ltr'><strong>et</strong></span> <span class='ocrx_word' id='word_1_48' title='bbox 986 999 1053 1053; x_wconf 89' lang='lat' dir='ltr'><strong>de</strong></span> <span class='ocrx_word' id='word_1_49' title='bbox 1080 999 1263 1052; x_wconf 80' lang='lat' dir='ltr'><strong>anima</strong></span> <span class='ocrx_word' id='word_1_50' title='bbox 1290 999 1407 1067; x_wconf 85' lang='lat' dir='ltr'><strong>ipsa</strong></span> <span class='ocrx_word' id='word_1_51' title='bbox 1453 997 1776 1069; x_wconf 84' lang='lat' dir='ltr'><strong>planissime</strong></span> <span class='ocrx_word' id='word_1_52' title='bbox 1807 1009 2059 1061; x_wconf 77' lang='lat' dir='ltr'><strong>currens.</strong></span> 
     </span>
    </p>
   </div>
   <div class='ocr_carea' id='block_1_9' title="bbox 474 1089 2059 1160">
    <p class='ocr_par' dir='ltr' id='par_1_9' title="bbox 474 1089 2059 1160">
     <span class='ocr_line' id='line_1_9' title="bbox 474 1089 2059 1160; baseline 0.002 -18"><span class='ocrx_word' id='word_1_53' title='bbox 474 1099 529 1143; x_wconf 86' lang='lat' dir='ltr'><strong>et</strong></span> <span class='ocrx_word' id='word_1_54' title='bbox 563 1089 663 1142; x_wconf 89' lang='lat' dir='ltr'><strong>hoc</strong></span> <span class='ocrx_word' id='word_1_55' title='bbox 698 1089 817 1158; x_wconf 91' lang='lat' dir='ltr'><strong>ipso</strong></span> <span class='ocrx_word' id='word_1_56' title='bbox 850 1101 1098 1160; x_wconf 88' lang='lat' dir='ltr'><strong>tempore</strong></span> <span class='ocrx_word' id='word_1_57' title='bbox 1126 1090 1213 1146; x_wconf 89' lang='lat' dir='ltr'><strong>vel</strong></span> <span class='ocrx_word' id='word_1_58' title='bbox 1251 1092 1493 1148; x_wconf 81' lang='lat' dir='ltr'><strong>maxime</strong></span> <span class='ocrx_word' id='word_1_59' title='bbox 1548 1091 1742 1157; x_wconf 88' lang='lat' dir='ltr'><strong>tueris,</strong></span> <span class='ocrx_word' id='word_1_60' title='bbox 1793 1090 2059 1146; x_wconf 85' lang='lat' dir='ltr'><strong>nimirum</strong></span> 
     </span>
    </p>
   </div>
   <div class='ocr_carea' id='block_1_10' title="bbox 473 1178 2063 1254">
    <p class='ocr_par' dir='ltr' id='par_1_10' title="bbox 473 1178 2063 1254">
     <span class='ocr_line' id='line_1_10' title="bbox 473 1178 2063 1254; baseline 0.001 -20"><span class='ocrx_word' id='word_1_61' title='bbox 473 1181 782 1236; x_wconf 80' lang='lat' dir='ltr'><strong>admirabili</strong></span> <span class='ocrx_word' id='word_1_62' title='bbox 813 1183 916 1237; x_wconf 89' lang='lat' dir='ltr'><strong>ista</strong></span> <span class='ocrx_word' id='word_1_63' title='bbox 947 1192 1004 1237; x_wconf 88' lang='lat' dir='ltr'><strong>et</strong></span> <span class='ocrx_word' id='word_1_64' title='bbox 1028 1183 1453 1239; x_wconf 89' lang='lat' dir='ltr'><strong>instructissima</strong></span> <span class='ocrx_word' id='word_1_65' title='bbox 1477 1178 1808 1254; x_wconf 85' lang='lat' dir='ltr'><strong>scriptorum</strong></span> <span class='ocrx_word' id='word_1_66' title='bbox 1845 1194 2063 1239; x_wconf 88' lang='lat' dir='ltr'><strong>tuorum</strong></span> 
     </span>
    </p>
   </div>
   <div class='ocr_carea' id='block_1_11' title="bbox 472 1276 2061 1348">
    <p class='ocr_par' dir='ltr' id='par_1_11' title="bbox 472 1276 2061 1348">
     <span class='ocr_line' id='line_1_11' title="bbox 472 1276 2061 1348; baseline 0.002 -20"><span class='ocrx_word' id='word_1_67' title='bbox 472 1284 751 1331; x_wconf 87' lang='lat' dir='ltr'><strong>armatura</strong></span> <span class='ocrx_word' id='word_1_68' title='bbox 778 1276 1201 1333; x_wconf 70' lang='lat' dir='ltr'><strong>communitam:</strong></span> <span class='ocrx_word' id='word_1_69' title='bbox 1239 1287 1351 1331; x_wconf 88' lang='lat' dir='ltr'><strong>tum</strong></span> <span class='ocrx_word' id='word_1_70' title='bbox 1404 1276 1630 1348; x_wconf 79' lang='lat' dir='ltr'><strong>legitimi</strong></span> <span class='ocrx_word' id='word_1_71' title='bbox 1680 1278 1808 1331; x_wconf 88' lang='lat' dir='ltr'><strong>item</strong></span> <span class='ocrx_word' id='word_1_72' title='bbox 1839 1284 1894 1331; x_wconf 90' lang='lat' dir='ltr'><strong>et</strong></span> <span class='ocrx_word' id='word_1_73' title='bbox 1951 1276 2061 1332; x_wconf 86' lang='lat' dir='ltr'><strong>Deo</strong></span> 
     </span>
    </p>
   </div>
   <div class='ocr_carea' id='block_1_12' title="bbox 472 1366 2061 1439">
    <p class='ocr_par' dir='ltr' id='par_1_12' title="bbox 472 1366 2061 1439">
     <span class='ocr_line' id='line_1_12' title="bbox 472 1366 2061 1439; baseline 0.003 -20"><span class='ocrx_word' id='word_1_74' title='bbox 472 1366 783 1422; x_wconf 86' lang='lat' dir='ltr'><strong>charissimi</strong></span> <span class='ocrx_word' id='word_1_75' title='bbox 815 1367 1032 1435; x_wconf 90' lang='lat' dir='ltr'><strong>imperii</strong></span> <span class='ocrx_word' id='word_1_76' title='bbox 1067 1377 1286 1436; x_wconf 88' lang='lat' dir='ltr'><strong>sceptra</strong></span> <span class='ocrx_word' id='word_1_77' title='bbox 1340 1369 1631 1437; x_wconf 86' lang='lat' dir='ltr'><strong>complecti</strong></span> <span class='ocrx_word' id='word_1_78' title='bbox 1666 1377 1837 1439; x_wconf 89' lang='lat' dir='ltr'><strong>atque</strong></span> <span class='ocrx_word' id='word_1_79' title='bbox 1869 1383 2061 1424; x_wconf 91' lang='lat' dir='ltr'><strong>corro-</strong></span> 
     </span>
    </p>
   </div>
   <div class='ocr_carea' id='block_1_13' title="bbox 476 1461 2058 1532">
    <p class='ocr_par' dir='ltr' id='par_1_13' title="bbox 476 1461 2058 1532">
     <span class='ocr_line' id='line_1_13' title="bbox 476 1461 2058 1532; baseline 0.001 -18"><span class='ocrx_word' id='word_1_80' title='bbox 476 1461 673 1514; x_wconf 87' lang='lat' dir='ltr'><strong>borare</strong></span> <span class='ocrx_word' id='word_1_81' title='bbox 693 1475 708 1524; x_wconf 89' lang='lat'><strong>;</strong></span> <span class='ocrx_word' id='word_1_82' title='bbox 732 1475 836 1514; x_wconf 88' lang='lat' dir='ltr'><strong>neu</strong></span> <span class='ocrx_word' id='word_1_83' title='bbox 860 1461 1149 1528; x_wconf 77' lang='lat' dir='ltr'><strong>permittas</strong></span> <span class='ocrx_word' id='word_1_84' title='bbox 1168 1462 1467 1532; x_wconf 79' lang='lat' dir='ltr'><strong>quidquam</strong></span> <span class='ocrx_word' id='word_1_85' title='bbox 1486 1461 1851 1519; x_wconf 75' lang='lat' dir='ltr'><strong>infauStarum</strong></span> <span class='ocrx_word' id='word_1_86' title='bbox 1877 1475 2058 1518; x_wconf 85' lang='lat' dir='ltr'><strong>rerum</strong></span> 
     </span>
    </p>
   </div>
   <div class='ocr_carea' id='block_1_14' title="bbox 480 1552 2059 1627">
    <p class='ocr_par' dir='ltr' id='par_1_14' title="bbox 480 1552 2059 1627">
     <span class='ocr_line' id='line_1_14' title="bbox 480 1552 2059 1627; baseline 0.004 -21"><span class='ocrx_word' id='word_1_87' title='bbox 480 1552 609 1606; x_wconf 86' lang='lat' dir='ltr'><strong>illud</strong></span> <span class='ocrx_word' id='word_1_88' title='bbox 645 1553 977 1623; x_wconf 84' lang='lat' dir='ltr'><strong>persultare,</strong></span> <span class='ocrx_word' id='word_1_89' title='bbox 1015 1556 1113 1610; x_wconf 90' lang='lat' dir='ltr'><strong>sed</strong></span> <span class='ocrx_word' id='word_1_90' title='bbox 1146 1564 1205 1609; x_wconf 86' lang='lat' dir='ltr'><strong>ut</strong></span> <span class='ocrx_word' id='word_1_91' title='bbox 1231 1556 1631 1612; x_wconf 85' lang='lat' dir='ltr'><strong>secundissima</strong></span> <span class='ocrx_word' id='word_1_92' title='bbox 1665 1556 1742 1611; x_wconf 91' lang='lat' dir='ltr'><strong>illi</strong></span> <span class='ocrx_word' id='word_1_93' title='bbox 1772 1557 2059 1627; x_wconf 81' lang='lat' dir='ltr'><strong>provideas</strong></span> 
     </span>
    </p>
   </div>
   <div class='ocr_carea' id='block_1_15' title="bbox 472 1643 2061 1720">
    <p class='ocr_par' dir='ltr' id='par_1_15' title="bbox 472 1643 2061 1720">
     <span class='ocr_line' id='line_1_15' title="bbox 472 1643 2061 1720; baseline 0.003 -19"><span class='ocrx_word' id='word_1_94' title='bbox 472 1646 682 1711; x_wconf 86' lang='lat' dir='ltr'><strong>omnia,</strong></span> <span class='ocrx_word' id='word_1_95' title='bbox 721 1660 831 1713; x_wconf 90' lang='lat' dir='ltr'><strong>quo</strong></span> <span class='ocrx_word' id='word_1_96' title='bbox 859 1643 1094 1701; x_wconf 80' lang='lat' dir='ltr'><strong>Romani</strong></span> <span class='ocrx_word' id='word_1_97' title='bbox 1128 1661 1320 1703; x_wconf 89' lang='lat' dir='ltr'><strong>omnes</strong></span> <span class='ocrx_word' id='word_1_98' title='bbox 1346 1658 1402 1703; x_wconf 88' lang='lat' dir='ltr'><strong>et</strong></span> <span class='ocrx_word' id='word_1_99' title='bbox 1438 1648 1815 1704; x_wconf 84' lang='lat' dir='ltr'><strong>Romanorum</strong></span> <span class='ocrx_word' id='word_1_100' title='bbox 1850 1649 2061 1720; x_wconf 83' lang='lat' dir='ltr'><strong>princi-</strong></span> 
     </span>
    </p>
   </div>
   <div class='ocr_carea' id='block_1_16' title="bbox 472 1742 2055 1812">
    <p class='ocr_par' dir='ltr' id='par_1_16' title="bbox 472 1742 2055 1812">
     <span class='ocr_line' id='line_1_16' title="bbox 472 1742 2055 1812; baseline 0.003 -19"><span class='ocrx_word' id='word_1_101' title='bbox 472 1749 634 1807; x_wconf 86' lang='lat' dir='ltr'><strong>patus</strong></span> <span class='ocrx_word' id='word_1_102' title='bbox 664 1748 864 1794; x_wconf 87' lang='lat' dir='ltr'><strong>terram</strong></span> <span class='ocrx_word' id='word_1_103' title='bbox 896 1751 1155 1795; x_wconf 83' lang='lat' dir='ltr'><strong>cunctam</strong></span> <span class='ocrx_word' id='word_1_104' title='bbox 1211 1742 1265 1796; x_wconf 93' lang='lat' dir='ltr'><strong>in</strong></span> <span class='ocrx_word' id='word_1_105' title='bbox 1302 1756 1461 1797; x_wconf 82' lang='lat' dir='ltr'><strong>suam</strong></span> <span class='ocrx_word' id='word_1_106' title='bbox 1518 1752 1850 1811; x_wconf 76' lang='lat' dir='ltr'><strong>potestatem</strong></span> <span class='ocrx_word' id='word_1_107' title='bbox 1886 1750 2055 1812; x_wconf 86' lang='lat' dir='ltr'><strong>atque</strong></span> 
     </span>
    </p>
   </div>
   <div class='ocr_carea' id='block_1_17' title="bbox 473 1832 2057 1904">
    <p class='ocr_par' dir='ltr' id='par_1_17' title="bbox 473 1832 2057 1904">
     <span class='ocr_line' id='line_1_17' title="bbox 473 1832 2057 1904; baseline 0.003 -19"><span class='ocrx_word' id='word_1_108' title='bbox 473 1832 734 1887; x_wconf 86' lang='lat' dir='ltr'><strong>ditionem</strong></span> <span class='ocrx_word' id='word_1_109' title='bbox 767 1832 1015 1901; x_wconf 78' lang='lat' dir='ltr'><strong>redigant</strong></span> <span class='ocrx_word' id='word_1_110' title='bbox 1042 1850 1058 1901; x_wconf 84' lang='lat'><strong>;</strong></span> <span class='ocrx_word' id='word_1_111' title='bbox 1093 1844 1287 1888; x_wconf 88' lang='lat' dir='ltr'><strong>contra</strong></span> <span class='ocrx_word' id='word_1_112' title='bbox 1318 1834 1505 1890; x_wconf 81' lang='lat' dir='ltr'><strong>hostes</strong></span> <span class='ocrx_word' id='word_1_113' title='bbox 1556 1836 1826 1901; x_wconf 81' lang='lat' dir='ltr'><strong>universi,</strong></span> <span class='ocrx_word' id='word_1_114' title='bbox 1858 1836 2057 1904; x_wconf 88' lang='lat' dir='ltr'><strong>partim</strong></span> 
     </span>
    </p>
   </div>
   <div class='ocr_carea' id='block_1_18' title="bbox 2091 1887 2141 1948">
    <p class='ocr_par' dir='ltr' id='par_1_18' title="bbox 2091 1887 2141 1948">
     <span class='ocr_line' id='line_1_18' title="bbox 2091 1887 2141 1948; baseline 0 0"><span class='ocrx_word' id='word_1_115' title='bbox 2091 1887 2141 1948; x_wconf 89' lang='lat' dir='ltr'><strong>B</strong></span> 
     </span>
    </p>
   </div>
   <div class='ocr_carea' id='block_1_19' title="bbox 2164 616 3777 695">
    <p class='ocr_par' dir='ltr' id='par_1_19' title="bbox 2164 616 3777 695">
     <span class='ocr_line' id='line_1_19' title="bbox 2164 616 3777 695; baseline -0.001 -19"><span class='ocrx_word' id='word_1_116' title='bbox 2164 621 2261 675; x_wconf 89' lang='grc' dir='ltr'><strong>οῦν</strong></span> <span class='ocrx_word' id='word_1_117' title='bbox 2281 621 2550 691; x_wconf 78' lang='grc' dir='ltr'>αἱρέσεως</span> <span class='ocrx_word' id='word_1_118' title='bbox 2577 622 2884 692; x_wconf 75' lang='grc' dir='ltr'>ἀνωτέραν,</span> <span class='ocrx_word' id='word_1_119' title='bbox 2914 616 2983 693; x_wconf 81' lang='grc' dir='ltr'>ἦς</span> <span class='ocrx_word' id='word_1_120' title='bbox 3003 621 3101 676; x_wconf 83' lang='grc' dir='ltr'><strong>καὶ</strong></span> <span class='ocrx_word' id='word_1_121' title='bbox 3128 619 3356 689; x_wconf 87' lang='grc' dir='ltr'>περιὼν</span> <span class='ocrx_word' id='word_1_122' title='bbox 3390 620 3475 674; x_wconf 71' lang='grc' dir='ltr'>ἔτι</span> <span class='ocrx_word' id='word_1_123' title='bbox 3504 621 3777 695; x_wconf 77' lang='grc' dir='ltr'>προύστης</span> 
     </span>
    </p>
   </div>
   <div class='ocr_carea' id='block_1_20' title="bbox 2167 715 3779 788">
    <p class='ocr_par' dir='ltr' id='par_1_20' title="bbox 2167 715 3779 788">
     <span class='ocr_line' id='line_1_20' title="bbox 2167 715 3779 788; baseline -0.001 -16"><span class='ocrx_word' id='word_1_124' title='bbox 2167 718 2455 782; x_wconf 77' lang='grc' dir='ltr'><strong>πολλάκις,</strong></span> <span class='ocrx_word' id='word_1_125' title='bbox 2479 716 2685 786; x_wconf 81' lang='grc' dir='ltr'>μᾶλλον</span> <span class='ocrx_word' id='word_1_126' title='bbox 2702 717 2747 771; x_wconf 82' lang='grc' dir='ltr'>δ’</span> <span class='ocrx_word' id='word_1_127' title='bbox 2769 717 3008 773; x_wconf 81' lang='grc' dir='ltr'>είσάπαν</span> <span class='ocrx_word' id='word_1_128' title='bbox 3029 716 3378 788; x_wconf 73' lang='grc' dir='ltr'>προῖπασο,</span> <span class='ocrx_word' id='word_1_129' title='bbox 3402 715 3779 771; x_wconf 86' lang='grc' dir='ltr'>λιθολευστού-</span> 
     </span>
    </p>
   </div>
   <div class='ocr_carea' id='block_1_21' title="bbox 2168 810 3776 883">
    <p class='ocr_par' dir='ltr' id='par_1_21' title="bbox 2168 810 3776 883">
     <span class='ocr_line' id='line_1_21' title="bbox 2168 810 3776 883; baseline -0.002 -17"><span class='ocrx_word' id='word_1_130' title='bbox 2168 812 2330 883; x_wconf 78' lang='grc' dir='ltr'>μενός</span> <span class='ocrx_word' id='word_1_131' title='bbox 2360 826 2420 865; x_wconf 80' lang='grc' dir='ltr'><strong>τε</strong></span> <span class='ocrx_word' id='word_1_132' title='bbox 2451 811 2544 866; x_wconf 75' lang='grc' dir='ltr'>καὶ</span> <span class='ocrx_word' id='word_1_133' title='bbox 2575 810 2668 865; x_wconf 71' lang='grc' dir='ltr'>τὸν</span> <span class='ocrx_word' id='word_1_134' title='bbox 2711 812 2842 881; x_wconf 74' lang='grc' dir='ltr'>περὶ</span> <span class='ocrx_word' id='word_1_135' title='bbox 2866 810 3049 881; x_wconf 71' lang='grc' dir='ltr'>ψυχῆς</span> <span class='ocrx_word' id='word_1_136' title='bbox 3082 810 3337 881; x_wconf 83' lang='grc' dir='ltr'>μάλιστα</span> <span class='ocrx_word' id='word_1_137' title='bbox 3370 810 3543 875; x_wconf 84' lang='grc' dir='ltr'>θέων,</span> <span class='ocrx_word' id='word_1_138' title='bbox 3582 811 3676 862; x_wconf 73' lang='grc' dir='ltr'><strong>καὶ</strong></span> <span class='ocrx_word' id='word_1_139' title='bbox 3693 811 3776 863; x_wconf 87' lang='grc' dir='ltr'><strong>νῦν</strong></span> 
     </span>
    </p>
   </div>
   <div class='ocr_carea' id='block_1_22' title="bbox 2164 905 3779 979">
    <p class='ocr_par' dir='ltr' id='par_1_22' title="bbox 2164 905 3779 979">
     <span class='ocr_line' id='line_1_22' title="bbox 2164 905 3779 979; baseline -0.002 -18"><span class='ocrx_word' id='word_1_140' title='bbox 2164 908 2467 979; x_wconf 80' lang='grc' dir='ltr'>οὑχήκιστα</span> <span class='ocrx_word' id='word_1_141' title='bbox 2494 906 2785 977; x_wconf 73' lang='grc' dir='ltr'>περιιπεις</span> <span class='ocrx_word' id='word_1_142' title='bbox 2806 909 2871 977; x_wconf 83' lang='grc' dir='ltr'>τῇ</span> <span class='ocrx_word' id='word_1_143' title='bbox 2905 905 3198 977; x_wconf 75' lang='grc' dir='ltr'><strong>θαυμαστῇ</strong></span> <span class='ocrx_word' id='word_1_144' title='bbox 3238 905 3653 975; x_wconf 71' lang='grc' dir='ltr'>φραττομὶνην</span> <span class='ocrx_word' id='word_1_145' title='bbox 3684 920 3779 958; x_wconf 82' lang='grc' dir='ltr'>πα-</span> 
     </span>
    </p>
   </div>
   <div class='ocr_carea' id='block_1_23' title="bbox 2164 992 3772 1068">
    <p class='ocr_par' dir='ltr' id='par_1_23' title="bbox 2164 992 3772 1068">
     <span class='ocr_line' id='line_1_23' title="bbox 2164 992 3772 1068; baseline -0.002 -16"><span class='ocrx_word' id='word_1_146' title='bbox 2164 997 2363 1068; x_wconf 69' lang='grc' dir='ltr'>νοπλία</span> <span class='ocrx_word' id='word_1_147' title='bbox 2396 998 2507 1050; x_wconf 81' lang='grc' dir='ltr'><strong>τῶν</strong></span> <span class='ocrx_word' id='word_1_148' title='bbox 2537 996 2738 1066; x_wconf 58' lang='grc' dir='ltr'>λόγων</span> <span class='ocrx_word' id='word_1_149' title='bbox 2762 996 2865 1066; x_wconf 83' lang='grc' dir='ltr'><strong>τῆς</strong></span> <span class='ocrx_word' id='word_1_150' title='bbox 2889 996 3169 1067; x_wconf 80' lang='grc' dir='ltr'>δ’ὲννὸμου</span> <span class='ocrx_word' id='word_1_151' title='bbox 3217 998 3329 1049; x_wconf 81' lang='grc' dir='ltr'><strong>καὶ</strong></span> <span class='ocrx_word' id='word_1_152' title='bbox 3356 992 3657 1065; x_wconf 77' lang='grc' dir='ltr'><strong>θεοφιλοῦς</strong></span> <span class='ocrx_word' id='word_1_153' title='bbox 3680 995 3772 1066; x_wconf 76' lang='grc' dir='ltr'><strong>βα-</strong></span> 
     </span>
    </p>
   </div>
   <div class='ocr_carea' id='block_1_24' title="bbox 2166 1087 3777 1162">
    <p class='ocr_par' dir='ltr' id='par_1_24' title="bbox 2166 1087 3777 1162">
     <span class='ocr_line' id='line_1_24' title="bbox 2166 1087 3777 1162; baseline -0.004 -16"><span class='ocrx_word' id='word_1_154' title='bbox 2166 1092 2377 1155; x_wconf 78' lang='grc' dir='ltr'>σιλείας</span> <span class='ocrx_word' id='word_1_155' title='bbox 2428 1091 2500 1145; x_wconf 80' lang='grc' dir='ltr'><strong>τὰ</strong></span> <span class='ocrx_word' id='word_1_156' title='bbox 2532 1090 2793 1162; x_wconf 80' lang='grc' dir='ltr'>σκῆπτρα</span> <span class='ocrx_word' id='word_1_157' title='bbox 2817 1091 3069 1161; x_wconf 72' lang='grc' dir='ltr'>κατέχων</span> <span class='ocrx_word' id='word_1_158' title='bbox 3095 1104 3156 1143; x_wconf 80' lang='grc' dir='ltr'><strong>τε</strong></span> <span class='ocrx_word' id='word_1_159' title='bbox 3178 1088 3285 1143; x_wconf 73' lang='grc' dir='ltr'>καὶ</span> <span class='ocrx_word' id='word_1_160' title='bbox 3316 1087 3662 1160; x_wconf 62' lang='grc' dir='ltr'>κρατύνωνη</span> <span class='ocrx_word' id='word_1_161' title='bbox 3690 1087 3777 1142; x_wconf 78' lang='grc' dir='ltr'><strong>καὶ</strong></span> 
     </span>
    </p>
   </div>
   <div class='ocr_carea' id='block_1_25' title="bbox 2164 1180 3777 1253">
    <p class='ocr_par' dir='ltr' id='par_1_25' title="bbox 2164 1180 3777 1253">
     <span class='ocr_line' id='line_1_25' title="bbox 2164 1180 3777 1253; baseline -0.004 -13"><span class='ocrx_word' id='word_1_162' title='bbox 2164 1187 2264 1240; x_wconf 78' lang='grc' dir='ltr'>οὐκ</span> <span class='ocrx_word' id='word_1_163' title='bbox 2291 1186 2396 1239; x_wconf 78' lang='grc' dir='ltr'><strong>ὲιίν</strong></span> <span class='ocrx_word' id='word_1_164' title='bbox 2422 1185 2576 1238; x_wconf 73' lang='grc' dir='ltr'>οὐδὲν</span> <span class='ocrx_word' id='word_1_165' title='bbox 2606 1184 2790 1238; x_wconf 81' lang='grc' dir='ltr'><strong>ὁτιοῦν</strong></span> <span class='ocrx_word' id='word_1_166' title='bbox 2814 1183 2925 1237; x_wconf 86' lang='grc' dir='ltr'><strong>τῶν</strong></span> <span class='ocrx_word' id='word_1_167' title='bbox 2950 1183 3364 1253; x_wconf 77' lang='grc' dir='ltr'><strong>ἀπειρημένων</strong></span> <span class='ocrx_word' id='word_1_168' title='bbox 3397 1181 3552 1236; x_wconf 84' lang='grc' dir='ltr'><strong>κατὰ</strong></span> <span class='ocrx_word' id='word_1_169' title='bbox 3582 1180 3777 1249; x_wconf 78' lang='grc' dir='ltr'><strong>ταύτης</strong></span> 
     </span>
    </p>
   </div>
   <div class='ocr_carea' id='block_1_26' title="bbox 2166 1272 3772 1348">
    <p class='ocr_par' dir='ltr' id='par_1_26' title="bbox 2166 1272 3772 1348">
     <span class='ocr_line' id='line_1_26' title="bbox 2166 1272 3772 1348; baseline -0.004 -18"><span class='ocrx_word' id='word_1_170' title='bbox 2166 1277 2441 1348; x_wconf 82' lang='grc' dir='ltr'>χωρῆσαι,</span> <span class='ocrx_word' id='word_1_171' title='bbox 2467 1275 2605 1337; x_wconf 76' lang='grc' dir='ltr'>ἀλλὰ</span> <span class='ocrx_word' id='word_1_172' title='bbox 2632 1275 2813 1330; x_wconf 82' lang='grc' dir='ltr'>πάντα</span> <span class='ocrx_word' id='word_1_173' title='bbox 2833 1273 2902 1328; x_wconf 77' lang='grc' dir='ltr'>τὰ</span> <span class='ocrx_word' id='word_1_174' title='bbox 2928 1273 3186 1345; x_wconf 60' lang='grc' dir='ltr'>βέλτιστα</span> <span class='ocrx_word' id='word_1_175' title='bbox 3224 1273 3488 1344; x_wconf 63' lang='grc' dir='ltr'>ταυτησὶ</span> <span class='ocrx_word' id='word_1_176' title='bbox 3518 1272 3772 1343; x_wconf 83' lang='grc' dir='ltr'>προνοῶν,</span> 
     </span>
    </p>
   </div>
   <div class='ocr_carea' id='block_1_27' title="bbox 2163 1363 3777 1440">
    <p class='ocr_par' dir='ltr' id='par_1_27' title="bbox 2163 1363 3777 1440">
     <span class='ocr_line' id='line_1_27' title="bbox 2163 1363 3777 1440; baseline -0.006 -16"><span class='ocrx_word' id='word_1_177' title='bbox 2163 1370 2280 1440; x_wconf 81' lang='grc' dir='ltr'>ἐφῷ</span> <span class='ocrx_word' id='word_1_178' title='bbox 2312 1369 2526 1428; x_wconf 79' lang='grc' dir='ltr'><strong>πάντας</strong></span> <span class='ocrx_word' id='word_1_179' title='bbox 2554 1367 2655 1438; x_wconf 71' lang='grc' dir='ltr'>μὲν</span> <span class='ocrx_word' id='word_1_180' title='bbox 2695 1365 3012 1436; x_wconf 78' lang='grc' dir='ltr'><strong>Ῥωμαίους</strong></span> <span class='ocrx_word' id='word_1_181' title='bbox 3033 1366 3134 1420; x_wconf 78' lang='grc' dir='ltr'><strong>καὶ</strong></span> <span class='ocrx_word' id='word_1_182' title='bbox 3183 1365 3296 1437; x_wconf 82' lang='grc' dir='ltr'><strong>τὴν</strong></span> <span class='ocrx_word' id='word_1_183' title='bbox 3352 1363 3658 1435; x_wconf 77' lang='grc' dir='ltr'>Ῥωμαίων</span> <span class='ocrx_word' id='word_1_184' title='bbox 3685 1363 3777 1435; x_wconf 81' lang='grc' dir='ltr'><strong>ἀρ-</strong></span> 
     </span>
    </p>
   </div>
   <div class='ocr_carea' id='block_1_28' title="bbox 2165 1457 3775 1536">
    <p class='ocr_par' dir='ltr' id='par_1_28' title="bbox 2165 1457 3775 1536">
     <span class='ocr_line' id='line_1_28' title="bbox 2165 1457 3775 1536; baseline -0.004 -19"><span class='ocrx_word' id='word_1_185' title='bbox 2165 1464 2269 1536; x_wconf 78' lang='grc' dir='ltr'><strong>χὴν</strong></span> <span class='ocrx_word' id='word_1_186' title='bbox 2316 1463 2416 1530; x_wconf 84' lang='grc' dir='ltr'><strong>τὴς</strong></span> <span class='ocrx_word' id='word_1_187' title='bbox 2463 1460 2772 1533; x_wconf 71' lang='grc' dir='ltr'><strong>ἑκασταχοῦ</strong></span> <span class='ocrx_word' id='word_1_188' title='bbox 2819 1461 2926 1531; x_wconf 86' lang='grc' dir='ltr'><strong>γῆς</strong></span> <span class='ocrx_word' id='word_1_189' title='bbox 2953 1460 3211 1529; x_wconf 84' lang='grc' dir='ltr'>γενέσθαι</span> <span class='ocrx_word' id='word_1_190' title='bbox 3239 1459 3488 1531; x_wconf 80' lang='grc' dir='ltr'>κυρίους</span> <span class='ocrx_word' id='word_1_191' title='bbox 3517 1475 3532 1490; x_wconf 91' lang='grc'><strong>·</strong></span> <span class='ocrx_word' id='word_1_192' title='bbox 3577 1457 3775 1521; x_wconf 78' lang='grc' dir='ltr'>πάντας</span> 
     </span>
    </p>
   </div>
   <div class='ocr_carea' id='block_1_29' title="bbox 2164 1553 3776 1627">
    <p class='ocr_par' dir='ltr' id='par_1_29' title="bbox 2164 1553 3776 1627">
     <span class='ocr_line' id='line_1_29' title="bbox 2164 1553 3776 1627; baseline -0.004 -17"><span class='ocrx_word' id='word_1_193' title='bbox 2164 1557 2222 1610; x_wconf 78' lang='grc' dir='ltr'>δὲ</span> <span class='ocrx_word' id='word_1_194' title='bbox 2250 1556 2569 1627; x_wconf 81' lang='grc' dir='ltr'>πολεμίους,</span> <span class='ocrx_word' id='word_1_195' title='bbox 2610 1557 2738 1618; x_wconf 81' lang='grc' dir='ltr'>τοὺς</span> <span class='ocrx_word' id='word_1_196' title='bbox 2763 1555 2865 1624; x_wconf 74' lang='grc' dir='ltr'><strong>μὲν</strong></span> <span class='ocrx_word' id='word_1_197' title='bbox 2922 1553 2988 1607; x_wconf 79' lang='grc' dir='ltr'>τὰ</span> <span class='ocrx_word' id='word_1_198' title='bbox 3016 1553 3160 1607; x_wconf 75' lang='grc' dir='ltr'>ὅπλα</span> <span class='ocrx_word' id='word_1_199' title='bbox 3192 1553 3507 1626; x_wconf 77' lang='grc' dir='ltr'>ῥίψαντας,</span> <span class='ocrx_word' id='word_1_200' title='bbox 3546 1553 3776 1605; x_wconf 75' lang='grc' dir='ltr'>τουτοισὶ</span> 
     </span>
    </p>
   </div>
   <div class='ocr_carea' id='block_1_30' title="bbox 2166 1644 3774 1715">
    <p class='ocr_par' dir='ltr' id='par_1_30' title="bbox 2166 1644 3774 1715">
     <span class='ocr_line' id='line_1_30' title="bbox 2166 1644 3774 1715; baseline -0.005 -10"><span class='ocrx_word' id='word_1_201' title='bbox 2166 1650 2448 1705; x_wconf 78' lang='grc' dir='ltr'>συνελθεῖν</span> <span class='ocrx_word' id='word_1_202' title='bbox 2474 1652 2568 1704; x_wconf 69' lang='grc' dir='ltr'><strong>καὶ</strong></span> <span class='ocrx_word' id='word_1_203' title='bbox 2606 1651 2687 1713; x_wconf 80' lang='grc' dir='ltr'><strong>εἰς</strong></span> <span class='ocrx_word' id='word_1_204' title='bbox 2725 1648 2917 1710; x_wconf 75' lang='grc' dir='ltr'>εὔνους</span> <span class='ocrx_word' id='word_1_205' title='bbox 2947 1647 3188 1712; x_wconf 75' lang='grc' dir='ltr'>τελέσαι,</span> <span class='ocrx_word' id='word_1_206' title='bbox 3228 1648 3331 1700; x_wconf 76' lang='grc' dir='ltr'><strong>καὶ</strong></span> <span class='ocrx_word' id='word_1_207' title='bbox 3380 1647 3454 1699; x_wconf 76' lang='grc' dir='ltr'>τὰ</span> <span class='ocrx_word' id='word_1_208' title='bbox 3484 1644 3774 1715; x_wconf 82' lang='grc' dir='ltr'>γιγνόμενα</span> 
     </span>
    </p>
   </div>
   <div class='ocr_carea' id='block_1_31' title="bbox 2164 1737 3772 1812">
    <p class='ocr_par' dir='ltr' id='par_1_31' title="bbox 2164 1737 3772 1812">
     <span class='ocr_line' id='line_1_31' title="bbox 2164 1737 3772 1812; baseline -0.006 -14"><span class='ocrx_word' id='word_1_209' title='bbox 2164 1744 2519 1799; x_wconf 69' lang='grc' dir='ltr'>σπείσασθαι*</span> <span class='ocrx_word' id='word_1_210' title='bbox 2547 1745 2675 1807; x_wconf 73' lang='grc' dir='ltr'>τοὺς</span> <span class='ocrx_word' id='word_1_211' title='bbox 2703 1743 2758 1797; x_wconf 71' lang='grc' dir='ltr'>δὲ</span> <span class='ocrx_word' id='word_1_212' title='bbox 2809 1752 2903 1796; x_wconf 71' lang='grc' dir='ltr'>καί</span> <span class='ocrx_word' id='word_1_213' title='bbox 2937 1739 3174 1803; x_wconf 71' lang='grc' dir='ltr'>ἄκοντας</span> <span class='ocrx_word' id='word_1_214' title='bbox 3203 1739 3581 1812; x_wconf 74' lang='grc' dir='ltr'>ἠναγκάσθαι</span> <span class='ocrx_word' id='word_1_215' title='bbox 3614 1737 3772 1806; x_wconf 73' lang='grc' dir='ltr'>φόρου</span> 
     </span>
    </p>
   </div>
   <div class='ocr_carea' id='block_1_32' title="bbox 2180 1830 3774 1907">
    <p class='ocr_par' dir='ltr' id='par_1_32' title="bbox 2180 1830 3774 1907">
     <span class='ocr_line' id='line_1_32' title="bbox 2180 1830 3774 1907; baseline -0.004 -19"><span class='ocrx_word' id='word_1_216' title='bbox 2180 1835 2476 1907; x_wconf 85' lang='grc' dir='ltr'>Ῥωμαίοις</span> <span class='ocrx_word' id='word_1_217' title='bbox 2496 1834 2611 1904; x_wconf 72' lang='grc' dir='ltr'><strong>ἀπῆ</strong></span> <span class='ocrx_word' id='word_1_218' title='bbox 2621 1834 2780 1907; x_wconf 87' lang='grc' dir='ltr'>ρχθαι</span> <span class='ocrx_word' id='word_1_219' title='bbox 2808 1834 2903 1889; x_wconf 75' lang='grc' dir='ltr'>καὶ</span> <span class='ocrx_word' id='word_1_220' title='bbox 2936 1832 3211 1888; x_wconf 74' lang='grc' dir='ltr'>δουλεύειν</span> <span class='ocrx_word' id='word_1_221' title='bbox 3227 1832 3314 1896; x_wconf 84' lang='grc' dir='ltr'>ὡς</span> <span class='ocrx_word' id='word_1_222' title='bbox 3333 1832 3488 1895; x_wconf 75' lang='grc' dir='ltr'>εοοςο</span> <span class='ocrx_word' id='word_1_223' title='bbox 3522 1830 3601 1895; x_wconf 80' lang='grc' dir='ltr'><strong>ὡς</strong></span> <span class='ocrx_word' id='word_1_224' title='bbox 3617 1836 3774 1884; x_wconf 70' lang='lat' dir='ltr'><strong>arata-</strong></span> 
     </span>
    </p>
   </div>
   <div class='ocr_carea' id='block_1_33' title="bbox 472 1923 2057 2000">
    <p class='ocr_par' dir='ltr' id='par_1_33' title="bbox 472 1923 2057 1997">
     <span class='ocr_line' id='line_1_33' title="bbox 472 1923 2057 1997; baseline 0.005 -21"><span class='ocrx_word' id='word_1_225' title='bbox 472 1927 644 1981; x_wconf 82' lang='lat' dir='ltr'><strong>armis</strong></span> <span class='ocrx_word' id='word_1_226' title='bbox 698 1923 949 1995; x_wconf 87' lang='lat' dir='ltr'><strong>abjectis,</strong></span> <span class='ocrx_word' id='word_1_227' title='bbox 981 1939 1103 1980; x_wconf 90' lang='lat' dir='ltr'><strong>cum</strong></span> <span class='ocrx_word' id='word_1_228' title='bbox 1134 1926 1203 1981; x_wconf 85' lang='lat' dir='ltr'><strong>iis</strong></span> <span class='ocrx_word' id='word_1_229' title='bbox 1231 1926 1555 1997; x_wconf 71' lang='lat' dir='ltr'><strong>iungantur,</strong></span> <span class='ocrx_word' id='word_1_230' title='bbox 1590 1936 1644 1983; x_wconf 87' lang='lat' dir='ltr'><strong>et</strong></span> <span class='ocrx_word' id='word_1_231' title='bbox 1671 1928 1726 1983; x_wconf 90' lang='lat' dir='ltr'><strong>in</strong></span> <span class='ocrx_word' id='word_1_232' title='bbox 1752 1927 2057 1984; x_wconf 85' lang='lat' dir='ltr'><strong>amicorum</strong></span> 
     </span>
    </p>
   </div>
   <div class='ocr_carea' id='block_1_34' title="bbox 2165 1923 3770 2000">
    <p class='ocr_par' dir='ltr' id='par_1_34' title="bbox 2169 1925 3770 2000">
     <span class='ocr_line' id='line_1_34' title="bbox 2169 1925 3770 2000; baseline -0.004 -17"><span class='ocrx_word' id='word_1_233' title='bbox 2169 1930 2362 2000; x_wconf 80' lang='grc' dir='ltr'>στῆναι</span> <span class='ocrx_word' id='word_1_234' title='bbox 2390 1930 2574 1983; x_wconf 80' lang='grc' dir='ltr'>πᾶσαν</span> <span class='ocrx_word' id='word_1_235' title='bbox 2597 1929 2697 2000; x_wconf 78' lang='grc' dir='ltr'>τὴν</span> <span class='ocrx_word' id='word_1_236' title='bbox 2727 1926 3057 1998; x_wconf 76' lang='grc' dir='ltr'>οἰκουμένην</span> <span class='ocrx_word' id='word_1_237' title='bbox 3088 1925 3383 1995; x_wconf 68' lang='grc' dir='ltr'>ιντεῦθεν,</span> <span class='ocrx_word' id='word_1_238' title='bbox 3416 1926 3498 1989; x_wconf 81' lang='grc' dir='ltr'>ὡς</span> <span class='ocrx_word' id='word_1_239' title='bbox 3529 1925 3598 1980; x_wconf 83' lang='grc' dir='ltr'><strong>ἂν</strong></span> <span class='ocrx_word' id='word_1_240' title='bbox 3633 1926 3770 1977; x_wconf 76' lang='grc' dir='ltr'>εἴποι</span> 
     </span>
    </p>
   </div>
   <div class='ocr_carea' id='block_1_35' title="bbox 470 2016 2057 2093">
    <p class='ocr_par' dir='ltr' id='par_1_35' title="bbox 470 2016 2057 2088">
     <span class='ocr_line' id='line_1_35' title="bbox 470 2016 2057 2088; baseline 0.003 -18"><span class='ocrx_word' id='word_1_241' title='bbox 470 2030 763 2071; x_wconf 86' lang='lat' dir='ltr'><strong>numerum</strong></span> <span class='ocrx_word' id='word_1_242' title='bbox 801 2016 1049 2083; x_wconf 85' lang='lat' dir='ltr'><strong>veniant,</strong></span> <span class='ocrx_word' id='word_1_243' title='bbox 1082 2017 1370 2088; x_wconf 66' lang='lat' dir='ltr'><strong>aequisque</strong></span> <span class='ocrx_word' id='word_1_244' title='bbox 1398 2019 1750 2086; x_wconf 82' lang='lat' dir='ltr'><strong>paciscantur</strong></span> <span class='ocrx_word' id='word_1_245' title='bbox 1783 2020 2057 2076; x_wconf 89' lang='lat' dir='ltr'><strong>conditio-</strong></span> 
     </span>
    </p>
   </div>
   <div class='ocr_carea' id='block_1_36' title="bbox 2165 2016 3772 2093">
    <p class='ocr_par' dir='ltr' id='par_1_36' title="bbox 2165 2019 3772 2093">
     <span class='ocr_line' id='line_1_36' title="bbox 2165 2019 3772 2093; baseline -0.004 -17"><span class='ocrx_word' id='word_1_246' title='bbox 2165 2040 2265 2091; x_wconf 76' lang='grc' dir='ltr'>τις,</span> <span class='ocrx_word' id='word_1_247' title='bbox 2307 2023 2641 2093; x_wconf 81' lang='grc' dir='ltr'>οἰκουμένην</span> <span class='ocrx_word' id='word_1_248' title='bbox 2680 2022 2930 2093; x_wconf 71' lang='grc' dir='ltr'>εἰρήνης’</span> <span class='ocrx_word' id='word_1_249' title='bbox 2983 2020 3080 2075; x_wconf 75' lang='grc' dir='ltr'><strong>καὶ</strong></span> <span class='ocrx_word' id='word_1_250' title='bbox 3110 2020 3407 2092; x_wconf 78' lang='grc' dir='ltr'>πλήρωμα</span> <span class='ocrx_word' id='word_1_251' title='bbox 3467 2019 3772 2086; x_wconf 80' lang='grc' dir='ltr'>καλοκαγα·</span> 
     </span>
    </p>
   </div>
   <div class='ocr_carea' id='block_1_37' title="bbox 472 2111 2059 2183">
    <p class='ocr_par' dir='ltr' id='par_1_37' title="bbox 472 2111 2059 2183">
     <span class='ocr_line' id='line_1_37' title="bbox 472 2111 2059 2183; baseline 0.003 -20"><span class='ocrx_word' id='word_1_252' title='bbox 472 2111 652 2174; x_wconf 87' lang='lat' dir='ltr'><strong>nibus,</strong></span> <span class='ocrx_word' id='word_1_253' title='bbox 674 2114 875 2181; x_wconf 87' lang='lat' dir='ltr'><strong>partim</strong></span> <span class='ocrx_word' id='word_1_254' title='bbox 898 2111 1015 2166; x_wconf 87' lang='lat' dir='ltr'><strong>suis</strong></span> <span class='ocrx_word' id='word_1_255' title='bbox 1043 2111 1297 2182; x_wconf 78' lang='lat' dir='ltr'><strong>ingratiis</strong></span> <span class='ocrx_word' id='word_1_256' title='bbox 1321 2112 1617 2183; x_wconf 74' lang='lat' dir='ltr'><strong>vectigales</strong></span> <span class='ocrx_word' id='word_1_257' title='bbox 1644 2112 1912 2170; x_wconf 84' lang='lat' dir='ltr'><strong>Romanis</strong></span> <span class='ocrx_word' id='word_1_258' title='bbox 1937 2113 2059 2169; x_wconf 79' lang='lat' dir='ltr'><strong>fieri</strong></span> 
     </span>
    </p>
   </div>
   <div class='ocr_carea' id='block_1_38' title="bbox 2160 2108 3770 2185">
    <p class='ocr_par' dir='ltr' id='par_1_38' title="bbox 2160 2108 3770 2185">
     <span class='ocr_line' id='line_1_38' title="bbox 2160 2108 3770 2185; baseline -0.004 -17"><span class='ocrx_word' id='word_1_259' title='bbox 2160 2114 2285 2179; x_wconf 84' lang='grc' dir='ltr'>θίας</span> <span class='ocrx_word' id='word_1_260' title='bbox 2318 2116 2412 2168; x_wconf 74' lang='grc' dir='ltr'>καὶ</span> <span class='ocrx_word' id='word_1_261' title='bbox 2435 2115 2639 2185; x_wconf 80' lang='grc' dir='ltr'>χωρίον</span> <span class='ocrx_word' id='word_1_262' title='bbox 2696 2114 3052 2183; x_wconf 81' lang='grc' dir='ltr'>ταυτότητος·</span> <span class='ocrx_word' id='word_1_263' title='bbox 3109 2113 3160 2164; x_wconf 87' lang='grc' dir='ltr'><strong>εί</strong></span> <span class='ocrx_word' id='word_1_264' title='bbox 3184 2108 3246 2164; x_wconf 69' lang='grc' dir='ltr'>δὲ</span> <span class='ocrx_word' id='word_1_265' title='bbox 3316 2115 3420 2167; x_wconf 65' lang='grc' dir='ltr'>καὶ</span> <span class='ocrx_word' id='word_1_266' title='bbox 3459 2114 3545 2181; x_wconf 83' lang='grc' dir='ltr'><strong>τῇ.</strong></span> <span class='ocrx_word' id='word_1_267' title='bbox 3583 2108 3770 2163; x_wconf 73' lang='grc' dir='ltr'>καθένα</span> 
     </span>
    </p>
   </div>
   <div class='ocr_carea' id='block_1_39' title="bbox 469 2196 2057 2273">
    <p class='ocr_par' dir='ltr' id='par_1_39' title="bbox 469 2202 2057 2273">
     <span class='ocr_line' id='line_1_39' title="bbox 469 2202 2057 2273; baseline 0.003 -18"><span class='ocrx_word' id='word_1_268' title='bbox 469 2212 526 2256; x_wconf 87' lang='lat' dir='ltr'><strong>et</strong></span> <span class='ocrx_word' id='word_1_269' title='bbox 551 2202 770 2257; x_wconf 85' lang='lat' dir='ltr'><strong>solitam</strong></span> <span class='ocrx_word' id='word_1_270' title='bbox 802 2203 1013 2258; x_wconf 82' lang='lat' dir='ltr'><strong>servire</strong></span> <span class='ocrx_word' id='word_1_271' title='bbox 1041 2204 1366 2258; x_wconf 82' lang='lat' dir='ltr'><strong>servitutem</strong></span> <span class='ocrx_word' id='word_1_272' title='bbox 1401 2212 1691 2273; x_wconf 73' lang='lat' dir='ltr'><strong>cogantur,</strong></span> <span class='ocrx_word' id='word_1_273' title='bbox 1726 2204 1799 2258; x_wconf 87' lang='lat' dir='ltr'><strong>ita</strong></span> <span class='ocrx_word' id='word_1_274' title='bbox 1826 2212 1883 2258; x_wconf 89' lang='lat' dir='ltr'><strong>ut</strong></span> <span class='ocrx_word' id='word_1_275' title='bbox 1913 2211 2057 2259; x_wconf 81' lang='lat' dir='ltr'><strong>totus</strong></span> 
     </span>
    </p>
   </div>
   <div class='ocr_carea' id='block_1_40' title="bbox 2165 2196 3769 2273">
    <p class='ocr_par' dir='ltr' id='par_1_40' title="bbox 2165 2196 3769 2273">
     <span class='ocr_line' id='line_1_40' title="bbox 2165 2196 3769 2273; baseline -0.006 -14"><span class='ocrx_word' id='word_1_276' title='bbox 2165 2207 2266 2260; x_wconf 87' lang='grc' dir='ltr'><strong>τῶν</strong></span> <span class='ocrx_word' id='word_1_277' title='bbox 2301 2206 2512 2260; x_wconf 84' lang='grc' dir='ltr'>πόλεων</span> <span class='ocrx_word' id='word_1_278' title='bbox 2534 2204 2594 2256; x_wconf 79' lang='grc' dir='ltr'>τὸ</span> <span class='ocrx_word' id='word_1_279' title='bbox 2615 2202 2787 2257; x_wconf 73' lang='grc' dir='ltr'>ταυτὰ</span> <span class='ocrx_word' id='word_1_280' title='bbox 2811 2203 3047 2273; x_wconf 80' lang='grc' dir='ltr'>φρωνεϊν</span> <span class='ocrx_word' id='word_1_281' title='bbox 3086 2201 3369 2272; x_wconf 81' lang='grc' dir='ltr'>σωτηρία,</span> <span class='ocrx_word' id='word_1_282' title='bbox 3419 2200 3518 2254; x_wconf 80' lang='grc' dir='ltr'><strong>καὶ</strong></span> <span class='ocrx_word' id='word_1_283' title='bbox 3575 2196 3769 2251; x_wconf 80' lang='grc' dir='ltr'>τούτων</span> 
     </span>
    </p>
   </div>
   <div class='ocr_carea' id='block_1_41' title="bbox 468 2287 2057 2367">
    <p class='ocr_par' dir='ltr' id='par_1_41' title="bbox 468 2295 2057 2364">
     <span class='ocr_line' id='line_1_41' title="bbox 468 2295 2057 2364; baseline 0.001 -14"><span class='ocrx_word' id='word_1_284' title='bbox 468 2295 596 2350; x_wconf 85' lang='lat' dir='ltr'><strong>inde</strong></span> <span class='ocrx_word' id='word_1_285' title='bbox 636 2304 908 2351; x_wconf 86' lang='lat' dir='ltr'><strong>terrarum</strong></span> <span class='ocrx_word' id='word_1_286' title='bbox 949 2296 1122 2359; x_wconf 85' lang='lat' dir='ltr'><strong>orbis,</strong></span> <span class='ocrx_word' id='word_1_287' title='bbox 1156 2311 1261 2364; x_wconf 91' lang='lat' dir='ltr'><strong>qua</strong></span> <span class='ocrx_word' id='word_1_288' title='bbox 1288 2297 1607 2352; x_wconf 83' lang='lat' dir='ltr'><strong>habitabilis</strong></span> <span class='ocrx_word' id='word_1_289' title='bbox 1631 2304 1740 2360; x_wconf 83' lang='lat' dir='ltr'><strong>est,</strong></span> <span class='ocrx_word' id='word_1_290' title='bbox 1772 2308 1834 2351; x_wconf 89' lang='lat' dir='ltr'><strong>ut</strong></span> <span class='ocrx_word' id='word_1_291' title='bbox 1856 2297 2057 2352; x_wconf 78' lang='lat' dir='ltr'><strong>dixerit</strong></span> 
     </span>
    </p>
   </div>
   <div class='ocr_carea' id='block_1_42' title="bbox 2165 2287 3766 2367">
    <p class='ocr_par' dir='ltr' id='par_1_42' title="bbox 2165 2287 3766 2367">
     <span class='ocr_line' id='line_1_42' title="bbox 2165 2287 3766 2367; baseline -0.006 -17"><span class='ocrx_word' id='word_1_292' title='bbox 2165 2299 2237 2362; x_wconf 78' lang='grc' dir='ltr'>ὡς</span> <span class='ocrx_word' id='word_1_293' title='bbox 2268 2297 2536 2367; x_wconf 77' lang='grc' dir='ltr'>πρόϐολος</span> <span class='ocrx_word' id='word_1_294' title='bbox 2582 2295 2766 2359; x_wconf 78' lang='grc' dir='ltr'>κοινὸς</span> <span class='ocrx_word' id='word_1_295' title='bbox 2817 2292 3144 2362; x_wconf 79' lang='grc' dir='ltr'>ἀσφαλείας,</span> <span class='ocrx_word' id='word_1_296' title='bbox 3194 2288 3259 2346; x_wconf 76' lang='grc' dir='ltr'>εὖ</span> <span class='ocrx_word' id='word_1_297' title='bbox 3322 2287 3542 2347; x_wconf 74' lang='grc' dir='ltr'>οἷδ’ὄτι</span> <span class='ocrx_word' id='word_1_298' title='bbox 3576 2291 3766 2344; x_wconf 76' lang='grc' dir='ltr'>παντά-</span> 
     </span>
    </p>
   </div>
   <div class='ocr_carea' id='block_1_43' title="bbox 469 2387 2058 2458">
    <p class='ocr_par' dir='ltr' id='par_1_43' title="bbox 469 2387 2058 2458">
     <span class='ocr_line' id='line_1_43' title="bbox 469 2387 2058 2458; baseline 0.001 -16"><span class='ocrx_word' id='word_1_299' title='bbox 469 2388 766 2458; x_wconf 86' lang='lat' dir='ltr'><strong>quispiam,</strong></span> <span class='ocrx_word' id='word_1_300' title='bbox 799 2387 952 2443; x_wconf 89' lang='lat' dir='ltr'><strong>orbis</strong></span> <span class='ocrx_word' id='word_1_301' title='bbox 982 2389 1156 2458; x_wconf 86' lang='lat' dir='ltr'><strong>pacis,</strong></span> <span class='ocrx_word' id='word_1_302' title='bbox 1186 2396 1241 2443; x_wconf 83' lang='lat' dir='ltr'><strong>et</strong></span> <span class='ocrx_word' id='word_1_303' title='bbox 1276 2388 1560 2455; x_wconf 84' lang='lat' dir='ltr'><strong>plenitudo</strong></span> <span class='ocrx_word' id='word_1_304' title='bbox 1603 2390 1760 2457; x_wconf 86' lang='lat' dir='ltr'><strong>probi</strong></span> <span class='ocrx_word' id='word_1_305' title='bbox 1797 2391 2058 2445; x_wconf 88' lang='lat' dir='ltr'><strong>honesti-</strong></span> 
     </span>
    </p>
   </div>
   <div class='ocr_carea' id='block_1_44' title="bbox 469 2480 2053 2551">
    <p class='ocr_par' dir='ltr' id='par_1_44' title="bbox 469 2480 2053 2551">
     <span class='ocr_line' id='line_1_44' title="bbox 469 2480 2053 2551; baseline 0.002 -16"><span class='ocrx_word' id='word_1_306' title='bbox 469 2496 578 2551; x_wconf 85' lang='lat' dir='ltr'><strong>que</strong></span> <span class='ocrx_word' id='word_1_307' title='bbox 612 2482 808 2546; x_wconf 91' lang='lat' dir='ltr'><strong>moris,</strong></span> <span class='ocrx_word' id='word_1_308' title='bbox 839 2489 894 2536; x_wconf 89' lang='lat' dir='ltr'><strong>et</strong></span> <span class='ocrx_word' id='word_1_309' title='bbox 925 2483 1088 2537; x_wconf 89' lang='lat' dir='ltr'><strong>unius</strong></span> <span class='ocrx_word' id='word_1_310' title='bbox 1138 2480 1497 2551; x_wconf 73' lang='lat' dir='ltr'><strong>eiusdemque</strong></span> <span class='ocrx_word' id='word_1_311' title='bbox 1534 2481 1704 2536; x_wconf 86' lang='lat' dir='ltr'><strong>animi</strong></span> <span class='ocrx_word' id='word_1_312' title='bbox 1742 2482 1895 2550; x_wconf 75' lang='lat' dir='ltr'><strong>regio</strong></span> <span class='ocrx_word' id='word_1_313' title='bbox 1935 2481 2053 2539; x_wconf 79' lang='lat' dir='ltr'><strong>ﬁat.</strong></span> 
     </span>
    </p>
   </div>
   <div class='ocr_carea' id='block_1_45' title="bbox 2161 2382 3768 2461">
    <p class='ocr_par' dir='ltr' id='par_1_45' title="bbox 2161 2382 3768 2461">
     <span class='ocr_line' id='line_1_45' title="bbox 2161 2382 3768 2461; baseline -0.008 -16"><span class='ocrx_word' id='word_1_314' title='bbox 2161 2408 2299 2445; x_wconf 79' lang='grc' dir='ltr'>πασι</span> <span class='ocrx_word' id='word_1_315' title='bbox 2326 2392 2626 2461; x_wconf 74' lang='grc' dir='ltr'>φροντιεῖς,</span> <span class='ocrx_word' id='word_1_316' title='bbox 2653 2392 2907 2457; x_wconf 85' lang='grc' dir='ltr'>ὁμόνοιαν</span> <span class='ocrx_word' id='word_1_317' title='bbox 2956 2387 3335 2457; x_wconf 77' lang='grc' dir='ltr'>πρυτανεύων</span> <span class='ocrx_word' id='word_1_318' title='bbox 3372 2384 3477 2440; x_wconf 80' lang='grc' dir='ltr'>καὶ</span> <span class='ocrx_word' id='word_1_319' title='bbox 3518 2384 3632 2438; x_wconf 80' lang='grc' dir='ltr'>πᾶν</span> <span class='ocrx_word' id='word_1_320' title='bbox 3657 2382 3685 2436; x_wconf 79' lang='grc' dir='ltr'><strong>ὃ</strong></span> <span class='ocrx_word' id='word_1_321' title='bbox 3723 2397 3768 2432; x_wconf 87' lang='grc' dir='ltr'><strong>τι</strong></span> 
     </span>
    </p>
   </div>
   <div class='ocr_carea' id='block_1_46' title="bbox 2161 2478 3667 2552">
    <p class='ocr_par' dir='ltr' id='par_1_46' title="bbox 2161 2478 3667 2552">
     <span class='ocr_line' id='line_1_46' title="bbox 2161 2478 3667 2552; baseline -0.005 -16"><span class='ocrx_word' id='word_1_322' title='bbox 2161 2483 2319 2552; x_wconf 82' lang='grc' dir='ltr'>σφίσι</span> <span class='ocrx_word' id='word_1_323' title='bbox 2340 2481 2661 2537; x_wconf 77' lang='grc' dir='ltr'>λυσιτελοῦν</span> <span class='ocrx_word' id='word_1_324' title='bbox 2686 2482 2781 2534; x_wconf 71' lang='grc' dir='ltr'><strong>καὶ</strong></span> <span class='ocrx_word' id='word_1_325' title='bbox 2805 2479 2944 2551; x_wconf 80' lang='grc' dir='ltr'>πρὸς</span> <span class='ocrx_word' id='word_1_326' title='bbox 2971 2479 3156 2551; x_wconf 76' lang='grc' dir='ltr'>ψυχὴν</span> <span class='ocrx_word' id='word_1_327' title='bbox 3193 2479 3456 2550; x_wconf 83' lang='grc' dir='ltr'>μάλιστα</span> <span class='ocrx_word' id='word_1_328' title='bbox 3478 2478 3667 2547; x_wconf 79' lang='grc' dir='ltr'>φέρον.</span> 
     </span>
    </p>
   </div>
   <div class='ocr_carea' id='block_1_47' title="bbox 468 2574 3767 2648">
    <p class='ocr_par' dir='ltr' id='par_1_47' title="bbox 468 2574 3767 2648">
     <span class='ocr_line' id='line_1_47' title="bbox 468 2574 3767 2648; baseline -0.001 -17"><span class='ocrx_word' id='word_1_329' title='bbox 468 2578 640 2632; x_wconf 81' lang='lat' dir='ltr'><strong>Porro</strong></span> <span class='ocrx_word' id='word_1_330' title='bbox 676 2576 723 2631; x_wconf 88' lang='lat' dir='ltr'><strong>si</strong></span> <span class='ocrx_word' id='word_1_331' title='bbox 754 2576 983 2648; x_wconf 80' lang='lat' dir='ltr'><strong>singulis</strong></span> <span class='ocrx_word' id='word_1_332' title='bbox 1016 2576 1180 2630; x_wconf 88' lang='lat' dir='ltr'><strong>etiam</strong></span> <span class='ocrx_word' id='word_1_333' title='bbox 1232 2574 1461 2630; x_wconf 86' lang='lat' dir='ltr'><strong>urbibus</strong></span> <span class='ocrx_word' id='word_1_334' title='bbox 1513 2574 1656 2630; x_wconf 89' lang='lat' dir='ltr'><strong>idem</strong></span> <span class='ocrx_word' id='word_1_335' title='bbox 1704 2575 1854 2629; x_wconf 82' lang='lat' dir='ltr'><strong>nolle</strong></span> <span class='ocrx_word' id='word_1_336' title='bbox 1894 2576 2054 2631; x_wconf 88' lang='lat' dir='ltr'><strong>saluti</strong></span> <span class='ocrx_word' id='word_1_337' title='bbox 2096 2586 2202 2642; x_wconf 84' lang='lat' dir='ltr'><strong>est,</strong></span> <span class='ocrx_word' id='word_1_338' title='bbox 2242 2579 2408 2634; x_wconf 87' lang='lat' dir='ltr'><strong>etiam</strong></span> <span class='ocrx_word' id='word_1_339' title='bbox 2492 2592 2707 2642; x_wconf 86' lang='lat' dir='ltr'><strong>earum,</strong></span> <span class='ocrx_word' id='word_1_340' title='bbox 2770 2586 2826 2630; x_wconf 94' lang='lat' dir='ltr'><strong>nt</strong></span> <span class='ocrx_word' id='word_1_341' title='bbox 2877 2589 3236 2631; x_wconf 84' lang='lat' dir='ltr'><strong>communem</strong></span> <span class='ocrx_word' id='word_1_342' title='bbox 3294 2576 3630 2631; x_wconf 78' lang='lat' dir='ltr'><strong>securitatis</strong></span> <span class='ocrx_word' id='word_1_343' title='bbox 3659 2575 3767 2629; x_wconf 86' lang='lat' dir='ltr'><strong>vin-</strong></span> 
     </span>
    </p>
   </div>
   <div class='ocr_carea' id='block_1_48' title="bbox 478 2667 3763 2740">
    <p class='ocr_par' dir='ltr' id='par_1_48' title="bbox 478 2667 3763 2740">
     <span class='ocr_line' id='line_1_48' title="bbox 478 2667 3763 2740; baseline 0.001 -22"><span class='ocrx_word' id='word_1_344' title='bbox 478 2670 653 2723; x_wconf 76' lang='lat' dir='ltr'><strong>dicem</strong></span> <span class='ocrx_word' id='word_1_345' title='bbox 682 2678 1274 2739; x_wconf 73' lang='lat' dir='ltr'><strong>propugnatoremque,</strong></span> <span class='ocrx_word' id='word_1_346' title='bbox 1301 2674 1387 2724; x_wconf 86' lang='lat' dir='ltr'><strong>sat</strong></span> <span class='ocrx_word' id='word_1_347' title='bbox 1418 2667 1534 2723; x_wconf 89' lang='lat' dir='ltr'><strong>scio</strong></span> <span class='ocrx_word' id='word_1_348' title='bbox 1585 2682 1778 2722; x_wconf 87' lang='lat' dir='ltr'><strong>curam</strong></span> <span class='ocrx_word' id='word_1_349' title='bbox 1833 2672 2058 2726; x_wconf 90' lang='lat' dir='ltr'><strong>omnino</strong></span> <span class='ocrx_word' id='word_1_350' title='bbox 2101 2680 2152 2726; x_wconf 90' lang='lat' dir='ltr'><strong>te</strong></span> <span class='ocrx_word' id='word_1_351' title='bbox 2191 2681 2599 2740; x_wconf 88' lang='lat' dir='ltr'><strong>suscepturum,</strong></span> <span class='ocrx_word' id='word_1_352' title='bbox 2632 2669 3098 2738; x_wconf 82' lang='lat' dir='ltr'><strong>concordiamque</strong></span> <span class='ocrx_word' id='word_1_353' title='bbox 3175 2675 3235 2724; x_wconf 88' lang='lat' dir='ltr'><strong>et</strong></span> <span class='ocrx_word' id='word_1_354' title='bbox 3287 2667 3573 2739; x_wconf 87' lang='lat' dir='ltr'><strong>quidquid</strong></span> <span class='ocrx_word' id='word_1_355' title='bbox 3646 2680 3763 2722; x_wconf 88' lang='lat' dir='ltr'><strong>con-</strong></span> 
     </span>
    </p>
   </div>
   <div class='ocr_carea' id='block_1_49' title="bbox 467 2761 2777 2836">
    <p class='ocr_par' dir='ltr' id='par_1_49' title="bbox 467 2761 2777 2836">
     <span class='ocr_line' id='line_1_49' title="bbox 467 2761 2777 2836; baseline 0.001 -21"><span class='ocrx_word' id='word_1_356' title='bbox 467 2764 705 2819; x_wconf 80' lang='lat' dir='ltr'><strong>ducibile</strong></span> <span class='ocrx_word' id='word_1_357' title='bbox 732 2762 869 2830; x_wconf 84' lang='lat' dir='ltr'><strong>ipsis</strong></span> <span class='ocrx_word' id='word_1_358' title='bbox 895 2770 1003 2827; x_wconf 89' lang='lat' dir='ltr'><strong>est,</strong></span> <span class='ocrx_word' id='word_1_359' title='bbox 1042 2761 1348 2829; x_wconf 67' lang='lat' dir='ltr'><strong>animaque</strong></span> <span class='ocrx_word' id='word_1_360' title='bbox 1377 2761 1650 2832; x_wconf 85' lang='lat' dir='ltr'><strong>imprimis</strong></span> <span class='ocrx_word' id='word_1_361' title='bbox 1674 2763 1908 2819; x_wconf 88' lang='lat' dir='ltr'><strong>salutem</strong></span> <span class='ocrx_word' id='word_1_362' title='bbox 1933 2775 2244 2834; x_wconf 87' lang='lat' dir='ltr'><strong>promovet,</strong></span> <span class='ocrx_word' id='word_1_363' title='bbox 2281 2765 2777 2836; x_wconf 85' lang='lat' dir='ltr'><strong>suppeditatnrum.</strong></span> 
     </span>
    </p>
   </div>
   <div class='ocr_carea' id='block_1_50' title="bbox 535 2849 2057 2931">
    <p class='ocr_par' dir='ltr' id='par_1_50' title="bbox 535 2857 2057 2928">
     <span class='ocr_line' id='line_1_50' title="bbox 535 2857 2057 2928; baseline -0.001 -12"><span class='ocrx_word' id='word_1_364' title='bbox 535 2857 822 2916; x_wconf 76' lang='lat' dir='ltr'><strong>CXXXIV.</strong></span> <span class='ocrx_word' id='word_1_365' title='bbox 857 2858 926 2911; x_wconf 86' lang='lat' dir='ltr'><strong>At</strong></span> <span class='ocrx_word' id='word_1_366' title='bbox 942 2857 1229 2927; x_wconf 76' lang='lat' dir='ltr'><strong>mihi,prae</strong></span> <span class='ocrx_word' id='word_1_367' title='bbox 1250 2857 1377 2912; x_wconf 87' lang='lat' dir='ltr'><strong>aliis</strong></span> <span class='ocrx_word' id='word_1_368' title='bbox 1398 2857 1659 2912; x_wconf 89' lang='lat' dir='ltr'><strong>omnibus</strong></span> <span class='ocrx_word' id='word_1_369' title='bbox 1678 2869 1731 2913; x_wconf 90' lang='lat' dir='ltr'><strong>te</strong></span> <span class='ocrx_word' id='word_1_370' title='bbox 1750 2867 1806 2913; x_wconf 86' lang='lat' dir='ltr'><strong>et</strong></span> <span class='ocrx_word' id='word_1_371' title='bbox 1836 2868 1925 2914; x_wconf 85' lang='lat' dir='ltr'><strong>tua</strong></span> <span class='ocrx_word' id='word_1_372' title='bbox 1952 2859 2057 2928; x_wconf 85' lang='lat' dir='ltr'><strong>spi-</strong></span> 
     </span>
    </p>
   </div>
   <div class='ocr_carea' id='block_1_51' title="bbox 2165 2849 3759 2931">
    <p class='ocr_par' dir='ltr' id='par_1_51' title="bbox 2237 2849 3759 2931">
     <span class='ocr_line' id='line_1_51' title="bbox 2237 2849 3759 2931; baseline -0.008 -14"><span class='ocrx_word' id='word_1_373' title='bbox 2237 2862 2407 2917; x_wconf 82' lang='lat' dir='ltr'><strong>PAA&#39;.</strong></span> <span class='ocrx_word' id='word_1_374' title='bbox 2441 2861 2597 2931; x_wconf 76' lang='grc' dir='ltr'>Ἐμοὶ</span> <span class='ocrx_word' id='word_1_375' title='bbox 2625 2859 2672 2913; x_wconf 87' lang='grc' dir='ltr'>δ’</span> <span class='ocrx_word' id='word_1_376' title='bbox 2699 2858 2841 2928; x_wconf 80' lang='grc' dir='ltr'>ὑπὲρ</span> <span class='ocrx_word' id='word_1_377' title='bbox 2873 2856 3084 2921; x_wconf 80' lang='grc' dir='ltr'>πάντας</span> <span class='ocrx_word' id='word_1_378' title='bbox 3113 2855 3182 2910; x_wconf 81' lang='grc' dir='ltr'>τὰ</span> <span class='ocrx_word' id='word_1_379' title='bbox 3207 2856 3282 2910; x_wconf 84' lang='grc' dir='ltr'>σὰ</span> <span class='ocrx_word' id='word_1_380' title='bbox 3310 2857 3415 2911; x_wconf 68' lang='grc' dir='ltr'><strong>καὶ</strong></span> <span class='ocrx_word' id='word_1_381' title='bbox 3436 2854 3652 2910; x_wconf 81' lang='grc' dir='ltr'>πνέοντι</span> <span class='ocrx_word' id='word_1_382' title='bbox 3675 2849 3759 2906; x_wconf 71' lang='grc' dir='ltr'><strong>καὶ</strong></span> 
     </span>
    </p>
   </div>
   <div class='ocr_carea' id='block_1_52' title="bbox 467 2948 2057 3023">
    <p class='ocr_par' dir='ltr' id='par_1_52' title="bbox 467 2948 2054 3020">
     <span class='ocr_line' id='line_1_52' title="bbox 467 2948 2054 3020; baseline -0.001 -13"><span class='ocrx_word' id='word_1_383' title='bbox 467 2951 1020 3018; x_wconf 71' lang='lat' dir='ltr'><strong>ranti,laudibusque</strong></span> <span class='ocrx_word' id='word_1_384' title='bbox 1050 2948 1345 3013; x_wconf 78' lang='lat' dir='ltr'><strong>ferenti,et</strong></span> <span class='ocrx_word' id='word_1_385' title='bbox 1367 2951 1466 3004; x_wconf 88' lang='lat' dir='ltr'><strong>abs</strong></span> <span class='ocrx_word' id='word_1_386' title='bbox 1491 2961 1547 3004; x_wconf 88' lang='lat' dir='ltr'><strong>te</strong></span> <span class='ocrx_word' id='word_1_387' title='bbox 1580 2964 1688 3003; x_wconf 92' lang='lat' dir='ltr'><strong>uno</strong></span> <span class='ocrx_word' id='word_1_388' title='bbox 1720 2964 1846 3020; x_wconf 82' lang='lat' dir='ltr'><strong>post</strong></span> <span class='ocrx_word' id='word_1_389' title='bbox 1884 2952 2054 3007; x_wconf 80' lang='lat' dir='ltr'><strong>Deum</strong></span> 
     </span>
    </p>
   </div>
   <div class='ocr_carea' id='block_1_53' title="bbox 2165 2948 3758 3023">
    <p class='ocr_par' dir='ltr' id='par_1_53' title="bbox 2165 2948 3758 3023">
     <span class='ocr_line' id='line_1_53' title="bbox 2165 2948 3758 3023; baseline -0.005 -14"><span class='ocrx_word' id='word_1_390' title='bbox 2165 2954 2531 3023; x_wconf 74' lang='grc' dir='ltr'>θαυμάζοντι,</span> <span class='ocrx_word' id='word_1_391' title='bbox 2559 2952 2655 3006; x_wconf 75' lang='grc' dir='ltr'><strong>καὶ</strong></span> <span class='ocrx_word' id='word_1_392' title='bbox 2680 2951 2775 3006; x_wconf 85' lang='grc' dir='ltr'><strong>σοῦ</strong></span> <span class='ocrx_word' id='word_1_393' title='bbox 2812 2952 2978 3021; x_wconf 75' lang='grc' dir='ltr'>μόνου</span> <span class='ocrx_word' id='word_1_394' title='bbox 3010 2948 3149 3017; x_wconf 84' lang='grc' dir='ltr'>μετὰ</span> <span class='ocrx_word' id='word_1_395' title='bbox 3188 2948 3337 3002; x_wconf 74' lang='grc' dir='ltr'>Θεὸν</span> <span class='ocrx_word' id='word_1_396' title='bbox 3365 2951 3439 3003; x_wconf 74' lang='grc' dir='ltr'>τὰ</span> <span class='ocrx_word' id='word_1_397' title='bbox 3466 2950 3571 3018; x_wconf 80' lang='grc' dir='ltr'>τῆς</span> <span class='ocrx_word' id='word_1_398' title='bbox 3593 2963 3758 3016; x_wconf 83' lang='grc' dir='ltr'>σωτη-</span> 
     </span>
    </p>
   </div>
   <div class='ocr_carea' id='block_1_54' title="bbox 468 3037 2057 3121">
    <p class='ocr_par' dir='ltr' id='par_1_54' title="bbox 468 3040 2052 3112">
     <span class='ocr_line' id='line_1_54' title="bbox 468 3040 2052 3112; baseline -0.001 -13"><span class='ocrx_word' id='word_1_399' title='bbox 468 3044 875 3107; x_wconf 87' lang='lat' dir='ltr'><strong>lmmortalem,</strong></span> <span class='ocrx_word' id='word_1_400' title='bbox 921 3042 1117 3097; x_wconf 88' lang='lat' dir='ltr'><strong>salutis</strong></span> <span class='ocrx_word' id='word_1_401' title='bbox 1151 3056 1279 3097; x_wconf 86' lang='lat' dir='ltr'><strong>oras</strong></span> <span class='ocrx_word' id='word_1_402' title='bbox 1341 3040 1614 3111; x_wconf 78' lang='lat' dir='ltr'><strong>funesque</strong></span> <span class='ocrx_word' id='word_1_403' title='bbox 1670 3042 1949 3112; x_wconf 81' lang='lat' dir='ltr'><strong>religanti,</strong></span> <span class='ocrx_word' id='word_1_404' title='bbox 1995 3053 2052 3099; x_wconf 90' lang='lat' dir='ltr'><strong>et</strong></span> 
     </span>
    </p>
   </div>
   <div class='ocr_carea' id='block_1_55' title="bbox 2165 3037 3757 3121">
    <p class='ocr_par' dir='ltr' id='par_1_55' title="bbox 2165 3037 3757 3121">
     <span class='ocr_line' id='line_1_55' title="bbox 2165 3037 3757 3121; baseline -0.008 -18"><span class='ocrx_word' id='word_1_405' title='bbox 2165 3050 2289 3121; x_wconf 84' lang='grc' dir='ltr'>ρίας</span> <span class='ocrx_word' id='word_1_406' title='bbox 2312 3048 2604 3113; x_wconf 77' lang='grc' dir='ltr'>ὲξάπτοντι</span> <span class='ocrx_word' id='word_1_407' title='bbox 2636 3046 2940 3116; x_wconf 83' lang='grc' dir='ltr'>πείσματα,</span> <span class='ocrx_word' id='word_1_408' title='bbox 2973 3038 3050 3098; x_wconf 77' lang='grc' dir='ltr'><strong>ὧν</strong></span> <span class='ocrx_word' id='word_1_409' title='bbox 3078 3056 3139 3097; x_wconf 87' lang='grc' dir='ltr'><strong>τε</strong></span> <span class='ocrx_word' id='word_1_410' title='bbox 3163 3042 3436 3115; x_wconf 74' lang='grc' dir='ltr'>ἥμαρτον</span> <span class='ocrx_word' id='word_1_411' title='bbox 3465 3041 3644 3106; x_wconf 81' lang='grc' dir='ltr'>λύσιν,</span> <span class='ocrx_word' id='word_1_412' title='bbox 3674 3037 3757 3093; x_wconf 76' lang='grc' dir='ltr'>καὶ</span> 
     </span>
    </p>
   </div>
   <div class='ocr_carea' id='block_1_56' title="bbox 467 3130 2057 3211">
    <p class='ocr_par' dir='ltr' id='par_1_56' title="bbox 467 3132 2053 3203">
     <span class='ocr_line' id='line_1_56' title="bbox 467 3132 2053 3203; baseline 0.001 -14"><span class='ocrx_word' id='word_1_413' title='bbox 467 3150 656 3189; x_wconf 90' lang='lat' dir='ltr'><strong>eorum</strong></span> <span class='ocrx_word' id='word_1_414' title='bbox 690 3136 743 3188; x_wconf 92' lang='lat' dir='ltr'><strong>in</strong></span> <span class='ocrx_word' id='word_1_415' title='bbox 798 3133 1001 3203; x_wconf 86' lang='lat' dir='ltr'><strong>quibus</strong></span> <span class='ocrx_word' id='word_1_416' title='bbox 1034 3132 1262 3202; x_wconf 88' lang='lat' dir='ltr'><strong>deliqui,</strong></span> <span class='ocrx_word' id='word_1_417' title='bbox 1302 3134 1539 3197; x_wconf 78' lang='lat' dir='ltr'><strong>veniam,</strong></span> <span class='ocrx_word' id='word_1_418' title='bbox 1594 3142 1650 3189; x_wconf 89' lang='lat' dir='ltr'><strong>et</strong></span> <span class='ocrx_word' id='word_1_419' title='bbox 1708 3149 1830 3203; x_wconf 78' lang='lat' dir='ltr'><strong>quae</strong></span> <span class='ocrx_word' id='word_1_420' title='bbox 1858 3136 1909 3190; x_wconf 91' lang='lat' dir='ltr'><strong>in</strong></span> <span class='ocrx_word' id='word_1_421' title='bbox 1950 3136 2053 3191; x_wconf 87' lang='lat' dir='ltr'><strong>hoc</strong></span> 
     </span>
    </p>
   </div>
   <div class='ocr_carea' id='block_1_57' title="bbox 2165 3130 3753 3211">
    <p class='ocr_par' dir='ltr' id='par_1_57' title="bbox 2165 3130 3753 3211">
     <span class='ocr_line' id='line_1_57' title="bbox 2165 3130 3753 3211; baseline -0.007 -16"><span class='ocrx_word' id='word_1_422' title='bbox 2165 3141 2323 3196; x_wconf 81' lang='grc' dir='ltr'>πάνθ’</span> <span class='ocrx_word' id='word_1_423' title='bbox 2351 3139 2387 3194; x_wconf 74' lang='grc' dir='ltr'><strong>ἃ</strong></span> <span class='ocrx_word' id='word_1_424' title='bbox 2414 3139 2697 3211; x_wconf 80' lang='grc' dir='ltr'>προσῆκεν</span> <span class='ocrx_word' id='word_1_425' title='bbox 2752 3139 2850 3191; x_wconf 62' lang='grc' dir='ltr'><strong>ἐπὶ</strong></span> <span class='ocrx_word' id='word_1_426' title='bbox 2884 3136 2980 3190; x_wconf 88' lang='grc' dir='ltr'><strong>τοῦ</strong></span> <span class='ocrx_word' id='word_1_427' title='bbox 3025 3136 3305 3207; x_wconf 80' lang='grc' dir='ltr'>παρόντος</span> <span class='ocrx_word' id='word_1_428' title='bbox 3372 3130 3753 3207; x_wconf 80' lang='grc' dir='ltr'>παρεσχηκὼς,</span> 
     </span>
    </p>
   </div>
   <div class='ocr_carea' id='block_1_58' title="bbox 465 3225 2057 3301">
    <p class='ocr_par' dir='ltr' id='par_1_58' title="bbox 465 3225 2042 3297">
     <span class='ocr_line' id='line_1_58' title="bbox 465 3225 2042 3297; baseline 0.003 -17"><span class='ocrx_word' id='word_1_429' title='bbox 465 3229 594 3284; x_wconf 67' lang='lat' dir='ltr'><strong>vita:</strong></span> <span class='ocrx_word' id='word_1_430' title='bbox 622 3227 899 3283; x_wconf 87' lang='lat' dir='ltr'><strong>curriculo</strong></span> <span class='ocrx_word' id='word_1_431' title='bbox 929 3234 1235 3295; x_wconf 75' lang='lat' dir='ltr'><strong>‘opportuna</strong></span> <span class='ocrx_word' id='word_1_432' title='bbox 1268 3225 1421 3282; x_wconf 77' lang='lat' dir='ltr'><strong>fuere</strong></span> <span class='ocrx_word' id='word_1_433' title='bbox 1455 3230 1663 3292; x_wconf 84' lang='lat' dir='ltr'><strong>omnia,</strong></span> <span class='ocrx_word' id='word_1_434' title='bbox 1702 3226 1952 3297; x_wconf 77' lang='lat' dir='ltr'><strong>largitus:</strong></span> <span class='ocrx_word' id='word_1_435' title='bbox 1987 3240 2042 3284; x_wconf 91' lang='lat' dir='ltr'><strong>et</strong></span> 
     </span>
    </p>
   </div>
   <div class='ocr_carea' id='block_1_59' title="bbox 2165 3225 3757 3301">
    <p class='ocr_par' dir='ltr' id='par_1_59' title="bbox 2166 3227 3757 3301">
     <span class='ocr_line' id='line_1_59' title="bbox 2166 3227 3757 3301; baseline -0.009 -11"><span class='ocrx_word' id='word_1_436' title='bbox 2166 3236 2261 3290; x_wconf 77' lang='grc' dir='ltr'>καὶ</span> <span class='ocrx_word' id='word_1_437' title='bbox 2291 3234 2391 3298; x_wconf 78' lang='grc' dir='ltr'>τὰς</span> <span class='ocrx_word' id='word_1_438' title='bbox 2420 3235 2515 3287; x_wconf 71' lang='grc' dir='ltr'><strong>ἐπὶ</strong></span> <span class='ocrx_word' id='word_1_439' title='bbox 2552 3233 2637 3286; x_wconf 78' lang='grc' dir='ltr'>σοὶ</span> <span class='ocrx_word' id='word_1_440' title='bbox 2662 3231 2864 3293; x_wconf 84' lang='grc' dir='ltr'>πολλὰς</span> <span class='ocrx_word' id='word_1_441' title='bbox 2891 3230 2986 3285; x_wconf 75' lang='grc' dir='ltr'><strong>καὶ</strong></span> <span class='ocrx_word' id='word_1_442' title='bbox 3015 3228 3265 3300; x_wconf 81' lang='grc' dir='ltr'>μεγάλας</span> <span class='ocrx_word' id='word_1_443' title='bbox 3288 3229 3369 3301; x_wconf 83' lang='grc' dir='ltr'><strong>μὴ</strong></span> <span class='ocrx_word' id='word_1_444' title='bbox 3401 3227 3757 3297; x_wconf 82' lang='grc' dir='ltr'>καταισχύνας</span> 
     </span>
    </p>
   </div>
   <div class='ocr_carea' id='block_1_60' title="bbox 466 3319 2057 3393">
    <p class='ocr_par' dir='ltr' id='par_1_60' title="bbox 466 3319 2050 3390">
     <span class='ocr_line' id='line_1_60' title="bbox 466 3319 2050 3390; baseline 0.002 -17"><span class='ocrx_word' id='word_1_445' title='bbox 466 3335 604 3387; x_wconf 87' lang='lat' dir='ltr'><strong>quas</strong></span> <span class='ocrx_word' id='word_1_446' title='bbox 637 3322 769 3374; x_wconf 89' lang='lat' dir='ltr'><strong>inte</strong></span> <span class='ocrx_word' id='word_1_447' title='bbox 817 3319 1019 3375; x_wconf 89' lang='lat' dir='ltr'><strong>multas</strong></span> <span class='ocrx_word' id='word_1_448' title='bbox 1064 3332 1399 3388; x_wconf 80' lang='lat' dir='ltr'><strong>magnasque</strong></span> <span class='ocrx_word' id='word_1_449' title='bbox 1452 3320 1849 3374; x_wconf 85' lang='lat' dir='ltr'><strong>collocaveram</strong></span> <span class='ocrx_word' id='word_1_450' title='bbox 1899 3334 2050 3390; x_wconf 84' lang='lat' dir='ltr'><strong>spes,</strong></span> 
     </span>
    </p>
   </div>
   <div class='ocr_carea' id='block_1_61' title="bbox 2165 3319 3756 3393">
    <p class='ocr_par' dir='ltr' id='par_1_61' title="bbox 2167 3321 3756 3393">
     <span class='ocr_line' id='line_1_61' title="bbox 2167 3321 3756 3393; baseline -0.008 -12"><span class='ocrx_word' id='word_1_451' title='bbox 2167 3328 2412 3393; x_wconf 78' lang='grc' dir='ltr'>ἐλπίδας,</span> <span class='ocrx_word' id='word_1_452' title='bbox 2434 3329 2498 3381; x_wconf 83' lang='grc' dir='ltr'><strong>σὺ</strong></span> <span class='ocrx_word' id='word_1_453' title='bbox 2524 3325 2582 3378; x_wconf 69' lang='grc' dir='ltr'>δὲ</span> <span class='ocrx_word' id='word_1_454' title='bbox 2611 3326 2707 3379; x_wconf 76' lang='grc' dir='ltr'><strong>καὶ</strong></span> <span class='ocrx_word' id='word_1_455' title='bbox 2737 3325 2850 3379; x_wconf 85' lang='grc' dir='ltr'><strong>τῶν</strong></span> <span class='ocrx_word' id='word_1_456' title='bbox 2890 3323 3167 3393; x_wconf 81' lang='grc' dir='ltr'>Ὀλύμπου</span> <span class='ocrx_word' id='word_1_457' title='bbox 3197 3321 3564 3393; x_wconf 81' lang='grc' dir='ltr'>πραγμάτων</span> <span class='ocrx_word' id='word_1_458' title='bbox 3578 3332 3756 3371; x_wconf 80' lang='grc' dir='ltr'>κοινω·</span> 
     </span>
    </p>
   </div>
   <div class='ocr_carea' id='block_1_62' title="bbox 470 3405 2057 3490">
    <p class='ocr_par' dir='ltr' id='par_1_62' title="bbox 470 3411 2049 3483">
     <span class='ocr_line' id='line_1_62' title="bbox 470 3411 2049 3483; baseline -0.002 -15"><span class='ocrx_word' id='word_1_459' title='bbox 470 3415 896 3483; x_wconf 87' lang='lat' dir='ltr'><strong>haudquaquam</strong></span> <span class='ocrx_word' id='word_1_460' title='bbox 932 3412 1257 3474; x_wconf 80' lang='lat' dir='ltr'><strong>frustratus,</strong></span> <span class='ocrx_word' id='word_1_461' title='bbox 1287 3411 1432 3466; x_wconf 89' lang='lat' dir='ltr'><strong>idem</strong></span> <span class='ocrx_word' id='word_1_462' title='bbox 1461 3426 1594 3467; x_wconf 88' lang='lat' dir='ltr'><strong>vero</strong></span> <span class='ocrx_word' id='word_1_463' title='bbox 1643 3411 1809 3467; x_wconf 88' lang='lat' dir='ltr'><strong>etiam</strong></span> <span class='ocrx_word' id='word_1_464' title='bbox 1857 3422 2049 3481; x_wconf 86' lang='lat' dir='ltr'><strong>postea</strong></span> 
     </span>
    </p>
   </div>
   <div class='ocr_carea' id='block_1_63' title="bbox 2165 3405 3754 3490">
    <p class='ocr_par' dir='ltr' id='par_1_63' title="bbox 2165 3405 3754 3490">
     <span class='ocr_line' id='line_1_63' title="bbox 2165 3405 3754 3490; baseline -0.012 -12"><span class='ocrx_word' id='word_1_465' title='bbox 2165 3424 2244 3478; x_wconf 66' lang='grc' dir='ltr'>νὺν</span> <span class='ocrx_word' id='word_1_466' title='bbox 2295 3421 2487 3475; x_wconf 69' lang='grc' dir='ltr'>ἔπειτα</span> <span class='ocrx_word' id='word_1_467' title='bbox 2531 3418 2757 3485; x_wconf 79' lang='grc' dir='ltr'>δείξαις,</span> <span class='ocrx_word' id='word_1_468' title='bbox 2813 3419 2873 3470; x_wconf 69' lang='grc' dir='ltr'>ὲν</span> <span class='ocrx_word' id='word_1_469' title='bbox 2923 3414 3146 3490; x_wconf 81' lang='grc' dir='ltr'>Χριστῷ</span> <span class='ocrx_word' id='word_1_470' title='bbox 3199 3411 3394 3486; x_wconf 83' lang='grc' dir='ltr'>Ἰησοῦ</span> <span class='ocrx_word' id='word_1_471' title='bbox 3447 3411 3527 3483; x_wconf 81' lang='grc' dir='ltr'>τῷ</span> <span class='ocrx_word' id='word_1_472' title='bbox 3576 3405 3754 3479; x_wconf 83' lang='grc' dir='ltr'>Κυρίῳ</span> 
     </span>
    </p>
   </div>
   <div class='ocr_carea' id='block_1_64' title="bbox 465 3506 2057 3588">
    <p class='ocr_par' dir='ltr' id='par_1_64' title="bbox 465 3507 2047 3567">
     <span class='ocr_line' id='line_1_64' title="bbox 465 3507 2047 3567; baseline -0.003 -1"><span class='ocrx_word' id='word_1_473' title='bbox 465 3511 775 3567; x_wconf 79' lang='lat' dir='ltr'><strong>ctelestium</strong></span> <span class='ocrx_word' id='word_1_474' title='bbox 820 3524 1007 3565; x_wconf 87' lang='lat' dir='ltr'><strong>rerum</strong></span> <span class='ocrx_word' id='word_1_475' title='bbox 1066 3518 1383 3565; x_wconf 82' lang='lat' dir='ltr'><strong>consortem</strong></span> <span class='ocrx_word' id='word_1_476' title='bbox 1431 3508 1485 3562; x_wconf 93' lang='lat' dir='ltr'><strong>in</strong></span> <span class='ocrx_word' id='word_1_477' title='bbox 1531 3507 1756 3564; x_wconf 82' lang='lat' dir='ltr'><strong>Christo</strong></span> <span class='ocrx_word' id='word_1_478' title='bbox 1814 3507 2047 3562; x_wconf 84' lang='lat' dir='ltr'><strong>Domino</strong></span> 
     </span>
    </p>
   </div>
   <div class='ocr_carea' id='block_1_65' title="bbox 2165 3506 3748 3588">
    <p class='ocr_par' dir='ltr' id='par_1_65' title="bbox 2165 3506 3748 3588">
     <span class='ocr_line' id='line_1_65' title="bbox 2165 3506 3748 3588; baseline -0.009 -17"><span class='ocrx_word' id='word_1_479' title='bbox 2165 3516 2334 3588; x_wconf 67' lang='grc' dir='ltr'>ἡμῶν·</span> <span class='ocrx_word' id='word_1_480' title='bbox 2371 3511 2417 3584; x_wconf 80' lang='grc' dir='ltr'><em>ᾧ</em></span> <span class='ocrx_word' id='word_1_481' title='bbox 2444 3514 2648 3586; x_wconf 83' lang='grc' dir='ltr'>πρέπει</span> <span class='ocrx_word' id='word_1_482' title='bbox 2686 3513 2839 3567; x_wconf 78' lang='grc' dir='ltr'>πᾶσα</span> <span class='ocrx_word' id='word_1_483' title='bbox 2868 3512 3017 3580; x_wconf 80' lang='grc' dir='ltr'>δόξα,</span> <span class='ocrx_word' id='word_1_484' title='bbox 3037 3510 3177 3583; x_wconf 80' lang='grc' dir='ltr'>τιμὴ</span> <span class='ocrx_word' id='word_1_485' title='bbox 3210 3512 3316 3564; x_wconf 78' lang='grc' dir='ltr'>καὶ</span> <span class='ocrx_word' id='word_1_486' title='bbox 3367 3506 3748 3581; x_wconf 80' lang='grc' dir='ltr'>προσκύνησις,</span> 
     </span>
    </p>
   </div>
   <div class='ocr_carea' id='block_1_66' title="bbox 466 3594 2057 3679">
    <p class='ocr_par' dir='ltr' id='par_1_66' title="bbox 466 3599 2046 3671">
     <span class='ocr_line' id='line_1_66' title="bbox 466 3599 2046 3671; baseline -0.001 -16"><span class='ocrx_word' id='word_1_487' title='bbox 466 3612 658 3658; x_wconf 73' lang='lat' dir='ltr'><strong>nostro</strong></span> <span class='ocrx_word' id='word_1_488' title='bbox 690 3600 894 3656; x_wconf 77' lang='lat' dir='ltr'><strong>ellicias</strong></span> <span class='ocrx_word' id='word_1_489' title='bbox 932 3615 947 3655; x_wconf 86' lang='lat'><strong>:</strong></span> <span class='ocrx_word' id='word_1_490' title='bbox 988 3601 1075 3656; x_wconf 90' lang='lat' dir='ltr'><strong>cui</strong></span> <span class='ocrx_word' id='word_1_491' title='bbox 1111 3614 1217 3653; x_wconf 87' lang='lat' dir='ltr'><strong>una</strong></span> <span class='ocrx_word' id='word_1_492' title='bbox 1251 3614 1375 3653; x_wconf 89' lang='lat' dir='ltr'><strong>cum</strong></span> <span class='ocrx_word' id='word_1_493' title='bbox 1403 3600 1660 3670; x_wconf 89' lang='lat' dir='ltr'><strong>principii</strong></span> <span class='ocrx_word' id='word_1_494' title='bbox 1708 3609 1764 3654; x_wconf 90' lang='lat' dir='ltr'><strong>et</strong></span> <span class='ocrx_word' id='word_1_495' title='bbox 1816 3599 2046 3671; x_wconf 75' lang='lat' dir='ltr'><strong>originis</strong></span> 
     </span>
    </p>
   </div>
   <div class='ocr_carea' id='block_1_67' title="bbox 2165 3594 3747 3679">
    <p class='ocr_par' dir='ltr' id='par_1_67' title="bbox 2165 3594 3747 3679">
     <span class='ocr_line' id='line_1_67' title="bbox 2165 3594 3747 3679; baseline -0.009 -15"><span class='ocrx_word' id='word_1_496' title='bbox 2165 3611 2254 3664; x_wconf 65' lang='grc' dir='ltr'><strong>σὺν</strong></span> <span class='ocrx_word' id='word_1_497' title='bbox 2275 3609 2354 3679; x_wconf 73' lang='grc' dir='ltr'>τῷ</span> <span class='ocrx_word' id='word_1_498' title='bbox 2380 3609 2608 3679; x_wconf 80' lang='grc' dir='ltr'>ἀνάρχῳ</span> <span class='ocrx_word' id='word_1_499' title='bbox 2644 3604 2811 3661; x_wconf 84' lang='grc' dir='ltr'>αὐτοῦ</span> <span class='ocrx_word' id='word_1_500' title='bbox 2871 3606 3048 3675; x_wconf 65' lang='lat' dir='ltr'><strong>lla-cpi.</strong></span> <span class='ocrx_word' id='word_1_501' title='bbox 3095 3605 3194 3658; x_wconf 71' lang='lat' dir='ltr'><strong>xui.</strong></span> <span class='ocrx_word' id='word_1_502' title='bbox 3221 3604 3311 3675; x_wconf 85' lang='grc' dir='ltr'>τῷ</span> <span class='ocrx_word' id='word_1_503' title='bbox 3361 3599 3617 3672; x_wconf 87' lang='grc' dir='ltr'>παναγίῳ</span> <span class='ocrx_word' id='word_1_504' title='bbox 3664 3594 3747 3650; x_wconf 79' lang='grc' dir='ltr'><strong>καὶ</strong></span> 
     </span>
    </p>
   </div>
   <div class='ocr_carea' id='block_1_68' title="bbox 464 3691 2057 3776">
    <p class='ocr_par' dir='ltr' id='par_1_68' title="bbox 464 3693 2047 3764">
     <span class='ocr_line' id='line_1_68' title="bbox 464 3693 2047 3764; baseline -0.001 -15"><span class='ocrx_word' id='word_1_505' title='bbox 464 3697 644 3751; x_wconf 87' lang='lat' dir='ltr'><strong>omnis</strong></span> <span class='ocrx_word' id='word_1_506' title='bbox 688 3707 937 3764; x_wconf 76' lang='lat' dir='ltr'><strong>experte,</strong></span> <span class='ocrx_word' id='word_1_507' title='bbox 973 3695 1142 3764; x_wconf 85' lang='lat' dir='ltr'><strong>ipsius</strong></span> <span class='ocrx_word' id='word_1_508' title='bbox 1170 3693 1352 3760; x_wconf 85' lang='lat' dir='ltr'><strong>Patre,</strong></span> <span class='ocrx_word' id='word_1_509' title='bbox 1376 3701 1433 3749; x_wconf 85' lang='lat' dir='ltr'><strong>et</strong></span> <span class='ocrx_word' id='word_1_510' title='bbox 1457 3694 1803 3751; x_wconf 82' lang='lat' dir='ltr'><strong>sanctissimo</strong></span> <span class='ocrx_word' id='word_1_511' title='bbox 1822 3702 1878 3749; x_wconf 87' lang='lat' dir='ltr'><strong>et</strong></span> <span class='ocrx_word' id='word_1_512' title='bbox 1902 3697 2047 3750; x_wconf 84' lang='lat' dir='ltr'><strong>bono</strong></span> 
     </span>
    </p>
   </div>
   <div class='ocr_carea' id='block_1_69' title="bbox 2165 3691 3745 3776">
    <p class='ocr_par' dir='ltr' id='par_1_69' title="bbox 2165 3691 3745 3776">
     <span class='ocr_line' id='line_1_69' title="bbox 2165 3691 3745 3776; baseline -0.009 -17"><span class='ocrx_word' id='word_1_513' title='bbox 2165 3704 2344 3776; x_wconf 74' lang='grc' dir='ltr'>ιγαθῷ</span> <span class='ocrx_word' id='word_1_514' title='bbox 2371 3703 2466 3758; x_wconf 75' lang='grc' dir='ltr'>καὶ</span> <span class='ocrx_word' id='word_1_515' title='bbox 2491 3700 2742 3771; x_wconf 80' lang='grc' dir='ltr'>ζωοποιῷ</span> <span class='ocrx_word' id='word_1_516' title='bbox 2776 3701 3056 3771; x_wconf 78' lang='grc' dir='ltr'>Πνεύματι</span> <span class='ocrx_word' id='word_1_517' title='bbox 3084 3718 3101 3734; x_wconf 75' lang='grc' dir='ltr'>σ</span> <span class='ocrx_word' id='word_1_518' title='bbox 3155 3699 3254 3755; x_wconf 91' lang='grc' dir='ltr'><strong>νῦν</strong></span> <span class='ocrx_word' id='word_1_519' title='bbox 3305 3698 3406 3756; x_wconf 80' lang='grc' dir='ltr'>καὶ</span> <span class='ocrx_word' id='word_1_520' title='bbox 3435 3696 3527 3753; x_wconf 81' lang='grc' dir='ltr'><strong>ἀεὶ</strong></span> <span class='ocrx_word' id='word_1_521' title='bbox 3559 3694 3649 3749; x_wconf 75' lang='grc' dir='ltr'>καὶ</span> <span class='ocrx_word' id='word_1_522' title='bbox 3675 3691 3745 3753; x_wconf 80' lang='grc' dir='ltr'><strong>είς</strong></span> 
     </span>
    </p>
   </div>
   <div class='ocr_carea' id='block_1_70' title="bbox 462 3785 2057 3868">
    <p class='ocr_par' dir='ltr' id='par_1_70' title="bbox 462 3785 2055 3859">
     <span class='ocr_line' id='line_1_70' title="bbox 462 3785 2055 3859; baseline 0.001 -17"><span class='ocrx_word' id='word_1_523' title='bbox 462 3787 764 3859; x_wconf 85' lang='lat' dir='ltr'><strong>etviviﬁco</strong></span> <span class='ocrx_word' id='word_1_524' title='bbox 821 3788 1054 3858; x_wconf 90' lang='lat' dir='ltr'><strong>Spiritu,</strong></span> <span class='ocrx_word' id='word_1_525' title='bbox 1087 3788 1249 3842; x_wconf 86' lang='lat' dir='ltr'><strong>decet</strong></span> <span class='ocrx_word' id='word_1_526' title='bbox 1297 3785 1478 3841; x_wconf 87' lang='lat' dir='ltr'><strong>omnis</strong></span> <span class='ocrx_word' id='word_1_527' title='bbox 1528 3785 1727 3856; x_wconf 77' lang='lat' dir='ltr'><strong>gloria,</strong></span> <span class='ocrx_word' id='word_1_528' title='bbox 1781 3786 1959 3842; x_wconf 87' lang='lat' dir='ltr'><strong>bonos</strong></span> <span class='ocrx_word' id='word_1_529' title='bbox 1996 3796 2055 3845; x_wconf 79' lang='lat' dir='ltr'><strong>et</strong></span> 
     </span>
    </p>
   </div>
   <div class='ocr_carea' id='block_1_71' title="bbox 2165 3785 3173 3868">
    <p class='ocr_par' dir='ltr' id='par_1_71' title="bbox 2165 3792 3173 3868">
     <span class='ocr_line' id='line_1_71' title="bbox 2165 3792 3173 3868; baseline -0.005 -15"><span class='ocrx_word' id='word_1_530' title='bbox 2165 3799 2296 3863; x_wconf 84' lang='grc' dir='ltr'>τοὺς</span> <span class='ocrx_word' id='word_1_531' title='bbox 2320 3796 2528 3861; x_wconf 78' lang='grc' dir='ltr'>αξῶνας</span> <span class='ocrx_word' id='word_1_532' title='bbox 2555 3795 2667 3851; x_wconf 85' lang='grc' dir='ltr'>τῶν</span> <span class='ocrx_word' id='word_1_533' title='bbox 2698 3792 2933 3851; x_wconf 69' lang='grc' dir='ltr'>αἰώνων.</span> <span class='ocrx_word' id='word_1_534' title='bbox 2975 3793 3173 3868; x_wconf 76' lang='grc' dir='ltr'>Ἀμήν.</span> 
     </span>
    </p>
   </div>
   <div class='ocr_carea' id='block_1_72' title="bbox 462 3879 2030 3953">
    <p class='ocr_par' dir='ltr' id='par_1_72' title="bbox 462 3879 2030 3953">
     <span class='ocr_line' id='line_1_72' title="bbox 462 3879 2030 3953; baseline 0.003 -19"><span class='ocrx_word' id='word_1_535' title='bbox 462 3883 741 3953; x_wconf 81' lang='lat' dir='ltr'><strong>veneratio</strong></span> <span class='ocrx_word' id='word_1_536' title='bbox 778 3896 921 3937; x_wconf 90' lang='lat' dir='ltr'><strong>nunc</strong></span> <span class='ocrx_word' id='word_1_537' title='bbox 948 3891 1002 3936; x_wconf 87' lang='lat' dir='ltr'><strong>et</strong></span> <span class='ocrx_word' id='word_1_538' title='bbox 1040 3895 1260 3951; x_wconf 86' lang='lat' dir='ltr'><strong>semper</strong></span> <span class='ocrx_word' id='word_1_539' title='bbox 1291 3892 1345 3935; x_wconf 89' lang='lat' dir='ltr'><strong>ct</strong></span> <span class='ocrx_word' id='word_1_540' title='bbox 1377 3880 1433 3934; x_wconf 88' lang='lat' dir='ltr'><strong>in</strong></span> <span class='ocrx_word' id='word_1_541' title='bbox 1471 3879 1671 3935; x_wconf 82' lang='lat' dir='ltr'><strong>saecula</strong></span> <span class='ocrx_word' id='word_1_542' title='bbox 1701 3879 2030 3938; x_wconf 66' lang='lat' dir='ltr'><strong>saeculorum</strong></span> 
     </span>
    </p>
   </div>
   <div class='ocr_carea' id='block_1_73' title="bbox 469 3977 665 4030">
    <p class='ocr_par' dir='ltr' id='par_1_73' title="bbox 469 3977 665 4030">
     <span class='ocr_line' id='line_1_73' title="bbox 469 3977 665 4030; baseline 0.005 -1"><span class='ocrx_word' id='word_1_543' title='bbox 469 3977 665 4030; x_wconf 75' lang='lat' dir='ltr'><strong>Anien.</strong></span> 
     </span>
    </p>
   </div>
  </div>
