4028 6452
525 380 635 444 355

1761 375 2163 440 THEODULI
2203 376 2559 441 MONACHI
3682 394 3768 455 35,
3816 434 3817 437 γ

526 493 783 564 publicas
819 501 1039 559 curant,
1084 500 1139 549 et
1175 500 1465 564 propterea
1492 490 1756 546 damnant
1785 491 1991 555 virum,
2017 491 2103 546 cui

2211 488 2495 558 πεφήνασί
2541 506 2686 553 τινες
2725 484 2805 555 οἷς
2838 489 2947 544 τῶν
2993 491 3190 547 κοινῶν
3222 491 3455 550 ἔλασσον
3487 496 3654 567 μέλει,
3691 506 3771 558 καὶ

526 586 599 643 de
628 586 743 641 suis
768 601 869 656 pro
893 585 1055 640 nobis
1096 583 1370 656 susceptis
1401 583 1682 653 periculis,
1720 592 1779 637 ιιι
1827 584 1945 654 ipse
1967 583 2102 649 scis,

526 678 818 748 oportebat
853 676 1249 748 congratulari,
1284 676 1514 732 obsecro
1556 685 1633 740 te,
1662 676 1990 746 imperator,
2039 691 2109 731 ne

526 771 681 825 illum
709 784 903 826 eorum
932 770 1280 823 sermonibus
1300 767 1627 830 laceratum,
1645 776 1701 822 et
1722 782 1786 822 ea
1823 782 1949 838 qua;
1976 767 2107 823 olim

527 863 584 917 in
616 862 711 916 illo
743 860 1047 930 cognovisti
1088 859 1411 924 dedecores,
1441 868 1497 914 et
1519 859 1980 915 calumniatorum
2009 876 2105 916 ex-

529 953 915 1023 probrationcs
942 953 1062 1020 ejus
1103 953 1316 1007 meritis
1354 951 1614 1007 fortiores
1643 967 1763 1007 esse
1797 952 2105 1022 permittas,

529 1044 625 1098 sed
668 1059 697 1097 a
745 1052 795 1097 te
836 1042 905 1096 de
930 1042 1026 1096 illo
1057 1041 1408 1097 sermonibus
1436 1041 1699 1111 acceptis,
1732 1042 1777 1096 si
1808 1042 2109 1112 deliquisse

532 1134 1004 1205 deprehendatur,
1045 1134 1199 1188 illum
1245 1142 1377 1188 tunc
1419 1134 1779 1204 castigatione
1812 1143 1868 1189 et
1913 1134 2108 1204 exqui-

529 1229 650 1283 sitis
684 1228 973 1297 suppliciis
1002 1227 1245 1294 aﬂicias;
1281 1227 1327 1281 si
1371 1238 1552 1281 autem
1602 1228 1749 1281 omni
1793 1227 1952 1297 culpa
2002 1228 2107 1282 im-

532 1321 736 1384 munis,
781 1331 840 1374 ut
868 1336 969 1389 ego
999 1323 1220 1390 opinor,
1256 1321 1477 1386 evadat,
1511 1320 1563 1374 in
1600 1336 1694 1376 ros
1724 1322 1819 1391 qui
1851 1321 1987 1375 falso
2009 1337 2106 1377 ac-

526 1422 863 1467 ettsaverunt
896 1414 1032 1467 iram
1067 1413 1291 1468 referas.
1327 1414 1459 1479 Qua:
1490 1415 1658 1477 enim,
1701 1416 1744 1467 si
1784 1414 1935 1467 illum
1977 1429 2106 1484 pec-

524 1518 679 1559 casse
722 1508 1122 1573 ‘comperiatur,
1183 1520 1400 1573 aequum
1457 1516 1605 1560 esset
1667 1506 1814 1560 hunc
1870 1507 2103 1575 perpeti,

528 1594 724 1647 iisdem
763 1594 903 1649 allici
939 1595 1145 1649 debent
1174 1595 1274 1654 illi.
1311 1607 1600 1666 postquam
1651 1597 1948 1667 deliquisse
1977 1614 2109 1654 con-

528 1684 717 1751 stabit,
767 1687 1004 1755 primum
1057 1703 1125 1741 ne
1167 1688 1292 1742 talia
1329 1689 1529 1742 iterum
1569 1690 1889 1753 moliantur,
1919 1702 2106 1760 postea

527 1776 656 1845 quia
690 1778 1217 1846 periculosissimum
1247 1787 1333 1835 est
1372 1796 1472 1836 nos
1513 1781 1693 1837 sinere
1745 1784 2106 1852 perversissi-

2211 579 2301 633 διὰ
2351 581 2512 634 τοῦτο
2562 583 2842 648 κρίνουσιν
2875 582 3187 653 ἄνθρωπον,
3226 578 3270 653 ᾧ
3320 585 3436 640 τῶν
3470 588 3609 661 ὑπὲρ
3632 594 3771 663 ἡμῶν

2210 670 2505 736 κινδύνων,
2564 672 2639 735 ὡς
2693 673 2854 737 αὐτὸς
2911 673 3103 741 οἶσθα,
3172 676 3443 744 μάλιστα
3477 683 3773 751 συγχαίρειν

2210 762 2402 834 ἐχρῆν,
2433 764 2625 834 δέομαί
2653 782 2770 832 σου,
2799 765 3046 834 βασιλεῦ,
3068 767 3167 838 μὴ,
3195 770 3650 840 συναρπασθέντα
3676 778 3774 839 τοῖς

2208 855 2414 909 τούτων
2467 855 2668 925 λόγοις,
2701 857 2792 912 τὸν
2828 859 2926 928 μὲν
2975 862 3070 913 καὶ
3099 861 3133 914 ά
3174 862 3346 916 πάλαι
3399 863 3580 936 τούτῳ
3614 867 3773 920 stiva:-

2208 946 2304 1011 δας
2345 948 2635 1018 ἀτιμάσαι,
2668 950 2767 1011 τὰς
2800 950 2856 1004 δὲ
2888 950 2997 1003 τῶν
3031 953 3392 1022 συκοφαντῶν
3440 953 3772 1027 βλασφημίας

2213 1039 2574 1110 ἰσχυροτέρας
2623 1042 2843 1113 νομίσαι
2877 1043 2988 1096 τῶν
3041 1047 3100 1098 ἐν
3144 1046 3359 1113 τούτοις
3392 1049 3640 1114 δικαίων,
3671 1051 3770 1104 ἀλλ’

2207 1132 2385 1202 ἡσυχῆ
2425 1136 2521 1188 καὶ
2548 1135 2675 1198 τοὺς
2711 1136 2865 1205 παρὰ
2896 1136 3089 1192 τούτου
3138 1140 3442 1211 δεξάμενον
3476 1141 3685 1210 λόγους,
3713 1144 3769 1195 ἂν

2214 1224 2313 1294 μὲν
2351 1225 2555 1279 ἀδικῶν
2603 1228 2860 1299 ἐλεγχθῇ,
2888 1230 3008 1284 τότε
3060 1232 3316 1297 κολάζειν
3359 1235 3454 1287 καὶ
3494 1235 3659 1306 τιμᾷν
3684 1235 3769 1288 αὖ·

2208 1314 2286 1383 τῷ
2351 1316 2460 1368 τῶν
2517 1317 2783 1385 ἐσχάτων,
2830 1319 2897 1371 ἂν
2954 1320 2999 1372 δ’
3064 1321 3167 1386 ἔξω
3223 1323 3409 1393 πάσης
3471 1324 3668 1387 αἰτίας,
3708 1324 3772 1384 ὡς

2209 1399 2451 1474 ἐγῷμαι,
2493 1408 2753 1478 φανῆται,
2811 1410 2905 1462 ἐπὶ
2946 1412 3074 1476 τοὺς
3130 1412 3651 1483 καταψευσαμένους
3696 1413 3774 1484 δή·

2210 1496 2412 1550 πουθεν
2467 1498 2566 1567 τὴν
2623 1498 2795 1569 ὀργὴν
2845 1500 3116 1568 ἐνεγκεῖν.
3156 1504 3222 1553 "A
3254 1502 3365 1570 γὰρ
3410 1501 3498 1566 ἂν,
3542 1496 3689 1565 οὗτος
3729 1504 3771 1554 εἰ

2211 1589 2553 1659 πλημμελῶν
2602 1591 2884 1662 ἐφωράθη,
2919 1592 3131 1646 δίκαιον
3173 1588 3244 1663 ἦν
3290 1592 3619 1663 ὑποστῆναι,
3664 1592 3772 1646 τού-

2209 1697 2323 1743 τοις
2357 1682 2553 1743 αὐτοὺς
2587 1681 2859 1753 ἡλωκέναι
2896 1681 3236 1753 πλημμελεῖν
3274 1682 3647 1755 φωραθέντας,
3679 1682 3771 1751 μά-

2213 1773 2371 1827 λιστα
2406 1774 2506 1844 μὲν
2555 1775 2639 1828 ἵνα
2677 1776 2752 1846 μὴ
2785 1777 2898 1839 τοῖς
2931 1777 3137 1846 ὁμοίοις
3172 1778 3576 1848 ἐγχειρήσωσιν
3613 1772 3770 1838 αὖθις,

526 1883 648 1923 mos
702 1868 953 1924 homines
1002 1881 1198 1925 natura
1245 1871 1346 1938 uti,
1398 1887 1522 1926 cmn
1579 1873 1786 1931 scinuts
1845 1890 1942 1929 eos
1994 1889 2103 1929 non

2210 1864 2380 1918 ἔπειθ’
2408 1866 2490 1921 ὅτι
2534 1868 2629 1920 καὶ
2681 1867 2964 1921 πάνδεινόν
2992 1871 3143 1923 ἐστιν
3171 1870 3220 1922 εἰ
3253 1866 3767 1940 τοῖς”πονηροτὰτοις

524 1960 664 2015 dura
735 1976 998 2032 passuros
1026 1979 1170 2030 esse,
1242 1963 1287 2018 si
1334 1964 1541 2020 millies
1579 1964 1839 2021 fefellisse
1873 1966 2107 2021 convin-

524 2064 741 2109 cantur.

602 2232 846 2289 Fortasse
876 2233 1095 2303 quidem
1123 2234 1450 2305 quibusdam
1490 2236 1729 2293 absurde
1765 2238 1943 2295 facere
2006 2241 2098 2296 vi-

523 2324 699 2378 debor
728 2326 799 2389 si,
833 2341 958 2381 cum
994 2326 1097 2382 sim
1132 2328 1310 2382 exsuli
1346 2345 1547 2398 genere
1579 2334 1928 2402 conjunctus,
1962 2344 2102 2389 atta—

523 2432 651 2471 men
719 2431 822 2488 pro
858 2419 978 2488 ipso
1021 2420 1186 2474 verba
1237 2419 1478 2475 faciam:
1514 2423 1913 2480 existimabunt
1953 2427 2101 2481 enim

524 2512 671 2581 quod
709 2527 817 2566 non
842 2523 1071 2584 propter
1095 2514 1364 2583 justitiam
1394 2531 1494 2570 nec
1524 2524 1582 2569 ut
1615 2531 1701 2571 res
1725 2534 1862 2588 quas
1882 2528 2103 2589 oportet

526 2612 704 2667 tuear,
733 2607 828 2661 sed
861 2616 1078 2663 natura:
1114 2608 1380 2664 instinctu
1415 2614 1778 2679 surrexerim,
1833 2614 1910 2668 nil
1958 2616 2101 2685 :equi

522 2697 736 2757 habens
768 2701 977 2765 dicere,
1006 2704 1100 2757 sed
1124 2704 1420 2759 verborum
1455 2708 1653 2761 astutia
1678 2716 1732 2763 et
1754 2709 1985 2764 occultis
2017 2726 2105 2764 ar-

434 2814 441 2823 -
524 2791 674 2846 tibus
711 2795 947 2848 maxime
979 2780 1242 2850 confisus.
1292 2797 1405 2868 Ego
1447 2798 1669 2867 quidem
1707 2799 1760 2853 in
1806 2801 1909 2856 hoc
1942 2802 2102 2871 plane

521 2884 821 2942 dissentire
875 2887 1092 2944 fateor:
1133 2898 1344 2943 tantum
1389 2891 1548 2946 abest
1599 2901 1658 2945 ut
1705 2903 1997 2964 propterea
2033 2896 2104 2950 ti-

524 2976 724 3044 mea'm,
771 2987 832 3032 ut
880 2979 1052 3049 ipsius
1100 2996 1267 3037 causa
1298 2982 1654 3054 longinquam
1687 2986 2098 3056 navigationem

522 3071 861 3140 susceperim
914 3081 969 3127 ct
1018 3074 1184 3129 maris
1222 3075 1548 3144 pertulerim
1600 3077 1929 3140 molestias,
1989 3095 2098 3133 non

2215 1957 2359 2012 οὕτω
2409 1959 2461 2027 γ’
2492 1960 2558 2013 ἂν
2605 1960 2843 2031 χρῆσθαι
2876 1964 2942 2033 τῇ
2978 1961 3139 2030 φύσει
3182 1961 3456 2032 δώσομεν,
3484 1960 3683 2023 εἰδότας
3707 1958 3770 2018 ὼς

2213 2051 2276 2103 οὐ
2326 2050 2608 2104 πείσονται
2661 2053 2868 2117 κακῶς,
2901 2053 2966 2107 ἂν
3017 2053 3278 2126 μυριάκις
3330 2052 3630 2125 ἐλεγχθῶσι
3662 2051 3771 2122 ψευ-

2216 2141 2460 2207 σθέντες.

2290 2235 2450 2298 Ἴσως
2505 2234 2607 2305 μὲν
2651 2230 2746 2289 οῦν
2788 2237 2992 2291 ἄτοπόν
3039 2255 3148 2292 τισι
3202 2238 3342 2303 δόξω
3392 2240 3592 2304 ποιεῖν,
3621 2240 3665 2293 εἰ
3704 2237 3767 2305 τῷ

2214 2323 2478 2392 φεύγοντι
2513 2324 2656 2378 κατὰ
2701 2325 2858 2393 γένος
2906 2329 3222 2399 προσήκων,
3250 2328 3430 2382 ἔπειθ’
3460 2329 3598 2399 ὑπὲρ
3626 2326 3767 2380 αὑτοῦ

2210 2414 2431 2487 χρῶμαι
2469 2417 2584 2479 τοῖς
2622 2416 2802 2484 λόγοις
2831 2434 2845 2448 ο
2895 2420 3175 2490 οἰήσονται
3227 2422 3338 2491 γὰρ
3367 2419 3443 2484 ὡς
3488 2422 3546 2474 οὐ
3580 2418 3667 2473 τοῦ
3696 2415 3761 2469 δι·

2210 2507 2372 2558 καίου
2424 2507 2607 2578 χάριν,
2644 2508 2769 2562 οὐδὲ
2811 2512 2927 2574 τοῖς
2968 2512 3302 2582 πράγμασιν
3335 2513 3372 2567 ἃ
3407 2513 3488 2566 δεῖ
3522 2511 3762 2581 συνερῶν.

2213 2598 2335 2651 ἀλλ’⁷
2359 2598 2464 2652 ὑπὸ
2505 2598 2600 2653 τοῦ
2631 2600 2939 2669 πεφυκότος
2985 2602 3241 2675 ἀνέστην,
3277 2604 3470 2659 δίκαια
3506 2606 3603 2675 μὲν
3634 2605 3764 2659 οὐδὲν

2210 2689 2349 2761 ἔχων
2380 2689 2585 2759 λέγειν,
2622 2694 2688 2763 τῇ
2734 2692 2793 2747 δέ
2837 2692 2945 2747 τῶν
2974 2693 3151 2764 λόγων
3178 2696 3451 2768 δεινότητι
3482 2698 3575 2750 καὶ
3613 2712 3765 2767 παρα·

2212 2785 2380 2854 σκευῇ
2437 2783 2585 2853 μάλα
2640 2784 2883 2857 θαρρῶν.
2927 2786 3073 2855 Ἐγὼ
3104 2786 3162 2841 δὲ
3213 2787 3278 2841 τὸ
3337 2789 3438 2859 μὲν
3488 2788 3632 2858 αὐτῷ
3688 2788 3764 2840 καὶ

2212 2876 2354 2931 πάνυ
2387 2895 2437 2930 τι
2477 2876 2760 2949 διαφέρειν
2790 2878 3042 2948 ὁμολογῶ
3071 2893 3086 2910 ·
3137 2882 3402 2935 τοσοῦτόν
3438 2899 3500 2949 γε
3550 2881 3649 2952 μὴν
3677 2878 3763 2933 δέω

2207 2968 2297 3023 διὰ
2330 2967 2502 3023 ταῦτα
2548 2970 2858 3039 φοϐεῖσθαι,
2887 2970 3021 3025 ὥσθ’
3061 2972 3200 3044 ὑπὲρ
3251 2975 3423 3028 αὐτοῦ
3462 2972 3644 3027 τούτου
3687 2970 3762 3022 καὶ

2215 3062 2431 3132 μακρὸν
2459 3062 2627 3117 πλοῦν
2656 3065 2988 3137 ἐστειλάμην
3018 3068 3114 3121 καὶ
3144 3066 3254 3119 τῶν
3286 3069 3355 3121 ἐκ
3388 3066 3482 3120 τοῦ
3526 3063 3761 3131 πελάγους

523 3161 627 3217 hoc
658 3163 835 3218 solum
871 3165 1135 3220 tributum
1165 3165 1456 3222 conferens
1483 3169 1671 3239 generi
1702 3169 1756 3224 in
1779 3171 2103 3240 opportuni-

2208 3153 2483 3226 δυσχερῶν
2528 3157 2863 3228 ἠνεσχόμην,
2916 3160 3017 3213 οὐκ
3076 3159 3206 3212 αὑτδ
3256 3160 3426 3214 τοῦτο
3485 3159 3641 3229 μόνον
3682 3153 3762 3224 τὴν

519 3262 635 3308 tate
673 3254 956 3324 temporis,
1004 3255 1099 3310 sed
1134 3257 1312 3312 multo
1334 3258 1509 3329 magis
1530 3258 1759 3326 veritus,
1784 3275 1854 3316 ne
1889 3261 1942 3315 in
1973 3278 2103 3332 pro-

525 3345 678 3415 prius
706 3345 855 3401 ferus
889 3357 1053 3418 atque
1105 3349 1311 3420 impius
1358 3348 1570 3413 videar,
1603 3351 1671 3414 si,
1706 3352 1760 3406 in
1795 3353 1961 3410 rebus
1982 3370 2103 3426 qua:

517 3438 689 3493 etiam
731 3438 941 3495 alienos
988 3440 1242 3507 incitant,
1288 3442 1442 3497 solus
1487 3457 1591 3512 ego
1642 3445 1943 3516 quiescam.
2009 3447 2105 3504 llis

522 3539 709 3583 autem
755 3531 1111 3601 posthabitis,
1158 3534 1206 3587 si
1263 3531 1439 3587 scindi
1488 3550 1729 3604 possem,
1762 3545 1817 3593 et
1857 3538 2103 3595 benevo-

520 3622 746 3676 lentiam
785 3638 1035 3679 seorsum
1079 3623 1376 3680 ostendere
1402 3666 1416 3690 ,
1449 3642 1511 3682 ac
1543 3639 1732 3697 postea
1765 3629 1819 3684 in
1846 3629 1951 3685 hoc
1977 3647 2103 3688 cer-

521 3712 730 3766 tamine
779 3714 852 3767 illi
896 3715 1176 3780 auxiliari,
1233 3714 1349 3770 haec
1407 3716 1610 3783 forent,
1658 3728 1715 3775 et
1761 3737 1871 3776 non
1915 3732 2105 3777 essent

522 3820 703 3859 causa:
746 3803 812 3861 iis
845 3807 938 3875 qui
989 3808 1225 3876 cupiunt
1256 3808 1611 3879 vituperare:
1654 3812 1801 3879 quod
1833 3812 1878 3867 si
1919 3825 2103 3868 autem

522 3895 660 3949 illud
712 3896 829 3950 fieri
876 3901 1436 3967 nequeat,quomodo
1467 3916 1577 3955 non
1608 3916 1709 3971 pro
1750 3903 1896 3958 virili
1949 3914 2107 3973 parte

520 3988 862 4059 propinquos
889 3999 1078 4044 contra
1127 4005 1292 4049 omne
1354 3990 1438 4045 fas
1494 3992 1873 4062 periclitantes
1911 3995 2104 4050 defen-

523 4079 873 4135 dam?Ccrte
914 4096 1082 4135 nemo
1129 4091 1215 4137 est.
1271 4081 1345 4136 ita
1396 4082 1728 4139 calamitatis
1775 4084 2024 4155 ignarus,
2045 4096 2103 4142 et

520 4171 676 4225 malae
709 4170 947 4227 fortuna:
992 4172 1317 4243 inexpertus
1366 4181 1429 4228 ut
1472 4175 1685 4229 nesciat
1708 4177 1979 4249 cujusque
2004 4179 2100 4234 ad-

517 4264 814 4317 versitates
845 4262 1142 4319 benevolos
1187 4273 1399 4319 mentes
1451 4265 1751 4335 postulare,
1770 4277 1826 4323 et
1846 4267 1977 4324 inde
2009 4268 2108 4325 bo.

519 4368 622 4408 nos
648 4354 906 4425 jndicari.

594 4629 663 4684 Et
686 4643 898 4693 revera,
932 4627 978 4683 si
1014 4628 1351 4699 apud-alium
1384 4629 1637 4701 quemvis
1652 4632 1817 4688 verba
1842 4630 2105 4700 facerem,

522 4719 660 4775 illud
688 4720 931 4792 cogitare
975 4735 1218 4790 possem,
1267 4723 1415 4792 quod
1473 4722 1641 4778 verba
1685 4739 1805 4779 mea
1843 4736 2108 4793 secutus,

522 4813 621 4869 sed
668 4792 880 4883 inique,
927 4815 1259 4870 sententiam
1304 4824 1615 4883 statueret;
1657 4818 1919 4886 quoniam
1971 4833 2105 4895 vero

525 4921 720 4963 omnes
750 4905 957 4961 scimus
978 4916 1031 4963 te
1063 4907 1297 4962 dicendo
1336 4917 1586 4965 oratores
1634 4908 1963 4967 Homericos
2002 4927 2105 4967 su-

526 5013 743 5069 perare,
785 5013 887 5052 cur
921 4997 1037 5054 haec
1068 4999 1360 5069 oportebat
1389 5000 1595 5066 dicere,
1628 5014 1682 5057 et
1709 5019 1819 5058 non
1847 5003 2107 5059 ontuibus

523 5091 735 5146 viribus
763 5089 1055 5146 colluctari
1084 5092 1111 5145 Σ)

595 5356 667 5411 Da
708 5367 894 5414 autem
929 5361 1082 5427 mihi,
1120 5362 1442 5432 imperator,
1476 5364 1671 5434 paucis
1695 5366 1880 5422 verbis
1907 5366 2008 5431 uti,’
2039 5376 2100 5422 ut

518 5452 653 5506 satis
683 5451 875 5506 videre
920 5455 1098 5523 possis
1135 5456 1471 5526 jampridem
1500 5455 1895 5513 Cbandrcnum
1947 5459 2094 5515 inter

515 5541 694 5597 bonos
732 5546 1006 5601 recenseri
1032 5584 1047 5609 ,
1080 5555 1137 5601 et
1169 5548 1307 5601 nihil
1327 5563 1450 5604 esse
1484 5549 1741 5618 quod'illi
1771 5553 1839 5604 ad
1872 5551 2094 5605 laudent

518 5650 629 5688 non
674 5634 867 5694 faciat.
911 5638 1021 5693 Sed
1076 5639 1123 5695 si
1172 5640 1241 5696 de
1293 5657 1496 5711 genere
1547 5641 1882 5713 interrOgas,
1927 5641 2099 5697 multa

585 5817 658 5891 (ὅ)
702 5819 987 5878 Nestorem
1023 5823 1309 5897 videlicet,
1363 5823 1521 5893 λιγὺν
1545 5823 1759 5877 Πυλίων
1792 5812 2097 5898 ἀγορητήν

2205 3247 2540 3320 γιγνομένην
2592 3250 2881 3315 ἀποδιδοὺς
2928 3252 3006 3323 τῷ
3055 3252 3207 3320 γένει
3259 3254 3581 3306 συντέλειαν
3617 3251 3669 3302 ἐν
3702 3244 3763 3313 τῷ

2203 3341 2460 3395 καλοῦντι
2509 3342 2726 3412 καιροῦ,
2763 3344 2905 3399 άλλά
2960 3362 3014 3398 τι
3062 3346 3156 3399 καὶ
3193 3346 3389 3410 δεδιὼς
3431 3346 3562 3399 πολὺ
3605 3342 3764 3401 πλέον.

2208 3429 2282 3502 μὴ
2315 3430 2442 3501 περὶ
2472 3433 2597 3495 τοὺς
2624 3432 2860 3497 οἰκείους
2891 3433 3164 3505 θηριώδης
3202 3436 3346 3500 δόξω
3378 3437 3471 3490 καὶ
3500 3430 3758 3497 δυσσεϐὴς.

2202 3524 2273 3585 εί,
2311 3523 2420 3576 τῶν
2453 3525 2800 3595 πραγμάτων
2831 3527 2927 3581 καὶ
2964 3527 3092 3590 τοὺς
3122 3526 3228 3593 ἔξω
3259 3528 3591 3589 καλούντων,
3623 3523 3760 3594 μόνος

2204 3615 2369 3679 αὐτὸς
2421 3617 2780 3688 ἡσυχάζοιμι.
2821 3620 2985 3672 Ἀνευ
3040 3620 3099 3673 δὲ
3152 3621 3403 3676 τούτων·
3463 3623 3511 3674 εἰ
3568 3618 3660 3690 μὲν
3703 3611 3758 3683 ἦν

2203 3707 2497 3773 διελέσθαι,
2531 3712 2626 3763 καὶ
2652 3709 2751 3781 τὴν
2799 3711 2900 3781 μὲν
2954 3709 3173 3765 εὔνοιαν
3219 3714 3547 3783 ἐνδεδεῖχθαι
3590 3709 3758 3779 χωρὶς,

2207 3800 2402 3855 ἔπειτα
2431 3801 2490 3856 δέ
2523 3804 2623 3872 καὶ.
2646 3803 2784 3873 πρὸς
2812 3804 2905 3858 τὸν
2936 3804 3125 3873 ἀγῶνα
3181 3806 3535 3878 συνάρασθαι
3569 3816 3756 3867 τουτῳ.

2205 3887 2272 3962 ἦν
2311 3890 2377 3946 ἂν
2404 3896 2606 3959 ταῦτα,
2638 3897 2732 3949 καὶ
2765 3895 2869 3949 οὐκ
2902 3898 2968 3950 ἂν
3000 3893 3143 3968 ἦσαν
3173 3899 3480 3968 προφάσεις
3524 3896 3631 3956 τοῖς
3661 3894 3761 3942 ἐπι·
3814 3960 3815 3963 η

2209 3984 2444 4056 θυμοῦσι
2472 3987 2724 4052 κακξζειν
2752 4003 2769 4019 ο
2802 3988 2852 4040 εἰ
2878 3988 2936 4042 δὲ
2965 3989 3124 4042 τοῦτο
3151 3990 3249 4059 οὐχ
3301 3985 3413 4044 οἷόν
3436 4005 3516 4052 τε,
3549 3984 3654 4046 πῶς
3678 3981 3760 4034 οίκ

2209 4081 2274 4132 ἐκ
2317 4080 2427 4134 τῶν
2477 4081 2713 4136 ἐνόντων
2768 4083 3151 4153 παρίστασθαι
3201 4087 3321 4150 τοῖς
3372 4083 3588 4145 οἰκείοις
3634 4073 3760 4145 παρὰ

2209 4169 2389 4223 πάντα
2416 4172 2793 4226 κινδυνεύουσι
2824 4174 3021 4244 νόμως
3053 4173 3269 4228 Οὔκουν
3310 4193 3375 4246 γε
3407 4173 3580 4234 οὐδεῖς
3612 4165 3760 4221 οὕτως

2210 4258 2315 4324 ἐξω
2357 4260 2619 4325 καθάπαξ
2667 4262 2764 4315 τοῦ
2815 4262 3106 4333 δυστυχεῖν
3137 4267 3232 4321 καὶ
3282 4265 3386 4335 τῆς
3430 4262 3530 4316 οὐκ
3577 4252 3760 4325 ἀγαθῆς

2156 4388 2161 4395 ι
2211 4351 2381 4420 τύχης
2429 4350 2678 4423 ἄπειρος,
2713 4352 2771 4417 δς
2812 4353 3000 4422 ἀγνοεῖ
3053 4354 3226 4426 δήπου
3272 4356 3348 4419 ὡς
3403 4354 3461 4407 αι
3513 4340 3761 4419 συμφοραὶ

2214 4444 2416 4507 παντὸς
2465 4443 2669 4516 μᾶλλον
2724 4446 3017 4500 ἀπαιτοῦσι
3066 4449 3196 4512 τοὺς
3251 4448 3465 4513 εὔνους,
3514 4442 3605 4497 καὶ
3654 4436 3761 4493 ’τοὺὶ

2137 4531 2183 4587 D
2212 4534 2453 4601 ἀγαθοὺς
2482 4536 2731 4590 ἐντεῦθεν
2763 4538 3048 4608 κρίνομεν.

2284 4626 2394 4681 Καὶ⁸
2428 4629 2535 4698 μὴν
2569 4629 2619 4680 εί
2653 4630 2752 4699 μὲν
2796 4630 2931 4700 πρὸς
2978 4630 3168 4700 ἕτερον
3201 4629 3450 4687 ὁντινοῦν
3484 4619 3759 4687 ἐποιούμην

2210 4719 2340 4782 τοὺς
2392 4719 2606 4788 λόγους,
2663 4717 2731 4792 ἦν
2773 4721 2840 4776 ἂν
2880 4725 3079 4777 ἐννοεῖν
3107 4725 3185 4788 ὡς
3228 4725 3409 4794 λόγοις
3452 4710 3762 4787 παρακολου-

2212 4809 2388 4878 θήσας
2433 4812 2547 4874 τοῖς
2597 4812 2774 4881 ἐμοῖς,
2813 4812 2931 4866 ἀλλ’
2960 4814 3063 4866 οὐκ
3102 4817 3159 4867 ἐν
3191 4813 3339 4887 δίκῃ,
3374 4814 3443 4866 τά
3474 4809 3571 4877 τῆς
3597 4802 3757 4872 iiii?”

2211 4917 2276 4970 γε
2331 4901 2476 4955 θεῖτο
2501 4916 2515 4933 ⁸
2545 4903 2627 4957 ὅτι
2672 4903 2720 4956 δ’
2762 4906 3002 4969 ἅπαντες
3054 4906 3215 4975 ἴσμεν
3265 4907 3340 4970 ὡς
3371 4898 3613 4959 καὶτοὺς
3638 4892 3757 4958 ἄγαν

2210 4993 2420 5059 δεινοὺς
2466 4996 2618 5051 οὐδὲν
2670 4997 2831 5061 αὐτὸς
2876 4998 3207 5067 ἀποφαίνεις
3248 4992 3597 5070 δημηγορῶν,
3626 4985 3676 5082 ὃς
3704 4994 3758 5082 γε

2209 5086 2302 5139 καὶ
2345 5087 2476 5153 τοὺς
2529 5087 2864 5159 Ὁμηρικοὺς
2915 5091 3280 5162 παρελαύνεις
3322 5093 3554 5161 ῥήτορας
3592 5080 3680 5150 (5),
3716 5080 3756 5120 τί

2206 5177 2384 5231 ταῦτα
2415 5179 2601 5246 λέγειν
2647 5182 2836 5251 ἐχρῆν,
2869 5182 2988 5235 ἀλλ’
3028 5183 3090 5235 οὐ
3131 5184 3296 5237 παντὶ
3325 5180 3500 5235 σθένει
3533 5181 3752 5234 συνάγειν

2208 5270 2453 5330 νίζεσθαι
2478 5291 2493 5339 ;

2279 5364 2380 5428 Δὸς
2426 5364 2482 5419 δέ
2539 5382 2652 5437 μοι,
2713 5367 2932 5438 μικρὸν,
2976 5361 3022 5424 ὦ
3068 5368 3314 5440 βασιλεῦ,
3350 5366 3442 5422 τὸν
3484 5360 3631 5425 λόγον
3673 5348 3753 5440 θ’

2204 5462 2469 5529 ενεγκεῖν,
2520 5460 2588 5514 ἵν’
2644 5460 2773 5515 ἰδεῖν
2813 5461 2945 5532 ἔχῃς
3009 5439 3327 5532 ἀρκούντως
3379 5459 3454 5520 ὡς
3494 5439 3749 5532 πόρῤωθεῨ

2206 5554 2519 5625 Χανδρηνὺς
2567 5556 2645 5618 εἰς
2682 5529 2921 5625 ἀγαθοὺς
2954 5529 3137 5627 ἔφερε,
3174 5560 3269 5612 καὶ
3300 5551 3453 5610 οὐδὲν
3497 5543 3602 5601 ἐσθ’
3631 5537 3657 5590 ό
3685 5529 3749 5601 μὴ

2209 5644 2384 5715 τούτῳ
2415 5649 2655 5718 ,χορηγεῖ
2680 5646 2817 5718 πρδς
2857 5647 3100 5706 ἔπαινον.
3148 5650 3289 5705 Ἀλλ’
3321 5647 3415 5702 ἐάν
3444 5658 3501 5697 τε
3533 5634 3586 5691 τὸ
3612 5627 3746 5701 γένος
