4028 6430
337 371 439 416 Ἷέτ

335 371 439 430 35,7
1473 377 1757 438 ORATIO
1797 380 1946 440 PRO
1986 333 2483 452 CIIANDRENO.

3511 384 3626 465 353'

333 492 520 558 εἴπῃς.
563 485 762 540 πολλοῦ
792 503 938 551 τινος
977 488 1130 556 ἄξιον
1163 489 1380 558 καὶτῆς
1425 491 1614 554 Ἀσίας
1658 491 1922 556 πολλάκις

2030 501 2442 560 existi-natione
2510 507 2738 578 dignum
2791 520 2876 564 est
2940 520 2991 564 ot
3043 526 3426 583 saepenumero
3477 518 3616 571 Asiae

333 577 579 650 ὡσπερεὶ
607 579 874 649 πρόϐολος
905 575 1088 635 ὦπται
1113 599 1127 613 ο
1164 583 1263 636 ἐάν
1311 600 1370 636 τε
1418 582 1609 637 τοῦτον
1638 583 1923 658 ἐξετάσῃς,

336 671 596 741 εὑρήσεις
640 673 698 725 οὐ
749 672 859 726 τῶν
906 675 1197 743 προγόνων
1231 675 1534 745 ἀξιόχρεων
1572 677 1756 746 μόνον,
1792 679 1926 731 ἀλλά

337 766 431 816 καὶ
471 763 654 834 συχνῷ
692 763 771 834 τῷ
814 766 1032 820 τουτουί
1083 768 1356 834 παριόντα
1384 768 1486 839 (4),
1529 769 1761 822 καὶτῶν
1784 771 1930 822 ἐκεῖ·

340 859 433 910 θεν
483 857 632 926 αὐτῷ
696 858 912 910 πολλῶν
983 859 1079 913 καὶ
1138 861 1394 929 μεγάλων
1453 861 1918 932 παραδειγμάτων

344 949 516 1016 μείζω
548 952 662 1012 τοίς
703 949 847 1012 ὅλοις
877 953 1216 1023 ἀγωνιστήν.
1254 955 1366 1006 Καὶ
1406 951 1518 1006 οὔτ’
1551 955 1780 1007 ἐκείνων
1809 959 1926 1018 τοῖς

345 1041 497 1103 ἰδίοις
525 1041 752 1107 ἀγαθοῖς
788 1045 1191 1112 κοσμουμένων
1231 1048 1312 1108 είς
1347 1044 1554 1107 ὄνειδος
1587 1046 1684 1099 καὶ
1722 1047 1927 1116 ζημίαν

342 1133 696 1202 ἐτελεύτησεν
727 1133 904 1198 οὗτος.
943 1137 1196 1190 πλεῖστον
1231 1139 1356 1190 ὅσον
1401 1138 1775 1207 ἀπολειφθεὶς,
1809 1141 1925 1194 ἀλλ’

343 1222 574 1290 ἐξέτεινε
603 1225 703 1294 τὴν
736 1227 970 1296 μίμησιν
999 1230 1080 1291 εἰς
1119 1229 1433 1300 ὑπερϐολήν
1460 1247 1474 1261 ο
1507 1229 1621 1283 οὔτ’
1655 1231 1722 1284 αὖ
1757 1233 1923 1286 πάλιν

341 1311 494 1381 οὗτος
548 1321 660 1380 τοῖς
713 1319 776 1370 ἐκ
824 1320 917 1372 τοῦ
976 1321 1169 1394 γένους
1201 1323 1456 1394 ἠγάπησε
1504 1324 1925 1398 μόνοις,ὦσπερ

339 1431 424 1475 τις
457 1413 668 1466 οἴκοθεν
701 1415 802 1482 μὲν
856 1415 918 1466 οὐ
953 1418 1166 1482 φανεὶς,
1206 1415 1266 1469 τὸ
1312 1417 1370 1469 δὲ
1415 1417 1624 1486 πατρὸς
1653 1419 1924 1490 ὀλυμπιοο

339 1505 492 1558 νίκον
522 1503 660 1559 εἶναι
692 1508 770 1568 είς
797 1511 996 1580 ἀρετῆς
1027 1510 1183 1577 λόγον
1207 1510 1467 1580 ἀποχρῶν
1491 1507 1632 1565 εἶναι
1661 1513 1922 1582 νομίζων,

342 1599 496 1664 ἀλλὰ,
528 1601 624 1670 τὴν
660 1601 922 1673 πατρῴαν
971 1602 1172 1673 ἀρετὴν
1202 1605 1472 1673 μεγίστης
1519 1606 1926 1675 εὐδοκιμήσεως

343 1690 599 1744 ὑπόθεσιν
632 1695 823 1762 κρίνας
863 1697 956 1748 καὶ
1005 1697 1141 1766 πρὸς
1190 1697 1258 1750 τά
1319 1698 1493 1766 μείζω
1538 1698 1926 1768 παρασκευὴν,

341 1783 476 1851 ὁμοῦ
509 1801 564 1835 τε
599 1787 743 1852 σφᾶς
782 1787 1030 1858 ὑπερῆρε
1055 1793 1150 1843 καὶ
1175 1789 1428 1852 πλεῖστον
1475 1790 1560 1861 ἐφ’
1587 1789 1742 1863 αὑτῷ
1775 1793 1926 1861 φιλο-

338 1876 618 1946 τιμείσθαι
653 1881 919 1948 παρέσχε.

411 1968 580 2036 Δῆλον
629 1969 685 2022 δέ
711 1986 725 2000 ⁸
771 1969 844 2023 ὢν
887 1972 994 2042 γὰρ
1030 1974 1124 2027 ἐπλ⁴
1153 1974 1249 2045 τῆς
1294 1975 1483 2038 Ἀσίας
1519 1977 1758 2047 (ἐκεῖθεν
1787 1979 1919 2050 γάρ,

338 2061 414 2124 ὡς
449 2061 603 2132 ἔφην,
638 2063 785 2131 αὐτῷ
812 2064 880 2116 τὰ
904 2065 996 2117 τοῦ
1017 2067 1253 2135 γένους),
1289 2068 1573 2121 καὶτοῦτο
1609 2073 1713 2138 μὲν
1747 2086 1919 2138 στρα-

339 2156 602 2221 τοπέδων,
631 2155 790 2209 τοίτο
840 2157 895 2220 δὲ
942 2160 1037 2211 καὶ
1087 2161 1296 2214 πόλεων
1349 2162 1538 2230 ἄρχων
1589 2163 1654 2215 ἐκ
1713 2162 1922 2215 παίδων

343 2246 579 2317 ἧδη,ὄσα
609 2249 710 2318 μὲν
745 2251 824 2312 είς
858 2250 1156 2319 λογισμοὺς
1187 2252 1314 2323 ἥκει
1345 2254 1441 2306 καὶ
1475 2253 1534 2306 τὸ
1565 2253 1921 2324 βουλεύεσθαι

342 2341 614 2409 γερόντων
647 2343 890 2411 ἐκράτει,
931 2344 1031 2397 ὅσα
1080 2345 1127 2397 δ’
1159 2348 1233 2408 εἰς
1271 2346 1546 2414 πολέμους
1599 2347 1697 2399 καὶ
1738 2347 1923 2418 μάχας

341 2431 436 2481 καὶ
467 2433 664 2502 χειρῶν
694 2434 960 2504 εὐψυχίαν
1001 2436 1112 2488 τῶν
1145 2437 1583 2506 συνειλεγμένων
1635 2438 1921 2504 ἁπάντων,

340 2521 440 2591 οὐχ
469 2523 616 2587 ὅπως
645 2525 753 2578 τῶν
787 2526 1098 2600 ἀντιπάλων
1133 2528 1337 2594 αὐτῶν,
1369 2532 1435 2601 τῇ
1474 2530 1574 2600 μὲν
1599 2529 1710 2583 τῶν
1739 2529 1922 2599 νόμων

343 2613 556 2685 φυλακῇ
606 2615 732 2678 τοὺς
781 2619 1118 2687 ἀρχομένους
1174 2619 1432 2687 ἐπαύξων
1485 2621 1581 2674 καὶ
1629 2622 1768 2690 μετὰ
1815 2621 1924 2674 τῶν

339 2702 678 2771 εὐδαιμόνων
709 2706 901 2771 τιθεὶς,
940 2708 1016 2779 τῷ
1048 2710 1103 2762 δὲ
1143 2712 1394 2780 σκηπτοῦ
1435 2711 1594 2779 δίκην
1622 2713 1923 2781 ἐμπίπτειν

337 2793 467 2856 τοὺς
495 2794 718 2865 ἐχθροὺς
763 2800 1168 2871 καταπλήττων
1195 2818 1209 2833 ο
1258 2803 1348 2856 ἀεὶ
1384 2803 1486 2871 μὲν
1525 2794 1714 2870 νικῶν,
1745 2804 1921 2875 ἡττώ-

342 2905 504 2955 μενος
541 2889 597 2943 δὲ
628 2891 739 2943 οὐδ’
763 2893 1020 2960 είσάπαξ,
1052 2894 1112 2948 οὐ
1160 2895 1266 2967 μὴν
1309 2897 1421 2950 οὐδ’
1465 2897 1750 2968 ἄπρακτος
1783 2902 1924 2953 ἀπο-

337 2982 534 3052 χωρῶν
565 2999 579 3014 ·
631 2984 745 3038 ἔσθ’
799 2987 888 3041 ὅτε
939 2987 1155 3058 ἀμάχου
1211 2990 1313 3060 μὲν
1377 2991 1585 3063 τόλμης
1643 2995 1924 3062 ἐμπιπλὰς

338 3078 468 3138 τοὺς
500 3078 759 3141 οἰκείους,
785 3082 991 3150 τρόμον
1032 3082 1088 3134 δέ
1119 3084 1231 3146 τοῖς
1266 3085 1550 3154 πολεμίοις
1588 3086 1880 3157 ἐμϐάλλων
1905 3104 1920 3121 ο

1954 1849 2004 1930 Β

2031 595 2185 662 quasi
2221 613 2419 652 murus
2450 600 2704 654 exstitit:
2751 602 2796 655 si
2835 604 2898 652 de
2954 604 3048 658 illo
3099 607 3330 675 quwris,
3364 607 3616 661 invenies

2029 704 2140 742 non
2211 707 2334 747 esse
2402 703 2613 748 tantum
2668 697 2989 766 parentibus
3044 699 3350 755 illusuibus
3408 713 3614 766 ortum,

2029 785 2124 838 sed
2163 786 2328 839 etiam
2384 803 2444 841 ea
2485 789 2646 856 longe
2682 806 2973 859 superasse
3016 793 3240 848 virtutis
3279 795 3614 864 excluplaria

2031 877 2135 946 ipsi
2182 880 2249 931 ab
2283 879 2363 933 eis
2395 882 2702 949 proposita.
2776 883 2844 937 Et
2902 899 3034 947 non,
3073 883 3188 954 ipse
3228 885 3460 939 multum
3507 886 3617 940 illis

2032 971 2283 1038 inferior,
2338 987 2435 1029 eos
2487 974 2728 1044 propriis
2789 975 3088 1029 decoribus
3151 987 3380 1030 ornatos
3434 979 3616 1046 turpi-

2031 1066 2224 1120 tudine
2287 1082 2350 1119 ac
2424 1067 2728 1130 ignominia
2807 1068 3024 1130 ail‘ecit,
3089 1070 3183 1122 sed
3241 1069 3610 1124 imitationem

2029 1163 2190 1229 longe
2256 1164 2562 1229 prmexit:
2628 1178 2729 1216 nec
2801 1171 2982 1217 autem
3039 1164 3128 1218 ille
3205 1164 3320 1218 sola
3388 1164 3612 1233 generis

2029 1256 2264 1309 virtutes
2334 1257 2468 1310 satis
2524 1271 2644 1309 esse
2712 1257 2888 1317 duxit,
2951 1258 3095 1310 sicut
3157 1257 3360 1325 aliquis
3416 1266 3611 1326 suapte

2030 1359 2228 1404 natura
2271 1350 2545 1420 ignobilis,
2577 1361 2788 1418 patrem
2858 1350 3276 1422 Olympioniceu
3311 1353 3382 1404 ob
3440 1352 3614 1405 virtu-

2033 1455 2140 1498 tem
2183 1457 2307 1496 esse
2337 1445 2548 1498 clarum
2593 1442 2846 1496 sullicere
2898 1452 3073 1504 ratus,
3107 1443 3201 1496 sed
3233 1444 3406 1511 patris
3432 1444 3608 1495 virtu-

2032 1547 2138 1592 lem
2187 1536 2438 1590 maximae
2484 1537 2671 1605 gloria:
2726 1535 3145 1589 fundamentum
3193 1549 3315 1588 csse
3355 1532 3613 1603 judicans

2029 1640 2086 1685 et
2121 1628 2190 1684 ad
2224 1630 2433 1700 majora
2471 1629 2952 1698 praeparationem,
3000 1627 3166 1682 simul
3202 1635 3259 1681 et
3290 1639 3421 1680 suos
3451 1641 3633 1695 suite-

2029 1723 2193 1791 ravit,
2220 1731 2278 1778 et
2304 1722 2475 1776 multa
2507 1721 2562 1775 in
2598 1721 2784 1791 scipso
2816 1721 3077 1790 prteclara
3111 1719 3372 1791 praebuit.

2101 1972 2259 2041 Quod
2313 1973 2365 2028 in
2407 1981 2666 2043 promptu
2711 1979 2836 2028 est:
2873 1985 2999 2026 cum
3033 1969 3180 2025 enim
3214 1970 3270 2024 in
3307 1970 3436 2026 Asia
3487 1983 3615 2024 vcr-

2027 2078 2247 2126 saretur
2275 2066 2494 2138 (exinde
2532 2080 2792 2135 namque,
2828 2073 2890 2118 ut
2930 2064 3062 2130 dixi,
3115 2079 3288 2135 genus
3321 2063 3614 2131 ducebat).

2026 2171 2082 2218 et
2125 2176 2273 2216 nunc
2316 2161 2677 2226 exercitibus,
2732 2174 2877 2214 nunc
2911 2160 3269 2230 urbibusjatu
3297 2158 3425 2212 inde
3457 2175 3488 2211 a
3517 2158 3615 2228 ju-

2027 2261 2254 2307 ventute
2284 2259 2568 2320 praeesset,
2601 2249 2870 2319 quidquid
2916 2250 2971 2302 in
3008 2247 3443 2318 senibusjuilicii
3475 2258 3530 2302 et
3559 2249 3614 2302 in

2027 2343 2259 2398 consilio
2277 2341 2562 2411 sapientiae
2582 2341 2806 2407 inesset,
2829 2339 3096 2410 quidquid
3121 2338 3389 2393 bellorum
3407 2353 3470 2391 ac
3494 2353 3616 2393 cer—

2031 2436 2296 2489 taminum
2332 2433 2545 2503 peritia:
2585 2441 2641 2487 et
2669 2447 2930 2486 manuum
2963 2431 3312 2486 strenuitatis
3341 2445 3450 2485 nou
3491 2440 3614 2484 tan-

2032 2539 2146 2583 tum
2171 2529 2222 2582 in
2260 2529 2376 2583 suis
2399 2527 2673 2589 hostibus,
2697 2524 2791 2581 sed
2814 2524 2870 2579 in
2889 2523 3150 2579 omnibus
3167 2523 3514 2594 congregatis
3529 2537 3618 2577 es-

2029 2634 2138 2684 set,
2171 2622 2491 2692 superabat,
2520 2622 2699 2691 legum
2723 2618 2973 2676 custodia
2997 2618 3370 2688 ampliﬁcabat
3395 2617 3618 2687 subjec-

2031 2728 2116 2772 tos
2139 2733 2202 2770 ac
2225 2716 2414 2771 felices
2441 2715 2736 2780 efﬁciebat,
2767 2723 2826 2769 et
2855 2713 3134 2777 inimicos,
3171 2710 3422 2766 fulminis
3443 2709 3619 2763 instar

2030 2814 2084 2866 in
2123 2827 2218 2867 eos
2251 2809 2536 2875 irruendo,
2578 2806 2940 2878 percutiebat.
2994 2804 3225 2875 Semper
3273 2810 3391 2857 erat
3416 2802 3615 2856 victor.

2031 2923 2340 2978 nunquam,
2393 2921 2460 2960 ne
2519 2904 2691 2960 semel
2733 2902 2999 2974 quidem,
3055 2908 3372 2970 superatus,
3411 2905 3506 2951 aut
3559 2912 3617 2948 re

2031 2997 2173 3050 male
2196 3005 2348 3065 gesta
2365 3009 2650 3060 reversus;
2673 2991 2970 3061 aliquando
2995 2988 3425 3059 insuperabilem
3451 2987 3620 3040 auda-

2029 3087 2172 3142 ciam
2205 3085 2324 3140 suis
2353 3083 2673 3149 infundens.
2703 3092 2971 3137 terrorem
3011 3080 3265 3135 hostibus
3287 3076 3612 3133 incutiebat.

338 3170 506 3240 μόνος
537 3171 634 3240 μὲν
661 3173 796 3242 πρὸς
828 3174 1059 3236 πολλοὺς
1093 3177 1360 3242 πολλάκις
1383 3219 1397 3243 ,
1427 3180 1565 3248 πρὸς
1596 3181 1834 3251 ἀριθμοῦ
1867 3181 1923 3235 δὲ

2033 3179 2199 3234 Solus
2237 3192 2382 3248 saepe
2427 3184 2622 3232 contra
2657 3175 2886 3240 multos,
2921 3183 3018 3228 aut
3053 3187 3226 3243 prope
3259 3171 3478 3227 turbam
3512 3187 3616 3224 nu-

337 3264 589 3332 κρείττον
630 3263 835 3332 πλῆθος
893 3269 1382 3339 παραταττόμενος
1415 3271 1538 3340 μετ’
1570 3271 1792 3339 ὀλίγων,
1827 3274 1925 3325 καὶ

336 3357 497 3420 νίκας
528 3358 626 3420 τὰς
659 3359 953 3422 καλλίστας
1011 3377 1070 3414 τε
1118 3363 1213 3414 καὶ
1265 3364 1538 3432 μεγίστας
1589 3363 1921 3430 λαμϐάνωνο

339 3449 755 3520 θαυμαζόμενος
808 3452 912 3520 μὲν
950 3469 1034 3514 οις
1078 3455 1208 3518 τοὺς
1238 3455 1664 3526 παραπεσόντας
1713 3457 1925 3520 πάντας

345 3537 550 3610 ἀνῄρει,
610 3541 1026 3613 θαυμαζόμενος
1077 3545 1136 3598 δὲ
1195 3547 1290 3599 καὶ
1353 3540 1434 3610 οἷς
1491 3547 1622 3610 τοὺς
1681 3547 1927 3612 ἀπόντας

355 3630 746 3698 μετριωτέρους
793 3632 1024 3703 καθίστη
1078 3633 1157 3702 τῷ
1212 3633 1384 3703 φόϐῳ.
1442 3634 1777 3688 Τούντεῦθεν
1827 3637 1928 3690 οὐκ

348 3716 428 3768 ἐτ’
453 3719 528 3782 εἰς
558 3723 745 3790 χεῖρας
782 3722 944 3786 ἰέναι,
972 3723 1090 3776 ἀλλ’
1117 3723 1229 3776 οὐδ’
1269 3723 1476 3790 ἐξιέναι
1505 3725 1607 3793 τῆς
1645 3725 1924 3797 σφετέρας

342 3810 406 3863 τὸ
436 3815 694 3882 παράπαν
726 3815 971 3883 ἐτόλμων
993 3831 1006 3846 °
1039 3816 1186 3880 ἀλλ’,
1215 3816 1250 3870 ἃ
1301 3817 1541 3887 πρόσθεν
1573 3817 1743 3888 ἔδρων
1778 3812 1926 3872 οὗτοι

339 3904 466 3966 τοὺς
493 3905 705 3970 ἀλλους,
744 3909 898 3960 ταῦτ’
929 3909 1030 3961 οὐκ
1059 3909 1312 3978 ὀλιγάκις
1348 3909 1440 3963 ὑπ’
1463 3909 1680 3964 ἐκείνου
1713 3910 1924 3964 παθόν-

337 4011 432 4059 τες
466 3998 561 4049 καὶ
597 3999 951 4070 πειραθέντες
989 4001 1094 4072 ἐξω
1136 4001 1459 4056 παντάπασι
1483 4003 1790 4072 λογισμῶν,
1823 4003 1925 4074 τὴν

337 4090 571 4159 ἡσυχίαν
625 4091 800 4146 ἔπειτ’
859 4093 1017 4161 ἄγειν
1065 4094 1236 4165 ῷοντο
1283 4094 1421 4159 δεῖν,
1474 4094 1668 4165 ῶσπερ
1717 4093 1925 4162 αὐτῶν,

337 4176 518 4250 οἶμαι,
547 4186 959 4252 κατεγνωκότες
991 4187 1053 4240 τὸ
1091 4189 1186 4242 καὶ
1225 4191 1326 4259 τὴν
1358 4187 1535 4259 ἀρχὴν
1570 4187 1885 4258 ἐγχειρίσον
1907 4203 1924 4219 ⁸

336 4273 594 4328 τοσοῦτον
625 4271 692 4346 ἦν
723 4277 872 4347 αὐτῷ
906 4280 1060 4349 παρὰ
1097 4280 1320 4334 πάντων
1347 4283 1406 4334 τδ
1436 4281 1574 4352 πρὸς
1609 4282 1708 4343 τὰς
1744 4281 1928 4351 μάχας

337 4362 674 4432 ἀφεστηκὸς,
704 4366 800 4418 καὶ
859 4368 971 4420 τῶν
1020 4369 1241 4423 οἰκείων
1282 4369 1484 4438 μόνων,
1526 4369 1644 4423 ἀλλ’
1679 4370 1783 4440 ἤδη
1831 4371 1927 4423 καὶ

334 4455 447 4507 τῶν
503 4456 780 4527 πολεμίων
826 4461 1032 4524 αὐτῶν,
1080 4466 1176 4514 καὶ
1239 4462 1450 4516 τούτων
1511 4463 1738 4534 Περσῶν
1779 4462 1928 4532 (οὐδέ

2029 3285 2187 3326 mero
2229 3271 2666 3340 przestantiorem
2710 3282 2838 3323 cum
2889 3267 3083 3337 paucis
3124 3264 3450 3327 collocatus,
3494 3263 3618 3333 pul-

2027 3361 2333 3417 cherrimas
2353 3375 2418 3415 ac
2436 3361 2698 3414 maximas
2717 3356 3033 3429 reportabat
3048 3355 3323 3417 victorias,
3345 3353 3620 3409 mirabilis

2026 3463 2084 3508 et
2125 3469 2250 3508 cum
2298 3452 2546 3506 dirueret
2596 3450 2791 3506 obvios
2843 3449 3056 3516 hostes,
3088 3447 3360 3503 mirabilis
3390 3454 3446 3501 et
3489 3461 3612 3500 cum

2029 3539 2394 3614 paucissimos
2426 3542 2521 3610 qui
2561 3540 2814 3597 abierant
2849 3548 3064 3595 terrore
3092 3539 3430 3595 contineret.
3475 3537 3617 3591 lliuc

2029 3649 2139 3688 non
2166 3641 2378 3688 tantum
2409 3648 2610 3688 manus
2659 3647 2979 3697 conserere,
3009 3633 3102 3688 sed
3131 3645 3234 3686 nec
3265 3631 3432 3686 domo
3462 3629 3617 3684 exire

2028 3741 2260 3796 prorsus
2305 3725 2628 3790 audebant;
2664 3725 2782 3788 sed,
2819 3740 2942 3794 quae
2987 3724 3141 3794 prius
3192 3723 3280 3779 isti
3318 3739 3448 3794 erga
3481 3723 3620 3777 alios

2029 3817 2288 3887 agebant,
2315 3817 2430 3870 lucc
2466 3830 2574 3870 non
2623 3816 2793 3868 semel
2830 3831 2895 3869 ex
2931 3814 3024 3868 illo
3057 3824 3256 3885 praeter
3290 3813 3610 3882 opinionem

2029 3910 2244 3980 experti
2282 3919 2449 3980 atque
2487 3909 2759 3980 perpessi.
2807 3909 3093 3978 quiescere
3152 3907 3419 3977 deinceps
3452 3921 3618 3976 oper-

2031 4012 2148 4058 tcre
2183 4010 2546 4066 censuerunt,
2586 4003 2766 4072 quasi,
2801 4013 2862 4056 ut
2908 4003 3130 4070 opinor,
3173 4001 3384 4071 seipsos
3434 4000 3612 4068 impe-

2031 4093 2174 4148 rium
2222 4092 2516 4164 appetiisse
2564 4091 2910 4162 pmnituerit.
2959 4090 3033 4144 Ita
3086 4104 3279 4143 ouines
3328 4104 3454 4142 cum
3520 4086 3615 4140 illo

2031 4201 2278 4256 pugnare
2308 4185 2684 4247 abstinebant,
2709 4201 2816 4240 non
2846 4181 3012 4237 modo
3037 4181 3294 4253 subjecti,
3327 4179 3423 4237 sed
3449 4180 3616 4235 etiam

2031 4281 2224 4336 hostes
2258 4279 2360 4349 ipsi
2393 4289 2446 4332 et
2477 4277 2565 4332 isti
2591 4277 2774 4332 Persm
2810 4279 2942 4345 (non
2973 4277 3123 4331 enim
3161 4274 3298 4330 illud
3339 4263 3618 4344 parva'est

2031 4369 2324 4440 accessio),
2368 4383 2510 4438 quos
2559 4383 2756 4422 omnes
2801 4367 3010 4422 scimus
3061 4369 3205 4420 inter
3251 4380 3402 4419 arma
3453 4365 3617 4418 vitam

2033 4477 2219 4533 agere,
2258 4471 2315 4516 et
2358 4460 2493 4515 illud
2544 4460 2954 4514 oblectamento
2985 4459 3188 4512 habere
3221 4458 3365 4526 quod
3399 4472 3621 4526 semper

335 4548 448 4616 γὰρ
495 4549 653 4603 τοῦτο
711 4554 909 4622 μικρὸν
969 4556 1050 4616 εἰς
1117 4554 1491 4626 προσθήκην),
1531 4554 1625 4618 οὓς
1675 4554 1922 4616 ἅπαντες

2032 4556 2087 4608 ἱη
2122 4553 2296 4609 armis
2347 4561 2697 4616 remaneant,
2734 4552 2806 4604 ita
2839 4561 2899 4604 ut
2927 4549 3101 4618 pluris
3135 4548 3366 4608 faciant.
3395 4549 3614 4601 etiamsu

337 4640 496 4707 ίσμεν
524 4643 584 4695 ἐν
614 4645 729 4707 τοῖς
762 4643 947 4707 ὅπλοις
980 4645 1253 4716 βιοῦντας,
1290 4647 1384 4700 καὶ
1431 4648 1637 4719 ταύτην
1681 4648 1920 4718 ἡγουμέ-

337 4749 464 4795 νους
492 4734 781 4807 ῥᾳστώνην
816 4737 948 4791 εἴσω
996 4738 1170 4808 βελῶν
1203 4737 1464 4805 καθάπαξ
1494 4741 1737 4801 ἑστάναι,
1775 4739 1919 4793 ὥστε

338 4828 433 4880 καὶ
477 4829 619 4896 σφᾶς
670 4830 856 4894 πλέον,
892 4832 941 4884 εί
971 4832 1069 4886 καὶ
1101 4833 1411 4904 παράδοξον
1455 4835 1642 4902 φάναι,
1674 4833 1921 4904 νομίζειν

335 4916 426 4970 ὑπ’
449 4919 616 4973 αὐτοῦ
638 4921 960 4991 νενικῆσθαι
983 4923 1015 4994 ἢ
1044 4923 1540 4996 περιγιγνομένους
1556 4924 1757 4987 αὐτοὺς
1779 4921 1922 4980 εἶναι

2027 4647 2162 4702 illud
2204 4647 2276 4701 sit
2321 4645 2647 4700 incredibile
2691 4645 2880 4707 dictu,
2921 4657 2979 4698 se
3019 4643 3086 4697 ab
3128 4641 3226 4696 illo
3279 4642 3452 4696 victos
3495 4655 3620 4694 esse

2029 4755 2197 4811 quam
2251 4737 2358 4808 ipsi
2415 4737 2555 4792 alios
2597 4751 2886 4806 superare,
2926 4735 3098 4806 magis
3140 4734 3329 4805 gloria:
3359 4749 3481 4789 esse
3513 4733 3618 4786 rati

2029 4835 2212 4889 claros
2236 4833 2440 4888 habere
2467 4829 2737 4895 victores,
2765 4844 2928 4897 quam
2966 4827 3338 4883 inliruiiorum
3363 4828 3619 4883 cladibus

2030 4925 2310 4981 decorari.

337 5009 445 5060 τῶν
511 5010 738 5094 ἄλλων,
780 5015 969 5083 μεῖζον
1017 5017 1369 5087 ἡγουμένους
1415 5020 1498 5082 είς
1547 5018 1708 5083 δόξαν
1781 5019 1910 5082 τοὺς
1942 5021 2366 5091 κεκρατηκότας
2421 5017 2716 5090 λαμπρούς
2778 5037 2932 5082 τινας
2986 5017 3130 5088 ἔχειν
3174 5016 3207 5087 ἢ
3259 5016 3615 5087 φαυλοτέρων

334 5099 532 5163 αὐτοὺς
559 5101 754 5171 ἥτταις
788 5107 1140 5175 κοσμεῖσθαι.

405 5197 482 5250 Οὐ
515 5197 694 5251 τοίνυν
724 5200 981 5269 πολεμῶν
1015 5204 1111 5271 μὲν
1141 5204 1316 5269 οὕτως
1357 5207 1606 5276 ἐκράτει,
1643 5209 1711 5261 τά
1750 5207 1798 5261 δ’
1839 5208 1924 5271 είς

332 5290 554 5359 εἰρήνην
598 5292 804 5360 ἐτέρων
849 5295 1104 5366 ἡττήθη⁵
1149 5297 1286 5351 ἀλλά
1333 5302 1427 5354 καὶ
1476 5299 1648 5353 ταῦτα
1701 5299 1810 5352 τῶν
1861 5305 1919 5353 ἐν

331 5383 442 5443 τοίς
478 5381 737 5453 πολέμοις
788 5387 890 5440 οὐκ
942 5389 1253 5461 ἀντίρῤοπα
1302 5391 1379 5459 (5)
1427 5391 1610 5460 μόνον,
1646 5393 1780 5446 ἀλλὰ
1822 5394 1918 5446 καὶ

332 5471 539 5526 καλλίω
594 5477 708 5539 τοῖς
765 5477 908 5542 ὅλοις
956 5480 1200 5548 ἐδείκνυ,
1260 5482 1450 5554 ῶσπερ
1516 5485 1681 5547 αὐτὸς
1747 5487 1914 5540 αὑτὸν

329 5564 734 5636 ἁμιλλώμενος.
763 5571 875 5626 Καὶ
902 5574 1095 5627 σιωπῶ
1137 5575 1208 5629 τά
1235 5575 1281 5627 τ’
1325 5577 1462 5631 ἄλλα
1500 5577 1595 5630 καὶ
1623 5577 1683 5630 τὸ
1713 5579 1909 5647 φιλαν-

507 5751 737 5832 Forsan,
773 5771 825 5807 σ.
858 5756 1115 5832 μέσῳ
1144 5760 1368 5824 τούτους
1405 5779 1538 5832 παρ.

2100 5204 2332 5269 Verum,
2367 5208 2510 5259 sicut
2543 5203 2774 5266 militiae,
2810 5205 2884 5258 ita
2942 5203 2997 5258 iu
3051 5204 3202 5271 pacis
3235 5199 3440 5256 studiis
3493 5211 3604 5250 nou

2024 5298 2132 5352 fuit
2179 5297 2640 5364 aliisjul‘erior:
2703 5296 2798 5351 sed
2848 5295 2965 5350 lucc
3018 5309 3127 5348 nou
3177 5289 3345 5344 modo
3393 5289 3610 5343 bellicis

2019 5391 2275 5460 aequalia,
2303 5391 2399 5444 sed
2433 5392 2600 5444 ctiam
2633 5389 3030 5444 excellentiora
3059 5401 3289 5455 prorsus
3328 5381 3609 5442 exhibuit,

2017 5484 2176 5554 quasi
2203 5485 2322 5554 ipse
2343 5498 2402 5537 se
2436 5483 2614 5552 ipsum
2637 5490 2946 5552 superaret.
2983 5482 3511 5536 Etczeterumtaceo
3555 5482 3611 5528 et

2011 5594 2140 5634 eum
2175 5578 2480 5632 humanum
2514 5590 2637 5631 esse
2675 5577 2728 5630 in
2771 5575 3006 5638 alienos,
3044 5579 3392 5630 mansuetum
3425 5578 3483 5624 et
3514 5567 3610 5624 be-

395 5821 475 5891 (5)
510 5820 828 5893 Legendum
859 5866 874 5893 ,
906 5820 1106 5903 ⁷ὥσπερ
1153 5833 1291 5901 πρὸς
1331 5820 1496 5897 άοτδξ
1533 5833 1697 5887 αὐτὸν
1729 5871 1744 5900 ,
1787 5848 1895 5904 qua

2034 5831 2231 5887 borum
2269 5827 2564 5885 collatione
2607 5827 2782 5883 utitur
2811 5824 2963 5883 alibi.
