  <div class='ocr_page' id='page_1' title='image "/cluster/home/n/w/nwhite01/storage/ocr_20150623/145:no.1/coo.31924054870500/187.png"; bbox 0 0 4028 6490; ppageno 0'>
   <div class='ocr_carea' id='block_1_1' title="bbox 428 385 3709 479">
    <p class='ocr_par' dir='ltr' id='par_1_1' title="bbox 428 385 3709 479">
     <span class='ocr_line' id='line_1_1' title="bbox 428 385 3709 479; baseline -0.008 -1"><span class='ocrx_word' id='word_1_1' title='bbox 428 411 539 479; x_wconf 83' lang='lat'><strong>359</strong></span> <span class='ocrx_word' id='word_1_2' title='bbox 1662 387 2062 450; x_wconf 85' lang='lat' dir='ltr'><strong>THEODULI</strong></span> <span class='ocrx_word' id='word_1_3' title='bbox 2105 385 2459 448; x_wconf 84' lang='lat' dir='ltr'><strong>MONACHI</strong></span> <span class='ocrx_word' id='word_1_4' title='bbox 3609 393 3709 454; x_wconf 72' lang='lat'><strong>360</strong></span> 
     </span>
    </p>
   </div>
   <div class='ocr_carea' id='block_1_2' title="bbox 436 503 2047 592">
    <p class='ocr_par' dir='ltr' id='par_1_2' title="bbox 436 503 2047 592">
     <span class='ocr_line' id='line_1_2' title="bbox 436 503 2047 592; baseline -0.019 -5"><span class='ocrx_word' id='word_1_5' title='bbox 436 528 698 588; x_wconf 81' lang='lat' dir='ltr'><strong>nevolum</strong></span> <span class='ocrx_word' id='word_1_6' title='bbox 758 523 816 579; x_wconf 92' lang='lat' dir='ltr'><strong>in</strong></span> <span class='ocrx_word' id='word_1_7' title='bbox 879 520 1196 592; x_wconf 76' lang='lat' dir='ltr'><strong>subjectos,</strong></span> <span class='ocrx_word' id='word_1_8' title='bbox 1224 523 1281 570; x_wconf 89' lang='lat' dir='ltr'><strong>et</strong></span> <span class='ocrx_word' id='word_1_9' title='bbox 1327 511 1496 583; x_wconf 75' lang='lat' dir='ltr'><strong>largis</strong></span> <span class='ocrx_word' id='word_1_10' title='bbox 1532 506 1828 565; x_wconf 78' lang='lat' dir='ltr'><strong>beneﬁciis</strong></span> <span class='ocrx_word' id='word_1_11' title='bbox 1875 503 2047 565; x_wconf 53' lang='lat' dir='ltr'><strong>indi-.</strong></span> 
     </span>
    </p>
   </div>
   <div class='ocr_carea' id='block_1_3' title="bbox 2149 503 3709 592">
    <p class='ocr_par' dir='ltr' id='par_1_3' title="bbox 2149 503 3709 577">
     <span class='ocr_line' id='line_1_3' title="bbox 2149 503 3709 577; baseline 0.003 -21"><span class='ocrx_word' id='word_1_12' title='bbox 2149 504 2359 575; x_wconf 78' lang='grc' dir='ltr'>ρώπως</span> <span class='ocrx_word' id='word_1_13' title='bbox 2420 503 2521 575; x_wconf 75' lang='grc' dir='ltr'><strong>μὲν</strong></span> <span class='ocrx_word' id='word_1_14' title='bbox 2582 503 2732 573; x_wconf 74' lang='grc' dir='ltr'>ἔχειν</span> <span class='ocrx_word' id='word_1_15' title='bbox 2790 507 2906 569; x_wconf 87' lang='grc' dir='ltr'>τοῖς</span> <span class='ocrx_word' id='word_1_16' title='bbox 2956 503 3164 572; x_wconf 81' lang='grc' dir='ltr'>ξένοις,</span> <span class='ocrx_word' id='word_1_17' title='bbox 3216 505 3444 577; x_wconf 76' lang='grc' dir='ltr'>ἡμέρως</span> <span class='ocrx_word' id='word_1_18' title='bbox 3494 504 3554 562; x_wconf 69' lang='grc' dir='ltr'>δὲ</span> <span class='ocrx_word' id='word_1_19' title='bbox 3614 510 3709 561; x_wconf 79' lang='grc' dir='ltr'>καὶ</span> 
     </span>
    </p>
   </div>
   <div class='ocr_carea' id='block_1_4' title="bbox 432 595 2047 698">
    <p class='ocr_par' dir='ltr' id='par_1_4' title="bbox 432 599 2022 698">
     <span class='ocr_line' id='line_1_4' title="bbox 432 599 2022 698; baseline -0.018 -16"><span class='ocrx_word' id='word_1_20' title='bbox 432 638 628 698; x_wconf 79' lang='lat' dir='ltr'><strong>gentes</strong></span> <span class='ocrx_word' id='word_1_21' title='bbox 655 634 929 680; x_wconf 85' lang='lat' dir='ltr'><strong>recreare,</strong></span> <span class='ocrx_word' id='word_1_22' title='bbox 957 625 1014 672; x_wconf 91' lang='lat' dir='ltr'><strong>et</strong></span> <span class='ocrx_word' id='word_1_23' title='bbox 1052 615 1108 669; x_wconf 89' lang='lat' dir='ltr'><strong>in</strong></span> <span class='ocrx_word' id='word_1_24' title='bbox 1142 610 1404 666; x_wconf 89' lang='lat' dir='ltr'><strong>omnibus</strong></span> <span class='ocrx_word' id='word_1_25' title='bbox 1425 606 1660 679; x_wconf 63' lang='lat' dir='ltr'><strong>iustitia;</strong></span> <span class='ocrx_word' id='word_1_26' title='bbox 1693 617 1821 698; x_wconf 79' lang='lat' dir='ltr'><strong>esse</strong></span> <span class='ocrx_word' id='word_1_27' title='bbox 1863 599 2022 655; x_wconf 89' lang='lat' dir='ltr'><strong>addi-</strong></span> 
     </span>
    </p>
   </div>
   <div class='ocr_carea' id='block_1_5' title="bbox 2149 595 3714 698">
    <p class='ocr_par' dir='ltr' id='par_1_5' title="bbox 2149 595 3714 669">
     <span class='ocr_line' id='line_1_5' title="bbox 2149 595 3714 669; baseline 0.004 -21"><span class='ocrx_word' id='word_1_28' title='bbox 2149 595 2412 665; x_wconf 82' lang='grc' dir='ltr'>τροσηνῶς</span> <span class='ocrx_word' id='word_1_29' title='bbox 2435 600 2549 659; x_wconf 82' lang='grc' dir='ltr'>τοῖς</span> <span class='ocrx_word' id='word_1_30' title='bbox 2577 597 2824 664; x_wconf 74' lang='grc' dir='ltr'><strong>οἰκείοις,</strong></span> <span class='ocrx_word' id='word_1_31' title='bbox 2859 599 2954 650; x_wconf 74' lang='grc' dir='ltr'>καὶ</span> <span class='ocrx_word' id='word_1_32' title='bbox 2984 598 3202 669; x_wconf 76' lang='grc' dir='ltr'><strong>χαίρειν</strong></span> <span class='ocrx_word' id='word_1_33' title='bbox 3239 599 3341 669; x_wconf 73' lang='grc' dir='ltr'>μὲν</span> <span class='ocrx_word' id='word_1_34' title='bbox 3363 598 3428 653; x_wconf 81' lang='grc' dir='ltr'><strong>εῦ</strong></span> <span class='ocrx_word' id='word_1_35' title='bbox 3456 601 3714 655; x_wconf 87' lang='grc' dir='ltr'>ποιοῦντα</span> 
     </span>
    </p>
   </div>
   <div class='ocr_carea' id='block_1_6' title="bbox 434 686 2047 781">
    <p class='ocr_par' dir='ltr' id='par_1_6' title="bbox 434 686 2024 781">
     <span class='ocr_line' id='line_1_6' title="bbox 434 686 2024 781; baseline -0.018 -9"><span class='ocrx_word' id='word_1_36' title='bbox 434 686 609 781; x_wconf 65' lang='lat' dir='ltr'><strong>ctum,</strong></span> <span class='ocrx_word' id='word_1_37' title='bbox 627 720 703 778; x_wconf 84' lang='lat' dir='ltr'><strong>et,</strong></span> <span class='ocrx_word' id='word_1_38' title='bbox 727 724 853 766; x_wconf 93' lang='lat' dir='ltr'><strong>cum</strong></span> <span class='ocrx_word' id='word_1_39' title='bbox 878 706 1055 778; x_wconf 94' lang='lat' dir='ltr'><strong>possit</strong></span> <span class='ocrx_word' id='word_1_40' title='bbox 1074 707 1140 759; x_wconf 86' lang='lat' dir='ltr'><strong>de</strong></span> <span class='ocrx_word' id='word_1_41' title='bbox 1174 700 1400 757; x_wconf 83' lang='lat' dir='ltr'><strong>dotibus</strong></span> <span class='ocrx_word' id='word_1_42' title='bbox 1423 697 1623 769; x_wconf 87' lang='lat' dir='ltr'><strong>quibus</strong></span> <span class='ocrx_word' id='word_1_43' title='bbox 1652 686 1920 764; x_wconf 65' lang='lat' dir='ltr'><strong>praeditus</strong></span> <span class='ocrx_word' id='word_1_44' title='bbox 1939 697 2024 744; x_wconf 79' lang='lat' dir='ltr'><strong>est</strong></span> 
     </span>
    </p>
   </div>
   <div class='ocr_carea' id='block_1_7' title="bbox 2149 686 3707 781">
    <p class='ocr_par' dir='ltr' id='par_1_7' title="bbox 2149 686 3707 767">
     <span class='ocr_line' id='line_1_7' title="bbox 2149 686 3707 767; baseline 0.005 -27"><span class='ocrx_word' id='word_1_45' title='bbox 2149 686 2361 757; x_wconf 73' lang='grc' dir='ltr'>ῑαψιλῶς</span> <span class='ocrx_word' id='word_1_46' title='bbox 2414 690 2544 753; x_wconf 79' lang='grc' dir='ltr'>τοὺς</span> <span class='ocrx_word' id='word_1_47' title='bbox 2600 691 2657 742; x_wconf 79' lang='grc' dir='ltr'><strong>ἐν</strong></span> <span class='ocrx_word' id='word_1_48' title='bbox 2711 692 2890 763; x_wconf 76' lang='grc' dir='ltr'>χρεία,</span> <span class='ocrx_word' id='word_1_49' title='bbox 2925 691 3170 746; x_wconf 85' lang='grc' dir='ltr'>τίθεσθαι</span> <span class='ocrx_word' id='word_1_50' title='bbox 3220 694 3278 747; x_wconf 88' lang='grc' dir='ltr'><strong>δέ</strong></span> <span class='ocrx_word' id='word_1_51' title='bbox 3322 695 3579 764; x_wconf 84' lang='grc' dir='ltr'>πανταχῆ</span> <span class='ocrx_word' id='word_1_52' title='bbox 3633 698 3707 767; x_wconf 81' lang='grc' dir='ltr'>τῷ</span> 
     </span>
    </p>
   </div>
   <div class='ocr_carea' id='block_1_8' title="bbox 438 781 2047 879">
    <p class='ocr_par' dir='ltr' id='par_1_8' title="bbox 438 782 2023 879">
     <span class='ocr_line' id='line_1_8' title="bbox 438 782 2023 879; baseline -0.016 -18"><span class='ocrx_word' id='word_1_53' title='bbox 438 806 704 879; x_wconf 77' lang='lat' dir='ltr'><strong>gloriari,</strong></span> <span class='ocrx_word' id='word_1_54' title='bbox 755 818 862 857; x_wconf 92' lang='lat' dir='ltr'><strong>non</strong></span> <span class='ocrx_word' id='word_1_55' title='bbox 900 800 1076 863; x_wconf 86' lang='lat' dir='ltr'><strong>velle,</strong></span> <span class='ocrx_word' id='word_1_56' title='bbox 1117 803 1179 850; x_wconf 94' lang='lat' dir='ltr'><strong>ut</strong></span> <span class='ocrx_word' id='word_1_57' title='bbox 1224 790 1607 848; x_wconf 69' lang='lat' dir='ltr'><strong>moderatione</strong></span> <span class='ocrx_word' id='word_1_58' title='bbox 1640 798 1695 842; x_wconf 87' lang='lat' dir='ltr'><strong>et</strong></span> <span class='ocrx_word' id='word_1_59' title='bbox 1736 782 2023 856; x_wconf 79' lang='lat' dir='ltr'><strong>magnani-</strong></span> 
     </span>
    </p>
   </div>
   <div class='ocr_carea' id='block_1_9' title="bbox 2149 781 3711 879">
    <p class='ocr_par' dir='ltr' id='par_1_9' title="bbox 2149 781 3711 858">
     <span class='ocr_line' id='line_1_9' title="bbox 2149 781 3711 858; baseline 0.005 -25"><span class='ocrx_word' id='word_1_60' title='bbox 2149 781 2341 852; x_wconf 83' lang='grc' dir='ltr'>ῖικαίῳ,</span> <span class='ocrx_word' id='word_1_61' title='bbox 2382 783 2606 847; x_wconf 78' lang='grc' dir='ltr'>καὶτοῖς</span> <span class='ocrx_word' id='word_1_62' title='bbox 2646 784 2746 851; x_wconf 76' lang='grc' dir='ltr'><strong>μὲν</strong></span> <span class='ocrx_word' id='word_1_63' title='bbox 2792 783 3088 855; x_wconf 87' lang='grc' dir='ltr'>προσοῦσιν</span> <span class='ocrx_word' id='word_1_64' title='bbox 3124 786 3353 853; x_wconf 80' lang='grc' dir='ltr'><strong>ἀγαθοῖς</strong></span> <span class='ocrx_word' id='word_1_65' title='bbox 3386 786 3536 858; x_wconf 75' lang='grc' dir='ltr'>ἔχειν</span> <span class='ocrx_word' id='word_1_66' title='bbox 3570 788 3711 857; x_wconf 87' lang='grc' dir='ltr'>μέγα</span> 
     </span>
    </p>
   </div>
   <div class='ocr_carea' id='block_1_10' title="bbox 439 874 2028 964">
    <p class='ocr_par' dir='ltr' id='par_1_10' title="bbox 439 874 2028 964">
     <span class='ocr_line' id='line_1_10' title="bbox 439 874 2028 964; baseline -0.016 -10"><span class='ocrx_word' id='word_1_67' title='bbox 439 874 632 954; x_wconf 65' lang='grc' dir='ltr'>ῖιιὶιοιε</span> <span class='ocrx_word' id='word_1_68' title='bbox 664 890 1057 964; x_wconf 70' lang='lat' dir='ltr'><strong>Epaminonda:</strong></span> <span class='ocrx_word' id='word_1_69' title='bbox 1075 886 1247 958; x_wconf 75' lang='lat' dir='ltr'><strong>magis</strong></span> <span class='ocrx_word' id='word_1_70' title='bbox 1276 898 1442 955; x_wconf 89' lang='lat' dir='ltr'><strong>quam</strong></span> <span class='ocrx_word' id='word_1_71' title='bbox 1468 882 1651 952; x_wconf 86' lang='lat' dir='ltr'><strong>quivis</strong></span> <span class='ocrx_word' id='word_1_72' title='bbox 1685 881 1826 933; x_wconf 90' lang='lat' dir='ltr'><strong>alius</strong></span> <span class='ocrx_word' id='word_1_73' title='bbox 1856 874 2028 945; x_wconf 75' lang='lat' dir='ltr'><strong>aequi—</strong></span> 
     </span>
    </p>
   </div>
   <div class='ocr_carea' id='block_1_11' title="bbox 440 972 2027 1061">
    <p class='ocr_par' dir='ltr' id='par_1_11' title="bbox 440 972 2027 1061">
     <span class='ocr_line' id='line_1_11' title="bbox 440 972 2027 1061; baseline -0.015 -15"><span class='ocrx_word' id='word_1_74' title='bbox 440 989 718 1061; x_wconf 85' lang='lat' dir='ltr'><strong>parandus</strong></span> <span class='ocrx_word' id='word_1_75' title='bbox 755 988 828 1042; x_wconf 86' lang='lat' dir='ltr'><strong>sit</strong></span> <span class='ocrx_word' id='word_1_76' title='bbox 862 1003 879 1040; x_wconf 90' lang='lat'><strong>:</strong></span> <span class='ocrx_word' id='word_1_77' title='bbox 917 984 1036 1040; x_wconf 63' lang='lat' dir='ltr'><strong>hac</strong></span> <span class='ocrx_word' id='word_1_78' title='bbox 1068 981 1242 1048; x_wconf 87' lang='lat' dir='ltr'><strong>enim,</strong></span> <span class='ocrx_word' id='word_1_79' title='bbox 1278 977 1385 1035; x_wconf 83' lang='lat' dir='ltr'><strong>etsi</strong></span> <span class='ocrx_word' id='word_1_80' title='bbox 1425 990 1538 1032; x_wconf 88' lang='lat' dir='ltr'><strong>non</strong></span> <span class='ocrx_word' id='word_1_81' title='bbox 1572 972 1776 1037; x_wconf 88' lang='lat' dir='ltr'><strong>dicam,</strong></span> <span class='ocrx_word' id='word_1_82' title='bbox 1830 981 2027 1024; x_wconf 88' lang='lat' dir='ltr'><strong>omnes</strong></span> 
     </span>
    </p>
   </div>
   <div class='ocr_carea' id='block_1_12' title="bbox 445 1072 1547 1139">
    <p class='ocr_par' dir='ltr' id='par_1_12' title="bbox 445 1072 1547 1139">
     <span class='ocr_line' id='line_1_12' title="bbox 445 1072 1547 1139; baseline -0.003 -1"><span class='ocrx_word' id='word_1_83' title='bbox 445 1082 795 1139; x_wconf 84' lang='lat' dir='ltr'><strong>clamabunt.</strong></span> <span class='ocrx_word' id='word_1_84' title='bbox 1540 1072 1547 1078; x_wconf 67' lang='grc'><strong><em>’</em></strong></span> 
     </span>
    </p>
   </div>
   <div class='ocr_carea' id='block_1_13' title="bbox 515 1263 2031 1338">
    <p class='ocr_par' dir='ltr' id='par_1_13' title="bbox 515 1263 2031 1338">
     <span class='ocr_line' id='line_1_13' title="bbox 515 1263 2031 1338; baseline -0.01 -5"><span class='ocrx_word' id='word_1_85' title='bbox 515 1277 704 1332; x_wconf 85' lang='lat' dir='ltr'><strong>Talem</strong></span> <span class='ocrx_word' id='word_1_86' title='bbox 723 1276 780 1331; x_wconf 92' lang='lat' dir='ltr'><strong>in</strong></span> <span class='ocrx_word' id='word_1_87' title='bbox 795 1274 921 1330; x_wconf 82' lang='lat' dir='ltr'><strong>Asia</strong></span> <span class='ocrx_word' id='word_1_88' title='bbox 938 1287 997 1329; x_wconf 88' lang='lat' dir='ltr'><strong>se</strong></span> <span class='ocrx_word' id='word_1_89' title='bbox 1012 1271 1284 1333; x_wconf 79' lang='lat' dir='ltr'><strong>exhibuit,</strong></span> <span class='ocrx_word' id='word_1_90' title='bbox 1301 1270 1353 1323; x_wconf 87' lang='lat' dir='ltr'><strong>in</strong></span> <span class='ocrx_word' id='word_1_91' title='bbox 1378 1267 1594 1338; x_wconf 79' lang='lat' dir='ltr'><strong>EurOpa</strong></span> <span class='ocrx_word' id='word_1_92' title='bbox 1614 1273 1797 1321; x_wconf 90' lang='lat' dir='ltr'><strong>autem</strong></span> <span class='ocrx_word' id='word_1_93' title='bbox 1825 1279 1988 1335; x_wconf 87' lang='lat' dir='ltr'><strong>quem</strong></span> <span class='ocrx_word' id='word_1_94' title='bbox 2005 1263 2031 1317; x_wconf 80' lang='lat'><strong>?</strong></span> 
     </span>
    </p>
   </div>
   <div class='ocr_carea' id='block_1_14' title="bbox 444 1360 2028 1439">
    <p class='ocr_par' dir='ltr' id='par_1_14' title="bbox 444 1360 2028 1439">
     <span class='ocr_line' id='line_1_14' title="bbox 444 1360 2028 1439; baseline -0.008 -12"><span class='ocrx_word' id='word_1_95' title='bbox 444 1372 694 1428; x_wconf 86' lang='lat' dir='ltr'><strong>Primum</strong></span> <span class='ocrx_word' id='word_1_96' title='bbox 744 1367 969 1439; x_wconf 85' lang='lat' dir='ltr'><strong>quidem</strong></span> <span class='ocrx_word' id='word_1_97' title='bbox 1000 1365 1266 1420; x_wconf 83' lang='lat' dir='ltr'><strong>adversus</strong></span> <span class='ocrx_word' id='word_1_98' title='bbox 1301 1365 1498 1418; x_wconf 81' lang='lat' dir='ltr'><strong>Persas</strong></span> <span class='ocrx_word' id='word_1_99' title='bbox 1542 1370 1600 1417; x_wconf 91' lang='lat' dir='ltr'><strong>et</strong></span> <span class='ocrx_word' id='word_1_100' title='bbox 1643 1360 1808 1416; x_wconf 86' lang='lat' dir='ltr'><strong>Italos</strong></span> <span class='ocrx_word' id='word_1_101' title='bbox 1842 1360 1935 1429; x_wconf 91' lang='lat' dir='ltr'><strong>qui</strong></span> <span class='ocrx_word' id='word_1_102' title='bbox 1972 1360 2028 1416; x_wconf 90' lang='lat' dir='ltr'><strong>in</strong></span> 
     </span>
    </p>
   </div>
   <div class='ocr_carea' id='block_1_15' title="bbox 445 1451 2030 1525">
    <p class='ocr_par' dir='ltr' id='par_1_15' title="bbox 445 1451 2030 1525">
     <span class='ocr_line' id='line_1_15' title="bbox 445 1451 2030 1525; baseline -0.008 -6"><span class='ocrx_word' id='word_1_103' title='bbox 445 1463 742 1519; x_wconf 83' lang='lat' dir='ltr'><strong>Thraciam</strong></span> <span class='ocrx_word' id='word_1_104' title='bbox 768 1460 890 1515; x_wconf 90' lang='lat' dir='ltr'><strong>dire</strong></span> <span class='ocrx_word' id='word_1_105' title='bbox 920 1460 1214 1514; x_wconf 59' lang='lat' dir='ltr'><strong>savierant</strong></span> <span class='ocrx_word' id='word_1_106' title='bbox 1244 1465 1300 1512; x_wconf 90' lang='lat' dir='ltr'><strong>et</strong></span> <span class='ocrx_word' id='word_1_107' title='bbox 1331 1464 1557 1525; x_wconf 85' lang='lat' dir='ltr'><strong>propter</strong></span> <span class='ocrx_word' id='word_1_108' title='bbox 1591 1452 1773 1509; x_wconf 70' lang='lat' dir='ltr'><strong>fredus</strong></span> <span class='ocrx_word' id='word_1_109' title='bbox 1799 1451 1944 1507; x_wconf 91' lang='lat' dir='ltr'><strong>inter</strong></span> <span class='ocrx_word' id='word_1_110' title='bbox 1970 1465 2030 1507; x_wconf 87' lang='lat' dir='ltr'><strong>se</strong></span> 
     </span>
    </p>
   </div>
   <div class='ocr_carea' id='block_1_16' title="bbox 447 1543 2033 1635">
    <p class='ocr_par' dir='ltr' id='par_1_16' title="bbox 447 1543 2033 1635">
     <span class='ocr_line' id='line_1_16' title="bbox 447 1543 2033 1635; baseline -0.008 -25"><span class='ocrx_word' id='word_1_111' title='bbox 447 1564 673 1626; x_wconf 88' lang='lat' dir='ltr'><strong>pactum</strong></span> <span class='ocrx_word' id='word_1_112' title='bbox 710 1569 823 1608; x_wconf 91' lang='lat' dir='ltr'><strong>non</strong></span> <span class='ocrx_word' id='word_1_113' title='bbox 856 1566 1025 1621; x_wconf 87' lang='lat' dir='ltr'><strong>parva</strong></span> <span class='ocrx_word' id='word_1_114' title='bbox 1068 1548 1263 1635; x_wconf 76' lang='lat' dir='ltr'><strong>repleti</strong></span> <span class='ocrx_word' id='word_1_115' title='bbox 1313 1556 1471 1603; x_wconf 89' lang='lat' dir='ltr'><strong>erant</strong></span> <span class='ocrx_word' id='word_1_116' title='bbox 1516 1545 1772 1608; x_wconf 88' lang='lat' dir='ltr'><strong>audacia,</strong></span> <span class='ocrx_word' id='word_1_117' title='bbox 1803 1543 1942 1600; x_wconf 89' lang='lat' dir='ltr'><strong>adeo</strong></span> <span class='ocrx_word' id='word_1_118' title='bbox 1973 1552 2033 1598; x_wconf 89' lang='lat' dir='ltr'><strong>ut</strong></span> 
     </span>
    </p>
   </div>
   <div class='ocr_carea' id='block_1_17' title="bbox 452 1638 2033 1712">
    <p class='ocr_par' dir='ltr' id='par_1_17' title="bbox 452 1638 2033 1712">
     <span class='ocr_line' id='line_1_17' title="bbox 452 1638 2033 1712; baseline -0.008 -8"><span class='ocrx_word' id='word_1_119' title='bbox 452 1649 640 1704; x_wconf 87' lang='lat' dir='ltr'><strong>ultima</strong></span> <span class='ocrx_word' id='word_1_120' title='bbox 666 1647 1080 1707; x_wconf 84' lang='lat' dir='ltr'><strong>minitarentur,</strong></span> <span class='ocrx_word' id='word_1_121' title='bbox 1100 1657 1264 1712; x_wconf 76' lang='lat' dir='ltr'><strong>grave</strong></span> <span class='ocrx_word' id='word_1_122' title='bbox 1315 1641 1521 1695; x_wconf 87' lang='lat' dir='ltr'><strong>bellum</strong></span> <span class='ocrx_word' id='word_1_123' title='bbox 1548 1655 1578 1693; x_wconf 93' lang='lat' dir='ltr'><strong>a</strong></span> <span class='ocrx_word' id='word_1_124' title='bbox 1606 1638 1873 1693; x_wconf 80' lang='lat' dir='ltr'><strong>Romanis</strong></span> <span class='ocrx_word' id='word_1_125' title='bbox 1915 1651 2033 1695; x_wconf 84' lang='lat' dir='ltr'><strong>sus-</strong></span> 
     </span>
    </p>
   </div>
   <div class='ocr_carea' id='block_1_18' title="bbox 448 1727 2031 1810">
    <p class='ocr_par' dir='ltr' id='par_1_18' title="bbox 448 1727 2031 1810">
     <span class='ocr_line' id='line_1_18' title="bbox 448 1727 2031 1810; baseline -0.008 -15"><span class='ocrx_word' id='word_1_126' title='bbox 448 1749 670 1810; x_wconf 86' lang='lat' dir='ltr'><strong>ceptum</strong></span> <span class='ocrx_word' id='word_1_127' title='bbox 721 1747 828 1801; x_wconf 86' lang='lat' dir='ltr'><strong>est,</strong></span> <span class='ocrx_word' id='word_1_128' title='bbox 865 1744 923 1791; x_wconf 89' lang='lat' dir='ltr'><strong>et</strong></span> <span class='ocrx_word' id='word_1_129' title='bbox 963 1735 1229 1791; x_wconf 87' lang='lat' dir='ltr'><strong>dimicare</strong></span> <span class='ocrx_word' id='word_1_130' title='bbox 1273 1739 1606 1795; x_wconf 87' lang='lat' dir='ltr'><strong>statuerunt,</strong></span> <span class='ocrx_word' id='word_1_131' title='bbox 1657 1731 1811 1801; x_wconf 75' lang='lat' dir='ltr'><strong>gnari</strong></span> <span class='ocrx_word' id='word_1_132' title='bbox 1858 1727 2031 1799; x_wconf 85' lang='lat' dir='ltr'><strong>quod,</strong></span> 
     </span>
    </p>
   </div>
   <div class='ocr_carea' id='block_1_19' title="bbox 450 1821 2106 1916">
    <p class='ocr_par' dir='ltr' id='par_1_19' title="bbox 450 1821 2106 1916">
     <span class='ocr_line' id='line_1_19' title="bbox 450 1821 2106 1916; baseline -0.007 -30"><span class='ocrx_word' id='word_1_133' title='bbox 450 1831 560 1886; x_wconf 87' lang='lat' dir='ltr'><strong>nisi</strong></span> <span class='ocrx_word' id='word_1_134' title='bbox 607 1828 900 1885; x_wconf 82' lang='lat' dir='ltr'><strong>celerrime</strong></span> <span class='ocrx_word' id='word_1_135' title='bbox 938 1838 1219 1882; x_wconf 83' lang='lat' dir='ltr'><strong>certamen</strong></span> <span class='ocrx_word' id='word_1_136' title='bbox 1262 1823 1608 1879; x_wconf 74' lang='lat' dir='ltr'><strong>conserendo</strong></span> <span class='ocrx_word' id='word_1_137' title='bbox 1645 1837 1772 1878; x_wconf 90' lang='lat' dir='ltr'><strong>sese</strong></span> <span class='ocrx_word' id='word_1_138' title='bbox 1822 1821 2028 1877; x_wconf 85' lang='lat' dir='ltr'><strong>libera-</strong></span> <span class='ocrx_word' id='word_1_139' title='bbox 2066 1863 2106 1916; x_wconf 72' lang='grc' dir='ltr'><strong><em>Β</em></strong></span> 
     </span>
    </p>
   </div>
   <div class='ocr_carea' id='block_1_20' title="bbox 451 1913 2034 1990">
    <p class='ocr_par' dir='ltr' id='par_1_20' title="bbox 451 1913 2034 1990">
     <span class='ocr_line' id='line_1_20' title="bbox 451 1913 2034 1990; baseline -0.008 -11"><span class='ocrx_word' id='word_1_140' title='bbox 451 1934 600 1988; x_wconf 83' lang='lat' dir='ltr'><strong>rent,</strong></span> <span class='ocrx_word' id='word_1_141' title='bbox 636 1932 828 1978; x_wconf 89' lang='lat' dir='ltr'><strong>contra</strong></span> <span class='ocrx_word' id='word_1_142' title='bbox 863 1921 1041 1975; x_wconf 87' lang='lat' dir='ltr'><strong>multo</strong></span> <span class='ocrx_word' id='word_1_143' title='bbox 1087 1919 1273 1990; x_wconf 88' lang='lat' dir='ltr'><strong>plures</strong></span> <span class='ocrx_word' id='word_1_144' title='bbox 1306 1924 1635 1988; x_wconf 77' lang='lat' dir='ltr'><strong>pugnarent,</strong></span> <span class='ocrx_word' id='word_1_145' title='bbox 1680 1923 1736 1971; x_wconf 92' lang='lat' dir='ltr'><strong>et</strong></span> <span class='ocrx_word' id='word_1_146' title='bbox 1776 1913 1905 1968; x_wconf 85' lang='lat' dir='ltr'><strong>dein</strong></span> <span class='ocrx_word' id='word_1_147' title='bbox 1934 1926 2034 1967; x_wconf 60' lang='lat' dir='ltr'><strong>sas-</strong></span> 
     </span>
    </p>
   </div>
   <div class='ocr_carea' id='block_1_21' title="bbox 450 2006 2034 2085">
    <p class='ocr_par' dir='ltr' id='par_1_21' title="bbox 450 2006 2034 2085">
     <span class='ocr_line' id='line_1_21' title="bbox 450 2006 2034 2085; baseline -0.006 -15"><span class='ocrx_word' id='word_1_148' title='bbox 450 2019 605 2071; x_wconf 84' lang='lat' dir='ltr'><strong>viora</strong></span> <span class='ocrx_word' id='word_1_149' title='bbox 649 2016 884 2085; x_wconf 79' lang='lat' dir='ltr'><strong>experiri</strong></span> <span class='ocrx_word' id='word_1_150' title='bbox 933 2013 1016 2069; x_wconf 89' lang='lat' dir='ltr'><strong>eis</strong></span> <span class='ocrx_word' id='word_1_151' title='bbox 1070 2011 1370 2068; x_wconf 87' lang='lat' dir='ltr'><strong>accideret.</strong></span> <span class='ocrx_word' id='word_1_152' title='bbox 1422 2009 1559 2065; x_wconf 89' lang='lat' dir='ltr'><strong>Cum</strong></span> <span class='ocrx_word' id='word_1_153' title='bbox 1616 2016 1828 2070; x_wconf 80' lang='lat' dir='ltr'><strong>autem.</strong></span> <span class='ocrx_word' id='word_1_154' title='bbox 1886 2006 2034 2062; x_wconf 83' lang='lat' dir='ltr'><strong>inter</strong></span> 
     </span>
    </p>
   </div>
   <div class='ocr_carea' id='block_1_22' title="bbox 452 2094 2033 2178">
    <p class='ocr_par' dir='ltr' id='par_1_22' title="bbox 452 2094 2033 2178">
     <span class='ocr_line' id='line_1_22' title="bbox 452 2094 2033 2178; baseline -0.008 -13"><span class='ocrx_word' id='word_1_155' title='bbox 452 2119 750 2178; x_wconf 89' lang='lat' dir='ltr'><strong>utrumque</strong></span> <span class='ocrx_word' id='word_1_156' title='bbox 821 2094 1131 2161; x_wconf 83' lang='lat' dir='ltr'><strong>exercitum</strong></span> <span class='ocrx_word' id='word_1_157' title='bbox 1192 2105 1260 2159; x_wconf 88' lang='lat' dir='ltr'><strong>ad</strong></span> <span class='ocrx_word' id='word_1_158' title='bbox 1326 2102 1494 2174; x_wconf 69' lang='lat' dir='ltr'><strong>Egos</strong></span> <span class='ocrx_word' id='word_1_159' title='bbox 1579 2100 1837 2156; x_wconf 87' lang='lat' dir='ltr'><strong>Potamos</strong></span> <span class='ocrx_word' id='word_1_160' title='bbox 1920 2099 2033 2153; x_wconf 81' lang='lat' dir='ltr'><strong>acri</strong></span> 
     </span>
    </p>
   </div>
   <div class='ocr_carea' id='block_1_23' title="bbox 451 2192 2035 2267">
    <p class='ocr_par' dir='ltr' id='par_1_23' title="bbox 451 2192 2035 2267">
     <span class='ocr_line' id='line_1_23' title="bbox 451 2192 2035 2267; baseline -0.006 -12"><span class='ocrx_word' id='word_1_161' title='bbox 451 2200 755 2255; x_wconf 83' lang='lat' dir='ltr'><strong>certamine</strong></span> <span class='ocrx_word' id='word_1_162' title='bbox 820 2206 1033 2263; x_wconf 78' lang='lat' dir='ltr'><strong>exorto,</strong></span> <span class='ocrx_word' id='word_1_163' title='bbox 1091 2198 1215 2267; x_wconf 87' lang='lat' dir='ltr'><strong>plus</strong></span> <span class='ocrx_word' id='word_1_164' title='bbox 1282 2195 1534 2249; x_wconf 80' lang='lat' dir='ltr'><strong>valerent</strong></span> <span class='ocrx_word' id='word_1_165' title='bbox 1598 2192 1861 2256; x_wconf 87' lang='lat' dir='ltr'><strong>barbari,</strong></span> <span class='ocrx_word' id='word_1_166' title='bbox 1925 2204 2035 2245; x_wconf 90' lang='lat' dir='ltr'><strong>non</strong></span> 
     </span>
    </p>
   </div>
   <div class='ocr_carea' id='block_1_24' title="bbox 450 2284 2039 2360">
    <p class='ocr_par' dir='ltr' id='par_1_24' title="bbox 450 2284 2039 2360">
     <span class='ocr_line' id='line_1_24' title="bbox 450 2284 2039 2360; baseline -0.006 -14"><span class='ocrx_word' id='word_1_167' title='bbox 450 2291 712 2360; x_wconf 84' lang='lat' dir='ltr'><strong>equidem</strong></span> <span class='ocrx_word' id='word_1_168' title='bbox 752 2290 898 2359; x_wconf 82' lang='lat' dir='ltr'><strong>quod</strong></span> <span class='ocrx_word' id='word_1_169' title='bbox 956 2290 1024 2344; x_wconf 86' lang='lat' dir='ltr'><strong>ad</strong></span> <span class='ocrx_word' id='word_1_170' title='bbox 1075 2303 1316 2358; x_wconf 79' lang='lat' dir='ltr'><strong>pugnam</strong></span> <span class='ocrx_word' id='word_1_171' title='bbox 1363 2294 1549 2343; x_wconf 86' lang='lat' dir='ltr'><strong>essent</strong></span> <span class='ocrx_word' id='word_1_172' title='bbox 1598 2285 1856 2339; x_wconf 89' lang='lat' dir='ltr'><strong>meliores</strong></span> <span class='ocrx_word' id='word_1_173' title='bbox 1892 2284 2039 2355; x_wconf 88' lang='lat' dir='ltr'><strong>(quis</strong></span> 
     </span>
    </p>
   </div>
   <div class='ocr_carea' id='block_1_25' title="bbox 453 2376 2039 2449">
    <p class='ocr_par' dir='ltr' id='par_1_25' title="bbox 453 2376 2039 2449">
     <span class='ocr_line' id='line_1_25' title="bbox 453 2376 2039 2449; baseline -0.004 -12"><span class='ocrx_word' id='word_1_174' title='bbox 453 2387 604 2438; x_wconf 87' lang='lat' dir='ltr'><strong>enim</strong></span> <span class='ocrx_word' id='word_1_175' title='bbox 636 2384 742 2437; x_wconf 84' lang='lat' dir='ltr'><strong>hoc</strong></span> <span class='ocrx_word' id='word_1_176' title='bbox 785 2381 1077 2449; x_wconf 86' lang='lat' dir='ltr'><strong>diceret?),</strong></span> <span class='ocrx_word' id='word_1_177' title='bbox 1119 2381 1215 2436; x_wconf 88' lang='lat' dir='ltr'><strong>sed</strong></span> <span class='ocrx_word' id='word_1_178' title='bbox 1263 2380 1411 2449; x_wconf 88' lang='lat' dir='ltr'><strong>quod</strong></span> <span class='ocrx_word' id='word_1_179' title='bbox 1458 2393 1526 2434; x_wconf 80' lang='lat' dir='ltr'><strong>ex</strong></span> <span class='ocrx_word' id='word_1_180' title='bbox 1576 2378 1656 2432; x_wconf 87' lang='lat' dir='ltr'><strong>eis</strong></span> <span class='ocrx_word' id='word_1_181' title='bbox 1707 2390 1900 2431; x_wconf 91' lang='lat' dir='ltr'><strong>omnes</strong></span> <span class='ocrx_word' id='word_1_182' title='bbox 1943 2376 2039 2446; x_wconf 86' lang='lat' dir='ltr'><strong>qui</strong></span> 
     </span>
    </p>
   </div>
   <div class='ocr_carea' id='block_1_26' title="bbox 455 2470 2042 2529">
    <p class='ocr_par' dir='ltr' id='par_1_26' title="bbox 455 2470 2042 2529">
     <span class='ocr_line' id='line_1_26' title="bbox 455 2470 2042 2529; baseline -0.003 -1"><span class='ocrx_word' id='word_1_183' title='bbox 455 2475 562 2528; x_wconf 81' lang='lat' dir='ltr'><strong>sub</strong></span> <span class='ocrx_word' id='word_1_184' title='bbox 604 2475 765 2529; x_wconf 89' lang='lat' dir='ltr'><strong>nobis</strong></span> <span class='ocrx_word' id='word_1_185' title='bbox 824 2474 1141 2527; x_wconf 73' lang='lat' dir='ltr'><strong>m2litahant</strong></span> <span class='ocrx_word' id='word_1_186' title='bbox 1204 2471 1499 2527; x_wconf 82' lang='lat' dir='ltr'><strong>confestim</strong></span> <span class='ocrx_word' id='word_1_187' title='bbox 1560 2471 1627 2525; x_wconf 87' lang='lat' dir='ltr'><strong>ad</strong></span> <span class='ocrx_word' id='word_1_188' title='bbox 1677 2470 1804 2525; x_wconf 86' lang='lat' dir='ltr'><strong>illos</strong></span> <span class='ocrx_word' id='word_1_189' title='bbox 1860 2479 2042 2523; x_wconf 86' lang='lat' dir='ltr'><strong>trans-</strong></span> 
     </span>
    </p>
   </div>
   <div class='ocr_carea' id='block_1_27' title="bbox 456 2562 2041 2637">
    <p class='ocr_par' dir='ltr' id='par_1_27' title="bbox 456 2562 2041 2637">
     <span class='ocr_line' id='line_1_27' title="bbox 456 2562 2041 2637; baseline -0.003 -17"><span class='ocrx_word' id='word_1_190' title='bbox 456 2568 625 2621; x_wconf 87' lang='lat' dir='ltr'><strong>ierint</strong></span> <span class='ocrx_word' id='word_1_191' title='bbox 659 2568 714 2637; x_wconf 87' lang='grc' dir='ltr'>(ο</span> <span class='ocrx_word' id='word_1_192' title='bbox 752 2566 1037 2621; x_wconf 83' lang='lat' dir='ltr'><strong>crudelem</strong></span> <span class='ocrx_word' id='word_1_193' title='bbox 1084 2566 1236 2620; x_wconf 87' lang='lat' dir='ltr'><strong>illum</strong></span> <span class='ocrx_word' id='word_1_194' title='bbox 1274 2579 1461 2619; x_wconf 86' lang='lat' dir='ltr'><strong>casum</strong></span> <span class='ocrx_word' id='word_1_195' title='bbox 1489 2562 1562 2632; x_wconf 88' lang='lat' dir='ltr'><strong>l),</strong></span> <span class='ocrx_word' id='word_1_196' title='bbox 1596 2571 1913 2618; x_wconf 84' lang='lat' dir='ltr'><strong>nostrorum</strong></span> <span class='ocrx_word' id='word_1_197' title='bbox 1950 2562 2041 2616; x_wconf 90' lang='lat' dir='ltr'><strong>alii</strong></span> 
     </span>
    </p>
   </div>
   <div class='ocr_carea' id='block_1_28' title="bbox 456 2655 2046 2728">
    <p class='ocr_par' dir='ltr' id='par_1_28' title="bbox 456 2655 2046 2728">
     <span class='ocr_line' id='line_1_28' title="bbox 456 2655 2046 2728; baseline -0.004 -15"><span class='ocrx_word' id='word_1_198' title='bbox 456 2658 782 2714; x_wconf 88' lang='lat' dir='ltr'><strong>ceciderunt</strong></span> <span class='ocrx_word' id='word_1_199' title='bbox 831 2673 940 2713; x_wconf 89' lang='lat' dir='ltr'><strong>non</strong></span> <span class='ocrx_word' id='word_1_200' title='bbox 972 2657 1172 2728; x_wconf 89' lang='lat' dir='ltr'><strong>pauci,</strong></span> <span class='ocrx_word' id='word_1_201' title='bbox 1224 2657 1319 2712; x_wconf 85' lang='lat' dir='ltr'><strong>alii</strong></span> <span class='ocrx_word' id='word_1_202' title='bbox 1354 2656 1483 2728; x_wconf 81' lang='lat' dir='ltr'><strong>fuga</strong></span> <span class='ocrx_word' id='word_1_203' title='bbox 1535 2655 1900 2726; x_wconf 90' lang='lat' dir='ltr'><strong>undequaque</strong></span> <span class='ocrx_word' id='word_1_204' title='bbox 1928 2655 2046 2710; x_wconf 85' lang='lat' dir='ltr'><strong>ela-</strong></span> 
     </span>
    </p>
   </div>
   <div class='ocr_carea' id='block_1_29' title="bbox 356 2746 2045 2823">
    <p class='ocr_par' dir='ltr' id='par_1_29' title="bbox 356 2746 2045 2823">
     <span class='ocr_line' id='line_1_29' title="bbox 356 2746 2045 2823; baseline -0.002 -18"><span class='ocrx_word' id='word_1_205' title='bbox 356 2812 366 2823; x_wconf 55' lang='grc'><em>,</em></span> <span class='ocrx_word' id='word_1_206' title='bbox 457 2751 541 2821; x_wconf 85' lang='lat' dir='ltr'><strong>psi</strong></span> <span class='ocrx_word' id='word_1_207' title='bbox 572 2760 723 2815; x_wconf 90' lang='lat' dir='ltr'><strong>sunt,</strong></span> <span class='ocrx_word' id='word_1_208' title='bbox 767 2751 886 2820; x_wconf 89' lang='lat' dir='ltr'><strong>ipse</strong></span> <span class='ocrx_word' id='word_1_209' title='bbox 932 2759 1117 2805; x_wconf 90' lang='lat' dir='ltr'><strong>autem</strong></span> <span class='ocrx_word' id='word_1_210' title='bbox 1153 2750 1305 2806; x_wconf 85' lang='lat' dir='ltr'><strong>solus</strong></span> <span class='ocrx_word' id='word_1_211' title='bbox 1330 2746 1485 2804; x_wconf 84' lang='lat' dir='ltr'><strong>inter</strong></span> <span class='ocrx_word' id='word_1_212' title='bbox 1522 2747 1725 2802; x_wconf 78' lang='lat' dir='ltr'><strong>niultos</strong></span> <span class='ocrx_word' id='word_1_213' title='bbox 1755 2755 2045 2817; x_wconf 84' lang='lat' dir='ltr'><strong>superatos</strong></span> 
     </span>
    </p>
   </div>
   <div class='ocr_carea' id='block_1_30' title="bbox 459 2838 2087 2910">
    <p class='ocr_par' dir='ltr' id='par_1_30' title="bbox 459 2838 2087 2910">
     <span class='ocr_line' id='line_1_30' title="bbox 459 2838 2087 2910; baseline -0.003 -14"><span class='ocrx_word' id='word_1_214' title='bbox 459 2842 854 2908; x_wconf 78' lang='lat' dir='ltr'><strong>insuperabilis</strong></span> <span class='ocrx_word' id='word_1_215' title='bbox 889 2842 1146 2906; x_wconf 77' lang='lat' dir='ltr'><strong>exstitit;</strong></span> <span class='ocrx_word' id='word_1_216' title='bbox 1199 2849 1294 2895; x_wconf 88' lang='lat' dir='ltr'><strong>aut</strong></span> <span class='ocrx_word' id='word_1_217' title='bbox 1328 2843 1513 2910; x_wconf 88' lang='lat' dir='ltr'><strong>potius</strong></span> <span class='ocrx_word' id='word_1_218' title='bbox 1552 2847 1765 2893; x_wconf 90' lang='lat' dir='ltr'><strong>tantum</strong></span> <span class='ocrx_word' id='word_1_219' title='bbox 1799 2838 1955 2893; x_wconf 87' lang='lat' dir='ltr'><strong>abest</strong></span> <span class='ocrx_word' id='word_1_220' title='bbox 1985 2842 2087 2903; x_wconf 71' lang='lat' dir='ltr'><strong>ut;-</strong></span> 
     </span>
    </p>
   </div>
   <div class='ocr_carea' id='block_1_31' title="bbox 463 2930 2042 3002">
    <p class='ocr_par' dir='ltr' id='par_1_31' title="bbox 463 2930 2042 3002">
     <span class='ocr_line' id='line_1_31' title="bbox 463 2930 2042 3002; baseline -0.003 -14"><span class='ocrx_word' id='word_1_221' title='bbox 463 2934 868 3000; x_wconf 83' lang='lat' dir='ltr'><strong>retrocesscrit,</strong></span> <span class='ocrx_word' id='word_1_222' title='bbox 903 2943 985 2996; x_wconf 88' lang='lat' dir='ltr'><strong>ut,</strong></span> <span class='ocrx_word' id='word_1_223' title='bbox 1028 2947 1139 2987; x_wconf 88' lang='lat' dir='ltr'><strong>non</strong></span> <span class='ocrx_word' id='word_1_224' title='bbox 1180 2935 1357 2988; x_wconf 87' lang='lat' dir='ltr'><strong>solum</strong></span> <span class='ocrx_word' id='word_1_225' title='bbox 1403 2930 1804 3002; x_wconf 80' lang='lat' dir='ltr'><strong>prosternendo</strong></span> <span class='ocrx_word' id='word_1_226' title='bbox 1833 2931 2042 2995; x_wconf 83' lang='lat' dir='ltr'><strong>hostes,</strong></span> 
     </span>
    </p>
   </div>
   <div class='ocr_carea' id='block_1_32' title="bbox 468 3021 2047 3095">
    <p class='ocr_par' dir='ltr' id='par_1_32' title="bbox 468 3021 2047 3095">
     <span class='ocr_line' id='line_1_32' title="bbox 468 3021 2047 3095; baseline -0.001 -16"><span class='ocrx_word' id='word_1_227' title='bbox 468 3033 607 3095; x_wconf 87' lang='lat' dir='ltr'><strong>quot</strong></span> <span class='ocrx_word' id='word_1_228' title='bbox 641 3025 844 3094; x_wconf 80' lang='lat' dir='ltr'><strong>aliquis</strong></span> <span class='ocrx_word' id='word_1_229' title='bbox 872 3025 1017 3079; x_wconf 88' lang='lat' dir='ltr'><strong>scire</strong></span> <span class='ocrx_word' id='word_1_230' title='bbox 1049 3032 1306 3093; x_wconf 87' lang='lat' dir='ltr'><strong>nequeat,</strong></span> <span class='ocrx_word' id='word_1_231' title='bbox 1340 3027 1438 3078; x_wconf 73' lang='lat' dir='ltr'><strong>sed</strong></span> <span class='ocrx_word' id='word_1_232' title='bbox 1471 3025 1635 3077; x_wconf 72' lang='lat' dir='ltr'><strong>etiam</strong></span> <span class='ocrx_word' id='word_1_233' title='bbox 1668 3021 1777 3077; x_wconf 90' lang='lat' dir='ltr'><strong>illis</strong></span> <span class='ocrx_word' id='word_1_234' title='bbox 1815 3026 2047 3077; x_wconf 83' lang='lat' dir='ltr'><strong>vulnera</strong></span> 
     </span>
    </p>
   </div>
   <div class='ocr_carea' id='block_1_33' title="bbox 468 3114 2045 3186">
    <p class='ocr_par' dir='ltr' id='par_1_33' title="bbox 468 3114 2045 3186">
     <span class='ocr_line' id='line_1_33' title="bbox 468 3114 2045 3186; baseline -0.004 -13"><span class='ocrx_word' id='word_1_235' title='bbox 468 3117 786 3184; x_wconf 79' lang='lat' dir='ltr'><strong>interendo,</strong></span> <span class='ocrx_word' id='word_1_236' title='bbox 841 3116 993 3171; x_wconf 85' lang='lat' dir='ltr'><strong>illius</strong></span> <span class='ocrx_word' id='word_1_237' title='bbox 1043 3116 1221 3171; x_wconf 90' lang='lat' dir='ltr'><strong>virtus</strong></span> <span class='ocrx_word' id='word_1_238' title='bbox 1271 3116 1431 3186; x_wconf 87' lang='lat' dir='ltr'><strong>quasi</strong></span> <span class='ocrx_word' id='word_1_239' title='bbox 1486 3116 1783 3185; x_wconf 84' lang='lat' dir='ltr'><strong>ancipitem</strong></span> <span class='ocrx_word' id='word_1_240' title='bbox 1822 3114 2045 3168; x_wconf 88' lang='lat' dir='ltr'><strong>illorum</strong></span> 
     </span>
    </p>
   </div>
   <div class='ocr_carea' id='block_1_34' title="bbox 2128 875 3712 952">
    <p class='ocr_par' dir='ltr' id='par_1_34' title="bbox 2128 875 3712 952">
     <span class='ocr_line' id='line_1_34' title="bbox 2128 875 3712 952; baseline 0.005 -26"><span class='ocrx_word' id='word_1_241' title='bbox 2128 877 2383 944; x_wconf 77' lang='grc' dir='ltr'><strong>φρονεῖν,</strong></span> <span class='ocrx_word' id='word_1_242' title='bbox 2441 876 2515 946; x_wconf 85' lang='grc' dir='ltr'>μὴ</span> <span class='ocrx_word' id='word_1_243' title='bbox 2574 875 2865 945; x_wconf 80' lang='grc' dir='ltr'>βούλεσθαι</span> <span class='ocrx_word' id='word_1_244' title='bbox 2911 877 3003 942; x_wconf 82' lang='grc' dir='ltr'><strong>δὲ,</strong></span> <span class='ocrx_word' id='word_1_245' title='bbox 3056 878 3171 933; x_wconf 80' lang='grc' dir='ltr'>ἀλλ’</span> <span class='ocrx_word' id='word_1_246' title='bbox 3230 881 3509 952; x_wconf 75' lang='grc' dir='ltr'><strong>ἐπιεικείᾳ</strong></span> <span class='ocrx_word' id='word_1_247' title='bbox 3575 883 3712 951; x_wconf 86' lang='grc' dir='ltr'><strong>μετά</strong></span> 
     </span>
    </p>
   </div>
   <div class='ocr_carea' id='block_1_35' title="bbox 2130 965 3714 1041">
    <p class='ocr_par' dir='ltr' id='par_1_35' title="bbox 2130 965 3714 1041">
     <span class='ocr_line' id='line_1_35' title="bbox 2130 965 3714 1041; baseline 0.007 -24"><span class='ocrx_word' id='word_1_248' title='bbox 2130 965 2545 1037; x_wconf 77' lang='grc' dir='ltr'><strong>μεγαλοψυχίας</strong></span> <span class='ocrx_word' id='word_1_249' title='bbox 2598 968 2800 1022; x_wconf 83' lang='grc' dir='ltr'><strong>διδόναι</strong></span> <span class='ocrx_word' id='word_1_250' title='bbox 2837 970 3042 1033; x_wconf 82' lang='grc' dir='ltr'>παντὸς</span> <span class='ocrx_word' id='word_1_251' title='bbox 3096 973 3301 1041; x_wconf 78' lang='grc' dir='ltr'>μᾶλλον</span> <span class='ocrx_word' id='word_1_252' title='bbox 3352 974 3714 1041; x_wconf 80' lang='grc' dir='ltr'>Ἐπαμυνών-</span> 
     </span>
    </p>
   </div>
   <div class='ocr_carea' id='block_1_36' title="bbox 2126 1055 3713 1148">
    <p class='ocr_par' dir='ltr' id='par_1_36' title="bbox 2126 1055 3713 1148">
     <span class='ocr_line' id='line_1_36' title="bbox 2126 1055 3713 1148; baseline 0.007 -40"><span class='ocrx_word' id='word_1_253' title='bbox 2126 1055 2258 1109; x_wconf 89' lang='grc' dir='ltr'>δου·</span> <span class='ocrx_word' id='word_1_254' title='bbox 2301 1057 2459 1109; x_wconf 80' lang='grc' dir='ltr'>ταυτὶ</span> <span class='ocrx_word' id='word_1_255' title='bbox 2514 1057 2643 1127; x_wconf 78' lang='grc' dir='ltr'>γὰρ,</span> <span class='ocrx_word' id='word_1_256' title='bbox 2686 1058 2787 1112; x_wconf 72' lang='grc' dir='ltr'><strong>κᾶν</strong></span> <span class='ocrx_word' id='word_1_257' title='bbox 2832 1057 2946 1128; x_wconf 80' lang='grc' dir='ltr'>ἐγὼ</span> <span class='ocrx_word' id='word_1_258' title='bbox 2998 1062 3078 1132; x_wconf 73' lang='grc' dir='ltr'>μὴ</span> <span class='ocrx_word' id='word_1_259' title='bbox 3133 1061 3302 1148; x_wconf 82' lang='grc' dir='ltr'>λέγω,</span> <span class='ocrx_word' id='word_1_260' title='bbox 3348 1065 3555 1129; x_wconf 78' lang='grc' dir='ltr'>πάντες</span> <span class='ocrx_word' id='word_1_261' title='bbox 3593 1066 3713 1139; x_wconf 50' lang='lat' dir='ltr'><strong>poi].</strong></span> 
     </span>
    </p>
   </div>
   <div class='ocr_carea' id='block_1_37' title="bbox 2132 1163 2337 1202">
    <p class='ocr_par' dir='ltr' id='par_1_37' title="bbox 2132 1163 2337 1202">
     <span class='ocr_line' id='line_1_37' title="bbox 2132 1163 2337 1202; baseline 0.01 -2"><span class='ocrx_word' id='word_1_262' title='bbox 2132 1163 2337 1202; x_wconf 86' lang='grc' dir='ltr'>σονται.</span> 
     </span>
    </p>
   </div>
   <div class='ocr_carea' id='block_1_38' title="bbox 2203 1263 3708 1343">
    <p class='ocr_par' dir='ltr' id='par_1_38' title="bbox 2203 1263 3708 1343">
     <span class='ocr_line' id='line_1_38' title="bbox 2203 1263 3708 1343; baseline 0.007 -27"><span class='ocrx_word' id='word_1_263' title='bbox 2203 1263 2460 1329; x_wconf 85' lang='grc' dir='ltr'>Τοιοῦτος</span> <span class='ocrx_word' id='word_1_264' title='bbox 2506 1264 2605 1335; x_wconf 78' lang='grc' dir='ltr'>μὲν</span> <span class='ocrx_word' id='word_1_265' title='bbox 2655 1269 2749 1321; x_wconf 71' lang='grc' dir='ltr'><strong>ἐπὶ</strong></span> <span class='ocrx_word' id='word_1_266' title='bbox 2782 1268 2883 1340; x_wconf 83' lang='grc' dir='ltr'>τῆς</span> <span class='ocrx_word' id='word_1_267' title='bbox 2919 1271 3109 1335; x_wconf 84' lang='grc' dir='ltr'>Ἀσίας</span> <span class='ocrx_word' id='word_1_268' title='bbox 3137 1286 3154 1303; x_wconf 78' lang='grc' dir='ltr'><strong>ο</strong></span> <span class='ocrx_word' id='word_1_269' title='bbox 3203 1270 3272 1325; x_wconf 78' lang='grc' dir='ltr'>τὰ</span> <span class='ocrx_word' id='word_1_270' title='bbox 3323 1271 3369 1324; x_wconf 88' lang='grc' dir='ltr'>δ’</span> <span class='ocrx_word' id='word_1_271' title='bbox 3406 1273 3490 1336; x_wconf 82' lang='grc' dir='ltr'>εἰς</span> <span class='ocrx_word' id='word_1_272' title='bbox 3530 1272 3708 1343; x_wconf 82' lang='grc' dir='ltr'><strong>Εὐρώ·</strong></span> 
     </span>
    </p>
   </div>
   <div class='ocr_carea' id='block_1_39' title="bbox 2133 1358 3717 1438">
    <p class='ocr_par' dir='ltr' id='par_1_39' title="bbox 2133 1358 3717 1438">
     <span class='ocr_line' id='line_1_39' title="bbox 2133 1358 3717 1438; baseline 0.005 -29"><span class='ocrx_word' id='word_1_273' title='bbox 2133 1374 2264 1427; x_wconf 82' lang='grc' dir='ltr'>πην,</span> <span class='ocrx_word' id='word_1_274' title='bbox 2304 1358 2457 1421; x_wconf 88' lang='grc' dir='ltr'>ποῖός</span> <span class='ocrx_word' id='word_1_275' title='bbox 2481 1376 2606 1427; x_wconf 89' lang='grc' dir='ltr'>τις;</span> <span class='ocrx_word' id='word_1_276' title='bbox 2635 1361 2859 1431; x_wconf 84' lang='grc' dir='ltr'>Πρῶτον</span> <span class='ocrx_word' id='word_1_277' title='bbox 2887 1363 2989 1433; x_wconf 81' lang='grc' dir='ltr'>μὲν</span> <span class='ocrx_word' id='word_1_278' title='bbox 3030 1364 3167 1436; x_wconf 68' lang='grc' dir='ltr'>πρὸς</span> <span class='ocrx_word' id='word_1_279' title='bbox 3206 1366 3334 1427; x_wconf 75' lang='grc' dir='ltr'>τοὺς</span> <span class='ocrx_word' id='word_1_280' title='bbox 3373 1368 3469 1419; x_wconf 73' lang='grc' dir='ltr'><strong>ἐπὶ</strong></span> <span class='ocrx_word' id='word_1_281' title='bbox 3497 1366 3717 1438; x_wconf 60' lang='grc' dir='ltr'>Θρᾴκης</span> 
     </span>
    </p>
   </div>
   <div class='ocr_carea' id='block_1_40' title="bbox 2134 1448 3716 1529">
    <p class='ocr_par' dir='ltr' id='par_1_40' title="bbox 2134 1448 3716 1529">
     <span class='ocr_line' id='line_1_40' title="bbox 2134 1448 3716 1529; baseline 0.008 -28"><span class='ocrx_word' id='word_1_282' title='bbox 2134 1448 2320 1513; x_wconf 82' lang='grc' dir='ltr'>κακῶς</span> <span class='ocrx_word' id='word_1_283' title='bbox 2366 1451 2833 1520; x_wconf 82' lang='grc' dir='ltr'>εἰσκωμάσαντας</span> <span class='ocrx_word' id='word_1_284' title='bbox 2884 1454 3104 1525; x_wconf 85' lang='grc' dir='ltr'>Πέρσας</span> <span class='ocrx_word' id='word_1_285' title='bbox 3160 1459 3255 1513; x_wconf 78' lang='grc' dir='ltr'><strong>καὶ</strong></span> <span class='ocrx_word' id='word_1_286' title='bbox 3318 1457 3565 1521; x_wconf 77' lang='grc' dir='ltr'>Ἰταλοὺς</span> <span class='ocrx_word' id='word_1_287' title='bbox 3620 1463 3716 1529; x_wconf 80' lang='lat' dir='ltr'><strong>(li).</strong></span> 
     </span>
    </p>
   </div>
   <div class='ocr_carea' id='block_1_41' title="bbox 2133 1536 3714 1618">
    <p class='ocr_par' dir='ltr' id='par_1_41' title="bbox 2133 1536 3714 1618">
     <span class='ocr_line' id='line_1_41' title="bbox 2133 1536 3714 1618; baseline 0.006 -26"><span class='ocrx_word' id='word_1_288' title='bbox 2133 1536 2229 1593; x_wconf 76' lang='grc' dir='ltr'>καὶ</span> <span class='ocrx_word' id='word_1_289' title='bbox 2258 1543 2325 1612; x_wconf 73' lang='grc' dir='ltr'>τῇ</span> <span class='ocrx_word' id='word_1_290' title='bbox 2359 1542 2495 1612; x_wconf 74' lang='grc' dir='ltr'>πρὸς</span> <span class='ocrx_word' id='word_1_291' title='bbox 2525 1542 2790 1610; x_wconf 79' lang='grc' dir='ltr'><strong>ἀλλήλους</strong></span> <span class='ocrx_word' id='word_1_292' title='bbox 2816 1544 3077 1599; x_wconf 83' lang='grc' dir='ltr'><strong>συστάσει</strong></span> <span class='ocrx_word' id='word_1_293' title='bbox 3110 1546 3351 1618; x_wconf 80' lang='grc' dir='ltr'>θράσους</span> <span class='ocrx_word' id='word_1_294' title='bbox 3386 1550 3490 1602; x_wconf 82' lang='grc' dir='ltr'><strong>οὐκ</strong></span> <span class='ocrx_word' id='word_1_295' title='bbox 3535 1551 3714 1617; x_wconf 80' lang='grc' dir='ltr'>ὀλίγου</span> 
     </span>
    </p>
   </div>
   <div class='ocr_carea' id='block_1_42' title="bbox 2135 1629 3717 1712">
    <p class='ocr_par' dir='ltr' id='par_1_42' title="bbox 2135 1629 3717 1712">
     <span class='ocr_line' id='line_1_42' title="bbox 2135 1629 3717 1712; baseline 0.008 -31"><span class='ocrx_word' id='word_1_296' title='bbox 2135 1629 2477 1700; x_wconf 86' lang='grc' dir='ltr'>πλησθέντας</span> <span class='ocrx_word' id='word_1_297' title='bbox 2526 1630 2603 1694; x_wconf 84' lang='grc' dir='ltr'><strong>ὡς</strong></span> <span class='ocrx_word' id='word_1_298' title='bbox 2634 1634 2726 1684; x_wconf 75' lang='grc' dir='ltr'>καὶ</span> <span class='ocrx_word' id='word_1_299' title='bbox 2778 1632 2848 1686; x_wconf 75' lang='grc' dir='ltr'>τὰ</span> <span class='ocrx_word' id='word_1_300' title='bbox 2905 1633 3109 1705; x_wconf 75' lang='grc' dir='ltr'>ἔσχατα</span> <span class='ocrx_word' id='word_1_301' title='bbox 3140 1637 3406 1706; x_wconf 75' lang='grc' dir='ltr'>ἀπειλεῖν,</span> <span class='ocrx_word' id='word_1_302' title='bbox 3452 1639 3602 1712; x_wconf 81' lang='grc' dir='ltr'>δεινή</span> <span class='ocrx_word' id='word_1_303' title='bbox 3636 1658 3717 1705; x_wconf 88' lang='grc' dir='ltr'><strong>τις</strong></span> 
     </span>
    </p>
   </div>
   <div class='ocr_carea' id='block_1_43' title="bbox 2138 1724 3716 1800">
    <p class='ocr_par' dir='ltr' id='par_1_43' title="bbox 2138 1724 3716 1800">
     <span class='ocr_line' id='line_1_43' title="bbox 2138 1724 3716 1800; baseline 0.006 -24"><span class='ocrx_word' id='word_1_304' title='bbox 2138 1725 2374 1796; x_wconf 75' lang='grc' dir='ltr'>συνέστη</span> <span class='ocrx_word' id='word_1_305' title='bbox 2433 1724 2579 1797; x_wconf 85' lang='grc' dir='ltr'><strong>μάχη</strong></span> <span class='ocrx_word' id='word_1_306' title='bbox 2623 1724 2945 1795; x_wconf 79' lang='grc' dir='ltr'>Ῥωμαίοις,</span> <span class='ocrx_word' id='word_1_307' title='bbox 2980 1728 3077 1781; x_wconf 74' lang='grc' dir='ltr'>καὶ</span> <span class='ocrx_word' id='word_1_308' title='bbox 3127 1729 3392 1800; x_wconf 82' lang='grc' dir='ltr'>πολεμεῖν</span> <span class='ocrx_word' id='word_1_309' title='bbox 3449 1732 3716 1800; x_wconf 77' lang='grc' dir='ltr'>ἔγνωσαν,</span> 
     </span>
    </p>
   </div>
   <div class='ocr_carea' id='block_1_44' title="bbox 2136 1817 3718 1891">
    <p class='ocr_par' dir='ltr' id='par_1_44' title="bbox 2136 1817 3718 1891">
     <span class='ocr_line' id='line_1_44' title="bbox 2136 1817 3718 1891; baseline 0.006 -21"><span class='ocrx_word' id='word_1_310' title='bbox 2136 1817 2339 1882; x_wconf 82' lang='grc' dir='ltr'>εἰδότες</span> <span class='ocrx_word' id='word_1_311' title='bbox 2389 1817 2487 1879; x_wconf 83' lang='grc' dir='ltr'>ὡς,</span> <span class='ocrx_word' id='word_1_312' title='bbox 2526 1818 2621 1870; x_wconf 74' lang='grc' dir='ltr'><strong>ἐὰν</strong></span> <span class='ocrx_word' id='word_1_313' title='bbox 2675 1819 2751 1888; x_wconf 82' lang='grc' dir='ltr'>μὴ</span> <span class='ocrx_word' id='word_1_314' title='bbox 2796 1818 3031 1887; x_wconf 78' lang='grc' dir='ltr'>τάχιστοι</span> <span class='ocrx_word' id='word_1_315' title='bbox 3080 1822 3461 1890; x_wconf 81' lang='grc' dir='ltr'>συμπεσόντες</span> <span class='ocrx_word' id='word_1_316' title='bbox 3495 1826 3718 1891; x_wconf 75' lang='grc' dir='ltr'>ἐξέλωσι</span> 
     </span>
    </p>
   </div>
   <div class='ocr_carea' id='block_1_45' title="bbox 2138 1906 3719 1987">
    <p class='ocr_par' dir='ltr' id='par_1_45' title="bbox 2138 1906 3719 1987">
     <span class='ocr_line' id='line_1_45' title="bbox 2138 1906 3719 1987; baseline 0.006 -26"><span class='ocrx_word' id='word_1_317' title='bbox 2138 1910 2300 1977; x_wconf 81' lang='grc' dir='ltr'>σφᾶς,</span> <span class='ocrx_word' id='word_1_318' title='bbox 2327 1908 2507 1979; x_wconf 83' lang='grc' dir='ltr'>πολλῷ</span> <span class='ocrx_word' id='word_1_319' title='bbox 2544 1909 2787 1964; x_wconf 82' lang='grc' dir='ltr'>πλείοσιν</span> <span class='ocrx_word' id='word_1_320' title='bbox 2818 1906 2977 1975; x_wconf 79' lang='grc' dir='ltr'>αὖθις</span> <span class='ocrx_word' id='word_1_321' title='bbox 3011 1912 3316 1983; x_wconf 82' lang='grc' dir='ltr'>μαχοῦνται</span> <span class='ocrx_word' id='word_1_322' title='bbox 3341 1917 3438 1969; x_wconf 69' lang='grc' dir='ltr'><strong>καὶ</strong></span> <span class='ocrx_word' id='word_1_323' title='bbox 3463 1917 3719 1987; x_wconf 82' lang='grc' dir='ltr'>σχετλιω-</span> 
     </span>
    </p>
   </div>
   <div class='ocr_carea' id='block_1_46' title="bbox 2134 2002 3720 2077">
    <p class='ocr_par' dir='ltr' id='par_1_46' title="bbox 2134 2002 3720 2077">
     <span class='ocr_line' id='line_1_46' title="bbox 2134 2002 3720 2077; baseline 0.005 -22"><span class='ocrx_word' id='word_1_324' title='bbox 2134 2002 2309 2072; x_wconf 87' lang='grc' dir='ltr'>τέρων</span> <span class='ocrx_word' id='word_1_325' title='bbox 2338 2002 2448 2055; x_wconf 83' lang='grc' dir='ltr'>τῶν</span> <span class='ocrx_word' id='word_1_326' title='bbox 2475 2002 2746 2073; x_wconf 80' lang='grc' dir='ltr'>δευτέρων</span> <span class='ocrx_word' id='word_1_327' title='bbox 2793 2002 3132 2075; x_wconf 77' lang='grc' dir='ltr'>πειραθῆναι</span> <span class='ocrx_word' id='word_1_328' title='bbox 3170 2008 3475 2077; x_wconf 84' lang='grc' dir='ltr'>παρέσται.</span> <span class='ocrx_word' id='word_1_329' title='bbox 3512 2010 3597 2073; x_wconf 84' lang='grc' dir='ltr'>Ὠς</span> <span class='ocrx_word' id='word_1_330' title='bbox 3644 2010 3720 2073; x_wconf 82' lang='grc' dir='ltr'><strong>δὲ,</strong></span> 
     </span>
    </p>
   </div>
   <div class='ocr_carea' id='block_1_47' title="bbox 2139 2094 3720 2171">
    <p class='ocr_par' dir='ltr' id='par_1_47' title="bbox 2139 2094 3720 2171">
     <span class='ocr_line' id='line_1_47' title="bbox 2139 2094 3720 2171; baseline 0.004 -23"><span class='ocrx_word' id='word_1_331' title='bbox 2139 2094 2572 2166; x_wconf 76' lang='grc' dir='ltr'>συνερῤωγότων</span> <span class='ocrx_word' id='word_1_332' title='bbox 2603 2094 2882 2167; x_wconf 81' lang='grc' dir='ltr'>ἑκατέρων</span> <span class='ocrx_word' id='word_1_333' title='bbox 2921 2095 3033 2151; x_wconf 84' lang='grc' dir='ltr'><strong>τῶν</strong></span> <span class='ocrx_word' id='word_1_334' title='bbox 3064 2101 3454 2170; x_wconf 80' lang='grc' dir='ltr'>στρατοπέδων</span> <span class='ocrx_word' id='word_1_335' title='bbox 3489 2103 3546 2155; x_wconf 88' lang='grc' dir='ltr'><strong>ἐν</strong></span> <span class='ocrx_word' id='word_1_336' title='bbox 3562 2102 3720 2171; x_wconf 82' lang='grc' dir='ltr'>Αίγὸς</span> 
     </span>
    </p>
   </div>
   <div class='ocr_carea' id='block_1_48' title="bbox 2139 2188 3719 2263">
    <p class='ocr_par' dir='ltr' id='par_1_48' title="bbox 2139 2188 3719 2263">
     <span class='ocr_line' id='line_1_48' title="bbox 2139 2188 3719 2263; baseline 0.004 -22"><span class='ocrx_word' id='word_1_337' title='bbox 2139 2189 2416 2258; x_wconf 78' lang='grc' dir='ltr'>Ποταμοῖς</span> <span class='ocrx_word' id='word_1_338' title='bbox 2451 2188 2547 2241; x_wconf 71' lang='grc' dir='ltr'>καὶ</span> <span class='ocrx_word' id='word_1_339' title='bbox 2574 2188 2674 2258; x_wconf 80' lang='grc' dir='ltr'>τῆς</span> <span class='ocrx_word' id='word_1_340' title='bbox 2699 2190 3024 2259; x_wconf 76' lang='grc' dir='ltr'>συμπλοκῆς</span> <span class='ocrx_word' id='word_1_341' title='bbox 3052 2190 3382 2262; x_wconf 63' lang='grc' dir='ltr'>θαυμαστῆς</span> <span class='ocrx_word' id='word_1_342' title='bbox 3409 2196 3719 2263; x_wconf 72' lang='grc' dir='ltr'>γεγονυίας,</span> 
     </span>
    </p>
   </div>
   <div class='ocr_carea' id='block_1_49' title="bbox 2139 2281 3725 2357">
    <p class='ocr_par' dir='ltr' id='par_1_49' title="bbox 2139 2281 3725 2357">
     <span class='ocr_line' id='line_1_49' title="bbox 2139 2281 3725 2357; baseline 0 -21"><span class='ocrx_word' id='word_1_343' title='bbox 2139 2282 2203 2336; x_wconf 83' lang='grc' dir='ltr'><strong>τὸ</strong></span> <span class='ocrx_word' id='word_1_344' title='bbox 2252 2283 2416 2335; x_wconf 81' lang='grc' dir='ltr'>πλέον</span> <span class='ocrx_word' id='word_1_345' title='bbox 2448 2281 2608 2352; x_wconf 76' lang='grc' dir='ltr'>ἔσχον</span> <span class='ocrx_word' id='word_1_346' title='bbox 2659 2284 2710 2334; x_wconf 77' lang='grc' dir='ltr'>οἱ</span> <span class='ocrx_word' id='word_1_347' title='bbox 2764 2281 3056 2354; x_wconf 81' lang='grc' dir='ltr'>βάρόαροι,</span> <span class='ocrx_word' id='word_1_348' title='bbox 3103 2284 3163 2338; x_wconf 70' lang='grc' dir='ltr'>οὗ</span> <span class='ocrx_word' id='word_1_349' title='bbox 3209 2285 3289 2355; x_wconf 80' lang='grc' dir='ltr'>τῷ</span> <span class='ocrx_word' id='word_1_350' title='bbox 3307 2287 3380 2340; x_wconf 78' lang='grc' dir='ltr'>τὰ</span> <span class='ocrx_word' id='word_1_351' title='bbox 3431 2288 3489 2350; x_wconf 85' lang='grc' dir='ltr'><strong>ἐς</strong></span> <span class='ocrx_word' id='word_1_352' title='bbox 3549 2287 3725 2357; x_wconf 82' lang='grc' dir='ltr'>μάχην</span> 
     </span>
    </p>
   </div>
   <div class='ocr_carea' id='block_1_50' title="bbox 2141 2369 3725 2452">
    <p class='ocr_par' dir='ltr' id='par_1_50' title="bbox 2141 2369 3725 2452">
     <span class='ocr_line' id='line_1_50' title="bbox 2141 2369 3725 2452; baseline 0.005 -27"><span class='ocrx_word' id='word_1_353' title='bbox 2141 2374 2427 2445; x_wconf 82' lang='grc' dir='ltr'>κρείττους</span> <span class='ocrx_word' id='word_1_354' title='bbox 2461 2390 2526 2441; x_wconf 86' lang='grc' dir='ltr'><strong>γε</strong></span> <span class='ocrx_word' id='word_1_355' title='bbox 2563 2369 2705 2428; x_wconf 77' lang='grc' dir='ltr'>εἶναι</span> <span class='ocrx_word' id='word_1_356' title='bbox 2742 2374 2848 2446; x_wconf 90' lang='grc' dir='ltr'>(τίς</span> <span class='ocrx_word' id='word_1_357' title='bbox 2886 2374 2932 2427; x_wconf 84' lang='grc' dir='ltr'>δ’</span> <span class='ocrx_word' id='word_1_358' title='bbox 2982 2374 3049 2429; x_wconf 80' lang='grc' dir='ltr'><strong>ἂν</strong></span> <span class='ocrx_word' id='word_1_359' title='bbox 3092 2377 3238 2430; x_wconf 79' lang='grc' dir='ltr'>εἴποι</span> <span class='ocrx_word' id='word_1_360' title='bbox 3292 2378 3473 2433; x_wconf 81' lang='grc' dir='ltr'>ταῦτα</span> <span class='ocrx_word' id='word_1_361' title='bbox 3495 2382 3535 2445; x_wconf 74' lang='grc' dir='ltr'>ς)</span> <span class='ocrx_word' id='word_1_362' title='bbox 3565 2382 3641 2452; x_wconf 81' lang='grc' dir='ltr'>τῷ</span> <span class='ocrx_word' id='word_1_363' title='bbox 3678 2381 3725 2433; x_wconf 82' lang='grc' dir='ltr'>δ’</span> 
     </span>
    </p>
   </div>
   <div class='ocr_carea' id='block_1_51' title="bbox 2142 2466 3716 2543">
    <p class='ocr_par' dir='ltr' id='par_1_51' title="bbox 2142 2466 3716 2543">
     <span class='ocr_line' id='line_1_51' title="bbox 2142 2466 3716 2543; baseline 0.004 -24"><span class='ocrx_word' id='word_1_364' title='bbox 2142 2466 2498 2520; x_wconf 84' lang='grc' dir='ltr'>οὑστινασοῦν</span> <span class='ocrx_word' id='word_1_365' title='bbox 2552 2466 2663 2520; x_wconf 85' lang='grc' dir='ltr'><strong>τῶν</strong></span> <span class='ocrx_word' id='word_1_366' title='bbox 2708 2467 2800 2538; x_wconf 77' lang='grc' dir='ltr'><strong>ὑφ’</strong></span> <span class='ocrx_word' id='word_1_367' title='bbox 2847 2469 2983 2539; x_wconf 81' lang='grc' dir='ltr'>ἡμῖν</span> <span class='ocrx_word' id='word_1_368' title='bbox 3028 2471 3389 2539; x_wconf 83' lang='grc' dir='ltr'>τεταγμένων</span> <span class='ocrx_word' id='word_1_369' title='bbox 3426 2472 3716 2543; x_wconf 80' lang='grc' dir='ltr'>βαρόάρων</span> 
     </span>
    </p>
   </div>
   <div class='ocr_carea' id='block_1_52' title="bbox 2144 2557 3714 2633">
    <p class='ocr_par' dir='ltr' id='par_1_52' title="bbox 2144 2557 3714 2633">
     <span class='ocr_line' id='line_1_52' title="bbox 2144 2557 3714 2633; baseline 0.004 -21"><span class='ocrx_word' id='word_1_370' title='bbox 2144 2559 2360 2627; x_wconf 86' lang='grc' dir='ltr'>ἁθρόως</span> <span class='ocrx_word' id='word_1_371' title='bbox 2394 2557 2470 2623; x_wconf 83' lang='grc' dir='ltr'>ὡς</span> <span class='ocrx_word' id='word_1_372' title='bbox 2500 2558 2747 2623; x_wconf 75' lang='grc' dir='ltr'>ἐκείνους</span> <span class='ocrx_word' id='word_1_373' title='bbox 2776 2560 3152 2632; x_wconf 83' lang='grc' dir='ltr'>αὐτομολῆσαι</span> <span class='ocrx_word' id='word_1_374' title='bbox 3189 2561 3256 2633; x_wconf 82' lang='grc' dir='ltr'>(ὣ</span> <span class='ocrx_word' id='word_1_375' title='bbox 3289 2564 3474 2618; x_wconf 83' lang='grc' dir='ltr'>δεινοῦ</span> <span class='ocrx_word' id='word_1_376' title='bbox 3517 2567 3714 2629; x_wconf 79' lang='grc' dir='ltr'>πάθους</span> 
     </span>
    </p>
   </div>
   <div class='ocr_carea' id='block_1_53' title="bbox 2146 2649 3722 2724">
    <p class='ocr_par' dir='ltr' id='par_1_53' title="bbox 2146 2649 3722 2724">
     <span class='ocr_line' id='line_1_53' title="bbox 2146 2649 3722 2724; baseline 0.004 -23"><span class='ocrx_word' id='word_1_377' title='bbox 2146 2649 2355 2703; x_wconf 83' lang='grc' dir='ltr'>ἐκείνου</span> <span class='ocrx_word' id='word_1_378' title='bbox 2386 2649 2423 2720; x_wconf 79' lang='grc' dir='ltr'>ί)</span> <span class='ocrx_word' id='word_1_379' title='bbox 2457 2650 2782 2704; x_wconf 81' lang='grc' dir='ltr'>πεπτώκασι</span> <span class='ocrx_word' id='word_1_380' title='bbox 2839 2652 2941 2720; x_wconf 86' lang='grc' dir='ltr'>μὲν</span> <span class='ocrx_word' id='word_1_381' title='bbox 2996 2651 3159 2724; x_wconf 81' lang='grc' dir='ltr'>ἡμῶν</span> <span class='ocrx_word' id='word_1_382' title='bbox 3209 2654 3311 2708; x_wconf 87' lang='grc' dir='ltr'><strong>οὐκ</strong></span> <span class='ocrx_word' id='word_1_383' title='bbox 3360 2655 3551 2724; x_wconf 73' lang='grc' dir='ltr'>ὀλίγοι,</span> <span class='ocrx_word' id='word_1_384' title='bbox 3583 2657 3631 2709; x_wconf 86' lang='grc' dir='ltr'><strong>οί</strong></span> <span class='ocrx_word' id='word_1_385' title='bbox 3668 2657 3722 2710; x_wconf 77' lang='grc' dir='ltr'>δὲ</span> 
     </span>
    </p>
   </div>
   <div class='ocr_carea' id='block_1_54' title="bbox 2147 2739 3727 2814">
    <p class='ocr_par' dir='ltr' id='par_1_54' title="bbox 2147 2739 3727 2814">
     <span class='ocr_line' id='line_1_54' title="bbox 2147 2739 3727 2814; baseline 0.008 -24"><span class='ocrx_word' id='word_1_386' title='bbox 2147 2739 2384 2808; x_wconf 79' lang='grc' dir='ltr'>φυγάδες</span> <span class='ocrx_word' id='word_1_387' title='bbox 2446 2739 2755 2811; x_wconf 81' lang='grc' dir='ltr'>δπηδήποτ’</span> <span class='ocrx_word' id='word_1_388' title='bbox 2804 2742 3086 2813; x_wconf 78' lang='grc' dir='ltr'>ἐχώρουν,</span> <span class='ocrx_word' id='word_1_389' title='bbox 3142 2746 3304 2814; x_wconf 76' lang='grc' dir='ltr'>μόνος</span> <span class='ocrx_word' id='word_1_390' title='bbox 3375 2749 3441 2801; x_wconf 68' lang='grc' dir='ltr'><strong>δ’Δ</strong></span> <span class='ocrx_word' id='word_1_391' title='bbox 3478 2744 3627 2812; x_wconf 78' lang='grc' dir='ltr'>οὗτο;</span> <span class='ocrx_word' id='word_1_392' title='bbox 3672 2752 3727 2803; x_wconf 80' lang='grc' dir='ltr'><strong>ἐν</strong></span> 
     </span>
    </p>
   </div>
   <div class='ocr_carea' id='block_1_55' title="bbox 2148 2830 3727 2909">
    <p class='ocr_par' dir='ltr' id='par_1_55' title="bbox 2148 2830 3727 2909">
     <span class='ocr_line' id='line_1_55' title="bbox 2148 2830 3727 2909; baseline 0.004 -26"><span class='ocrx_word' id='word_1_393' title='bbox 2148 2830 2364 2892; x_wconf 76' lang='grc' dir='ltr'>πολλοῖς</span> <span class='ocrx_word' id='word_1_394' title='bbox 2401 2831 2739 2901; x_wconf 77' lang='grc' dir='ltr'>ἡττημένοις</span> <span class='ocrx_word' id='word_1_395' title='bbox 2783 2833 3051 2903; x_wconf 83' lang='grc' dir='ltr'>ἀήττητος</span> <span class='ocrx_word' id='word_1_396' title='bbox 3088 2834 3409 2905; x_wconf 80' lang='grc' dir='ltr'>διαγέγονε,</span> <span class='ocrx_word' id='word_1_397' title='bbox 3443 2839 3643 2909; x_wconf 79' lang='grc' dir='ltr'>μᾶλλον</span> <span class='ocrx_word' id='word_1_398' title='bbox 3676 2838 3727 2891; x_wconf 88' lang='grc' dir='ltr'><strong>δέ</strong></span> 
     </span>
    </p>
   </div>
   <div class='ocr_carea' id='block_1_56' title="bbox 2147 2919 3730 2998">
    <p class='ocr_par' dir='ltr' id='par_1_56' title="bbox 2147 2919 3730 2998">
     <span class='ocr_line' id='line_1_56' title="bbox 2147 2919 3730 2998; baseline 0.006 -25"><span class='ocrx_word' id='word_1_399' title='bbox 2147 2919 2359 2973; x_wconf 80' lang='grc' dir='ltr'>τοσοῦτ’</span> <span class='ocrx_word' id='word_1_400' title='bbox 2402 2922 2612 2992; x_wconf 73' lang='grc' dir='ltr'>ἀπέσχε</span> <span class='ocrx_word' id='word_1_401' title='bbox 2656 2921 2752 2975; x_wconf 88' lang='grc' dir='ltr'><strong>τοῦ</strong></span> <span class='ocrx_word' id='word_1_402' title='bbox 2802 2925 2978 2977; x_wconf 75' lang='grc' dir='ltr'>ταυτα</span> <span class='ocrx_word' id='word_1_403' title='bbox 3034 2926 3399 2998; x_wconf 79' lang='grc' dir='ltr'>πεπονθέναι,</span> <span class='ocrx_word' id='word_1_404' title='bbox 3449 2928 3588 2984; x_wconf 85' lang='grc' dir='ltr'>ὥστε</span> <span class='ocrx_word' id='word_1_405' title='bbox 3643 2931 3730 2983; x_wconf 72' lang='grc' dir='ltr'><strong>καὶ</strong></span> 
     </span>
    </p>
   </div>
   <div class='ocr_carea' id='block_1_57' title="bbox 2148 3008 3733 3091">
    <p class='ocr_par' dir='ltr' id='par_1_57' title="bbox 2148 3008 3733 3091">
     <span class='ocr_line' id='line_1_57' title="bbox 2148 3008 3733 3091; baseline 0.006 -27"><span class='ocrx_word' id='word_1_406' title='bbox 2148 3012 2257 3065; x_wconf 83' lang='grc' dir='ltr'><strong>τῶν</strong></span> <span class='ocrx_word' id='word_1_407' title='bbox 2307 3013 2592 3084; x_wconf 83' lang='grc' dir='ltr'>πολεμίων</span> <span class='ocrx_word' id='word_1_408' title='bbox 2642 3016 2745 3085; x_wconf 84' lang='grc' dir='ltr'><strong>οὐχ</strong></span> <span class='ocrx_word' id='word_1_409' title='bbox 2802 3015 2962 3079; x_wconf 81' lang='grc' dir='ltr'>ὅσους</span> <span class='ocrx_word' id='word_1_410' title='bbox 3011 3016 3079 3071; x_wconf 78' lang='grc' dir='ltr'>ἄν</span> <span class='ocrx_word' id='word_1_411' title='bbox 3143 3034 3227 3081; x_wconf 90' lang='grc' dir='ltr'><strong>τις</strong></span> <span class='ocrx_word' id='word_1_412' title='bbox 3279 3008 3559 3091; x_wconf 77' lang='grc' dir='ltr'>ᾀγνοήσαι</span> <span class='ocrx_word' id='word_1_413' title='bbox 3612 3037 3733 3075; x_wconf 88' lang='grc' dir='ltr'>κατ-</span> 
     </span>
    </p>
   </div>
   <div class='ocr_carea' id='block_1_58' title="bbox 2152 3106 3730 3208">
    <p class='ocr_par' dir='ltr' id='par_1_58' title="bbox 2152 3106 3730 3208">
     <span class='ocr_line' id='line_1_58' title="bbox 2152 3106 3730 3208; baseline 0.008 -52"><span class='ocrx_word' id='word_1_414' title='bbox 2152 3106 2552 3169; x_wconf 80' lang='grc' dir='ltr'>ενεγκὼν,ἐστι</span> <span class='ocrx_word' id='word_1_415' title='bbox 2603 3108 2647 3160; x_wconf 84' lang='grc' dir='ltr'>δ’</span> <span class='ocrx_word' id='word_1_416' title='bbox 2697 3106 2793 3173; x_wconf 80' lang='grc' dir='ltr'><strong>οὓς</strong></span> <span class='ocrx_word' id='word_1_417' title='bbox 2845 3112 2940 3164; x_wconf 73' lang='grc' dir='ltr'><strong>καὶ</strong></span> <span class='ocrx_word' id='word_1_418' title='bbox 2992 3113 3341 3182; x_wconf 83' lang='grc' dir='ltr'>τραυματίας</span> <span class='ocrx_word' id='word_1_419' title='bbox 3400 3114 3730 3208; x_wconf 76' lang='grc' dir='ltr'>πεποιηκὼς,</span> 
     </span>
    </p>
   </div>
   <div class='ocr_carea' id='block_1_59' title="bbox 464 3197 2047 3280">
    <p class='ocr_par' dir='ltr' id='par_1_59' title="bbox 464 3208 2047 3278">
     <span class='ocr_line' id='line_1_59' title="bbox 464 3208 2047 3278; baseline -0.002 -13"><span class='ocrx_word' id='word_1_420' title='bbox 464 3211 773 3266; x_wconf 84' lang='lat' dir='ltr'><strong>reddiderit</strong></span> <span class='ocrx_word' id='word_1_421' title='bbox 810 3209 1123 3275; x_wconf 86' lang='lat' dir='ltr'><strong>victoriam,</strong></span> <span class='ocrx_word' id='word_1_422' title='bbox 1174 3209 1477 3265; x_wconf 90' lang='lat' dir='ltr'><strong>ostendens</strong></span> <span class='ocrx_word' id='word_1_423' title='bbox 1507 3209 1678 3278; x_wconf 90' lang='lat' dir='ltr'><strong>quod,</strong></span> <span class='ocrx_word' id='word_1_424' title='bbox 1715 3208 1930 3263; x_wconf 84' lang='lat' dir='ltr'><strong>etiamsi</strong></span> <span class='ocrx_word' id='word_1_425' title='bbox 1968 3208 2047 3262; x_wconf 88' lang='lat' dir='ltr'><strong>in-</strong></span> 
     </span>
    </p>
   </div>
   <div class='ocr_carea' id='block_1_60' title="bbox 2149 3197 3732 3280">
    <p class='ocr_par' dir='ltr' id='par_1_60' title="bbox 2153 3197 3732 3280">
     <span class='ocr_line' id='line_1_60' title="bbox 2153 3197 3732 3280; baseline 0.006 -30"><span class='ocrx_word' id='word_1_426' title='bbox 2153 3197 2354 3267; x_wconf 75' lang='grc' dir='ltr'>ὦσπερ</span> <span class='ocrx_word' id='word_1_427' title='bbox 2396 3198 2701 3268; x_wconf 64' lang='grc' dir='ltr'>ἀμφίϐολον</span> <span class='ocrx_word' id='word_1_428' title='bbox 2748 3200 2933 3265; x_wconf 80' lang='grc' dir='ltr'>αὐτοῖς</span> <span class='ocrx_word' id='word_1_429' title='bbox 2987 3205 3280 3272; x_wconf 79' lang='grc' dir='ltr'>πεποιήκει</span> <span class='ocrx_word' id='word_1_430' title='bbox 3326 3208 3443 3279; x_wconf 75' lang='grc' dir='ltr'><strong>τὴν</strong></span> <span class='ocrx_word' id='word_1_431' title='bbox 3488 3197 3639 3280; x_wconf 72' lang='grc' dir='ltr'>νίκην</span> <span class='ocrx_word' id='word_1_432' title='bbox 3677 3208 3732 3260; x_wconf 81' lang='grc' dir='ltr'><strong>τὸ</strong></span> 
     </span>
    </p>
   </div>
   <div class='ocr_carea' id='block_1_61' title="bbox 470 3303 2053 3370">
    <p class='ocr_par' dir='ltr' id='par_1_61' title="bbox 470 3303 2053 3370">
     <span class='ocr_line' id='line_1_61' title="bbox 470 3303 2053 3370; baseline -0.001 -10"><span class='ocrx_word' id='word_1_433' title='bbox 470 3305 655 3360; x_wconf 84' lang='lat' dir='ltr'><strong>l‘austa</strong></span> <span class='ocrx_word' id='word_1_434' title='bbox 689 3304 1010 3358; x_wconf 84' lang='lat' dir='ltr'><strong>acciderent</strong></span> <span class='ocrx_word' id='word_1_435' title='bbox 1036 3304 1322 3370; x_wconf 82' lang='lat' dir='ltr'><strong>Romanis,</strong></span> <span class='ocrx_word' id='word_1_436' title='bbox 1357 3303 1466 3359; x_wconf 83' lang='lat' dir='ltr'><strong>illis</strong></span> <span class='ocrx_word' id='word_1_437' title='bbox 1497 3309 1680 3357; x_wconf 74' lang='lat' dir='ltr'><strong>tamen</strong></span> <span class='ocrx_word' id='word_1_438' title='bbox 1710 3317 1844 3357; x_wconf 86' lang='lat' dir='ltr'><strong>suus</strong></span> <span class='ocrx_word' id='word_1_439' title='bbox 1874 3303 2053 3358; x_wconf 85' lang='lat' dir='ltr'><strong>honos</strong></span> 
     </span>
    </p>
   </div>
   <div class='ocr_carea' id='block_1_62' title="bbox 464 3395 2053 3468">
    <p class='ocr_par' dir='ltr' id='par_1_62' title="bbox 464 3395 2053 3468">
     <span class='ocr_line' id='line_1_62' title="bbox 464 3395 2053 3468; baseline -0.002 -15"><span class='ocrx_word' id='word_1_440' title='bbox 464 3406 704 3465; x_wconf 88' lang='lat' dir='ltr'><strong>maneat,</strong></span> <span class='ocrx_word' id='word_1_441' title='bbox 731 3406 788 3453; x_wconf 92' lang='lat' dir='ltr'><strong>et</strong></span> <span class='ocrx_word' id='word_1_442' title='bbox 827 3397 976 3468; x_wconf 85' lang='lat' dir='ltr'><strong>quod</strong></span> <span class='ocrx_word' id='word_1_443' title='bbox 1007 3397 1085 3452; x_wconf 86' lang='lat' dir='ltr'><strong>nil</strong></span> <span class='ocrx_word' id='word_1_444' title='bbox 1126 3410 1371 3467; x_wconf 89' lang='lat' dir='ltr'><strong>unquam</strong></span> <span class='ocrx_word' id='word_1_445' title='bbox 1404 3409 1531 3453; x_wconf 89' lang='lat' dir='ltr'><strong>eum</strong></span> <span class='ocrx_word' id='word_1_446' title='bbox 1571 3395 1847 3453; x_wconf 84' lang='lat' dir='ltr'><strong>subducet</strong></span> <span class='ocrx_word' id='word_1_447' title='bbox 1868 3405 1924 3452; x_wconf 89' lang='lat' dir='ltr'><strong>et</strong></span> <span class='ocrx_word' id='word_1_448' title='bbox 1954 3404 2053 3450; x_wconf 87' lang='lat' dir='ltr'><strong>au-</strong></span> 
     </span>
    </p>
   </div>
   <div class='ocr_carea' id='block_1_63' title="bbox 462 3489 625 3546">
    <p class='ocr_par' dir='ltr' id='par_1_63' title="bbox 462 3489 625 3546">
     <span class='ocr_line' id='line_1_63' title="bbox 462 3489 625 3546; baseline 0.006 -1"><span class='ocrx_word' id='word_1_449' title='bbox 462 3489 625 3546; x_wconf 82' lang='lat' dir='ltr'><strong>feret.</strong></span> 
     </span>
    </p>
   </div>
   <div class='ocr_carea' id='block_1_64' title="bbox 535 3692 2053 3768">
    <p class='ocr_par' dir='ltr' id='par_1_64' title="bbox 535 3692 2053 3768">
     <span class='ocr_line' id='line_1_64' title="bbox 535 3692 2053 3768; baseline 0.001 -18"><span class='ocrx_word' id='word_1_450' title='bbox 535 3696 603 3752; x_wconf 88' lang='lat' dir='ltr'><strong>Et</strong></span> <span class='ocrx_word' id='word_1_451' title='bbox 637 3697 861 3768; x_wconf 88' lang='lat' dir='ltr'><strong>quidem</strong></span> <span class='ocrx_word' id='word_1_452' title='bbox 899 3696 1007 3753; x_wconf 85' lang='lat' dir='ltr'><strong>hoc.</strong></span> <span class='ocrx_word' id='word_1_453' title='bbox 1060 3696 1138 3752; x_wconf 88' lang='lat' dir='ltr'><strong>ita</strong></span> <span class='ocrx_word' id='word_1_454' title='bbox 1185 3696 1314 3754; x_wconf 79' lang='lat' dir='ltr'><strong>fuit.</strong></span> <span class='ocrx_word' id='word_1_455' title='bbox 1356 3692 1495 3752; x_wconf 90' lang='lat' dir='ltr'><strong>Cum</strong></span> <span class='ocrx_word' id='word_1_456' title='bbox 1544 3704 1731 3753; x_wconf 90' lang='lat' dir='ltr'><strong>autem</strong></span> <span class='ocrx_word' id='word_1_457' title='bbox 1767 3705 2053 3767; x_wconf 88' lang='lat' dir='ltr'><strong>oporteret</strong></span> 
     </span>
    </p>
   </div>
   <div class='ocr_carea' id='block_1_65' title="bbox 463 3789 2052 3852">
    <p class='ocr_par' dir='ltr' id='par_1_65' title="bbox 463 3789 2052 3852">
     <span class='ocr_line' id='line_1_65' title="bbox 463 3789 2052 3852; baseline -0.001 -7"><span class='ocrx_word' id='word_1_458' title='bbox 463 3804 562 3845; x_wconf 90' lang='lat' dir='ltr'><strong>eos</strong></span> <span class='ocrx_word' id='word_1_459' title='bbox 598 3791 832 3845; x_wconf 85' lang='lat' dir='ltr'><strong>transire</strong></span> <span class='ocrx_word' id='word_1_460' title='bbox 856 3790 913 3844; x_wconf 92' lang='lat' dir='ltr'><strong>in</strong></span> <span class='ocrx_word' id='word_1_461' title='bbox 950 3789 1353 3852; x_wconf 83' lang='lat' dir='ltr'><strong>Macedoniam,</strong></span> <span class='ocrx_word' id='word_1_462' title='bbox 1395 3798 1686 3845; x_wconf 90' lang='lat' dir='ltr'><strong>transeunt</strong></span> <span class='ocrx_word' id='word_1_463' title='bbox 1722 3798 1778 3844; x_wconf 89' lang='lat' dir='ltr'><strong>et</strong></span> <span class='ocrx_word' id='word_1_464' title='bbox 1838 3789 1893 3846; x_wconf 88' lang='lat' dir='ltr'><strong>in</strong></span> <span class='ocrx_word' id='word_1_465' title='bbox 1929 3789 2052 3845; x_wconf 88' lang='lat' dir='ltr'><strong>Pal-</strong></span> 
     </span>
    </p>
   </div>
   <div class='ocr_carea' id='block_1_66' title="bbox 460 3879 2054 3951">
    <p class='ocr_par' dir='ltr' id='par_1_66' title="bbox 460 3879 2054 3951">
     <span class='ocr_line' id='line_1_66' title="bbox 460 3879 2054 3951; baseline 0.001 -18"><span class='ocrx_word' id='word_1_466' title='bbox 460 3882 589 3937; x_wconf 85' lang='lat' dir='ltr'><strong>leuc</strong></span> <span class='ocrx_word' id='word_1_467' title='bbox 617 3892 795 3936; x_wconf 88' lang='lat' dir='ltr'><strong>castra</strong></span> <span class='ocrx_word' id='word_1_468' title='bbox 842 3890 1090 3951; x_wconf 87' lang='lat' dir='ltr'><strong>ponunt;</strong></span> <span class='ocrx_word' id='word_1_469' title='bbox 1123 3890 1180 3933; x_wconf 89' lang='lat' dir='ltr'><strong>et</strong></span> <span class='ocrx_word' id='word_1_470' title='bbox 1231 3879 1384 3933; x_wconf 92' lang='lat' dir='ltr'><strong>illinc</strong></span> <span class='ocrx_word' id='word_1_471' title='bbox 1444 3879 1681 3949; x_wconf 77' lang='lat' dir='ltr'><strong>profecti</strong></span> <span class='ocrx_word' id='word_1_472' title='bbox 1733 3880 1916 3934; x_wconf 87' lang='lat' dir='ltr'><strong>omnia</strong></span> <span class='ocrx_word' id='word_1_473' title='bbox 1957 3881 2054 3935; x_wconf 80' lang='lat' dir='ltr'><strong>de-</strong></span> 
     </span>
    </p>
   </div>
   <div class='ocr_carea' id='block_1_67' title="bbox 465 3969 2053 4042">
    <p class='ocr_par' dir='ltr' id='par_1_67' title="bbox 465 3969 2053 4042">
     <span class='ocr_line' id='line_1_67' title="bbox 465 3969 2053 4042; baseline 0.001 -17"><span class='ocrx_word' id='word_1_474' title='bbox 465 3972 879 4042; x_wconf 67' lang='lat' dir='ltr'><strong>prmdaverunt,</strong></span> <span class='ocrx_word' id='word_1_475' title='bbox 913 3982 974 4025; x_wconf 88' lang='lat' dir='ltr'><strong>ut</strong></span> <span class='ocrx_word' id='word_1_476' title='bbox 997 3986 1064 4025; x_wconf 83' lang='lat' dir='ltr'><strong>ex</strong></span> <span class='ocrx_word' id='word_1_477' title='bbox 1100 3970 1321 4026; x_wconf 85' lang='lat' dir='ltr'><strong>Decelia</strong></span> <span class='ocrx_word' id='word_1_478' title='bbox 1348 3971 1586 4024; x_wconf 85' lang='lat' dir='ltr'><strong>Atticam</strong></span> <span class='ocrx_word' id='word_1_479' title='bbox 1625 3969 2053 4026; x_wconf 57' lang='lat' dir='ltr'><strong>Lacedaemonii.</strong></span> 
     </span>
    </p>
   </div>
   <div class='ocr_carea' id='block_1_68' title="bbox 468 4061 2053 4118">
    <p class='ocr_par' dir='ltr' id='par_1_68' title="bbox 468 4061 2053 4118">
     <span class='ocr_line' id='line_1_68' title="bbox 468 4061 2053 4118; baseline -0.001 0"><span class='ocrx_word' id='word_1_480' title='bbox 468 4063 765 4118; x_wconf 86' lang='lat' dir='ltr'><strong>lnveniunt</strong></span> <span class='ocrx_word' id='word_1_481' title='bbox 784 4072 838 4117; x_wconf 88' lang='lat' dir='ltr'><strong>et</strong></span> <span class='ocrx_word' id='word_1_482' title='bbox 864 4062 939 4116; x_wconf 89' lang='lat' dir='ltr'><strong>ibi</strong></span> <span class='ocrx_word' id='word_1_483' title='bbox 963 4073 1252 4116; x_wconf 88' lang='lat' dir='ltr'><strong>strenuum</strong></span> <span class='ocrx_word' id='word_1_484' title='bbox 1295 4062 1450 4115; x_wconf 90' lang='lat' dir='ltr'><strong>illum</strong></span> <span class='ocrx_word' id='word_1_485' title='bbox 1473 4061 1851 4116; x_wconf 75' lang='lat' dir='ltr'><strong>adversarium</strong></span> <span class='ocrx_word' id='word_1_486' title='bbox 1877 4082 1890 4115; x_wconf 84' lang='lat'><strong>:</strong></span> <span class='ocrx_word' id='word_1_487' title='bbox 1920 4063 2053 4116; x_wconf 89' lang='lat' dir='ltr'><strong>illud</strong></span> 
     </span>
    </p>
   </div>
   <div class='ocr_carea' id='block_1_69' title="bbox 469 4151 2055 4223">
    <p class='ocr_par' dir='ltr' id='par_1_69' title="bbox 469 4151 2055 4223">
     <span class='ocr_line' id='line_1_69' title="bbox 469 4151 2055 4223; baseline -0.001 -11"><span class='ocrx_word' id='word_1_488' title='bbox 469 4166 654 4212; x_wconf 83' lang='lat' dir='ltr'><strong>autem</strong></span> <span class='ocrx_word' id='word_1_489' title='bbox 684 4155 931 4210; x_wconf 87' lang='lat' dir='ltr'><strong>nondum</strong></span> <span class='ocrx_word' id='word_1_490' title='bbox 960 4155 1160 4219; x_wconf 85' lang='lat' dir='ltr'><strong>dicam,</strong></span> <span class='ocrx_word' id='word_1_491' title='bbox 1208 4154 1306 4209; x_wconf 88' lang='lat' dir='ltr'><strong>sed</strong></span> <span class='ocrx_word' id='word_1_492' title='bbox 1348 4151 1520 4223; x_wconf 91' lang='lat' dir='ltr'><strong>quod,</strong></span> <span class='ocrx_word' id='word_1_493' title='bbox 1553 4168 1681 4207; x_wconf 89' lang='lat' dir='ltr'><strong>cum</strong></span> <span class='ocrx_word' id='word_1_494' title='bbox 1718 4154 1828 4209; x_wconf 90' lang='lat' dir='ltr'><strong>illic</strong></span> <span class='ocrx_word' id='word_1_495' title='bbox 1869 4157 2055 4211; x_wconf 86' lang='lat' dir='ltr'><strong>venis-</strong></span> 
     </span>
    </p>
   </div>
   <div class='ocr_carea' id='block_1_70' title="bbox 471 4240 2056 4316">
    <p class='ocr_par' dir='ltr' id='par_1_70' title="bbox 471 4240 2056 4316">
     <span class='ocr_line' id='line_1_70' title="bbox 471 4240 2056 4316; baseline -0.002 -13"><span class='ocrx_word' id='word_1_496' title='bbox 471 4257 617 4312; x_wconf 84' lang='lat' dir='ltr'><strong>sent,</strong></span> <span class='ocrx_word' id='word_1_497' title='bbox 666 4247 859 4316; x_wconf 78' lang='lat' dir='ltr'><strong>COpias</strong></span> <span class='ocrx_word' id='word_1_498' title='bbox 901 4254 1119 4300; x_wconf 87' lang='lat' dir='ltr'><strong>nostras</strong></span> <span class='ocrx_word' id='word_1_499' title='bbox 1152 4259 1325 4314; x_wconf 84' lang='lat' dir='ltr'><strong>nepos</strong></span> <span class='ocrx_word' id='word_1_500' title='bbox 1358 4251 1488 4300; x_wconf 92' lang='lat' dir='ltr'><strong>tuus</strong></span> <span class='ocrx_word' id='word_1_501' title='bbox 1547 4240 1744 4309; x_wconf 82' lang='lat' dir='ltr'><strong>duxit,</strong></span> <span class='ocrx_word' id='word_1_502' title='bbox 1773 4254 1829 4299; x_wconf 89' lang='lat' dir='ltr'><strong>et</strong></span> <span class='ocrx_word' id='word_1_503' title='bbox 1889 4253 2056 4301; x_wconf 67' lang='lat' dir='ltr'><strong>crete-</strong></span> 
     </span>
    </p>
   </div>
   <div class='ocr_carea' id='block_1_71' title="bbox 473 4336 2057 4409">
    <p class='ocr_par' dir='ltr' id='par_1_71' title="bbox 473 4336 2057 4409">
     <span class='ocr_line' id='line_1_71' title="bbox 473 4336 2057 4409; baseline 0 -16"><span class='ocrx_word' id='word_1_504' title='bbox 473 4355 596 4393; x_wconf 86' lang='lat' dir='ltr'><strong>rum</strong></span> <span class='ocrx_word' id='word_1_505' title='bbox 625 4339 806 4409; x_wconf 86' lang='lat' dir='ltr'><strong>qualis</strong></span> <span class='ocrx_word' id='word_1_506' title='bbox 839 4337 933 4393; x_wconf 83' lang='lat' dir='ltr'><strong>ille</strong></span> <span class='ocrx_word' id='word_1_507' title='bbox 965 4337 1084 4391; x_wconf 81' lang='lat' dir='ltr'><strong>viri</strong></span> <span class='ocrx_word' id='word_1_508' title='bbox 1134 4336 1339 4391; x_wconf 89' lang='lat' dir='ltr'><strong>ducum</strong></span> <span class='ocrx_word' id='word_1_509' title='bbox 1393 4338 1489 4406; x_wconf 88' lang='lat' dir='ltr'><strong>qui</strong></span> <span class='ocrx_word' id='word_1_510' title='bbox 1526 4337 1806 4392; x_wconf 86' lang='lat' dir='ltr'><strong>veteribus</strong></span> <span class='ocrx_word' id='word_1_511' title='bbox 1855 4337 2057 4393; x_wconf 78' lang='lat' dir='ltr'><strong>Roma-</strong></span> 
     </span>
    </p>
   </div>
   <div class='ocr_carea' id='block_1_72' title="bbox 470 4430 2055 4504">
    <p class='ocr_par' dir='ltr' id='par_1_72' title="bbox 470 4430 2055 4504">
     <span class='ocr_line' id='line_1_72' title="bbox 470 4430 2055 4504; baseline -0.002 -15"><span class='ocrx_word' id='word_1_512' title='bbox 470 4433 560 4489; x_wconf 88' lang='lat' dir='ltr'><strong>nis</strong></span> <span class='ocrx_word' id='word_1_513' title='bbox 599 4442 893 4504; x_wconf 67' lang='lat' dir='ltr'><strong>prwerant,</strong></span> <span class='ocrx_word' id='word_1_514' title='bbox 923 4430 1183 4504; x_wconf 83' lang='lat' dir='ltr'><strong>adjiciam</strong></span> <span class='ocrx_word' id='word_1_515' title='bbox 1218 4440 1274 4486; x_wconf 90' lang='lat' dir='ltr'><strong>et</strong></span> <span class='ocrx_word' id='word_1_516' title='bbox 1332 4433 1426 4502; x_wconf 92' lang='lat' dir='ltr'><strong>qui</strong></span> <span class='ocrx_word' id='word_1_517' title='bbox 1481 4430 1852 4500; x_wconf 89' lang='lat' dir='ltr'><strong>undequaque</strong></span> <span class='ocrx_word' id='word_1_518' title='bbox 1880 4432 2055 4487; x_wconf 83' lang='lat' dir='ltr'><strong>exsti-</strong></span> 
     </span>
    </p>
   </div>
   <div class='ocr_carea' id='block_1_73' title="bbox 2153 3289 3725 3368">
    <p class='ocr_par' dir='ltr' id='par_1_73' title="bbox 2153 3289 3725 3368">
     <span class='ocr_line' id='line_1_73' title="bbox 2153 3289 3725 3368; baseline 0.006 -26"><span class='ocrx_word' id='word_1_519' title='bbox 2153 3291 2279 3343; x_wconf 66' lang='grc' dir='ltr'>καθ’</span> <span class='ocrx_word' id='word_1_520' title='bbox 2334 3289 2520 3355; x_wconf 82' lang='grc' dir='ltr'>αὑτὸν,</span> <span class='ocrx_word' id='word_1_521' title='bbox 2572 3291 2952 3361; x_wconf 76' lang='grc' dir='ltr'>ἐνδειξάμενος</span> <span class='ocrx_word' id='word_1_522' title='bbox 3011 3294 3182 3361; x_wconf 77' lang='grc' dir='ltr'>τοῦθ’,</span> <span class='ocrx_word' id='word_1_523' title='bbox 3237 3298 3349 3365; x_wconf 82' lang='grc' dir='ltr'>ὅτι,</span> <span class='ocrx_word' id='word_1_524' title='bbox 3411 3299 3513 3353; x_wconf 83' lang='grc' dir='ltr'>κᾶν</span> <span class='ocrx_word' id='word_1_525' title='bbox 3563 3298 3725 3368; x_wconf 81' lang='grc' dir='ltr'>ἀτυχῆ</span> 
     </span>
    </p>
   </div>
   <div class='ocr_carea' id='block_1_74' title="bbox 2156 3383 3724 3462">
    <p class='ocr_par' dir='ltr' id='par_1_74' title="bbox 2156 3383 3724 3462">
     <span class='ocr_line' id='line_1_74' title="bbox 2156 3383 3724 3462; baseline 0.004 -27"><span class='ocrx_word' id='word_1_526' title='bbox 2156 3383 2461 3453; x_wconf 82' lang='grc' dir='ltr'>συνηνέχθη</span> <span class='ocrx_word' id='word_1_527' title='bbox 2488 3383 2804 3453; x_wconf 84' lang='grc' dir='ltr'>Ῥωμαίοις,</span> <span class='ocrx_word' id='word_1_528' title='bbox 2831 3385 2892 3438; x_wconf 80' lang='grc' dir='ltr'><strong>τὸ</strong></span> <span class='ocrx_word' id='word_1_529' title='bbox 2917 3384 3049 3454; x_wconf 87' lang='grc' dir='ltr'>γοῦν</span> <span class='ocrx_word' id='word_1_530' title='bbox 3069 3388 3280 3441; x_wconf 76' lang='grc' dir='ltr'>ἑαυτῶν</span> <span class='ocrx_word' id='word_1_531' title='bbox 3307 3391 3529 3462; x_wconf 79' lang='grc' dir='ltr'>ἀξίωμα</span> <span class='ocrx_word' id='word_1_532' title='bbox 3558 3391 3724 3461; x_wconf 82' lang='grc' dir='ltr'>μένει,</span> 
     </span>
    </p>
   </div>
   <div class='ocr_carea' id='block_1_75' title="bbox 2154 3476 3726 3555">
    <p class='ocr_par' dir='ltr' id='par_1_75' title="bbox 2154 3476 3726 3555">
     <span class='ocr_line' id='line_1_75' title="bbox 2154 3476 3726 3555; baseline 0.006 -26"><span class='ocrx_word' id='word_1_533' title='bbox 2154 3477 2253 3529; x_wconf 81' lang='grc' dir='ltr'><strong>καὶ</strong></span> <span class='ocrx_word' id='word_1_534' title='bbox 2280 3476 2434 3529; x_wconf 71' lang='grc' dir='ltr'>οὐδὲν</span> <span class='ocrx_word' id='word_1_535' title='bbox 2470 3478 2545 3547; x_wconf 75' lang='grc' dir='ltr'>μή</span> <span class='ocrx_word' id='word_1_536' title='bbox 2584 3494 2715 3531; x_wconf 85' lang='grc' dir='ltr'>ποτε</span> <span class='ocrx_word' id='word_1_537' title='bbox 2764 3477 2983 3532; x_wconf 84' lang='grc' dir='ltr'>καθεῖλε</span> <span class='ocrx_word' id='word_1_538' title='bbox 3030 3480 3141 3536; x_wconf 86' lang='grc' dir='ltr'>τῶν</span> <span class='ocrx_word' id='word_1_539' title='bbox 3186 3484 3431 3555; x_wconf 83' lang='grc' dir='ltr'>πάντων,</span> <span class='ocrx_word' id='word_1_540' title='bbox 3468 3484 3587 3541; x_wconf 73' lang='grc' dir='ltr'>οὔτε</span> <span class='ocrx_word' id='word_1_541' title='bbox 3627 3483 3726 3555; x_wconf 75' lang='grc' dir='ltr'><strong>μὴν</strong></span> 
     </span>
    </p>
   </div>
   <div class='ocr_carea' id='block_1_76' title="bbox 2155 3569 2503 3644">
    <p class='ocr_par' dir='ltr' id='par_1_76' title="bbox 2155 3569 2503 3644">
     <span class='ocr_line' id='line_1_76' title="bbox 2155 3569 2503 3644; baseline 0 -19"><span class='ocrx_word' id='word_1_542' title='bbox 2155 3569 2503 3644; x_wconf 79' lang='grc' dir='ltr'>καθαιρήσει.</span> 
     </span>
    </p>
   </div>
   <div class='ocr_carea' id='block_1_77' title="bbox 2229 3694 3729 3769">
    <p class='ocr_par' dir='ltr' id='par_1_77' title="bbox 2229 3694 3729 3769">
     <span class='ocr_line' id='line_1_77' title="bbox 2229 3694 3729 3769; baseline -0.003 -18"><span class='ocrx_word' id='word_1_543' title='bbox 2229 3696 2340 3751; x_wconf 76' lang='grc' dir='ltr'><strong>Καὶ</strong></span> <span class='ocrx_word' id='word_1_544' title='bbox 2368 3694 2529 3750; x_wconf 87' lang='grc' dir='ltr'>τοῦτο</span> <span class='ocrx_word' id='word_1_545' title='bbox 2570 3696 2671 3764; x_wconf 79' lang='grc' dir='ltr'>μὲν</span> <span class='ocrx_word' id='word_1_546' title='bbox 2721 3695 2930 3762; x_wconf 78' lang='grc' dir='ltr'>οὕτως·</span> <span class='ocrx_word' id='word_1_547' title='bbox 2976 3698 3101 3751; x_wconf 74' lang='grc' dir='ltr'>ἐπεὶ</span> <span class='ocrx_word' id='word_1_548' title='bbox 3145 3698 3205 3751; x_wconf 79' lang='grc' dir='ltr'>δὲ</span> <span class='ocrx_word' id='word_1_549' title='bbox 3251 3701 3352 3753; x_wconf 71' lang='grc' dir='ltr'>καὶ</span> <span class='ocrx_word' id='word_1_550' title='bbox 3386 3700 3525 3769; x_wconf 83' lang='grc' dir='ltr'>πρὸς</span> <span class='ocrx_word' id='word_1_551' title='bbox 3554 3697 3729 3752; x_wconf 79' lang='grc' dir='ltr'>Μακε-</span> 
     </span>
    </p>
   </div>
   <div class='ocr_carea' id='block_1_78' title="bbox 2154 3787 3719 3861">
    <p class='ocr_par' dir='ltr' id='par_1_78' title="bbox 2154 3787 3719 3861">
     <span class='ocr_line' id='line_1_78' title="bbox 2154 3787 3719 3861; baseline -0.003 -19"><span class='ocrx_word' id='word_1_552' title='bbox 2154 3788 2336 3842; x_wconf 85' lang='grc' dir='ltr'>δονίαν</span> <span class='ocrx_word' id='word_1_553' title='bbox 2366 3787 2474 3842; x_wconf 78' lang='grc' dir='ltr'>ἔδει</span> <span class='ocrx_word' id='word_1_554' title='bbox 2501 3790 2751 3843; x_wconf 74' lang='grc' dir='ltr'>τουτουσὶ</span> <span class='ocrx_word' id='word_1_555' title='bbox 2784 3789 3041 3861; x_wconf 75' lang='grc' dir='ltr'>διαϐῆναι</span> <span class='ocrx_word' id='word_1_556' title='bbox 3061 3830 3076 3857; x_wconf 90' lang='grc'><strong>,</strong></span> <span class='ocrx_word' id='word_1_557' title='bbox 3108 3789 3458 3845; x_wconf 78' lang='grc' dir='ltr'>διαδαίνουσι</span> <span class='ocrx_word' id='word_1_558' title='bbox 3494 3793 3594 3861; x_wconf 77' lang='grc' dir='ltr'><strong>μὲν</strong></span> <span class='ocrx_word' id='word_1_559' title='bbox 3632 3787 3719 3841; x_wconf 72' lang='grc' dir='ltr'>καὶ</span> 
     </span>
    </p>
   </div>
   <div class='ocr_carea' id='block_1_79' title="bbox 2157 3872 3723 3953">
    <p class='ocr_par' dir='ltr' id='par_1_79' title="bbox 2157 3872 3723 3953">
     <span class='ocr_line' id='line_1_79' title="bbox 2157 3872 3723 3953; baseline 0 -21"><span class='ocrx_word' id='word_1_560' title='bbox 2157 3880 2679 3951; x_wconf 84' lang='grc' dir='ltr'>στρατοπεδεύουσιν</span> <span class='ocrx_word' id='word_1_561' title='bbox 2735 3882 2795 3935; x_wconf 85' lang='grc' dir='ltr'><strong>ἐν</strong></span> <span class='ocrx_word' id='word_1_562' title='bbox 2852 3881 3111 3953; x_wconf 67' lang='grc' dir='ltr'>Παλήνιγ</span> <span class='ocrx_word' id='word_1_563' title='bbox 3183 3884 3444 3938; x_wconf 78' lang='grc' dir='ltr'>κάκεῖθεν</span> <span class='ocrx_word' id='word_1_564' title='bbox 3501 3872 3723 3949; x_wconf 58' lang='lat' dir='ltr'><strong>eadm;</strong></span> 
     </span>
    </p>
   </div>
   <div class='ocr_carea' id='block_1_80' title="bbox 2156 3972 3729 4047">
    <p class='ocr_par' dir='ltr' id='par_1_80' title="bbox 2156 3972 3729 4047">
     <span class='ocr_line' id='line_1_80' title="bbox 2156 3972 3729 4047; baseline -0.001 -22"><span class='ocrx_word' id='word_1_565' title='bbox 2156 3972 2432 4042; x_wconf 69' lang='grc' dir='ltr'>ἐληΐζοντο</span> <span class='ocrx_word' id='word_1_566' title='bbox 2468 3972 2668 4038; x_wconf 86' lang='grc' dir='ltr'>πάντα,</span> <span class='ocrx_word' id='word_1_567' title='bbox 2700 3972 2955 4044; x_wconf 83' lang='grc' dir='ltr'>καθάπερ</span> <span class='ocrx_word' id='word_1_568' title='bbox 2989 3975 3055 4026; x_wconf 77' lang='grc' dir='ltr'><strong>ἐκ</strong></span> <span class='ocrx_word' id='word_1_569' title='bbox 3101 3976 3397 4041; x_wconf 76' lang='grc' dir='ltr'>Δεκελείας</span> <span class='ocrx_word' id='word_1_570' title='bbox 3431 3977 3530 4047; x_wconf 82' lang='grc' dir='ltr'>τὴν</span> <span class='ocrx_word' id='word_1_571' title='bbox 3569 3975 3729 4027; x_wconf 76' lang='grc' dir='ltr'>Ἄττι-</span> 
     </span>
    </p>
   </div>
   <div class='ocr_carea' id='block_1_81' title="bbox 2158 4064 3726 4136">
    <p class='ocr_par' dir='ltr' id='par_1_81' title="bbox 2158 4064 3726 4136">
     <span class='ocr_line' id='line_1_81' title="bbox 2158 4064 3726 4136; baseline -0.001 -20"><span class='ocrx_word' id='word_1_572' title='bbox 2158 4064 2260 4135; x_wconf 82' lang='grc' dir='ltr'><strong>κὴν</strong></span> <span class='ocrx_word' id='word_1_573' title='bbox 2291 4065 2572 4128; x_wconf 82' lang='grc' dir='ltr'>Λάκωνες.</span> <span class='ocrx_word' id='word_1_574' title='bbox 2604 4066 2933 4136; x_wconf 77' lang='grc' dir='ltr'>Εὑρίσκουσί</span> <span class='ocrx_word' id='word_1_575' title='bbox 2979 4066 3046 4135; x_wconf 80' lang='grc' dir='ltr'><strong>γέ</strong></span> <span class='ocrx_word' id='word_1_576' title='bbox 3097 4083 3180 4121; x_wconf 84' lang='grc' dir='ltr'><strong>τοι</strong></span> <span class='ocrx_word' id='word_1_577' title='bbox 3234 4070 3520 4124; x_wconf 84' lang='grc' dir='ltr'>κάνταῦθα</span> <span class='ocrx_word' id='word_1_578' title='bbox 3548 4067 3726 4120; x_wconf 84' lang='grc' dir='ltr'>τοῦτον</span> 
     </span>
    </p>
   </div>
   <div class='ocr_carea' id='block_1_82' title="bbox 2156 4156 3724 4231">
    <p class='ocr_par' dir='ltr' id='par_1_82' title="bbox 2156 4156 3724 4231">
     <span class='ocr_line' id='line_1_82' title="bbox 2156 4156 3724 4231; baseline 0.006 -22"><span class='ocrx_word' id='word_1_579' title='bbox 2156 4156 2326 4211; x_wconf 75' lang='grc' dir='ltr'>δεινὸν</span> <span class='ocrx_word' id='word_1_580' title='bbox 2375 4159 2790 4228; x_wconf 84' lang='grc' dir='ltr'>ἀνταγωνιστήν</span> <span class='ocrx_word' id='word_1_581' title='bbox 2813 4175 2826 4189; x_wconf 76' lang='grc' dir='ltr'><strong><em>ο</em></strong></span> <span class='ocrx_word' id='word_1_582' title='bbox 2862 4160 3001 4215; x_wconf 78' lang='grc' dir='ltr'>ἀλλὰ</span> <span class='ocrx_word' id='word_1_583' title='bbox 3050 4164 3219 4231; x_wconf 81' lang='grc' dir='ltr'>μήπω</span> <span class='ocrx_word' id='word_1_584' title='bbox 3264 4164 3452 4228; x_wconf 88' lang='grc' dir='ltr'>τοῦτο,</span> <span class='ocrx_word' id='word_1_585' title='bbox 3480 4160 3597 4216; x_wconf 83' lang='grc' dir='ltr'>ἀλλ’</span> <span class='ocrx_word' id='word_1_586' title='bbox 3627 4162 3724 4219; x_wconf 74' lang='grc' dir='ltr'><strong>ὅτι»</strong></span> 
     </span>
    </p>
   </div>
   <div class='ocr_carea' id='block_1_83' title="bbox 2156 4250 3723 4327">
    <p class='ocr_par' dir='ltr' id='par_1_83' title="bbox 2156 4250 3723 4327">
     <span class='ocr_line' id='line_1_83' title="bbox 2156 4250 3723 4327; baseline 0.007 -25"><span class='ocrx_word' id='word_1_587' title='bbox 2156 4250 2316 4320; x_wconf 88' lang='grc' dir='ltr'>δεῦρο</span> <span class='ocrx_word' id='word_1_588' title='bbox 2380 4252 2814 4321; x_wconf 85' lang='grc' dir='ltr'>κεχωρηκότων,</span> <span class='ocrx_word' id='word_1_589' title='bbox 2851 4252 2952 4323; x_wconf 82' lang='grc' dir='ltr'>τῆς</span> <span class='ocrx_word' id='word_1_590' title='bbox 2998 4255 3279 4324; x_wconf 78' lang='grc' dir='ltr'>ἡμετέρας</span> <span class='ocrx_word' id='word_1_591' title='bbox 3331 4257 3591 4327; x_wconf 79' lang='grc' dir='ltr'>στρατιᾶς</span> <span class='ocrx_word' id='word_1_592' title='bbox 3641 4253 3723 4313; x_wconf 77' lang='grc' dir='ltr'><strong>σὸς</strong></span> 
     </span>
    </p>
   </div>
   <div class='ocr_carea' id='block_1_84' title="bbox 2157 4340 3723 4413">
    <p class='ocr_par' dir='ltr' id='par_1_84' title="bbox 2157 4340 3723 4413">
     <span class='ocr_line' id='line_1_84' title="bbox 2157 4340 3723 4413; baseline 0.006 -20"><span class='ocrx_word' id='word_1_593' title='bbox 2157 4340 2474 4411; x_wconf 71' lang='grc' dir='ltr'>ἀδελφιδοῦς</span> <span class='ocrx_word' id='word_1_594' title='bbox 2525 4341 2602 4413; x_wconf 81' lang='lat'><strong>(7)</strong></span> <span class='ocrx_word' id='word_1_595' title='bbox 2655 4342 2971 4410; x_wconf 83' lang='grc' dir='ltr'>ἐπεστάτει,</span> <span class='ocrx_word' id='word_1_596' title='bbox 3006 4346 3075 4398; x_wconf 71' lang='grc' dir='ltr'><strong>τά</strong></span> <span class='ocrx_word' id='word_1_597' title='bbox 3108 4346 3154 4397; x_wconf 84' lang='grc' dir='ltr'>τ’</span> <span class='ocrx_word' id='word_1_598' title='bbox 3199 4346 3319 4400; x_wconf 82' lang='grc' dir='ltr'>ἀλλ’</span> <span class='ocrx_word' id='word_1_599' title='bbox 3352 4350 3537 4410; x_wconf 80' lang='grc' dir='ltr'>ὁποῖος</span> <span class='ocrx_word' id='word_1_600' title='bbox 3572 4345 3723 4413; x_wconf 72' lang='grc' dir='ltr'>ἀνὴρ.</span> 
     </span>
    </p>
   </div>
   <div class='ocr_carea' id='block_1_85' title="bbox 2159 4433 3730 4514">
    <p class='ocr_par' dir='ltr' id='par_1_85' title="bbox 2159 4433 3730 4509">
     <span class='ocr_line' id='line_1_85' title="bbox 2159 4433 3730 4509; baseline 0 -23"><span class='ocrx_word' id='word_1_601' title='bbox 2159 4435 2252 4487; x_wconf 70' lang='grc' dir='ltr'>καὶ</span> <span class='ocrx_word' id='word_1_602' title='bbox 2276 4433 2386 4488; x_wconf 83' lang='grc' dir='ltr'><strong>τῶν</strong></span> <span class='ocrx_word' id='word_1_603' title='bbox 2422 4437 2480 4487; x_wconf 84' lang='grc' dir='ltr'><strong>ἐν</strong></span> <span class='ocrx_word' id='word_1_604' title='bbox 2506 4437 2869 4506; x_wconf 80' lang='grc' dir='ltr'>στρατηγίαις</span> <span class='ocrx_word' id='word_1_605' title='bbox 2898 4435 3007 4489; x_wconf 86' lang='grc' dir='ltr'>τῶν</span> <span class='ocrx_word' id='word_1_606' title='bbox 3035 4438 3201 4492; x_wconf 85' lang='grc' dir='ltr'>πάλαι</span> <span class='ocrx_word' id='word_1_607' title='bbox 3245 4438 3554 4509; x_wconf 85' lang='grc' dir='ltr'>Ῥωμαίων,</span> <span class='ocrx_word' id='word_1_608' title='bbox 3573 4450 3730 4504; x_wconf 78' lang='grc' dir='ltr'>προσο</span> 
     </span>
    </p>
   </div>
   <div class='ocr_carea' id='block_1_86' title="bbox 472 4525 2047 4601">
    <p class='ocr_par' dir='ltr' id='par_1_86' title="bbox 472 4525 2047 4598">
     <span class='ocr_line' id='line_1_86' title="bbox 472 4525 2047 4598; baseline -0.001 -17"><span class='ocrx_word' id='word_1_609' title='bbox 472 4537 683 4592; x_wconf 88' lang='lat' dir='ltr'><strong>terunt,</strong></span> <span class='ocrx_word' id='word_1_610' title='bbox 733 4526 983 4581; x_wconf 85' lang='lat' dir='ltr'><strong>omnium</strong></span> <span class='ocrx_word' id='word_1_611' title='bbox 1024 4525 1275 4594; x_wconf 78' lang='lat' dir='ltr'><strong>profecto</strong></span> <span class='ocrx_word' id='word_1_612' title='bbox 1304 4525 1467 4598; x_wconf 76' lang='lat' dir='ltr'><strong>longe</strong></span> <span class='ocrx_word' id='word_1_613' title='bbox 1516 4525 2047 4590; x_wconf 75' lang='lat' dir='ltr'><strong>excellentissimus,</strong></span> 
     </span>
    </p>
   </div>
   <div class='ocr_carea' id='block_1_87' title="bbox 2149 4525 3729 4601">
    <p class='ocr_par' dir='ltr' id='par_1_87' title="bbox 2160 4527 3729 4601">
     <span class='ocr_line' id='line_1_87' title="bbox 2160 4527 3729 4601; baseline 0.003 -20"><span class='ocrx_word' id='word_1_614' title='bbox 2160 4527 2313 4597; x_wconf 79' lang='grc' dir='ltr'>θήσω</span> <span class='ocrx_word' id='word_1_615' title='bbox 2357 4527 2417 4581; x_wconf 86' lang='grc' dir='ltr'>δὲ</span> <span class='ocrx_word' id='word_1_616' title='bbox 2465 4528 2561 4583; x_wconf 81' lang='grc' dir='ltr'><strong>καὶ</strong></span> <span class='ocrx_word' id='word_1_617' title='bbox 2614 4528 2723 4581; x_wconf 86' lang='grc' dir='ltr'>τῶν</span> <span class='ocrx_word' id='word_1_618' title='bbox 2768 4530 3090 4599; x_wconf 82' lang='grc' dir='ltr'>ἁπανταχοῦ</span> <span class='ocrx_word' id='word_1_619' title='bbox 3150 4535 3487 4601; x_wconf 80' lang='grc' dir='ltr'>γενομένων,</span> <span class='ocrx_word' id='word_1_620' title='bbox 3548 4529 3729 4585; x_wconf 68' lang='grc' dir='ltr'>ἁπλῶς</span> 
     </span>
    </p>
   </div>
   <div class='ocr_carea' id='block_1_88' title="bbox 470 4616 2054 4690">
    <p class='ocr_par' dir='ltr' id='par_1_88' title="bbox 470 4616 2054 4690">
     <span class='ocr_line' id='line_1_88' title="bbox 470 4616 2054 4690; baseline 0.002 -17"><span class='ocrx_word' id='word_1_621' title='bbox 470 4634 584 4674; x_wconf 84' lang='lat' dir='ltr'><strong>non</strong></span> <span class='ocrx_word' id='word_1_622' title='bbox 626 4618 789 4673; x_wconf 90' lang='lat' dir='ltr'><strong>modo</strong></span> <span class='ocrx_word' id='word_1_623' title='bbox 824 4618 878 4671; x_wconf 90' lang='lat' dir='ltr'><strong>in</strong></span> <span class='ocrx_word' id='word_1_624' title='bbox 925 4617 1092 4672; x_wconf 88' lang='lat' dir='ltr'><strong>rebus</strong></span> <span class='ocrx_word' id='word_1_625' title='bbox 1138 4616 1550 4684; x_wconf 88' lang='lat' dir='ltr'><strong>deliberandis,</strong></span> <span class='ocrx_word' id='word_1_626' title='bbox 1598 4626 1652 4673; x_wconf 89' lang='lat' dir='ltr'><strong>et</strong></span> <span class='ocrx_word' id='word_1_627' title='bbox 1691 4620 1745 4673; x_wconf 92' lang='lat' dir='ltr'><strong>in</strong></span> <span class='ocrx_word' id='word_1_628' title='bbox 1791 4619 2054 4690; x_wconf 80' lang='lat' dir='ltr'><strong>Operibus</strong></span> 
     </span>
    </p>
   </div>
   <div class='ocr_carea' id='block_1_89' title="bbox 473 4708 2056 4782">
    <p class='ocr_par' dir='ltr' id='par_1_89' title="bbox 473 4708 2056 4782">
     <span class='ocr_line' id='line_1_89' title="bbox 473 4708 2056 4782; baseline 0.003 -18"><span class='ocrx_word' id='word_1_629' title='bbox 473 4710 585 4764; x_wconf 84' lang='lat' dir='ltr'><strong>cito</strong></span> <span class='ocrx_word' id='word_1_630' title='bbox 648 4708 1010 4779; x_wconf 82' lang='lat' dir='ltr'><strong>peragendis,</strong></span> <span class='ocrx_word' id='word_1_631' title='bbox 1041 4718 1139 4763; x_wconf 89' lang='lat' dir='ltr'><strong>aut</strong></span> <span class='ocrx_word' id='word_1_632' title='bbox 1168 4710 1295 4779; x_wconf 89' lang='lat' dir='ltr'><strong>quia</strong></span> <span class='ocrx_word' id='word_1_633' title='bbox 1321 4710 1531 4782; x_wconf 83' lang='lat' dir='ltr'><strong>judicio</strong></span> <span class='ocrx_word' id='word_1_634' title='bbox 1576 4710 1827 4767; x_wconf 80' lang='lat' dir='ltr'><strong>futurum</strong></span> <span class='ocrx_word' id='word_1_635' title='bbox 1857 4712 2056 4768; x_wconf 86' lang='lat' dir='ltr'><strong>melius</strong></span> 
     </span>
    </p>
   </div>
   <div class='ocr_carea' id='block_1_90' title="bbox 474 4804 2056 4876">
    <p class='ocr_par' dir='ltr' id='par_1_90' title="bbox 474 4804 2056 4876">
     <span class='ocr_line' id='line_1_90' title="bbox 474 4804 2056 4876; baseline 0.003 -19"><span class='ocrx_word' id='word_1_636' title='bbox 474 4818 641 4872; x_wconf 86' lang='lat' dir='ltr'><strong>quam</strong></span> <span class='ocrx_word' id='word_1_637' title='bbox 672 4812 850 4867; x_wconf 81' lang='lat' dir='ltr'><strong>vates,</strong></span> <span class='ocrx_word' id='word_1_638' title='bbox 886 4804 1030 4857; x_wconf 90' lang='lat' dir='ltr'><strong>sicut</strong></span> <span class='ocrx_word' id='word_1_639' title='bbox 1073 4819 1339 4873; x_wconf 63' lang='lat' dir='ltr'><strong>praesens,</strong></span> <span class='ocrx_word' id='word_1_640' title='bbox 1374 4804 1583 4870; x_wconf 86' lang='lat' dir='ltr'><strong>videat,</strong></span> <span class='ocrx_word' id='word_1_641' title='bbox 1613 4814 1669 4859; x_wconf 91' lang='lat' dir='ltr'><strong>et</strong></span> <span class='ocrx_word' id='word_1_642' title='bbox 1716 4805 1774 4860; x_wconf 89' lang='lat' dir='ltr'><strong>in</strong></span> <span class='ocrx_word' id='word_1_643' title='bbox 1808 4805 1896 4861; x_wconf 85' lang='lat' dir='ltr'><strong>his</strong></span> <span class='ocrx_word' id='word_1_644' title='bbox 1933 4821 2056 4876; x_wconf 72' lang='lat' dir='ltr'><strong>qua:</strong></span> 
     </span>
    </p>
   </div>
   <div class='ocr_carea' id='block_1_91' title="bbox 473 4895 2058 4968">
    <p class='ocr_par' dir='ltr' id='par_1_91' title="bbox 473 4895 2058 4968">
     <span class='ocr_line' id='line_1_91' title="bbox 473 4895 2058 4968; baseline 0.002 -18"><span class='ocrx_word' id='word_1_645' title='bbox 473 4897 595 4952; x_wconf 81' lang='lat' dir='ltr'><strong>aliis</strong></span> <span class='ocrx_word' id='word_1_646' title='bbox 627 4895 948 4950; x_wconf 85' lang='lat' dir='ltr'><strong>dillicillima</strong></span> <span class='ocrx_word' id='word_1_647' title='bbox 988 4895 1251 4950; x_wconf 86' lang='lat' dir='ltr'><strong>videntur</strong></span> <span class='ocrx_word' id='word_1_648' title='bbox 1293 4914 1457 4967; x_wconf 87' lang='lat' dir='ltr'><strong>quam</strong></span> <span class='ocrx_word' id='word_1_649' title='bbox 1487 4896 1752 4952; x_wconf 82' lang='lat' dir='ltr'><strong>facillime</strong></span> <span class='ocrx_word' id='word_1_650' title='bbox 1788 4906 2058 4968; x_wconf 87' lang='lat' dir='ltr'><strong>opportu-</strong></span> 
     </span>
    </p>
   </div>
   <div class='ocr_carea' id='block_1_92' title="bbox 472 4987 2058 5061">
    <p class='ocr_par' dir='ltr' id='par_1_92' title="bbox 472 4987 2058 5061">
     <span class='ocr_line' id='line_1_92' title="bbox 472 4987 2058 5061; baseline 0.002 -18"><span class='ocrx_word' id='word_1_651' title='bbox 472 5004 576 5044; x_wconf 85' lang='lat' dir='ltr'><strong>nas</strong></span> <span class='ocrx_word' id='word_1_652' title='bbox 608 5004 697 5043; x_wconf 91' lang='lat' dir='ltr'><strong>res</strong></span> <span class='ocrx_word' id='word_1_653' title='bbox 723 4987 997 5057; x_wconf 84' lang='lat' dir='ltr'><strong>expediat,</strong></span> <span class='ocrx_word' id='word_1_654' title='bbox 1040 4989 1138 5046; x_wconf 86' lang='lat' dir='ltr'><strong>sed</strong></span> <span class='ocrx_word' id='word_1_655' title='bbox 1166 4990 1331 5045; x_wconf 89' lang='lat' dir='ltr'><strong>etiam</strong></span> <span class='ocrx_word' id='word_1_656' title='bbox 1362 4989 1508 5060; x_wconf 89' lang='lat' dir='ltr'><strong>quod</strong></span> <span class='ocrx_word' id='word_1_657' title='bbox 1543 5006 1572 5044; x_wconf 88' lang='lat' dir='ltr'><strong>a</strong></span> <span class='ocrx_word' id='word_1_658' title='bbox 1593 4990 1888 5061; x_wconf 85' lang='lat' dir='ltr'><strong>juventutc</strong></span> <span class='ocrx_word' id='word_1_659' title='bbox 1912 4990 2058 5046; x_wconf 85' lang='lat' dir='ltr'><strong>bella</strong></span> 
     </span>
    </p>
   </div>
   <div class='ocr_carea' id='block_1_93' title="bbox 476 5079 2051 5149">
    <p class='ocr_par' dir='ltr' id='par_1_93' title="bbox 476 5079 2051 5149">
     <span class='ocr_line' id='line_1_93' title="bbox 476 5079 2051 5149; baseline -0.001 -16"><span class='ocrx_word' id='word_1_660' title='bbox 476 5080 650 5134; x_wconf 87' lang='lat' dir='ltr'><strong>multa</strong></span> <span class='ocrx_word' id='word_1_661' title='bbox 679 5091 733 5134; x_wconf 90' lang='lat' dir='ltr'><strong>et</strong></span> <span class='ocrx_word' id='word_1_662' title='bbox 759 5081 1014 5144; x_wconf 82' lang='lat' dir='ltr'><strong>maxima,</strong></span> <span class='ocrx_word' id='word_1_663' title='bbox 1043 5091 1100 5135; x_wconf 90' lang='lat' dir='ltr'><strong>et</strong></span> <span class='ocrx_word' id='word_1_664' title='bbox 1132 5080 1224 5133; x_wconf 90' lang='lat' dir='ltr'><strong>illa</strong></span> <span class='ocrx_word' id='word_1_665' title='bbox 1267 5080 1489 5149; x_wconf 80' lang='lat' dir='ltr'><strong>quidem</strong></span> <span class='ocrx_word' id='word_1_666' title='bbox 1544 5080 1802 5134; x_wconf 83' lang='lat' dir='ltr'><strong>omnibus</strong></span> <span class='ocrx_word' id='word_1_667' title='bbox 1855 5079 2051 5144; x_wconf 84' lang='lat' dir='ltr'><strong>ardua,</strong></span> 
     </span>
    </p>
   </div>
   <div class='ocr_carea' id='block_1_94' title="bbox 474 5173 2053 5245">
    <p class='ocr_par' dir='ltr' id='par_1_94' title="bbox 474 5173 2053 5245">
     <span class='ocr_line' id='line_1_94' title="bbox 474 5173 2053 5245; baseline -0.001 -16"><span class='ocrx_word' id='word_1_668' title='bbox 474 5174 710 5229; x_wconf 79' lang='lat' dir='ltr'><strong>feliciter</strong></span> <span class='ocrx_word' id='word_1_669' title='bbox 742 5184 797 5230; x_wconf 92' lang='lat' dir='ltr'><strong>et</strong></span> <span class='ocrx_word' id='word_1_670' title='bbox 823 5185 883 5229; x_wconf 91' lang='lat' dir='ltr'><strong>ut</strong></span> <span class='ocrx_word' id='word_1_671' title='bbox 908 5191 1074 5230; x_wconf 87' lang='lat' dir='ltr'><strong>nemo</strong></span> <span class='ocrx_word' id='word_1_672' title='bbox 1105 5174 1483 5229; x_wconf 76' lang='lat' dir='ltr'><strong>existimasset</strong></span> <span class='ocrx_word' id='word_1_673' title='bbox 1522 5173 1760 5245; x_wconf 79' lang='lat' dir='ltr'><strong>gesserit</strong></span> <span class='ocrx_word' id='word_1_674' title='bbox 1786 5174 2053 5239; x_wconf 79' lang='lat' dir='ltr'><strong>(omnibus</strong></span> 
     </span>
    </p>
   </div>
   <div class='ocr_carea' id='block_1_95' title="bbox 473 5266 2050 5339">
    <p class='ocr_par' dir='ltr' id='par_1_95' title="bbox 473 5266 2050 5339">
     <span class='ocr_line' id='line_1_95' title="bbox 473 5266 2050 5339; baseline -0.002 -18"><span class='ocrx_word' id='word_1_675' title='bbox 473 5270 694 5338; x_wconf 77' lang='lat' dir='ltr'><strong>peritior</strong></span> <span class='ocrx_word' id='word_1_676' title='bbox 732 5284 892 5339; x_wconf 80' lang='lat' dir='ltr'><strong>equos</strong></span> <span class='ocrx_word' id='word_1_677' title='bbox 928 5270 1180 5321; x_wconf 82' lang='lat' dir='ltr'><strong>ordinare</strong></span> <span class='ocrx_word' id='word_1_678' title='bbox 1213 5277 1258 5321; x_wconf 85' lang='grc' dir='ltr'><strong>ει</strong></span> <span class='ocrx_word' id='word_1_679' title='bbox 1290 5270 1430 5321; x_wconf 80' lang='lat' dir='ltr'><strong>viros</strong></span> <span class='ocrx_word' id='word_1_680' title='bbox 1453 5266 1743 5338; x_wconf 77' lang='lat' dir='ltr'><strong>clypeatos.</strong></span> <span class='ocrx_word' id='word_1_681' title='bbox 1777 5267 2050 5334; x_wconf 82' lang='lat' dir='ltr'><strong>(llomcr.,</strong></span> 
     </span>
    </p>
   </div>
   <div class='ocr_carea' id='block_1_96' title="bbox 476 5359 2052 5433">
    <p class='ocr_par' dir='ltr' id='par_1_96' title="bbox 476 5359 2052 5433">
     <span class='ocr_line' id='line_1_96' title="bbox 476 5359 2052 5433; baseline -0.001 -18"><span class='ocrx_word' id='word_1_682' title='bbox 476 5359 644 5428; x_wconf 81' lang='lat' dir='ltr'><strong>Iliad,</strong></span> <span class='ocrx_word' id='word_1_683' title='bbox 686 5360 747 5427; x_wconf 84' lang='grc' dir='ltr'>Β,</span> <span class='ocrx_word' id='word_1_684' title='bbox 783 5360 954 5433; x_wconf 71' lang='grc'><strong>554).</strong></span> <span class='ocrx_word' id='word_1_685' title='bbox 992 5359 1134 5419; x_wconf 86' lang='lat' dir='ltr'><strong>Illud</strong></span> <span class='ocrx_word' id='word_1_686' title='bbox 1184 5361 1445 5415; x_wconf 87' lang='lat' dir='ltr'><strong>nimirum</strong></span> <span class='ocrx_word' id='word_1_687' title='bbox 1491 5359 1728 5415; x_wconf 80' lang='lat' dir='ltr'><strong>maxime</strong></span> <span class='ocrx_word' id='word_1_688' title='bbox 1763 5374 1894 5414; x_wconf 90' lang='lat' dir='ltr'><strong>eum</strong></span> <span class='ocrx_word' id='word_1_689' title='bbox 1956 5359 2052 5414; x_wconf 86' lang='lat' dir='ltr'><strong>tibi</strong></span> 
     </span>
    </p>
   </div>
   <div class='ocr_carea' id='block_1_97' title="bbox 545 5564 1520 5636">
    <p class='ocr_par' dir='ltr' id='par_1_97' title="bbox 545 5564 1520 5636">
     <span class='ocr_line' id='line_1_97' title="bbox 545 5564 1520 5636; baseline 0.001 -18"><span class='ocrx_word' id='word_1_690' title='bbox 545 5565 624 5636; x_wconf 71' lang='lat'><strong>(6)</strong></span> <span class='ocrx_word' id='word_1_691' title='bbox 660 5566 871 5621; x_wconf 86' lang='lat' dir='ltr'><strong>Turcos</strong></span> <span class='ocrx_word' id='word_1_692' title='bbox 893 5565 1103 5620; x_wconf 86' lang='lat' dir='ltr'><strong>scilicet</strong></span> <span class='ocrx_word' id='word_1_693' title='bbox 1127 5573 1183 5620; x_wconf 89' lang='lat' dir='ltr'><strong>et</strong></span> <span class='ocrx_word' id='word_1_694' title='bbox 1212 5564 1520 5621; x_wconf 84' lang='lat' dir='ltr'><strong>Catalanos.</strong></span> 
     </span>
    </p>
   </div>
   <div class='ocr_carea' id='block_1_98' title="bbox 546 5634 2052 5705">
    <p class='ocr_par' dir='ltr' id='par_1_98' title="bbox 546 5634 2052 5705">
     <span class='ocr_line' id='line_1_98' title="bbox 546 5634 2052 5705; baseline 0.002 -17"><span class='ocrx_word' id='word_1_695' title='bbox 546 5634 623 5705; x_wconf 80' lang='lat'><strong>(7)</strong></span> <span class='ocrx_word' id='word_1_696' title='bbox 650 5638 709 5691; x_wconf 79' lang='lat' dir='ltr'><strong>Ei</strong></span> <span class='ocrx_word' id='word_1_697' title='bbox 738 5650 937 5689; x_wconf 90' lang='lat' dir='ltr'><strong>nomen</strong></span> <span class='ocrx_word' id='word_1_698' title='bbox 963 5636 1065 5689; x_wconf 81' lang='lat' dir='ltr'><strong>fuit</strong></span> <span class='ocrx_word' id='word_1_699' title='bbox 1091 5637 1322 5705; x_wconf 80' lang='lat' dir='ltr'><strong>Angelo,</strong></span> <span class='ocrx_word' id='word_1_700' title='bbox 1351 5636 1497 5704; x_wconf 75' lang='grc' dir='ltr'><strong>(ιςιοᾱ</strong></span> <span class='ocrx_word' id='word_1_701' title='bbox 1519 5634 1683 5690; x_wconf 88' lang='lat' dir='ltr'><strong>didici</strong></span> <span class='ocrx_word' id='word_1_702' title='bbox 1709 5652 1775 5689; x_wconf 80' lang='lat' dir='ltr'><strong>cx</strong></span> <span class='ocrx_word' id='word_1_703' title='bbox 1802 5636 2052 5691; x_wconf 88' lang='lat' dir='ltr'><strong>oratione</strong></span> 
     </span>
    </p>
   </div>
   <div class='ocr_carea' id='block_1_99' title="bbox 478 5706 2048 5777">
    <p class='ocr_par' dir='ltr' id='par_1_99' title="bbox 478 5706 2048 5777">
     <span class='ocr_line' id='line_1_99' title="bbox 478 5706 2048 5777; baseline 0.001 -18"><span class='ocrx_word' id='word_1_704' title='bbox 478 5707 743 5761; x_wconf 77' lang='lat' dir='ltr'><strong>Tlteoduli</strong></span> <span class='ocrx_word' id='word_1_705' title='bbox 800 5707 877 5776; x_wconf 76' lang='grc' dir='ltr'>τῷ</span> <span class='ocrx_word' id='word_1_706' title='bbox 909 5707 1151 5776; x_wconf 83' lang='grc' dir='ltr'>Μεγάλῳ</span> <span class='ocrx_word' id='word_1_707' title='bbox 1191 5707 1650 5777; x_wconf 79' lang='grc' dir='ltr'>Στρατοπεδάρχῃ</span> <span class='ocrx_word' id='word_1_708' title='bbox 1683 5706 2048 5775; x_wconf 78' lang='grc' dir='ltr'>τῷἈγγέλῳ.</span> 
     </span>
    </p>
   </div>
   <div class='ocr_carea' id='block_1_100' title="bbox 478 5778 2048 5846">
    <p class='ocr_par' dir='ltr' id='par_1_100' title="bbox 478 5778 2048 5846">
     <span class='ocr_line' id='line_1_100' title="bbox 478 5778 2048 5846; baseline 0 -15"><span class='ocrx_word' id='word_1_709' title='bbox 478 5779 616 5831; x_wconf 84' lang='lat' dir='ltr'><strong>Dum</strong></span> <span class='ocrx_word' id='word_1_710' title='bbox 652 5778 845 5832; x_wconf 86' lang='lat' dir='ltr'><strong>melius</strong></span> <span class='ocrx_word' id='word_1_711' title='bbox 872 5778 1002 5846; x_wconf 84' lang='lat' dir='ltr'><strong>quid</strong></span> <span class='ocrx_word' id='word_1_712' title='bbox 1032 5793 1061 5830; x_wconf 85' lang='lat' dir='ltr'><strong>a</strong></span> <span class='ocrx_word' id='word_1_713' title='bbox 1084 5779 1216 5832; x_wconf 80' lang='lat' dir='ltr'><strong>Viris</strong></span> <span class='ocrx_word' id='word_1_714' title='bbox 1245 5779 1439 5831; x_wconf 87' lang='lat' dir='ltr'><strong>horum</strong></span> <span class='ocrx_word' id='word_1_715' title='bbox 1462 5786 1769 5845; x_wconf 83' lang='lat' dir='ltr'><strong>temporum</strong></span> <span class='ocrx_word' id='word_1_716' title='bbox 1803 5778 2048 5831; x_wconf 73' lang='lat' dir='ltr'><strong>historia:</strong></span> 
     </span>
    </p>
   </div>
   <div class='ocr_carea' id='block_1_101' title="bbox 478 5846 2042 5919">
    <p class='ocr_par' dir='ltr' id='par_1_101' title="bbox 478 5846 2042 5919">
     <span class='ocr_line' id='line_1_101' title="bbox 478 5846 2042 5919; baseline 0 -18"><span class='ocrx_word' id='word_1_717' title='bbox 478 5849 832 5918; x_wconf 65' lang='lat' dir='ltr'><strong>peritioribus</strong></span> <span class='ocrx_word' id='word_1_718' title='bbox 867 5848 1201 5919; x_wconf 77' lang='lat' dir='ltr'><strong>proferatur,</strong></span> <span class='ocrx_word' id='word_1_719' title='bbox 1229 5850 1428 5918; x_wconf 87' lang='lat' dir='ltr'><strong>opinor</strong></span> <span class='ocrx_word' id='word_1_720' title='bbox 1458 5846 1574 5901; x_wconf 75' lang='lat' dir='ltr'><strong>fere</strong></span> <span class='ocrx_word' id='word_1_721' title='bbox 1603 5848 1750 5902; x_wconf 84' lang='lat' dir='ltr'><strong>hunc</strong></span> <span class='ocrx_word' id='word_1_722' title='bbox 1776 5849 2042 5918; x_wconf 74' lang='lat' dir='ltr'><strong>Angelum</strong></span> 
     </span>
    </p>
   </div>
   <div class='ocr_carea' id='block_1_102' title="bbox 2160 4619 3732 4697">
    <p class='ocr_par' dir='ltr' id='par_1_102' title="bbox 2160 4619 3732 4697">
     <span class='ocr_line' id='line_1_102' title="bbox 2160 4619 3732 4697; baseline 0.003 -24"><span class='ocrx_word' id='word_1_723' title='bbox 2160 4619 2362 4692; x_wconf 82' lang='grc' dir='ltr'>μακρῷ</span> <span class='ocrx_word' id='word_1_724' title='bbox 2386 4621 2603 4676; x_wconf 88' lang='grc' dir='ltr'>πάντων</span> <span class='ocrx_word' id='word_1_725' title='bbox 2633 4621 2857 4693; x_wconf 75' lang='grc' dir='ltr'>ἄριστος</span> <span class='ocrx_word' id='word_1_726' title='bbox 2882 4625 2945 4677; x_wconf 88' lang='grc' dir='ltr'><strong>οὑ</strong></span> <span class='ocrx_word' id='word_1_727' title='bbox 2972 4625 3292 4693; x_wconf 72' lang='grc' dir='ltr'>λογίζεσθαι</span> <span class='ocrx_word' id='word_1_728' title='bbox 3328 4629 3460 4697; x_wconf 77' lang='grc' dir='ltr'>περὶ</span> <span class='ocrx_word' id='word_1_729' title='bbox 3484 4622 3732 4695; x_wconf 72' lang='grc' dir='ltr'>πραγμά-</span> 
     </span>
    </p>
   </div>
   <div class='ocr_carea' id='block_1_103' title="bbox 2152 4713 3728 4790">
    <p class='ocr_par' dir='ltr' id='par_1_103' title="bbox 2152 4713 3728 4790">
     <span class='ocr_line' id='line_1_103' title="bbox 2152 4713 3728 4790; baseline -0.002 -24"><span class='ocrx_word' id='word_1_730' title='bbox 2152 4730 2265 4767; x_wconf 73' lang='grc' dir='ltr'><strong>των</strong></span> <span class='ocrx_word' id='word_1_731' title='bbox 2290 4714 2453 4784; x_wconf 79' lang='grc' dir='ltr'>μόνον</span> <span class='ocrx_word' id='word_1_732' title='bbox 2476 4717 2570 4769; x_wconf 78' lang='grc' dir='ltr'>καὶ</span> <span class='ocrx_word' id='word_1_733' title='bbox 2596 4719 2708 4781; x_wconf 82' lang='grc' dir='ltr'>τοῖς</span> <span class='ocrx_word' id='word_1_734' title='bbox 2749 4716 2936 4788; x_wconf 69' lang='grc' dir='ltr'>ἔργοις</span> <span class='ocrx_word' id='word_1_735' title='bbox 2967 4720 3044 4783; x_wconf 81' lang='grc' dir='ltr'><strong>ὡς</strong></span> <span class='ocrx_word' id='word_1_736' title='bbox 3089 4721 3252 4789; x_wconf 73' lang='grc' dir='ltr'>τάχος</span> <span class='ocrx_word' id='word_1_737' title='bbox 3298 4721 3599 4790; x_wconf 73' lang='grc' dir='ltr'>περαίνειν,</span> <span class='ocrx_word' id='word_1_738' title='bbox 3625 4713 3728 4766; x_wconf 74' lang='grc' dir='ltr'>οὐδ’</span> 
     </span>
    </p>
   </div>
   <div class='ocr_carea' id='block_1_104' title="bbox 2160 4804 3726 4882">
    <p class='ocr_par' dir='ltr' id='par_1_104' title="bbox 2160 4804 3726 4882">
     <span class='ocr_line' id='line_1_104' title="bbox 2160 4804 3726 4882; baseline 0.003 -22"><span class='ocrx_word' id='word_1_739' title='bbox 2160 4804 2301 4860; x_wconf 85' lang='grc' dir='ltr'>ὥστε</span> <span class='ocrx_word' id='word_1_740' title='bbox 2350 4810 2464 4872; x_wconf 89' lang='grc' dir='ltr'>τοῖς</span> <span class='ocrx_word' id='word_1_741' title='bbox 2507 4807 2792 4880; x_wconf 88' lang='grc' dir='ltr'>λογισμοῖς</span> <span class='ocrx_word' id='word_1_742' title='bbox 2831 4812 2891 4863; x_wconf 86' lang='grc' dir='ltr'><strong>τὸ</strong></span> <span class='ocrx_word' id='word_1_743' title='bbox 2942 4813 3139 4882; x_wconf 78' lang='grc' dir='ltr'>μέλλον</span> <span class='ocrx_word' id='word_1_744' title='bbox 3183 4814 3447 4880; x_wconf 82' lang='grc' dir='ltr'>μαντείας</span> <span class='ocrx_word' id='word_1_745' title='bbox 3490 4812 3726 4880; x_wconf 75' lang='grc' dir='ltr'>κρεῖττον</span> 
     </span>
    </p>
   </div>
   <div class='ocr_carea' id='block_1_105' title="bbox 2162 4895 3728 4973">
    <p class='ocr_par' dir='ltr' id='par_1_105' title="bbox 2162 4895 3728 4973">
     <span class='ocr_line' id='line_1_105' title="bbox 2162 4895 3728 4973; baseline 0.01 -24"><span class='ocrx_word' id='word_1_746' title='bbox 2162 4896 2238 4960; x_wconf 88' lang='grc' dir='ltr'>ὡς</span> <span class='ocrx_word' id='word_1_747' title='bbox 2258 4897 2435 4967; x_wconf 83' lang='grc' dir='ltr'>παρὸν</span> <span class='ocrx_word' id='word_1_748' title='bbox 2467 4896 2715 4970; x_wconf 87' lang='grc' dir='ltr'>θεωρεῖν,</span> <span class='ocrx_word' id='word_1_749' title='bbox 2759 4901 2855 4952; x_wconf 79' lang='grc' dir='ltr'>καὶ</span> <span class='ocrx_word' id='word_1_750' title='bbox 2901 4903 3035 4973; x_wconf 78' lang='grc' dir='ltr'>περὶ</span> <span class='ocrx_word' id='word_1_751' title='bbox 3086 4903 3196 4955; x_wconf 81' lang='grc' dir='ltr'>τῶν</span> <span class='ocrx_word' id='word_1_752' title='bbox 3231 4901 3601 4973; x_wconf 82' lang='grc' dir='ltr'>ἀπορωτάτων</span> <span class='ocrx_word' id='word_1_753' title='bbox 3624 4895 3728 4963; x_wconf 60' lang='grc' dir='ltr'>τρῖς</span> 
     </span>
    </p>
   </div>
   <div class='ocr_carea' id='block_1_106' title="bbox 2163 4984 3730 5064">
    <p class='ocr_par' dir='ltr' id='par_1_106' title="bbox 2163 4984 3730 5064">
     <span class='ocr_line' id='line_1_106' title="bbox 2163 4984 3730 5064; baseline -0.001 -24"><span class='ocrx_word' id='word_1_754' title='bbox 2163 4986 2346 5050; x_wconf 79' lang='grc' dir='ltr'>ἄλλοις</span> <span class='ocrx_word' id='word_1_755' title='bbox 2380 4984 2842 5045; x_wconf 80' lang='grc' dir='ltr'>εἷναιδοκούντων</span> <span class='ocrx_word' id='word_1_756' title='bbox 2877 4994 3022 5062; x_wconf 75' lang='grc' dir='ltr'>μάλα</span> <span class='ocrx_word' id='word_1_757' title='bbox 3063 4994 3262 5064; x_wconf 72' lang='grc' dir='ltr'>ῥᾳδίως</span> <span class='ocrx_word' id='word_1_758' title='bbox 3302 4986 3730 5061; x_wconf 74' lang='grc' dir='ltr'>αὐτοσχεδιάζειν</span> 
     </span>
    </p>
   </div>
   <div class='ocr_carea' id='block_1_107' title="bbox 2163 5080 3730 5155">
    <p class='ocr_par' dir='ltr' id='par_1_107' title="bbox 2163 5080 3730 5155">
     <span class='ocr_line' id='line_1_107' title="bbox 2163 5080 3730 5155; baseline -0.001 -22"><span class='ocrx_word' id='word_1_759' title='bbox 2163 5080 2227 5134; x_wconf 68' lang='grc' dir='ltr'>τὸ</span> <span class='ocrx_word' id='word_1_760' title='bbox 2260 5082 2417 5149; x_wconf 79' lang='grc' dir='ltr'>δέον,</span> <span class='ocrx_word' id='word_1_761' title='bbox 2456 5084 2595 5137; x_wconf 77' lang='grc' dir='ltr'>ἀλλὰ</span> <span class='ocrx_word' id='word_1_762' title='bbox 2638 5084 2735 5137; x_wconf 64' lang='grc' dir='ltr'><strong>καὶ¹</strong></span> <span class='ocrx_word' id='word_1_763' title='bbox 2776 5085 3050 5155; x_wconf 77' lang='grc' dir='ltr'>πολέμους</span> <span class='ocrx_word' id='word_1_764' title='bbox 3096 5088 3161 5140; x_wconf 88' lang='grc' dir='ltr'><strong>ἐκ</strong></span> <span class='ocrx_word' id='word_1_765' title='bbox 3200 5082 3411 5141; x_wconf 79' lang='grc' dir='ltr'>παίδων</span> <span class='ocrx_word' id='word_1_766' title='bbox 3457 5082 3730 5136; x_wconf 77' lang='grc' dir='ltr'>πλείστους</span> 
     </span>
    </p>
   </div>
   <div class='ocr_carea' id='block_1_108' title="bbox 2162 5171 3725 5246">
    <p class='ocr_par' dir='ltr' id='par_1_108' title="bbox 2162 5171 3725 5246">
     <span class='ocr_line' id='line_1_108' title="bbox 2162 5171 3725 5246; baseline -0.006 -17"><span class='ocrx_word' id='word_1_767' title='bbox 2162 5192 2222 5229; x_wconf 84' lang='grc' dir='ltr'><strong>τε</strong></span> <span class='ocrx_word' id='word_1_768' title='bbox 2268 5177 2364 5227; x_wconf 65' lang='grc' dir='ltr'><strong>καὶ</strong></span> <span class='ocrx_word' id='word_1_769' title='bbox 2393 5177 2711 5246; x_wconf 83' lang='grc' dir='ltr'>μεγίστους,</span> <span class='ocrx_word' id='word_1_770' title='bbox 2744 5179 2873 5241; x_wconf 76' lang='grc' dir='ltr'>τοὺς</span> <span class='ocrx_word' id='word_1_771' title='bbox 2924 5179 2969 5232; x_wconf 87' lang='grc' dir='ltr'>δ’</span> <span class='ocrx_word' id='word_1_772' title='bbox 3016 5179 3217 5244; x_wconf 75' lang='grc' dir='ltr'>αὐτοὺς</span> <span class='ocrx_word' id='word_1_773' title='bbox 3264 5181 3360 5233; x_wconf 73' lang='grc' dir='ltr'><strong>καὶ</strong></span> <span class='ocrx_word' id='word_1_774' title='bbox 3408 5178 3519 5237; x_wconf 86' lang='grc' dir='ltr'>τοῖς</span> <span class='ocrx_word' id='word_1_775' title='bbox 3566 5171 3725 5224; x_wconf 71' lang='grc' dir='ltr'>ἅπασι</span> 
     </span>
    </p>
   </div>
   <div class='ocr_carea' id='block_1_109' title="bbox 2162 5259 3725 5342">
    <p class='ocr_par' dir='ltr' id='par_1_109' title="bbox 2162 5259 3725 5342">
     <span class='ocr_line' id='line_1_109' title="bbox 2162 5259 3725 5342; baseline -0.013 -6"><span class='ocrx_word' id='word_1_776' title='bbox 2162 5268 2467 5340; x_wconf 72' lang='grc' dir='ltr'>δυσχερεῖς,</span> <span class='ocrx_word' id='word_1_777' title='bbox 2499 5269 2558 5322; x_wconf 78' lang='grc' dir='ltr'><strong>εὖ</strong></span> <span class='ocrx_word' id='word_1_778' title='bbox 2591 5286 2651 5322; x_wconf 87' lang='grc' dir='ltr'><strong>τε</strong></span> <span class='ocrx_word' id='word_1_779' title='bbox 2680 5271 2774 5323; x_wconf 70' lang='grc' dir='ltr'><strong>καὶ</strong></span> <span class='ocrx_word' id='word_1_780' title='bbox 2803 5270 2877 5335; x_wconf 81' lang='grc' dir='ltr'>ὡς</span> <span class='ocrx_word' id='word_1_781' title='bbox 2903 5271 3003 5324; x_wconf 77' lang='grc' dir='ltr'><strong>οὐκ</strong></span> <span class='ocrx_word' id='word_1_782' title='bbox 3034 5272 3099 5325; x_wconf 76' lang='grc' dir='ltr'>ἄν</span> <span class='ocrx_word' id='word_1_783' title='bbox 3131 5289 3213 5335; x_wconf 88' lang='grc' dir='ltr'><strong>τις</strong></span> <span class='ocrx_word' id='word_1_784' title='bbox 3248 5271 3401 5342; x_wconf 75' lang='grc' dir='ltr'>ᾠήθη</span> <span class='ocrx_word' id='word_1_785' title='bbox 3427 5259 3725 5327; x_wconf 63' lang='grc' dir='ltr'>διενεγκεῖν,</span> 
     </span>
    </p>
   </div>
   <div class='ocr_carea' id='block_1_110' title="bbox 2165 5349 3730 5435">
    <p class='ocr_par' dir='ltr' id='par_1_110' title="bbox 2165 5349 3730 5435">
     <span class='ocr_line' id='line_1_110' title="bbox 2165 5349 3730 5435; baseline -0.01 -21"><span class='ocrx_word' id='word_1_786' title='bbox 2165 5360 2252 5414; x_wconf 74' lang='grc' dir='ltr'>ἅθ’</span> <span class='ocrx_word' id='word_1_787' title='bbox 2292 5362 2430 5433; x_wconf 85' lang='grc' dir='ltr'>ὑπὲρ</span> <span class='ocrx_word' id='word_1_788' title='bbox 2467 5363 2672 5426; x_wconf 83' lang='grc' dir='ltr'>πάντας</span> <span class='ocrx_word' id='word_1_789' title='bbox 2700 5363 2841 5433; x_wconf 77' lang='grc' dir='ltr'>ἔχων</span> <span class='ocrx_word' id='word_1_790' title='bbox 2872 5364 3076 5429; x_wconf 79' lang='grc' dir='ltr'>ἵππους</span> <span class='ocrx_word' id='word_1_791' title='bbox 3102 5383 3164 5418; x_wconf 90' lang='grc' dir='ltr'><strong>τε</strong></span> <span class='ocrx_word' id='word_1_792' title='bbox 3196 5364 3471 5435; x_wconf 76' lang='grc' dir='ltr'>κοσμῆσαι</span> <span class='ocrx_word' id='word_1_793' title='bbox 3501 5354 3592 5410; x_wconf 75' lang='grc' dir='ltr'>καὶ</span> <span class='ocrx_word' id='word_1_794' title='bbox 3618 5349 3730 5404; x_wconf 65' lang='lat' dir='ltr'><strong>dvi-</strong></span> 
     </span>
    </p>
   </div>
   <div class='ocr_carea' id='block_1_111' title="bbox 2166 5558 3726 5639">
    <p class='ocr_par' dir='ltr' id='par_1_111' title="bbox 2166 5558 3726 5639">
     <span class='ocr_line' id='line_1_111' title="bbox 2166 5558 3726 5639; baseline -0.008 -19"><span class='ocrx_word' id='word_1_795' title='bbox 2166 5565 2555 5639; x_wconf 67' lang='lat' dir='ltr'><strong>l‘alaeologum.</strong></span> <span class='ocrx_word' id='word_1_796' title='bbox 2586 5569 2935 5639; x_wconf 79' lang='lat' dir='ltr'><strong>imperatoris</strong></span> <span class='ocrx_word' id='word_1_797' title='bbox 2982 5566 3173 5624; x_wconf 82' lang='lat' dir='ltr'><strong>fratris</strong></span> <span class='ocrx_word' id='word_1_798' title='bbox 3206 5566 3409 5639; x_wconf 58' lang='lat' dir='ltr'><strong>ﬁlium,</strong></span> <span class='ocrx_word' id='word_1_799' title='bbox 3435 5560 3579 5615; x_wconf 88' lang='lat' dir='ltr'><strong>illum</strong></span> <span class='ocrx_word' id='word_1_800' title='bbox 3600 5558 3726 5639; x_wconf 27' lang='lat'><strong>“65$?</strong></span> 
     </span>
    </p>
   </div>
   <div class='ocr_carea' id='block_1_112' title="bbox 2161 5630 3727 5709">
    <p class='ocr_par' dir='ltr' id='par_1_112' title="bbox 2161 5630 3727 5709">
     <span class='ocr_line' id='line_1_112' title="bbox 2161 5630 3727 5709; baseline 0.006 -21"><span class='ocrx_word' id='word_1_801' title='bbox 2161 5630 2705 5709; x_wconf 22' lang='lat' dir='ltr'><strong>Jpatmis‘lfalteolog&#39;i</strong></span> <span class='ocrx_word' id='word_1_802' title='bbox 2754 5641 2948 5706; x_wconf 81' lang='lat' dir='ltr'><strong>lilium,</strong></span> <span class='ocrx_word' id='word_1_803' title='bbox 2982 5640 3049 5693; x_wconf 87' lang='lat' dir='ltr'><strong>de</strong></span> <span class='ocrx_word' id='word_1_804' title='bbox 3094 5655 3206 5709; x_wconf 86' lang='lat' dir='ltr'><strong>quo</strong></span> <span class='ocrx_word' id='word_1_805' title='bbox 3244 5633 3481 5703; x_wconf 79' lang='lat' dir='ltr'><strong>Cangius</strong></span> <span class='ocrx_word' id='word_1_806' title='bbox 3529 5630 3727 5709; x_wconf 26' lang='lat' dir='ltr'><strong>“Sui”</strong></span> 
     </span>
    </p>
   </div>
   <div class='ocr_carea' id='block_1_113' title="bbox 2163 5702 3730 5780">
    <p class='ocr_par' dir='ltr' id='par_1_113' title="bbox 2163 5702 3730 5780">
     <span class='ocr_line' id='line_1_113' title="bbox 2163 5702 3730 5780; baseline -0.01 -19"><span class='ocrx_word' id='word_1_807' title='bbox 2163 5706 2407 5763; x_wconf 78' lang='lat' dir='ltr'><strong>Fatuﬂiis</strong></span> <span class='ocrx_word' id='word_1_808' title='bbox 2435 5702 2763 5780; x_wconf 63' lang='lat' dir='ltr'><strong>Byzantiuis,</strong></span> <span class='ocrx_word' id='word_1_809' title='bbox 2794 5726 2910 5778; x_wconf 76' lang='lat' dir='ltr'><strong>pag.</strong></span> <span class='ocrx_word' id='word_1_810' title='bbox 2933 5702 3076 5774; x_wconf 54' lang='grc' dir='ltr'><strong>ΞΜ,</strong></span> <span class='ocrx_word' id='word_1_811' title='bbox 3108 5702 3201 5763; x_wconf 67' lang='lat' dir='ltr'><strong>sed</strong></span> <span class='ocrx_word' id='word_1_812' title='bbox 3241 5702 3404 5780; x_wconf 78' lang='lat' dir='ltr'><strong>quem</strong></span> <span class='ocrx_word' id='word_1_813' title='bbox 3427 5715 3535 5780; x_wconf 78' lang='lat' dir='ltr'><strong>non</strong></span> <span class='ocrx_word' id='word_1_814' title='bbox 3564 5702 3730 5780; x_wconf 37' lang='grc' dir='ltr'>ηρξι-ιξξ</span> 
     </span>
    </p>
   </div>
   <div class='ocr_carea' id='block_1_114' title="bbox 2162 5769 3729 5850">
    <p class='ocr_par' dir='ltr' id='par_1_114' title="bbox 2162 5769 3729 5850">
     <span class='ocr_line' id='line_1_114' title="bbox 2162 5769 3729 5850; baseline -0.027 4"><span class='ocrx_word' id='word_1_815' title='bbox 2162 5787 2255 5850; x_wconf 32' lang='grc' dir='ltr'><strong>¹¹³ν¹π</strong></span> <span class='ocrx_word' id='word_1_816' title='bbox 2284 5792 2312 5850; x_wconf 82' lang='grc' dir='ltr'>Ξ</span> <span class='ocrx_word' id='word_1_817' title='bbox 2336 5780 2411 5834; x_wconf 62' lang='lat' dir='ltr'><strong>il“</strong></span> <span class='ocrx_word' id='word_1_818' title='bbox 2441 5769 2500 5832; x_wconf 79' lang='grc' dir='ltr'><strong>υῖ</strong></span> <span class='ocrx_word' id='word_1_819' title='bbox 2532 5769 2761 5849; x_wconf 74' lang='lat' dir='ltr'><strong>proprie</strong></span> <span class='ocrx_word' id='word_1_820' title='bbox 2783 5769 3022 5850; x_wconf 62' lang='lat' dir='ltr'><strong>Au&#39;getus</strong></span> <span class='ocrx_word' id='word_1_821' title='bbox 3056 5769 3162 5834; x_wconf 83' lang='lat' dir='ltr'><strong>non</strong></span> <span class='ocrx_word' id='word_1_822' title='bbox 3208 5769 3374 5836; x_wconf 68' lang='lat' dir='ltr'><strong>fuerit</strong></span> <span class='ocrx_word' id='word_1_823' title='bbox 3426 5775 3541 5842; x_wconf 54' lang='lat' dir='ltr'><strong>ipse</strong></span> <span class='ocrx_word' id='word_1_824' title='bbox 3587 5769 3729 5816; x_wconf 61' lang='grc' dir='ltr'>αοελ-</span> 
     </span>
    </p>
   </div>
   <div class='ocr_carea' id='block_1_115' title="bbox 2158 5845 3123 5920">
    <p class='ocr_par' dir='ltr' id='par_1_115' title="bbox 2158 5845 3123 5920">
     <span class='ocr_line' id='line_1_115' title="bbox 2158 5845 3123 5920; baseline 0.005 -20"><span class='ocrx_word' id='word_1_825' title='bbox 2158 5845 2480 5918; x_wconf 67' lang='grc' dir='ltr'>φιδοῦς,ερι1</span> <span class='ocrx_word' id='word_1_826' title='bbox 2515 5845 2605 5905; x_wconf 65' lang='grc' dir='ltr'><strong>τοῦ</strong></span> <span class='ocrx_word' id='word_1_827' title='bbox 2638 5845 2924 5920; x_wconf 65' lang='grc' dir='ltr'>αδελφιδόῦ</span> <span class='ocrx_word' id='word_1_828' title='bbox 2960 5849 3123 5908; x_wconf 79' lang='lat' dir='ltr'><strong>ﬁlius.</strong></span> 
     </span>
    </p>
   </div>
  </div>
