4028 6470
307 492 405 557 361

1422 482 1703 544 ORATIO
1744 482 1893 543 PRO
1935 478 2419 545 CUANDRENO.

3461 476 3567 546 362

308 632 404 686 ρας
433 604 766 669 ἀσπιδιώτας
783 603 859 676 (8)
883 620 896 636 ’
931 604 957 657 ὅ
979 603 1043 675 δὴ
1080 602 1174 657 καὶ
1208 603 1412 673 μᾶλλον
1439 603 1533 655 τοῦ
1568 603 1760 670 γένους
1793 618 1876 654 σοι

2009 617 2189 670 ;enere
2234 602 2593 672 conjunctum
2640 612 2760 654 esse
2804 596 3047 653 ostendit
3073 613 3093 679 τ¹
3123 597 3238 654 hzec
3266 612 3398 669 ergo
3435 609 3571 657 sunt

308 704 652 777 προσήκοντα
682 699 869 753 τοῦτον
895 697 1105 751 ἐδείκνυ
1126 710 1141 726 ο
1187 696 1254 749 σὲ
1285 696 1418 763 γοῦν
1447 696 1624 749 ταῦτα
1665 697 1757 749 καὶ
1786 694 1879 748 τοῦ

308 798 447 853 κατὰ
483 795 542 848 σὲ
570 794 913 864 πράγματος.

377 882 574 953 υῦτος,
617 885 745 956 πρὶν
777 882 933 954 μὲνῆ
970 882 1286 951 Χανδρηνδν
1316 880 1637 951 ἀφικέσθαι,
1680 880 1882 950 ἐχρῆτο

315 983 410 1052 μέν
451 996 558 1032 τισι
608 978 881 1048 λοχαγοῖς,
906 976 1107 1053 ἐχρῆτο
1150 976 1195 1027 δ’
1240 974 1301 1027 οὐ
1357 973 1502 1041 μάλα
1550 972 1879 1043 πρέπουσιν,

309 1074 419 1128 οὐδ’
478 1068 922 1139 ἀξιόχρεῳς“ὑτιὺ
971 1066 1148 1135 τούτῳ
1200 1066 1502 1135 τετάχθαι⁸
1543 1064 1737 1135 ἀμέλει
1787 1063 1883 1117 καὶ

311 1170 421 1227 τοῖς
475 1163 755 1231 πολεμίοις
798 1157 1055 1212 τοσοῦτον
1090 1154 1237 1228 εἶχον
1277 1157 1357 1227 (9)
1387 1159 1705 1227 ἀνταρκείν,
1741 1156 1882 1209 ὥστε

312 1257 404 1312 καλ⁵
429 1255 663 1317 τούτοις,
697 1252 772 1315 ὡς
817 1251 927 1319 ἐγὼ
968 1251 1134 1319 φαίην
1163 1250 1251 1311 ἂν,
1278 1249 1348 1302 δι’
1381 1245 1457 1302 ὧν
1482 1248 1883 1320 ἐμαλακίζοντο

313 1346 445 1417 πρὸς
474 1344 572 1407 τὰς
616 1345 816 1411 μάχας,
848 1340 911 1392 τὸ
939 1339 1070 1407 γοῦν
1098 1338 1224 1393 καθ’
1252 1337 1453 1399 αὐτοὺς
1477 1335 1880 1406 ἐστρατήγουν,

308 1437 626 1504 ἀγαπῶντες
658 1435 706 1486 εί
727 1433 985 1498 σώζοιντο
1006 1431 1187 1500 (τοῦτο
1209 1430 1255 1484 δ’
1278 1431 1462 1492 αὐτοῖς
1483 1430 1703 1498 ἀπήντα
1731 1426 1884 1496 ποιρά

310 1520 405 1575 τοῦ
448 1519 806 1591 στρατηγοῦ),
853 1520 1015 1573 κυσὶν
1056 1519 1298 1581 ἐοικότες
1341 1517 1886 1589 ὲρρᾳστωνευμένοις

312 1614 447 1684 πρὸς
488 1613 688 1683 μάχην.
730 1612 935 1664 Τούτου
965 1609 1081 1682 (l0)
1121 1610 1166 1664 δ’
1211 1613 1293 1673 είς
1323 1611 1435 1679 τὴν
1460 1608 1689 1663 ἐκείνων
1733 1607 1887 1674 τάξιν

315 1708 503 1771 ίόντος,
521 1700 567 1758 ὦ
589 1702 838 1775 βασιλεῦ,
855 1703 952 1755 καὶ
975 1702 1378 1786 προσλαϐόντος
1406 1702 1748 1772 Ἡρακλέους
1775 1704 1821 1772 (l
1838 1700 1888 1771 l)

326 1798 563 1859 Ἰόλεων,
625 1794 821 1864 ἀθρόον
875 1793 1073 1848 ἅπαντ’
1130 1796 1318 1846 ἐκεῖνα
1379 1794 1517 1863 πρὸς
1574 1793 1888 1847 τούναντίον

318 1889 573 1959 μετέστη,
599 1889 693 1942 καὶ
730 1888 870 1965 ,τοὺς
916 1886 1180 1956 ὑϐριστὰς
1202 1887 1301 1938 καὶ
1344 1885 1519 1954 μείζω
1551 1884 1887 1954 φρονοῦντας

313 1984 582 2061 διεδέξατο
603 1983 789 2051 φόϐος,
819 1984 898 2045 είς
923 1983 1176 2052 Παλήνην
1205 1980 1363 2044 αὖθις
1394 1982 1726 2049 συγκλείσας
1747 1997 1761 2014 ·
1790 1980 1888 2033 καὶ

313 2077 416 2130 οὐκ
442 2074 520 2128 ἐτ’
562 2076 747 2134 αὐτοῖς
794 2071 862 2145 ἦν
918 2073 1112 2127 πλατεί
1157 2073 1528 2143 στρατεύματι
1576 2074 1889 2143 πανταχόσε

315 2170 623 2240 χωροῦντας
649 2170 713 2221 τὸ
737 2169 1042 2238 προστυχὸν
1070 2167 1410 2237 διαφθείρειν
1434 2182 1451 2198 ο
1483 2167 1600 2219 ἀλλ’
1639 2167 1890 2235 ἔγνωσαν

214 2286 221 2296 ·
316 2264 571 2325 ἐλάττους
608 2261 761 2324 ὅντες
790 2261 821 2332 ἢ
850 2260 993 2315 ὥστε
1036 2260 1334 2329 Ῥωμαίοις
1362 2260 1769 2329 ἀντοφθαλμεῖν
1794 2261 1891 2313 δύο

318 2353 527 2409 νασθαι.
565 2355 766 2416 Ὀσους
821 2353 920 2423 μὲν
971 2353 1151 2407 ἀνεῖλε
1200 2355 1310 2406 τῶν
1361 2353 1644 2423 πολεμίων
1690 2354 1893 2407 αὐτίκα

316 2446 525 2514 φανεὶς,
559 2450 651 2499 καὶ
684 2444 888 2513 πλῆθος
918 2440 1285 2514 αἰχμαλώτων
1308 2438 1385 2497 ὧν
1410 2438 1549 2514 εἷλει
1583 2442 1679 2497 καὶ
1717 2444 1893 2497 σκύλα

320 2489 525 2514 T"'""
560 2489 651 2499 ’”““”
689 2489 887 2513 ’“’“Ἰ’“ν
919 2489 1274 2514 ””Ι.ι““⁷”“’“”’
1311 2489 1381 2497 -’
1412 2489 1522 2497 ""'
1584 2489 1678 2497 ’”’“’
1720 2489 1893 2497 '"""'

317 2538 415 2591 καὶ
448 2537 589 2589 ὅπλα
619 2538 715 2589 καὶ
744 2535 986 2604 λάφυρα,
1010 2538 1106 2589 καὶ
1136 2537 1342 2597 ἵππους
1376 2533 1474 2587 καὶ
1506 2489 1636 2604 ﬁxa;
1664 2535 1762 2588 καὶ
1787 2535 1894 2601 δῐς,

319 2629 414 2684 καὶ
437 2624 594 2682 πάνθ’
627 2629 729 2681 ὅσα
755 2628 989 2697 ταυτησὶ
1011 2627 1111 2697 τῆς
1140 2626 1383 2695 μερίδος,
1425 2625 1480 2678 τί
1503 2642 1589 2688 τις
1616 2627 1685 2679 ἂν
1709 2625 1894 2693 λέγοις

318 2722 456 2783 Τοὺς
481 2720 611 2790 γοῦν
634 2721 939 2792 ἡμετέρους
971 2718 1316 2790 στρατιώτας
1342 2716 1519 2781 Μίδας
1551 2715 1755 2787 μικροῦ
1785 2717 1898 2770 τόθ’

316 2812 450 2884 ὁρᾷν
474 2806 562 2880 ἦν·

403 2905 566 2958 Ἀλλά
596 2904 692 2958 τοῦ
728 2904 803 2977 μὴ
838 2903 1288 2976 στρατοπεδεύειν
1323 2903 1470 2975 ἔχειν
1584 2903 1821 2974 πρόσθεν
1850 2904 1898 2957 oi

323 2998 588 3070 βάρδαροι
617 2998 1088 3068 δυσχεραίνοντες,
1126 2998 1201 3059 ὡς
1236 2997 1407 3061 εἰκὸς,
1439 2999 1536 3052 ἆτε
1584 2997 1703 3049 τῶν·
1738 2997 1897 3050 πολει-

326 3090 498 3160 μικῶν
548 3089 701 3151 ὄντες
755 3088 948 3151 δθὰδες
996 3089 1093 3141 καὶ
1141 3088 1244 3158 τὴν
1294 3088 1429 3158 περὶ
1475 3086 1651 3141 ταῦτα
1702 3088 1899 3158 σχολὴν

322 3182 642 3252 δυστύχημα
672 3178 972 3251 κρίνοντες,
1002 3178 1200 3250 ἑτέραν
1229 3179 1537 3247 ἐτράποντο
1561 3194 1576 3210 ο
1613 3178 1898 3249 λῃστείαις

1993 705 2103 759 tua,
2132 692 2189 747 et
2217 702 2367 746 tuam
2400 707 2513 745 rem
2543 691 2802 745 attinent.

2057 870 2187 932 llle,
2232 871 2550 939 priusquam
2592 867 2958 924 Cbandrenus
3023 870 3277 934 adesset,
3345 868 3576 938 quibus~

1988 962 2115 1016 dam
2146 971 2455 1016 turmarum
2513 960 2841 1015 ductoribus
2867 968 3094 1030 praeerat
3122 975 3228 1014 non
3256 959 3393 1016 adeo
3433 960 3578 1030 aptis

1997 1063 2055 1109 et
2090 1052 2315 1107 omnino
2361 1050 2600 1123 indignis
2625 1052 2722 1121 qui
2757 1052 2861 1122 ipsi
2911 1052 3207 1107 subessent
3234 1071 3248 1107 :
3275 1062 3423 1107 certe
3461 1062 3579 1106 tan-

1990 1154 2113 1200 tum“
2134 1148 2291 1200 abest
2349 1153 2408 1198 ut
2431 1145 2680 1200 hostibus
2704 1145 3054 1210 obsisterent,
3104 1156 3165 1199 ut
3194 1160 3293 1214 pro
3353 1144 3481 1211 illis,
3536 1145 3581 1200 si

1991 1240 2067 1293 ita
2098 1238 2250 1308 loqui
2282 1240 2467 1303 liceat,
2506 1246 2798 1308 propterea
2833 1237 2980 1308 quod
3014 1238 3080 1291 ad
3116 1252 3360 1307 pugnam
3393 1247 3584 1292 essent

1987 1331 2258 1396 enervati,
2281 1331 2386 1401 ipsi
2407 1330 2592 1384 omnia
2621 1340 2898 1401 gererent,
2926 1332 3058 1385 satis
3079 1329 3348 1385 ducentes
3371 1330 3415 1385 si
3440 1328 3580 1384 salvi

1988 1436 2173 1482 essent
2200 1422 2355 1497 (illud
2381 1424 2525 1479 enim
2547 1424 2628 1479 eis
2653 1438 2682 1478 a
2707 1424 2847 1478 duce
2874 1422 3143 1493 obvenit),
3177 1423 3405 1478 canibus
3433 1421 3588 1477 siml-

1998 1518 2079 1577 les
2102 1521 2167 1573 ad
2194 1534 2429 1592 pugnam
2456 1518 2822 1591 segnioribus.
2849 1517 2984 1574 Cum
3012 1528 3193 1573 autem
3220 1516 3588 1573 Chandrenns

1991 1616 2058 1669 ad
2091 1629 2187 1669 eos
2228 1615 2331 1668 rite
2382 1611 2722 1667 ordinandos
2767 1614 3033 1679 venisset,
3084 1627 3118 1667 ο
3172 1612 3495 1682 imperator,
3533 1620 3588 1665 et

1994 1708 2262 1763 Hercules
2288 1706 2388 1761 sibi
2418 1705 3025 1778 ‘lolaumadjunxisset,
3050 1689 3235 1761 subito
3259 1707 3375 1760 haec
3406 1708 3586 1759 omnia

2005 1799 2062 1854 in
2110 1807 2450 1853 contrarium
2492 1797 2717 1853 fuerunt
2765 1812 3056 1864 conversa,
3092 1806 3494 1866 etarrOgantes
3526 1811 3592 1851 ac

1993 1892 2264 1961 superbos
2287 1891 2557 1961 corripuit
2578 1905 2747 1961 pavor
2776 1899 2831 1944 et
2851 1904 2948 1946 eos
2985 1891 3038 1944 in
3088 1890 3350 1945 Pallenen
3385 1890 3590 1945 itermn

1999 1986 2307 2040 interclusit
2337 1998 2351 2037 :
2378 1994 2431 2040 et
2464 1983 2708 2039 nondum
2757 1984 2943 2038 datum
2992 1993 3111 2039 erat
3150 1984 3234 2039 eis
3262 1985 3445 2055 amplo
3467 1998 3590 2038 eum

1998 2079 2247 2133 exercitu
2301 2076 2756 2147 aggredientibus
2783 2076 3060 2131 fortunam
3093 2062 3445 2136 labefactare.
3494 2074 3591 2131 sed

2001 2181 2380 2241 cognoverunt
2430 2185 2490 2225 se
2535 2183 2660 2225 esse
2700 2170 2947 2225 minores
2995 2183 3160 2238 quam
3223 2176 3282 2224 ut
3330 2166 3594 2223 Romanis

1999 2263 2279 2318 adversari
2312 2263 2582 2317 valerent.
2609 2261 2755 2327 Quot
2786 2261 3133 2316 interemerit
3169 2261 3375 2326 hostes,
3412 2259 3593 2331 prima

2002 2354 2413 2424 congressione,
2449 2361 2506 2408 et
2548 2367 2840 2407 numerum
2879 2353 3222 2420 captivorum
3246 2365 3387 2421 quos
3421 2351 3592 2406 sube-

2003 2442 2101 2515 git.
2144 2456 2200 2498 et
2244 2445 2484 2515 prmdam
2531 2453 2588 2499 et
2636 2458 2790 2499 arma
2834 2451 2891 2499 et
2924 2445 3157 2500 exuvias
3209 2451 3266 2498 et
3314 2457 3489 2514 equos
3535 2452 3595 2496 et

2005 2537 2175 2592 boves
2203 2546 2261 2591 et
2310 2551 2442 2592 oves
2476 2546 2533 2591 et
2560 2536 2743 2592 omnia
2781 2550 2905 2606 quae
2936 2536 2991 2590 in
3024 2537 3126 2592 hac
3156 2536 3379 2606 regione
3408 2546 3591 2601 erant,

2004 2629 2129 2697 quis
2173 2626 2631 2683 enumeraverit?
2670 2626 2903 2685 Nostros
2931 2640 3064 2700 ergo
3091 2628 3293 2684 milites
3334 2631 3509 2682 ferme
3534 2635 3596 2682 ut

2007 2725 2233 2779 totidem
2267 2723 2436 2779 Midas
2463 2722 2652 2780 videre
2684 2731 2826 2779 erat.

2076 2904 2182 2960 Sed
2228 2904 2473 2971 barbari,
2518 2904 2667 2970 irati,
2719 2915 2780 2959 ut
2814 2915 2913 2974 par
2951 2914 3055 2966 est.
3096 2920 3162 2961 ex
3202 2919 3270 2961 eo
3296 2906 3442 2976 quod
3481 2919 3591 2960 non

2006 3007 2183 3053 castra
2241 3012 2448 3067 ponere
2478 2997 2759 3066 potuerint
2791 2999 2846 3052 in
2896 2999 3017 3054 loco
3060 3011 3170 3068 quo
3209 3001 3364 3069 prius
3410 3008 3592 3064 erant,

2006 3094 2134 3161 quia
2167 3091 2332 3146 rebus
2357 3090 2569 3145 bellicis
2594 3101 2753 3146 erant
2792 3092 3084 3148 assuefacti
3113 3101 3168 3146 et
3197 3107 3229 3147 a
3256 3092 3465 3162 praeliis
3494 3093 3597 3147 ab-

2007 3186 2211 3239 stiucre
2269 3193 2330 3239 ut
2385 3185 2749 3243 calamitatem
2781 3186 3080 3250 ducebant,
3114 3187 3369 3242 aliam‘in
3415 3186 3600 3257 regioo

321 3274 429 3345 γὰρ
467 3272 726 3343 ἐχρῶντο,
753 3270 850 3326 καὶ
881 3272 1074 3342 λόχους
1119 3272 1341 3324 ἐποίουν
1390 3269 1452 3335 ἐξ
1498 3271 1761 3339 ἀφανοῦς,
1804 3270 1897 3325 καὶ

2009 3293 2136 3333 nem
2173 3279 2515 3332 transierunt
2539 3296 2553 3343 ;
2582 3274 2886 3335 latrociniis
2912 3281 3060 3334 enim
3089 3280 3411 3348 utebantur,
3437 3290 3496 3336 et
3528 3297 3599 3337 ex

322 3367 452 3437 περὶ
487 3364 851 3435 βοσκημάτων
891 3362 1125 3416 καὶτῶν
1163 3360 1376 3425 τούτοις
1407 3362 1767 3432 ἑφεπομένων
1808 3363 1902 3416 λό-

323 3478 414 3529 τος
458 3462 640 3523 αὐτοῖς
668 3456 737 3531 ἦν
793 3460 854 3513 οὐ
893 3458 1094 3529 μικρὸς
1138 3458 1649 3529 στρατηγουμένοις
1691 3459 1798 3512 ὑπὸ
1822 3457 1903 3512 λι-

326 3551 452 3624 μοῦ.
494 3553 578 3616 Ὠς
634 3553 691 3606 δὲ
734 3554 851 3618 καὶ,
897 3553 1108 3616 τούτοις
1162 3553 1310 3616 ἅπαξ
1359 3552 1750 3622 εὐτυχηκότες,
1800 3552 1903 3607 οὐκ

322 3646 568 3714 ὀλιγάκις
624 3647 817 3709 κακῶς
873 3645 1099 3710 ἔπαθον,
1151 3645 1545 3717 ἀπειρηκότες,
1576 3642 1754 3715 οἶμαι,
1789 3649 1907 3708 τοῖς

324 3739 488 3805 ὅλοις,
527 3738 622 3791 καὶ
672 3738 838 3806 μηδὲν
887 3737 1105 3807 ἔχοντες
1156 3739 1237 3799 είς
1287 3737 1648 3807 παραμυθίαν
1692 3737 1902 3800 λοιπὸν,

326 3830 435 3882 τῶν
487 3831 586 3897 μὲν
634 3831 952 3896 ἀναγκαίων
999 3829 1420 3882 ἐπιλελοιπότων
1470 3830 1753 3895 ἁπάντων,
1809 3830 1906 3882 ὲπῒ

327 3919 486 3989 ξυροῦ
513 3919 571 3972 δὲ
600 3920 781 3989 ἀκμῆς
812 3920 924 3973 τῶν
955 3920 1306 3989 πραγμάτων
1357 3922 1515 3988 σφίσι
1563 3920 1905 3992 καθεστηκό-

323 4029 453 4076 των,
489 4012 652 4076 εύθὺς
677 4013 978 4075 θετταλίας
1029 4015 1230 4083 χωρεῖν
1263 4014 1533 4079 ἔγνωσαν,
1573 4014 1659 4080 ἐφ’
1695 4008 1739 4082 ᾧ
1770 4014 1904 4083 γοῦν

324 4108 434 4168 τοῖς
461 4106 787 4177 ἐπιτηδείοις
812 4108 960 4177 ἔχειν
999 4108 1256 4176 ἀφθόνοις
1287 4108 1624 4178 χρήσασθαι,
1658 4110 1756 4161 καὶ
1784 4108 1906 4178 ἅμα

324 4198 434 4251 τῶν
498 4200 814 4270 Χανδρηνοῦ
881 4199 1104 4271 χειρῶν,
1155 4198 1282 4268 ἐμοὶ
1345 4199 1547 4264 δοκεῖν,
1597 4199 1905 4269 ἀποστῆναι

327 4289 673 4351 σπεύδοντες.

410 4383 550 4436 Ἀλλ’
580 4382 691 4436 οὔτ’
729 4383 915 4447 αὐτοῖς
945 4382 1108 4436 πλέον
1136 4383 1291 4437 οὐδὲν
1320 4377 1385 4454 ἦν
1437 4385 1518 4447 εἰς
1552 4382 1927 4454 ἀπαλλαγὴν⁹’

322 4474 423 4543 τῆς
458 4475 769 4545 ἀλλοδαπῆς
796 4476 1172 4544 είλημμένοις,
1208 4488 1300 4531 καί
1328 4494 1409 4528 τοι
1441 4476 1649 4546 σφόδρα
1682 4477 1902 4529 δοκοῦν

322 4565 436 4618 ούδ’
488 4562 555 4620 αὖ
611 4566 795 4635 σφίσιν
825 4566 1011 4629 αὐτοῖς
1048 4566 1279 4636 ἀμύνειν
1330 4566 1598 4636 ἠδύναντο
1645 4568 1906 4633 Θετταλοὶ

2011 3372 2230 3426 occulto
2261 3371 2551 3425 struebant
2588 3372 2841 3439 insidias,
2893 3388 2956 3428 ac
2987 3374 3060 3429 de
3096 3376 3393 3445 pecoribus
3421 3387 3479 3432 et
3500 3378 3599 3447 qui

2010 3475 2104 3517 eos
2135 3464 2511 3530 sequebantur
2560 3464 2827 3519 militibus
2867 3479 2979 3522 non
3025 3481 3226 3536 parvus
3263 3479 3384 3523 erat
3410 3484 3598 3524 sermo

2011 3563 2238 3625 propter
2278 3555 2532 3609 ciborum
2571 3556 2886 3624 penuriam.
2927 3558 3226 3631 Postquam
3275 3568 3485 3629 autem,
3538 3563 3595 3617 in

1988 3640 2103 3701 'his
2130 3647 2300 3702 semel
2332 3646 2542 3712 felices,
2568 3648 2975 3705 calamitatibus
2998 3666 3111 3705 non
3142 3655 3334 3722 paucis
3370 3655 3599 3711 luerunt

2011 3738 2224 3805 afﬂicti,
2261 3742 2568 3809 desperatis
2597 3741 2879 3805 omnibus,
2919 3755 2977 3797 ut
3013 3748 3212 3814 opinor
3241 3760 3298 3802 et
3324 3748 3463 3803 nihil
3495 3755 3597 3804 ha-

2013 3830 2210 3885 bentes
2264 3832 2330 3884 ad
2384 3832 2668 3897 solatium,
2716 3833 2974 3889 ontnihus
3025 3836 3224 3906 Opibus
3270 3839 3499 3908 relictis,
3542 3851 3599 3897 et

2016 3924 2183 3978 rebus
2204 3939 2396 3978 eorum
2427 3925 2585 3995 quasi
2618 3926 2671 3978 in
2701 3926 2819 3981 acie
2851 3930 3132 3984 novacula:
3164 3931 3462 3999 stantibus,
3488 3932 3600 3989 cito

2015 4013 2070 4065 in
2109 4011 2448 4068 Thessaliam
2502 4015 2582 4070 ire
2622 4023 2934 4072 statuerunt
2967 4018 3058 4074 ubi
3103 4031 3450 4078 commeatus
3499 4039 3601 4081 σου

2015 4102 2158 4171 piam
2187 4119 2474 4172 capessere
2502 4114 2560 4158 et
2592 4106 2757 4159 simul
2785 4122 2847 4160 ex
2876 4105 3195 4165 Chandreni
3228 4112 3506 4181 manibus,
3539 4123 3601 4170 υι

2016 4195 2151 4250 mihi
2189 4198 2424 4263 videtur,
2455 4196 2695 4268 eﬂ‘ugere
2731 4210 2978 4269 possent.

2088 4381 2203 4435 Non
2238 4392 2421 4436 autem
2456 4392 2713 4452 poterant
2752 4386 2924 4456 magis
2963 4403 3083 4444 sese
3113 4389 3361 4459 salvus,
3396 4400 3597 4450 terram

2015 4472 2250 4527 alienam
2280 4476 2629 4544 occupando,
2653 4477 2869 4533 etiamsi
2900 4481 3131 4536 maxime
3161 4482 3214 4538 id
3245 4499 3541 4553 sperarent
3579 4505 3595 4544 :

2016 4581 2119 4620 nec
2164 4567 2377 4636 seipsos
2411 4568 2583 4623 at-tnis
2611 4570 2680 4623 de
2712 4570 2940 4627 fundere
2965 4573 3226 4631 valebant
3266 4577 3515 4635 Thessali
3544 4593 3604 4636 et

329 4661 423 4714 καὶ
475 4661 612 4731 πρὸς
638 4658 894 4714 τοσοῦτον
937 4656 1389 4731 παραϐάλλεσθαι
1434 4660 1659 4731 πλῆθος.
1698 4661 1773 4713 Οὐ
1804 4661 1897 4730 pip

2017 4673 2143 4713 cum
2183 4668 2331 4713 tanta
2366 4661 2725 4717 multitudine
2760 4668 3043 4736 congredi.
3079 4669 3200 4724 Non
3231 4671 3339 4727 alio
3361 4688 3496 4730 sane
3541 4675 3600 4730 in

324 4754 514 4822 ἐτέρου
569 4751 706 4823 πρὸς
756 4751 909 4806 ταῦτ’
963 4753 1307 4823 ὲδεήθησαν’
1346 4752 1484 4825 ἀλλὰ
1536 4754 1634 4805 καὶ
1689 4751 1903 4815 τούτοις

325 4844 514 4907 κακῶς
548 4846 849 4913 πράττουσι
882 4842 977 4895 καὶ
1001 4841 1423 4913 θορυϐουμένοις
1456 4840 1629 4895 ἐλθὼν
1655 4843 1907 4914 Χανδρη·

324 4935 415 4996 νὸς
448 4935 764 5001 συνεμάχει,
800 4931 896 4985 σοῦ
944 4933 1045 5002 τὴν
1079 4933 1304 4985 ἐκείνων
1346 4930 1672 4999 ὲλεὴσοιντος
1706 4932 1899 5002 τύχην,

323 5028 511 5096 ἐπειδὴ
570 5025 972 5097 πρεσϐεύοντας
1040 5021 1198 5089 εἶδες,
1250 5026 1344 5076 καὶ
1401 5024 1526 5087 τοὺς
1586 5026 1903 5096 βαρὸἀρους

327 5119 617 5189 παρείλετο
668 5120 765 5180 τὰς
808 5117 1026 5179 ἐλπίδας
1068 5116 1135 5179 ἃς
1184 5117 1674 5186 ὲπιστρατεύοντες
1727 5115 1902 5187 εἶχον,

326 5211 751 5283 ἀπροσδοκήτως
789 5213 998 5279 φανεὶς,
1031 5209 1218 5279 ὥσπερ
1245 5214 1456 5282 ἀνάγκη
1490 5211 1598 5264 τινὶ
1633 5215 1728 5266 καὶ
1766 5213 1908 5284 τύχῃ

329 5305 860 5374 συγκεκληρωμένον
915 5302 1037 5373 μηδ’
1082 5304 1323 5359 ὁντινοῦν
1369 5305 1558 5372 ἕτερον
1604 5304 1834 5367 τούτους
1873 5307 1907 5373 ἢ

328 5398 640 5468 Χανδρηνὺν
672 5397 818 5465 ἔχειν
844 5395 1161 5449 ἀντίπαλον.
1199 5392 1404 5449 Τοσάδε
1456 5396 1587 5463 γοῦν
1622 5399 1909 5451 κάνταῦθα

329 5493 448 5546 κατ’
500 5491 682 5544 αὐτῶν
719 5491 918 5558 ἔστησε
966 5489 1203 5558 τρόπαια.
1262 5491 1356 5540 καὶ
1406 5487 1549 5539 οὕτω
1592 5491 1904 5559 .περιφανῆ,

328 5591 423 5641 νῦν
475 5586 578 5655 μὲν
620 5584 841 5654 ἀθρόοις
870 5583 1186 5650 ἐμπίπτων,
1228 5582 1325 5635 νῦν
1365 5581 1410 5634 δ’
1452 5584 1516 5634 ὲκ
1547 5583 1758 5635 πολλῶν
1795 5585 1905 5636 ὀλί-

331 5696 443 5749 γοις
477 5681 574 5733 καὶ
622 5677 834 5739 πολλοῖς
882 5676 1003 5728 κατ’
1037 5674 1277 5741 ὀλίγους,
1311 5674 1442 5726 ὥστ’
1483 5675 1672 5746 ᾄδουσι
1711 5676 1811 5744 μὲν
1843 5679 1901 5739 ἐς

399 5823 476 5892 (8)
520 5820 592 5873 Ex
625 5817 860 5870 Homero
882 5812 1052 5892 Iliad.
1079 5812 1143 5878 Β,
1170 5813 1295 5867 554.

402 5891 476 5964 (tl)
523 5893 727 5944 Forsan
767 5891 1017 5964 απείχον.

401 5954 514 6033 (ιιι)
555 5962 915 6014 Lhaudrenns
953 5954 1365 6024 intelligendus.

652 6061 919 6116 i’A't‘ttoL.
977 6054 1092 6111 Gn.
1140 6046 1346 6109 CXLV.

2015 4751 2100 4807 his
2148 4767 2290 4820 Opus
2329 4764 2450 4807 erat
2495 4772 2508 4807 :
2555 4754 2650 4809 sed
2695 4754 3063 4816 Chandrenus
3126 4763 3429 4828 adveniens
3470 4782 3598 4823 cum

2014 4844 2155 4899 male
2201 4845 2478 4900 ordinatis
2537 4858 2593 4901 et
2641 4850 3050 4918 trepidantibus
3095 4869 3428 4926 congressus
3493 4870 3600 4923 est,

2015 4940 2144 5009 quia
2196 4952 2249 4991 tu
2291 4954 2483 4994 eorum
2538 4941 2813 4996 fortunam
2853 4947 3109 5003 misertus
3166 4964 3246 5015 es,
3305 4961 3601 5023 postquam

2013 5031 2221 5101 legatos
2249 5031 2458 5098 vidisti,
2494 5043 2554 5087 et
2586 5034 2890 5105 improviso
2946 5041 3189 5095 adventu
3219 5043 3449 5099 abstulit
3474 5046 3603 5101 bar-

2016 5124 2162 5178 baris
2184 5138 2336 5194 spem
2362 5140 2525 5194 quam
2556 5126 2756 5181 bellum
2779 5129 3066 5186 inferendo
3086 5135 3413 5203 habuerant,
3443 5139 3601 5203 quasi

2018 5220 2350 5271 necessitate
2394 5219 2631 5286 quadam
2686 5230 2745 5273 et
2777 5222 2997 5277 fortuna
3040 5227 3224 5281 sortiti
3262 5243 3373 5282 non
3427 5230 3597 5290 alium

2020 5316 2151 5361 tunc
2206 5311 2582 5365 adversarium
2636 5327 2699 5367 ac
2756 5314 3169 5373 (lbandrenum.
3230 5317 3407 5375 Tanta
3472 5337 3602 5392 ergo

2012 5412 2222 5456 ettam
2272 5405 2534 5471 praeclara
2581 5405 2698 5459 illic
2752 5408 2916 5461 etiam
2950 5411 3217 5464 adversus
3256 5426 3354 5465 eos
3410 5416 3603 5469 statuit

2012 5505 2239 5564 tropaea,
2274 5511 2422 5549 nunc
2470 5498 2526 5551 in
2569 5498 2771 5552 densos
2796 5500 2983 5557 hostes
3017 5502 3257 5564 irruens,
3291 5519 3437 5559 nunc
3468 5522 3603 5575 pau-

2007 5602 2103 5640 cos
2149 5603 2275 5641 cum
2327 5588 2512 5643 multis
2559 5605 2707 5645 nunc
2748 5594 2949 5647 multos
2996 5610 3118 5648 cum
3167 5599 3359 5664 paucis
3406 5613 3602 5668 aggre-

2007 5680 2189 5744 diens,
2207 5693 2264 5733 ut
2280 5680 2365 5734 illa
2385 5682 2665 5736 celebrent
2684 5697 2853 5753 usque
2872 5701 3016 5740 nunc
3037 5685 3305 5753 Thessali,
3323 5691 3604 5748 celebrent

2085 5822 2194 5892 (ll;
2239 5823 2520 5901 llcrcttles,
2576 5825 2815 5901 ᾼιιεοιιις
2867 5841 3063 5896 nempe
3104 5828 3462 5901 Patmulogus,
3515 5832 3604 5887 lo-

2009 5888 2202 5972 lauru,
2264 5910 2362 5949 seu
2416 5888 2851 5959 (litauit-eunti),
2887 5888 3098 5951 socium
3161 5902 3288 5955 belli
3340 5888 3460 5956 Emi
3497 5903 3604 5961 ad.

2008 5974 2206 6030 Iunxit.
3236 5974 3239 5977 '

3166 6066 3239 6125 l2
