4028 6428
450 453 556 516 363

1673 434 2070 495 THEUDULI
2112 436 2160 494 Μ
2173 435 2461 496 ONACIII

3597 445 3686 508 Sibi

457 579 650 620 omnes
677 563 792 617 fere
822 559 1100 620 homines,
1135 564 1191 609 et
1231 550 1384 608 stetit
1417 549 1572 620 quasi
1601 549 1852 603 columna
1897 563 2034 618 prae-

2146 547 2295 616 Ξεῦρο
2337 550 2495 604 ταυτὶ
2522 548 2802 614 Θετταλοὶ,
2834 549 3022 621 ᾄδουσι
3069 550 3126 604 δὲ
3154 550 3344 622 σχεδὸν
3391 555 3579 622 πάντες
3604 561 3688 613 ἄνη

454 659 599 711 clara
645 656 699 709 in
766 652 966 706 animis
1019 645 1362 718 singulorum
1433 641 1734 705 memoria,
1798 656 1920 709 qua:
1975 647 2033 693 et

456 749 715 801 victorem
756 743 997 796 illustrat
1035 747 1090 792 et
1118 737 1257 790 alios
1295 732 1360 788 ad
1402 729 1787 786 strenuitatem
1823 729 2034 783 adhor-

455 849 618 894 tatur.

526 1014 590 1070 Et
641 1013 771 1082 quid
813 1011 966 1080 plura
1011 1007 1319 1063 edisserere
1369 1002 1663 1074 Oporteat?
1710 999 1829 1056 Nisi
1881 999 2032 1053 enim

452 1109 742 1164 confestim
807 1118 992 1174 pacem
1063 1099 1389 1170 petiissent,
1441 1110 1637 1151 omnes
1698 1092 1812 1146 illic
1874 1089 2027 1144 ceci-

456 1204 707 1264 dissent,
756 1196 886 1251 mali
930 1194 1072 1248 male
1141 1187 1446 1260 disperditi.
1506 1185 1662 1240 Tunc
1717 1197 1850 1236 vero
1907 1195 2032 1234 cum

461 1292 740 1348 Thessalis
775 1288 1032 1346 inducias
1062 1283 1334 1349 fecerunt,
1377 1290 1454 1346 et,
1509 1292 1633 1334 eum
1669 1273 2034 1330 Cbandrenus

454 1392 746 1453 prepterea
798 1377 866 1432 ad
916 1391 1016 1432 nos
1064 1389 1192 1429 cum
1227 1382 1306 1427 tot
1350 1386 1415 1425 ac
1461 1368 1625 1422 tantis
1665 1364 1926 1430 coronis,
1971 1374 2032 1416 ut

453 1475 599 1529 alius
633 1471 920 1534 llercules,
951 1481 1230 1536 regressus
1252 1472 1420 1530 esset,
1447 1462 1658 1531 seipsos
1683 1457 2034 1513 abstulerunt

453 1584 481 1620 a
529 1565 804 1637 periculo,
842 1566 1096 1616 cessante
1121 1557 1267 1612 bello
1296 1557 1350 1608 in
1378 1569 1488 1623 quo
1524 1549 1750 1606 infausti
1793 1549 2032 1613 fuerant,

458 1669 513 1712 et
542 1653 974 1726 pulcherrimam
1003 1651 1149 1704 illam
1181 1645 1466 1702 victoriam
1507 1643 1812 1698 retulerunt
1837 1638 2036 1693 adver-

454 1767 550 1805 sus
597 1751 812 1803 vicinos
869 1745 1054 1810 Italos,
1101 1741 1192 1812 qui
1232 1736 1421 1796 contra
1475 1753 1569 1793 eos
1615 1750 1742 1792 eum
1791 1731 2031 1802 superbo

451 1853 717 1912 apparatu
771 1839 1104 1900 movebant,
1161 1845 1216 1888 et
1267 1847 1373 1886 non
1411 1840 1621 1888 tantum
1658 1843 1794 1893 eos,
1831 1825 1924 1880 sed
1978 1831 2033 1878 et

452 1948 622 1990 totam
653 1932 990 1988 Thessaliam
1023 1939 1077 1984 et
1121 1925 1494 1982 Macedoniam
1544 1921 1894 1988 confringere
1927 1918 2032 1972 mi-

455 2030 798 2090 nitabantur,
831 2035 887 2079 et
910 2023 1003 2091 qui
1032 2022 1134 2092 ipsi
1167 2021 1240 2073 ita
1267 2032 1492 2088 prorsus
1510 2013 1774 2070 conlraeti
1801 2021 1948 2076 sunt,
1975 2018 2032 2065 ut

455 2138 559 2178 nec
588 2120 810 2193 ignifer,
844 2116 1003 2173 sicuti
1037 2115 1214 2177 aiunt,
1246 2109 1600 2179 superfuerit.

519 2397 654 2453 Cum
683 2401 870 2455 autem
919 2389 1037 2442 hzee
1073 2385 1211 2439 bene
1239 2378 1641 2439 succederent,
1671 2372 2033 2429 Chandrenus

450 2487 706 2561 inprimis
725 2481 854 2539 felix
873 2476 1190 2544 erat.Quod
1220 2473 1266 2529 si
1289 2472 1405 2526 lieri
1426 2486 1534 2525 non
1554 2477 1772 2539 poterat
1802 2475 1864 2518 ut
1895 2465 2034 2518 bene

448 2555 839 2654 procederent,
859 2572 962 2627 nisi
991 2568 1341 2626 securitatem
1359 2570 1545 2618 essent
1562 2555 1864 2622 consecuti,
1887 2555 2031 2609 illam

451 2683 632 2739 autem
692 2685 803 2725 non
856 2664 1181 2720 habuissent
1233 2659 1339 2713 nisi
1392 2670 1478 2711 res
1522 2661 1807 2722 susceptas
1860 2649 2032 2703 relin-

451 2765 696 2839 quendo,
765 2760 1112 2829 reliquerunt
1156 2767 1324 2817 vero,
1376 2747 1708 2805 Chandreuo
1761 2758 2028 2815 regresso,

451 2837 782 2929 Chandrenp
817 2865 1010 2906 revera
1035 2845 1280 2901 victoriae
1319 2844 1440 2897 laus
1473 2837 1760 2894 referenda
1796 2838 1888 2909 qui
1915 2839 2034 2906 ejus

453 2965 673 3009 causam
707 2944 959 3019 praebuit.

519 3067 660 3122 Cum
708 3076 842 3132 ergo
900 3055 978 3112 illi
1029 3060 1214 3109 essent
1271 3049 1445 3119 fugati
1499 3056 1558 3124 et
1601 3045 1700 3100 has
1751 3045 2036 3100 dedissent

458 3156 784 3218 temeritatis
818 3164 1031 3223 pmnas,
1060 3159 1182 3215 Quae
1206 3144 1260 3197 in
1292 3141 1431 3196 alios
1469 3154 1725 3210 perverse
1767 3139 2034 3193 decreve-

455 3266 580 3310 rant
609 3265 790 3323 agere,
819 3247 937 3301 hmo
966 3243 1035 3296 ab
1062 3238 1184 3294 aliis
1215 3236 1319 3306 ipsi
1343 3235 1484 3289 belle
1519 3230 1786 3302 perpessi,
1813 3237 2034 3299 oporte-

456 3353 551 3405 bat
578 3349 816 3402 vietores
844 3354 957 3395 non
984 3343 1194 3390 tantum
1222 3343 1502 3384 armorum
1536 3335 1591 3381 et
1621 3340 1918 3395 equorum,
1937 3322 2036 3378 sed

455 3455 508 3497 et
540 3440 761 3496 urbium
810 3441 870 3489 et
896 3429 1203 3500 regionum,
1235 3433 1293 3478 et
1318 3421 1566 3478 omnium
1605 3435 1727 3489 qua:
1759 3419 1866 3472 illis
1881 3425 2039 3471 erant

457 3536 713 3591 dominos
734 3528 856 3585 fieri
882 3534 937 3581 et
965 3532 1158 3594 postea
1195 3518 1312 3572 hate
1345 3514 1542 3584 partiri
1601 3512 1745 3566 inter
1784 3510 2034 3578 seipsos;

457 3639 516 3684 et
543 3629 662 3682 haec
699 3621 918 3694 quidem
951 3617 1057 3674 boc
1084 3611 1250 3668 modo
1303 3607 1486 3678 partiti
1523 3613 1668 3660 sunt.
1719 3604 1822 3670 Qui
1857 3617 1924 3656 ex
1953 3600 2036 3654 Si-

459 3721 583 3776 cilia
610 3724 877 3772 venerant
903 3708 1136 3765 urbibus
1159 3701 1314 3772 potiti
1341 3700 1454 3754 illic
1478 3697 1679 3754 morari
1701 3701 2034 3756 statuerunt,

459 3813 548 3865 hic
600 3824 661 3864 se
705 3805 1110 3862 constituentes
1145 3796 1238 3854 ubi
1292 3803 1456 3851 erant
1493 3802 1850 3847 mortuorum
1880 3786 2036 3856 pueri

458 3915 512 3958 et
545 3899 839 3970 coniuges;
871 3896 1044 3962 equos
1081 3901 1264 3946 autem
1298 3899 1353 3944 et
1383 3902 1536 3941 arma
1563 3896 1618 3939 et
1649 3895 1868 3938 omnem
1911 3877 2038 3932 belli

464 3999 787 4063 apparatum
810 3989 993 4047 Persa
1025 3985 1358 4039 habuerunt.
1394 3980 1546 4034 Esto.

535 4286 645 4344 Sed
687 4299 811 4340 cum
869 4278 1245 4337 .Triballor-um
1287 4271 1544 4343 princeps
1587 4266 1792 4322 foedera
1840 4266 2041 4320 Roma-

464 4394 662 4436 norum
703 4381 1084 4443 transgressus
1112 4375 1280 4431 esset,
1316 4371 1371 4416 et
1401 4370 1691 4432 propterea
1717 4360 1870 4428 juxta
1909 4358 2040 4409 Per-

463 4487 552 4528 sas
582 4467 782 4524 morari
800 4471 1060 4525 tentaret,
1087 4459 1234 4530 quod
1258 4463 1532 4511 nostrates
1566 4452 1788 4506 minime
1807 4451 2040 4520 permit-

2137 641 2347 711 θρωποι
2377 659 2390 674 ·
2419 641 2622 712 ἔστηκε
2671 643 2750 708 δὲ,
2794 644 2986 713 ὥσπερ
3033 661 3116 708 τις
3159 645 3329 716 στήλη
3378 655 3688 722 περιφανὴς,

2135 735 2194 786 ἐν
2248 737 2368 798 ταῖς
2413 734 2611 805 ψυχαῖς
2669 737 2917 788 ἑκάστων
2973 737 3005 806 ἠ
3063 738 3274 808 μνήμη,
3325 739 3458 806 ὁμοῦ
3506 758 3561 794 τε
3606 747 3690 797 τὸν

2135 825 2498 893 εἰργασμένον
2531 825 2830 896 κοσμοῦσα,
2859 827 2984 890 τούς
3009 844 3067 880 τε
3101 827 3296 892 ἄλλους
3330 831 3411 892 είς
3444 833 3692 904 εὐψυχίαν

2137 916 2458 985 παρακαλοῦ
2469 933 2556 974 σα.

2209 1010 2321 1064 Καὶ
2353 1009 2406 1060 τί
2442 1009 2524 1062 δεῖ
2560 1011 2732 1064 πλείω
2779 1010 3068 1078 διεξιέναι;
3108 1014 3157 1066 εἰ
3209 1013 3284 1084 μὴ
3329 1014 3437 1085 γὰρ
3475 1018 3571 1087 τὴν
3601 1035 3696 1072 τα-

2136 1099 2325 1170 χίστην
2382 1103 2608 1172 εἰρήνης
2668 1101 3068 1172 ἐπεθύμησαν,
3123 1104 3226 1157 κᾶν
3278 1106 3444 1158 αὐτοῦ
3503 1109 3696 1174 πάντες

2136 1190 2353 1257 ἔπεσον,
2392 1194 2556 1246 κακοὶ
2604 1195 2792 1258 κακῶς
2851 1195 3136 1258 ὀλωλότες.
3185 1197 3301 1250 Νῦν
3362 1198 3420 1251 δὲ
3475 1202 3698 1264 σπονδὰς

2135 1284 2272 1351 πρὸς
2317 1284 2624 1347 Θετταλοὺς
2679 1287 3064 1354 ποιησάμενοι,
3103 1287 3198 1340 καὶ
3251 1289 3349 1340 τοῦ
3393 1290 3698 1360 Χανδρηνοῦ

2132 1375 2223 1429 διὰ
2271 1375 2444 1430 ταῦτα
2506 1377 2645 1447 μετὰ
2710 1376 2982 1430 τοσούτων
3043 1379 3138 1431 καὶ
3201 1379 3540 1449 τηλικούτων
3595 1385 3697 1436 τῶν

2132 1469 2331 1534 ἄθλων,
2361 1469 2554 1539 ὥσπερ
2603 1469 2743 1532 τινὸς
2799 1468 3151 1537 Ἡρακλέους,
3190 1473 3512 1537 ἐπανιόντος
3551 1477 3698 1543 ἡμῖν,

2136 1560 2279 1628 σφᾶς
2302 1577 2360 1612 τε
2400 1560 2598 1622 αὐτοὺς
2627 1558 2892 1625 ἐξείλοντο
2917 1559 3010 1612 τοῦ
3040 1559 3308 1625 κινδύνου,
3349 1565 3704 1634 πεπαυμένης

2133 1652 2234 1721 τῆς
2267 1652 2448 1722 μάχης
2478 1652 2522 1706 δ’
2568 1652 2636 1722 ἢν
2684 1652 2873 1714 κακῶς
2909 1651 3202 1721 ἔπραττον,
3237 1653 3334 1706 καὶ
3375 1655 3475 1724 τὴν
3527 1655 3705 1708 καλλί-

2137 1763 2270 1815 στην
2303 1745 2398 1800 xa‘t
2425 1743 2747 1815 θαυμαστὴν
2780 1744 2998 1813 ἐκείνην
3035 1746 3176 1798 κατά
3228 1746 3339 1800 τῶν
3372 1749 3701 1818 προσχώρων

2147 1835 2367 1892 Ἰταλῶν
2421 1837 2537 1905 (12)
2570 1837 2845 1890 ἀνείλοντο
2891 1837 3073 1906 νίκην,
3108 1837 3246 1905 μετὰ
3288 1839 3392 1908 μὲν
3425 1840 3704 1910 ὑπερηφά-

2137 1945 2228 1982 νου
2261 1927 2619 1998 παρασκευῆς
2649 1927 2832 1990 αὐτοῖς
2879 1928 3168 1992 ἐπιόντων,
3195 1928 3309 1992 καὶ,
3359 1932 3434 1998 μὴ
3471 1931 3552 1982 δτι
3584 1931 3702 1982 τοὺ·

2138 2037 2303 2086 τους,
2344 2019 2484 2074 ἀλλὰ
2531 2021 2627 2084 καὶ
2669 2019 2962 2073 Θετταλίαν
3002 2021 3181 2072 πᾶσαν
3222 2021 3317 2072 καὶ
3377 2021 3710 2075 Μακεδονίαν

2139 2112 2504 2166 ἀπειλούντων
2537 2111 2839 2182 ἐκτρίψειν,
2873 2109 3015 2164 οὕτω
3053 2111 3099 2164 δ’
3145 2112 3327 2165 αὐτῶν
3361 2113 3707 2166 παντάπασιν

2139 2203 2522 2274 ἐκτριὸέντων,
2572 2203 2647 2266 ὡς
2705 2203 2841 2274 μηδὲ
2896 2204 3208 2274 πυρφόρον,
3260 2203 3324 2257 τὸ
3380 2204 3476 2258 τοῦ
3528 2205 3705 2272 λόγου,

2139 2297 2440 2366 λελεῖφθαι.

2211 2391 2422 2446 ῡὺκοῢν
2467 2391 2556 2444 ὅτε
2601 2388 2755 2443 ταῦθ’
2811 2381 2957 2442 οὗτοι
3013 2387 3359 2460 κατώρθουν,
3409 2389 3716 2460 Χανδρηνὸς

2138 2485 2314 2552 δήπου
2343 2480 2648 2551 κατώρθου.
2683 2481 2742 2532 Εἰ
2782 2481 2892 2551 γὰρ
2922 2480 3020 2550 οὐχ
3059 2474 3170 2534 οἷόν
3209 2497 3267 2533 τε
3301 2483 3452 2550 σφᾶς
3485 2479 3716 2550 εὐτυχῆ-

2141 2597 2232 2634 σαι
2266 2577 2340 2648 μὴ
2364 2578 2623 2646 τυχόντας
2658 2574 2865 2639 ἁδείας,
2888 2575 3095 2644 ταύτην
3129 2574 3187 2626 δέ
3215 2575 3317 2626 οὐκ
3358 2576 3427 2628 ἂν
3461 2575 3720 2644 μετέσχον

2143 2671 2218 2740 μὴ
2257 2669 2366 2720 τῶν
2400 2669 2458 2720 ἐν
2481 2666 2669 2736 χερσὶν
2699 2664 3074 2734 ἁπηλλαχότες
3114 2666 3474 2734 πραγμάτων
3495 2705 3510 2730 ,
3551 2664 3720 2733 ἀπήλ-

2138 2760 2304 2824 λαξαν
2333 2758 2411 2823 δὲ,
2433 2758 2524 2810 τοῦ
2553 2754 2866 2825 Χανδρηνοῦ
2897 2754 3284 2824 μεταστάντος,
3309 2755 3636 2825 Χανδρηνδς
3660 2752 3722 2805 ἂν

2141 2853 2226 2921 εἴη
2258 2851 2336 2922 τῷ
2363 2849 2478 2902 ὖντι
2504 2846 2720 2916 καὶτῆς
2749 2846 2903 2915 νίκης
2930 2845 3190 2914 ἐργάτης,
3229 2845 3256 2897 ό
3285 2847 3399 2900 καὶ
3431 2845 3724 2917 παρασχὼν

2141 2943 2238 3012 τὴν
2273 2940 2476 2994 αἰτίαν.

2225 3053 2314 3114 Ὠς
2345 3051 2400 3104 δὲ
2423 3053 2471 3102 οἱ
2511 3051 2609 3121 μὲν
2641 3048 2752 3120 (15)
2788 3048 3034 3101 ἐκποδὼν
3067 3044 3210 3118 ἦσαν
3243 3050 3344 3103 καὶ
3385 3049 3594 3118 ταύτην
3629 3046 3718 3101 τοῦ

2144 3146 2376 3214 θράσους
2416 3145 2601 3197 ἔτισαν
2657 3144 2834 3214 δίκην.
2877 3143 2913 3196 ἃ
2969 3143 3079 3196 τῶν
3127 3142 3310 3196 ἄλλων
3365 3145 3497 3212 πέρι
3543 3143 3722 3202 κακῶς

2141 3238 2551 3303 ἐϐουλεύσαντο,
2593 3236 2748 3290 ταῦθ’
2806 3235 2898 3288 ὑπ’
2941 3236 3162 3294 ἐκείνων
3197 3236 3362 3290 αὐτοὶ
3406 3235 3589 3300 καλῶς
3633 3249 3727 3287 πε-

2138 3330 2420 3394 πονθότες,
2481 3329 2588 3382 ἔδει
2641 3329 2697 3380 δὲ
2759 3327 2885 3390 τοὺς
2958 3329 3386 3396 κεκρατηκότας
3450 3329 3550 3397 οὐχ
3607 3327 3724 3379 ὅσον

2138 3422 2319 3476 ὅπλων
2349 3422 2447 3475 καὶ
2480 3421 2686 3480 ἵππων,
2717 3419 2852 3473 ἀλλὰ
2903 3421 2997 3470 καὶ
3027 3418 3233 3471 πόλεων
3263 3421 3367 3473 καὶ
3402 3418 3601 3491 χωρῶν
3630 3418 3723 3470 καὶ

2139 3513 2356 3566 πάντων
2404 3512 2512 3566 τῶν
2561 3510 2792 3571 ἐκείνοις
2843 3508 3159 3579 προσόντων
3198 3509 3408 3571 αὐτοὺς
3439 3509 3730 3576 γεγονότας

2137 3608 2380 3677 κυρίους,
2427 3601 2598 3657 ἔπειτ’
2649 3604 2708 3654 ἐν
2749 3601 2933 3670 σφίσιν
2983 3601 3169 3662 αὐτοῖς
3217 3604 3390 3656 ταυτὶ
3432 3602 3730 3662 διελέσθαι,

2137 3699 2396 3752 διείλοντο
2431 3696 2525 3749 καὶ
2554 3692 2726 3746 ταῦτα
2757 3692 2944 3762 τρόπῳ
2978 3691 3194 3761 τοιῷδε.
3224 3693 3296 3744 Οἱ
3344 3695 3450 3762 μὲν
3486 3695 3550 3746 ἐκ
3579 3694 3730 3745 Σικε-

2140 3794 2258 3855 λίας
2302 3788 2634 3860 ὁρμώμενοι,
2699 3789 2798 3846 τὰς
2859 3786 3037 3847 πόλεις
3091 3784 3336 3850 ἑλόντες,
3400 3786 3571 3839 αὖτοῦ
3634 3801 3730 3837 που

2144 3885 2329 3953 μένειν
2369 3881 2446 3934 ἔτ’
2483 3881 2654 3950 ᾣοντο
2688 3879 2822 3941 δεῖν,
2853 3878 2975 3930 ἀντὶ
3023 3878 3135 3928 τῶν
3186 3878 3567 3932 ἀπολωλότων
3621 3880 3737 3937 ταῖς

2140 3976 2342 4029 τούτων
2370 3973 2584 4042 γυναιξὶ
2615 3973 2710 4024 καὶ
2749 3971 2941 4023 παισὶν
2984 3969 3138 4023 αὐτοὶ
3174 3973 3568 4033 καταστάντες
3595 3987 3606 4002 ·
3648 3970 3737 4022 ῖπ.

2143 4085 2235 4120 ποι
2277 4067 2334 4120 δὲ
2385 4068 2482 4120 καὶ
2512 4067 2672 4125 ὅπλα,
2702 4065 2794 4118 καὶ
2843 4064 2999 4115 πᾶσά
3028 4081 3110 4126 τις
3145 4064 3286 4132 προς
3331 4067 3524 4135 μάχην
3557 4081 3738 4132 παρα-

2143 4158 2335 4228 σκευὴ,
2369 4159 2606 4228 Πέρσαις
2636 4153 2704 4227 ἦν
2741 4157 2877 4224 (14).
2910 4152 3055 4208 Εἶεν.

2213 4273 2320 4326 Τοῦ
2363 4273 2419 4324 δὲ
2464 4269 2784 4339 Τριϐαλλῶν
2835 4271 3100 4339 ἄρχοντος
3148 4267 3264 4339 (15)
3314 4271 3386 4323 τὰ
3425 4271 3565 4341 πρὸς
3612 4270 3741 4322 Ῥω-

2147 4367 2341 4437 μαίους
2388 4364 2741 4434 ἠθετηκότος,
2776 4363 2870 4415 καὶ
2909 4361 2996 4415 διὰ
3034 4360 3193 4415 τοῦτο
3237 4362 3336 4416 τοῦ
3386 4365 3491 4432 μὲν
3529 4365 3742 4432 Πέρσας

2146 4463 2271 4531 περὶ
2307 4457 2675 4514 ὑποκίσασθαὶ
2704 4461 2812 4531 (ιδ)
2832 4461 3196 4530 πειρωμένου,
3225 4462 3340 4513 τῶν
3374 4462 3421 4514 δ’
3455 4462 3748 4530 ἡμετέρων

467 4567 653 4620 tebant
683 4565 806 4628 (nos
832 4555 977 4612 enim
1008 4550 1339 4615 attentavit).
1368 4547 1532 4600 armis
1559 4561 1696 4614 opus
1717 4545 1820 4598 fuit
1843 4553 1898 4596 et
1929 4557 2036 4596 ma-

2147 4556 2324 4626 ἥκιστ’
2384 4554 2598 4608 ἐώντων
2661 4553 2776 4622 (ἐπὶ
2829 4554 2938 4624 γὰρ
2990 4552 3146 4622 ἡμῶν
3195 4555 3523 4626 ἐπειρᾶτο),
3569 4553 3748 4608 ὃπλων

467 4657 654 4719 nibus,
709 4663 785 4716 et,
838 4648 1098 4716 utrinque
1140 4644 1283 4698 inter
1319 4657 1375 4695 se
1419 4641 1720 4710 conjuncti,
1760 4638 1812 4688 in
1844 4635 2043 4688 monti-

469 4750 572 4803 bus
609 4745 829 4800 illorum
865 4737 1224 4793 dimicabant.
1269 4733 1406 4788 Cum
1439 4742 1645 4795 autem,
1678 4728 1821 4782 bello
1875 4727 2043 4778 vehe-

468 4847 686 4894 menter
743 4836 998 4896 incenso,
1062 4827 1277 4884 barbari
1343 4823 1635 4893 asperitate
1699 4819 1937 4889 regionis
1986 4825 2044 4870 et

469 4947 657 4986 eorum
685 4923 1202 4988 consuetudinibus,
1229 4918 1480 4974 maximis
1505 4916 1760 4985 equidem
1783 4913 2045 4966 adversus

473 5039 572 5077 nos
604 5019 961 5092 adjumentis,
1009 5025 1319 5078 uterentur,
1347 5022 1400 5066 et
1447 5011 1582 5064 nihil
1626 5007 1842 5077 paciﬁci
1900 5004 2046 5072 cogi-

474 5124 671 5180 tarent,
708 5129 808 5168 nos
851 5127 980 5166 vero
1023 5111 1132 5181 jam
1164 5109 1232 5163 ad
1270 5107 1408 5162 nihil
1449 5120 1694 5162 essemus
1735 5101 1954 5156 addueti
1987 5110 2042 5154 et

473 5214 525 5264 in
566 5207 832 5277 angustiis
873 5213 1168 5262 staremus,
1195 5201 1268 5252 ita
1317 5199 1433 5254 haec
1465 5197 1736 5252 convertit
1769 5195 2049 5248 Chandrc—

475 5312 596 5358 nus,
643 5309 790 5348 nunc
831 5309 925 5362 per
967 5291 1233 5345 militares
1274 5289 1594 5350 industrius,
1630 5302 1775 5340 nunc
1805 5301 1903 5354 per
1939 5300 2050 5338 nta-

544 5474 654 5543 (Ιὲ)
677 5472 822 5539 Quos
844 5479 1002 5524 vocat
1028 5469 1381 5543 προσχώρους
1410 5466 1648 5528 Ἰταλοὺς
1670 5467 1848 5520 Latini
1881 5472 2032 5528 sunt,

472 5535 755 5597 ﬁualterio
799 5535 1133 5595 Athenarum
1174 5535 1314 5594 Duci
1347 5548 1622 5607 parentes,
1666 5552 1805 5604 quos
1862 5551 1890 5589 a
1929 5535 2037 5589 Ca-

476 5615 673 5735 !;I|an7is
698 5613 853 5735 ἔδεόο
888 5611 1094 5680 ingenti
1130 5605 1553 5665 stratosinarrat
1593 5605 1866 5676 Grcgoras
1899 5606 2040 5658 llist.

478 5701 594 5735 \Jl.-
649 5722 662 5735 ι
738 5722 750 5734 .

478 5701 662 5744 \Jl.-l,
698 5701 750 5735 υ.

547 5733 661 5823 (13)
693 5733 874 5820 copim
909 5751 1119 5823 scilicet
1152 5733 1648 5823 Laliniprmcipisi
1681 5745 1976 5823 Guaitnerii,
2004 5766 2006 5768 ν

549 5817 658 5892 (14⁷)
705 5817 1029 5901 lit-Enitcnhu
1058 5820 1220 5875 Τιπυί
1250 5823 1302 5874 in
1341 5821 1430 5872 illa
1459 5818 1808 5885 expeditione
1829 5817 2044 5869 Catala-

475 5909 852 5948 ηυῐυυιεορη.

2149 4651 2335 4718 ἐδέησε
2388 4649 2481 4701 καὶ
2529 4647 2753 4716 χειρῶν,
2790 4645 2909 4710 καὶ,
2944 4643 3321 4713 ξυμϐαλόντες
3372 4647 3657 4716 ἀλλήλοις,
3696 4646 3752 4697 ἐν

2148 4740 2260 4801 τοῖς
2291 4739 2512 4790 ἐκείνων
2543 4736 2710 4803 ὁρίοις
2748 4735 3039 4803 ἐμάχοντο.
3077 4733 3186 4785 Τοῦ
3221 4735 3282 4786 δὲ
3314 4737 3573 4808 πολέμου
3620 4753 3755 4804 καρο

2152 4826 2310 4896 τεροῦ
2359 4825 2708 4894 γιγνομένου,
2757 4825 2852 4877 καὶ
2897 4825 3006 4877 τῶν
3053 4824 3154 4894 μὲν
3211 4824 3529 4896 βαρϐάρων
3581 4831 3648 4896 τῇ
3697 4841 3753 4876 τε

2151 4917 2449 4988 τραχύτητι
2480 4915 2572 4967 τοῦ
2618 4917 2818 4984 χωρίου
2847 4913 2923 4985 τῷ
2948 4931 3005 4966 τε
3043 4914 3301 4984 ξυνήθεις
3337 4919 3551 4982 αὐτοὺς
3593 4915 3755 4982 εἶναι’

2159 5010 2440 5078 μεγίστοις
2498 5009 2854 5076 όρμητηρίοις
2919 5007 3041 5060 καθ’
3102 5007 3305 5077 ἡμῶν,
3365 5012 3756 5079 κεχρημένων,

2154 5102 2249 5152 καὶ
2285 5102 2502 5169 μέτριον
2554 5100 2720 5168 μηδὲν
2769 5099 3114 5166 ἐννοούντων,
3154 5101 3320 5170 ἡμῶν
3359 5103 3408 5156 δ’
3445 5105 3528 5166 εἰς
3567 5105 3626 5157 τὸ
3661 5121 3762 5172 μη-

2149 5194 2238 5245 δὲν
2294 5193 2392 5260 ἤδη
2447 5192 2771 5260 χωρούντων
2819 5193 2913 5244 καὶ
2964 5194 3078 5252 τοῖς
3113 5193 3260 5254 ὅλοις
3319 5196 3756 5266 ἀπορουμένων.

2152 5283 2294 5336 οὕτω
2325 5283 2498 5336 ταῦτα
2530 5283 2858 5354 περιέστησε
2908 5283 3019 5354 (17)
3063 5284 3414 5356 Χανδρηνδς,
3445 5289 3613 5342 τοῦτο
3662 5288 3759 5357 μὲν

2376 5469 2509 5548 Yide
2537 5467 3287 5548 Nicephzfiregoramdiist.
3331 5487 3432 5534 vn,
3467 5473 3524 5548 8,
3569 5475 3619 5528 Ι.

2375 5540 2466 5617 Sic
2505 5541 2629 5592 cod.
2675 5524 2816 5617 Quid
2852 5524 3145 5617 scripserit
3189 5524 3593 5598 auctor'n‘u’ne
3653 5561 3762 5597 nun

2147 5609 2378 5662 extrico.
2417 5607 2622 5663 Forsan
2657 5609 2815 5677 πέριξ
2845 5609 3244 5661 ὑπικίσασθαι.

2199 5679 2334 5760 ’(17)
2368 5683 2445 5731 An
2475 5679 2589 5760 hate
2619 5678 2912 5730 Serrorum
2939 5693 2999 5731 ac
3023 5678 3348 5760 I'l‘ui'corum
3378 5700 3509 5737 cum
3535 5684 3762 5744 Grmcis,

2149 5748 2472 5828 Chandreno
2534 5752 2695 5828 duce,
2755 5764 2935 5816 pugna
2983 5750 3052 5799 ab
3107 5750 3406 5805 historicis
3487 5769 3765 5810 memore-

2153 5829 2241 5869 tnr
2280 5819 2489 5890 ignoro.
2546 5819 2700 5877 Silet,
2736 5834 2918 5890 quem
2975 5834 3351 5890 ununrnunc
3406 5827 3474 5876 ml
3538 5837 3761 5878 manuni

2156 5890 2354 5954 habeo,
2379 5888 2666 5958 Gregorius,
2702 5889 2822 5941 silet
2853 5897 2930 5950 et,
2966 5905 3125 5956 quem
3161 5887 3414 5958 iuSpevt,
3447 5905 3584 5948 Aine
3610 5895 3762 5948 litori.
