4028 6448
307 400 420 521 365⁸

1418 461 1703 520 ORATIO
1745 461 1890 519 ιηιο
1933 460 2131 518 (lllAN
2148 459 2424 518 DllENO.

3452 457 3482 516 3
3497 456 3554 516 '36

309 572 688 641 στρατηγικαῖς
733 569 1022 635 ἐπινοίαις,
1069 568 1226 624 τοῦτο
1270 572 1326 626 δὲ
1372 573 1574 642 χειρῶν
1626 571 1863 642 εὐψυχία

1986 585 2070 623 ius
2091 571 2469 624 strenuitatem
2514 580 2568 623 et
2592 569 2894 634 audaciam,
2915 580 2971 623 et
2992 570 3331 623 Solusomnia
3359 586 3559 637 su~qne

309 664 393 716 καὶ
440 662 633 734 τόλμῃ,
668 663 760 716 καὶ
811 663 890 730 τῷ
940 665 1098 727 μόνος
1134 665 1248 719 ἄνω
1294 666 1388 718 καὶ
1443 666 1595 718 κάτω
1631 664 1744 716 θεῖν
1777 664 1870 717 καὶ

309 755 790 824 παρακελεύεσθαι,
826 757 920 811 καὶ
950 757 1132 826 ἔργοις
1165 757 1254 809 καὶ
1285 757 1463 823 λόγοις
1495 757 1651 824 μόνος
1679 756 1870 826 ὥσπερ

306 849 462 900 πᾶσιν
509 848 760 916 ἐμπνεῖν,
795 847 887 901 καὶ
944 849 1082 916 προς
1127 850 1384 902 τοσοῦτον
1426 849 1629 920 ἤλασεν
1665 850 1870 917 ἀρετῆς

305 958 356 992 τε
383 940 472 993 καὶ
505 943 701 1010 τύχης,
727 939 858 993 ὥστ’
895 943 956 994 οὐ
990 943 1152 1011 μόνον
1182 944 1280 996 τὰς
1308 943 1409 1012 τῆς
1437 942 1592 1011 νίκης
1626 941 1868 1006 ἐλπίδας,

306 1033 428 1084 ἀλλὰ
457 1033 551 1084 καὶ
582 1034 678 1094 τὰς
707 1033 871 1085 αὑτοῦ
901 1033 996 1086 τοῦ
1029 1034 1130 1105 ζῇν
1163 1032 1348 1104 σφόδρ’
1387 1034 1574 1096 αὐτοῖς
1604 1035 1868 1103 περιεῖλε,

306 1123 402 1175 τῶν
436 1123 536 1192 μὲν
575 1122 792 1177 οἰκείων
825 1124 990 1195 μηδὲν
1037 1125 1455 1194 ἀποϐεϐληκὼς,
1481 1126 1590 1178 τῶν
1624 1126 1679 1178 δὲ
1715 1126 1873 1178 πολε-

310 1219 434 1283 μίων
479 1219 603 1280 τοὺς
658 1220 757 1288 μὲν
804 1219 1020 1284 πλείους
1052 1221 1492 1290 διειργασμένος,
1526 1221 1872 1292 τραυματίας

305 1311 354 1362 δὲ
378 1311 465 1361 καὶ
498 1311 742 1377 φυγάδας
771 1312 895 1374 τοὺς
921 1311 1146 1375 λοιποὺς
1174 1313 1564 1384 εἰργασμένος.

381 1401 596 1470 Ἐπειδὴ
653 1404 788 1456 πᾶσι
841 1404 1056 1467 τούτοις
1087 1405 1206 1458 δέον
1255 1406 1420 1459 αὐτὸν
1468 1406 1872 1472 στεφανοῦσθαι

305 1492 393 1545 καὶ
452 1495 629 1563 γερῶν
691 1494 1012 1559 ἀπολαύειν,
1061 1498 1158 1550 καὶ
1217 1497 1407 1552 τοῦτον
1455 1517 1512 1551 τε
1563 1499 1747 1560 αὑτὸν,
1777 1501 1872 1552 καὶ

305 1585 522 1647 πολλοὺς
567 1587 791 1656 ἐτέρους
835 1587 902 1640 δι’
947 1589 1131 1653 αὐτὸν,
1171 1592 1434 1660 πράττειν
1486 1587 1569 1657 εὖ,
1596 1594 1622 1645 ὁ
1670 1592 1728 1645 δὲ
1780 1592 1873 1645 καὶ

305 1679 810 1746 προσαπεστέρηται
863 1679 970 1730 τῶν
1007 1680 1198 1744 ὄντων,
1232 1681 1422 1751 ὥσπερ
1451 1699 1534 1745 τις
1570 1683 1637 1734 τὰ
1669 1683 1874 1753 ἔσχατα

307 1771 799 1839 πεπονηρευμένος.
841 1772 972 1834 Καὶ,
1005 1773 1053 1824 εί
1099 1773 1206 1846 μὲν
1246 1775 1537 1844 προδοσίας
1575 1777 1740 1838 ἑάλω,
1774 1778 1872 1830 οὐκ

305 1856 394 1912 οἷδ’
427 1860 453 1912 ὃ
505 1877 558 1911 τι
613 1860 798 1929 μεῖζον
841 1862 908 1915 ἂν
942 1862 1270 1917 ἐπεπόνθει·
1324 1864 1419 1916 νῦν
1464 1865 1509 1917 δ’
1546 1867 1686 1934 ὑπὲρ
1712 1865 1874 1935 ἡμῶν

308 1955 526 2008 καὶτῶν
561 1959 850 2027 ἡμετέρων
886 1961 1232 2030 πραγμάτων
1281 1962 1337 2012 ἐν
1381 1963 1544 2015 παντὶ
1588 1964 1666 2033 τῷ
1698 1983 1874 2037 παρα-

307 2047 478 2112 σχίντι
522 2047 884 2114 φανερώτατα
920 2049 1028 2100 τῶν
1063 2067 1122 2102 τε
1155 2051 1248 2103 νῦν
1278 2053 1386 2105 τῶν
1429 2071 1487 2105 τε
1517 2054 1696 2108 ἄλλων
1737 2059 1875 2109 πάν-

306 2153 405 2187 των
449 2136 842 2206 ἠγωνισμένος,
877 2140 970 2192 καὶ
1021 2145 1248 2210 μονονοῦ
1297 2145 1603 2216 προέμενος
1642 2150 1742 2219 τὴν
1769 2153 1875 2220 ψυ-

307 2227 417 2298 χὴν,
471 2229 660 2281 ἔπειτα
711 2231 882 2295 κακὸς
931 2229 1074 2286 εἶναι
1123 2236 1292 2298 δοκεῖ,
1327 2240 1354 2289 ὁ
1401 2240 1532 2301 τοὺς
1577 2241 1672 2292 ὑπ’
1713 2243 1877 2298 αὑτὸν

311 2321 636 2394 στρατιώτας
691 2325 789 2395 τῆς
836 2343 896 2379 τε
946 2327 1115 2398 ἄλλης
1162 2333 1255 2383 καὶ
1301 2332 1364 2400 δὴ
1396 2334 1491 2387 καὶ
1522 2334 1622 2435 τῶς
1656 2338 1712 2399 ἐς
1750 2338 1878 2401 τοὺς

310 2416 590 2483 πολεμίους
631 2418 947 2484 ἀπαλλάξας
981 2422 1211 2485 κακίας,
1243 2426 1339 2476 καὶ
1377 2416 1578 2490 πείσαξ
1611 2429 1700 2481 τὸν
1735 2430 1877 2501 ὑπὲρ

309 2507 400 2575 τῆς
428 2511 610 2578 κοινῆς
633 2512 935 2579 ἀσφαλείας
970 2515 1202 2570 θάνατον
1233 2522 1632 2592 προτιμότερον
1665 2525 1877 2594 κρίνειν

307 2599 400 2668 τῆς
444 2601 866 2670 Ἀργανθονίκου
919 2606 1092 2677 ζωῆς.
1131 2610 1236 2662 Καὶ
1277 2612 1415 2680 πρὸς
1459 2615 1557 2682 μὲν
1613 2613 1706 2677 οὓς
1750 2617 1880 2669 ἑκά-

308 2707 456 2744 στοτε
512 2694 888 2764 παρετάξατο,
962 2698 1131 2770 ἄνδρα
1192 2700 1395 2768 ἀγαθον
1460 2705 1640 2758 πάντα
1689 2706 1877 2759 τοῦτον

303 2783 556 2852 ἡγοῦνται
581 2788 670 2838 καὶ
700 2787 1063 2858 θαυμάζουσι,
1087 2794 1179 2842 καὶ
1209 2797 1319 2856 τοῖς
1347 2811 1404 2845 τε
1435 2794 1619 2864 ἔχουσι
1647 2799 1878 2866 συγχαί-

304 2892 476 2944 ρουσι,
517 2878 666 2946 σ’ρίσι
718 2895 776 2930 τε
834 2882 1019 2944 αὐτοῖς
1071 2873 1358 2949 τοιούτους¹
1399 2888 1462 2956 δή
1522 2905 1676 2949 τινας
1731 2890 1878 2960 ἔχειν

305 2973 693 3044 συνεύχονται·
741 2979 904 3047 ἡμεῖς
951 2979 1028 3040 δὲ,
1073 2980 1121 3031 εἰ
1182 2981 1350 3050 μηδὲν
1405 2983 1555 3048 ἄλλο,
1613 2984 1736 3054 μηδ’
1784 2983 1880 3048 οὓς

304 3065 440 3135 ὑπὲρ
491 3067 652 3136 ἡμῶν
695 3069 986 3134 πλείστους
1035 3089 1094 3123 τε
1133 3075 1227 3127 καὶ
1276 3075 1598 3138 καλλίστους
1644 3078 1878 3147 ἤνεγκεν

303 3155 493 3218 ἄθλους
526 3159 617 3210 καὶ
669 3159 767 3228 τὴν
813 3160 900 3212 δια
957 3163 1178 3214 πάντων
1226 3165 1550 3235 θαυμαστὴν
1591 3167 1878 3236 εὐψυχίαν,

1978 662 2152 731 deque
2213 664 2429 716 mittere
2459 662 2822 725 adhortando,
2850 665 2914 717 "et
2944 664 3094 717 solus
3124 664 3259 716 actis
3288 671 3342 716 et
3377 663 3559 716 verbis

1977 754 2132 818 quasi
2190 770 2382 808 omnes
2436 755 2794 824 inspirando,
2849 766 2905 810 et
2950 756 3031 826 ad:
3072 766 3280 810 tantum
3337 757 3559 809 virtutis

1974 862 2037 901 ac
2071 845 2306 901 fortuna:
2336 848 2607 913 ascendit,
2644 859 2700 901 ut
2732 865 2840 902 non
2868 852 3044 903 solum
3081 850 3348 908 victorim.
3380 850 3474 903 sed
3510 859 3564 902 et

1976 940 2151 1008 ipsius
2184 940 2308 993 vita:
2341 954 2495 1008 spem
2535 939 2642 994 illis
2671 939 2889 1007 penitus
2926 940 3231 1006 abstulerit,
3267 949 3321 993 et
3355 941 3561 992 nullam

1974 1049 2043 1088 ex
2097 1033 2212 1088 suis
2273 1033 2560 1096 amiserit,
2621 1032 2750 1087 dum
2809 1034 2998 1088 hostes
3057 1033 3354 1103 plerosque
3414 1033 3563 1086 ferro

1976 1127 2200 1190 delevit,
2238 1127 2321 1180 vel
2355 1127 2677 1181 vulneratos
2711 1127 2763 1180 in
2797 1126 2980 1196 fugam
3012 1127 3198 1182 vertit.

2045 1393 2181 1447 Cum
2215 1404 2401 1450 autem
2445 1396 2753 1466 oportuerit
2791 1396 2947 1451 illum
2983 1396 3071 1451 his
3117 1395 3378 1452 omnibus
3404 1411 3567 1452 coro-

1977 1491 2097 1546 nari
2129 1494 2707 1564 etpratmiisﬁpcrfrui,
2757 1505 2812 1550 et
2853 1497 3054 1566 ipsum,
3102 1506 3156 1551 et
3193 1496 3393 1549 multos
3429 1496 3567 1549 alios

1977 1601 2073 1653 per
2101 1589 2314 1656 ipsum,
2367 1589 2652 1645 beneficiis
2685 1591 2896 1655 ornari,
2937 1590 3174 1660 propriis
3208 1589 3296 1643 hic
3345 1590 3568 1644 exuitur

1977 1677 2138 1733 bonis
2161 1683 2317 1749 quasi
2351 1682 2542 1736 ultima
2575 1683 2780 1737 scelera
2806 1691 3197 1753 perpetrassct.
3237 1682 3323 1746 Et,
3362 1681 3403 1734 si
3434 1697 3560 1748 pro-

1977 1770 2204 1826 ditionis
2238 1789 2361 1827 rcus
2393 1775 2610 1842 fuisset,
2643 1776 2830 1830 nescio
2855 1793 2924 1830 an
2949 1775 3170 1845 gravius
3204 1776 3334 1844 quid
3371 1790 3497 1843 pass
3541 1790 3566 1827 s

1980 1863 2142 1920 foret.
2189 1867 2485 1936 Postquam
2520 1880 2705 1923 autem
2744 1885 2843 1937 pro
2875 1869 3031 1922 nobis
3061 1878 3116 1922 ct
3165 1868 3369 1920 nostris
3398 1868 3566 1920 rebus

1983 1958 2036 2012 in
2077 1960 2226 2012 omni
2262 1962 2556 2016 occasione
2595 1962 2944 2032 praeclarium
2983 1962 3352 2031 praesentibus
3384 1969 3566 2014 ctcar-

1982 2052 2115 2107 teris
2133 2053 2387 2109 omnibus
2407 2059 2710 2110 certamina
2740 2055 3018 2110 commisit
3041 2065 3097 2110 et
3123 2065 3334 2109 tantum
3355 2071 3464 2109 non
3486 2055 3569 2108 vi-

1981 2153 2090 2199 tam
2117 2148 2359 2210 devovit,
2395 2157 2525 2203 tunc
2551 2148 2597 2205 is
2624 2164 2916 2218 perversos
2944 2149 3161 2203 videtur
3188 2145 3280 2216 qui
3310 2162 3442 2201 suos
3467 2150 3566 2199 mi.

1981 2235 2110 2292 lites
2135 2241 2203 2292 ab
2236 2239 2475 2295 aliorum
2517 2256 2582 2295 ac
2618 2241 2857 2295 hostium
2891 2241 3252 2310 perversitate
3281 2240 3570 2310 prepnlsa-

1982 2329 2085 2395 vit,
2112 2341 2168 2387 et
2197 2333 2278 2387 eis
2313 2335 2488 2388 suasit
2514 2343 2744 2388 mortem
2780 2350 2878 2401 pro
2911 2333 3156 2389 omnium
3198 2334 3375 2388 salute
3413 2349 3571 2389 acce-

1982 2435 2127 2496 ptam
2153 2427 2420 2495 potiorem
2440 2443 2562 2482 esse
2590 2428 2895 2482 ducendam
2917 2417 3327 2499 Arganthonica
3351 2427 3479 2482 vita.
3507 2431 3570 2481 Ι·;ι

1984 2533 2176 2573 omnes
2215 2532 2409 2574 contra
2440 2535 2579 2590 quos
2613 2520 2816 2590 ubique
2844 2521 3168 2584 dccc-rtavit,
3192 2521 3344 2575 illum
3387 2522 3567 2576 virum

1982 2609 2187 2662 bonum
2231 2621 2461 2664 censent
2513 2619 2566 2665 et
2602 2611 2901 2677 mirantur,
2931 2621 2987 2666 et
3030 2612 3141 2666 illis
3183 2613 3276 2682 qui
3315 2612 3573 2666 eum'ha-

1984 2699 2112 2753 bent
2157 2701 2632 2771 congratulantur,
2668 2703 2904 2756 ettalcm
2947 2704 3126 2756 virum
3163 2703 3406 2772 sibiipsis
3446 2718 3570 2756 esse

1980 2804 2210 2848 exorant
2239 2811 2254 2850 :
2287 2812 2386 2849 nos
2419 2811 2570 2862 vero,
2597 2797 2700 2850 nisi
2732 2797 2879 2850 aliud
2913 2797 3238 2867 quidquam,
3266 2814 3368 2852 nec
3396 2797 3567 2850 multa

1982 2902 2046 2940 ac
2076 2887 2447 2956 pulcherrima
2483 2907 2605 2959 quze
2629 2906 2727 2959 pro
2764 2890 2921 2944 nobis
2953 2894 3178 2962 pertulit
3205 2893 3330 2961 prati
3359 2909 3410 2957 a,
3437 2900 3492 2946 et
3516 2892 3570 2944 in

1983 2987 2240 3039 omnibus
2274 2985 2580 3040 mirandam
2623 2987 3050 3050 strenuitatem,
3084 2988 3279 3040 saltem
3316 2985 3570 3039 inimico-

1986 3096 2106 3132 rum
2149 3080 2551 3147 testimonium,
2585 3089 2644 3134 ut
2676 3096 2774 3150 par
2812 3089 2919 3141 est,
2953 3079 3202 3146 reveriti,
3233 3096 3418 3135 nonne
3476 3081 3568 3134 illo

1987 3173 2196 3228 firmius
2233 3189 2355 3229 esse
2402 3174 2864 3228 calumniatorum
2915 3177 3288 3228 testimonium
3329 3173 3572 3230 arbitra-

302 3249 398 3316 τὴν
441 3250 572 3316 γοῦν
625 3253 772 3320 παρὰ
818 3253 1032 3323 ἐχθρῶν
1073 3257 1410 3326 μαρτυρίαν,
1461 3258 1536 3320 ὡς
1587 3263 1752 3322 six-5;.
1791 3263 1874 3313 αἶ-

1987 3267 2166 3320 Linmr
2190 3306 2204 3328 ,
2241 3269 2337 3321 sed
2373 3282 2501 3321 eum
2535 3268 2922 3322 accusabimus
2967 3267 3369 3336 perversitatis,
3401 3284 3566 3336 quem

301 3340 600 3406 δεσθέντες,
643 3345 703 3395 ού
738 3343 1094 3416 βεϐαιοτέραν
1127 3349 1334 3420 ταύτην
1366 3351 1478 3402 τῶν
1513 3354 1875 3421 συκοφαντῶν

303 3435 620 3505 νομιοῦμεν;
672 3438 806 3491 ἀλλὰ
841 3443 1308 3510 καταγνωσὸμεθα
1343 3444 1654 3515 μοχθηρίαν
1685 3447 1873 3512 αὐτοῦ,

301 3527 379 3591 ὃν,
413 3529 461 3580 εί
491 3531 564 3598 μὴ
614 3531 884 3602 λαμπρῶς
934 3534 1274 3602 ὲπαινοῖμεν,
1314 3538 1620 3607 μοχθηρίαν
1662 3542 1762 3602 πᾶς
1792 3557 1875 3603 τις

302 3622 365 3673 ἂν
393 3622 548 3691 ἡμῶν
584 3625 878 3694 καταγνοίη
901 3642 916 3689 ;

370 3715 440 3768 Σὺ
494 3717 549 3768 δὲ
610 3718 878 3788 μάχεσθαι
934 3722 1032 3789 μὲν
1091 3724 1181 3775 καὶ
1235 3725 1493 3794 πλεμεῖν
1539 3731 1652 3790 τοῖς
1711 3730 1875 3794 αὐτὸς

304 3807 518 3870 σαυτοῦ,
553 3813 646 3861 καὶ
675 3812 857 3873 κακῶς
893 3815 1066 3864 ποιεῖν
1102 3815 1135 3866 ἆ
1164 3817 1346 3878 καλῶς
1377 3819 1593 3872 πάντων
1633 3822 1875 3889 μάλιστα

301 3899 499 3969 βούλει,
525 3903 620 3954 οὐκ
652 3903 717 3956 ἂν
747 3903 928 3968 δέξαιο
951 3921 964 3934 ·
1002 3908 1098 3960 ἐὰν
1130 3907 1174 3960 δ’
1221 3909 1253 3961 ἃ
1290 3910 1538 3978 λέγουσιν
1572 3909 1719 3966 οὗτοι
1751 3933 1874 3968 πειο

301 3994 434 4062 σθῇς
482 3999 574 4048 καὶ
626 4000 694 4049 τα
743 4000 852 4051 τῶν
889 4000 1178 4069 βασκάνων
1229 4004 1473 4073 στόματα
1521 4011 1706 4078 περιῇ,
1760 4011 1876 4074 πῶς

296 4090 398 4139 οὐκ
422 4091 584 4151 αὐτὸς
613 4091 769 4143 τοῦτο
803 4095 1071 4162 ποιήσεις,
1095 4095 1188 4148 καὶ
1220 4101 1608 4168 συμμαχήσεις
1634 4102 1876 4172 ὡσπερεὶ

297 4181 408 4240 τοῖς
435 4179 670 4249 ἐχθροῖς,
699 4179 734 4233 ἃ
763 4184 950 4250 σφίσιν
982 4186 1168 4247 αὐτοῖς
1215 4188 1551 4259 συνεύξαιντ⁹
1595 4191 1662 4244 ἂν
1702 4185 1870 4257 οὗτοι,

295 4273 451 4324 ταῦτ’
499 4275 662 4337 αὐτὸς
710 4277 766 4327 ὲν
819 4277 1032 4340 τούτοις
1081 4279 1290 4346 τελῶν;
1331 4280 1429 4339 Τίς
1458 4283 1568 4353 γὰρ
1610 4283 1688 4336 ἔθ’
1731 4286 1874 4356 ὑπὲρ

297 4365 394 4416 σοῦ
449 4367 743 4435 προθύμως
788 4371 1125 4437 ἀγωνιεῖται,
1174 4374 1266 4425 καὶ
1316 4375 1721 4442 παραὸαλεῖται
1772 4381 1874 4450 μὲν

297 4456 434 4525 πρὸς
482 4459 782 4524 κινδύνους,
811 4461 1218 4532 ὑπερφρονήσει
1260 4465 1318 4516 δὲ
1356 4467 1451 4536 τῆς
1486 4466 1655 4536 ζωῆς,
1692 4471 1873 4524 πάντα

291 4550 352 4601 δὲ
383 4550 547 4602 τᾶλλα
577 4551 807 4622 δεύτερα
840 4554 933 4605 σοῦ
963 4557 1159 4623 νομιεῖ,
1188 4557 1328 4625 ὀρῶν
1363 4558 1454 4610 τὸν
1494 4560 1600 4611 τῶν
1638 4578 1874 4633 στρατη-

1982 3360 2025 3414 si
2078 3377 2188 3414 non
2224 3361 2489 3430 prmclare
2535 3361 2846 3423 laudemus,
2878 3374 2980 3414 nos
3022 3360 3254 3428 quisque
3286 3360 3568 3428 perversi—

1982 3456 2106 3508 tatis
2126 3465 2414 3509 accusaret
2438 3453 2461 3506 ί

2054 3724 2133 3777 Tu
2169 3723 2425 3792 equidem
2475 3721 2742 3776 adversus
2777 3721 3016 3790 teipsum
3061 3737 3306 3792 pugnare
3355 3737 3418 3777 ac
3450 3736 3569 3776 Cer-

1983 3825 2122 3880 tare,
2147 3827 2202 3870 ct
2231 3815 2371 3868 male
2404 3829 2568 3884 agere
2603 3829 2726 3882 qua:
2765 3813 3003 3868 maxime
3033 3814 3280 3867 omnium
3313 3813 3397 3866 vis
3427 3813 3567 3868 bene

1980 3921 2170 3979 gerere
2203 3920 2310 3959 non
2331 3904 2678 3975 permitteres
2715 3921 2729 3957 :
2762 3902 2806 3957 si
2834 3912 3018 3956 autem
3052 3902 3280 3971 qureisti
3319 3903 3515 3958 dicunt
3538 3922 3568 3956 a

1983 4001 2038 4055 te
2073 4016 2174 4070 pro
2238 4008 2392 4052 certo
2441 3997 2751 4050 habeantur
2799 4003 2855 4049 et
2898 3994 3361 4048 calumniatormn
3403 4010 3571 4048 voces

1984 4094 2340 4164 praevaleant,
2370 4088 2650 4160 quomodo
2683 4090 2784 4142 hoc
2813 4086 2929 4156 ipse
2953 4102 3063 4140 non
3103 4085 3293 4150 facies,
3327 4098 3382 4140 et
3412 4088 3570 4156 qua-i

1984 4202 2082 4258 pro
2136 4185 2373 4239 inimicis
2409 4181 2699 4236 dimicabis
2725 4220 2737 4244 ,
2776 4197 2900 4251 qua!
2937 4180 3299 4250 sibimetipsis
3345 4187 3572 4249 exopta-

1984 4294 2107 4336 rent
2155 4282 2267 4343 isti,
2317 4278 2436 4332 haec
2485 4277 2600 4345 ipse
2640 4291 2785 4329 nunc
2823 4273 3177 4344 peragendo?
3226 4271 3363 4338 Quis
3412 4271 3561 4325 enim

1981 4378 2225 4445 posthaec
2257 4387 2352 4441 pro
2387 4381 2438 4423 te
2465 4369 2766 4438 pugnabit,
2802 4376 2858 4420 et
2893 4367 2945 4419 in
2984 4367 3288 4434 periculum
3322 4379 3443 4418 sese
3485 4365 3570 4418 in-

1981 4471 2141 4530 feret,
2185 4466 2353 4518 vitam
2390 4456 2680 4530 despiciet,
2715 4458 2902 4512 omnia
2935 4468 3131 4512 cmtera
3166 4467 3217 4511 te
3257 4458 3571 4532 posteriora

1979 4554 2354 4618 existimabit,
2402 4567 2527 4606 cum
2585 4549 2786 4602 viderit
2832 4547 3114 4617 egregium
3166 4547 3394 4610 ducem,
3449 4556 3571 4616 post

292 4641 409 4707 γῶν
441 4643 684 4711 ἄριστον,
717 4647 858 4713 μετὰ
903 4647 1003 4710 τὰς
1033 4648 1234 4710 πολλὰς
1278 4653 1374 4702 καὶ
1407 4653 1654 4720 μεγάλας
1691 4655 1870 4726 μάχας

1986 4650 2186 4703 multas
2218 4656 2274 4700 et
2311 4649 2578 4698 maximas
2609 4656 2819 4711 pugnas
2853 4648 2909 4694 et
2945 4647 3148 4708 tropaea
3178 4648 3233 4693 et
3265 4639 3449 4694 hostes
3479 4654 3571 4694 su-

293 4733 391 4783 καὶ
421 4735 658 4800 τρόπαια
691 4736 784 4786 καὶ
829 4737 954 4796 τοὺς
986 4736 1369 4809 ἀνῃρημένους
1416 4739 1749 4808 βαρϐάρους,
1784 4744 1875 4796 ὑπ’

291 4826 592 4896 ἀλιτηρίων
630 4828 692 4897 δή
743 4845 906 4883 τινων
939 4829 1232 4901 ’δυστυχῶς
1266 4829 1650 4900 ἐλαυνόμενον,
1680 4837 1878 4889 κοινῶν

289 4921 613 4991 ἀλαστόρων
640 4923 738 4991 τῆς
770 4923 1066 4984 πολιτείας,
1093 4925 1142 4975 ei
1162 4922 1249 4990 μὴ
1276 4923 1355 4975 σύ
1406 4939 1468 4990 γε
1510 4923 1724 4979 δύσεαι
1771 4928 1879 4982 ἀλ-

287 5011 414 5079 κήν
443 5016 586 5086 (l8);

369 5109 475 5159 Καὶ
512 5108 618 5180 μὴν
651 5111 698 5161 εἰ
735 5111 833 5178 μὲν
862 5110 1104 5176 ἅπαντες
1129 5115 1476 5185 ἡμάρτομεν,
1501 5117 1684 5180 καλῶς
1716 5111 1878 5187 εὗρες

285 5200 416 5254 ὅθεν
445 5203 595 5271 ἡμᾶς
623 5204 917 5278 τιμωρήσῃ
943 5220 956 5235 ·
989 5207 1039 5258 εἰ
1063 5205 1122 5258 δὲ
1153 5207 1308 5266 οὐδὲν
1344 5201 1487 5279 ἔχεις
1519 5210 1776 5276 ἐγκαλεῖν
1809 5213 1875 5280 τῇ

284 5295 586 5360 Φιλίππου,
619 5296 820 5366 μᾶλλον
847 5297 904 5350 δὲ
939 5285 1006 5369 τῇ
1044 5299 1271 5362 σαυτοῦ,
1301 5301 1442 5354 ἀλλὰ
1485 5305 1583 5354 καὶ
1613 5303 1881 5374 πλείστην

283 5387 426 5453 ὅσην
455 5389 589 5457 αὐτῇ
620 5391 747 5458 περὶ
777 5389 836 5440 σὲ
865 5391 956 5442 τὸν
986 5391 1073 5442 ἀεὶ
1112 5392 1305 5462 χρόνον
1337 5392 1558 5457 εὔνοιαν
1591 5394 1874 5461 σύνοισθα,

283 5482 390 5530 καί
443 5480 699 5550 σπουδὴν,
753 5482 845 5532 καὶ
892 5483 1052 5535 πάντ’
1101 5482 1167 5536 ἂν
1213 5483 1440 5550 ἐνέγκαι
1483 5485 1684 5555 ῥᾳδίως
1713 5485 1878 5556 ’ὑπὲρ

281 5571 392 5623 τοῦ
422 5573 514 5624 σοῦ
548 5573 902 5638 συνεστῶτος,
931 5576 1004 5639 τί,
1033 5576 1124 5626 τὸν
1160 5577 1321 5645 μόνον
1350 5577 1520 5646 αὐτῆς
1551 5576 1626 5639 ὡς
1663 5577 1878 5647 άληθῶς

285 5665 565 5734 προὸολον
595 5665 852 5734 ἐξαιρῶν,
885 5668 998 5728 τοῖς
1053 5666 1233 5736 πολεμ
1259 5684 1338 5730 οις
1385 5667 1583 5730 ἀδίκως
1639 5668 1751 5739 (19)
1783 5669 1877 5720 καὶ

284 5759 470 5828 θύραν
504 5760 737 5828 ἁνοίγεις
781 5763 894 5822 τοῖς
933 5759 1220 5829 καθαιρεῖν
1269 5761 1336 5814 τὰ
1383 5761 1451 5814 σὰ
1484 5760 1874 5830 βουλομένοιςς

380 5921 495 5990 (13)
537 5921 612 5975 Ex
647 5919 804 5975 llom.
832 5918 992 5976 Iliad.
1032 5919 1072 5984 Ι,
1111 5919 1234 5974 25f.

1983 4751 2237 4814 peratos,
2285 4737 2672 4794 miserabiliter
2731 4743 2983 4787 vexatum
3033 4747 3063 4786 a
3105 4732 3438 4803 quibusdam
3471 4748 3568 4787 nc-
3641 4753 3644 4756 ·

1983 4838 2138 4892 fariis
2191 4832 2513 4889 hominibus
2560 4832 2652 4900 qui
2702 4838 2832 4884 sunt
2883 4829 3197 4882 connnunis
3251 4828 3569 4898 rcipublica:

1983 4931 2174 5000 pestis,
2205 4929 2304 4981 nisi
2346 4937 2402 4980 tu
2437 4928 2802 4997 fortitudinem
2837 4925 3079 4977 induas?

2053 5107 2108 5162 Si
2139 5117 2321 5161 tamen
2352 5119 2544 5158 omnes
2579 5102 2939 5170 deliquimus,
2967 5101 3110 5155 bene
3137 5101 3396 5154 invenisti
3423 5100 3568 5153 unde

1985 5216 2084 5255 nos
2106 5201 2442 5269 castigares:
2472 5194 2728 5250 siautem
2759 5195 2834 5248 nil
2880 5195 3050 5248 babes
3077 5194 3225 5263 quod
3265 5193 3569 5261 exprobres

1986 5294 2108 5348 urbi
2131 5291 2418 5360 Philippis,
2442 5296 2537 5342 aut
2561 5288 2742 5359 potius
2770 5300 2899 5353 tum,
2926 5288 3022 5341 sed
3043 5288 3155 5357 jam
3181 5284 3390 5338 dudum
3419 5283 3569 5336 illius

1985 5402 2112 5456 erga
2167 5395 2218 5439 te
2271 5382 2714 5437 benevolentiam
2768 5389 2824 5435 et
2860 5379 3103 5435 studium
3149 5375 3458 5445 cognoscis,
3514 5382 3569 5427 et

1988 5479 2169 5533 omnia
2205 5479 2346 5531 ferre
2389 5491 2487 5544 pro
2523 5485 2616 5528 tuo
2641 5473 2870 5537 fmdere,
2906 5489 3028 5539 cur,
3063 5472 3240 5526 solum
3294 5468 3443 5522 illius
3483 5482 3570 5520 rc-

1987 5587 2112 5624 vera
2147 5575 2395 5641 clypeum
2443 5566 2767 5630 auferendo,
2803 5565 3054 5620 hostibus
3083 5561 3358 5617 immerito
3387 5569 3445 5614 et
3481 5560 3568 5613 his

1986 5663 2079 5732 qui
2114 5673 2201 5716 tua
2233 5660 2426 5714 volunt
2460 5661 2677 5728 eripere
2723 5668 2935 5727 portam
2967 5654 3194 5726 aperis?
3239 5654 3357 5708 Non
3393 5652 3568 5710 enim,

1985 5758 2029 5810 si
2055 5759 2320 5808 adversus
2343 5753 2732 5807 Cbandrenum
2753 5752 2928 5805 solum
2952 5749 3232 5812 irasceris,
3256 5747 3392 5802 iram
3417 5746 3574 5802 solus

2067 5915 2179 5985 (l9)
2220 5914 2447 5969 Videtur
2477 5913 2564 5967 hic
2598 5911 2849 5967 nonnihil
2895 5910 3147 5978 periisse.
