4028 6440
477 424 578 487 ἷΰἹ

1699 421 2095 482 THEODULI
2142 422 2488 484 MONACHI

3625 420 3722 484 368

473 532 771 590 susunebit
803 550 816 586 :
863 532 960 587 sed
1000 531 1105 586 tela
1133 546 1253 602 qua:
1288 530 1553 586 adversus
1587 546 1714 586 eum
1768 532 2052 601 iaciuntur

2163 532 2233 585 Οὐ
2264 532 2392 601 γὰρ,
2436 532 2486 585 εί
2541 530 2677 601 πρὸς
2728 527 3042 601 Χανδρηνδν
3097 527 3260 600 μόνον
3295 530 3366 585 τὰ
3413 528 3512 601 τῆς
3562 532 3725 603 ὀργῆς

474 640 577 679 nos
606 638 824 694 quoque
850 632 994 677 certe
1045 623 1366 693 percutiunt
1400 662 1415 687 ,
1459 632 1513 676 et
1558 621 2047 692 quemadmodum,

473 718 631 785 lapso
658 710 915 778 Hectore,
955 730 1058 767 una
1088 714 1300 783 lapsum
1341 726 1424 767 est
1469 712 1651 780 Ilium,
1691 715 1817 783 quia
1858 713 2051 768 incon-

475 822 635 862 cussa
669 807 745 861 illi
790 806 1065 870 columna,
1106 813 1165 859 ut
1209 805 1287 859 ait
1319 804 1614 866 Pindarus.
1649 817 1791 866 erat,
1836 805 1929 869 ita,
1960 806 2052 859 illo

474 898 735 952 a-rumnis
795 896 1018 959 afﬂicto,
1068 902 1167 951 nos
1202 910 1230 948 a
1267 896 1546 951 cnntinuis
1573 895 1931 951 barbarorum
1966 895 2053 950 iu—

479 988 829 1045 rursionibus
857 987 1255 1044 labefactentur
1277 1002 1503 1044 necesse
1529 998 1631 1045 est.

550 1259 647 1313 llis
681 1273 811 1312 vero
859 1258 1112 1321 omissis,
1154 1258 1538 1314 Cliandrenum
1578 1272 1686 1311 non
1719 1271 1840 1311 esse
1878 1272 2055 1322 reum,

478 1353 603 1424 quis
627 1367 737 1427 non
769 1351 1112 1405 multimodis
1139 1350 1356 1415 videat,
1394 1349 1697 1420 pra'sertim
1722 1364 1789 1402 ex
1814 1363 1880 1402 eo
1910 1346 2057 1417 quod

478 1454 832 1500 accusatores
888 1443 965 1497 nil
1016 1443 1252 1498 solidum
1298 1441 1512 1512 possint
1559 1440 1790 1503 atl'erre,
1852 1455 1951 1495 nec
1993 1455 2060 1495 ex

478 1547 669 1608 aperto
714 1534 1029 1608 vituperare
1080 1535 1268 1601 velint;
1315 1534 1470 1589 illum
1526 1544 1709 1589 autem
1760 1533 2059 1587 multorum

476 1646 538 1683 ac
568 1629 932 1683 maximorum
968 1606 1241 1682 bonorum
1284 1636 1566 1681 auctorem
1607 1626 1768 1681 nobis
1806 1626 1975 1681 fuisse
2004 1634 2063 1680 et

485 1721 735 1775 futurum
761 1760 775 1787 ,
817 1718 940 1788 quis
974 1719 1047 1772 ita
1082 1717 1261 1772 audax
1305 1726 1361 1773 et
1412 1726 1602 1787 aperte
1650 1717 1925 1771 contraria
1971 1702 2091 1771 sa?

475 1812 653 1882 piens,
687 1820 748 1863 ut
786 1824 918 1876 non,
951 1822 1074 1863 meo
1099 1798 1333 1880 judicio,
1377 1807 1484 1862 alte
1514 1806 1888 1863 vociferetur?

2156 623 2275 678 ἐστι
2312 626 2415 690 σοι,
2456 623 2549 677 καὶ
2582 622 2788 692 ταύτης
2835 621 3214 677 ἀπολαύσεται
3265 622 3462 692 μόνος*
3493 622 3625 678 ἀλλὰ
3665 624 3730 678 τὰ

2159 717 2294 786 προς
2335 715 2522 769 τοῦτον
2556 714 2824 785 δήπουθεν
2855 714 2986 786 βέλη
3018 714 3113 768 καὶ
3140 713 3299 785 ήμῶν
3329 714 3557 768 ἅπτεται
3594 715 3726 770 πάν-

2156 827 2285 875 των,
2336 810 2433 861 καὶ
2489 807 2582 861 τὸν
2631 808 2795 863 αὐτὸν
2851 807 2920 862 ἂν
2975 807 3180 877 τρόπον
3228 806 3420 877 ὥσπερ
3474 808 3731 878 Ἕκτορος

2159 903 2515 964 πεπτωκότος
2563 898 2979 954 συνεπεπτώκει
3041 900 3101 954 τὺ
3133 899 3323 963 Ἴλιον,
3356 899 3413 964 δς
3460 900 3729 972 ἀστραϐὴς

2158 994 2335 1063 τούτῳ
2379 993 2536 1057 κίων,
2588 992 2733 1046 κατὰ
2786 992 3056 1064 Πίνδαρον
3102 993 3241 1063 (20),
3284 988 3375 1065 ἦν,
3433 993 3574 1047 οὓτω
3622 995 3732 1060 καὶ,

2159 1083 2310 1136 τοῦδε
2343 1084 2625 1154 δυστυχῶς
2668 1084 3023 1151 πεπονθότος,
3061 1086 3278 1157 ἀνάγκη
3333 1086 3433 1140 καὶ
3460 1088 3602 1157 ἡμᾶς
3629 1087 3732 1141 διε-

2160 1176 2400 1246 φθάρθαι
2429 1177 2679 1246 συνεχέσι
2710 1177 2820 1231 τῶν
2847 1178 3146 1248 βαρϐάρων
3180 1178 3526 1247 ἐπιδρομαῖς.

2236 1269 2419 1338 Χωρὶς
2453 1268 2510 1322 δὲ
2535 1267 2767 1334 τούτων,
2800 1269 2877 1331 ὡς
2924 1273 3027 1337 μὲν
3056 1270 3157 1322 οὐκ
3197 1267 3454 1339 ἠδίκηκε,
3496 1268 3735 1339 Χανδρη-

2161 1363 2248 1416 νδν
2292 1360 2628 1431 πολλαχόθεν
2679 1362 2747 1416 ἄν
2792 1378 2875 1426 τις
2912 1364 3143 1428 κατίδοι,
3174 1362 3275 1431 οὐχ
3328 1361 3534 1433 ἥκιστα
3575 1361 3630 1415 δὲ
3676 1362 3738 1413 ὲκ

2160 1454 2252 1509 τοῦ
2287 1450 2413 1518 τοὺς
2447 1454 2842 1521 ἐγκαλοῦντας,
2873 1453 3030 1524 παρὰ
3062 1455 3123 1508 τὸ
3155 1453 3292 1523 μηδὲ
3331 1453 3479 1524 ἔχειν
3525 1453 3739 1524 ἰσχυρὸν

2162 1548 2361 1612 εἰπεῖν,
2413 1546 2525 1599 οὐδ’
2570 1547 2651 1608 είς
2677 1545 2990 1615 τούμφανὲς
3053 1545 3367 1615 ἐξελέγχειν
3421 1544 3739 1614 βούλεσθαι’

2164 1639 2239 1702 ὡς
2266 1639 2323 1692 δὲ
2356 1636 2571 1690 πολλῶν
2597 1636 2693 1690 καὶ⁵
2725 1636 2982 1705 μεγάλων
3018 1635 3192 1698 αἴτιος
3222 1637 3357 1706 ἡμῖν
3394 1634 3620 1706 ἀγαθῶν
3650 1635 3740 1688 καὶ

2165 1733 2355 1800 γέγονε
2387 1730 2486 1784 καὶ⁸
2509 1730 2828 1800 γενήσεται,
2860 1728 2944 1792 τίς
2970 1727 3116 1783 οὕτω
3140 1728 3375 1793 θρασὺς,
3404 1729 3505 1793 καὶ
3547 1728 3742 1782 τάναν-

2166 1824 2255 1877 τία
2313 1822 2567 1892 φανερῶς
2620 1821 2869 1890 φρονῶν,
2912 1806 2973 1884 ὃς
3028 1821 3132 1876 οὐκ
3191 1821 3293 1887 ἂν,
3345 1815 3542 1891 οἶμαι,
3602 1818 3740 1892 μέγα

2084 1880 2132 1941 Β
2162 1917 2258 1988 βοή
2268 1880 2358 1971 σαι
2385 1936 2401 1983 ;

547 1991 654 2047 Sed
704 2000 846 2057 esto,
886 2005 1029 2061 pone
1066 1988 1219 2045 illum
1256 2003 1379 2060 quae
1410 2003 1519 2043 non
1555 1996 1776 2059 oportet
1834 1986 2055 2056 adiisse,

471 2097 528 2141 et
550 2084 781 2140 audacia
810 2099 968 2137 usum
999 2097 1140 2144 esse,
1167 2091 1224 2137 et
1249 2097 1359 2136 non
1391 2080 1535 2135 sicut
1580 2079 1804 2135 volebas
1846 2079 2059 2137 delibe-

472 2190 665 2229 rasse:
699 2182 886 2226 utrum
917 2186 1047 2241 ergo
1072 2170 1140 2227 de
1174 2171 1257 2224 bis
1281 2169 1605 2239 loquemur,
1640 2183 1761 2237 quae
1800 2166 1967 2220 semel
2002 2173 2059 2221 et

472 2269 529 2322 in
575 2264 816 2337 quodam
861 2273 1108 2333 tempore
1153 2261 1304 2317 illum
1341 2260 1539 2315 fecisse
1577 2267 1826 2329 apparet,
1873 2272 1943 2311 an
1989 2258 2057 2314 de

473 2359 801 2414 strenuilate
850 2356 906 2409 in
966 2353 1225 2409 omnibus
1270 2360 1328 2407 et
1379 2352 1449 2406 de
1509 2351 1797 2405 laboribus
1845 2350 2057 2406 virtute

474 2451 655 2522 plenis
677 2490 692 2515 ,
730 2460 787 2504 et
816 2448 963 2519 quod
997 2455 1164 2503 testes
1206 2455 1485 2517 gestorum
1518 2444 1720 2498 habeat
1748 2442 1969 2499 Graecos
1999 2452 2057 2499 et

475 2543 780 2601 barbaros?
813 2542 1007 2598 Utrum
1040 2539 1296 2595 omnibus
1352 2554 1449 2608 per
1484 2536 1597 2591 haec
1630 2536 1780 2590 utilis
1806 2546 1892 2591 est
1913 2577 1928 2602 ,
1961 2552 2053 2604 an,

473 2639 519 2692 si
555 2639 696 2691 forte
727 2635 914 2706 lapsus
948 2634 1040 2699 sit,
1076 2632 1243 2689 vilis?
1279 2630 1343 2685 Et
1372 2630 1517 2701 quod
1548 2630 1712 2685 semel
1739 2628 1940 2683 factum
1972 2637 2056 2684 est

476 2729 739 2792 solidum,
767 2744 889 2798 qua:
911 2736 1093 2781 autem
1121 2741 1216 2795 per
1235 2733 1341 2780 tam
1364 2723 1589 2794 longum
1636 2732 1856 2793 tempus
1904 2732 2051 2793 gesta

474 2831 605 2877 sunt
625 2818 762 2874 nihil
785 2835 906 2875 esse
927 2814 1353 2872 arbitrabimur?
1379 2815 1446 2869 Et
1473 2831 1575 2869 non
1595 2830 1661 2869 ex
1704 2814 1898 2884 primis
1918 2813 2055 2868 actis

474 2922 533 2966 et
562 2924 685 2980 quae
727 2909 783 2963 in
832 2907 929 2962 illo
959 2920 1152 2960 omnes
1191 2915 1569 2975 cognoverant
1616 2902 1872 2973 suil‘ragia
1906 2901 2055 2956 fere-

475 3019 601 3058 mus
626 3042 641 3071 ,
684 3001 779 3056 sed
811 3017 874 3056 ex
910 3000 1120 3054 ultimis
1158 3008 1214 3053 et
1247 3013 1367 3068 qua:
1401 3012 1563 3052 nemo
1594 2997 1841 3050 omnium
1879 2995 2051 3058 novit,

474 3095 581 3150 nisi
627 3094 719 3149 isti
780 3089 1215 3155 sceleratissimi,
1250 3090 1344 3156 qui
1374 3088 1526 3142 illum
1557 3102 1624 3143 ex
1663 3086 1873 3141 occulto
1906 3085 2054 3140 inse-

2245 2010 2387 2063 Ἀλλ’
2423 2007 2586 2077 ἔστω,
2619 2006 2853 2062 δεδόσθω
2901 2005 3095 2062 τοῦτον
3141 2005 3227 2076 ἐφ’
3256 2005 3294 2060 ἃ
3323 2006 3402 2077 μὴ
3431 2004 3515 2059 δεῖ
3546 2002 3739 2075 προελ-

2161 2102 2296 2167 Θεῖν,
2331 2104 2425 2156 καὶ
2457 2100 2767 2173 χρήσασθαι
2799 2100 3011 2171 θράσει,
3041 2097 3140 2153 καὶ
3186 2098 3263 2169 μὴ
3296 2097 3424 2152 καθ’
3467 2097 3635 2153 αὑτὸν
3663 2095 3746 2167 βε-

2161 2195 2483 2268 βουλεῦσθαι
2512 2211 2528 2227 ο
2561 2195 2793 2263 πότερον
2818 2187 2915 2247 οὖν
2945 2192 3025 2254 εἰς
3055 2191 3214 2258 λόγον
3261 2189 3424 2244 ταῦθ’
3459 2188 3678 2269 ἕξομεν,
3704 2187 3740 2244 ἃ

2159 2291 2253 2343 καὶ
2284 2290 2444 2358 μόνον
2484 2287 2578 2340 καὶ
2620 2286 2812 2356 χρόνον
2843 2285 2948 2339 τιν’
2981 2283 3133 2353 αύτῷ
3165 2282 3369 2353 συνέϐη
3398 2281 3741 2353 πεπρᾶχθαι,
3788 2289 3793 2294 ’

2159 2379 2191 2449 ἢ
2224 2378 2320 2450 τὴν
2346 2378 2434 2432 διὰ
2465 2377 2666 2438 παντὸς
2691 2372 2955 2445 εὐψυχίαν
2981 2372 3072 2426 τοῦ
3104 2372 3222 2443 βίου
3260 2372 3357 2427 καὶ
3380 2373 3509 2434 τοὺς
3546 2369 3745 2441 ἀρετῆς

2158 2470 2433 2540 γέμοντας
2485 2466 2707 2529 πόνους,
2742 2466 2837 2519 καὶ
2866 2466 2927 2516 τὸ
2966 2465 3257 2534 μάρτυρας
3298 2462 3484 2534 ἴσχειν
3522 2462 3632 2516 τῶν
3666 2461 3752 2533 ιρ-

2158 2579 2271 2632 γων
2323 2561 2419 2616 καὶ
2469 2559 2738 2629 Ἕλληνας
2788 2557 2884 2610 καὶ
2939 2555 3296 2626 βαρϐάρους;
3359 2557 3463 2610 καὶ
3522 2555 3751 2626 πότερον

2159 2657 2333 2710 ἅπασι
2371 2652 2607 2724 χρηστὸς
2656 2649 2725 2703 δι’
2760 2651 2967 2714 ἐκεῖνα,
3016 2648 3072 2717 ἢ,
3114 2649 3171 2702 εἴ
3186 2648 3238 2701 τί
3282 2664 3396 2702 που
3445 2649 3545 2702 καὶ
3586 2662 3754 2719 προσ-

2158 2750 2406 2810 έπταισε,
2473 2744 2719 2813 φαῦλος;
2780 2743 2876 2796 καὶ
2929 2739 2991 2792 τὸ
3039 2740 3140 2810 μὲν
3185 2741 3268 2802 εἰς
3324 2739 3488 2807 ἆπαξ
3532 2738 3755 2809 γεγονὸς

2161 2841 2401 2911 ἰσχυρὸν,
2437 2838 2507 2891 τὰ
2553 2837 2602 2889 δ’
2654 2838 2736 2898 είς
2784 2833 3038 2887 τοσοῦτον
3085 2831 3181 2886 καὶ
3225 2831 3367 2885 ὄντα
3410 2828 3754 2901 γεγενημένα

2158 2927 2250 2981 τού
2294 2927 2489 2997 χρόνου
2517 2925 2820 2992 πράγματα
2876 2922 3030 2976 οὐδὲν
3095 2920 3446 2991 νομιοῦμενς
3508 2923 3605 2975 καὶ
3663 2921 3759 2980 τὰς

2156 3019 2372 3089 ψήφους
2402 3018 2503 3070 οὐκ
2528 3021 2596 3070 ὲκ
2625 3015 2734 3069 τῶν
2768 3015 3054 3086 προτέρων
3098 3014 3195 3068 καὶ
3223 3006 3299 3073 ὧν
3357 3014 3516 3086 αὐτῷ
3562 3013 3759 3073 πάντες

2162 3111 2407 3175 ξυνίσασι
2463 3111 2726 3180 θήσομεν,
2780 3107 2897 3161 ἀλλ’
2952 3111 3017 3159 ἐκ
3062 3106 3171 3160 τῶν
3241 3107 3512 3180 ὑστέρων
3554 3106 3650 3161 καὶ
3692 3097 3764 3159 ὧν

472 3183 763 3257 quuntur‘l
787 3182 956 3238 Nemo
993 3195 1223 3252 prorsus
1255 3193 1323 3235 ex
1368 3178 1435 3232 iis
1473 3177 1568 3247 qui
1608 3175 1791 3233 sciunt
1843 3175 2056 3229 ratione

2163 3202 2332 3264 οὐδεὶς
2369 3200 2510 3267 ἔγνω
2557 3200 2666 3253 τῶν
2708 3199 2952 3263 πάντων,
2998 3198 3141 3269 πλὴν
3200 3198 3308 3252 τῶν
3381 3202 3606 3254 κάκιστ’
3634 3201 3769 3253 tino-

474 3279 555 3334 uti
592 3281 709 3334 haec
742 3276 974 3333 diceret.

542 3551 656 3622 Ego
699 3548 888 3620 igitur,
932 3541 1149 3601 etiamsi
1189 3538 1489 3610 deliquisse
1528 3544 1585 3592 et
1632 3534 1776 3589 male
1802 3546 2056 3603 quocun-

470 3659 582 3716 que
627 3643 794 3698 modo
827 3638 1184 3697 succubuisse
1219 3650 1345 3690 eum
1378 3634 1567 3698 sciam,
1598 3644 1711 3684 non
1750 3628 1874 3683 ideo
1904 3641 2055 3683 eom-

472 3738 753 3793 mitterem
781 3742 843 3790 ut
878 3748 989 3787 non
1009 3731 1180 3786 mirer
1204 3725 1473 3800 quidquid
1504 3723 1634 3779 boni
1665 3722 1808 3778 inest
1839 3721 1978 3787 viro,
2000 3725 2057 3774 et

472 3828 669 3885 merita
700 3824 1078 3882 obliviscerer.
1114 3821 1228 3876 Nec
1265 3820 1437 3884 enim,
1472 3832 1574 3870 nec
1598 3815 1765 3871 solem
1801 3809 2057 3882 turpissi-

472 3938 625 3979 mum
645 3934 767 3976 esse
789 3919 1121 3981 dicewmus,
1143 3914 1269 3984 quia
1293 3915 1469 3967 nubes
1490 3910 1735 3980 quaedam
1761 3905 2059 3976 aliquando

475 4015 636 4070 illum
674 4011 957 4065 oﬂ‘uscant
980 4047 994 4073 ,
1031 4007 1127 4062 sed
1159 4021 1225 4060 ex
1261 4013 1457 4057 natura
1507 4015 1638 4055 sane
1680 4014 1806 4054 eum
1839 3997 2056 4068 judica-

473 4107 689 4167 bimus,
721 4112 779 4158 et
814 4101 1053 4173 primum
1084 4098 1230 4153 inter
1261 4096 1447 4150 stellas
1475 4093 1656 4147 locum
1689 4091 1740 4145 ei
1779 4088 2058 4144 dabimus.

432 4196 535 4253 ἐἰ
583 4204 769 4250 autem
823 4204 1043 4260 semper
1104 4189 1160 4242 in
1209 4184 1558 4251 hominibus,
1611 4196 1676 4237 ex
1731 4180 1992 4250 Euripide
2043 4199 2056 4233 :

651 4419 941 4475 Perversus
972 4416 1104 4472 nihil
1137 4413 1287 4468 aliud
1315 4422 1389 4467 est
1415 4412 1516 4466 nisi
1544 4411 1736 4478 malus,

646 4492 824 4546 Bonus
855 4504 1032 4543 autem
1064 4488 1248 4550 bonus,
1282 4500 1374 4537 nec
1402 4500 1528 4537 casu

647 4561 914 4615 Naturam
944 4557 1201 4629 corrupit,
1235 4558 1326 4610 sed
1349 4557 1578 4625 optimus
1601 4564 1676 4608 est
1708 4568 1939 4624 semper,

477 4692 586 4731 non
618 4675 786 4745 igitur
810 4673 1199 4737 Clmndrcnns,
1227 4671 1319 4741 qui
1345 4670 1413 4725 ab
1451 4669 1627 4725 initio.
1648 4669 1892 4738 optimus
1928 4667 2055 4735 fuit,

478 4782 736 4827 naturam
793 4768 1145 4837 corruperit,
1198 4765 1292 4820 sed
1352 4765 1594 4832 optimus
1644 4772 1728 4815 est
1801 4777 2053 4831 semper,

473 4881 585 4919 non
641 4865 751 4934 jam
807 4875 1132 4931 pervorsus;
1198 4858 1341 4912 sicut
1400 4873 1429 4911 e
1478 4863 1709 4920 contra,
1767 4853 1812 4907 si
1873 4854 2053 4907 malus

476 4960 666 5019 fuerit,
698 4971 805 5009 non
843 4952 1083 5023 optimus
1117 4951 1411 5014 evasisset,
1438 4964 1586 5012 cum,
1623 4954 1682 4998 ut
1715 4945 1812 5010 ait,
1840 4943 2061 4999 Perver-

476 5067 567 5104 δας
606 5047 736 5103 nihil
767 5046 916 5100 aliud
950 5055 1025 5098 est
1059 5043 1157 5098 nisi
1191 5045 1401 5105 malus;
1452 5043 1524 5097 ita
1561 5028 1621 5093 ut
1648 5039 1694 5094 si
1728 5038 1925 5104 malus,
1952 5053 2063 5092 non

477 5148 683 5207 bonus,
726 5142 773 5197 si
803 5149 985 5194 autem
1032 5139 1296 5208 Optimam
1337 5144 1550 5206 partem
1586 5148 1780 5188 revera
1821 5133 2054 5186 sortitus

479 5242 571 5302 s;l,
619 5234 820 5290 malam
872 5246 985 5286 non
1026 5230 1251 5285 deberet
1290 5226 1555 5282 nancisci.
1587 5224 1693 5291 Qui
1743 5239 1873 5295 ergo
1899 5223 2057 5278 nobis

482 5329 629 5383 idem
655 5340 950 5398 perversus
973 5335 1029 5380 et
1057 5324 1298 5395 Optimus
1322 5320 1607 5386 videatur;
1638 5328 1695 5374 et
1729 5332 1877 5372 nunc
1901 5318 2055 5372 illum

482 5422 793 5486 laudemus,
822 5434 970 5473 nunc
1006 5433 1134 5474 vero
1166 5416 1579 5481 maledicamus,
1608 5430 1712 5470 nec
1735 5430 1835 5469 nos
1859 5412 2063 5483 pudeat

482 5532 608 5570 cum
663 5511 1080 5580 nobismetipsis
1125 5525 1401 5581 pugnare,
1445 5510 1736 5580 loquentes
1764 5509 1905 5563 sicut
1940 5510 2066 5560 Ab-

481 5608 673 5662 deritae
701 5616 755 5659 et
784 5601 1097 5658 Maronitae?

553 5814 664 5883 (‘20)
705 5813 926 5868 Pindar.
959 5811 1043 5865 Ol.
1085 5828 1142 5875 ιι,
1190 5810 1314 5864 HG.

555 5890 665 5953 (2i)
708 5886 896 5952 ιλιι-ιιι.
929 5883 1054 5937 Hec.
1090 5885 1215 5937 ϋυυ.

554 5952 665 6028 (23)
708 5956 914 6009 Forsan
942 5957 1144 6022 ἣκιστα
1173 5952 1262 6005 τοῦ
1296 5952 1517 6015 παντός.

2088 4605 2130 4660 Ι)

2158 3292 2436 3362 λουμένων
2478 3291 2730 3357 τουτωνὶ,
2765 3290 2862 3343 καὶ
2904 3288 3086 3343 αὐτῶν
3121 3288 3188 3343 ἐκ
3234 3291 3536 3361 τάφανοῦς
3580 3290 3763 3345 ἀπιόν-

2156 3400 2306 3450 των;
2342 3382 2449 3437 οὐδ’
2504 3382 2570 3435 ἂν
2621 3379 2703 3445 εἷς
2765 3380 2922 3436 ταῦτ’
2977 3381 3125 3435 εῐποι
3171 3380 3282 3435 τῶν
3341 3384 3572 3438 εἰδότων
3614 3382 3760 3452 λογί-

2157 3475 2374 3541 ζεσθαι.

2241 3570 2383 3640 Ἐγὼ
2414 3568 2513 3641 μὲν
2545 3563 2659 3634 οὖν,
2689 3569 2739 3622 εί
2773 3569 2868 3622 καὶ
2902 3568 2982 3640 τῷ
3020 3568 3135 3623 ὄντι
3174 3568 3458 3643 ἀδικήσας
3489 3570 3759 3642 ἐτύγχανε

2158 3663 2368 3720 καὶτοῦ
2388 3662 2568 3726 καλῶς
2592 3662 2810 3733 ἔχοντος
2829 3660 3135 3717 όποιωσοῦν
3156 3662 3433 3731 ὑφεικώς,
3460 3664 3765 3722 ούδόῠτως

2158 3763 2225 3818 ἂν
2251 3764 2493 3834 ἀπέσχον
2539 3759 2634 3816 τοῦ
2674 3759 2751 3831 μὴ
2795 3760 2856 3812 ού
2905 3758 3075 3811 π’ἄσιν
3107 3748 3191 3818 οἷς
3234 3751 3396 3827 εἶχον
3448 3753 3760 3825 θαυμάζειν

2158 3857 2250 3910 τὸν
2296 3858 2487 3927 ἄνδρα,
2520 3855 2617 3908 καὶ
2658 3851 2911 3906 τίθεσθαι
2940 3850 3011 3903 τὰ
3051 3846 3363 3917 γιγνόμενα
3391 3864 3407 3879 ⁸
3446 3848 3576 3903 ούδὲ
3632 3845 3761 3915 γὰρ,

2159 3949 2283 4003 οὐδὲ
2336 3950 2427 4003 τὸν
2468 3948 2621 4020 ἥλιον
2665 3944 2949 4014 αἴσχιστον
2984 3942 3227 4012 φαίημεν
3276 3940 3374 4009 ἂν,
3408 3942 3499 3996 ὅτι
3548 3939 3768 4009 νεφέλαι

2159 4039 2223 4108 δή
2269 4056 2415 4100 τινες
2463 4037 2575 4091 ἐσθ’
2629 4036 2709 4089 ὅτ’
2749 4034 2913 4087 αὐτὸν
2954 4031 3365 4102 περιίσχουσιν,
3402 4030 3526 4085 ἀλλ’
3563 4033 3631 4083 ὲκ
3671 4029 3771 4095 τῆς

2160 4132 2374 4201 φύσεως
2406 4130 2603 4202 ἀμέλει
2628 4127 2816 4183 τοῦτον
2843 4124 3163 4197 κρινοῦμεν,
3194 4123 3294 4177 καὶ
3331 4125 3450 4178 τῶν
3486 4123 3770 4193 Ὀλύμπου

2160 4225 2509 4292 πραγμάτων
2559 4219 2629 4273 τὰ
2680 4218 2872 4290 πρῶτα
2929 4216 3201 4285 δώσομεν.
3231 4213 3299 4269 Εἰ
3353 4215 3402 4268 δ’
3458 4214 3772 4287 ἀνθρώπως

2162 4317 2272 4381 ἀεὶ,
2304 4316 2423 4368 κατ’
2457 4313 2756 4383 Εὐριπίδην
2782 4311 2931 4382 (21),

2283 4428 2347 4479 '0
2372 4426 2490 4495 μὲν
2520 4425 2784 4494 πονηρὸς
2818 4424 3004 4480 οὐδὲν
3028 4424 3187 4479 ἄλλο
3212 4423 3396 4493 πλὴν
3425 4425 3656 4490 κακὸς,

2277 4498 2343 4550 '0
2385 4497 2437 4549 δ’
2483 4498 2708 4560 ἐσθλός
2736 4498 2979 4561 ἐσθλὸς.
3016 4495 3160 4550 οὐδὲ
3181 4495 3524 4565 συμφορᾶς
3548 4496 3676 4550 ὒπο

2272 4570 2467 4622 Φύσιν
2495 4566 2852 4635 διέφθειρεν,
2885 4567 3047 4620 ἀλλὰ
3077 4570 3359 4634 χρηστός
3385 4569 3524 4621 ἐστ’
3551 4566 3672 4630 ἀεὶ,

2158 4684 2257 4737 οὐκ
2287 4684 2396 4753 ἄρα
2434 4682 2762 4752 Χανδρηνδς,
2805 4680 3044 4752 χρηστός
3070 4696 3133 4749 γε
3167 4676 3242 4732 ὢν
3274 4682 3338 4747 ἐξ
3372 4680 3591 4752 ἀρχῆς,
3615 4680 3779 4751 φύσιν

2161 4778 2227 4833 ἂν
2257 4779 2342 4847 εἴη
2374 4775 2748 4847 διεφθαρκὼς,
2785 4774 2926 4829 ἀλλὰ
2953 4784 3194 4846 χρηστὸς
3233 4774 3340 4843 μέν
3391 4778 3515 4830 ἐστ’
3542 4777 3659 4844 ἀεὶ,
3687 4792 3785 4828 που

2163 4871 2329 4941 νηρὸς
2368 4870 2425 4922 δὲ
2450 4870 2551 4923 οὐκ
2586 4869 2667 4922 ἔτι
2694 4888 2710 4902 ο
2753 4867 2944 4939 ὥσπερ
2978 4868 3045 4923 αὖ
3067 4867 3419 4936 τούναντίον,
3442 4871 3499 4923 εἰ
3537 4868 3783 4939 πονηρὸς

2165 4962 2465 5031 ἐτύγχανεν
2517 4958 2614 5027 ὣν,
2645 4960 2745 5013 οὐκ
2797 4959 2864 5013 ἂν
2919 4957 3158 5030 χρηστὰς
3215 4958 3506 5027 ἐγεγόνει,
3562 4957 3783 5024 ἐπειδὴ,

2172 5054 2358 5123 φησιν,
2400 5073 2416 5103 ι
2448 5053 2476 5105 ὁ
2508 5053 2742 5120 πονηρὸς
2774 5051 2926 5103 οὐδὲν
2954 5049 3084 5104 ἄλλο
3114 5049 3253 5119 πλὴν
3282 5053 3508 5114 κακός·
3552 5071 3574 5104 ι
3624 5048 3781 5112 ὥστ’,

2168 5147 2215 5196 εἰ
2276 5144 2374 5211 μὲν
2425 5142 2682 5212 πονηρὸς,
2711 5141 2773 5193 οὐ
2832 5140 3093 5210 χρηστὸς,
3147 5141 3197 5193 εί
3247 5137 3308 5190 δὲ
3346 5140 3456 5210 τῆς
3486 5141 3788 5211 βελτίστης

2172 5235 2385 5305 μερίδος
2413 5234 2488 5297 ὡς
2524 5232 2764 5303 ἀιηθῶς,
2796 5232 2890 5285 τοῦ
2923 5230 3125 5294 παντὸς
3154 5230 3269 5302 (22)
3320 5231 3441 5287 ἔδει
3483 5234 3782 5304 γεγονέναι

2167 5329 2267 5398 τῆς
2304 5327 2541 5396 φαύλης.
2561 5327 2685 5390 Πῶς
2715 5320 2810 5379 οὖν
2835 5326 2863 5379 ό
2897 5323 3061 5388 αὐτὸς
3093 5325 3226 5395 ἡμῖν
3257 5327 3364 5377 καὶ
3401 5328 3659 5399 πονηρὸς
3692 5327 3785 5380 καὶ

2166 5420 2427 5491 χρηστὸς,
2466 5421 2562 5473 καὶ
2624 5417 2721 5472 νῦν
2771 5419 2871 5488 μὲν
2925 5416 3091 5470 αὑτὸν
3149 5415 3539 5488 ἐπαινοῦμεν,
3579 5419 3681 5474 νῦν
3730 5419 3788 5472 δὲ

2169 5514 2491 5580 κακίζομεν,
2524 5512 2619 5565 καὶ
2648 5513 2751 5565 οὐκ
2787 5510 3139 5581 αίσχυνόμεθ’
3177 5510 3376 5572 αὐτοῖς
3424 5514 3571 5583 ἡμῖν
3629 5529 3790 5581 περι-

2167 5608 2485 5673 πίπτοντες,
2505 5606 2697 5677 ὥσπερ
2720 5608 2777 5660 ἐν
2801 5606 3144 5673 Ἀεδηρίταις
3166 5603 3198 5673 ῆ
3228 5602 3650 5675 Μαρωνείταις
3672 5605 3789 5676 (25)

2168 5700 2291 5760 τοὺς
2318 5697 2514 5767 λόγους
2549 5699 2867 5769 ποιούμενοι
2887 5716 2901 5764 ;

2171 5884 2204 5938 b
2242 5815 2353 5939 (9‘3)
2394 5816 2670 5871 Abderita:
2708 5827 2761 5872 et
2797 5816 3076 5872 Maronitis
3109 5810 3298 5872 stolidi
3335 5829 3405 5870 ac
3432 5814 3581 5871 fatui
3618 5815 3795 5875 babe-

2210 5900 2275 5939 an
2308 5901 2391 5939 ur.

2210 5900 2391 5939 antur.
