4028 6442
281 472 371 531 ἓϋυ
1392 464 1676 526 ORATIO
1718 463 1866 525 PRO
1907 462 2399 527 CllANDRENO.

339 579 537 632 Σκόπει
564 577 620 631 δὲ
656 577 882 632 κάκεῖνα
908 615 924 642 ,
951 571 994 632 ὦ
1031 574 1274 648 βασιλεῦ.
1333 575 1394 628 El
1420 576 1519 645 μὲν
1551 574 1835 644 βδελυρίας
1866 583 1906 632 Α

269 673 425 725 πάλαι
458 671 634 739 τούτῳ
665 672 915 740 προσῆκε
946 674 1047 727 καὶ
1076 670 1168 724 τοῦ
1198 670 1572 739 πονηροτάτου
1615 670 1832 736 κόμμα-

268 781 350 825 τος
381 761 663 830 ἄνθρωπος
690 757 779 832 ἦν,
811 762 912 831 οὐχ
945 761 980 816 ἃ
1002 760 1098 815 νῦν
1129 761 1446 830 ἐγκαλεῖται
1481 760 1666 828 μόνον,
1695 758 1833 812 ἀλλὰ

269 856 353 906 aut
378 852 522 907 πόλλ’
560 852 725 924 ἕτερα
755 852 889 925 πρὸς
915 852 1131 915 τούτοις
1162 851 1429 922 πρότερον
1457 851 1721 920 εἴργαστο
1744 850 1829 903 ἄν·

271 948 316 999 εἰ
342 946 393 998 δὲ
421 945 510 998 τὸν
538 945 626 999 ἀεὶ
671 943 865 1015 χρόνον
898 945 1134 1015 χρηστὸς
1181 946 1277 997 καὶ
1309 944 1581 1015 ἐπιεικὴς,
1616 943 1834 997 καὶτοῦ

274 1034 428 1090 καλοῦ
450 1037 543 1089 καὶ
564 1036 776 1090 δικαίου
803 1035 985 1103 λόγον,
1007 1036 1126 1088 εῖπε
1136 1052 1166 1105 ρ
1197 1051 1284 1099 τις
1307 1034 1636 1105 ἀνθρώπων,
1656 1034 1831 1104 ἔθετο,

271 1129 453 1181 οὔκουν
481 1128 593 1182 ἔστ’
623 1128 800 1192 οὐδεὶς
837 1128 900 1192 ὃς
935 1127 1149 1183 πώποτ’
1177 1127 1328 1198 αὐτῷ
1349 1129 1508 1199 δίκην
1540 1130 1836 1200 ἀναισχυν-

270 1220 377 1282 τίας
406 1218 633 1290 εἰλήχει,
668 1217 723 1270 τί
769 1218 839 1272 τὰ
900 1217 977 1288 μὴ
1016 1218 1368 1290 προσήκοντα
1416 1222 1837 1291 κατηγοροῦμεν

274 1310 429 1365 αὐτοῦ
457 1311 553 1365 καὶ
582 1310 619 1365 ἃ
658 1310 823 1365 παντὶ
871 1311 1077 1381 μᾶλλον
1106 1312 1139 1382 ἢ
1174 1312 1351 1382 τούτῳ
1386 1313 1709 1385 γιγνόμενα,
1740 1313 1838 1368 καὶ

268 1401 358 1453 οὐκ
384 1401 755 1473 αἰσχυνόμεθα
803 1401 897 1455 τὸν
952 1402 1105 1473 ἥλιον
1158 1402 1397 1474 ἐσχάτης
1439 1404 1839 1473 ἀγνωμοσύνης

272 1493 578 1563 ποιούμενοι
610 1492 891 1564 μάρτυρα,
918 1492 1111 1564 ὥσπερ
1147 1494 1213 1548 ἂν
1253 1496 1302 1548 εξ
1328 1494 1424 1548 καὶ
1447 1495 1700 1563 Κέφαλον
1741 1498 1840 1550 καὶ

279 1584 687 1655 Ἀριστοφῶντα
752 1585 995 1657 πονηροῦ
1050 1603 1134 1651 τις
1164 1585 1349 1657 ἔκρινε
1410 1586 1528 1658 βίου
1563 1587 1698 1658 (24),
1758 1581 1840 1652 οἷς

269 1678 625 1749 χρηστότητος
653 1676 828 1742 οὔτως
857 1679 1153 1749 ἐμέλησεν,
1184 1680 1260 1742 ὡς
1288 1680 1387 1751 οὐχ
1409 1679 1558 1744 ὅπως
1583 1681 1839 1750 ἀλλήλοις

270 1769 631 1839 ἀμφισϐητεῖν
671 1770 899 1840 ἀρετῆς,
958 1771 1094 1827 ἀλλὰ
1133 1771 1226 1825 καὶ
1276 1762 1614 1842 παράδειγμ’
1642 1772 1840 1836 αὐτοὺς

268 1860 401 1916 εἶναι
423 1864 535 1928 τοῖς
561 1863 747 1926 ἄλλοις
770 1864 988 1934 τρόπων
1013 1865 1270 1936 χρηστῶν
1292 1880 1308 1930 ;

335 1975 407 2029 Οὐ
431 1976 611 2031 τοίνυν
639 1978 702 2030 τὸ
729 1976 1121 2046 διασεὸλῆσθαι
1146 1979 1312 2049 μόνον
1337 1980 1521 2047 αὐτὸς,
1549 1980 1708 2035 τοῦτο
1730 1982 1837 2034 δει-

267 2070 350 2123 νὸν
379 2070 640 2136 ἐπιεικῶς
666 2070 991 2145 Χανδρηνῷ,
1018 2071 1187 2140 μηδὲν
1216 2071 1459 2127 τοιοῦτον
1482 2074 1638 2142 παρὰ
1661 2075 1840 2127 πάντα

269 2161 551 2215 πεπονθότι
576 2161 667 2215 τὸν
703 2161 841 2232 βίον,
872 2161 1009 2217 ἀλλὰ
1037 2162 1131 2217 καὶ
1170 2163 1359 2233 πολλῷ
1386 2162 1578 2218 τούτου
1607 2165 1838 2217 δεινότε-

274 2271 354 2324 ρον
376 2255 438 2308 τὸ
463 2253 640 2307 πάντα
674 2254 775 2323 μὲν
811 2255 883 2308 τὰ
907 2254 1126 2324 βελτίω,
1163 2255 1406 2325 πονηρὸν
1443 2254 1489 2309 δ’
1515 2256 1670 2310 οὐδὲν
1691 2256 1841 2326 αὑτῴ

273 2344 568 2409 συνειδότα,
598 2345 699 2398 καὶ
721 2331 1011 2409 πλείστους
1048 2344 1148 2413 μὲν
1186 2345 1283 2397 ἐπὶ
1307 2347 1421 2410 τοῖς
1454 2345 1640 2415 ἔργοις
1672 2364 1842 2414 προσ-

266 2435 503 2487 δοκῶντα
547 2437 876 2504 στεφάνους,
914 2436 1127 2500 πάντας
1171 2435 1240 2503 δ’,
1282 2438 1358 2499 ὡς
1393 2440 1595 2499 εἰπεῖν,
1629 2438 1844 2506 θαυμα-

269 2525 394 2589 στὰς
424 2525 642 2596 ἔχοντα,
683 2526 859 2579 ἔπειτ’
890 2528 991 2596 οὐχ
1030 2526 1181 2591 ὅπως
1233 2528 1476 2584 τοιοῦτον
1520 2530 1675 2584 οὐδὲν
1705 2531 1842 2583 ὑπο-

268 2621 476 2687 στῆναι,
513 2618 653 2673 ἀλλὰ
708 2622 804 2672 καὶ
828 2619 1036 2673 τοιαῦτ’
1083 2621 1482 2689 ἐγκεκλῆσθαι,
1509 2622 1546 2676 ἃ.
1574 2624 1843 2691 ποταμῶν

265 2713 371 2764 ἂνω
400 2710 513 2780 (‘25)
547 2712 645 2764 καὶ
680 2711 783 2780 τῆς
811 2711 981 2766 αὑτοῦ
1017 2711 1259 2778 φύσεως.
1294 2712 1416 2777 Πῶς
1442 2714 1559 2783 ,γὰρ
1582 2715 1685 2768 οὐκ
1714 2716 1841 2769 ἆτο-

268 2821 363 2856 πον
387 2806 481 2855 καὶ
507 2805 807 2885 ὑπερφυὲς,
832 2806 884 2858 εί
902 2807 1213 2877 πραότητος
1243 2807 1344 2877 μὲν
1366 2809 1460 2861 καὶ
1487 2807 1841 2876 δικαιοσύνης

266 2899 359 2950 καὶ
386 2898 625 2964 πάντων,
655 2899 731 2961 ὡς
774 2901 978 2965 εἰπεῖν,
1011 2900 1121 2953 τῶν
1148 2900 1456 2954 καλλίστων
1497 2901 1585 2970 ἐφ’
1609 2900 1754 2954 οὕτω
1786 2918 1841 2956 τι

270 2991 431 3055 ἣλων,
461 2991 535 3053 ὡς
555 2990 806 3067 ἐντεῦθεν
832 2991 1204 3063 γνωρίζεσθαι
1232 2994 1329 3047 καὶ
1356 2992 1510 3048 ταῦτ’
1534 2988 1676 3047 εἶναι
1705 2994 1842 3063 μᾶλ-

270 3086 356 3132 λον
387 3080 661 3159 πρόσρημ’
692 3082 864 3154 αὐτῷ,
891 3085 1001 3139 τῶν
1034 3084 1077 3139 δ’
1106 3084 1366 3139 ἐναντίων
1402 3086 1477 3157 μὴ
1504 3085 1588 3139 ὅτι
1618 3089 1837 3156 πεῖραν.

270 3174 523 3235 ἀλλὰκαὶ
546 3175 784 3245 τοΰνομα
809 3176 1202 3249 δυσχεραίνων,
1235 3177 1334 3244 ὅδ’,
1395 3179 1497 3233 οὐκ
1535 3174 1631 3233 οἷδ’
1666 3181 1837 3244 ὅπως,

3418 462 3522 526 370

2010 571 2136 626 lla-c
2185 574 2352 628 etiam
2415 572 2737 634 considera,
2789 585 2820 625 ο
2865 571 3198 642 imperator,
3245 574 3294 631 si
3339 591 3528 631 revera

1936 663 2159 733 ﬂagitiis
2201 665 2525 736 jamdudum
2560 666 2803 723 dcditus‘
2835 665 2939 722 iste
2982 675 3037 721 et
3091 667 3344 736 pessimae
3382 678 3529 723 nota:

1935 767 2078 813 esset
2109 757 2295 820 boatu,
2330 774 2438 813 non
2475 768 2687 815 tantum
2711 760 2780 813 de
2818 759 3021 829 quibus
3040 775 3188 815 nunc
3217 772 3527 825 accusatur,

1937 848 2032 905 sed
2082 851 2251 905 multa
2307 850 2411 905 alia
2461 860 2658 920 praeter
2704 850 2822 906 hate
2854 859 3014 909 antea
3060 852 3528 922 perpetravisset;

1936 942 1983 996 si
2042 949 2225 995 autem
2278 943 2347 996 ab
2399 943 2548 997 omni
2608 952 2858 1011 tempore
2917 944 3161 1014 Optimus
3215 953 3270 999 et
3320 943 3530 1011 probus

1937 1040 2045 1095 est,
2089 1040 2147 1086 et
2187 1029 2316 1086 boni
2358 1040 2416 1085 et
2471 1033 2651 1101 aequi,
2708 1042 2767 1087 ut
2812 1048 2977 1088 nemo
3013 1034 3208 1104 magis,
3251 1035 3523 1088 rationem

1936 1121 2152 1187 habuit,
2175 1131 2233 1174 et
2275 1132 2568 1192 propterea
2605 1139 2767 1180 nemo
2795 1124 3098 1193 aliquando
3142 1141 3270 1180 eum
3306 1134 3529 1194 protero

1939 1218 2121 1274 vitatis
2175 1214 2490 1279 accusavit,
2529 1230 2630 1271 cur
2668 1215 2719 1269 ei
2781 1214 3183 1284 exprobramus
3242 1230 3365 1284 qua:
3421 1230 3529 1268 non

1939 1312 2137 1368 decent
2170 1320 2226 1367 et
2272 1325 2393 1381 qua:
2430 1308 2524 1363 alii
2569 1307 2741 1377 magis
2776 1322 2943 1377 quam
2989 1307 3038 1361 ei
3071 1306 3431 1369 conveniunt,
3471 1315 3531 1360 et

1940 1419 2051 1458 non
2080 1401 2471 1456 erubescimus
2503 1398 2676 1452 solem
2722 1398 2932 1451 ultima:
2984 1397 3301 1452 atrocitatis
3348 1396 3530 1451 facere

1941 1506 2177 1561 testem,
2226 1493 2394 1548 veluti
2432 1492 2476 1547 si
2514 1490 2640 1561 quis
2688 1490 2993 1559 Cephalum
3037 1495 3093 1544 et
3136 1488 3534 1559 Aristophonta

1940 1595 2227 1643 accusaret
2254 1599 2571 1655 perversam
2606 1581 2868 1638 habuisse
2917 1582 3110 1647 vitam,
3140 1580 3345 1650 quibus
3381 1589 3533 1636 tanta

1940 1680 2192 1751 probitas
2230 1678 2434 1741 iuerat,
2468 1685 2526 1729 ut
2567 1691 2676 1733 non
2711 1683 2921 1733 tantum
2963 1674 3108 1729 inter
3135 1689 3195 1731 se
3224 1673 3294 1729 de
3328 1674 3533 1730 virtute

1943 1782 2242 1833 certarent,
2276 1770 2372 1825 sed
2403 1768 2572 1824 etiam
2603 1767 2717 1822 sint
2746 1766 2869 1823 aliis
2902 1765 3291 1823 excellentium
3316 1782 3533 1822 morum

1944 1862 2263 1931 exetnplari

2010 1974 2132 2032 Non
2188 1985 2398 2030 tantum
2450 1990 2582 2047 ergo
2632 1991 2755 2031 sese
2808 1974 3057 2031 accusari
3109 1973 3533 2030 acerbissimum

1943 2070 2160 2125 videtur
2180 2067 2534 2132 Cbandreno,
2571 2068 2664 2138 qui
2696 2068 2769 2122 uil
2798 2069 2905 2123 tale
2936 2068 2993 2122 in
3020 2067 3173 2122 omni
3202 2068 3309 2122 vita
3339 2081 3537 2136 passus

1942 2173 2047 2225 est,
2084 2165 2182 2218 sed
2223 2165 2390 2217 etiam
2438 2162 2570 2215 illud
2623 2160 2796 2215 multo
2845 2160 3102 2215 acerbius
3156 2159 3341 2230 quod,
3406 2173 3534 2214 cum

1942 2256 2338 2312 excellentium
2376 2268 2631 2323 qumque,
2666 2254 2740 2306 nil
2783 2267 2916 2307 vero
2950 2252 3150 2306 malum
3193 2252 3303 2307 sibi
3353 2252 3537 2306 inesse

1944 2349 2201 2402 conscius
2231 2346 2324 2411 sit,
2343 2354 2400 2400 et
2420 2344 2619 2398 multas
2637 2342 2708 2397 ob
2726 2341 2866 2396 bene
2896 2351 3048 2409 gesta
3067 2350 3351 2412 exspectet
3377 2353 3539 2395 coro-

1943 2451 2062 2501 nas,
2090 2453 2284 2491 omnes
2303 2451 2361 2490 ut
2384 2436 2457 2489 ita
2488 2434 2692 2499 dicam,
2710 2432 3074 2487 admiratores
3095 2431 3314 2497 habeat,
3334 2431 3536 2487 deinde

1943 2545 2051 2584 non
2073 2530 2236 2584 modo
2268 2529 2374 2585 tale
2406 2528 2511 2585 sibi
2547 2527 2848 2597 quidquam
2884 2526 3127 2592 aliaet-it,
3160 2525 3257 2580 sed
3282 2526 3450 2581 etiam
3470 2525 3539 2581 de
3600 2546 3611 2553 ε

1943 2621 2030 2678 bis
2079 2634 2367 2678 accusetur
2414 2638 2537 2691 qua:
2575 2620 2866 2674 ﬂuminum
2910 2632 3133 2675 sursum
3168 2633 3361 2674 versus
3404 2627 3540 2675 sunt

1942 2727 1999 2772 et
2041 2716 2379 2788 huiusmodi.
2433 2715 2724 2782 Quomodo
2751 2730 2864 2769 non
2896 2713 3198 2769 absurdum
3230 2723 3316 2769 est
3336 2724 3393 2768 et
3416 2712 3539 2768 sin-

1942 2811 2156 2879 gulare.
2191 2810 2237 2864 si
2272 2810 2341 2863 ad
2379 2818 2589 2865 tantam
2620 2806 3108 2863 mansuetudinem
3136 2814 3194 2860 et
3222 2806 3539 2876 aequitatem

1942 2902 2251 2965 et'omuia,
2282 2914 2345 2957 ut
2378 2903 2455 2957 ita
2494 2902 2700 2969 dicam,
2748 2901 3128 2972 pulcherrima
3168 2899 3438 2968 ascendit,
3480 2907 3541 2954 ut

1944 2995 2074 3050 inde
2105 2998 2414 3050 innotescat
2454 3008 2512 3051 et
2544 2994 2632 3051 his
2674 2994 2912 3050 maxime
2954 2992 3291 3060 celebretur,
3320 3002 3381 3048 et
3418 3008 3541 3063 quas

1943 3086 2033 3142 his
2080 3088 2358 3142 contraria
2404 3097 2537 3141 sunt
2586 3101 2697 3140 non
2742 3085 2907 3151 modo
2957 3084 3177 3151 facere,
3226 3083 3325 3141 sed
3372 3085 3541 3140 etiam

1944 3179 2233 3234 nominare
2270 3178 2609 3241 abhorreat;
2638 3192 2792 3242 eum,
2824 3177 3016 3233 nescio
3039 3175 3342 3248 quomodo,
3369 3177 3542 3233 auda-
3635 3194 3642 3199 ·

270 3267 362 3329 καὶ
390 3263 620 3333 θράσους
679 3264 841 3336 εσχεν
894 3267 1100 3332 αιτίαν,
1142 3267 1238 3321 καὶ
1274 3268 1430 3331 ταῦτ’
1464 3270 1522 3324 ὲν
1572 3268 1708 3339 τῷδε
1739 3271 1839 3340 τῆς

1950 3274 2044 3329 ciae
2072 3274 2282 3328 crimen
2316 3276 2623 3341 suscipere,
2665 3281 2720 3327 et
2748 3271 3056 3341 praesertim
3087 3272 3145 3326 in
3181 3280 3331 3327 tanta
3352 3280 3541 3338 aetate,

271 3357 507 3426 ἡλικίας,
553 3358 643 3412 ὅτε
671 3358 792 3426 καὶ,
846 3357 902 3412 εί
927 3358 979 3413 τί
1029 3376 1134 3415 ¹ιεου
1171 3359 1427 3431 νεότητος
1472 3362 1726 3432 ἐφόλκιον
1747 3359 1838 3433 ἦν,

269 3453 375 3507 ἔδει
404 3453 723 3513 πεπαῦσθαι
743 3471 761 3522 ;

337 3567 492 3621 Δυοῖν
514 3565 697 3619 τοίνυν
720 3565 937 3638 ἀνάγκη
974 3566 1207 3638 θάτερον
1226 3582 1240 3597 ·
1278 3568 1335 3640 ἢ,
1365 3568 1440 3631 ὡς
1470 3568 1530 3622 οὐ
1559 3569 1672 3621 τῶν
1697 3569 1843 3638 (pati-

269 3656 372 3708 λων
400 3656 520 3709 ἐστὶ
556 3657 619 3710 τὸ
644 3656 1037 3727 θρασύνεσθαι,
1068 3660 1232 3730 εῖπερ
1277 3661 1306 3712 ὁ
1334 3661 1444 3713 τῶν
1471 3660 1685 3731 ἀνδρῶν
1722 3662 1842 3730 ἄρι-

273 3764 395 3810 στος
446 3748 651 3818 θρασὺς
677 3750 809 3822 παρζ
840 3750 1048 3815 αὐτοῖς,
1087 3751 1146 3821 ἢ,
1181 3752 1230 3805 εί
1266 3751 1377 3805 τῶν
1407 3752 1649 3821 φαύλων,
1676 3753 1840 3807 ἄλλου

269 3836 608 3913 κατηγόρημ)
646 3838 715 3895 ἂν
744 3841 834 3912 εἴη
860 3844 979 3898 τόδε
1010 3846 1106 3898 καὶ
1146 3846 1248 3897 οὐκ
1281 3845 1470 3911 αὐτοῦ,
1502 3846 1661 3916 εἴπερ
1686 3842 1843 3912 οὗτος

268 3933 525 3988 τάναντία
552 3935 758 3988 τούτων
808 3937 907 3988 καὶ
958 3936 1225 4005 πεφυκὼς
1269 3939 1366 3992 καὶ
1395 3939 1836 4010 πολιτευόμενος.

270 4024 336 4077 El
359 4023 417 4077 δὲ
452 4023 629 4094 βούλει
658 4025 993 4105 accipimur
1021 4028 1073 4081 st
1113 4028 1212 4099 μὲν
1243 4030 1412 4084 καλὸν
1458 4032 1492 4101 ἡ
1535 4030 1838 4101 θρασύτης,

270 4114 366 4170 καὶ
387 4117 694 4189 Χανδρηνδς
718 4114 803 4173 λᾶν
831 4112 917 4190 εἴη
953 4119 1199 4186 τοιοῦτος
1232 4125 1411 4195 ταύτῃ
1461 4125 1837 4195 χρησάμενος,

269 4207 463 4261 οὔκουν
498 4209 698 4276 αἰτίας,
729 4208 847 4265 ἀλλ’
877 4214 1122 4266 ἐπαίνων
1152 4213 1305 4279 ἄξιος
1333 4232 1346 4247 ·
1381 4217 1433 4269 εί
1469 4216 1525 4269 δὲ
1555 4218 1841 4287 αἴσχιστον

273 4299 375 4367 μιν
404 4300 564 4354 τοῦτο
610 4292 706 4359 καὶ
744 4303 944 4372 μανίας
975 4303 1164 4373 ἐγγὺς,
1197 4306 1376 4378 τούτῳ
1417 4308 1476 4361 δὲ
1499 4309 1724 4375 πάντες,
1762 4308 1840 4374 ὡς

270 4390 426 4462 καλῷ
445 4392 687 4462 κάγαθῷ,
721 4395 901 4449 πάντα
924 4396 992 4449 τὰ
1031 4394 1284 4466 βέλτιστα
1312 4402 1406 4452 καὶ
1439 4399 1720 4470 βούλονται
1747 4403 1844 4457 καὶ

270 4485 648 4555 συνεύχονται,
686 4486 785 4557 οὐχ
840 4489 955 4559 ὁρῶ
984 4489 1102 4554 πῶς
1160 4490 1226 4545 ἄν
1253 4508 1398 4556 τινες
1432 4495 1633 4564 μᾶλλον
1669 4512 1844 4550 κατα-

1954 3364 2149 3434 possit,
2177 3380 2328 3426 eum,
2376 3364 2422 3419 si
2463 3362 2597 3433 quid
2649 3363 2767 3418 vitii
2816 3361 3093 3434 reliquum
3144 3377 3214 3418 ex
3247 3361 3542 3432 iuventute

1954 3456 2307 3521 remanserit,
2337 3471 2557 3511 cessare
2580 3456 2907 3526 oporteret?

1958 3584 1967 3588 ι
2022 3570 2103 3625 Ex
2129 3570 2345 3626 duobus
2364 3570 2695 3626 alterutrum
2720 3571 2792 3627 sit
2826 3554 3057 3628 necesse
3086 3580 3174 3629 est
3202 3590 3221 3628 :
3241 3582 3357 3641 aut,
3386 3574 3541 3644 igna-

1951 3678 2147 3719 vorum
2167 3664 2451 3734 proprium
2476 3679 2586 3718 non
2605 3665 2958 3729 estaudacia,
2980 3665 3023 3721 si
3042 3662 3264 3735 quidem
3292 3664 3540 3721 virorum

1951 3754 2193 3826 Optimus
2223 3749 2371 3826 apud
2401 3770 2497 3812 eos
2514 3757 2693 3812 audax
2721 3765 2826 3823 est,
2869 3766 2993 3829 aut,
3020 3759 3065 3814 si
3098 3757 3422 3829 ignavorum
3459 3769 3543 3815 est

1950 3848 2257 3920 proprium,
2283 3849 2425 3904 alius
2463 3848 2556 3904 sed
2578 3866 2687 3904 non
2710 3850 2803 3905 ille
2824 3851 2881 3905 in
2924 3851 3066 3906 hanc
3095 3846 3541 3923 criminationem

1950 3943 2128 4008 venit,
2176 3942 2450 4012 siquidem
2494 3941 2586 3997 ille
2622 3957 2842 4013 semper
2875 3950 3071 3999 natura
3112 3953 3169 4000 et
3205 3930 3317 4000 vita
3369 3932 3439 4001 ab
3473 3935 3541 4000 iis

1948 4035 2306 4107 discrepavit.
2348 4036 2456 4090 Aut
2492 4037 2538 4092 si
2580 4037 2667 4092 vis
2704 4037 2783 4093 ita
2819 4052 2909 4092 res
2955 4046 3078 4111 est:
3114 4036 3157 4093 si
3197 4038 3431 4109 pulchra
3470 4038 3545 4094 sit

1950 4130 2198 4195 audacia,
2229 4134 2286 4185 et
2315 4127 2685 4186 Chandrenus
2717 4130 2808 4185 illa
2832 4145 2957 4186 cum
2993 4145 3126 4186 usus
3159 4131 3252 4195 sit,
3284 4146 3396 4186 non
3433 4133 3543 4187 cri-

1952 4220 2279 4287 minatione,
2324 4220 2419 4277 sed
2444 4220 2606 4275 laude
2651 4218 2852 4290 dignus
2885 4221 3103 4276 evasit:
3142 4221 3187 4275 si
3224 4229 3407 4275 autem
3446 4207 3539 4277 illa

1952 4304 2265 4385 turpissima
2313 4323 2370 4369 et
2422 4314 2679 4368 amentiae
2719 4312 2994 4377 ﬁnitima,
3047 4327 3173 4368 cum
3220 4328 3417 4368 omnes
3458 4314 3538 4367 illi

1953 4416 2145 4476 utpote
2190 4406 2336 4461 bono
2397 4408 2681 4475 proboque
2730 4404 2936 4473 optima
2986 4420 3219 4475 quaeque
3268 4405 3438 4469 velint
3486 4414 3543 4460 et

1951 4506 2203 4562 exorent,
2233 4511 2341 4550 non
2378 4496 2536 4550 video
2561 4512 2661 4551 cur
2696 4496 2919 4565 quidam
2954 4495 3106 4549 illum
3132 4505 3323 4566 aperte
3352 4497 3542 4559 potius

272 4577 466 4644 φανεῖς
519 4578 764 4645 γένοιντο
804 4581 1293 4649 συκοφαντοῦντες,
1338 4586 1434 4638 καὶ
1456 4587 1596 4656 σφᾶς
1624 4592 1842 4654 αὐτοὺς,

1954 4589 2338 4655 criminentur,
2362 4599 2417 4645 et
2435 4590 2673 4658 seipsos,
2704 4602 2811 4642 non
2834 4587 2981 4657 quod
3009 4603 3203 4643 verum
3226 4598 3311 4643 est
3335 4590 3541 4645 dixisse

268 4666 350 4729 ὡς
381 4666 501 4720 οῠκρ
530 4669 705 4740 ἀληθῆ
737 4666 1005 4737 λέγουσιν,
1042 4672 1443 4746 ἐξελέγχοντες,
1482 4679 1519 4732 ἃ
1556 4681 1629 4750 μὴ
1661 4680 1841 4746 ἔξεστι

1950 4680 2292 4742 :onvincant,
2317 4696 2440 4750 qua)
2461 4695 2569 4733 non
2600 4679 2794 4734 decent
2818 4680 3005 4734 dicant
3031 4689 3107 4744 et,
3133 4681 3279 4751 quod
3307 4680 3542 4736 maxime

267 4757 551 4825 λέγοντες,
575 4763 692 4826 καὶ,
726 4762 754 4816 δ
789 4762 1009 4833 μάλιστ’
1036 4766 1102 4821 ἄν
1125 4784 1208 4832 τις
1244 4770 1386 4840 ὑπὲρ
1412 4771 1579 4825 αὑτοῦ
1608 4776 1701 4827 καὶ
1723 4772 1842 4827 κατ’

1950 4773 2138 4843 aliquis
2174 4789 2272 4843 pro
2313 4773 2407 4828 illo
2442 4782 2496 4829 et
2532 4784 2723 4828 contra
2766 4788 2863 4829 eos
2898 4785 3243 4843 precaretur,
3309 4775 3545 4831 mirabi-

267 4851 454 4905 αὐτῶν
481 4851 718 4918 εὔξαιτο,
775 4856 1227 4928 θαυμαστότερον
1254 4861 1448 4915 τοῦτον
1490 4868 1611 4927 ταῖς
1639 4866 1842 4932 αἰτίαις

1950 4869 2135 4922 liorem
2176 4868 2329 4921 illum
2372 4883 2467 4937 per
2503 4868 2923 4923 criminationes
2947 4870 3265 4932 ostendant,
3299 4866 3465 4941 quam
3496 4873 3541 4928 si

249 4945 605 5029 δεικνύντες,
655 4948 690 5019 ἢ
717 4949 767 5000 εί
806 4950 1024 5013 πολλοῖς
1085 4948 1330 5022 ἐχρῶντο
1383 4956 1504 5007 κατ’
1536 4958 1705 5010 αὐτοῦ
1733 4961 1842 5023 τοῖς

1950 4960 2131 5015 multis
2165 4960 2422 5015 laudibus
2456 4962 2608 5015 illum
2655 4963 3047 5031 cumularent;
3087 4962 3331 5033 primum
3367 4964 3544 5032 enim,

266 5035 539 5101 δπαίνοις.
570 5037 796 5108 Πρῶτον
836 5040 937 5110 μὲν
957 5041 1089 5111 γὰρ,
1120 5043 1180 5094 εν
1212 5045 1289 5113 τῷ
1333 5046 1453 5097 κατ’
1476 5047 1645 5100 αὑτοῦ
1668 5038 1842 5117 λέγειν

1950 5067 2071 5105 cum
2105 5052 2370 5106 adversus
2414 5052 2564 5105 illum
2604 5052 2693 5106 isti
2739 5053 2932 5107 dicunt
2963 5069 3085 5123 qute
3139 5070 3248 5110 non
3303 5065 3545 5124 oportet,

264 5128 497 5192 τούτους
540 5130 578 5185 ἃ
610 5132 685 5202 μὴ
712 5132 828 5197 δεῖ,
861 5134 1241 5190 διανίστανται
1264 5138 1466 5202 πάντες
1497 5141 1641 5211 ὑπὲρ
1678 5143 1842 5197 αὑτοῦ

1950 5156 2144 5198 omnes
2170 5154 2468 5213 exsurgent
2512 5152 2571 5197 ut
2611 5160 2732 5213 quze
2755 5154 2973 5214 oportet
2997 5144 3064 5200 de
3086 5146 3185 5201 illo
3209 5147 3541 5213 edisserant,

267 5220 509 5288 λέγεινᾶ
529 5216 629 5288 δεῖ,
664 5223 760 5277 καὶ
787 5225 915 5289 τούς
939 5242 1003 5294 γε
1033 5224 1127 5280 δύο
1156 5230 1185 5298 ἦ
1220 5234 1371 5299 τρεῖς
1397 5232 1603 5286 τούτων
1642 5235 1851 5304 φληνά-

264 5327 408 5376 φους
440 5314 470 5365 ὁ
498 5313 605 5366 τῶν
630 5316 921 5383 ἐγκωμίων
950 5318 1125 5388 ἐσμὸς
1170 5321 1509 5393 παρασύρει,
1543 5325 1640 5377 καὶ
1672 5327 1851 5390 οὐδεὶς

262 5402 328 5466 ὃς
360 5404 462 5475 οὐχ
502 5405 643 5475 ὑπὲρ
677 5407 848 5460 αὑτοῦ
897 5411 993 5462 καὶ
1050 5414 1171 5466 κατ’
1201 5414 1384 5469 αὐτῶν
1420 5417 1632 5483 γίνεται
1666 5420 1851 5491 ῥήτωρ

265 5494 512 5567 εὔπορος
534 5514 548 5528 ·
582 5500 796 5566 ἔπειτα,
826 5502 875 5554 εί
901 5505 1013 5567 τοῖς
1045 5505 1133 5560 διὰ
1168 5507 1286 5578 βίου
1324 5511 1720 5581 πονηροτάτοις
1753 5515 1864 5569 οὐκ

503 5697 775 5782 Cephalus
802 5711 968 5782 notus
1006 5713 1145 5762 este
1169 5707 1354 5782 primo
1391 5707 1688 5766 Platonicae
1718 5711 1853 5767 Rei-

264 5768 512 5851 publica;
544 5768 712 5851 libro,
745 5774 822 5851 A_n
870 5776 1019 5851 hunc
1047 5768 1354 5851 respeserit
1389 5789 1581 5851 orator
1628 5783 1851 5850 nescio;

268 5844 535 5922 necquis
569 5844 642 5922 sit
674 5844 1022 5922 _Aristuphun
1078 5844 1168 5922 ille
1218 5849 1378 5922 facile
1409 5850 1661 5922 dixerint.
1692 5844 1852 5917 Quos

264 5913 407 5964 novi
447 5913 887 5979 Aristophontes
917 5927 1067 5971 tanta
1115 5920 1337 5976 virtutis
1390 5921 1553 5977 laude
1596 5913 1848 5979 ﬂoruisse

1951 5242 2008 5290 et
2040 5235 2176 5291 duas
2200 5246 2294 5289 aut
2316 5243 2430 5291 tres
2452 5251 2641 5290 eorum
2668 5236 2901 5305 ineptias
2924 5235 3147 5291 laudum
3169 5238 3342 5293 moles
3369 5250 3545 5294 trans-

1952 5329 2147 5393 vertit,
2195 5338 2251 5382 et
2278 5343 2441 5381 nemo
2469 5339 2553 5383 est
2583 5328 2676 5398 qui
2706 5343 2816 5382 non
2848 5344 2948 5399 pro
2990 5327 3085 5384 illo
3111 5341 3169 5385 et
3210 5339 3402 5386 contra
3447 5346 3545 5387 eos

1956 5420 2213 5488 cepiosus
2247 5421 2475 5476 exsistat
2524 5431 2730 5477 orator.
2773 5420 3013 5492 Deinde,
3048 5422 3093 5478 si
3128 5424 3254 5494 quis
3287 5423 3543 5479 homines

1955 5526 2232 5583 perversa:
2249 5513 2373 5568 vitae
2396 5526 2505 5569 non
2531 5523 2815 5570 accusaret
2847 5524 2907 5570 ut
2929 5514 3256 5573 malefacere
3293 5528 3543 5588 pergant,

1956 5714 2207 5798 nondum
2260 5718 2527 5788 comperi.
2582 5716 2656 5774 Ea
2703 5719 2887 5776 forsan
2936 5720 3160 5778 nomina
3196 5729 3405 5779 temere
3449 5739 3545 5796 po-

1956 5801 2086 5843 Sllll.

2034 5857 2152 5936 ωδ)
2195 5856 2268 5913 De
2290 5858 2587 5936 proverbio
2618 5860 2752 5936 ﬁve)
2780 5862 3048 5936 ποταμῶν
3070 5864 3315 5936 χωροῦσι
3345 5870 3547 5933 πηγαὶ,

1961 5927 2083 5984 vide
2115 5927 2362 5991 Gregorii
2394 5930 2579 5991 Cvnrii
2618 5927 2941 5994 Proverbia."
2976 5927 3108 5991 toni:
3138 5927 3347 5993 CXLII.
3383 5927 3542 5998 Eutr;
