4018 6462
402 374 512 441 373

1638 376 2040 439 TIIEODULI
2080 379 2428 440 MONACIII

3558 381 3655 443 37ﬁ

407 507 513 548 una
548 505 673 546 cum
706 491 918 548 caeteris
957 499 1047 545 tua
1082 505 1184 546 nos
1217 504 1381 558 opera
1427 504 1492 545 ac
1534 490 1807 547 beneﬁcia
1837 507 2014 559 coma

2123 499 2154 567 ᾔ
2179 495 2395 567 γλώττῃ
2429 496 2632 560 δοκεῖν,
2661 495 2759 568 οὐχ
2788 496 2913 549 ὅσον
2943 500 3055 561 τοῖς
3088 497 3274 569 ἔργοις
3294 536 3311 558 .
3337 496 3656 567 ἀστράπτειν

406 597 716 638 memorare
754 582 1084 637 haberemus
1123 598 1137 635 ι
1207 592 1322 638 tum
1353 593 1476 637 veta
1532 584 1700 638 etiam
1751 584 1990 640 facieba-

408 690 550 736 mus,
577 685 636 729 ut
658 689 849 729 eorum
875 674 1279 744 quamprimum
1303 683 1585 743 compotes
1600 676 1982 730 evaderemus.

406 770 564 825 Nunc
590 785 724 824 vero
746 767 1050 838 praecipuas
1072 779 1326 823 votorum
1354 778 1671 824 nostrorum
1700 770 1984 825 consecuti

407 863 737 933 cupidines,
790 863 1052 916 nimirum
1104 870 1166 916 ut
1223 862 1326 917 sub
1371 871 1423 917 te
1486 864 1721 933 praeside
1784 863 1986 933 positi,

406 962 840 1026 experimentum
892 954 992 1015 tui,
1028 964 1143 1009 turn
1192 956 1247 1013 in
1294 958 1564 1022 consiliis,
1602 967 1720 1011 tum
1768 958 1989 1013 aCtibus

407 1062 591 1105 rerum
633 1060 978 1117 caperemus.
1017 1047 1192 1103 multo
1214 1062 1378 1117 quam
1409 1060 1571 1103 antea
1605 1048 1909 1118 impensius
1938 1058 1991 1101 te

408 1141 685 1211 suspicere
719 1142 1009 1214 coepimus.
1037 1141 1178 1196 Tum
1227 1152 1283 1197 et
1328 1141 1384 1196 in
1426 1148 1665 1197 mentem
1701 1140 1863 1195 nobis
1899 1155 1988 1195 ve-

409 1235 599 1290 niebat
629 1244 911 1290 oratorum
932 1237 1150 1291 illorum
1174 1236 1681 1305 imperatorumque
1702 1236 1950 1287 veterum
1971 1271 1987 1296 ,

407 1327 503 1395 qui
555 1327 702 1399 quod
734 1329 974 1398 a‘quales
1010 1344 1142 1384 suos
1185 1333 1399 1383 omneis
1449 1343 1545 1383 ore
1594 1325 1854 1389 facundo,
1884 1340 1990 1379 non

410 1418 571 1475 factis
623 1420 913 1484 duntaxat,
975 1436 1243 1483 superare
1295 1420 1641 1484 viderentur,
1709 1418 1992 1488 fulgurare

412 1520 579 1582 atque
613 1522 800 1570 tonare
832 1512 1286 1582 perhibebantur.
1315 1510 1622 1582 (Aristoph.
1661 1507 1990 1579 Ἀχαρνεῦσι

2095 604 2157 641 τε
2207 589 2304 641 καῖ¹
2347 588 2573 659 βροντᾷν
2611 589 2851 660 ἥκουσαν
2879 630 2894 656 ,
2957 590 3269 660 ἀμφότερον
3293 630 3308 655 ,
3365 590 3585 660 ῥήτορές
3612 594 3657 642 τ’

2097 681 2294 751 ἀγαθοὶ
2333 681 2593 751 κρατεροί
2626 681 2674 734 τ’
2703 682 2996 751 αἰχμηταὶ,
3033 675 3108 734 ὧν
3137 681 3318 751 ἥκιστ’
3345 681 3522 743 αὐτὸς,
3552 680 3655 733 οὐδ’

2093 774 2180 842 ἐφ’
2218 775 2389 844 ὁτῳδή
2410 772 2786 844 λελειμμένος,
2822 775 2938 827 ἀλλ’
2969 774 3045 836 ὡς
3091 773 3304 839 ἀληθῶς
3334 774 3540 826 ἐκείνου
3564 773 3653 825 τοῦ

2093 868 2379 937 κόμματος
2413 866 2510 931 ὢν,
2561 868 2898 937 πράττοντας
2929 885 2987 920 τε
3012 861 3093 930 οἷς
3127 868 3408 936 πράττεις.
3458 866 3551 919 καῖ¹
3574 866 3655 917 λέ-

2093 976 2289 1026 γοντας
2328 953 2409 1021 οἷς
2457 958 2637 1025 λέγεις
2686 958 2874 1022 νικῶν,
2933 958 3301 1027 διαφερόντως
3346 958 3659 1027 ἑκπλήττεις

2096 1051 2305 1111 πάντας
2335 1049 2678 1119 ἐπιστρέφων
2703 1052 2783 1113 εἰς
2818 1050 3022 1119 θαῦμα.
3069 1051 3177 1104 Καὶ
3213 1050 3388 1110 οὐδεὶς
3415 1048 3472 1111 ὃς
3497 1050 3554 1101 ο)
3579 1049 3662 1118 ῥό-

2094 1142 2199 1194 δων
2228 1142 2408 1212 ἡδίους
2439 1142 2634 1211 λόγους
2664 1144 2807 1197 κατά
2857 1143 2951 1195 σοῦ
2977 1142 3231 1204 διέξεισι’
3267 1142 3539 1213 πρόθυμος
3572 1143 3661 1211 μὲν

2094 1232 2256 1295 αὐτὸς
2283 1234 2467 1304 ῥήτωρ
2513 1233 2589 1286 ὢν
2636 1232 2706 1286 τά
2733 1249 2796 1301 γε
2828 1234 3053 1288 τοιαῦτα
3074 1249 3089 1264 '
3139 1234 3577 1306 προθυμοτέρους
3610 1239 3661 1288 δὲ

2096 1325 2190 1377 καὶ
2219 1326 2345 1387 τοὺς
2375 1325 2570 1387 ἄλλους
2602 1325 2741 1396 ἔχων
2763 1327 3043 1396 ἀκροατάς
3065 1341 3078 1355 ⁸
3110 1328 3205 1380 καὶ
3232 1327 3299 1380 δι’
3325 1330 3524 1396 ἀμφοῖν
3551 1328 3665 1380 τού-

2096 1433 2209 1470 τοιν
2241 1415 2334 1469 τοῦ
2372 1417 2511 1471 κατὰ
2538 1417 2630 1470 σοῦ
2663 1419 2895 1486 γάννους
2943 1418 3079 1489 πρὸς
3105 1420 3416 1490 ὑπερϐολὴν
3444 1421 3677 1491 αἰρομέι

2099 1526 2190 1560 νου
2202 1548 2214 1561 .

414 1579 539 1671 ὅόθ,
592 1605 668 1661 De
693 1579 941 1675 Pericle.)
990 1608 1272 1677 Siquidem
1318 1579 1614 1677 utrumque
1670 1603 1893 1676 pariter,
1921 1612 1979 1658 et
2016 1602 2143 1659 boni
2183 1579 2450 1670 oratores,
2481 1613 2537 1660 et
2567 1606 2736 1663 feries
2798 1608 3086 1666 bellatores
3111 1653 3125 1678 ,
3147 1620 3326 1667 erant.
3361 1611 3382 1682 (
3414 1626 3478 1665 ex
3516 1606 3701 1671 Iliad.‘

413 1699 491 1762 1",
524 1698 639 1769 79.)
670 1698 715 1754 Δ
749 1699 953 1769 quibus
982 1707 1038 1753 tu
1065 1714 1189 1753 eum
1225 1713 1325 1753 nec
1355 1698 1634 1754 tantillum
1684 1698 1793 1751 ulla
1830 1697 1992 1765 plane
2035 1696 2087 1749 in
2118 1712 2177 1751 re
2221 1711 2250 1751 a
2288 1708 2438 1768 tergo
2486 1698 2744 1766 relictus,
2779 1701 2874 1756 sed
2934 1720 3076 1759 unus
3138 1722 3328 1761 revera
3369 1716 3508 1760 noue
3535 1706 3669 1761 clas-

416 1793 605 1862 sisque
676 1791 923 1863 ejusdem
982 1792 1149 1847 homo
1206 1791 1318 1857 sis,
1379 1799 1545 1860 atque
1598 1800 1711 1844 tum
1772 1797 1998 1859 agentes
2041 1789 2273 1859 agendo,
2340 1800 2454 1845 tum
2505 1793 2740 1849 dicendo
2771 1795 3021 1853 dicentes
3049 1800 3256 1863 vineas,
3295 1798 3525 1854 miriﬁce
3552 1814 3662 1852 0m-

415 1904 516 1943 nes
572 1888 983 1958 obstupefactos
1028 1889 1083 1942 in
1130 1887 1553 1943 admirationem
1593 1889 1667 1944 tui
1702 1886 1998 1942 convertis.
2048 1887 2199 1943 Unde
2267 1903 2429 1942 nemo
2496 1904 2604 1944 non
2647 1892 2789 1947 rosis
2818 1895 3105 1950 suaviores
3138 1897 3206 1951 de
3230 1904 3280 1950 te
3311 1897 3445 1950 serit
3472 1911 3671 1950 sermo-

416 1997 556 2047 nes;
619 1989 784 2051 atque
838 1996 961 2035 cum
1024 1991 1311 2052 promptus
1371 1981 1486 2050 ipse
1539 1980 1604 2037 ad
1655 1981 1771 2036 haec
1811 1980 2019 2038 verbis
2070 1980 2346 2035 eﬂ‘erentla
2397 1991 2584 2037 orator
2644 1992 2770 2047 est,
2825 1982 2939 2041 tu‘m
3019 1989 3393 2058 promptiores
3442 1998 3660 2043 cretcros

417 2079 587 2133 habet
615 2077 892 2135 auditores
912 2116 928 2142 ,
956 2087 1278 2150 assurgente
1301 2078 1520 2134 interim
1550 2093 1645 2147 per
1694 2079 1796 2133 hoc
1854 2087 2173 2147 utrumque,
2203 2077 2270 2132 ad
2305 2092 2582 2134 summum
2609 2095 2783 2152 usque
2809 2097 3118 2151 excessum,
3183 2097 3451 2155 concepta
3520 2083 3585 2140 de
3624 2092 3672 2138 te

416 2172 629 2230 lmtitia.

491 2269 557 2324 ll.
596 2269 696 2326 llic
722 2270 865 2325 alius
898 2271 1045 2325 enim
1092 2270 1495 2327 humanitatem
1519 2313 1536 2337 ,
1584 2279 1642 2326 et
1689 2280 2000 2340 temperan—

2174 2272 2250 2327 B'.
2292 2273 2352 2328 'O
2380 2273 2481 2344 μὲν
2509 2273 2617 2343 γὰρ
2656 2273 2943 2344 πραότητὰ
2964 2291 3024 2328 τε
3056 2276 3148 2328 καὶ
3178 2273 3557 2343 σωφροσύνην,
3582 2271 3672 2324 καὶ

420 2362 576 2428 tiam,
633 2370 689 2417 et
721 2363 867 2433 quod
926 2364 1073 2433 turpi
1129 2365 1283 2441 nullo
1346 2363 1552 2435 ﬂagitio
1602 2364 1751 2419 vinci
1807 2377 1998 2433 queas,

424 2455 713 2525 magniﬁce
734 2456 971 2510 extollit.
989 2456 1145 2512 Alius
1176 2457 1416 2512 nativam
1445 2457 1606 2512 istam
1639 2471 1703 2512 ac
1739 2454 2005 2511 domesti-

424 2564 545 2604 cam
582 2548 637 2603 iu
686 2549 944 2604 omnibus
981 2548 1149 2603 animi
1182 2549 1259 2604 tui
1310 2538 1784 2618 magnitudinem;
1832 2548 1998 2602 illud-

426 2657 533 2710 que
566 2642 730 2696 simul
767 2654 876 2697 tam
927 2642 1295 2712 compositum
1334 2651 1500 2711 atque
1529 2656 1877 2712 generosum,
1904 2639 2002 2694 ad-

424 2733 626 2803 jungit.
655 2733 768 2788 Nec
812 2732 1094 2803 indignam
1148 2733 1296 2788 idem
1346 2748 1444 2788 sua
1475 2731 2003 2788 commemoratione

429 2823 582 2879 ducit
610 2822 863 2877 festivam
893 2821 1059 2876 animi
1108 2822 1187 2876 tui
1222 2820 1653 2891 iucunditatem,
1692 2828 1748 2873 et
1777 2818 1845 2877 ad
1874 2832 2008 2877 con-

432 2932 655 2987 gressus
685 2917 971 2971 hominum
992 2915 1503 2985 collocutionesque
1531 2916 1700 2969 multa
1722 2920 2008 2969 venustate

432 3010 929 3067 instructissimum
987 3010 1260 3063 habitum.
1314 3008 1528 3063 Rursus
1578 3008 1718 3061 alius
1774 3021 2008 3060 acumen

433 3103 637 3173 ingenii
668 3120 684 3169 ;
715 3101 1077 3169 aliuslingute
1112 3100 1242 3161 vim,
1279 3099 1453 3168 gratia
1480 3098 1854 3168 coniunctam,
1884 3112 2001 3151 ιιιοο

434 3206 669 3262 rumque
698 3191 1047 3261 gravitatem,
1097 3198 1154 3245 et
1192 3197 1402 3260 gratam
1456 3189 1639 3243 vultus
1668 3188 2012 3251 comitatem,

435 3292 491 3337 ct
551 3281 740 3337 formre
796 3281 1115 3354 dignitatem
1164 3292 1229 3336 ac
1272 3278 1582 3353 illecebras,
1620 3288 1900 3341 recenset,
1958 3285 2016 3331 et

437 3374 584 3443 ιμιιιι]
649 3383 810 3444 caput
861 3382 967 3438 est,
1019 3372 1325 3444 profundas
1383 3372 1693 3439 densasque
1751 3383 2011 3424 mentes:

445 3468 589 3523 (Inde
636 3466 731 3521 illa
785 3465 994 3533 pulchri
1044 3466 1278 3536 pullulat
1311 3466 1386 3519 vis
1410 3465 1633 3526 consilii,
1670 3477 1730 3517 ut
1768 3462 2015 3531 Aischvli

439 3575 556 3614 rem
581 3561 760 3615 verbis
779 3562 1128 3629 esprimamq
1145 3558 1329 3614 Ἑπτὰ
1354 3558 1452 3612 ἐπὶ
1487 3557 1726 3622 Θήϐαις,
1752 3556 1900 3622 600.)
1929 3556 2021 3609 At-

434 3670 548 3724 que
599 3654 755 3709 hisce
810 3661 863 3708 te
917 3652 1166 3708 consiliis
1196 3666 1377 3721 usque
1426 3650 1564 3704 adeo
1615 3660 2020 3703 consentaneas

440 3746 622 3817 reipsa
648 3746 888 3817 adjicere
937 3745 1222 3806 actiones,
1270 3753 1332 3797 ut
1372 3758 1551 3812 neque
1586 3742 1834 3797 actiones
1885 3742 2019 3795 istas

442 3841 510 3895 ab
548 3839 671 3895 aliis
721 3838 1143 3909 quibuscunque
1185 3834 1456 3906 perfectas
1506 3849 1629 3889 esse
1664 3834 1857 3889 deceat
1889 3846 2021 3884 eon-

443 3933 605 3997 siliis,
635 3946 800 4001 quam
827 3930 973 3985 unde
1003 3928 1261 4000 perfectae
1305 3939 1435 3982 sunt
1467 3945 1479 3980 :
1528 3941 1709 3995 neque
1741 3926 1871 3979 item
1900 3936 2023 3991 qua:

368 4064 377 4073 ,
431 4022 700 4107 etpsulto
747 4020 983 4076 consilio
1034 4021 1259 4075 decreta
1314 4028 1463 4078 sunt,
1513 4017 1657 4080 aliis,
1695 4029 1860 4084 quam
1915 4013 2024 4068 tuis

448 4116 625 4175 hisce,
653 4113 907 4169 concludi
943 4111 1027 4168 fas
1057 4115 1133 4167 sit
1157 4112 1439 4181 operibus.
1470 4110 1575 4164 Sed
1603 4118 1654 4163 et
1684 4118 1830 4162 tanta
1868 4109 2025 4161 insu-

449 4223 550 4278 per
573 4206 818 4276 quidque
878 4212 931 4259 te
965 4205 1247 4260 celeritate
1283 4216 1546 4271 peragere
1569 4242 1583 4265 ,
1614 4210 1818 4270 quanta
1875 4198 2021 4253 haud

450 4301 617 4356 sciam
647 4314 716 4353 an
746 4296 1052 4363 priscorum
1099 4296 1245 4350 ullus
1294 4294 1495 4363 aliquis
1524 4292 1774 4347 heroum.
1804 4292 1870 4347 Et
1903 4303 2029 4346 tan-

414 4432 423 4437 ο
452 4403 568 4448 tum
598 4401 802 4457 tamen,
835 4390 982 4461 quod
1013 4388 1158 4443 haud
1193 4388 1356 4457 paulo
1387 4387 1563 4456 majus
1596 4386 1768 4441 altero
1795 4386 1889 4439 illo
1915 4398 2024 4447 est,

452 4483 695 4551 providae
721 4480 1239 4550 circumspectionis
1275 4478 1534 4547 ﬁdeique,
1568 4478 1622 4532 in
1667 4478 1770 4531 ista
1824 4478 2029 4532 veloci-

453 4582 587 4637 tate,
630 4573 729 4628 abs
752 4581 803 4627 te
824 4571 1102 4635 adhiberi,
1126 4570 1307 4631 ,velut
1346 4570 1438 4639 qui
1484 4569 1719 4623 multum
1751 4571 2023 4639 temporis

456 4666 510 4722 in
536 4662 957 4721 commentando
983 4668 1399 4731 consumpSct-e.
1432 4660 1553 4715 Non
1602 4661 1748 4715 enim
1793 4675 2027 4729 operutu

454 4764 670 4820 eventa,
714 4762 773 4808 ut
803 4768 1037 4824 quaeque
1082 4768 1319 4808 evenere
1342 4794 1356 4817 ,
1405 4752 1755 4821 collaperieus
1784 4791 1799 4814 ,
1834 4766 2027 4809 verum

458 4851 610 4917 prius
642 4849 806 4904 etiam
838 4862 1002 4915 quam
1033 4854 1214 4915 coepta
1256 4853 1415 4902 sunt.
1437 4846 1643 4898 exitum
1680 4860 1875 4899 eorum
1909 4858 2033 4897 cer-

460 4946 566 4999 tius
587 4943 880 5010 veriusque
908 4940 1102 5010 quovis
1136 4939 1502 4994 Themistocle
1525 4978 1542 5003 ,
1585 4937 1814 4993 secretis
1860 4937 2028 4991 animi

457 5012 710 5092 sensibus
735 5044 1077 5102 compertum
1116 5031 1354 5097 habens,
1383 5039 1439 5083 et
1465 5045 1602 5093 rem,
1638 5045 1765 5085 cum
1788 5039 2031 5099 oportet,

459 5127 807 5200 aggrederis.
863 5133 920 5180 et
983 5140 1178 5180 rursus
1221 5138 1346 5178 cum
1406 5123 1510 5178 hoc
1562 5133 1806 5194 praestat,
1863 5124 2034 5177 inter-

458 5222 719 5287 quiescis.
770 5218 924 5276 Adeo
980 5225 1037 5272 tu
1097 5232 1229 5272 sane
1285 5218 1747 5288 opportunissime
1802 5228 2035 5285 utroque

462 5312 651 5367 uteris.
679 5310 881 5368 Adhace
916 5308 1049 5364 illud
1086 5309 1250 5362 etiam
1288 5322 1619 5378 magnopere
1652 5308 1858 5376 ubique
1892 5324 2034 5377 pray-

461 5403 636 5458 dicari
672 5400 952 5466 audimus,
974 5415 1140 5469 quam
1171 5399 1429 5455 assiduus
1453 5400 1680 5470 iustitiae
1708 5401 1888 5453 cultor
1919 5400 1994 5453 sis
2019 5436 2035 5463 ,

463 5505 519 5548 et
555 5496 728 5551 multo
774 5493 998 5564 quidem
1048 5501 1197 5547 certe
1240 5492 1591 5561 praestantior
1627 5491 2037 5545 admirabilior-

463 5603 596 5655 que,
628 5602 790 5657 quam
814 5586 1077 5654 antiquus
1108 5584 1196 5638 ille
1228 5583 1472 5637 Guneus.
1498 5582 1863 5654 (Lymphrou.
1890 5585 2037 5654 128.)

467 5678 682 5746 Quippe
704 5676 800 5747 qui
836 5676 1118 5745 improbos
1165 5676 1508 5746 injustosque
1537 5675 1655 5743 ipso
1687 5689 1862 5743 paena:
1890 5686 2038 5731 metu

468 5771 831 5825 modestiores
859 5769 1030 5826 eliicis
1050 5809 1065 5834 ,
1094 5780 1150 5824 ct
1178 5769 1245 5822 ad
1284 5776 1439 5822 tuutu
1471 5767 1827 5835 respicientes
1858 5782 2044 5834 exem-

466 5860 643 5939 plum,
676 5871 735 5918 ut
766 5863 855 5935 ab
886 5879 955 5918 eo
977 5862 1242 5922 desistant
1277 5858 1510 5914 crimine
1542 5856 1806 5925 adducis;
1847 5872 2039 5914 rursus

2104 2365 2166 2417 τὸ
2206 2365 2331 2435 μηδ’
2375 2365 2578 2432 ὁτῳοῦν
2626 2366 2774 2435 ἔχειν
2826 2367 2939 2420 τῶν
2991 2366 3286 2437 αἰσχίστων
3347 2362 3677 2423 ἁλίσκεσθαι,

2109 2455 2251 2523 μέγα
2284 2457 2517 2509 ποιεῖται
2538 2472 2551 2487 ⁸
2582 2459 2610 2509 ὁ
2642 2457 2697 2509 δὲ
2729 2456 3056 2526 προστίθησι
3088 2458 3184 2509 καὶ
3216 2456 3277 2509 τδ
3318 2454 3681 2525 μεγαλόψυχον

2105 2546 2316 2619 αῖκοθεν
2343 2549 2399 2599 ὲν
2423 2548 2588 2601 παντὶ
2629 2548 2766 2615 μετὰ
2796 2545 2889 2599 τοῦ
2924 2546 3260 2615 τεταγμένου
3291 2548 3393 2599 καὶ
3416 2543 3680 2613 γεννικοῦ.

2108 2640 2218 2692 Καὶ
2257 2639 2356 2693 οὐκ
2383 2640 2607 2705 ἀπαξιοῖ
2632 2640 2791 2706 λόγου
2825 2639 2946 2693 οὐδὲ
2973 2639 3035 2693 τὸ
3065 2641 3164 2707 τῆς
3195 2641 3382 2709 ψυχῆς
3410 2639 3679 2709 ἡδόμενον’

2110 2733 2201 2785 καὶ
2232 2734 2369 2803 πρδς
2397 2733 2496 2795 τὰς
2529 2733 2780 2795 συνόδους
2815 2732 3150 2802 ἐπιχαρίτως
3187 2730 3595 2800 ἐσκευασμένον
3626 2726 3681 2781 εὖ

2113 2827 2259 2897 μάλα
2285 2842 2297 2857 ·
2329 2827 2421 2881 καὶ
2447 2829 2475 2881 ὁ
2499 2828 2600 2896 μέν
2627 2844 2709 2889 τις
2737 2828 3041 2895 ἀγχίνοιαν,
3068 2828 3095 2879 ὁ
3114 2825 3168 2878 δὲ
3198 2825 3495 2892 καταλέγει
3519 2821 3678 2893 γλώτ-

2110 2938 2212 2990 της
2245 2920 2398 2988 ἰσχὺν
2462 2918 2603 2988 μετά
2635 2917 2881 2987 χάριτος,
2936 2917 3031 2968 καὶ
3065 2915 3228 2983 βάρος
3257 2932 3325 2984 γε
3375 2916 3568 2986 ἤθους,
3593 2913 3680 2967 καὶ

2116 3010 2334 3082 βλέμμα
2364 3009 2677 3076 ἐπαγωγὸν,
2714 3007 2809 3059 καὶ⁴
2843 3006 3062 3076 μορφῆς
3097 3005 3323 3073 ἴυγγας,
3369 3006 3465 3057 καὶ
3496 3003 3553 3055 τὸ
3595 3001 3681 3071 μέ-

2116 3120 2303 3173 γιστον
2326 3103 2526 3172 φρένας
2553 3099 2808 3170 μελαίνας
2840 3116 2897 3151 τε
2927 3099 3021 3151 καὶ
3051 3101 3283 3159 πυκνάς.
3333 3097 3436 3162 Ἐξ
3464 3091 3568 3160 ὧν,
3598 3095 3686 3147 Ai—

2118 3195 2312 3264 σχύλου
2344 3194 2519 3262 φωνῇ,
2545 3191 2614 3244 τὰ
2631 3188 3159 3255 κεδνὰβλαστάνει
3174 3189 3301 3253 βου
3324 3190 3588 3259 ῖεύματα·
3609 3179 3682 3247 οἷς

2117 3288 2260 3342 οὕτω
2286 3284 2692 3354 συμϐαινούσας
2718 3283 2791 3347 ὡς
2812 3283 3029 3352 ἁληθιὴ
3062 3283 3294 3348 ὲπᾶγειν
3323 3282 3421 3344 τὰς
3446 3281 3684 3352 πράξεις,

2118 3380 2194 3443 ὡς
2228 3380 2364 3450 μήτε
2382 3377 2588 3439 ταύτας
2612 3375 2704 3428 ὑπ’
2728 3375 2903 3429 ἄλλων
2921 3374 3227 3444 ὼ-ιτινωνδὴ
3247 3376 3551 3445 προσήκειν
3575 3373 3687 3441 βου-

2119 3473 2228 3525 λῶν
2256 3468 2674 3542 κατωρθῶσθαι,
2703 3467 2737 3539 ἢ
2766 3460 2843 3521 ὧν
2876 3465 3263 3535 κατώρθωνται
3285 3484 3300 3499 ’
3339 3469 3474 3536 μήτε
3503 3460 3591 3518 οὖν
3626 3462 3689 3515 τὰ

2127 3562 2532 3636 βεϐουλευμένα
2559 3562 2769 3630 ἑτέροις
2799 3558 2832 3628 ἢ
2872 3560 3080 3621 τούτοις
3107 3557 3566 3611 κατακεκλεῖσθαι
3588 3555 3689 3615 τοῖς

2128 3658 2344 3733 ἔργοις·
2380 3654 2516 3707 ἀλλὰ
2545 3652 2641 3706 καὶ
2690 3650 2954 3719 πράττειν
2980 3648 3158 3710 ὀὕτως
3191 3650 3452 3713 ὀξύτατα,
3499 3647 3572 3708 ὡς
3599 3644 3689 3695 οὐκ

2128 3747 2225 3807 οἷδ’
2265 3753 2317 3805 sl
2343 3768 2426 3812 τις
2458 3748 2569 3802 τῶν
2614 3747 2782 3801 πάλαι
2804 3761 2820 3775 ·
2850 3743 3122 3814 τοσαύτην
3151 3742 3205 3796 δὲ
3233 3742 3260 3793 ὃ
3298 3744 3488 3797 τούτου
3520 3739 3690 3809 μεῖζον

2129 3843 2432 3910 ἀσφάλειαν
2463 3840 2557 3892 καὶ
2588 3837 2772 3890 τιίστιν
2817 3835 3151 3905 ἐμπαρέχειν
3180 3832 3256 3902 τῷ
3281 3835 3459 3904 τάχει,
3517 3829 3691 3897 ὥσπερ

2124 3936 2177 3987 οἱ
2206 3933 2373 3986 πολύν
2396 3949 2515 3984 τινα
2555 3929 2745 4000 χρόνον
2780 3926 3120 3994 ἀνηλωκότες
3149 3927 3218 3996 τῇ
3260 3924 3476 3994 σκέψει*
3506 3922 3563 3975 οὗ
3592 3919 3692 3987 γαρ

2136 4024 2273 4091 μετὰ
2302 4023 2362 4073 τὸ
2386 4018 2713 4089 γεγενῆσθαι
2742 4017 2841 4095 τὰς
2870 4015 2978 4067 τῶν
3005 4016 3182 4084 ἔργων
3209 4015 3469 4076 ἐκϐάσεις
3500 4007 3695 4081 μανθά-

2132 4132 2238 4168 νων
2291 4113 2426 4166 ἀλλὰ
2458 4113 2552 4166 καὶ
2602 4112 2747 4181 πρὶν
2775 4104 2970 4180 ἧφθαι,
3000 4108 3061 4159 τὸ
3093 4105 3246 4168 τέλος
3278 4109 3396 4170 τοῖς
3429 4100 3695 4172 λογισμοῖς

2133 4208 2209 4270 ὡς
2239 4205 2456 4276 ἀληθῶς
2496 4203 2857 4272 ἐπιστάμενος
2911 4200 3055 4269 ὑπὲρ
3105 4190 3280 4252 πάντα
3316 4193 3693 4268 Θεμιστοκλέα.

2134 4301 2230 4354 καὶ
2259 4299 2523 4369 πράττεις
2557 4297 2717 4367 ἡνίκα
2745 4294 2845 4356 δεῖ,
2889 4293 2983 4345 καὶ
3010 4286 3078 4344 αὖ
3107 4289 3407 4361 ἡσυχάζεις
3441 4290 3516 4343 ὅτ’
3539 4286 3689 4355 ἄμει-

2132 4411 2224 4448 νον
2246 4410 2261 4424 ’
2294 4374 2467 4452 οὕτως
2494 4391 2698 4459 ἀμφοῖν
2738 4386 3131 4456 ἐπικαιρότατα
3166 4386 3297 4455 χρῇ.
3330 4384 3438 4437 Καὶ
3477 4381 3580 4452 μὴν
3609 4378 3695 4431 καὶ

2134 4483 2282 4539 τοῦτ’
2312 4485 2462 4536 ἔστιν
2515 4479 2737 4535 ἀκούειν
2782 4477 3090 4549 ἑκασταχοῦ
3132 4477 3431 4546 βοῶμενον,
3482 4473 3558 4535 ὡς
3586 4471 3696 4537 sit};

2134 4576 2293 4645 δίκης
2317 4574 2576 4644 ἐργάτης,
2630 4570 2810 4640 πολλῷ
2842 4571 2893 4638 γ’
2924 4564 3167 4638 ἀμείνων
3211 4571 3308 4624 καὶ
3338 4562 3699 4643 ,θαυμαστότε-

2139 4685 2233 4739 ρος
2254 4669 2287 4737 ἦ
2317 4665 2550 4728 Γουνεὺς
2580 4664 2791 4726 ὲκεῖνος
2832 4664 2859 4715 ὁ
2899 4662 3146 4723 παλαιός.
3194 4660 3341 4722 Τούς
3374 4676 3433 4712 τε
3466 4657 3570 4726 γὰρ
3595 4653 3701 4707 ἀδι-

2138 4745 2369 4821 κοῦντας
2405 4755 2811 4828 μετριωτέρους
2839 4752 3282 4822 παρασκευάζεις
3304 4750 3386 4821 τῷ
3412 4749 3582 4819 φόόῳ.
3611 4744 3697 4796 καὶ

2140 4854 2276 4919 πρὸς
2306 4851 2470 4904 αὐτόν
2512 4867 2571 4903 σε
2641 4848 2945 4919 βλέποντας
2994 4845 3201 4908 πείθεις
3231 4838 3574 4916 ἀπηλλάχθαι
3609 4833 3697 4888 τοῦ

2063 4973 2111 5032 D
2139 4946 2347 5008 πάθους
2367 4961 2387 5019 ς
2411 4943 2519 4996 τῶν
2553 4960 2610 4994 τε
2644 4940 2990 5011 ἠδικημένων
3022 4937 3163 4991 οὕτω
3195 4939 3290 4990 καὶ
3338 4938 3477 5005 μετὰ
3508 4926 3697 4985 τοσαύ-

2134 5056 2232 5106 της
2256 5036 2572 5106 ὑπερδικεῖς
2619 5034 2718 5102 τῆς
2766 5026 3148 5098 παρασκευῆς,
3197 5027 3274 5091 ὡς
3326 5027 3461 5095 ὑπὲρ
3495 5021 3698 5076 οίκείων

2137 5126 2570 5197 ἀγωνιζόμενον
2610 5122 2741 5178 ὥστ’
2789 5122 2838 5176 εί
2891 5123 2984 5175 καὶ
3035 5120 3362 5191 παράδοξον,
3408 5114 3697 5171 λυσιτελεῖν

2138 5221 2310 5289 φαίην
2342 5218 2415 5276 ἂν
2444 5218 2629 5280 αὐτοῖς
2667 5216 2810 5283 κατὰ
2872 5214 3029 5268 τοῦτο
3058 5215 3118 5267 τὸ
3145 5213 3310 5283 μέρος
3342 5211 3439 5281 τὴν
3478 5206 3699 5277 ἀφαιρε-

2141 5324 2261 5363 ιτιν·
2282 5309 2363 5361 ὅτι
2387 5306 2630 5359 τοιοῦτον
2658 5307 2948 5376 κτήσαιντο
2973 5304 3287 5373 σύμμαχον.
3313 5298 3580 5370 Χαρίεντα
3607 5293 3698 5364 μὲν

2139 5401 2234 5454 οὖν
2258 5396 2354 5452 καὶ
2371 5398 2570 5461 ταῦτα,
2595 5398 2690 5451 καὶ
2712 5398 2810 5450 οὐκ
2834 5397 2899 5451 ἂν
2926 5396 3135 5464 ἑτέροις
3162 5392 3468 5465 ὑπερϐολὴν
3498 5389 3695 5459 ἔχοντα’

2142 5492 2336 5545 οθκουν
2383 5491 2492 5543 οὐδ’
2532 5490 2643 5542 ἔσθ’
2675 5492 2827 5551 ὅστις
2855 5489 3185 5555 ἁμιλλᾶσθαι
3215 5486 3463 5539 δύναιτο·
3491 5478 3700 5534 πλέονος

2142 5584 2198 5637 δὲ
2222 5584 2369 5647 ἄξιον
2399 5576 2461 5635 τδ
2488 5582 2727 5635 τοιοῦτον
2750 5582 2880 5634 ὄντα
2921 5580 2996 5651 μὴ
3043 5575 3552 5647 μεγαλαυχούμενον
3580 5564 3698 5636 φαί-

2148 5677 2357 5739 νεσθαι,
2388 5676 2521 5746 μηδὲ
2551 5675 2927 5743 eameam;
2958 5672 3113 5737 δόξας
3142 5672 3289 5741 ἔχειν
3322 5666 3449 5735 περὶ
3480 5656 3698 5732 σαυτοῦ”

2148 5768 2266 5821 ἀλλ’
2294 5768 2483 5834 ὥσπερ
2525 5767 2591 5819 ἂν
2617 5768 2664 5818 εξ
2694 5767 2885 5835 μηδενὶ
2919 5766 3028 5817 τῶν
3077 5763 3340 5817 ἁπάντων
3381 5755 3701 5835 κεκόσμησφι

2146 5857 2291 5911 οὕτω
2314 5858 2610 5926 δημοτικὸν
2646 5858 2843 5911 σαυτὸν
2872 5859 2986 5921 τοῖς
3022 5859 3154 5911 πᾶσι
3202 5850 3474 5926 παρέχειν
3497 5846 3589 5899 καὶ
3611 5834 3704 5916 μέ-
