4018 6460
379 374 480 437 377
1159 376 1448 436 ORATIO
1491 378 1591 437 AD
1617 377 2003 440 .ANGELUM
2047 382 2870 452 STRA'I‘OPEDARCIIAM._
3540 392 3648 456 378

375 511 547 560 τριον.
580 494 644 548 τδ
664 495 892 559 δεδωκδς
929 496 1030 566 τῆς
1075 498 1242 568 τιμῆς
1273 498 1366 550 καὶ
1404 497 1498 550 τοῦ
1552 497 1744 565 γένους
1777 499 1946 552 ἑκόντι

2070 502 2328 572 injuriam
2366 505 2640 571 perpessis
2672 505 2737 557 ad
2793 521 2920 558 eum
2957 506 3116 575 plane
3165 506 3405 568 modum,
3467 523 3645 576 eaque

378 588 621 658 λογισμῷ
655 591 931 659 μεθιέντα.

2062 609 2194 648 cura
2227 610 2289 648 ac
2341 597 2633 650 sedulitate
2681 599 2852 661 ades,
2901 609 3066 668 atque
3113 600 3158 654 si
3199 601 3641 662 necessariorum

382 690 598 736 tuorum
627 683 858 738 dicenda
892 683 991 739 tibi
1031 699 1196 740 causa
1245 695 1412 740 esset.
1463 684 1541 739 ita
1620 695 1714 748 ut,
1779 687 2034 754 quamvis
2069 687 2551 742 absurdiusculum
2611 689 2762 743 dictu
2812 692 2903 756 sit,
2952 693 3088 761 ipsis
3135 694 3239 747 bac
3291 702 3447 762 parte
3506 709 3645 762 pene

381 793 532 832 suam
559 785 824 847 prodesse
856 781 1087 835 dixerim
1124 783 1420 852 jacturam,
1452 781 1601 850 quod
1637 783 2210 838 talemnanciscuntur
2243 786 2574 854 adjutorem.
2649 786 2921 842 Caeterum
2992 800 3053 843 ut
3118 790 3318 843 decora
3360 790 3475 843 haec
3541 790 3639 842 tib.

379 883 508 924 sane
559 877 710 934 sunt,
759 871 1086 942 nullumque
1123 874 1247 927 aliis
1305 874 1672 942 exsuperandi
1726 875 1948 929 modum
1990 876 2216 942 habent,
2287 879 2544 947 quocirca
2598 895 2758 933 nemo
2811 880 2942 934 item
3013 888 3118 942 est,
3154 881 3246 949 qui
3280 881 3514 951 palmam
3546 879 3642 932 tibi

378 962 598 1016 dubiam
650 962 833 1019 facere
882 965 1053 1020 ausit.
1121 965 1195 1020 Ita
1251 967 1428 1036 pluris
1482 968 1585 1021 hoc
1632 976 1812 1022 tamen
1845 977 1948 1034 est,
1991 972 2136 1038 quod
2204 971 2327 1027 talis
2392 987 2518 1024 eum
2545 971 2642 1035 sis,
2665 973 2875 1026 nullum
2907 974 2961 1026 in
2998 982 3049 1027 te
3078 973 3358 1044 jactantize
3385 983 3645 1040 appareat

375 1057 685 1126 vestigium,
725 1074 908 1128 neque
941 1060 1296 1130 gloriosiores
1343 1062 1484 1114 ullas
1537 1062 1604 1118 de
1652 1071 1704 1116 te
1754 1063 1939 1118 foveas
1982 1064 2292 1131 opiniones,
2363 1079 2558 1117 verum
2613 1066 2842 1133 perinde
2893 1076 3062 1136 atque
3120 1067 3166 1121 si
3233 1067 3383 1120 nulla
3415 1081 3641 1135 prorsus

376 1167 436 1208 re
465 1156 724 1222 praeclara
755 1164 981 1212 ornatus
1003 1172 1179 1221 esses.
1217 1160 1291 1212 ita
1333 1159 1652 1228 popularem
1724 1169 1774 1214 te
1841 1161 2102 1215 omnibus
2164 1160 2624 1231 moderatumque
2656 1166 2896 1232 praebeas
2916 1204 2937 1234 η.
2987 1179 3054 1220 eo
3097 1165 3245 1234 quod
3323 1179 3640 1219 concessam

378 1248 600 1302 honoris
648 1249 977 1319 generisque
1029 1253 1401 1320 przestantiam
1469 1262 1665 1322 sponte
1722 1261 1813 1306 tua
1865 1255 2117 1309 remittis.

447 1362 520 1419 Γ.
551 1367 724 1419 Ταυτὶ
780 1368 837 1421 δέ
868 1385 926 1420 σε
961 1372 1052 1422 καὶ
1097 1371 1356 1422 δοκοῦντα
1392 1374 1485 1424 καὶ
1543 1373 1688 1440 ὄντα,
1739 1371 1819 1435 οἷς
1854 1377 1950 1444 μὲν

378 1457 510 1510 ἰδεῖν
540 1457 820 1524 ἐξεγένετο
861 1461 1006 1528 μάλα
1051 1465 1301 1530 μαίονται
1347 1478 1361 1492 ·
1415 1465 1464 1516 οἱ
1498 1466 1554 1516 δὲ
1582 1467 1682 1518 οὐκ
1727 1467 1946 1528 ἰδόντες,

376 1549 523 1611 ὅπως
551 1549 765 1604 ἔσονται
788 1552 1044 1623 τάχιστα,
1075 1555 1257 1608 πάντα
1291 1558 1540 1609 ποιοῦσι·
1569 1561 1694 1621 τοὺς
1728 1559 1782 1611 δὲ
1819 1560 1950 1610 ἰδόνε-

373 1657 472 1702 τας
507 1643 622 1710 μὲν,
651 1645 714 1696 οὐ
754 1644 1044 1712 φιλοῦντας
1073 1647 1150 1710 δὲ,
1195 1649 1242 1699 εί
1276 1648 1386 1717 ἄρα
1419 1650 1512 1701 καί
1544 1668 1687 1712 τινες
1717 1648 1829 1703 εἶεν
1859 1652 1948 1703 οὖ-

371 1748 480 1793 τως
504 1733 701 1795 ἀθλίως
750 1737 988 1808 ἔχοντες,
1019 1741 1094 1800 ὡς
1126 1739 1289 1807 ἔγωγ’
1336 1741 1436 1792 οὐκ
1474 1738 1650 1808 οἶμαι,
1684 1744 1737 1795 τί
1766 1760 1848 1803 τις
1881 1743 1948 1795 ἂν

374 1827 661 1893 προσείποι
679 1829 927 1894 δικαίως,
953 1830 986 1899 ἢ
1011 1835 1162 1900 σφῶν
1182 1833 1360 1886 αὐτῶν
1380 1834 1456 1896 ὡς
1475 1834 1692 1902 ἀληθῶς
1721 1835 1816 1904 ὲχο
1826 1837 1949 1904 ρους

371 1924 468 1976 καὶ
511 1922 606 1974 τοῦ
628 1922 1035 1985 λυσιτελοῦντος
1083 1924 1426 1992 βασκάνους’
1479 1927 1575 1978 καὶ
1613 1927 1695 1978 ὅτι
1742 1941 1832 1995 μοι
1863 1927 1950 1980 δο-

369 2013 573 2090 κοῦσιν.
603 2015 736 2082 οἷ’γε
764 2015 996 2068 τοιοῦτοι
1016 2007 1273 2087 ’μηδενὶς
1308 2019 1419 2070 τῶν
1459 2017 1762 2072 καλλίστων
1801 2019 1946 2089 ἔχειν

369 2110 565 2176 ἔρωτα,
611 2110 736 2178 μηδ’
767 2109 1079 2178 ἐπιθυμεῖν,
1114 2112 1307 2179 ἀνδρὸς
1352 2113 1706 2180 ἀμελοῦντες,
1736 2112 1797 2165 οὗ
1837 2115 1945 2176 πᾶς

367 2201 617 2255 ὁστισοῦν
642 2200 844 2268 εὔξαιτ’
885 2203 951 2256 ἂν
978 2206 1346 2274 πεπειρᾶσθαι
1368 2221 1383 2237 ο
1417 2205 1584 2268 mia;
1608 2206 1778 2276 ἡδίων
1805 2210 1944 2262 ἁπά-

369 2310 468 2363 σης
501 2295 693 2363 ἑορτῆς
732 2297 845 2358 τοῖς
905 2297 1124 2366 ἔχουσις
1163 2298 1383 2366 Σίἐγοῦν
1415 2299 1492 2368 τῷ
1531 2299 1639 2352 τῶν
1694 2302 1940 2370 ἐπῳδῶν,

367 2387 443 2450 ὡς
484 2387 641 2454 ἔφην,
675 2389 926 2458 ποικίλῳ,
959 2390 1058 2443 καὶ
1099 2409 1172 2460 μῃ
1208 2408 1298 2460 μοι
1332 2393 1524 2460 μέμψή
1557 2392 1625 2445 τὰ
1656 2395 1825 2445 πᾶσιν
1858 2394 1949 2447 ἕκ-

365 2479 499 2544 δςλα
532 2479 762 2546 λέγοντι,
794 2479 1056 2542 πλείστας
1076 2482 1175 2551 μὲν
1202 2483 1406 2546 πόλεις,
1428 2484 1526 2537 οὐκ
1551 2483 1706 2552 ὀλίγα
1732 2485 1788 2536 δὲ
1816 2484 1943 2556 ἔθνη

369 2572 684 2641 συνέδησας,
722 2574 816 2626 καὶ⁵
844 2573 1122 2635 πολιτείας
1147 2577 1259 2646 και
1279 2575 1509 2646 δήμους,
1545 2579 1640 2629 καὶ
1661 2581 1942 2640 συνοικίας

364 2665 694 2733 ἀγραύλους,
741 2666 840 2719 καὶ
882 2668 1004 2730 τοὺς
1057 2665 1242 2737 ὀπηδῆ
1283 2670 1382 2737 τῆς
1411 2671 1688 2740 ἡμετέρας
1726 2671 1943 2740 ἀνορω-

363 2775 530 2818 πουςο
563 2758 620 2809 οὐ
658 2759 768 2826 γὰρ
798 2755 872 2812 ὧν
908 2756 1100 2831 ἦρξας,
1142 2762 1205 2812 οὐ
1233 2763 1454 2822 τούτους
1487 2764 1818 2834 ὲγοήτευσας
1846 2766 1944 2833 μό-

363 2867 516 2914 νους·
547 2851 620 2912 ὡς
655 2853 728 2922 μὴ
763 2853 850 2915 ἂν,
883 2852 980 2906 ἕνα
1013 2853 1215 2922 μηδένα
1256 2853 1368 2906 τῶν
1406 2857 1623 2908 πάντων
1681 2857 1775 2908 σοῦ
1809 2858 1942 2927 πρός

364 2961 522 3014 τερον
546 2946 812 3012 τίθεσθαι,
839 2949 976 3019 μηδὲ
995 2948 1102 3000 τῶν
1128 2948 1301 3017 βελῶν
1328 2950 1552 3003 ἐκείνων
1581 2951 1936 3023 ἀμνημονεῖν,

365 3033 444 3101 οἷς
466 3042 664 3103 αὐτοὺς
692 3043 974 3110 ἓτρωσας·
1034 3042 1223 3105 ποθεῖν
1273 3044 1330 3096 δὲ
1371 3045 1465 3097 καὶ
1504 3039 1682 3108 αὖθις,
1726 3047 1846 3110 πῶς
1873 3047 1939 3100 ἂν

2136 1373 2220 1429 Ill.
2257 1377 2382 1429 llaec.
2418 1386 2471 1430 tu
2509 1377 2692 1443 igitur.
2717 1395 2837 1431 cum
2874 1388 2929 1432 et
2955 1395 3074 1433 csse
3099 1377 3643 1444 videaris,ctreapse

2057 1467 2152 1530 sis,
2187 1471 2344 1536 queis
2397 1474 2470 1521 tui
2512 1472 2730 1524 videndi
2789 1471 2944 1540 copia
3004 1470 3126 1535 fuit,
3179 1469 3254 1521 illi
3313 1470 3511 1521 insano
3564 1468 3640 1519 tui

2056 1577 2242 1616 amore
2295 1562 2614 1628 planissime
2668 1564 2877 1624 furunt,
2933 1563 3027 1632 qui
3075 1562 3309 1616 necdum
3364 1564 3642 1621 viderunt,

2058 1655 2187 1709 illud
2248 1665 2306 1708 ut
2369 1658 2778 1725 quamprimum
2845 1665 3277 1725 consequantur,
3336 1655 3643 1707 moliuntur

1978 1785 2025 1845 Β
2055 1751 2270 1814 omnia;
2306 1751 2396 1818 qui
2431 1760 2610 1803 autem
2641 1750 2901 1803 viderunt
2931 1789 2943 1812 ,
2979 1764 3156 1816 neque
3191 1759 3377 1802 ainant
3428 1757 3637 1810 tamen,

2053 1841 2096 1894 si
2147 1843 2238 1909 qui
2297 1841 2368 1894 ita
2425 1842 2613 1894 miseri
2664 1835 2975 1914 perdithue
3005 1848 3156 1901 sunt,
3197 1838 3344 1908 quod
3378 1837 3638 1906 equidem

2050 1943 2245 1998 parum
2277 1930 2409 1982 mihi
2441 1929 2498 1981 fit
2527 1930 2825 1996 probabile,
2863 1945 2972 1998 quo
3009 1930 3109 1982 hos
3137 1929 3304 1998 digno
3339 1929 3633 1996 quisquam

2051 2021 2291 2090 appellet
2319 2021 2564 2086 nomine,
2595 2038 2758 2090 quam
2785 2022 3103 2076 verissimus
3137 2022 3221 2075 sui
3253 2021 3496 2093 ipsorum
3541 2020 3640 2072 ho-

2051 2119 2207 2178 steis,
2241 2117 2660 2185 commodisque
2697 2118 2936 2186 publicis
2971 2115 3291 2182 maerentes,
3323 2109 3636 2184 cujusmodi

2052 2225 2182 2265 sane
2215 2209 2468 2263 homines
2501 2209 2708 2262 nullius
2742 2209 3240 2278 pulcherrimarum
3270 2221 3457 2260 rerum
3492 2207 3638 2260 desi-

2051 2303 2208 2357 derio
2242 2315 2306 2355 ac
2339 2301 2643 2370 cupiditate
2675 2302 2822 2370 tangi
2878 2301 3011 2356 mihi
3043 2301 3324 2366 videntur,
3356 2300 3634 2368 siquidem

2051 2396 2203 2449 illum
2234 2395 2517 2464 negligunt
2557 2395 2760 2457 virum,
2810 2394 2969 2465 cujus
3018 2394 3402 2463 unusquisque
3433 2378 3634 2446 merito

2051 2490 2154 2545 sibi
2186 2491 2530 2558 exoptaverit
2557 2491 2811 2543 notitiam
2841 2531 2854 2552 ,
2906 2489 3073 2558 quive
3103 2490 3280 2558 ipsum
3315 2486 3636 2540 familiarem

2052 2583 2392 2636 habentibus
2420 2582 2557 2635 festo
2591 2583 2785 2651 quovis
2817 2581 2906 2635 die
2947 2581 3164 2635 dulcior
3189 2579 3411 2635 cst?Tu
3451 2581 3638 2648 itaque

2031 2677 2218 2730 variis
2249 2675 2391 2740 istis,
2431 2691 2552 2742 qua:
2578 2675 2839 2739 diximus,
2871 2673 3296 2728 incantamentis
3321 2673 3426 2726 tuis
3449 2675 3636 2752 (atque

2049 2781 2118 2821 ne
2145 2767 2277 2818 mihi
2312 2765 2603 2819 manifesta
2635 2765 2894 2820 omnibus
2936 2765 3249 2834 usurpanti,
3279 2779 3487 2832 quaeso,
3511 2778 3647 2816 suc--

2049 2860 2336 2929 censeas),
2375 2875 2499 2913 cum
2544 2860 2713 2914 urbes
2749 2860 3050 2927 plurimas,
3109 2869 3224 2912 tum
3276 2872 3386 2911 non
3434 2849 3637 2925 paucas

2005 2983 2008 2986 -
2048 2953 2302 3005 nationes
2343 2951 2440 3006 tibi
2477 2950 2769 3005 devinxisti
2811 2950 3191 3020 colligastique
3221 2965 3236 3000 :
3269 2940 3327 3004 et
3368 2959 3633 3018 praeterea

2007 3057 2010 3062 '
2047 3046 2418 3114 respublieas,
2444 3052 2501 3098 et
2533 3045 2784 3114 populos,
2807 3051 2862 3098 et
2892 3057 3060 3113 pagos
3094 3042 3358 3104 rusticos,
3390 3052 3443 3094 et
3467 3048 3631 3119 quot-

363 3131 540 3194 εἴποις
571 3136 798 3186 τουτωνὶ
821 3135 1193 3200 πεπειρᾶσθαι
1226 3139 1660 3204 συνευχομένους
1683 3141 1791 3198 ἀεὶ,
1823 3140 1942 3192 ἀλλ’

2052 3148 2183 3208 quot
2211 3153 2546 3208 quacunque
2593 3138 2745 3192 orbis
2797 3137 2971 3192 nostri
3012 3145 3168 3206 parte
3191 3145 3484 3188 versantur
3536 3134 3635 3185 ho-

315 3279 326 3288 _
363 3227 634 3295 ὁσημέραι
673 3225 776 3295 τῆς
836 3229 935 3294 σῆς
987 3228 1179 3296 φήμης
1245 3229 1585 3296 ἑκασταχόσε
1636 3231 1942 3300 χωρούσης,

364 3316 616 3388 καθάπερ
665 3317 832 3369 πάλαι
867 3319 972 3383 τῆς·
1006 3317 1361 3384 Ἀλεξάνδρου
1393 3317 1486 3370 τοῦ
1519 3319 1610 3370 σοῦ
1643 3319 1818 3386 φίλου,
1868 3319 1945 3382 ὡς

363 3409 484 3478 εἴης
525 3412 641 3472 τοῖς
679 3411 1007 3481 ἀρχομένοις
1060 3411 1463 3480 φιλάνθρωπος,
1521 3412 1616 3463 καὶ
1668 3413 1743 3475 ὼς
1781 3412 1946 3465 Ἰλλυ-

367 3503 518 3571 ριοίις
542 3503 640 3570 μὲν
680 3505 982 3570 κατεστρέσᾲ
996 3521 1087 3556 ω.·
1120 3504 1444 3573 Τριϐαλλοῖς
1471 3503 1526 3555 δὲ
1561 3504 1725 3573 φόϐον
1757 3505 1948 3574 ἐνεθη-

365 3611 466 3656 κας
487 3609 502 3624 ⁸
533 3596 630 3648 καὶ
657 3597 769 3657 τοῖς
805 3596 1034 3665 Περσῶν
1081 3597 1275 3664 αἵμασι
1312 3595 1576 3658 πολλάκις
1603 3596 1815 3663 ἔδαψας
1842 3597 1940 3665 τὴν

363 3688 588 3759 αἰχμὴν,
612 3690 722 3745 τῶν
755 3691 813 3743 ὲν
838 3692 996 3761 χερσὶ
1023 3691 1298 3744 πεσόντων
1330 3691 1544 3752 οὐδενὸς
1562 3685 1718 3758 οἶμαι
1745 3691 1942 3757 διαφυ-

362 3783 586 3849 γόντος,
627 3781 815 3854 ὥσπερ
845 3800 931 3848 τις
977 3784 1217 3852 σκηπτὸς
1257 3783 1516 3837 ἀπαντῶν
1546 3785 1656 3844 τοῖς
1682 3783 1943 3835 ἀνθιστα-

369 3874 570 3941 μένοις.

2053 3233 2249 3284 mines.
2286 3231 2475 3299 Neque
2508 3231 2607 3283 hos
2635 3231 2784 3284 enim
2826 3231 2994 3293 solos,
3025 3228 3170 3299 apud
3219 3243 3357 3296 quos
3385 3239 3507 3280 cum
3538 3226 3638 3278 im-

2048 3327 2203 3395 perio
2256 3326 2459 3386 fueras,
2499 3327 2552 3378 in
2607 3335 2817 3380 tantum
2865 3322 3162 3378 incantasti
3192 3361 3206 3386 ,
3245 3331 3301 3375 ut
3358 3321 3633 3373 neminem

2053 3433 2225 3472 unum
2265 3417 2579 3472 mortalium
2640 3417 2738 3470 tibi
2788 3423 3167 3484 anteponant,
3207 3427 3386 3479 neque
3416 3410 3638 3478 sagitta-

2053 3525 2175 3562 rum
2244 3497 2458 3563 illarum
2516 3523 2722 3563 exuere
2777 3515 2987 3577 queant
3020 3505 3368 3568 memoriam,
3431 3502 3636 3570 quibus

2051 3603 2200 3669 ipsos
2235 3601 2693 3656 consauciaveras
2725 3643 2739 3665 ,
2795 3599 2897 3655 sed
2939 3600 3276 3660 desiderent,
3339 3597 3636 3663 denunque

2052 3707 2244 3746 rursus
2272 3693 2493 3746 easdem
2519 3683 2764 3759 experiri
2827 3691 3217 3745 incredibilem
3242 3687 3293 3742 in
3323 3687 3542 3740 modum
3579 3697 3634 3736 et

2050 3796 2318 3855 perpetuo
2348 3793 2604 3854 exoptem
2631 3825 2645 3849 ,
2675 3799 2867 3838 verum
2899 3783 3064 3837 etiam
3088 3781 3335 3850 quotidie
3373 3789 3636 3832 manante

2052 3893 2526 3948 quoquoversum
2581 3876 2822 3931 nominis
2872 3879 2951 3931 tui
3005 3877 3170 3937 fama,
3201 3879 3260 3927 u't
3291 3874 3421 3926 uiim
3480 3873 3636 3924 l‘ami-

365 3969 520 4022 liaris
551 3968 700 4023 illius
753 3969 830 4024 tui
868 3971 1202 4036 .Alexandri,
1266 3987 1426 4042 quam
1459 3979 1513 4024 tu
1569 3969 1719 4025 mitis
1752 3979 1809 4026 et
1853 3970 2096 4027 clemens
2167 3975 2218 4027 in
2268 3975 2438 4027 civeis
2509 3985 2631 4028 tuos
2691 3975 2790 4038 sis,
2856 3984 2916 4027 ut
2967 3972 3181 4042 Illyrios
3225 3968 3532 4027 everteris,
3569 3980 3631 4019 ut

365 4066 624 4121 Triballis
659 4076 930 4123 terrorem
963 4071 1245 4140 inieceris,
1303 4085 1360 4124 ut
1435 4072 1643 4123 hastam
1721 4078 1868 4124 tuam
1919 4060 2302 4140 saepenumero
2374 4058 2671 4126 Persarum
2703 4073 2969 4140 sanguine
3026 4067 3333 4122 imbueris:
3395 4064 3636 4127 nemine,

368 4171 426 4213 ut
481 4163 696 4230 opinor,
734 4164 824 4232 qui
883 4165 936 4217 in
1006 4157 1126 4219 tuas
1179 4166 1349 4220 semel
1404 4165 1694 4219 incidisset
1729 4179 1943 4230 manus,
1986 4167 2195 4235 elapso.
2265 4168 2342 4221 lta
2409 4175 2467 4221 tu
2493 4165 3043 4233 nimirum,fulminis
3073 4166 3126 4217 in
3147 4173 3380 4224 morem,
3415 4158 3634 4212 obviam

309 4271 312 4274 '
368 4261 1019 4329 repugnantibusitabas.

435 4375 508 4430 A'.
549 4376 784 4429 Τοιαῦτα
815 4376 1033 4430 πάντων
1065 4379 1159 4431 καὶ
1220 4379 1300 4432 ἔτι
1323 4379 1495 4434 πλείω
1521 4381 1614 4434 καὶ
1647 4383 1801 4450 κοινῇ
1844 4379 1940 4433 καὶ

367 4466 488 4517 κατ’
522 4465 688 4536 ἄνδρα
715 4468 808 4518 καὶ
840 4471 982 4520 κατὰ
1014 4472 1247 4538 φατρίας
1288 4471 1544 4540 ᾀδόντων,
1577 4472 1942 4540 ἐπιθυμοῦσιν

2119 4377 2209 4431 1V.
2248 4373 2479 4441 Quando
2540 4373 2705 4442 igitur
2761 4367 3074 4440 huiusmodi
3122 4369 3393 4436 quzedam,
3441 4370 3496 4416 et
3547 4361 3638 4415 his

2053 4472 2235 4525 adhuc
2269 4470 2444 4538 plura,
2473 4479 2528 4521 et
2556 4466 2948 4522 communiter,
3003 4471 3057 4514 et
3089 4461 3320 4522 viritim,
3349 4463 3404 4509 et
3452 4456 3632 4508 tribu-

368 4558 425 4607 αἱ
445 4557 624 4619 πόλεις
643 4559 737 4626 τῆς
766 4561 865 4626 σῆς
892 4562 1356 4630 στρατηγίας,καὶ
1378 4565 1476 4632 τῆς
1506 4565 1637 4635 περὶ
1651 4566 1748 4627 τὰς
1773 4564 1946 4634 ἀρχὰς

2059 4567 2178 4627 tim,
2210 4563 2280 4617 ab
2307 4561 2568 4615 omnibus
2598 4559 3004 4617 collaudantur,
3036 4552 3164 4606 inde
3190 4555 3268 4614 lit,
3312 4560 3372 4604 ut
3403 4562 3494 4603 tua
3525 4550 3632 4602 im-

365 4648 879 4716 ἐπιστήμης,οῦτως
902 4651 1340 4722 ἆμεινονέκσὶστη
1365 4654 1594 4723 πράξειν
1611 4654 1950 4706 πιστεύουσα

368 4738 463 4789 σοῦ
497 4740 747 4809 λαχόντος
776 4743 966 4811 ἄρχειν
1000 4744 1192 4812 αὐτῆς.
1232 4743 1293 4795 Ἦ
1338 4746 1392 4796 δὲ
1443 4745 1647 4797 τούτων
1679 4745 1949 4814 ἐπιθυμία

367 4833 535 4893 αὖτάς
571 4853 628 4886 τε
678 4834 883 4898 ταύτας
933 4837 1027 4889 καί
1065 4838 1111 4888 σ’
1149 4838 1286 4904 ὁμοῦ
1339 4840 1434 4889 καὶ
1484 4839 1574 4890 τὸν
1637 4839 1949 4909 κρατοῦντα

370 4924 646 4992 σεμνύνει.
711 4927 880 4997 Εἴπερ
936 4927 1143 4987 ἐκεῖνος
1203 4928 1303 4995 μὲν
1337 4928 1465 4990 τοὺς
1525 4928 1781 4994 ἀρίστους
1817 4930 1973 4995 περὶ·

368 5018 610 5079 πλείονος
637 5017 760 5084 ἄγει
790 5017 967 5086 τιμῶν
999 5021 1094 5070 καὶ
1117 5017 1432 5085 Θαυμὰζων,
1461 5019 1526 5070 σὺ
1552 5018 1607 5069 δὲ
1630 5019 1746 5087 εἴης
1777 5018 1948 5070 τοιοῦ-

367 5127 457 5171 τος
477 5124 492 5140 ο
529 5110 586 5161 αἱ
615 5109 658 5162 δ’
686 5112 792 5178 ἄρα
827 5111 1010 5172 πόλεις
1043 5112 1147 5163 ὑπὸ
1175 5111 1268 5162 σοῦ
1302 5111 1624 5178 κοσμεῖσθαι
1645 5110 1944 5177 βούλονται·

374 5201 574 5268 μᾶλλον
609 5202 662 5254 δὲ
685 5203 843 5272 εἴπερ
874 5196 1035 5256 αὗται
1070 5203 1167 5272 μὲν
1208 5202 1302 5254 τοῦ
1329 5202 1737 5264 λυσιτελοῦντος
1757 5203 1947 5270 ἐρῶσι·

371 5296 435 5346 συ
467 5295 523 5352 δὲ
550 5295 707 5348 τοῦτο
740 5296 1036 5366 παρέχειςο
1093 5297 1119 5347 ὁ
1171 5296 1226 5347 δὲ
1261 5295 1445 5364 ἄρχων
1492 5297 1571 5347 σοὶ
1614 5297 1680 5348 τὰ
1715 5296 1951 5363 μέγιστα

373 5389 570 5458 χρῆται
591 5407 604 5420 ·
635 5390 731 5459 οὐχ
757 5390 839 5441 ὅτι
879 5391 1022 5458 μάλα
1059 5388 1202 5442 κατὰ
1227 5390 1381 5454 γένος
1409 5388 1560 5457 αυτῷ
1603 5389 1900 5459 πρπσήκεις
1927 5406 1942 5421 ⁸

367 5479 476 5531 οὐδ’
505 5481 698 5549 ὅτιπερ
728 5478 804 5532 ὢν
830 5481 1118 5550 τυγχάνεις
1139 5481 1452 5549 ἀδελφιδοῦς
1475 5495 1488 5509 ·
1533 5481 1648 5541 πῶς
1688 5483 1796 5551 γὰρ
1827 5483 1948 5534 ἑτέ-

373 5589 481 5640 ρων
510 5571 678 5625 ὄντων
731 5575 830 5626 οὐκ
882 5575 1080 5641 ὀλίγων
1112 5574 1282 5642 αὐτῷ,
1333 5572 1427 5636 οὓς
1463 5574 1714 5627 πλεῖστον
1751 5578 1952 5645 ἀπέχει

372 5665 478 5715 τῶν
503 5666 632 5718 ίσων
661 5666 740 5718 σοί
773 5667 825 5734 γ’
858 5667 1084 5734 ἁξιοῦνς
1124 5668 1238 5719 ἀλλ’
1274 5669 1474 5737 ἀρετῆς
1505 5669 1690 5720 εἵνεκα
1722 5671 1816 5722 καὶ
1851 5671 1949 5738 τῆς

370 5761 427 5808 ὲν
453 5760 563 5817 τοῖς
610 5759 920 5823 καλλίστοις
963 5761 1283 5826 πλεονεξίας
1333 5763 1528 5829 τιμῶν,
1563 5759 1756 5831 ὥσπερ
1797 5763 1947 5825 six-it;

370 5851 649 5924 εὐδοκιμεῖ
683 5855 740 5924 τῇ
785 5855 985 5925 κρίσει,
1039 5853 1228 5923 ὥσπερ
1277 5853 1682 5923 ἐνδεικνύμενος
1719 5853 1947 5920 air-asty,

2055 4657 2228 4726 pel-ia,
2261 4663 2405 4708 tuam
2428 4653 2844 4720 magistratuum
2868 4648 3139 4716 peritiam,
3162 4645 3326 4699 urbes
3349 4651 3633 4712 expetant,

2062 4750 2136 4803 ita
2172 4748 2427 4800 videlicet
2462 4745 2658 4798 melius
2688 4757 2920 4811 qumque
2957 4755 3144 4795 secum
3182 4749 3366 4793 actum
3395 4737 3459 4790 iri
3495 4745 3634 4800 rata,

2055 4841 2102 4895 si
2144 4850 2200 4893 tu
2235 4839 2613 4908 praifeeturam
2657 4836 2830 4904 ipsius
2879 4833 3110 4887 sortitus
3152 4833 3344 4885 l’ueris.
3378 4831 3510 4895 Quae
3541 4845 3636 4882 ur-

2056 4935 2204 4988 bium
2235 4931 2526 4993 desideria,
2560 4939 2617 4983 et
2645 4930 2763 4983 illas
2795 4929 2958 4997 ipsas,
2995 4937 3048 4981 et
3079 4936 3130 4980 te
3162 4942 3267 4980 una
3301 4941 3425 4979 cum
3461 4925 3636 4993 impe-

2058 5036 2256 5089 ratore,
2293 5023 2447 5092 plane
2477 5022 2882 5076 commendant.
2917 5019 3370 5089 Quandoquidem
3403 5018 3638 5086 impera-

2059 5127 2142 5170 tor
2211 5117 2446 5170 maximo
2500 5113 2989 5184 praestantissimus
3052 5127 3303 5181 quosque
3367 5112 3516 5163 viros
3574 5109 3630 5162 in

2055 5207 2234 5278 pretio
2268 5205 2452 5267 habet,
2491 5219 2629 5274 quos
2688 5203 2945 5257 videlicet
2997 5203 3300 5256 honoribus
3352 5210 3406 5254 et
3464 5201 3634 5268 gloria

2056 5300 2319 5360 cuumlat,
2357 5298 2423 5352 de
2451 5313 2561 5368 quo
2589 5313 2791 5366 genere
2825 5305 2880 5349 tu
2911 5313 3003 5360 es;
3053 5299 3148 5350 alis
3183 5305 3232 5348 te
3291 5309 3422 5346 vero
3445 5295 3629 5346 ornari

2058 5393 2282 5462 regique
2311 5391 2476 5444 urbes
2508 5392 2805 5458 postulant,
2826 5390 2940 5444 sive
2972 5391 3174 5458 potius,
3200 5386 3458 5455 quoniam
3485 5401 3635 5438 com-

2057 5483 2217 5536 moda
2249 5496 2348 5534 sua
2404 5481 2568 5535 urbes
2604 5489 2790 5533 amant
2828 5498 2840 5533 :
2880 5496 3001 5548 quia
3037 5489 3090 5532 tu
3129 5477 3262 5546 ipsis
3298 5487 3542 5544 praestas,
3575 5483 3634 5527 ιιι

2057 5585 2168 5638 tua,
2200 5575 2519 5643 imperator,
2562 5573 2816 5625 maximis
2883 5571 2936 5623 in
2992 5569 3157 5623 rebus
3207 5583 3372 5634 opera
3427 5566 3629 5619 utitur.

2055 5669 2224 5736 idque
2255 5684 2362 5721 non
2406 5681 2525 5721 eam
2561 5667 2630 5719 ob
2666 5681 2779 5719 rem
2814 5665 2958 5734 quod
2994 5672 3140 5716 arcta
3169 5661 3271 5729 ipsi
3307 5660 3633 5728 propinqui-

2056 5771 2164 5815 tate
2185 5761 2452 5828 junctus,
2501 5766 2595 5811 aut
2639 5756 2785 5825 quod
2840 5758 3010 5808 lratre
3059 5753 3232 5820 ipsius
3289 5751 3474 5804 editus
3527 5766 3628 5813 es;

2052 5871 2290 5930 quonam
2327 5853 2430 5908 hoc
2461 5852 2682 5922 inquam
2711 5851 2870 5904 modo
2899 5890 2910 5914 ,
2944 5847 3162 5919 quando
3199 5845 3276 5902 illi
3313 5846 3628 5918 hujustuudi
