4018 6490
443 395 555 456 37η

1692 391 1792 451 ΤΠ
1805 389 2098 453 EODULI
2141 390 2492 454 MONACIII

3633 392 3731 456 383

445 524 555 563 non
588 506 749 578 pauci
791 505 883 561 alii
915 515 1116 576 prtesto
1139 503 1307 561 sunt?
1335 519 1476 574 quos
1517 504 1749 558 multum
1782 504 2032 575 profecto

2153 507 2213 571 ὒς
2241 507 2369 561 οὔτε
2401 510 2529 573 τοὺς
2555 508 2836 577 ἐγγύτατα
2902 509 3005 579 μὲν
3064 506 3218 579 αὗτῷ
3271 507 3591 576 πεφυκότας
3640 510 3735 564 τοῦ

442 602 619 663 abest,
652 609 712 653 ut
752 597 980 671 paribus
1026 606 1208 652 tecum
1242 596 1565 651 mactandos
1596 606 1822 652 censeat
1852 596 2032 651 hono—

444 692 601 747 ribus
641 690 779 746 :sed
819 689 1041 745 virtutis
1076 699 1202 753 tuae,
1229 688 1585 760 pulchrisque
1612 689 1664 742 in
1694 688 1868 744 rebus
1907 704 2030 743 om-

446 785 612 840 nibus
644 783 986 840 excellentias
1036 786 1237 839 merLto
1261 824 1276 849 ,
1311 790 1364 838 te
1412 782 1719 849 extollens,
1753 781 1838 837 sui
1874 781 2039 851 hujus

438 877 638 947 judicii
684 876 883 947 gloria.
939 884 1002 930 ut
1051 890 1272 945 aequum
1322 883 1428 938 est,
1479 874 1595 944 ipse
1643 873 1869 928 fruitur.
1923 873 2039 928 lloc

442 969 592 1036 enim
622 968 776 1023 velut
801 966 1104 1038 speeimine
1124 967 1306 1037 palam
1347 965 1610 1021 omnibus
1649 964 1813 1030 facit,
1855 978 2037 1034 neque

445 1074 565 1113 sese
620 1073 822 1128 genere
865 1058 969 1113 sibi
1004 1061 1328 1129 proximos,
1381 1066 1437 1112 at
1483 1056 1709 1112 virtutis
1739 1055 2040 1111 destitutos

449 1151 746 1219 praeconio,
805 1150 1032 1203 virtutis
1087 1149 1414 1212 sodalibus.
1480 1147 1701 1220 generis
1766 1146 2039 1202 duntaxat

444 1260 630 1303 causa.
663 1243 1030 1298 antelaturum
1057 1283 1073 1309 ,
1099 1258 1278 1312 neque
1300 1257 1518 1311 tequum
1541 1240 1945 1311 judicaturum,
1981 1248 2043 1296 ut

2141 600 2357 670 γένους,
2388 600 2447 664 ἐξ
2472 601 2678 670 ἀρετῆς
2715 602 2773 655 δὲ
2801 602 2865 655 οὐ
2919 600 3305 675 βεϐοηπένους,
3358 600 3470 669 πρὸ
3499 604 3608 654 τῶν
3639 603 3735 671 τῆς

2141 693 2345 762 ἀρετῆς
2378 692 2615 763 ἑταίρων
2645 692 2735 746 διὰ
2761 693 2818 746 τὸ
2849 694 3010 761 γένος
3038 691 3313 763 ποιήσαιτ’
3335 691 3426 755 ἂν,
3462 690 3588 745 οὔτε
3611 695 3736 755 τοὺς

2146 784 2224 855 μὴ
2268 786 2648 854 προσήκοντας
2683 785 2782 855 μιν
2828 788 2897 856 τῇ
2941 785 3145 854 φύσει,
3177 784 3642 847 σπουδαιοτάτους
3680 786 3737 838 δὲ

2142 877 2299 940 ὄντας
2326 877 2777 947 ὲτέρως¹ἕλαττυν
2796 878 2943 949 ἔχειν
2967 877 3081 931 τῶν
3109 876 3232 932 καθ’
3245 870 3385 947 αἷμα
3415 876 3736 946 ψηφίσαιτο·

2142 969 2258 1024 ἀλλ’
2291 968 2484 1039 ὥσπερ
2523 970 2732 1034 ἐκεῖνος
2766 971 2997 1042 μίμημα
3047 971 3216 1024 πᾶσιν
3266 970 3483 1039 ἀγαθοῦ
3520 970 3743 1039 πρόκει-

2144 1078 2259 1126 ται,
2288 1059 2365 1123 ὣς
2388 1060 2444 1113 δὲ
2475 1061 2574 1114 καὶ
2608 1060 2738 1125 τοὺς
2768 1061 2899 1132 περὶ
2938 1061 3103 1115 αὑτὸν
3134 1060 3281 1132 ἔχειν
3317 1058 3580 1129 βούλεται
3611 1060 3740 1129 πρέο

2145 1168 2317 1205 ποντα
2339 1152 2605 1222 πρέποντι
2634 1154 2795 1222 χορὸν
2819 1153 3106 1224 κορυφαίῳ
3129 1168 3146 1184 ⁸
3183 1152 3280 1206 καὶ
3304 1149 3529 1213 τούτοις
3556 1150 3743 1219 ἥδεται

2151 1241 2374 1310 μᾶλλον,
2404 1241 2438 1311 ἢ
2470 1241 2551 1311 τῷ
2582 1243 2718 1312 πρὸς
2750 1244 2819 1311 τῇ
2858 1242 3067 1313 κεφαλῇ
3098 1241 3253 1313 λίθῳ.

455 1339 546 1408 qui
584 1340 717 1407 νοιςτί
743 1344 963 1409 generis
996 1353 1103 1392 non
1130 1347 1281 1401 sunt.
1311 1338 1404 1394 sed
1475 1336 1670 1408 optimi
1713 1336 1918 1406 alioqui
1979 1335 2432 1407 probissimique,
2471 1337 2749 1393 deteriore
2820 1354 2987 1408 quam
3035 1339 3382 1409 propinquos
3447 1350 3582 1392 suos
3621 1349 3743 1390 esse

448 1435 594 1489 loco.
625 1434 731 1489 Sed
767 1451 903 1490 vero
946 1435 1289 1488 utomnibus
1325 1436 1443 1505 ipse
1497 1434 1725 1489 virtutis
1789 1433 1855 1489 ad
1929 1433 2254 1489 imitandum
2294 1435 2610 1506 propositus
2683 1436 2986 1505 exemplar,
3019 1445 3140 1498 est,
3191 1437 3263 1491 ita
3310 1432 3741 1504 eiusdemmodi,

447 1530 755 1599 proximam
789 1529 1092 1584 amicorum
1123 1528 1404 1584 cohortem
1437 1543 1558 1583 esse
1588 1528 1737 1583 vult;
1775 1527 2036 1583 decorum
2082 1528 2294 1584 scilicet
2359 1529 2566 1584 decoro
2628 1528 2925 1599 eorypbaso
2972 1529 3205 1585 chorum
3240 1544 3253 1580 :
3282 1528 3493 1598 quibus
3534 1526 3746 1595 impen-

447 1626 565 1681 sius
597 1626 688 1682 ille
722 1626 1055 1693 delectatur,
1089 1632 1265 1696 'quam
1303 1626 1553 1681 radiante
1586 1625 1892 1683 secundum
1920 1624 2185 1680 verticem
2221 1641 2456 1696 gemma.

525 1719 587 1774 V.
626 1718 863 1773 Maxima
896 1720 1082 1790 itaque
1110 1729 1167 1775 et
1208 1720 1571 1790 imperatori,
1607 1727 1663 1774 et
1704 1720 1829 1785 tibi,
1862 1719 2037 1791 gratia
2076 1725 2117 1782 Β

453 1818 591 1862 esto.
634 1807 717 1861 Illi
752 1808 822 1863 ob
859 1807 1138 1875 honores,
1176 1825 1318 1880 quos
1349 1810 1523 1876 dedit,
1561 1818 1618 1865 et
1660 1810 1793 1865 illud
1825 1812 1904 1865 tui
1943 1825 2041 1883 or-

452 1899 618 1953 nandi
654 1899 924 1965 studium,
963 1901 1060 1956 tibi
1119 1917 1272 1969 vero,
1312 1902 1386 1958 ita
1432 1903 1501 1957 ad
1534 1903 1720 1959 omnia
1777 1912 1905 1972 apto
1974 1913 2039 1959 et

453 1990 656 2045 idoneo
689 1992 830 2046 viro.
884 1993 1005 2058 Quo
1047 2010 1151 2049 nos
1194 2006 1379 2061 autem
1427 1995 1608 2051 all‘ecti
1642 1996 1806 2052 modo
1835 1997 2033 2060 simus,

455 2101 690 2155 quemve
724 2085 793 2142 de
829 2097 885 2145 te
923 2103 1206 2145 versemus
1228 2089 1511 2155 animum,
1542 2089 1596 2144 id
1642 2090 1869 2147 minime
1921 2104 2043 2145 oui-

452 2178 605 2233 niutn
633 2179 1041 2251 incompertum
1072 2182 1171 2237 tibi
1197 2198 1319 2241 esse
1365 2192 1645 2254 putamus.
1682 2184 1730 2240 ls
1776 2195 1834 2239 tu
1890 2185 2039 2240 enim

438 2270 682 2327 omnino
706 2286 786 2336 es,
827 2275 1080 2345 quicum
1125 2274 1397 2331 scelerum
1430 2289 1533 2331 nos
1577 2286 1893 2331 nostrorum
1939 2276 2043 2330 im-

452 2364 716 2423 manitate
740 2365 851 2421 Deo
878 2382 1044 2437 quam
1080 2369 1320 2425 maxime
1353 2369 1582 2434 invisos,
1610 2368 2041 2425 crudelissimis-

454 2471 561 2525 que
592 2457 843 2514 barbaris
872 2460 1035 2529 plane
1068 2460 1310 2535 deditos.
1351 2464 1646 2535 etjamjam
1685 2464 1876 2519 ultimo
1896 2461 2042 2518 haud

454 2545 626 2600 dubie
679 2548 1116 2620 propinquantes
1169 2553 1382 2617 exilio,
1437 2555 1770 2624 accepisses.
1813 2555 2043 2610 minime

457 2639 639 2705 perire
669 2640 916 2703 sinebas,
943 2644 1248 2700 exercitum
1296 2645 1560 2701 nimirum
1600 2647 1856 2711 ductans,
1895 2662 2047 2702 com-

458 2731 858 2800 mnnefaciens.
892 2737 1123 2793 consilia
1173 2738 1625 2802 subministratis,
1657 2740 1882 2794 meliora
1928 2756 2050 2796 om-

457 2825 547 2878 nia
576 2825 837 2894 moliens,
882 2829 1198 2899 urgentium
1256 2830 1529 2886 malorum
1568 2832 1831 2903 etl‘ugium
1891 2848 2048 2904 repe-

457 2916 634 2979 riens,
663 2917 862 2988 exigua
903 2920 1138 2975 militum
1185 2937 1373 2988 manu,
1420 2932 1478 2977 et
1506 2923 1614 2978 hac
1659 2923 2043 2990 trcmtbunda,

458 3023 585 3064 cum
609 3008 995 3068 innumerabili
1026 3012 1267 3069 hostium
1295 3014 1654 3070 multitudine
1673 3016 1873 3085 saapius
1888 3017 2044 3087 signa

2228 1721 2457 1791 Ἐκείνῳ
2490 1722 2590 1793 μὲν
2623 1718 2718 1775 οἷν
2747 1723 2842 1776 καὶ
2898 1723 2982 1776 σοὶ
3022 1721 3250 1791 πλείστη
3306 1721 3474 1791 χάρις
3517 1718 3585 1773 ἂν
3612 1719 3696 1788 εἰη
3723 1722 3742 1742 ⁸

2147 1812 2227 1885 τῷ
2258 1814 2361 1884 μὲν
2391 1815 2487 1868 τοῦ
2518 1816 2661 1869 κατὰ
2691 1816 2752 1869 σὺ
2784 1814 3280 1886 συγκεχωρηκότος
3314 1814 3418 1867 καὶ
3447 1813 3549 1881 τῆς
3576 1826 3736 1864 σπου-

2146 1907 2265 1976 δῆς.
2297 1905 2382 1960 σοὶ
2407 1906 2453 1961 δ’
2478 1906 2918 1978 ιπιτηδειότητος
2961 1906 3059 1976 τῆς
3117 1908 3175 1970 ἐς
3213 1905 3475 1960 ἅπαντα·
3506 1905 3668 1973 ἡμεῖς
3686 1901 3742 1954 δὲ

2147 1998 2297 2061 ὅπως
2327 1997 2527 2069 ἔχομεν
2559 1998 2787 2068 γνώμης
2810 2014 2827 2032 ⁶
2862 1998 2957 2053 καὶ
2978 1999 3107 2051 τίνα
3143 1996 3273 2051 νοῦν
3302 1997 3439 2068 περὶ
3468 1994 3565 2067 ροῦ
3591 1996 3742 2063 στρέ-

2147 2107 2321 2160 φομεν
2347 2128 2361 2153 ,
2392 2090 2630 2162 μάλιστα
2666 2094 2915 2156 niveum,
2982 2087 3143 2161 οἶμαι
3176 2090 3241 2144 αἱ
3293 2089 3629 2158 γινώσκειν·
3676 2087 3738 2140 σὺ

2152 2184 2261 2252 γὰρ
2293 2183 2600 2252 δήπουθεν,
2642 2185 2670 2236 ὁ
2715 2184 2796 2253 τῷ
2855 2183 3198 2254 μεμισῆσθαι
3259 2182 3550 2250 κατάκρας
3594 2176 3741 2246 παρὰ

2153 2274 2290 2331 Θεοῦ
2328 2275 2417 2329 διὰ
2447 2275 2648 2338 κακίας
2678 2275 3013 2346 ὑπερὸολὴν,
3068 2273 3375 2345 βαρϐάροις
3408 2272 3561 2341 ἡμᾶς
3598 2270 3741 2338 ὤμου

2152 2367 2336 2432 τάτοις
2361 2366 2747 2436 ἐκδεδομένους
2772 2384 2846 2420 πα
2856 2365 3131 2437 ραλαὸὼν,
3153 2364 3253 2419 καὶ
3287 2363 3587 2433 μέλλοντας
3615 2360 3743 2426 sse-

2153 2459 2266 2521 λεις
2294 2459 2371 2521 ὠς
2389 2459 2611 2529 ἀληθῶς
2657 2458 3008 2524 ἀπολεῖσθαι,
3038 2458 3143 2511 οὐκ
3173 2458 3350 2521 ἔασας
3379 2453 3739 2515 ἀπολωλέναι,

2156 2551 2504 2623 στρατηγῶν.
2539 2551 2811 2605 νουθετῶν
2864 2549 3278 2621 συμόαυλεύων,
3349 2546 3743 2620 μηχανώμενος

2156 2645 2225 2697 τὰ
2253 2643 2481 2715 βελτίω,
2524 2642 2850 2715 ἀπαλλαγὴν
2904 2644 3017 2698 τῶν
3064 2630 3391 2697 λυπούντων
3453 2638 3740 2709 εὑρίσκων,

2155 2738 2358 2806 ὀλίγοις
2389 2738 2501 2792 τισὶ
2538 2737 2926 2810 στρατιώταις,
2959 2739 3052 2791 καὶ
3079 2735 3293 2798 τούτοις
3322 2732 3591 2805 τρέμουσι
3613 2727 3741 2799 πρὸς

2156 2829 2393 2900 ἀριθμοῦ
2427 2832 2677 2900 κρεῖττον
2710 2830 2869 2892 ἔθνος
2902 2829 3171 2892 πολλάκις
3237 2824 3739 2899 παραταττόμενος-

2159 2923 2348 2986 Διδοὺς
2373 2922 2625 2977 ἐντεῦθεν
2659 2923 2866 2978 ἅπασιν
2899 2924 3127 2991 ἐννοεῖν,
3148 2922 3226 2986 ὡς
3255 2921 3385 2993 μετ’
3416 2919 3596 2987 ὀλίγον
3617 2911 3741 2968 Θεοῦ

2158 3017 2478 3082 νενευκότος
2500 3018 2674 3072 καὶτὸ
2703 3020 2812 3074 πᾶν
2836 3017 3134 3089 ἐξεργάσῃ,
3159 3014 3253 3071 καὶ
3277 3012 3621 3083 κατακόψεις
3648 3024 3744 3061 κα⁶

461 3100 756 3156 conferens
780 3144 797 3168 ,
838 3117 904 3158 ex
934 3119 1110 3175 eoque
1160 3106 1567 3176 conjiciendum
1615 3107 1874 3163 omnibus
1907 3122 2047 3177 prae-

2159 3114 2288 3177 κους
2310 3112 2524 3176 κακῶς,
2564 3112 2818 3183 καθάπερ
2852 3112 2988 3165 ποτε
3020 3110 3375 3166 Πλαταιᾶσιν
3420 3110 3451 3162 ὁ
3484 3102 3743 3160 Λακεδαι-

463 3196 622 3259 bens,
654 3196 772 3251 fore
803 3209 862 3251 ut
892 3197 1042 3255 brevi
1071 3199 1183 3255 Deo
1212 3198 1512 3264 adnuente,
1556 3215 1673 3256 rem
1731 3215 1951 3256 omnem
1979 3201 2048 3255 ad

467 3287 769 3357 optabilem
825 3291 1030 3344 exitum
1097 3292 1503 3361 perducturus,
1562 3293 1846 3363 malosque
1908 3294 2051 3349 male

462 3382 788 3438 concisurus
830 3385 942 3451 sis,
980 3385 1447 3455 quemadmodum
1496 3387 1777 3457 quondam
1807 3386 1873 3443 ad
1925 3387 2051 3447 Pla-

463 3484 597 3529 taeas
648 3474 947 3533 Pausanias
998 3476 1451 3534 Lacedaemonius
1497 3478 1806 3549 petlestreis
1856 3478 2054 3537 Xerxis

462 3568 674 3636 cupias,
727 3580 893 3638 atque
937 3580 1101 3624 antea
1149 3571 1394 3643 navalcis
1423 3574 1569 3642 apud
1598 3572 1878 3627 Salamina
1912 3571 2055 3627 Thc-

465 3659 778 3729 mistocles;
832 3678 1092 3733 namque,
1148 3663 1396 3719 διν-ασθαι
1443 3665 1653 3736 quidvis
1702 3664 1846 3735 efﬁci
1882 3673 2053 3736 potest

464 3751 595 3815 Deo.
622 3769 688 3809 ex
719 3764 832 3819 tua,
868 3757 1194 3827 Suphocles,
1227 3760 1508 3817 sontentiai
1541 3759 1800 3829 (Alam,
1837 3759 1953 3829 86).
1985 3759 2059 3814 Ut

465 3846 556 3902 his
587 3848 770 3917 itaque
799 3851 1050 3914 quotidie
1082 3851 1242 3906 inter-
1281 3854 1831 3908 comemorandum
1854 3852 2057 3907 eximie

465 3938 741 4003 laetamur,
802 3945 876 3995 ita
905 3954 1101 3998 caetera
1137 3946 1280 4000 votis
1319 3946 1695 4002 ardentibusa
1736 3946 1952 4015 cupidis
1976 3946 2059 4001 fas

468 4033 647 4102 optari
675 4074 689 4095 .
722 4034 933 4091 scilicet
962 4048 1023 4092 ut
1053 4038 1162 4093 alta
1192 4040 1393 4094 iterum
1420 4039 1528 4093 frui
1561 4053 1720 4109 pace,
1748 4039 1805 4093 in
1834 4038 2059 4106 otioque

470 4124 739 4182 maximas
774 4128 967 4184 laudes
997 4141 1120 4187 tuas
1151 4147 1420 4203 usurpare
1449 4132 1614 4187 nobis
1641 4132 1912 4200 integrum
1947 4131 2058 4184 sit:

2159 3204 2348 3277 μόνιος
2400 3204 2714 3268 Παυσανίας
2765 3204 2828 3258 τὸ
2879 3203 3080 3274 Ξέρξου
3122 3201 3310 3267 πεζὸν,
3362 3199 3459 3254 καὶ
3494 3198 3748 3266 Θεμιστο-

2158 3299 2295 3368 κλῆς
2322 3296 2562 3368 πρόσθεν
2593 3299 2651 3351 ἐν
2683 3296 2952 3366 Σαλαμῖνι
2976 3294 3037 3348 τὸ
3065 3291 3337 3349 ναυτικόν
3362 3307 3379 3323 ο
3401 3290 3502 3346 καὶ
3522 3287 3742 3358 γένοιτο

2147 3389 2269 3455 μέν
2300 3391 2349 3445 τ’
2379 3388 2460 3444 ἂν
2488 3387 2616 3445 πᾶν
2647 3388 2808 3459 ἔφης,
2841 3383 2887 3441 ὧ
2921 3386 3241 3456 Σοφόκλεις,
3278 3384 3435 3440 Θεοῦ
3463 3373 3740 3450 τεχνωμέ-

2155 3499 2291 3549 νου,
2324 3482 2472 3536 οὕτω
2492 3481 2607 3545 τοῖς
2640 3480 2740 3550 μὶν
2764 3479 2970 3549 σφόδρα
3001 3477 3266 3549 χαίρομεν
3295 3476 3569 3547 ὁσημέραι
3607 3468 3739 3535 διεξ-

2156 3576 2329 3638 ιόντες
2351 3589 2364 3604 ·
2398 3573 2467 3625 τὰ
2498 3572 2542 3626 δ’
2582 3572 2950 3640 ἐπαγγέλλειν
2974 3570 3153 3624 ἔνεστι
3196 3568 3484 3641 λαμπραῖς
3510 3567 3631 3627 ταῖς
3651 3562 3738 3614 εὖ·

2160 3669 2282 3737 καῖς
2316 3663 2746 3734 ἐπιθυμοῦντας,
2779 3663 3005 3733 εἰρήνης
3025 3660 3473 3715 ἀπολελαυκέναι
3505 3653 3735 3728 βαθείας,

2110 3800 2115 3803 -
2162 3760 2259 3814 καὶ
2293 3758 2434 3826 μετὰ
2489 3756 2687 3826 σχολῆς
2736 3754 2906 3826 ἔχειν,
2956 3756 3071 3818 τοῖς
3116 3753 3259 3809 κατὰ
3304 3753 3403 3807 σοῦ
3450 3745 3737 3820 κεχρῆσθιι

2164 3850 2413 3913 παιᾶσιν,
2448 3841 2524 3901 ὧν
2559 3847 2683 3900 οὔτε
2727 3844 2970 3909 πλείους.
3002 3842 3130 3898 οὕτε
3163 3844 3412 3911 μείζους,
3453 3839 3578 3893 οὔτε
3628 3834 3736 3897 νῦν,

2163 3940 2292 3993 οὔτε
2324 3940 2759 4010 πρόσθεναὺτὸς
2788 3940 2919 3995 ἰδεῖν
2951 3936 3083 4009 ἔχω.
3120 3938 3184 3992 El
3211 3937 3270 3993 δὲ
3310 3928 3407 3991 καὶ
3434 3936 3577 4002 ἤπερ
3610 3928 3738 3996 εφηθ

2167 4035 2491 4104 προσέσται,
2545 4038 2642 4088 καὶ
2704 4034 2813 4104 μὴν
2858 4034 3180 4103 προσέσται.
3213 4031 3376 4086 τοῦτο
3433 4029 3538 4088 πᾶς
3570 4038 3649 4084 τις
3680 4015 3734 4071 εὖ

2166 4128 2383 4200 φρονῶν
2415 4127 2568 4192 ἴστω,
2594 4128 2685 4179 ποῖ
2719 4126 2840 4179 ποτ’
2866 4124 2934 4179 ἂν
2983 4124 3170 4193 ἐξήκοι
3199 4124 3261 4176 τὸ
3291 4120 3509 4190 θαῦμα.

469 4218 643 4287 queis
681 4238 858 4292 neque
907 4225 1127 4293 plures,
1185 4240 1362 4295 neque
1418 4225 1776 4289 illustriores,
1804 4240 1905 4279 nec
1935 4225 2040 4278 hoc
2077 4233 2346 4293 tempore,
2416 4237 2518 4276 nec
2584 4230 2764 4286 antea,
2792 4235 2895 4290 ego
2919 4218 3109 4274 videre
3139 4232 3414 4288 possunt:
3452 4213 3537 4269 sin
3566 4217 3736 4263 autem

468 4317 752 4384 accedent,
787 4336 907 4390 qua:
935 4320 1196 4384 diximus,
1227 4330 1288 4375 ut
1317 4321 1539 4391 quidem
1570 4331 1721 4378 certe
1752 4322 2040 4390 accedent,
2087 4331 2203 4378 tum
2234 4336 2370 4377 vero
2448 4334 2548 4390 per
2575 4334 2635 4373 se
2674 4318 2935 4377 cordatus
2963 4316 3202 4388 quisqne
3261 4314 3425 4371 facile
3462 4304 3734 4373 intelligcl.

472 4424 736 4479 quorsum
772 4414 879 4470 huc
904 4430 1201 4471 evasurum
1230 4415 1305 4470 sit
1341 4415 1696 4472 miraculum.
