4018 6490
371 425 479 491 383

1598 435 2001 498 THEUDULI
2040 434 2389 500 MONACIII

3544 434 3653 498 384

372 542 543 600 tidem
572 540 763 608 facias.
800 542 1023 601 tametsi
1053 557 1216 600 nemo
1258 544 1355 601 abs
1385 551 1438 601 te
1469 545 1587 616 spei
1619 563 1733 603 suae
1759 548 1948 603 irritus

2069 552 2170 601 ισον
2227 548 2329 615 τῆς
2385 545 2708 616 θαυμαστῆς
2772 545 2839 599 ἂν
2908 545 3204 615 Ἀρκαδίας
3251 545 3468 614 ἀμφοῖν
3525 551 3652 598 ταῖν

372 635 616 689 recedat.
658 634 774 689 lmo
804 640 956 700 ενοινο
1016 634 1183 690 etiam
1237 650 1347 690 non
1400 635 1681 692 levissima
1723 645 1835 693 tum
1897 649 1952 693 te

372 714 511 780 allici
548 727 748 796 injuria
789 726 1102 782 exsistimas
1125 769 1141 792 ,
1173 727 1391 797 ipsique
1420 728 1724 800 indignaris
1756 745 1954 785 neces-

357 814 543 880 'sitati,
586 818 630 871 si
665 817 884 887 quando
921 819 1016 887 qui
1053 818 1230 874 isthac
1274 819 1545 888 praeditus
1581 836 1643 876 es
1670 821 1837 876 animi
1864 821 1954 876 in-

373 907 519 971 dole,
555 923 617 963 ea
669 925 766 979 per
793 909 978 964 omnia
1024 909 1103 963 uti
1142 924 1430 977 nequeas:
1480 918 1566 966 est
1600 928 1729 966 vero
1779 911 1949 967 etiam

373 1016 496 1054 cum
524 1001 837 1065 occasione,
863 1018 985 1071 quae
1019 1001 1190 1056 animi
1248 1002 1326 1056 tui
1372 1003 1808 1072 magnitudinem
1862 1019 1955 1058 ca-

375 1093 512 1161 piat,
554 1093 899 1147 destitueris.
938 1094 1090 1149 Adeo
1118 1104 1177 1150 ut
1206 1111 1301 1165 per
1329 1095 1446 1150 ham
1473 1095 1629 1157 mihi,
1650 1111 1761 1149 non
1787 1095 1953 1149 modo

2055 645 2259 712 χεροῖν,
2300 641 2394 693 καὶ
2429 640 2567 706 μετὰ
2603 639 2808 698 παντὸς
2858 638 2954 691 τοῦ
2994 638 3183 709 ῥᾳδίου
3234 641 3350 700 τοῖς
3397 638 3655 692 αἰτοῦσιν

2059 734 2321 801 ἐκστῆναι
2348 731 2510 798 παρὰ
2550 731 2732 783 πᾶσαν
2787 728 3017 795 Πυθίαν,
3051 729 3187 783 ἀλλὰ
3239 731 3334 784 καὶ
3381 730 3489 799 τὴν
3521 733 3655 782 Πιν-

2064 824 2229 891 δάρου
2279 820 2512 890 νεφέλην
2549 819 2615 872 ἂν
2647 819 2865 889 ἐκείνην
2911 819 3008 889 τὴν
3040 818 3269 891 ξανθὴν,
3304 819 3366 885 ἐξ
3419 814 3491 891 ἧς
3525 813 3657 873 ὗσεν

2057 916 2085 967 ὁ
2137 915 2272 977 Ζεὺς
2324 913 2522 983 ροδίοις
2565 911 2789 982 χρυσον,
2818 912 2913 964 καὶ
2942 911 3149 981 ταύτην
3183 913 3249 965 ἂν
3280 911 3359 976 ὡς
3407 913 3657 982 μάλιστα

2059 1006 2344 1074 καταχεῖν,
2404 1005 2453 1056 εί
2504 1003 2602 1073 τὴν
2646 1003 2744 1074 μὲν
2794 1005 3095 1073 καταχεῖν,
3128 1002 3229 1072 τῆς
3265 1002 3310 1056 δ’
3352 1003 3657 1073 ἐκστῆναι,

2062 1097 2255 1166 κύριος
2295 1091 2461 1163 ἦσθα.

372 1186 531 1240 beata
564 1186 652 1239 illa
683 1186 940 1250 Arcadia,
975 1188 1134 1243 facile
1170 1202 1337 1244 manu
1405 1197 1658 1258 utraque,
1725 1198 1782 1243 et
1840 1187 2217 1259 perlubcnter,
2267 1190 2559 1260 plusquam
2614 1189 2724 1262 ulla
2766 1188 2961 1261 Pythia
2999 1187 3286 1258 (llerodot.
3349 1186 3399 1250 Ι,
3436 1186 3537 1256 66)
3565 1202 3661 1257 pe-

374 1274 613 1327 tentibus
644 1290 899 1330 cessurus
930 1276 1185 1345 videare;
1218 1293 1404 1332 verum
1436 1279 1601 1333 etiam
1635 1278 1780 1332 illam
1843 1278 2057 1333 Pindari
2098 1279 2300 1333 nubem
2322 1279 2612 1348 (Ὂλυμπ.
2643 1279 2698 1332 Z'
2729 1280 2925 1349 ὲπῳδῷ
2955 1279 3007 1350 β)
3076 1278 3271 1333 ﬂavam
3346 1278 3535 1342 illam,
3591 1278 3665 1334 de

374 1379 480 1432 qua
516 1365 752 1429 Rhodiis
789 1383 986 1421 aurum
1036 1368 1253 1438 Jupiter
1283 1370 1551 1440 pluebat:
1593 1370 1732 1425 hanc
1782 1370 1947 1424 etiam
1989 1370 2161 1439 ipsam
2229 1386 2395 1442 quam
2462 1371 2697 1426 maxime
2748 1371 3053 1439 eﬂ‘usurus,
3102 1371 3148 1425 si
3209 1369 3264 1424 in
3321 1385 3501 1425 manu
3563 1378 3662 1426 tua

375 1466 542 1520 esset,
598 1467 712 1513 tum
770 1462 909 1513 hanc
964 1463 1336 1531 profundere,
1374 1472 1488 1517 tum
1529 1464 1727 1518 cedere
1777 1462 2033 1518 Arcadia.

449 1575 512 1629 ll.
536 1578 719 1647 Usque
747 1580 882 1634 adeo
922 1596 1053 1635 sane
1080 1581 1274 1650 ingens
1313 1581 1380 1636 ad
1414 1582 1528 1636 haec
1554 1580 1721 1635 animi
1749 1579 1825 1634 tui
1852 1580 1953 1634 im—

375 1677 537 1740 petus
568 1679 672 1734 est,
708 1670 952 1740 adeoque
986 1688 1179 1727 omnes
1202 1690 1395 1743 reapse
1440 1675 1491 1726 in
1528 1672 1950 1726 admirationem

2132 1581 2207 1635 B’.
2244 1581 2477 1636 Τοσοῦτό
2527 1597 2611 1634 σοι
2678 1581 2739 1634 τὸ
2785 1582 2924 1651 πρὸς
2969 1580 3036 1654 δὴ
3090 1581 3265 1636 ταῦτα
3310 1582 3423 1653 τῆς
3472 1581 3665 1654 ψυχῆς

2059 1672 2344 1741 ὡρμηκὸς,
2388 1676 2481 1727 καὶ
2532 1672 2677 1727 οὕτω
2734 1672 2944 1737 πάντας
2995 1674 3322 1745 ἔκπλήττεις
3386 1675 3493 1728 σὺν
3552 1675 3665 1742 ἄρα

377 1761 457 1815 tui
493 1761 771 1821 traducis:
791 1770 846 1815 et
873 1762 1017 1830 quod
1051 1763 1191 1817 bene
1223 1762 1377 1827 facis,
1414 1771 1469 1817 et
1506 1762 1651 1832 quod
1687 1760 1951 1829 majorem

2069 1763 2242 1832 πολλῷ
2274 1763 2350 1833 τῷ
2378 1764 2512 1828 ὄντι,
2549 1766 2645 1817 καὶ
2666 1763 2726 1829 ἐξ
2756 1758 2829 1818 ὧν
2855 1761 2914 1817 εὖ
2946 1767 3146 1829 ποιεῖς,
3177 1768 3272 1818 καὶ
3307 1765 3374 1832 ἐξ
3407 1761 3487 1819 ὧν
3515 1764 3664 1818 οὕτω

360 1840 515 1908 ’διίεο
545 1855 599 1908 in
632 1854 852 1908 modum
893 1854 1028 1909 facis
1049 1894 1063 1921 ,
1096 1865 1150 1909 et
1179 1859 1326 1924 quod
1361 1871 1428 1911 eo
1460 1857 1620 1925 plane
1654 1855 1815 1909 modo
1861 1868 1958 1907 vo-

376 1950 503 2020 lupe
540 1951 634 2005 tibi
687 1958 772 2005 est
817 1951 969 2015 dare,
1004 1959 1060 2005 et
1093 1952 1239 2021 quod
1270 1950 1448 2011 doles,
1499 1950 1592 2004 ubi
1638 1948 1780 2002 bene
1833 1937 1954 2001 me-

378 2039 533 2092 rcndi
569 2039 664 2094 tibi
696 2039 927 2094 facultas
944 2041 1107 2095 desit.
1138 2039 1504 2106 Quamobrem
1526 2037 1957 2093 emolumentum

376 2145 695 2195 commune,
724 2141 781 2185 et
816 2131 1112 2185 salutarem
1138 2131 1379 2201 genium,
1411 2140 1468 2184 et
1498 2144 1684 2184 rerum
1728 2128 1957 2183 omnino

377 2224 639 2285 animam,
669 2232 727 2276 et
777 2222 932 2276 bonae
978 2223 1216 2276 fortuna:
1250 2221 1520 2290 quoddam
1567 2222 1718 2276 velut
1770 2222 1960 2293 Pryta-

379 2332 568 2382 neum,
605 2325 662 2369 et
696 2331 916 2370 omnem
965 2324 1073 2368 tam
1104 2314 1471 2384 magnificam,
1516 2313 1727 2383 tibique
1752 2328 1959 2367 conve-

380 2409 668 2481 nientem,
718 2407 944 2462 laudum
1000 2407 1487 2476 exsuperantiam,
1550 2406 1714 2460 unice
1766 2404 1959 2460 audire

377 2496 505 2555 est‘:
536 2498 667 2551 dum
722 2514 915 2553 omnes
969 2498 1230 2552 videlicet
1281 2498 1373 2567 qui
1421 2498 1625 2566 ubique
1682 2506 1953 2552 terrarum

379 2587 609 2659 degunt,
637 2589 938 2643 identidem
975 2603 1077 2643 nec
1108 2589 1227 2643 sine
1256 2598 1479 2658 stupore
1514 2598 1605 2642 tua
1640 2590 1694 2642 in
1737 2603 1832 2642 ore
1860 2587 1960 2641 de—

382 2694 510 2733 cora
542 2680 768 2744 habent,
797 2680 1136 2750 praedicant;
1170 2680 1459 2751 plaudunt,
1504 2695 1667 2749 quam
1697 2679 1956 2749 gloriosis

378 2773 636 2825 cantibus
683 2772 1024 2836 redimiunt,
1064 2786 1231 2827 omne
1274 2771 1641 2832 miraculum,
1692 2779 1750 2825 et
1797 2784 1960 2825 omne

382 2864 626 2933 elogium
689 2873 955 2933 perpetuo
1012 2878 1268 2918 sermone
1313 2864 1380 2917 de
1432 2872 1483 2918 te
1539 2873 1856 2931 usurpant:
1906 2870 1962 2916 et

383 2954 556 3007 solam
595 2953 738 3007 hanc
783 2953 1229 3008 honestissimam
1266 2954 1413 3008 inter
1443 2968 1502 3007 se
1546 2953 1959 3007 contentionem

384 3046 751 3111 contendunt,
792 3047 1044 3114 quisnam
1098 3046 1352 3114 pluribus
1398 3045 1871 3114 amplioribusque
1908 3052 1960 3098 te

2068 1857 2354 1924 μειζόνως,
2394 1858 2488 1910 καὶ
2528 1851 2610 1919 οἷς
2652 1857 2868 1927 χαίρεις
2897 1856 3043 1909 οὕτω
3078 1856 3280 1920 διδοὺς,
3310 1857 3415 1910 καὶ
3443 1849 3529 1918 οἷς
3564 1858 3664 1911 ἀλ-

2062 1951 2200 2016 γεῖς,
2237 1947 2313 2001 ὃτ’
2351 1947 2452 1999 οὐκ
2481 1947 2716 2013 ἔξεστιν.
2759 1946 2994 2013 Ὀφελος
3018 1946 3149 2014 γοῦν
3183 1947 3390 2006 κοινὸν.
3417 1947 3520 2000 καὶ
3544 1947 3665 1999 δαί-

2065 2056 2203 2108 μονα
2243 2041 2529 2108 σωτήριον,
2575 2042 2675 2092 καὶ·
2717 2037 2904 2107 ψυχὴν
2938 2038 3015 2101 ὼς
3063 2036 3281 2107 ἀληθῶς
3308 2037 3428 2090 τῶν
3480 2055 3667 2109 πραγ-

2066 2128 2253 2198 μάτων
2287 2131 2383 2183 xui.
2411 2128 2509 2197 τῆς
2539 2129 2753 2196 ἀγαθῆς
2782 2130 2954 2197 τύχης
2983 2126 3227 2195 ὡσπερεὶ
3265 2130 3620 2195 πρυτανεῖον
3640 2143 3656 2156 ·

2073 2224 2168 2276 καὶ
2205 2224 2385 2275 πᾶσαν
2420 2222 2675 2291 ἡντινοῦν
2712 2220 3048 2291 τηλικαύτην
3088 2220 3406 2290 ὑπερϐολὴν
3440 2221 3539 2273 καὶ
3579 2221 3664 2275 σοί

2063 2332 2129 2383 γε
2171 2316 2582 2386 προσήκουσαν,
2620 2314 2878 2378 καθάπαξ
2930 2315 3081 2367 ἐστιν
3132 2313 3385 2379 ἀκούειν,
3420 2315 3538 2367 ἄνω
3565 2316 3664 2369 καὶ

2063 2409 2215 2461 κάτω
2254 2407 2364 2460 τῶν
2416 2406 2738 2475 ἁπανταχοῦ
2788 2407 3009 2458 πάντων
3039 2405 3110 2457 τὰ
3147 2409 3216 2458 σὰ
3253 2406 3357 2458 σὺν
3389 2405 3662 2476 ἐκπλήξει

2064 2499 2333 2568 βοώντων,
2374 2497 2739 2551 ἐπαινούντων
2778 2538 2794 2561 ,
2864 2497 3225 2567 κροτούντων,
3267 2497 3488 2567 ἡλίκοις
3523 2500 3658 2549 ἀνα·

2062 2591 2298 2643 δούντων
2334 2589 2595 2660 ᾄσμασιν,
2629 2587 2776 2642 ἆπαν
2815 2587 2999 2656 Οαῦμα
3040 2588 3134 2640 καὶ
3160 2588 3346 2641 πᾶσαν
3376 2586 3659 2655 εὐφημίαν

2062 2681 2207 2735 κατὰ
2252 2681 2347 2734 σοῦ
2395 2681 2774 2750 συνειρόντων,
2822 2680 2915 2732 καὶ
2944 2679 3407 2747 φιλονεικούντων
3449 2678 3657 2747 ταύτην

2071 2773 2240 2843 μόνην
2294 2772 2590 2838 καλλίστην
2623 2773 2759 2841 πρὸς
2805 2771 3071 2842 ἀλλήλους
3103 2771 3476 2845 φιλονεικίαν,
3508 2771 3658 2831 ὅστις

2063 2866 2131 2919 ἄν
2162 2882 2220 2917 σε
2255 2862 2468 2919 πλείοσι
2490 2865 2584 2917 καὶ
2626 2863 2873 2933 μείζοσιν
2900 2863 3198 2930 ἐγκωμίοις
3229 2862 3475 2931 ἀγήλας,
3511 2877 3656 2929 παρ-

2072 2957 2277 3028 αλλάξῃ
2326 2955 2453 3017 τοὺς
2485 2955 2700 3017 ἄλλους’
2735 2955 2965 3015 εἰκότως
3005 2953 3151 3021 μάλα
3179 2953 3274 3004 καὶ
3307 2951 3655 3018 ἀναγκαίως,

2065 3053 2165 3105 καὶ
2220 3048 2338 3117 μετ’
2370 3046 2651 3113 ἀξιολόγου
2687 3044 2781 3099 τοῦ
2815 3046 3122 3127 γίγνεσθαι.
3157 3045 3221 3098 Ei
3252 3044 3370 3115 γὰρ
3405 3045 3568 3099 αὐτὸς
3601 3046 3656 3096 ἐν

384 3138 651 3195 encomiis
684 3139 995 3199 decorando
1020 3147 1252 3194 caeteros
1285 3147 1613 3193 antevertat.
1654 3138 1786 3192 Jure
1821 3136 1962 3191 istuc

2069 3141 2218 3210 μέσῳ
2273 3139 2630 3207 καθεστηκὼς
2689 3135 2784 3191 τοῦ
2844 3140 2997 3206 κοινῇ
3051 3135 3478 3198 λυσιτελοῦντος
3536 3137 3657 3188 ὅσαι

385 3247 537 3296 sane,
561 3239 619 3285 et
651 3231 985 3296 necessario,
1006 3239 1172 3301 atque
1200 3232 1459 3286 laudabili
1492 3246 1718 3301 prorsus
1746 3228 1958 3295 olIicio;

386 3321 592 3392 quippe
623 3337 749 3375 cum
774 3331 831 3376 tu
868 3321 924 3376 in
964 3321 1148 3377 medio
1178 3326 1414 3394 positus,
1447 3323 1722 3377 commodi
1750 3320 1961 3391 publici

384 3430 574 3468 curam
604 3412 657 3467 in
688 3414 932 3484 singulas
962 3413 1126 3470 horas
1158 3413 1350 3479 babes,
1377 3424 1432 3469 et
1452 3412 1717 3483 quidquid
1742 3410 1965 3466 utilitati

387 3506 705 3577 reipublicae
732 3507 907 3563 servit
951 3523 1095 3562 unus
1126 3507 1410 3563 undelibet
1446 3517 1501 3560 et
1530 3505 1715 3559 animo
1766 3506 1962 3570 volvis,

386 3608 444 3652 et
473 3615 531 3652 re
563 3599 795 3669 peragis,
821 3607 877 3653 et
902 3598 968 3652 ad
997 3599 1180 3653 omnia
1207 3613 1327 3669 quae
1354 3611 1592 3667 praesens
1618 3611 1750 3650 usus
1778 3608 1968 3665 postu-

386 3690 462 3747 lat
499 3701 694 3760 prwsto
714 3705 807 3745 es:
835 3688 944 3745 tuis
974 3691 1235 3744 nimirum
1263 3688 1412 3743 curis
1442 3688 1755 3758 studiisque
1781 3704 1965 3757 prom-

390 3784 655 3854 ptissimis
685 3783 831 3839 circa
860 3799 922 3837 ea
960 3798 1083 3854 quae
1135 3781 1345 3851 expetit
1389 3778 1622 3853 quisque
1652 3796 1717 3835 ac
1752 3780 1969 3836 deside-

389 3884 496 3939 rat,
521 3872 800 3929 exsomnis
824 3871 962 3943 ipse,
994 3872 1335 3940 minimeque
1384 3870 1569 3925 lentus
1612 3886 1676 3925 ac
1708 3870 1919 3925 otiosus
1948 3884 1966 3924 ι

392 3970 451 4017 ιιι
484 3963 635 4018 nulla
666 3954 924 4031 cuiquam
958 3961 1184 4018 omnino
1231 3962 1548 4039 imponatur
1579 3960 1853 4027 molestia,
1874 3975 1972 4014 ve-

372 4062 518 4115 ‘rum
558 4069 619 4115 ut
649 4068 705 4114 et
752 4058 1080 4130 legationes,
1128 4066 1187 4114 et
1232 4058 1520 4123 civitates,
1570 4057 1971 4126 civitatumque

395 4157 642 4203 rectores
670 4155 727 4203 et
765 4146 941 4213 cives,
968 4157 1026 4203 et
1048 4149 1193 4219 pagi,
1230 4161 1287 4202 et
1313 4162 1424 4201 uno
1456 4147 1626 4202 verbo
1664 4162 1839 4217 genus
1868 4147 1971 4202 ho-

393 4241 606 4297 minum
645 4241 1076 4311 unumquodque
1100 4283 1114 4307 ,
1153 4239 1510 4311 imperatoria
1551 4238 1806 4294 fruantur
1847 4254 1975 4309 pro—

394 4332 660 4399 videntia,
691 4334 848 4402 cujus
882 4342 939 4386 tu
995 4347 1136 4386 unius
1170 4332 1371 4402 dignus
1401 4341 1556 4386 actor
1604 4340 1972 4401 reprazsenta-

374 4424 591 4503 ,torque
621 4441 700 4481 es.
733 4425 853 4493 Quo
889 4424 1055 4497 igitur
1076 4433 1235 4494 pacto
1268 4414 1377 4478 non
1408 4434 1461 4479 te
1490 4424 1731 4480 invicem
1768 4423 1971 4494 ubique

2065 3226 2206 3303 ὧραι
2240 3230 2549 3300 φροντίζεις
2574 3268 2590 3295 ,
2625 3231 2717 3284 καὶ¹
2766 3229 2926 3282 πάνθ’
2956 3228 2992 3282 ἃ
3028 3231 3094 3299 τῇ
3147 3229 3256 3281 τῶν
3309 3229 3457 3281 ὅλων
3492 3227 3656 3297 ,χρεία

2054 3326 2343 3395 προσῆκε,
2383 3324 2544 3394 μόνος
2590 3324 2655 3377 ὲκ
2701 3325 2904 3387 παντὸς
2932 3324 3136 3393 τρόπον
3167 3321 3263 3376 καὶ
3292 3322 3538 3394 βουλεύῃ
3566 3321 3657 3373 καὶ

2067 3417 2351 3486 πράττεις,
2384 3417 2481 3470 καὶ
2514 3415 2665 3486 ,πρὸς
2696 3415 2758 3467 τὸ
2790 3416 2914 3468 δέον
2948 3414 3094 3468 ἅπαν
3124 3415 3307 3486 γίγνῃ,
3355 3415 3474 3476 ταῖς
3520 3411 3656 3482 ὑπὲρ

2064 3504 2139 3564 ὧν
2187 3510 2409 3562 ἕκαστοι
2457 3506 2737 3579 βούλονταί
2781 3523 2840 3559 τε
2887 3506 2979 3559 καὶ
3008 3506 3218 3559 δέονται
3267 3506 3528 3575 φροντίσι
3566 3503 3658 3555 καὶ

2067 3601 2422 3672 προθυμίαις,
2450 3600 2612 3663 αὐτος
2655 3584 2935 3668 ἄγρυπνος
2969 3596 3081 3659 ὢν,
3104 3599 3197 3651 καὶ
3232 3586 3370 3665 μηδ’
3410 3593 3656 3666 ἡντινοῦν

2066 3697 2216 3762 ἄγων
2247 3694 2462 3763 σχολὴν,
2497 3690 2570 3755 ὡς
2602 3692 2667 3745 ἂν
2701 3689 2893 3761 μηδενὶ
2930 3690 3037 3742 τῶν
3069 3690 3325 3745 ἁπάντων
3471 3689 3661 3757 δυσχε-

2072 3784 2186 3855 ρές·
2221 3782 2357 3837 ἀλλὰ
2388 3778 2481 3835 καὶ
2512 3782 2803 3852 πρεσϐεῖαι
2836 3781 2933 3833 καὶ
2965 3774 3148 3843 πόλεις
3181 3779 3274 3832 καὶ
3304 3779 3578 3849 ἄρχοντες
3612 3774 3658 3827 οί

2069 3877 2276 3929 τούτων
2313 3876 2407 3928 καὶ
2448 3873 2682 3938 ἰδιῶται,
2738 3872 3029 3942 καὶιδῆμοι
3069 3862 3164 3924 καὶ
3219 3872 3328 3933 πᾶν
3369 3872 3445 3934 ὡς
3482 3870 3653 3923 εἰπεῖν

2071 3969 2251 4021 ὁτιοῦν
2297 3966 2449 4034 γένος
2507 3965 2822 4034 ἀπολαύωσι
2892 3966 3155 4033 προνοίας
3202 3962 3538 4033 βασιλικῆς,
3586 3954 3651 4031 ἧς
3692 3968 3709 3983 ’

2075 4061 2237 4130 μόνος
2307 4058 2469 4121 αὐτὸς
2517 4055 2813 4127 ὑποκριτὴς
2850 4055 3184 4126 ἀξιόχρεως’
3231 4055 3356 4119 πῶς
3394 4054 3651 4125 οὒχέκα-

2063 4138 2277 4219 οταχοῦ
2310 4149 2391 4201 δεῖ
2424 4165 2482 4201 σε
2508 4144 2603 4200 τοῦ
2646 4148 2755 4201 τῶν
2788 4148 3030 4202 ἐπαίνων
3075 4148 3408 4215 γιγνομένου
3454 4144 3656 4214 τυγχά-

2074 4257 2207 4305 νειν,
2254 4240 2351 4293 καὶ
2402 4234 2614 4309 μισῠὸν
2672 4237 2816 4310 ἔχειν
2870 4236 3103 4308 ’ταυτησὶ¹
3146 4239 3244 4307 τῆς
3278 4226 3519 4308 μελέτης
3562 4236 3650 4287 τὸν

2073 4328 2313 4385 τοιοῦτον
2346 4328 2562 4402 ἔρανον;
2600 4329 2658 4383 ὃν
2689 4329 2752 4400 δή
2786 4346 2869 4399 σοι
2898 4328 3100 4389 πάντες
3134 4320 3448 4407 ἐξαιροῦσιν
3481 4328 3651 4395 ἄσμε-

2074 4437 2178 4479 νοι·
2207 4425 2305 4494 οὐχ
2329 4424 2377 4475 οἱ
2413 4414 2510 4493 μὲν
2554 4418 2853 4497 μᾶλλονίθοί
2889 4419 2933 4475 δ’
2964 4414 3155 4494 ἦττον,
3175 4414 3548 4505 ἀλλὰλπάντες
3570 4417 3648 4469 δι-

395 4519 620 4573 meritas
658 4514 922 4588 consequi
973 4527 1226 4589 oporteat
1278 4517 1508 4586 laudes,
1568 4524 1622 4572 et
1655 4517 1965 4587 hujusmodi

2078 4516 2249 4577 καίως
2297 4513 2444 4568 κατὰ
2475 4512 2670 4566 ταυτά.
2722 4530 2731 4585 ξ
2794 4512 2803 4515 ’
2850 4512 2863 4585 ⁷,
2920 4580 2926 4585 _
3320 4576 3327 4579 _

392 4611 654 4667 collectas
685 4612 856 4683 stipes
887 4626 1035 4666 curae
1082 4602 1246 4681 hujus
1294 4619 1399 4683 tuae
1438 4608 1727 4681 praemium
1785 4609 1970 4666 ferre?
2012 4609 2157 4676 Quas
2199 4594 2325 4662 tibi
2370 4607 2563 4677 utique
2629 4601 2814 4660 cuncti
2842 4602 3082 4675 eximias
3126 4596 3482 4676 perluben‘tcr
3520 4597 3654 4679 deli:

393 4713 568 4774 gunt;
603 4719 715 4760 non
759 4703 854 4759 alii
885 4704 1080 4774 magis,
1110 4704 1202 4758 alii
1231 4704 1414 4758 minus
1436 4744 1453 4769 ,
1497 4704 1599 4765 sed.
1631 4694 1755 4776 jure
1789 4692 1982 4759 omnes
2019 4690 2173 4773 atque
2204 4694 2534 4771 prompteet
2561 4692 2871 4767 alacriter.‘
3102 4690 3110 4697 ’

467 4826 554 4880 ιιι.
582 4824 640 4879 lu
669 4822 872 4894 quibus
892 4821 1197 4899 omnibus”
1218 4824 1281 4887 si,
1309 4822 1395 4887 fas,
1419 4823 1631 4891 dicere,
1663 4822 1811 4894 quod
1849 4823 1972 4879 sine

394 4917 513 4975 ulla,
537 4916 860 4987 cujusquam
916 4913 1127 4969 oﬂensa
1168 4913 1399 4981 dictum,
1430 4922 1588 4981 eno,
1620 4923 1678 4977 et
1733 4913 1970 4984 primus,

395 5018 453 5065 et
478 5008 716 5071 medius,
747 5014 804 5061 et
841 5014 1151 5075 postremus
1171 4990 1443 5076 .ego'ipse
1486 5022 1646 5073 sani;
1682 5021 1792 5059 non
1825 5004 1972 5073 quod

399 5101 529 5156 novi
566 5098 849 5169 quidpiam
879 5099 946 5152 de
976 5106 1029 5153 te
1059 5096 1357 5166 proferam,
1405 5112 1596 5150 verum
1620 5112 1710 5162 ea,
1737 5110 1972 5169 quarum

402 5192 503 5246 tibi
532 5188 735 5245 conscii
756 5202 949 5263 omnes
986 5198 1134 5249 sunt,
1164 5178 1235 5243 de
1275 5202 1383 5257 quo
1408 5202 1472 5242 ea
1501 5187 1665 5257 plane
1682 5198 1974 5255 comperta

403 5285 633 5348 habent,
665 5297 786 5351 qua:
838 5280 905 5335 de
942 5281 1092 5351 nullo
1127 5281 1236 5337 alio
1276 5281 1375 5351 ulli
1416 5280 1618 5334 habent
1669 5290 1972 5355 comperta,

403 5379 497 5433 sed
536 5376 683 5445 quod
714 5375 994 5444 aliquanto
1038 5375 1158 5444 plus
1201 5375 1255 5429 in
1297 5389 1363 5430 eo
1400 5374 1516 5445 ipse
1549 5373 1805 5441 habeam,
1832 5373 1978 5443 quod

404 5471 594 5537 divina
617 5470 850 5549 quadam
877 5471 1096 5527 laudum
1122 5479 1338 5524 tuarum
1369 5470 1726 5537 bacchatione
1757 5468 1980 5539 percul—

384 5581 500 5620 sus
537 5563 716 5627 ferar;
741 5564 833 5632 qui
860 5566 1009 5631 enim
1028 5580 1135 5621 non
1165 5564 1505 5628 bacebarcr,.
1534 5562 1980 5633 quandoquidem

410 5671 541 5729 cum
589 5670 969 5723 saepenumero
1023 5659 1343 5729 complures
1379 5658 1515 5715 alios
1564 5655 1679 5725 spei
1733 5655 1986 5724 votisque

418 5726 561 5819 lueis
576 5756 841 5817 patronos
871 5726 1208 5817 statuissem,
1238 5750 1375 5806 nihil
1407 5763 1649 5817 unquam
1681 5745 1983 5820 adiumenti

2177 4821 2252 4874 F'.
2284 4817 2502 4871 Τούτων
2532 4816 2591 4869 δὲ
2627 4815 2845 4883 πάντων
2875 4814 2924 4865 εί
2958 4807 3069 4867 οἶόν
3113 4811 3160 4865 τῗ
3192 4813 3393 4879 εἰπεῖν,
3428 4810 3523 4865 καί
3559 4825 3647 4878 μοι

2083 4913 2269 4984 μηδεὶς
2319 4910 2581 4980 ἀχθεσθῇ,
2620 4907 2834 4978 πρῶτος
2868 4888 2964 4957 καὶ
3014 4907 3178 4974 μέσος
3222 4908 3315 4981 καί
3337 4906 3645 4962 τελευταῖος

2080 5005 2214 5072 ἐγὼ,
2250 5001 2438 5055 καινὸν
2468 4989 2986 5070 μὲν,λ’ἐγων.οὑδὲν,
3020 4997 3135 5050 ἀλλ’
3168 4999 3206 5051 ἃ.
3235 5000 3365 5066 περὶ
3397 4994 3492 5048 σοῦ
3515 4992 3648 5044 πάν-

2077 5115 2171 5160 τες
2204 5092 2407 5150 ἴσασινο
2442 5095 2593 5148 ίσασι
2620 5093 2678 5145 δὲ
2700 5091 2742 5145 ἃ.
2773 5091 3003 5161 μηδενὸς
3043 5091 3323 5160 περὶ-τῷν.
3360 5090 3536 5155 ἄλλων
3560 5084 3648 5138 οὐ-

2058 5178 2232 5251 ’δὲνες
2270 5188 2470 5240 ἴσασιν
2504 5186 2645 5257 ἔχων
2686 5185 2744 5238 δέ
2782 5202 2837 5236 τι
2866 5186 2962 5237 καὶ
2991 5183 3150 5253 πλέον
3184 5183 3368 5249 αὐτὸς,
3396 5181 3457 5234 τὸ
3485 5180 3640 5231 κάτο-

2082 5299 2174 5354 χος
2223 5280 2416 5349 ὥσπερ
2458 5280 2562 5332 ὑπὸ
2599 5278 2710 5331 τῶν
2746 5278 2875 5343 περὶ
2918 5275 3094 5351 ταῦτα
3134 5274 3529 5345 βακχευμάτων
3569 5285 3646 5321 κι-

2080 5375 2320 5443 νεῖσθαι.
2354 5372 2479 5436 Ιιῶς
2529 5373 2586 5425 δὲ
2622 5371 2682 5425 οὐ
2731 5371 2933 5439 μέλλω,
2969 5368 3200 5433 πολλοὺς
3234 5369 3345 5437 μὲν
3390 5360 3640 5418 πολλάκις

2081 5470 2274 5533 ἄλλους
2299 5466 2751 5537 προστησάμενος
2768 5466 2886 5526 ταῖς
2916 5463 3147 5528 ἐλπίσιν,
3166 5461 3375 5520 οὐδενὸς
3408 5457 3464 5508 δὲ
3494 5448 3640 5504 οὐδὲν

2067 5563 2448 5631 ,ἀπονάμενοῇ
2490 5558 2867 5629 σοφιστὰς-δε
2920 5556 3126 5619 πάντας
3184 5553 3382 5625 εὑρὼν,
3440 5546 3532 5600 καὶ
3568 5537 3640 5631 τῷ

2091 5655 2258 5726 μηδὲν
2292 5651 2608 5721 εἰργάσθαι,
2640 5650 2886 5719 μαθητὰς
2924 5648 3016 5701 τοῦ
3053 5646 3338 5716 Χάρητος;
3392 5636 3551 5734 ἀλλὰ
3576 5630 3637 5734 σὺ

2092 5750 2256 5817 μόνος
2300 5743 2605 5815 ἀνθρώπων
2640 5743 2772 5812 ἡμῖν
2806 5743 2881 5805 ὡς
2915 5744 3114 5809 ἄριστα
3145 5738 3320 5807 ἔσχες,
3364 5730 3455 5784 καὶ
3484 5730 3637 5817 πρθῠς

415 5854 446 5896 a
489 5854 764 5910 quoquam
793 5845 1048 5917 percepi,
1075 5858 1270 5903 verum
1323 5844 1603 5915 sopbistas
1651 5843 1904 5908 omneis,
1934 5859 1964 5896 e

2089 5857 2220 5907 στης
2250 5837 2589 5907 περιφανῶς
2620 5839 2713 5887 καὶ
2751 5835 2896 5903 μάλα
2928 5835 3005 5897 εἰς
3050 5832 3232 5895 ὅνησιν
3263 5821 3516 5897 ἔπραξας’
3548 5808 3637 5866 καὶ
