4018 6416
301 387 404 452 385

1224 389 1515 452 ORATIO
1558 391 1660 450 AD
1699 389 2041 453 MAGNUM
2080 391 2622 454 LUGOTHETAM.

3474 395 3578 455 386

303 501 579 573 κατέστης
603 500 719 554 ἀντ’
749 499 959 572 ἀγαθοῦ
995 504 1091 556 τοῦ
1112 501 1394 572 δαίμονος,
1415 504 1488 559 τὰ.
1512 505 1561 558 τ’
1589 503 1708 559 ἄλλ’
1743 504 1886 576 ὑπὲρ

1991 521 2284 580 germanos
2311 507 2569 565 Charetis
2591 507 2914 579 discipulos,
2941 506 3219 578 siquidem
3261 507 3409 563 nulla
3450 523 3576 578 pro-

305 589 379 647 ὧν
418 593 517 647 οὐκ
568 592 685 646 ἔσθ’
722 593 801 648 ὅτ’
836 594 938 647 οὐκ
987 594 1410 665 ὲπαγγέλλομάν
1461 612 1544 648 σοι
1575 595 1644 648 τὰ
1689 595 1886 665 βελτίω

305 684 492 738 θεόθεν
519 722 534 749 ,
574 682 720 754 μετά
770 684 877 739 τῶν
906 687 964 749 ἐς
1017 686 1230 766 πάντας
1283 686 1661 757 κηρυγμάτων
1703 705 1764 740 τε
1794 690 1887 742 καὶ

307 777 574 829 παιάνων
604 778 701 831 καὶ
728 777 808 829 ὅθ’
834 777 1042 848 ἥκομεν
1075 778 1254 832 ἐκεῖσε
1292 778 1710 848 πρεσϐεύοντες,
1743 780 1886 850 ὑπὲρ

304 867 398 921 τοῦ
446 868 517 921 τὰ
566 868 636 920 σὰ
693 868 1073 937 θαυμάζοντος
1135 869 1458 940 Χανδρηνοῦ
1491 908 1508 935 ,
1547 869 1622 932 ὡς
1658 872 1888 942 εὐμενέ-

309 979 477 1015 στατα
510 965 609 1017 καὶ
648 961 1061 1031 προθυμότατα,
1090 964 1188 1017 καὶ
1223 964 1369 1031 μάλα
1403 962 1530 1031 ἵλεῳ
1561 962 1884 1033 δεδεγμένος

305 1056 370 1125 τῇ
424 1052 629 1125 γνώμη
647 1055 741 1107 καὶ
776 1053 1316 1125 φιλοφρονησάμενος
1354 1054 1414 1107 οὗ
1466 1053 1757 1124 μεμπτῶς·
1791 1057 1883 1108 καὶ

305 1147 363 1197 τὸ
399 1145 684 1214 μέγιστον,
742 1148 840 1199 καὶ
893 1142 1144 1213 κολοφὼν
1200 1145 1444 1214 ἀτεχνῶς
1499 1145 1886 1210 τά,κ;νλλισῖα

314 1239 667 1307 μεμνημένος
708 1238 890 1307 ἡμῶν,
922 1239 1022 1291 καὶ
1050 1238 1363 1307 διαλεχθεὶς
1412 1239 1553 1308 πρὸς
1586 1238 1679 1291 τὸν
1720 1240 1884 1305 μόνον

310 1333 367 1382 ὲν
397 1330 711 1400 ἀνθρώποις
734 1330 987 1401 ἄριστον,
1017 1330 1112 1382 τὸν
1148 1330 1310 1399 μόνον
1340 1330 1751 1400 φιλάνθρωπον,
1793 1329 1886 1384 καὶ

311 1425 648 1495 παράδειγμ’
696 1424 959 1495 ἀληθινοῦ
1016 1425 1306 1495 βασιλέως,
1351 1424 1429 1487 ὡς
1466 1423 1679 1488 ἀληθῶς
1714 1440 1888 1490 πεφυ-

305 1518 462 1582 κότα,
492 1515 777 1587 ἀπορροήν
799 1532 921 1570 τινα
950 1516 1050 1584 τῆς
1081 1517 1247 1569 αὑτοῦ
1279 1515 1696 1585 φιλανθρωπίας
1729 1515 1887 1580 ἀφεί-

306 1627 395 1664 ναι
443 1609 541 1662 καὶ
592 1609 730 1680 πρὸς
780 1610 949 1680 ἡμᾶς,
993 1611 1085 1663 καὶ
1133 1610 1535 1681 κατειργάσθαι
1560 1608 1716 1662 ταῦθ’
1745 1608 1886 1677 ὑπὲρ

252 1780 259 1785 Ἰ
316 1696 391 1756 ὧν
430 1702 661 1771 ἥκομεν,
698 1700 886 1773 ὥσπερ
928 1701 1023 1756 οῦν
1067 1702 1162 1755 καὶ
1219 1703 1618 1772 κατείργαστο,
1668 1701 1886 1772 φθάνων

309 1795 610 1865 ἡμερότητι
654 1796 751 1848 καὶ
795 1794 873 1865 τῷ
908 1797 1181 1863 πεφυκότι
1213 1795 1308 1847 τοῦ
1348 1795 1547 1857 σώζειν
1584 1796 1684 1857 τὰς
1713 1795 1889 1847 ἀπάν-

305 1904 414 1940 των
445 1887 660 1956 δεήσεις
689 1885 747 1939 ὃν
775 1887 882 1950 πᾶς
916 1885 1169 1939 ὁστισοῦν
1202 1884 1509 1955 θαυμάζειν
1537 1884 1762 1950 ἐθέλων,
1796 1885 1889 1937 οὐ·

304 1979 413 2041 ὃεὶς
443 1977 693 2031 ὁστισοῦν
720 1972 833 2040 οἶός
862 1995 922 2031 τε
951 1977 1119 2043 ἀξίως
1150 1978 1479 2047 θαυμάζειν,
1522 1977 1632 2030 κᾶν
1671 1977 1720 2029 εί
1748 1978 1888 2030 πάν-

306 2088 398 2136 τες
431 2068 714 2143 ἀνθρωττοι
745 2071 928 2125 πάντα
957 2072 1166 2123 ποιοῖεν
1196 2069 1472 2138 λέγοντες·
1506 2068 1621 2122 ἀλλ’
1657 2068 1794 2138 ὁμοῦ
1827 2084 1886 2120 τε

304 2165 640 2239 ἐγχειροῦσι,
670 2165 768 2220 καὶ
805 2163 963 2234 παρὰ
1000 2163 1162 2232 μέλος
1201 2162 1444 2234 ᾅδοντες,
1472 2162 1636 2225 εὐθὺς
1669 2161 1889 2230 ἐξελέγ-

306 2280 491 2333 χονται
525 2263 629 2316 ὑπὸ
660 2262 762 2331 τῆς
791 2260 985 2314 τούτου
1019 2262 1159 2330 πρὸς
1187 2262 1370 2314 πᾶσαν
1398 2260 1601 2331 ἀρετὴν
1621 2259 1888 2331 ἀληθινῆς

311 2357 580 2427 ἁρμονίας
614 2357 755 2428 ὑπὲρ
798 2357 865 2429 ἣν
899 2356 967 2409 ἂν
1009 2356 1107 2409 καὶ
1138 2357 1245 2425 φῇς
1285 2355 1571 2423 μουσικήν·
1612 2354 1813 2424 μᾶλλον
1840 2354 1888 2406 δ’

310 2451 466 2505 αὐτοί
494 2467 553 2502 τε
585 2450 654 2503 τὰ
683 2450 877 2503 εἰκότα
905 2449 1203 2519 πάσχουσι,
1237 2449 1388 2501 κάτω
1423 2448 1741 2509 πίπτοντες.
1777 2444 1887 2499 Καὶ

309 2543 504 2597 τοῦτον
528 2545 594 2597 ὲκ
624 2544 737 2596 τῶν
765 2541 945 2596 αὐτῶν
972 2545 1180 2596 τούτων
1225 2540 1404 2603 ἄλλως
1434 2539 1729 2609 κοσμοῦσι,
1767 2540 1890 2607 μεῖ-

306 2638 398 2702 ζον
452 2636 761 2699 δεικνύντες
805 2635 967 2704 λόγου
1021 2636 1082 2687 τὸ
1142 2633 1264 2686 κατ’
1312 2633 1495 2685 αὐτόν.
1546 2633 1724 2694 Μόνος
1775 2630 1887 2700 γὰρ

306 2731 564 2802 ἀποχρῶν
596 2732 803 2798 κόσμος
842 2728 1005 2791 αὐτὸς
1040 2726 1242 2796 ἐαυτῷ,
1273 2726 1368 2778 καὶ
1405 2725 1564 2795 μόνος
1599 2722 1665 2776 ἂν
1696 2726 1745 2776 εἰ
1771 2717 1887 2775 οἷόν

306 2823 353 2875 τ’
385 2819 493 2893 ἢν,
537 2824 636 2890 τῆς
688 2821 854 2881 αὐτὸς
908 2820 1078 2873 αὑτοῦ
1121 2821 1372 2886 γλώττης
1420 2816 1574 2885 τύχοι
1621 2816 1884 2879 δικαίως,

236 2910 255 2927 ’
304 2919 405 2987 τῆς
464 2913 780 2985 ὑπερφυοῦς
833 2913 930 2965 καὶ
983 2913 1230 2981 ἀμάχου,
1280 2911 1376 2962 καὶ
1416 2908 1682 2977 λογισμὸν
1708 2908 1887 2961 πάντα

311 3009 554 3077 νικώσης
585 3006 804 3075 ἀσχέτφ
854 3005 952 3058 καὶ
997 3005 1380 3074 κεχαρισμένη
1410 3003 1573 3071 φορᾷο
1607 2999 1681 3062 ὡς
1710 3000 1887 3051 δοκεῖν

304 3101 644 3191 ἀστράπτειν
698 3116 758 3150 τε
813 3101 907 3152 καὶ
946 3097 1183 3166 βροντᾷν
1222 3092 1651 3163 δημηγοροῦντα
1681 3130 1694 3153 ,
1725 3090 1758 3159 ἢ
1790 3089 1888 3141 καὶ

303 3182 574 3267 πρέσὸεσι
606 3192 1023 3264 χρηματίζοντα
1048 3205 1062 3220 ⁸
1098 3187 1358 3242 τοσοῦτόν
1409 3189 1550 3238 ἐστι.
1608 3186 1682 3237 Σὺ
1712 3182 1759 3236 δ’
1789 3184 1888 3253 οὐχ
1916 3203 1960 3268 (ἰ

300 3286 383 3355 οἷς
441 3290 581 3360 ἔφην
645 3290 808 3360 μόνον
847 3287 1089 3359 χρηστὸς
1149 3289 1229 3347 είς
1279 3284 1453 3355 ἡμᾶς,
1496 3280 1606 3334 οὐδ’
1648 3278 1885 3333 ἐνταῦθα

304 3385 554 3455 περάνας
587 3381 754 3453 ἔχεις·
788 3380 927 3435 ἀλλὰ
948 3382 1045 3433 καὶ
1081 3373 1161 3443 οἷς
1191 3377 1363 3430 ἔπειτ’
1397 3379 1494 3445 ἔσῃ
1535 3372 1716 3442 πολλῴ
1748 3386 1885 3455 προτ

300 3450 745 3550 θυμὸτεροςηκαὶ
805 3474 1068 3545 ἀμείνων.
1146 3471 1450 3543 Προσθήσω
1507 3466 1555 3520 δ’
1636 3467 1720 3520 ὅτι
1788 3450 1885 3517 καί

295 3573 421 3628 οὐδὲ
474 3554 701 3643 λήξεις·
754 3567 894 3622 ἀλλὰ
941 3569 1037 3621 καὶ
1083 3566 1196 3620 τῶν
1245 3565 1517 3633 δευτέρων
1575 3558 1883 3629 ἀμεινόνων

299 3667 453 3721 ἐσαεὶ
492 3667 674 3735 λέγειν
720 3663 874 3717 ἔσται
905 3674 1018 3732 μοι’
1061 3662 1159 3713 καὶ
1187 3657 1401 3720 τούτοις
1465 3653 1583 3716 πῶς
1614 3653 1717 3706 οἴει
1745 3654 1885 3721 χρή-

311 3760 437 3825 στός
460 3776 475 3793 ο
514 3757 856 3830 μαντεύομαι
904 3756 1013 3827 γὰρ
1061 3753 1163 3823 τήν
1197 3767 1259 3803 τε
1292 3751 1391 3820 σὴν
1421 3747 1593 3818 φύσιν
1629 3743 1786 3805 εἰδὼς
1816 3742 1886 3793 τὰ

304 3852 539 3906 τοιαῦτα
576 3850 914 3920 χαίρουσαν
953 3847 1052 3899 καὶ
1084 3845 1168 3899 ὅτι
1220 3860 1327 3915 μου
1374 3842 1730 3912 μεμνημένος
1774 3837 1889 3890 δια-

309 3945 507 4009 τελεῖς,
540 3942 679 4012 ἐμοῦ
731 3942 831 4012 μὲν
885 3939 1039 3993 οὐδὲν
1070 3938 1247 4001 ὄντος,
1286 3935 1360 3999 ὡς
1409 3934 1650 3994 ἅπαντες
1699 3930 1884 3983 ῐσασιο

302 4038 384 4099 τίς
412 4040 520 4107 γὰρ
565 4030 938 4105 Μαρωνειτῶν
972 4029 1069 4083 καὶ
1094 4026 1333 4097 Σιφνίων
1373 4025 1634 4092 Ἀθήνῃσι
1680 4021 1879 4085 λόγοςς

310 4133 427 4185 ἀλλ’
452 4130 664 4184 οἴκοθεν
692 4128 793 4182 καὶ
807 4123 960 4196 παρὰ
982 4122 1185 4178 σαυτοῦ
1214 4120 1513 4192 φιλοτίμως
1537 4112 1890 4187 παρακαλού-

311 4244 468 4295 μενος
498 4227 591 4278 ὲπὶ
620 4222 824 4277 ταῦτα’
858 4221 909 4273 ei.
941 4218 1018 4290 μὴ
1063 4217 1333 4287 imiimi;
1371 4217 1451 4276 εἰς
1482 4211 1719 4279 ἀγαθοὺς
1747 4205 1890 4261 ὲκεί-

303 4334 409 4378 ιως
433 4315 659 4386 ιφήσαις
687 4315 890 4380 τελεῖν,
924 4310 1024 4380 τῆς
1060 4310 1161 4378 σῆς
1193 4307 1246 4360 εἴ
1279 4323 1367 4376 μοι
1397 4304 1556 4363 δίδως
1587 4302 1762 4354 ειπεῖν
1795 4299 1889 4350 eb-

306 4408 451 4471 νοίας
485 4407 863 4477 τυγχάνοντας
883 4443 900 4470 ,
931 4397 995 4455 οὗ
1035 4399 1205 4471 μηδὲν
1239 4395 1352 4451 οὔθ’
1383 4394 1537 4465 ἣδιον
1567 4390 1680 4445 οὔτ’
1716 4390 1892 4443 εὐδαι-

311 4500 635 4570 μονέστερον
663 4496 992 4569 χρήσασθαι.

304 4604 361 4656 in
395 4611 675 4668 posterum
725 4596 899 4651 multo
935 4589 1262 4664 propensior
1308 4585 1615 4655 meliorque
1663 4581 1889 4635 futurus
1926 4589 2009 4637 es,
2064 4574 2174 4625 imo
2207 4577 2262 4621 et
2299 4564 2336 4618 il

306 4692 547 4765 quando,
576 4692 837 4761 quodque
867 4701 1149 4754 nunquam
1182 4698 1290 4737 non
1319 4680 1628 4752 posteriora
1693 4686 1924 4745 quaeque
1965 4666 2101 4723 mihi
2141 4680 2193 4719 m

1730 4785 1955 4843 uguror,
1997 4762 2257 4836 quoniam
2314 4765 2371 4813 et
2403 4767 2556 4811 tuum
2610 4752 2890 4822 ingenium
2946 4744 3262 4817 hujusmodi
3315 4743 3576 4798 delectari

306 4795 473 4847 uuhie
513 4792 753 4859 Optimus
804 4785 937 4853 eris,
972 4783 1044 4837 rid
1075 4782 1223 4853 quod
1290 4789 1440 4835 recte
1493 4778 1626 4832 hinc
1695 4789 1724 4828 a

1991 598 2180 654 missis
2197 599 2332 655 ﬁdes
2349 609 2515 664 esset,
2549 600 2889 670 deprehendi
2902 600 3423 656 QVerumenimvero
3440 614 3580 655 unus

1991 705 2049 747 tu
2075 692 2393 747 mortalium
2424 695 2697 764 Optimum
2728 702 2784 750 te
2815 694 2998 757 nobis,
3018 704 3432 765 patronamque
3458 708 3582 747 cer-

1992 783 2263 837 tissimum
2290 784 2575 853 praebuisti
2602 825 2618 850 ,
2648 795 2704 840 tu
2747 785 3063 840 rationibus
3106 785 3308 840 nostris
3333 798 3583 839 commo-

1988 878 2184 947 disque
2202 876 2419 947 egregie
2440 876 2794 941 consuluisti,
2822 887 2879 931 tu
2906 875 3035 931 boni
3062 874 3222 930 nobis
3239 875 3384 945 genii
3414 873 3469 927 in
3495 872 3581 926 vi-

1988 983 2107 1025 cem
2144 968 2319 1028 fuisti,
2352 978 2467 1022 tum
2509 968 2561 1023 in
2593 967 2926 1036 caeteris,ob
2956 982 3080 1038 quac
3111 967 3264 1022 nullo
3294 978 3405 1020 non
3440 975 3581 1020 tem--

1989 1074 2123 1130 pore
2177 1058 2357 1115 fausta
2407 1061 2616 1130 qumvis
2671 1060 2770 1114 tibi
2815 1059 3087 1115 divinitus
3130 1073 3582 1128 comprecamur,

1990 1168 2098 1207 una
2140 1167 2263 1207 cum
2308 1153 2515 1207 nostris
2565 1153 2710 1222 apud
2764 1153 2976 1207 omneis
3019 1151 3314 1222 praeconiis
3342 1160 3399 1205 et
3438 1163 3583 1219 paea-

1987 1247 2370 1313 nihus;'tum
2443 1246 2791 1315 potissimum
2861 1247 3005 1315 quoil
3064 1260 3187 1299 cum
3260 1243 3401 1297 istuc
3474 1257 3575 1311 pro

1989 1338 2395 1394 studiosissimo
2430 1340 2645 1393 cultore
2699 1346 2792 1392 tuo
2830 1330 3161 1392 Chandreno
3221 1336 3579 1404 deprecatum

1990 1432 2354 1497 venissemus,
2424 1431 2858 1501 benignissime,
2920 1437 2975 1484 et
3026 1427 3480 1498 promptissime,
3525 1435 3583 1481 et

1989 1523 2394 1577 humanissimo
2432 1536 2533 1575 nos
2582 1521 2770 1576 animo
2800 1520 3119 1590 excipiebas
3146 1562 3159 1585 ,
3196 1528 3252 1573 et
3281 1517 3428 1571 haud
3460 1515 3584 1570 vul-

1988 1617 2106 1687 gari
2143 1616 2404 1669 comitate
2442 1629 2507 1668 ac
2546 1613 2718 1684 gratia
2770 1610 3271 1682 complcctebaris:
3321 1617 3378 1663 et
3431 1605 3581 1676 quod

1989 1722 2315 1773 maxumum,
2349 1717 2406 1760 et
2451 1705 2611 1775 plane
2641 1702 2912 1774 c010phon
2961 1715 3068 1767 est,
3116 1699 3580 1773 perhonorificam

1990 1796 2059 1852 de
2081 1797 2240 1851 nobis
2270 1796 2508 1852 faciebas
2539 1794 2877 1849 mentionem
2907 1832 2921 1858 ,
2982 1809 3109 1848 cum
3147 1792 3199 1846 in
3247 1790 3582 1860 colloquium

1919 1863 1961 1916 Β
1990 1902 2116 1944 eum
2152 1902 2263 1942 uno
2287 1887 2433 1942 inter
2466 1887 2720 1941 homines
2756 1886 2919 1954 longe
2946 1882 3178 1953 optimo.
3205 1895 3315 1935 uno
3338 1880 3584 1935 clemen-

1994 1982 2229 2045 tissimo,
2289 1979 2531 2048 bonique
2588 1978 2731 2047 regis
2784 1975 3077 2030 verissimo
3123 1988 3154 2027 a
3189 1979 3384 2026 natura
3428 1970 3579 2023 edito

1989 2068 2586 2140 specimine,veuisses
2622 2083 2639 2121 :
2678 2074 2738 2119 ut
2777 2066 2825 2121 is
2877 2062 3237 2134 benignitatis
3276 2074 3390 2115 sua:
3422 2062 3581 2113 rivu-

1990 2161 2104 2217 lum
2158 2161 2471 2231 quempiam
2531 2148 2591 2214 ιη
2645 2172 2747 2212 nos
2804 2158 2972 2212 etiam
3029 2154 3331 2220 derivaret,
3373 2166 3575 2222 eaque,

1994 2267 2231 2323 quorum
2264 2253 2438 2322 gratia
2495 2250 2840 2305 venissemus
2865 2290 2879 2315 ,
2933 2246 3236 2303 conficeret
3265 2258 3281 2298 :
3315 2242 3583 2314 quemad—

1991 2349 2214 2400 modum
2274 2359 2408 2400 sane
2456 2342 2715 2410 confecit,
2748 2357 2846 2397 sua
2883 2355 3083 2411 nempe
3130 2335 3579 2401 mansuetudine,

1989 2447 2157 2510 atque
2200 2438 2369 2493 insita
2415 2436 3032 2510 servandijoluntate,
3079 2447 3273 2489 omnes
3332 2429 3579 2485 omnium

1988 2547 2184 2604 preces
2219 2532 2363 2586 ultro
2394 2530 2775 2584 anteveniens.
2802 2527 2972 2596 Cujus
3004 2526 3206 2580 nomen
3240 2521 3346 2577 etsi
3379 2520 3580 2576 eximia

1990 2641 2189 2680 ornare
2213 2622 2596 2692 unusquisque
2617 2620 2803 2675 studet
2822 2619 3003 2679 laude,
3033 2631 3198 2672 nemo
3230 2624 3412 2669 tamen
3438 2626 3581 2666 unus

1989 2728 2096 2785 est,
2132 2719 2223 2788 qui
2254 2717 2481 2771 laudare
2509 2730 2577 2769 ex
2611 2714 2807 2767 merito
2846 2720 3047 2781 queat,
3084 2719 3211 2764 utut
3241 2720 3434 2762 omnes
3476 2705 3580 2759 ho-

1990 2811 2169 2865 mines
2212 2808 2399 2863 omnia
2441 2805 2680 2861 dicendo
2707 2806 3085 2874 experiantur.
3117 2799 3394 2855 Continuo
3428 2796 3577 2851 enim

1991 2914 2051 2958 ut
2095 2915 2314 2955 manum
2348 2899 2502 2969 operi
2558 2898 2890 2957 admovent,
2940 2909 2972 2946 a
3030 2891 3289 2962 legitimis
3318 2890 3582 2944 carminis

1991 2996 2171 3051 modis
2218 2994 2499 3053 aberrare,
2536 3006 2638 3061 per
2685 2987 3031 3043 verissimam
3065 2984 3415 3056 imperatoris
3463 2998 3584 3037 om-

1988 3089 2147 3144 nium
2178 3084 2448 3141 virtutum
2496 3078 2867 3143 harmoniam,
2925 3078 3087 3146 longe
3145 3075 3354 3129 musica
3385 3073 3580 3142 quavis

1991 3178 2426 3239 concinniorem,
2472 3173 2922 3236 convincuntur;
2965 3184 3064 3224 seu
3110 3169 3320 3228 verius,
3356 3176 3412 3219 et
3447 3164 3607 3233 ipsiS‘

1989 3269 2129 3323 nihil
2182 3265 2404 3321 absurdi
2462 3272 2516 3318 et
2564 3262 2799 3331 iopinati
2844 3259 3083 3322 accidit,
3143 3271 3208 3311 eo
3241 3255 3385 3325 quod
3418 3252 3577 3319 _iufra

1989 3358 2441 3431 (magnitudinem
2463 3355 2727 3423 hominis)
2757 3351 3046 3419 decidunt,
3074 3358 3131 3406 et
3172 3363 3297 3404 eum
3334 3362 3431 3417 per
3460 3346 3580 3401 haec

1988 3456 2106 3527 ipsa
2146 3465 2327 3508 tamen
2355 3452 2464 3507 alio
2506 3447 2750 3519 quodam
2783 3445 3179 3501 commendant
3218 3441 3402 3504 modo,
3444 3440 3576 3495 dum

1988 3546 2249 3601 facultate
2276 3541 2494 3599 dicendi
2523 3542 2784 3610 majorem
2820 3551 2943 3592 esse
2964 3535 3381 3598 demonstrant;
3424 3532 3576 3586 solus

1987 3638 2105 3708 ipse
2133 3641 2280 3692 enim
2308 3638 2443 3690 satis
2484 3647 2741 3703 magnum
2790 3630 2893 3688 sibi
2934 3629 3107 3684 decus
3139 3635 3257 3692 est;
3290 3636 3346 3681 et
3390 3624 3572 3688 solus,

1987 3733 2033 3787 si
2069 3745 2178 3800 qua
2217 3728 2334 3783 fieri
2368 3735 2574 3797 posset,
2609 3738 2763 3779 suam
2804 3722 2981 3792 ipsius
3009 3721 3256 3791 linguam
3303 3716 3575 3772 laudatri-

1987 3839 2108 3881 cem
2139 3822 2333 3877 merito
2364 3820 2615 3882 haberet,
2651 3813 3090 3872 coclestissimam
3140 3811 3287 3865 illam
3320 3820 3377 3864 et
3417 3810 3575 3862 insue

1989 3914 2310 3989 perahiiem,
2336 3926 2459 3983 quae.
2485 3923 2706 3965 omnem
2755 3904 2959 3961 mentis
3000 3903 3175 3958 aciem
3223 3900 3430 3956 invicto
3454 3913 3577 3968 gra-

1991 4011 2321 4078 tissimoque
2343 4007 2554 4075 impetu
2588 4001 2783 4057 vincit.
2814 3998 2893 4054 lta
2921 4007 2981 4057 ut
3004 3995 3221 4067 fulgura
3251 4003 3307 4049 et
3331 3994 3573 4048 tonitrua

1989 4102 2141 4157 ciere
2183 4098 2437 4153 videatur
2471 4092 2780 4165 (Aristoph.
2832 4089 3072 4159 Ἀχαρν.
3106 4086 3233 4150 550)
3256 4127 3270 4151 ,
3303 4100 3430 4141 cum
3477 4082 3575 4138 aut

1989 4209 2092 4268 pro
2116 4193 2384 4247 concione
2417 4186 2582 4242 verba
2630 4185 2763 4240 facit
2788 4193 2884 4238 aut
2916 4180 3112 4250 legatis
3160 4192 3424 4248 rcSpausa
3455 4176 3573 4237 dat.

1993 4295 2206 4343 tantum
2242 4283 2295 4337 id
2325 4282 2505 4349 ipsum
2534 4292 2668 4333 sane
2693 4283 2798 4331 est.
2833 4273 2914 4327 Tu
2949 4286 3086 4327 vero
3113 4286 3222 4324 non
3266 4270 3353 4325 his
3383 4271 3575 4333 modo,

1992 4396 2115 4454 qua:
2139 4380 2247 4450 jam
2278 4374 2538 4437 diximus,
2568 4369 2854 4426 beneficus
2888 4383 3015 4435 erga
3043 4378 3142 4419 nos
3168 4362 3344 4424 fuisti,
3391 4375 3574 4431 neque

1994 4476 2085 4530 hic
2105 4473 2246 4528 bene
2278 4464 2527 4522 merendi
2556 4463 2718 4516 finem
2760 4459 2959 4523 fecisti,
2991 4456 3085 4512 sed
3111 4469 3178 4510 eo
3206 4455 3396 4518 etiam,
3424 4453 3575 4523 quod

2344 4560 2437 4617 lud
2508 4559 2783 4629 adjiciam,
2841 4555 2989 4625 quod
3048 4567 3152 4607 nec
3194 4550 3417 4605 desines
3476 4549 3578 4603 ali-

2199 4661 2370 4717 eliora
2423 4669 2621 4711 vocare
2676 4650 2895 4718 licebit;
2973 4656 3030 4704 et
3085 4647 3172 4703 his
3217 4646 3382 4717 igitur
3429 4644 3577 4698 haud

2126 4852 2426 4912 memoria:
2495 4846 2625 4912 mei,
2654 4846 2899 4915 inquam,
2933 4840 3195 4905 hominis,
3227 4838 3374 4908 quod
3411 4850 3575 4891 nemo

258 4874 283 4881 ἢ
308 4890 475 4944 rebus
504 4891 850 4956 perspectum
883 4880 1084 4941 habeo,
1122 4886 1175 4932 et
1205 4883 1473 4946 perpetua
1508 4870 1612 4925 mei
1647 4868 1793 4936 apud
1828 4874 1879 4920 te
1920 4866 2069 4933 viget
2126 4866 2426 4912 memoria:
2495 4866 2625 4912 mei,
2654 4866 2899 4915 inquam,
2933 4866 3133 4929 uuuum

2104 4955 2109 4956 κ
2633 4942 2643 4952 .
2773 4938 2891 4956 _._,,
2923 4937 2960 4956 ι.
3003 4951 3118 4956 __,_“

310 4930 475 4944 -υ-ι-υ
507 4930 850 4956 parum"
885 4930 1084 4941 ην---η
1132 4930 1143 4932 τ
1206 4930 1223 4946 .
1313 4930 1326 4944 .
1685 4930 1696 4936 -
1984 4930 1999 4933 ν

310 4987 500 5046 nescit,
526 4983 737 5037 minimi
771 4980 930 5049 plane
958 4974 1143 5045 pretii.
1171 4972 1303 5024 Nam
1336 4984 1456 5037 quae
1483 4964 1878 5019 Maronitarum
1921 4955 2394 5027 Siphniorumque
2447 4942 2678 4997 Athenis
2706 4938 2891 4994 ratio?
2923 4937 3123 4992 Verum
3159 4946 3214 4990 tu
3254 4944 3345 4988 tua
3403 4930 3577 5001 ipsius

2056 5047 2063 5049 ε
2128 5046 2175 5049 _-
2497 5038 2509 5049 .
2721 5033 2773 5049 ..
3192 5028 3421 5049 .-_.-_-_-
3480 5038 3576 5049 ..η

311 5080 515 5141 indole,
540 5084 594 5128 et
625 5076 720 5126 alis
753 5028 1065 5137 tcinetipso,
1092 5065 1322 5116 honesta
1383 5059 1569 5129 gloriae
1631 5054 1958 5123 cupiditate,
2002 5047 2068 5103 ad
2126 5046 2178 5101 id
2237 5038 2609 5112 praestandum
2669 5032 2982 5098 adduceris,
3038 5030 3147 5085 nisi
3192 5028 3424 5082 fortasse
3479 5038 3580 5078 nos

309 5179 436 5232 item
468 5174 518 5225 in
547 5170 814 5224 bonorum
851 5140 1349 5216 viroruntnumero
1377 5154 1501 5232 ideo
1535 5149 1890 5207 collocandus
1927 5159 2141 5207 censes,
2181 5140 2441 5211 quoniam
2506 5145 2653 5189 tuam
2716 5131 2945 5202 gratiam
2969 5168 2982 5193 ,
3013 5128 3060 5184 si
3093 5142 3229 5198 pace
3259 5138 3351 5181 tua
3378 5125 3461 5180 fas
3496 5123 3580 5177 di-

306 5286 452 5329 cere.
501 5259 785 5321 consecuti
820 5269 1046 5319 sumus,
1092 5264 1203 5321 quo
1232 5247 1374 5303 nihil
1396 5228 1602 5315 -neque
1638 5240 1880 5304 dulcius,
1926 5250 2104 5306 neque
2135 5232 2203 5287 ad
2228 5246 2388 5285 usum
2421 5226 2639 5284 felicius
2668 5239 2791 5278 esse
2818 5229 3006 5295 queat.

377 5382 450 5438 A’.
495 5375 585 5443 Οἷς
624 5379 829 5432 ἅπασιν
861 5374 1027 5443 ἡμεῖς
1050 5367 1392 5436 ἀντιδίδομεν
1431 5361 1560 5417 ἄλλο
1594 5360 1694 5430 μὲν
1715 5357 1888 5412 οὐδέν·

2069 5351 2159 5406 IV.
2197 5346 2410 5414 Quibus
2437 5341 2696 5399 omnibus
2726 5340 2864 5394 nihil
2894 5353 2998 5394 nos
3025 5333 3283 5406 equidem
3306 5330 3452 5386 aliud
3481 5345 3570 5384 re-

309 5430 669 5546 o'3_y:ipho'idv
721 5485 780 5521 τε
820 5430 933 5519 οὐδ’
970 5430 1028 5517 ἐν
1063 5430 1306 5521 ’τούτοις⁷
1328 5456 1492 5527 ἡμεῖς
1513 5469 1527 5485 ·
1567 5454 1636 5521 τῇ
1651 5449 1813 5546 *τύχῃ
1832 5448 1888 5501 δὲ

1990 5442 2308 5516 pendimus,
2351 5436 2576 5508 quando
2638 5432 2759 5488 ﬁeri
2808 5431 2917 5487 hoc
2966 5430 3179 5498 nequit,
3210 5440 3316 5480 nec
3358 5438 3425 5479 ea
3471 5437 3573 5477 nos

2118 5535 2199 5546 ..,.
2372 5545 2375 5546 ,
2452 5545 2455 5546 ,
2514 5545 2541 5546 η
2621 5527 2725 5546 “2-2
2775 5534 2833 5546 --.
2876 5525 3109 5546 r-_.--......
3149 5529 3329 5546 -..σι-ιιι.
3365 5516 3571 5546 ιιιιιιιυι-

308 5540 719 5638 χάριν-εἰδότες.
741 5562 824 5615 ὅτι
856 5574 938 5610 σοι
974 5552 1252 5625 παρέσχεν
1290 5543 1618 5616 ἀποχρῶσαν
1648 5540 1781 5610 ὓλην
1811 5540 1893 5602 εἰς

308 5657 568 5722 ἐπίδειξιν
601 5655 699 5722 τῆς
732 5655 828 5719 σῆς
858 5647 1059 5719 ἀρετῆς
1164 5643 1374 5702 πάντας
1407 5634 1729 5704 ἐξέπληξας·
1757 5632 1896 5701 μᾶλ-

308 5753 398 5805 λον
421 5751 477 5805 δὲ
511 5750 604 5803 καὶ¹
634 5744 1002 5814 συγχαίρομεν
1022 5735 1324 5807 ταύτῃειὸτι
1357 5730 1616 5798 καθάπερ
1648 5727 1773 5789 τοὺς
1803 5724 1897 5778 ἀλ-

311 5849 433 5907 ὶους
457 5842 548 5896 καὶ
573 5841 627 5893 σὲ
653 5836 886 5893 δοκοῦσα
917 5832 1161 5903 κοσμεῖν,
1190 5825 1415 5880 ὑπδτῶν
1446 5824 1554 5878 σῶν
1578 5821 1717 5890 αὕτη
1739 5820 1894 5873 κεκό-

1991 5535 2313 5592 conditione
2363 5545 2579 5593 sumus,
2620 5527 2729 5583 nisi
2775 5534 2840 5581 ut
2875 5525 3112 5580 fortunae
3147 5529 3333 5591 grates
3364 5516 3573 5572 habea-

1992 5645 2140 5693 mus,
2166 5643 2288 5698 qua:
2324 5623 2424 5679 tibi
2465 5623 2722 5678 idoneam
2750 5633 2935 5677 rerum
2978 5613 3266 5669 materiam
3309 5604 3575 5666 exserené

1993 5724 2077 5778 dae
2098 5720 2323 5776 virtutis
2365 5726 2625 5786 tum,qua
2667 5720 2899 5770 cunctos
2926 5711 2982 5763 in
3016 5717 3300 5777 stuporem
3348 5703 3575 5766 dedisti,

1996 5816 2188 5887 largita
2227 5813 2348 5869 fuit.
2383 5809 2509 5867 Sive
2541 5808 2618 5865 illi
2653 5808 2837 5877 potius
2864 5802 3230 5874 gratulamur,
3265 5800 3413 5872 quod
3445 5809 3577 5854 cum
