4018 6460
400 411 502 472 3S7

1626 397 1941 458 THEODU
1954 398 2023 457 LI
2060 397 2404 459 MONACHI

3557 392 3656 456 3a:
3750 486 3754 489 _

403 532 465 576 ιο·
489 517 716 592 perinde
748 525 914 588 atque
962 523 1192 571 ca-teros
1237 526 1437 566 ornare
1474 512 1589 564 visa
1630 518 1814 573 esset,
1864 511 1977 564 tuis

2099 526 2314 580 ιμηται,
2332 510 2393 563 ού
2417 509 2591 578 μεῖον,
2624 509 2657 577 ἢ
2678 508 2803 570 τοὺς
2825 506 3018 569 ἄλλους
3046 503 3188 577 αὕτη
3202 505 3420 573 κοσμεῖ·
3451 505 3512 556 ού
3544 508 3646 574 γὰρ

401 617 515 685 ipsa
570 629 678 666 non
717 611 899 665 minus
945 617 1208 662 exornata
1256 602 1557 658 luminibus
1584 600 1768 667 fuerit,
1808 615 1974 671 quam

402 705 517 774 ipsa
558 704 696 757 alios
730 698 1151 765 ornet.Quippe
1201 710 1310 748 non
1371 698 1438 746 ad
1502 707 1567 746 ea
1617 691 1803 756 modo,
1854 706 1977 760 qua:

402 814 540 869 opus
566 804 713 860 sunt,
748 803 894 849 recte
932 789 1287 860 intelligenda
1320 802 1452 841 sane
1478 801 1640 855 quam
1685 785 1976 854 perspicax

402 908 497 957 es,
541 890 657 944 sive
690 888 894 940 rectius
927 900 940 936 :
970 884 1124 937 Viam
1169 880 1418 934 invenire
1450 886 1740 948 promptus
1773 891 1804 930 e
1839 876 1980 930 sale-

405 982 520 1036 bris
550 980 737 1041 meris,
762 987 822 1032 ut
848 974 1234 1044 ait/Eschylus
1256 974 1630 1043 (ﬂpopAstp.
1663 969 1752 1038 59)
1776 987 1789 1033 ;
1816 979 1981 1038 atque

402 1074 560 1141 longe
589 1069 732 1123 idem
758 1068 882 1120 aliis
919 1066 1178 1119 omnibus
1221 1063 1526 1132 Supicnlills
1557 1061 1610 1114 in
1640 1076 1699 1115 re
1736 1074 1981 1129 quacun-

402 1180 509 1235 que
547 1161 851 1232 proposita,
887 1174 1011 1228 qua:
1047 1172 1113 1210 ex
1146 1172 1245 1211 usu
1278 1154 1537 1225 praasenti
1589 1154 1725 1214 sint,
1763 1168 1888 1206 cum
1922 1151 1978 1204 in

404 1256 643 1311 medium
693 1252 940 1308 consulis
1001 1250 1295 1320 verbisque
1344 1247 1609 1317 explicas,
1651 1255 1765 1298 tum
1815 1243 1980 1312 digna

406 1347 770 1417 prudentibus
792 1343 1038 1398 consiliis
1064 1351 1276 1396 ratione
1301 1356 1467 1409 opt-re
1488 1340 1607 1406 ipso
1633 1336 1978 1405 exsequeris,

405 1453 571 1509 atque
630 1441 704 1493 ita
739 1437 963 1508 quidem
1009 1445 1195 1498 certe,
1231 1435 1384 1503 quasi
1429 1448 1537 1487 non
1580 1431 1688 1485 alio
1730 1427 1982 1497 expediri

407 1547 496 1585 res
537 1529 701 1583 modo
751 1535 959 1597 pos3ct,
1000 1541 1193 1581 verum
1238 1526 1401 1578 eziam
1429 1563 1442 1585 ,
1487 1521 1649 1576 melle
1711 1520 1983 1573 dulciorm

405 1625 669 1692 linguam,
706 1637 817 1690 pra:
846 1619 1078 1674 Nestore
1114 1618 1206 1671 illo
1239 1617 1551 1679 llotncrico,
1582 1612 1705 1682 (7.1.
1730 1618 1803 1678 α’,
1828 1610 1981 1680 949.)

411 1718 602 1778 habes,
659 1717 877 1783 tuisque
940 1712 1098 1781 plane
1134 1710 1187 1762 in
1239 1708 1406 1761 labris
1438 1706 1612 1759 suada
1663 1704 1980 1758 emorescit.

411 1811 498 1879 (ex
530 1805 817 1875 Eupolide,
867 1802 1127 1871 Δήμοις),
1166 1810 1222 1853 et
1273 1798 1475 1852 flumen
1519 1794 1786 1849 oratoriis
1819 1808 1981 1863 quam

409 1900 765 1961 dexterrime,
811 1896 1088 1963 rebusque
1127 1891 1258 1962 ipsis
1298 1887 1821 1944 comenientissime
1862 1885 1984 1939 fun-

407 1993 514 2045 dis.
574 1988 778 2044 Adhatc
825 1987 950 2056 quis
990 1986 1144 2054 aeque
1175 1999 1303 2053 erga
1361 1996 1553 2036 omnes
1594 1980 1893 2042 benclicus,
1928 1984 1983 2031 et

410 2081 760 2136 tenuioribus
796 2078 935 2131 adeo
965 2075 1126 2131 facile
1151 2074 1412 2134 affabilis,
1441 2083 1497 2127 ct
1528 2071 1703 2128 comis
1722 2111 1739 2137 ,
1760 2080 1817 2125 ut
1836 2070 1986 2125 mitis

407 2172 680 2241 quispiam
725 2178 876 2239 pater
910 2167 1049 2237 (Ἰλ.
1083 2164 1164 2225 ω’,
1199 2166 1347 2229 770),
1396 2164 1561 2233 idque
1593 2172 1785 2219 contra
1821 2176 1985 2231 quam

408 2266 643 2318 fortuna:
671 2261 902 2328 locoque
945 2265 1038 2310 tuo
1068 2266 1495 2310 consentaneum
1536 2270 1657 2309 esse
1694 2251 1991 2307 videatur?

409 2349 596 2402 Sedet
623 2362 690 2401 ex
720 2346 809 2411 iis,
835 2345 930 2415 qui
970 2344 1080 2397 ullo
1111 2359 1352 2414 unquam
1388 2358 1525 2406 tero,
1562 2343 1616 2396 in
1652 2343 1873 2412 publico
1905 2359 1993 2396 re-

413 2456 536 2494 rum
595 2440 840 2494 civilium
885 2449 1011 2494 actu
1064 2439 1265 2493 versati
1319 2437 1492 2499 fuere,
1538 2451 1682 2491 unus
1731 2443 1789 2489 tu
1822 2449 1991 2504 Opum

413 2534 744 2604 injustarum
788 2529 1212 2601 haudquaquam
1254 2531 1482 2583 mirator
1543 2528 1715 2591 fuisti,
1750 2543 1848 2582 nec
1868 2529 1991 2598 pri-

414 2637 600 2679 vatum
628 2626 982 2679 commodum
1020 2632 1173 2677 tuum
1206 2621 1513 2676 rationibus
1549 2620 1869 2690 reipublieae
1896 2636 1994 2675 an-

415 2718 625 2787 tiquius
655 2716 922 2783 habuisti,
956 2712 1279 2784 accipiendo
1311 2712 1572 2766 nimirum
1593 2711 1737 2767 unde
1765 2712 1996 2780 probro-

415 2824 535 2862 sum
597 2817 743 2862 esset
792 2808 1083 2874 accipere,
1139 2813 1195 2857 et
1253 2802 1398 2856 unde
1438 2803 1687 2857 alitsuas
1744 2802 1997 2872 lugerent

411 2900 695 2971 jacturas;
728 2896 839 2949 imo
885 2910 1015 2950 vero
1058 2904 1116 2948 tu
1171 2892 1409 2957 honesti,
1436 2892 1671 2961 etjusti.
1703 2900 1759 2946 et
1808 2891 1996 2947 decori

418 2989 670 3041 ordinem
698 2989 753 3040 in
786 2985 1046 3039 omnibus
1067 2984 1435 3047 observando,
1467 2983 1633 3037 etiam
1665 2983 1999 3038 maledicen-

421 3081 663 3135 tissimos
708 3092 960 3148 quosque
1012 3076 1445 3130 calumniatores
1494 3084 1714 3128 tuarum
1772 3074 1997 3130 laudum

421 3185 702 3241 prmeoues
738 3179 931 3224 nactus
964 3183 1042 3223 es.
1078 3166 1349 3229 Caeterum
1380 3167 1526 3236 quod
1558 3166 1645 3221 vel
1674 3167 1854 3221 solum
1898 3166 1997 3222 ad-

423 3374 517 3411 ora
551 3356 872 3425 linguasque
926 3363 1192 3424 perpetuo
1223 3360 1493 3422 occupat,
1543 3360 1670 3407 tuus
1708 3352 1811 3408 iste
1851 3353 1998 3408 circa

423 3449 606 3502 Musas
633 3446 847 3501 afﬂatus
883 3454 938 3498 et
976 3443 1264 3498 hacchatio
1308 3452 1427 3507 est,
1462 3451 1517 3498 et
1547 3443 1602 3497 in
1637 3443 1703 3498 iis
1734 3458 1996 3499 concessa

423 3541 494 3595 ah
516 3539 771 3592 omnibus
794 3537 996 3607 palma.
1016 3534 1222 3590 Omnes
1246 3536 1393 3589 enim
1422 3536 1737 3590 orationum
1764 3537 1996 3607 species,

422 3646 642 3687 onmem
667 3631 950 3686 Scientiam
975 3628 1026 3681 in
1046 3629 1228 3683 animo
1247 3628 1591 3695 circumfers,
1609 3628 1856 3699 nihilque
1889 3646 1998 3685 non

421 3725 946 3780 excellentissimum
982 3723 1034 3777 in
1072 3722 1316 3778 modum.
1348 3723 1421 3777 ita
1449 3739 1576 3777 νιϊυ
1603 3725 1659 3776 in
1690 3724 1874 3777 animo
1907 3735 2001 3778 tuo

423 3833 513 3871 res
548 3832 741 3872 omnes
803 3817 977 3884 probe
1026 3816 1304 3886 permistae
1349 3823 1497 3879 sunt.
1533 3816 1685 3869 velut
1740 3817 1795 3869 in
1845 3831 1997 3871 coin-

424 3909 576 3963 muui
606 3908 842 3976 quodam
871 3920 1107 3962 cratere.
1156 3906 1323 3975 Atqui
1346 3921 1448 3961 nec
1479 3916 1631 3960 artes
1664 3906 1842 3961 solum
1872 3923 2003 3961 ora-

428 4000 616 4063 torias,
649 4014 829 4068 neque
855 4014 1011 4052 sacra
1043 4008 1099 4053 et
1134 3998 1290 4052 initia
1316 3997 1620 4061 Platonica,
1647 4012 1827 4065 neque
1858 3996 2000 4050 hanc

424 4092 693 4144 duntaxat
719 4090 983 4157 illamque
1009 4087 1360 4156 disciplinam
1401 4086 1871 4154 complectendam
1902 4087 2003 4142 tibi

426 4182 649 4244 statuis,
675 4180 771 4235 sed
803 4180 950 4233 illam
987 4179 1199 4242 itidem,
1232 4195 1358 4249 qua:
1387 4180 1640 4233 homines
1675 4194 1854 4232 rerum
1887 4195 2004 4236 cm-

427 4252 649 4327 lesiium
683 4272 1013 4342 interpretes
1058 4270 1424 4340 doctoresque
1462 4271 1733 4339 publicos,
1761 4281 1817 4326 et
1847 4287 2007 4327 exer-

429 4366 626 4419 citatos
679 4367 734 4418 in
774 4364 981 4417 aethere
1025 4361 1343 4431 sophistas:
1394 4360 1555 4415 Haud
1600 4364 1743 4417 ultra
1792 4365 2007 4433 pedibus

430 4458 731 4526 contingere
753 4466 974 4519 terram,
997 4454 1172 4507 videri
1197 4455 1349 4519 facit,
1368 4470 1490 4508 cum
1508 4458 1695 4509 demas
1707 4456 1935 4509 siderum
1954 4469 2005 4511 et

2079 606 2204 659 ὅσον
2228 602 2398 666 Burro;
2428 602 2464 656 ἃ.
2490 604 2735 672 προσῆκε
2761 604 2997 657 συνεῖναι
3020 616 3036 633 ο
3081 598 3282 668 μᾶλλον
3314 596 3412 666 μὲν
3440 596 3535 650 οὖν
3555 616 3643 649 και

2081 698 2248 767 πιῦρον
2274 696 2333 761 ἐξ
2370 697 2673 766 ἀμηχάνων
2706 694 2826 748 κατ’
2852 691 3117 768 Αἰσχύλον
3155 693 3358 761 εὑρεῖν,
3395 692 3488 742 καὶ
3516 692 3641 756 περὶ

2081 787 2285 849 παντὸς
2340 785 2405 839 ἂν
2440 785 2667 855 ἄμεινον
2713 784 2911 845 παντὸς
2964 782 3188 836 ὁτουοῦν
3244 778 3646 851 βεϐουλεῦσθαι,

2080 881 2172 932 καὶ
2206 881 2381 932 εἰπεῖν
2410 880 2480 933 τὰ
2524 879 2714 948 καίρια
2735 918 2751 942 ,
2784 879 2879 931 καὶ
2913 875 3122 945 πρᾶξαι
3149 874 3649 945 τῶν’βε6ουλευμέ-

2082 988 2190 1024 νων
2223 970 2411 1036 ἀξίως,
2464 973 2578 1037 καὶ⁸
2607 971 2682 1032 ὼς
2724 971 2827 1024 οὐκ
2858 968 2924 1023 ἂν
2954 967 3135 1029 ἄλλως
3170 965 3316 1036 ἐξείη
3338 983 3351 996 ·
3386 965 3521 1018 ἀλλὰ
3560 966 3650 1019 καὶ

2084 1062 2332 1129 γλῶτταν
2386 1063 2523 1133 ἡδίω
2584 1063 2800 1133 μέλιτος
2852 1065 3028 1132 ῑσχεις
3075 1061 3215 1130 ὑπὲρ
3257 1059 3348 1112 τὸν
3401 1058 3644 1128 Ὁμήρου

2083 1152 2357 1221 Νέστορα·
2378 1152 2490 1209 ,καί
2521 1169 2615 1205 σου
2647 1151 2822 1206 πειθὼ
2849 1155 2962 1215 τοῖς
2999 1153 3235 1222 χείλεσιν
3265 1149 3490 1202 ιπανθεῖ
3512 1162 3525 1177 ·
3559 1165 3593 1200 κ
3629 1149 3653 1200 ἱ

2086 1246 2199 1314 ρεῖς
2229 1243 2370 1310 ἄγαν
2397 1242 2737 1314 περιδεξίως,
2770 1245 2864 1297 καὶ
2896 1246 3008 1306 τοῖς
3031 1243 3357 1314 πράγμασιν
3391 1238 3651 1309 ἀτεχνῶς.

2084 1334 2179 1393 Τίς
2214 1334 2271 1387 δὲ
2311 1333 2455 1386 οὕτω
2486 1337 2597 1397 τοῖς
2636 1336 2769 1387 πᾶσι
2803 1333 3038 1404 χρηστὸς
3085 1334 3183 1387 καὶ
3230 1332 3519 1399 ἐπιεικὴς,
3560 1332 3654 1381 καὶ

2085 1428 2221 1495 προς
2251 1428 2349 1490 τὰς
2376 1432 2483 1481 τῶν
2511 1429 2857 1500 πενεστέρων
2885 1428 3106 1498 ὁμιλίας
3135 1428 3477 1496 εύπροσόδως
3518 1427 3657 1495 ἔχων

2086 1523 2182 1574 καὶ
2212 1520 2434 1589 ἱλαρῶς,
2467 1520 2656 1590 ὥσπερ
2684 1537 2770 1578 τις
2796 1522 2975 1592 πατὴρ
3004 1522 3165 1591 ﬁmo:
3192 1521 3297 1586 ἔξω
3329 1521 3536 1581 παντὸς
3564 1518 3654 1570 του

2085 1613 2186 1681 τῆς
2238 1616 2408 1684 τύχης
2443 1614 2689 1679 εἰκότος;
2719 1613 2895 1675 Μόνος
2928 1613 2985 1665 δὲ
3028 1614 3092 1666 σὺ
3128 1614 3237 1667 τῶν
3283 1612 3524 1682 δημοσξᾳ
3551 1610 3661 1661 πώ-

2089 1724 2220 1759 ποτε
2264 1707 2748 1775 πολιτευσαμένων
2789 1706 2851 1759 οὐ
2899 1705 3127 1759 πλοῦτον
3180 1706 3501 1774 ἐθαύμασας
3550 1702 3660 1758 ἄδι-

2088 1815 2203 1861 κον,
2237 1800 2347 1851 οὐδ’
2389 1798 2524 1861 ἰδίας
2564 1800 2726 1851 ἕνεκα
2763 1798 3077 1865 πλεονεξίας
3107 1801 3166 1851 τὸ
3190 1801 3342 1868 κοινῇ
3380 1798 3657 1866 συμφέρον

2091 1893 2342 1962 παρεῖδες
2370 1934 2383 1955 ,
2424 1892 2720 1960 λαμϐάνων
2765 1892 2889 1945 ὅθεν
2925 1892 3130 1962 μέμψις
3188 1891 3514 1958 λαμϐάνειν,
3568 1888 3661 1940 καὶ

2088 1982 2209 2035 ὅθεν
2246 1983 2423 2053 ἕτεροι
2468 1983 2797 2037 κλαύσονται
2824 1999 2839 2015 ’
2896 1983 3033 2036 ἀλλά
3081 1981 3181 2052 τὴν
3221 1981 3316 2034 τοῦ
3371 1979 3542 2034 καλοῦ
3571 1981 3661 2030 καὶ

2088 2072 2300 2127 δικαίου
2349 2075 2445 2128 καὶ⁵
2480 2076 2788 2145 πρέποντος
2819 2074 2975 2139 τάξιν
3003 2074 3092 2127 διὰ
3123 2074 3348 2127 πάντων
3379 2072 3661 2141 φυλάττων

2092 2166 2186 2216 καὶ
2236 2164 2364 2226 τοὺς
2400 2163 2495 2235 τοῦ
2545 2165 2859 2235 βασκαίνειν
2892 2165 3140 2236 τεχνίτας
3173 2166 3471 2225 ἐπαινέτας
3506 2160 3664 2230 ἐκτή-

2093 2271 2187 2307 σω.
2231 2256 2392 2309 Ἀλλὰ
2424 2256 2524 2326 μὲν
2553 2258 2614 2310 τὸ
2650 2259 2810 2329 μόνον
2840 2257 3122 2327 θαύματος
3159 2256 3314 2319 ἄξιον
3335 2298 3349 2321 ,
3382 2256 3480 2309 καὶ
3518 2254 3662 2306 πᾶσα

2091 2344 2317 2412 γλῶσσα
2352 2350 2467 2410 τοῖς
2514 2350 2678 2400 πᾶσιν
2714 2349 2821 2413 ἀεὶ,
2853 2349 2886 2417 ἡ
2919 2348 3051 2418 περὶ
3080 2346 3177 2412 τὰς
3215 2346 3430 2415 μούσας
3458 2344 3660 2412 κατοχὴ

2095 2438 2190 2489 καὶ
2231 2436 2488 2507 βακχεία,
2531 2439 2628 2491 καὶ
2667 2440 2726 2491 τὸ
2760 2440 2911 2508 παρὰ
2951 2441 3171 2492 πάντων
3198 2440 3255 2489 ὲν
3286 2437 3505 2498 τούτοις
3535 2438 3666 2501 ἀφε-

2097 2528 2330 2599 στηκόςο
2381 2530 2599 2584 ἅπαντα
2656 2531 2763 2600 γὰρ
2796 2530 2971 2598 λόγων
3029 2530 3143 2599 εἴδη
3186 2529 3283 2582 καὶ
3328 2530 3511 2582 πᾶσαν
3549 2529 3664 2577 ἐπι-

2097 2622 2319 2692 στήμην
2373 2622 2556 2692 (rt-East;
2602 2623 2664 2676 ὲν
2712 2626 2778 2695 τῇ
2837 2623 3027 2693 ψυχῇ·
3083 2626 3180 2675 καὶ
3233 2623 3393 2677 οὐδὲν
3428 2624 3538 2699 δτι
3570 2620 3665 2670 οὐκ

2096 2715 2317 2785 ἄκρως,
2350 2717 2429 2779 εἰς
2484 2716 2553 2785 ἣν
2616 2716 2832 2770 ἅπαντα
2877 2715 3136 2787 χρήματα
3194 2714 3665 2784 συγκεράννυται,

2097 2808 2292 2880 ὥσπερ
2326 2807 2406 2872 εῖς
2447 2825 2573 2876 τινα
2606 2812 2863 2880 κρατῆρα
2894 2811 3094 2862 κοινόνο
3129 2810 3224 2861 καὶ
3245 2809 3352 2861 οὐκ
3381 2807 3488 2878 ἄρα
3517 2808 3672 2876 ῥητο-

2103 2900 2262 2969 ρικῆς
2304 2900 2488 2971 μόνον,
2520 2900 2644 2954 οὐδὲ
2677 2900 2778 2970 τῆς
2821 2898 2916 2953 τοῦ
2954 2900 3240 2963 Πλάτωνος
3279 2900 3528 2969 τελετῆς,
3554 2894 3671 2949 οὐδὲ
3741 2915 3744 2918 ’

2098 2991 2305 3062 ταύτης
2344 2992 2378 3063 ἢ
2450 2992 2662 3062 ἐκείνης
2707 2993 2806 3060 τῆς
2851 2993 3163 3063 ἐπιστήμης
3210 2991 3334 3045 ἐστι
3378 3010 3460 3044 σοι
3499 2989 3670 3057 λόγος’

2101 3084 2236 3137 ἀλλὰ
2266 3085 2360 3137 καὶ
2390 3084 2422 3155 ἢ
2454 3084 2563 3138 τῶν
2621 3083 2899 3154 Ὀλύμπου
2942 3086 3283 3157 πραγμάτων
3311 3078 3672 3165 δημαγιυγοξδς

2069 3177 2424 3248 ,ἀνθρώπους
2470 3180 2616 3230 ποιεῖ
2674 3179 2770 3232 καὶ
2812 3179 3078 3247 σοφιστὰς
3128 3181 3188 3230 ὲν
3237 3180 3449 3248 αἰθέρι,
3478 3175 3669 3231 οὐκέτ’

422 3263 716 3318 ιι.ὶι·;ιιίοηο
771 3261 996 3330 dignum
1046 3270 1157 3322 est,
1203 3259 1461 3330 quodque
1509 3261 1693 3314 omnia
1754 3234 2071 3315 omniumc

2106 3266 2434 3333 ἐπιψαύειν
2472 3268 2617 3321 ,ποσὶ
2658 3269 2830 3336 γαίης
2862 3268 3215 3333 δοκοῦντας,
3255 3268 3412 3323 ὅταν
3447 3269 3675 3334 ἄστρων

2108 3358 2366 3418 πυκινὰς
2399 3359 2810 3428 ἀμφιδρόμους
2847 3362 3172 3429 ἰχνεύωσ.ν
3229 3360 3468 3427 ἕλικας·
3501 3354 3561 3422 οὗ
3589 3376 3673 3427 με·

2112 3450 2252 3520 κρὰς
2289 3450 2351 3518 δή
2385 3464 2540 3515 τινας
2594 3454 2692 3505 καὶ
2736 3453 2946 3521 φαύλας
2990 3451 3230 3521 εἰληφὼς
3274 3454 3573 3523 ἀφορμὰς.
3603 3450 3677 3509 εἰς
3742 3460 3745 3463 ’

2110 3545 2295 3613 ἕσχατ⁹
2328 3545 2528 3614 ἀφίκου
2566 3547 2667 3611 τῆς
2704 3549 3017 3617 ἐπιστήμης
3052 3547 3237 3612 αὐτὸς,
3280 3549 3370 3620 τῷ
3418 3548 3565 3619 παρὰ
3591 3543 3679 3597 οοῦ

2111 3635 2421 3704 πεφυκότι*
2464 3635 2599 3703 ὅθεν,
2638 3638 2734 3690 καὶ
2794 3637 2892 3707 τῆς
2956 3638 3256 3709 Ὀλυμπίου
3307 3636 3676 3711 προσηγορίας

2110 3727 2448 3798 δικαιότερος
2478 3728 2545 3783 ἂν
2587 3730 2706 3800 εἴης
2746 3731 3038 3801 τυγχάνειν
3081 3733 3241 3796 αὲτὸς
3289 3734 3495 3795 παντὸς
3526 3731 3677 3797 Περι-

2110 3819 2325 3880 κλέιυςο
2357 3821 2420 3872 σὺ
2446 3821 2490 3872 δ’
2520 3821 2578 3873 ὲν
2607 3820 2878 3875 τοσούτων
2908 3823 3186 3894 ὲπομόρῖᾳ
3208 3825 3528 3894 φροντίδων,
3553 3815 3674 3891 μηδ’

2113 3914 2375 3966 ἀναπνεῖν
2426 3915 2501 3978 ὠς
2552 3919 2730 3972 εἰπεῖν
2783 3918 2993 3985 ἐωσῶν,
3034 3921 3131 3975 καὶ
3183 3921 3379 3990 λόγους
3424 3920 3675 3972 ἑκάστοτε

2113 4006 2322 4069 τίκτεις
2354 4008 2553 4073 παντὸς
2591 4011 2945 4079 σχολάζοντος
2978 4014 3133 4085 ῥᾷον,
3167 4012 3316 4066 ι’ύτω
3341 4015 3405 4085 δή
3438 4029 3521 4065 τοι
3546 4024 3674 4075 κρα-

2117 4096 2334 4159 τίστους
2367 4101 2463 4153 καὶ
2493 4106 2994 4171 πεφροντισμένως
3021 4104 3236 4173 ἁδρῶς,
3273 4105 3351 4169 ὡς
3375 4104 3549 4158 δοκεῖν
3579 4096 3678 4151 ὑπὸ

2115 4184 2347 4239 Μουσῶν
2377 4204 2437 4239 τε
2470 4188 2566 4242 καὶ
2613 4191 2863 4260 Χαρίτων
2904 4194 3162 4262 ύφὰνθαι·
3197 4197 3292 4249 καὶ
3332 4198 3406 4259 ὼς
3450 4191 3569 4264 μηδ’
3616 4189 3679 4241 ἂν

2117 4279 2290 4342 αὑτὰς
2345 4281 2554 4345 ταύτας
2603 4284 2971 4340 ἀναϐαλέσθαι
3019 4288 3190 4357 ἥδιον
3229 4288 3377 4345 οὕτω
3429 4288 3560 4357 πρὶς
3580 4279 3678 4334 σοῦ

2122 4371 2286 4435 μόνου
2333 4374 2400 4424 τὰ
2451 4374 2677 4427 τοιαῦτα
2719 4378 3021 4449 περαίνειν,
3059 4373 3104 4431 ὦ
3151 4382 3451 4451 πρόσχημα
3493 4375 3679 4443 τέχνης

2122 4464 2219 4511 καὶ
2258 4461 2433 4527 λόγων
2485 4463 2851 4535 αὐτοκράτορ,
2887 4469 2981 4520 καὶ
3046 4468 3229 4535 λογίου
3257 4471 3427 4531 τύπος
3458 4459 3675 4534 Ἑρμοῦ,

432 4547 758 4601 revolubileis
789 4547 966 4617 spiras
1020 4547 1269 4613 orbesque
1304 4549 1578 4617 vestigant.
1618 4547 1786 4620 Cujus
1810 4551 1988 4621 negeti

2119 4553 2213 4603 καὶ
2262 4553 2397 4622 πρὸς
2451 4556 2574 4617 τοὺς
2600 4555 2817 4622 ἄλλους,
2847 4556 3037 4628 ὥσπερ
3095 4562 3254 4624 ἀετὸς
3301 4564 3361 4614 ὲν
3418 4556 3677 4625 ιεφέλαιςι

435 4654 697 4708 perquam
730 4639 924 4707 cxigua
970 4646 1022 4692 et
1070 4638 1309 4709 vulgaria
1359 4650 1550 4694 nactus
1603 4641 1887 4703 subsidia,
1940 4642 2009 4697 ad

436 4730 655 4783 ultimas
684 4730 930 4781 scivntiaz
973 4729 1120 4781 illius
1155 4740 1328 4783 metas
1360 4728 1525 4783 insita
1558 4730 1761 4799 ingenii
1791 4732 1840 4783 vi
1883 4747 2010 4800 pro.

434 4830 622 4874 vectus
646 4836 728 4874 es.
765 4819 919 4873 Unde
950 4829 1005 4874 et
1035 4818 1267 4891 Olympii
1315 4834 1743 4891 cognomentum
1782 4822 2010 4877 meliore

435 4911 593 4980 plane
622 4913 767 4977 jure,
805 4926 967 4978 quam
1013 4911 1251 4966 Pericles
1291 4913 1564 4982 quispiam
1608 4915 1856 4968 mereris.
1887 4912 2009 4968 Jam

438 5011 490 5055 tu
515 5002 680 5056 etiam
717 5002 860 5055 inter
889 5011 967 5056 tot
993 5018 1277 5066 curarum,
1313 5020 1435 5072 quae
1460 5013 1534 5069 te,
1560 5020 1729 5074 prope
1750 5004 2009 5071 dixerim,

436 5090 524 5143 vix
567 5090 820 5159 Spiritum
899 5091 1103 5147 ducere
1155 5093 1368 5157 sinunt,
1420 5093 1641 5149 imbreis
1714 5095 2011 5150 identidem

439 5191 618 5236 tamen
662 5184 939 5238 orationes
994 5184 1177 5252 paris,
1229 5197 1391 5254 atque
1437 5187 1646 5241 minore
1689 5188 1742 5241 id
1787 5191 2012 5258 quidem

440 5273 659 5343 negotio
704 5288 868 5343 quam
920 5274 1058 5328 alius
1092 5276 1382 5345 quisquam
1414 5277 1530 5331 otio
1572 5278 1906 5347 abundans;
1959 5294 2015 5338 et

441 5364 540 5421 bas
567 5366 707 5420 adeo
741 5376 1087 5436 prarstantes,
1115 5368 1254 5423 adeo
1287 5369 1435 5424 molli
1470 5381 1525 5425 et
1547 5371 1781 5428 delicato
1810 5375 2012 5430 elabo—

2112 4646 2271 4696 Δοκεί
2318 4646 2377 4697 δέ
2430 4663 2522 4713 μοι
2559 4649 2653 4700 καὶ
2690 4649 3017 4721 Πυθαγόρας
3047 4655 3272 4715 τούτους
3313 4653 3458 4714 ἰδὼν,
3502 4648 3547 4699 εἰ
3575 4643 3678 4711 γὰρ

2111 4738 2205 4790 καὶ
2239 4738 2428 4809 πόρῤω
2461 4740 2636 4793 ταῦτα
2685 4742 2781 4794 τοῦ
2831 4743 2956 4795 καθ’
3007 4746 3156 4814 ἡμᾶς
3209 4744 3512 4816 συνεδρίου,
3566 4731 3677 4790 ἀλλ’

2111 4827 2204 4882 οὖν
2238 4830 2481 4900 εἰρήσθω
2511 4848 2598 4899 γε,
2638 4835 2846 4896 ἐκεῖνος
2878 4837 3059 4887 τοίνυν
3088 4835 3248 4906 εἴπερ
3279 4840 3450 4905 ἑώρα,
3488 4833 3677 4898 ἐτησεν

2113 4923 2179 4976 ἄν
2218 4940 2275 4974 σε
2308 4923 2404 4991 τὴν
2440 4926 2823 4994 Δημοσθένους
2873 4927 2905 4998 ἢ
2941 4928 3226 4990 Πλάτωνος
3256 4929 3436 5000 ψυχὴν
3465 4915 3679 4991 ἐσχηκέ-

2115 5031 2225 5069 ναι’
2260 5015 2469 5068 τούτων
2499 5018 2562 5085 δὴ
2595 5017 2703 5069 τῶν
2749 5020 2858 5073 σῶν
2890 5020 2984 5072 νῦν
3024 5021 3122 5090 μὲν
3153 5023 3406 5091 ἑταίρων,
3438 5017 3600 5069 πάλαι
3622 5005 3674 5057 δὲ

2117 5104 2471 5173 γυμναστῶν,
2502 5106 2723 5168 πολλοῖς
2759 5109 2854 5159 καὶ
2895 5109 3156 5177 μεγάλοις
3211 5112 3545 5180 ὲρειδὸμε·.ο;
3591 5111 3676 5144 τε·

2117 5199 2380 5267 κμηρίοις
2405 5238 2418 5257 ,
2448 5195 2592 5249 οὕτω
2622 5214 2701 5250 τοι
2737 5198 2915 5252 πάντα
2940 5200 3009 5253 τὰ
3042 5199 3111 5253 σὰ
3141 5199 3436 5259 διαπαντὸς
3463 5190 3554 5244 τοῦ
3583 5199 3674 5236 κα·

2113 5288 2222 5351 λῶς
2285 5289 2507 5357 ἥκοντος
2563 5290 2742 5359 ἴσχει·
2800 5286 2894 5346 καῖ
2945 5291 3013 5345 δι’
3054 5293 3314 5361 ’ἀνάγκης
3380 5277 3674 5341 ἐθελουσίου

2119 5379 2441 5448 θαυμαστὰς
2481 5380 2726 5446 ἅπαντας
2765 5385 3052 5455 κέκτησαι.

443 5469 589 5513 ratas
626 5458 738 5525 filo,
771 5471 830 5513 ut
860 5476 889 5514 a
925 5460 1093 5516 Hosis
1124 5462 1260 5531 ipsis
1291 5461 1604 5533 Gratiisque
1634 5476 1898 5534 pertextae
1963 5467 2257 5525 videantur
2286 5512 2301 5538 ,
2351 5482 2407 5528 et
2487 5485 2545 5528 ut
2589 5490 2654 5530 ne
2723 5477 2806 5531 hae
2838 5479 3062 5548 quidem
3107 5481 3238 5551 ipsa:
3276 5475 3495 5537 suavius
3525 5460 3673 5536 (ληίδ’

442 5553 567 5648 dam
602 5553 954 5607 modulentnr
987 5593 1003 5620 ,
1036 5556 1174 5609 adeo
1204 5563 1355 5610 tuum
1393 5557 1557 5612 unius
1586 5573 1726 5629 Opus
1758 5571 1862 5626 est,
1904 5561 2017 5616 haec
2050 5566 2288 5633 perfecte
2329 5579 2610 5635 prtestare,
2680 5586 2713 5624 ο
2753 5572 2945 5643 ingens
2993 5578 3127 5632 artis
3192 5577 3353 5648 hujus
3392 5573 3574 5622 decus.
3619 5562 3671 5605 ει

446 5644 745 5713 imperator
777 5646 1114 5713 orationum,
1143 5658 1200 5702 et
1227 5647 1483 5704 Mercurii
1526 5650 1796 5707 facundia:
1824 5653 2074 5722 praesidis
2119 5655 2344 5726 eﬂigies,
2414 5671 2463 5714 et
2491 5676 2614 5715 cum
2664 5666 2784 5719 aliis
2817 5666 3034 5724 collate.
3101 5644 3469 5735 velut'aquila
3530 5660 3671 5721 (1⁸³³³⁸

446 5737 569 5789 dam
600 5735 656 5789 in
690 5738 947 5830 nubibus.
980 5739 1208 5795 Videtur
1258 5742 1442 5811 itaque
1482 5742 1616 5796 mihi
1655 5745 2010 5815 Pythagoras,
2056 5747 2185 5799 visis
2253 5752 2597 5807 orationibus
2667 5757 2798 5822 tuis,
2834 5776 3147 5830 quanquam
3183 5763 3327 5816 enim
3377 5758 3528 5821 longe
3563 5746 3669 5798 Ιιεεθ

448 5842 477 5879 a
513 5838 702 5883 nostro
733 5828 1232 5902 (Christianorum)
1258 5834 1519 5905 syuedrio
1563 5835 1898 5904 abhorrent,
1945 5846 1999 5891 at
2038 5838 2294 5894 dicantur
2349 5842 2439 5897 illa
2498 5855 2677 5903 tamen

2716 5866 2730 5902 :
2798 5852 2898 5907 has
2972 5854 3063 5909 ille
3114 5858 3279 5925 igitur
3336 5853 3377 5906 si
3436 5844 3662 5899 vidisset.
