4018 6448
368 417 483 482 389
1262 416 1546 478 ORATIO
1581 416 1679 476 AD
1722 416 1935 478 ΝΙΡΙΙ(

2036 419 2125 479 ΕΜ
2168 418 2445 478 PATRlA
2459 419 2721 480 RCHAM
2739 466 2753 480 .
3529 424 3635 487 390

375 531 523 585 haud
579 530 749 600 dubie
803 532 1055 589 dicturus
1106 542 1248 595 erat,
1303 541 1355 587 te
1412 532 1804 588 Demosthenis
1856 542 1953 587 aut
2026 532 2272 586 Platonis
2325 532 2585 587 habuisse
2633 534 2892 602 animam,
2974 543 3195 590 tuorum
3260 535 3364 591 hoc
3411 535 3636 605 quidem

376 633 624 693 tempore
652 624 1031 690 familiarium,
1056 623 1187 679 olim
1218 632 1400 679 autem
1442 625 1854 693 magistrorum.
1919 623 1976 678 Id
2020 624 2169 692 quod
2207 624 2394 678 multis
2444 625 2765 695 magnisque
2844 626 3189 681 documentis
3235 629 3504 684 subnixus
3548 630 3635 684 di-

373 730 562 774 cturus
589 729 747 786 erat;
777 721 831 775 in
856 729 1068 777 tantum
1102 730 1193 776 tua
1223 719 1408 774 omnia
1432 758 1447 776 .
1484 720 1626 788 quod
1660 720 1949 789 pulchrum
1993 728 2394 785 venustumque
2465 728 2568 782 est,
2623 719 2676 773 id
2730 719 2935 789 ubique
2983 732 3395 786 consectantur,
3467 737 3523 777 et
3578 736 3635 778 tu

374 810 677 865 voluntaria
700 812 933 881 quadam
954 811 1359 866 necessitudine
1378 811 1704 864 constrictos
1735 826 1928 864 omnes
1955 809 2323 864 admiratores
2356 820 2479 863 tuos
2515 810 2705 865 babes.

715 1103 2098 1283 ΘΕΟΔΟΥΑΟΥ
2170 1106 3315 1283 ΜΟΝΑΧΟΥ

1907 1376 2072 1433 ΗΤΟΙ

3500 954 3505 957 .
3526 948 3613 960 ...ι-..ι

1005 1540 1502 1676 ΘΩΜΑ
1579 1545 1928 1679 ΤΟΥ
2001 1545 2988 1687 ΜΑΓΙΣΤΡΟΥ

510 1778 726 1835 ΛΟΓΟΣ
759 1773 1344 1851 ΠΡΟΣΦΩΝΗΤΙΚΟΣ
1378 1775 1488 1828 ΕΙΣ
1535 1777 1671 1833 ΤυΝ
1711 1781 2239 1836 ΠΑΝΑΓΙΩΤᾹΤΟΝ
2287 1785 2404 1837 ΚΑΙ
2449 1785 2995 1843 ΟῘΚΟΥΜΕΝΙΚΟΝ
3030 1792 3481 1852 ΠΑΤΡΙΛΡΧΗΝ

1773 1901 1935 1956 ΚΥΡ.
1976 1902 2255 1957 ΝΞΦΩΝᾹ.
3160 1916 3165 1919 ‘

1002 2246 1993 2404 THEODULI
2110 2176 3049 2492 MONACHI.

2001 2544 2033 2583 υ

1311 2704 1862 2849 THOMZE
1970 2704 2663 2818 MAGISTRI

1577 2924 1836 2980 ORATIO
1867 2921 2410 2978 GRATULATORH

822 3047 1333 3111 SANCTISSIMO
1369 3048 1468 3111 ET
1502 3043 1973 3107 (ECUMENICO
2012 3043 2546 3116 PATRIARCHAE,
2580 3046 2764 3107 DOM.
2801 3045 3157 3111 NIPHUNI.

431 3342 510 3399 A'.
550 3336 771 3408 Ἐπειδὴ
812 3336 879 3389 σὺ
927 3335 1028 3405 μὶν
1068 3332 1211 3389 Θεοῦ
1261 3333 1500 3398 διδόντος
1543 3334 1646 3405 τῆς
1698 3336 1928 3391 ἁπασῶν

2105 3341 2146 3395 1.
2184 3341 2548 3409 Posteaquam
2593 3348 2650 3393 tu
2682 3337 3017 3409 πυροί-,ηοεί
3066 3355 3295 3396 munere
3330 3355 3398 3396 ac
3434 3343 3614 3399 bene-

365 3435 629 3507 μεγίστης
668 3427 872 3499 ἐπέβης
916 3427 1117 3497 ἀρχῆς.
1149 3424 1325 3481 πολλά
1368 3427 1636 3497 βιασθεὶς,
1671 3432 1765 3482 καὶ
1799 3432 1935 3501 πρὸς

2041 3434 2187 3495 licio,
2241 3435 2399 3487 istam
2437 3431 2683 3486 omnium
2721 3433 3017 3487 maximam
3060 3432 3383 3504 dignitatem
3412 3475 3428 3499 ,
3480 3451 3616 3492 sane

360 3529 463 3600 τὴν
513 3525 761 3592 ἀνάγκην
806 3520 907 3574 οὐκ
965 3517 1330 3593 ἀντειρηκὼς,
1356 3521 1419 3573 τὸ
1481 3521 1695 3592 δδ-τῆς
1746 3525 1935 3593 φήμης

2036 3540 2202 3594 quam
2243 3534 2484 3588 coactus,
2512 3533 2567 3579 et
2614 3526 2931 3581 necessitati
2978 3528 3245 3582 duntaxat
3273 3543 3391 3583 non
3436 3528 3616 3584 recla-

352 3616 698 3686 ἑκασταχόσε
727 3612 955 3683 παρῄει,
992 3610 1081 3673 τίς
1111 3611 1180 3665 ἂν
1204 3612 1383 3665 εἰπεῖν
1412 3610 1527 3683 ἔχοι
1559 3612 1651 3675 τὸν
1685 3631 1935 3684 συνενεχ.

2036 3629 2214 3677 mons,
2256 3614 2466 3678 adiisti,
2519 3617 2752 3685 ejusque
2801 3617 2879 3671 rei
2912 3612 3081 3672 .l‘ama'
3118 3619 3174 3672 in
3213 3633 3409 3675 omnes
3457 3621 3612 3676 orbis

361 3714 524 3766 θέντα
562 3710 754 3778 κρότον
781 3707 1022 3771 ἂπασιν;
1067 3704 1143 3756 Οὐ
1174 3705 1285 3774 γὰρ
1319 3704 1372 3756 οί
1401 3703 1501 3773 μὲν
1531 3704 1738 3776 ταύτην
1792 3704 1936 3775 εἶχον

356 3807 461 3871 τὴν
479 3800 730 3870 γνώμην,
759 3801 810 3853 ot
850 3797 895 3851 δ’
924 3796 1128 3867 ἑτέρως
1151 3809 1242 3864 γε·
1271 3795 1394 3849 οὐδὲ
1419 3795 1624 3867 ταύτην
1657 3796 1755 3866 μὲν
1796 3798 1936 3850 πάν-

352 3913 476 3958 τες,
501 3895 562 3947 οὐ
592 3893 737 3947 κατὰ
761 3893 936 3946 ταυτα
966 3889 1048 3954 δὲ,
1078 3891 1154 3954 ὡς
1180 3889 1305 3952 τοὺς
1334 3890 1433 3960 μὲν
1475 3891 1695 3959 μᾶλλον.
1726 3891 1852 3954 τοὺς
1888 3891 1935 3948 δ’

356 3983 523 4061 ἦττον
561 3983 910 4054 γεγανῶσθαι
944 3984 1010 4054 τῇ
1036 3985 1224 4054 φήμῃ,
1254 3983 1351 4037 καὶ
1382 3982 1512 4046 τοὺς
1544 3983 1645 4054 μὲν
1689 3985 1764 4048 ὡς
1802 3985 1935 4053 ἀλη-

361 4082 491 4146 θῶς,
516 4080 645 4142 τοὺς
692 4077 739 4135 δ’
763 4079 822 4135 ὲν
865 4076 1133 4147 σχήματι·
1162 4074 1280 4129 ἀλλ’
1311 4073 1505 4144 ὥσπερ
1541 4075 1727 4145 κοινῆς
1767 4076 1936 4146 εὐχῆς

358 4171 734 4243 τελεσθείσης,
785 4169 819 4241 ἡ
871 4185 1021 4230 τινος
1066 4168 1203 4238 ἡμῖν
1250 4166 1513 4238 ἐξαίφνης
1556 4169 1656 4221 ἀπ’
1701 4169 1935 4239 οὐρανοῦ

361 4266 642 4329 κατιόντος
671 4263 758 4316 tn’
792 4259 1112 4330 εὐδαιμονίᾳ
1153 4258 1249 4312 τοῦ
1281 4260 1497 4328 γένους,
1543 4259 1687 4313 οὕτω
1731 4262 1935 4325 πάντες

359 4362 457 4422 τὰς
501 4356 728 4427 γνώμας
772 4353 1027 4423 ἔσχομενο
1058 4350 1151 4402 καί
1206 4366 1296 4416 μοι
1333 4348 1624 4419 δοκοῦμεν,
1686 4351 1809 4421 μηδ’
1863 4352 1931 4405 ἂν

360 4453 514 4504 αὐτοὶ
545 4447 893 4524 δεδεγμένοι,
919 4441 1179 4496 τοσοῦτον
1223 4440 1480 4513 ἡσθῆναιο
1525 4444 1727 4511 μᾶλλον
1772 4443 1829 4496 δὲ
1859 4444 1935 4506 ὡς

358 4546 424 4599 ἂν
458 4543 615 4597 αὐτοὶ
643 4540 982 4609 δεδεγμένοι,
1024 4536 1167 4604 μέγα
1219 4534 1546 4604 φρονοῦμεν,
1594 4535 1936 4605 λογιζόμενοι

362 4638 460 4706 μὲν
491 4636 561 4689 τὰ
593 4634 852 4703 πρόσθεν,
886 4633 1198 4692 ἐννοοῦντες
1231 4629 1288 4682 δὲ
1317 4629 1412 4682 καὶ
1453 4627 1522 4681 τὰ
1568 4627 1664 4680 νῦν
1706 4627 1795 4680 διὰ
1836 4628 1933 4681 σοῦ

362 4704 529 4783 ττᾶσιν
598 4727 854 4796 ἐσόμενα·
916 4722 1312 4794 συγχαίροντες
1375 4719 1475 4789 μὲν
1531 4721 1666 4789 ἡμῖν
1722 4719 1930 4785 αὐτοῖς,
1962 4704 2006 4759 Β

360 4820 743 4891 συγχαίροντες
768 4816 824 4868 δὲ
857 4815 953 4869 καὶ
983 4816 1148 4868 πᾶσιν
1175 4809 1509 4880 ἀνθρὼποις’
1539 4811 1621 4863 ὅτι
1656 4812 1756 4876 τῆς
1789 4811 1931 4879 ἁγα-

359 4914 455 4982 θῆς
484 4913 651 4981 τύχης
682 4909 777 4961 νῦν
813 4907 1012 4968 πάντες
1038 4906 1114 4967 ὡς.
1149 4902 1366 4972 ἀληθῶς
1398 4902 1800 4972 πειρασόμεθα,
1837 4902 1935 4955 καὶ

357 5007 452 5060 νῦν
496 5001 813 5071 εὐδαιμονία
861 4997 980 5069 μετ’
1016 4996 1324 5065 ἀνθρώπων
1369 4994 1606 5063 οἰκήεει,
1639 4993 1931 5064 ἑξαληλιρ-

361 5099 536 5168 μένων
566 5095 667 5166 μὲν
694 5095 976 5160 κατάκρας
998 5089 1108 5143 τῶν
1129 5105 1191 5142 τε
1218 5087 1326 5158 ἰδίᾳ
1347 5086 1666 5140 λυπούντων
1689 5087 1929 5155 ὲκὰττῳ,

358 5192 453 5243 καὶ
484 5188 591 5242 τῶν
623 5187 816 5241 κοινῶν
839 5183 1140 5252 δυσχερῶν,
1167 5181 1242 5245 ὡς
1277 5180 1401 5251 μηδ’
1441 5179 1827 5249 ὑπολελεῖφθαι
1863 5181 1929 5249 τῇ

364 5283 577 5351 μνήμῃ’
629 5276 1152 5346 ἀντεισενεχθὲντων
1201 5274 1260 5327 δὲ
1310 5274 1483 5342 ἡδέων
1536 5275 1631 5327 καὶ
1675 5275 1930 5343 τερπνῶν

358 5374 452 5425 καὶ
503 5372 766 5442 χαρίτων,
813 5369 908 5422 καὶ
953 5354 1218 5436 πλείάτης
1272 5366 1406 5433 ὅσης
1460 5364 1771 5436 ἑκασταχοῦ
1830 5368 1931 5438 τῆς

359 5463 644 5534 βακχείας,
676 5457 1024 5530 σκιρτῶντων
1067 5457 1329 5533 ἁπάντων
1370 5455 1465 5507 ἐπὶ
1515 5456 1760 5526 χρηστῆς
1794 5457 1928 5510 ὑπο-

360 5553 585 5614 θέσεως.
620 5552 690 5602 ’Δ
747 5549 917 5602 πάλαι
980 5547 1078 5617 μὲν
1140 5542 1470 5613 ὲποθοῦμεν,
1536 5547 1776 5600 ἰδεῖν-δὲ
1829 5549 1929 5602 οὐκ

359 5643 594 5706 ἀπήντα.
637 5635 943 5706 Ἠ).γοῦ;).εν
985 5636 1042 5688 δὲ
1080 5634 1432 5707 ἀτυχοῦντες·
1470 5637 1660 5706 μόναις
1707 5637 1764 5690 δὲ
1810 5641 1932 5702 ταῖς

359 5731 546 5798 εὐχαῖς
623 5729 871 5781 ἐλείπετο
949 5726 1208 5796 χρῆσθαι,
1279 5726 1659 5797 θαλπομένους
1722 5730 1927 5786 ἐλπίσι.

358 5821 662 5893 Τοιγαροῦν
700 5821 795 5874 καὶ
842 5821 1055 5889 γέγονεο
1106 5819 1199 5872 καὶ
1241 5820 1465 5873 τοσοῦτό
1500 5838 1585 5889 γε,
1623 5822 1755 5876 ὥσθ’
1792 5824 1931 5893 ὑπὲρ

2034 3706 2210 3759 nostri
2254 3702 2436 3774 partes
2477 3706 2647 3770 exiit,
2690 3722 2854 3762 nemo
2911 3707 3070 3763 facile
3103 3708 3327 3776 dixerit,
3363 3711 3457 3780 qui
3496 3720 3612 3766 tum

2036 3796 2180 3864 apud
2231 3796 2523 3852 universos
2565 3798 2818 3854 homines
2865 3798 3090 3855 obortus
3146 3799 3316 3858 fuerit
3364 3803 3611 3872 plausus.

2035 3888 2158 3944 Non
2216 3891 2364 3944 enim
2408 3891 2501 3945 alii
2535 3890 2699 3956 hanc,
2731 3892 2824 3947 alii
2867 3893 3030 3948 aliam
3066 3893 3346 3951 habebant
3385 3904 3615 3952 senten-

2036 3982 2205 4049 tiam;
2241 3999 2420 4053 neque
2451 3999 2647 4039 rursus
2684 3984 2933 4040 eamdem
2982 3985 3204 4056 quidem
3242 4001 3476 4052 omnes,
3517 3989 3616 4043 sed

2035 4087 2146 4128 non
2168 4073 2358 4128 eodem
2387 4073 2549 4142 plane
2591 4079 2968 4144 comparatam
2999 4077 3164 4129 modo
3189 4115 3207 4140 ,
3238 4087 3307 4129 eo
3338 4074 3485 4147 quod
3522 4075 3613 4129 alii

2039 4166 2180 4235 plus,
2205 4166 2300 4220 alii
2330 4167 2510 4220 minus
2536 4164 2704 4231 allato
2729 4165 2927 4221 nuntio
2971 4165 3453 4233 exbilararentur,
3486 4182 3617 4237 pars

2035 4258 2169 4313 item
2203 4273 2271 4313 ex
2292 4258 2499 4320 animo,
2524 4273 2649 4328 pars
2680 4256 2980 4324 simulate;
3024 4258 3121 4313 sed
3155 4273 3291 4313 vero
3321 4258 3471 4313 velut
3514 4275 3618 4329 pu-

2037 4352 2165 4407 blici
2213 4350 2500 4420 cujusdam
2553 4349 2660 4403 voti
2715 4350 2958 4404 damnati
3008 4363 3280 4415 essemus,
3329 4359 3425 4404 aut
3472 4350 3617 4407 casio

2037 4442 2326 4513 quisquam
2390 4450 2637 4509 repente,
2687 4440 2756 4494 ad
2796 4439 3016 4509 generis
3044 4446 3216 4493 nostri
3272 4439 3613 4504 felicitatem,

2040 4533 2198 4586 nol-is
2259 4531 2518 4601 delapsus
2573 4530 2789 4593 fuisset,
2844 4530 2917 4583 ita
2978 4531 3139 4598 plane
3178 4530 3379 4586 animis
3421 4547 3615 4586 omnes

2038 4624 2436 4679 alliciebamur.
2473 4621 2799 4691 Quanquam
2827 4620 2960 4675 mihi
2995 4637 3150 4686 sane,
3175 4638 3277 4677 nec
3310 4623 3356 4677 si
3387 4622 3453 4677 ad
3486 4634 3613 4678 vota

2036 4731 2094 4775 et
2121 4734 2246 4788 spes
2286 4726 2505 4772 nostras
2529 4731 2826 4772 concessus
2857 4716 3021 4775 nobis
3056 4716 3274 4781 fuisses,
3297 4728 3405 4773 tam
3438 4719 3614 4774 effusa

2038 4811 2362 4866 exsultaturi
2397 4812 2685 4865 videamur
2713 4809 2926 4873 laetitia,
2963 4810 3080 4865 sive
3110 4814 3321 4875 verius,
3353 4812 3499 4883 quod
3539 4821 3613 4891 te,

2037 4920 2201 4973 quem
2231 4904 2333 4972 ipsi
2376 4903 2794 4973 optavissemus,
2823 4917 3076 4969 accepto.
3109 4920 3265 4971 nunc
3287 4920 3619 4975 magnopere

2035 4997 2351 5067 gloriemur.
2386 4996 2588 5064 Nempe
2615 4997 2820 5065 pariter
2842 5005 2955 5050 tum
2992 5001 3174 5066 priora
3208 4998 3493 5052 nobiscum
3530 5016 3620 5050 ru-

2036 5098 2324 5163 putantes;
2348 5099 2460 5142 tum
2487 5089 2672 5142 animo
2706 5090 3113 5159 prtecipientes,
3137 5106 3261 5161 quae
3289 5107 3388 5161 per
3419 5104 3469 5146 te
3491 5108 3615 5145 mos

2040 5197 2141 5235 usu
2170 5181 2430 5234 omnibus
2463 5190 2689 5234 ventura
2729 5189 2860 5235 sunt
2895 5196 2909 5232 :
2954 5192 3120 5249 atque
3154 5194 3211 5235 et
3251 5180 3412 5234 nobis
3458 5182 3614 5249 ipsis.

2036 5281 2092 5327 ct
2123 5270 2396 5326 universis
2435 5270 2753 5325 hominibus
2804 5271 3171 5341 gratulantes,
3211 5271 3358 5340 quod
3414 5271 3610 5324 bonan

2037 5380 2231 5420 omnes
2281 5365 2560 5419 fortunam
2616 5379 2765 5419 nunc
2804 5363 3028 5420 demum
3079 5362 3359 5432 experturi
3393 5362 3612 5418 simus:

2033 5458 2179 5528 quod
2212 5458 2436 5527 ipsaque
2475 5471 2620 5511 nunc
2658 5456 2802 5510 inter
2822 5456 3075 5511 homines
3097 5453 3438 5510 domicilium
3460 5453 3611 5509 habi-

2035 5561 2156 5605 tura
2176 5553 2248 5604 sit
2274 5550 2506 5604 felicitas
2532 5568 2544 5602 :
2575 5549 2907 5604 oblitteratis
2938 5551 3184 5621 penitus,
3224 5557 3338 5600 tum
3371 5548 3457 5601 bis
3490 5564 3610 5617 quae

2036 5644 2293 5713 privatim
2319 5658 2596 5712 quemque
2611 5642 2958 5707 cruciabam,
2978 5653 3090 5696 tum
3114 5639 3351 5711 publicis
3375 5640 3612 5694 infortu-

2038 5735 2173 5787 niis:
2199 5737 2270 5788 ita
2289 5744 2348 5787 ut
2369 5749 2434 5786 ne
2453 5728 2504 5786 in
2529 5733 2791 5788 memoria
2806 5733 3030 5802 quidem
3051 5732 3284 5802 amplius
3307 5731 3607 5793 resideant,

2031 5840 2342 5894 eorumque
2375 5824 2497 5879 loco
2535 5826 2780 5881 reductis
2821 5824 3112 5894 iucundis,
3165 5836 3222 5881 et
3250 5825 3538 5893 suavibus,
3579 5839 3611 5883 c
