  <div class='ocr_page' id='page_1' title='image "/cluster/home/n/w/nwhite01/storage/ocr_20150623/145:no.1/coo.31924054870500/203.png"; bbox 0 0 4018 6426; ppageno 0'>
   <div class='ocr_carea' id='block_1_1' title="bbox 453 402 553 465">
    <p class='ocr_par' dir='ltr' id='par_1_1' title="bbox 453 402 553 465">
     <span class='ocr_line' id='line_1_1' title="bbox 453 402 553 465; baseline 0 -1"><span class='ocrx_word' id='word_1_1' title='bbox 453 402 553 465; x_wconf 74' lang='lat'><strong>39!</strong></span> 
     </span>
    </p>
   </div>
   <div class='ocr_carea' id='block_1_2' title="bbox 1684 401 2489 463">
    <p class='ocr_par' dir='ltr' id='par_1_2' title="bbox 1684 401 2489 463">
     <span class='ocr_line' id='line_1_2' title="bbox 1684 401 2489 463; baseline 0.002 -3"><span class='ocrx_word' id='word_1_2' title='bbox 1684 401 2086 461; x_wconf 82' lang='lat' dir='ltr'><strong>TilEODULl</strong></span> <span class='ocrx_word' id='word_1_3' title='bbox 2138 401 2489 463; x_wconf 73' lang='lat' dir='ltr'><strong>MONACIII</strong></span> 
     </span>
    </p>
   </div>
   <div class='ocr_carea' id='block_1_3' title="bbox 3593 411 3689 474">
    <p class='ocr_par' dir='ltr' id='par_1_3' title="bbox 3593 411 3689 474">
     <span class='ocr_line' id='line_1_3' title="bbox 3593 411 3689 474; baseline 0.021 -2"><span class='ocrx_word' id='word_1_4' title='bbox 3593 411 3689 474; x_wconf 76' lang='lat'><strong>392</strong></span> 
     </span>
    </p>
   </div>
   <div class='ocr_carea' id='block_1_4' title="bbox 446 505 2028 587">
    <p class='ocr_par' dir='ltr' id='par_1_4' title="bbox 446 507 2028 587">
     <span class='ocr_line' id='line_1_4' title="bbox 446 507 2028 587; baseline -0.004 -18"><span class='ocrx_word' id='word_1_5' title='bbox 446 515 660 587; x_wconf 81' lang='lat' dir='ltr'><strong>gratiis,</strong></span> <span class='ocrx_word' id='word_1_6' title='bbox 700 520 756 567; x_wconf 88' lang='lat' dir='ltr'><strong>et</strong></span> <span class='ocrx_word' id='word_1_7' title='bbox 799 510 1066 566; x_wconf 89' lang='lat' dir='ltr'><strong>immensa</strong></span> <span class='ocrx_word' id='word_1_8' title='bbox 1116 509 1320 579; x_wconf 70' lang='lat' dir='ltr'><strong>ubique</strong></span> <span class='ocrx_word' id='word_1_9' title='bbox 1352 507 1676 564; x_wconf 75' lang='lat' dir='ltr'><strong>bacchantis</strong></span> <span class='ocrx_word' id='word_1_10' title='bbox 1719 510 1927 564; x_wconf 71' lang='lat' dir='ltr'><strong>laetitiae</strong></span> <span class='ocrx_word' id='word_1_11' title='bbox 1950 509 2028 576; x_wconf 85' lang='lat' dir='ltr'><strong>vi,</strong></span> 
     </span>
    </p>
   </div>
   <div class='ocr_carea' id='block_1_5' title="bbox 2134 505 3685 587">
    <p class='ocr_par' dir='ltr' id='par_1_5' title="bbox 2135 505 3685 587">
     <span class='ocr_line' id='line_1_5' title="bbox 2135 505 3685 587; baseline 0.009 -22"><span class='ocrx_word' id='word_1_12' title='bbox 2135 505 2210 566; x_wconf 82' lang='grc' dir='ltr'>ὧν</span> <span class='ocrx_word' id='word_1_13' title='bbox 2236 512 2386 575; x_wconf 84' lang='grc' dir='ltr'>ὅπως</span> <span class='ocrx_word' id='word_1_14' title='bbox 2410 512 2567 565; x_wconf 78' lang='grc' dir='ltr'>ἔσται</span> <span class='ocrx_word' id='word_1_15' title='bbox 2595 514 2716 576; x_wconf 82' lang='grc' dir='ltr'>ταῖς</span> <span class='ocrx_word' id='word_1_16' title='bbox 2737 514 2927 581; x_wconf 73' lang='grc' dir='ltr'>εὐχαῖς</span> <span class='ocrx_word' id='word_1_17' title='bbox 2965 513 3187 585; x_wconf 72' lang='grc' dir='ltr'>εἴχομεν</span> <span class='ocrx_word' id='word_1_18' title='bbox 3218 518 3472 587; x_wconf 60' lang='grc' dir='ltr'>χρῆᾳθιι,</span> <span class='ocrx_word' id='word_1_19' title='bbox 3496 526 3685 579; x_wconf 81' lang='grc' dir='ltr'>τούτων</span> 
     </span>
    </p>
   </div>
   <div class='ocr_carea' id='block_1_6' title="bbox 447 601 2026 675">
    <p class='ocr_par' dir='ltr' id='par_1_6' title="bbox 447 601 2026 675">
     <span class='ocr_line' id='line_1_6' title="bbox 447 601 2026 675; baseline -0.003 -16"><span class='ocrx_word' id='word_1_20' title='bbox 447 608 815 675; x_wconf 85' lang='lat' dir='ltr'><strong>omnibusque</strong></span> <span class='ocrx_word' id='word_1_21' title='bbox 869 604 940 657; x_wconf 89' lang='lat' dir='ltr'><strong>ob</strong></span> <span class='ocrx_word' id='word_1_22' title='bbox 993 611 1098 655; x_wconf 90' lang='lat' dir='ltr'><strong>tam</strong></span> <span class='ocrx_word' id='word_1_23' title='bbox 1150 603 1347 655; x_wconf 83' lang='lat' dir='ltr'><strong>bonam</strong></span> <span class='ocrx_word' id='word_1_24' title='bbox 1394 616 1615 655; x_wconf 80' lang='lat' dir='ltr'><strong>causam</strong></span> <span class='ocrx_word' id='word_1_25' title='bbox 1669 601 1810 654; x_wconf 88' lang='lat' dir='ltr'><strong>mire</strong></span> <span class='ocrx_word' id='word_1_26' title='bbox 1847 602 2026 670; x_wconf 87' lang='lat' dir='ltr'><strong>tripu-</strong></span> 
     </span>
    </p>
   </div>
   <div class='ocr_carea' id='block_1_7' title="bbox 447 693 2026 762">
    <p class='ocr_par' dir='ltr' id='par_1_7' title="bbox 447 693 2026 762">
     <span class='ocr_line' id='line_1_7' title="bbox 447 693 2026 762; baseline -0.003 -11"><span class='ocrx_word' id='word_1_27' title='bbox 447 700 745 753; x_wconf 79' lang='lat' dir='ltr'><strong>diantibns.</strong></span> <span class='ocrx_word' id='word_1_28' title='bbox 785 696 917 762; x_wconf 75' lang='lat' dir='ltr'><strong>Quae</strong></span> <span class='ocrx_word' id='word_1_29' title='bbox 951 694 1159 749; x_wconf 90' lang='lat' dir='ltr'><strong>dudum</strong></span> <span class='ocrx_word' id='word_1_30' title='bbox 1191 693 1675 757; x_wconf 87' lang='lat' dir='ltr'><strong>desiderabamus,</strong></span> <span class='ocrx_word' id='word_1_31' title='bbox 1714 694 1815 749; x_wconf 86' lang='lat' dir='ltr'><strong>sed</strong></span> <span class='ocrx_word' id='word_1_32' title='bbox 1847 694 2026 748; x_wconf 85' lang='lat' dir='ltr'><strong>oculis</strong></span> 
     </span>
    </p>
   </div>
   <div class='ocr_carea' id='block_1_8' title="bbox 449 786 2026 862">
    <p class='ocr_par' dir='ltr' id='par_1_8' title="bbox 449 786 2026 862">
     <span class='ocr_line' id='line_1_8' title="bbox 449 786 2026 862; baseline -0.004 -17"><span class='ocrx_word' id='word_1_33' title='bbox 449 808 712 862; x_wconf 87' lang='lat' dir='ltr'><strong>usurpare</strong></span> <span class='ocrx_word' id='word_1_34' title='bbox 739 807 847 844; x_wconf 91' lang='lat' dir='ltr'><strong>non</strong></span> <span class='ocrx_word' id='word_1_35' title='bbox 880 789 1080 843; x_wconf 90' lang='lat' dir='ltr'><strong>licebat</strong></span> <span class='ocrx_word' id='word_1_36' title='bbox 1117 807 1129 841; x_wconf 92' lang='lat'><strong>:</strong></span> <span class='ocrx_word' id='word_1_37' title='bbox 1165 797 1331 855; x_wconf 88' lang='lat' dir='ltr'><strong>atque</strong></span> <span class='ocrx_word' id='word_1_38' title='bbox 1374 795 1437 839; x_wconf 90' lang='lat' dir='ltr'><strong>ut</strong></span> <span class='ocrx_word' id='word_1_39' title='bbox 1468 786 1830 841; x_wconf 74' lang='lat' dir='ltr'><strong>frustratione</strong></span> <span class='ocrx_word' id='word_1_40' title='bbox 1857 801 2026 856; x_wconf 79' lang='lat' dir='ltr'><strong>ange-</strong></span> 
     </span>
    </p>
   </div>
   <div class='ocr_carea' id='block_1_9' title="bbox 445 878 2023 948">
    <p class='ocr_par' dir='ltr' id='par_1_9' title="bbox 445 878 2023 948">
     <span class='ocr_line' id='line_1_9' title="bbox 445 878 2023 948; baseline -0.005 -9"><span class='ocrx_word' id='word_1_41' title='bbox 445 887 662 948; x_wconf 84' lang='lat' dir='ltr'><strong>bantur,</strong></span> <span class='ocrx_word' id='word_1_42' title='bbox 705 884 776 937; x_wconf 88' lang='lat' dir='ltr'><strong>ita</strong></span> <span class='ocrx_word' id='word_1_43' title='bbox 830 882 965 936; x_wconf 83' lang='lat' dir='ltr'><strong>solis</strong></span> <span class='ocrx_word' id='word_1_44' title='bbox 1006 882 1083 934; x_wconf 87' lang='grc' dir='ltr'>ιιιὶ</span> <span class='ocrx_word' id='word_1_45' title='bbox 1109 881 1272 943; x_wconf 89' lang='lat' dir='ltr'><strong>votis,</strong></span> <span class='ocrx_word' id='word_1_46' title='bbox 1326 878 1489 932; x_wconf 87' lang='lat' dir='ltr'><strong>nobis</strong></span> <span class='ocrx_word' id='word_1_47' title='bbox 1537 895 1636 948; x_wconf 87' lang='lat' dir='ltr'><strong>spe</strong></span> <span class='ocrx_word' id='word_1_48' title='bbox 1683 879 2023 943; x_wconf 87' lang='lat' dir='ltr'><strong>calentibus,</strong></span> 
     </span>
    </p>
   </div>
   <div class='ocr_carea' id='block_1_10' title="bbox 444 970 2023 1046">
    <p class='ocr_par' dir='ltr' id='par_1_10' title="bbox 444 970 2023 1046">
     <span class='ocr_line' id='line_1_10' title="bbox 444 970 2023 1046; baseline -0.003 -17"><span class='ocrx_word' id='word_1_49' title='bbox 444 978 716 1046; x_wconf 77' lang='lat' dir='ltr'><strong>reliquum</strong></span> <span class='ocrx_word' id='word_1_50' title='bbox 750 983 886 1029; x_wconf 87' lang='lat' dir='ltr'><strong>erat.</strong></span> <span class='ocrx_word' id='word_1_51' title='bbox 925 974 1291 1039; x_wconf 84' lang='lat' dir='ltr'><strong>Quamobrem</strong></span> <span class='ocrx_word' id='word_1_52' title='bbox 1348 970 1553 1025; x_wconf 89' lang='lat' dir='ltr'><strong>factum</strong></span> <span class='ocrx_word' id='word_1_53' title='bbox 1596 972 1649 1025; x_wconf 91' lang='lat' dir='ltr'><strong>id</strong></span> <span class='ocrx_word' id='word_1_54' title='bbox 1703 986 1853 1025; x_wconf 91' lang='lat' dir='ltr'><strong>nunc</strong></span> <span class='ocrx_word' id='word_1_55' title='bbox 1915 985 2023 1026; x_wconf 80' lang='lat' dir='ltr'><strong>est.</strong></span> 
     </span>
    </p>
   </div>
   <div class='ocr_carea' id='block_1_11' title="bbox 447 1061 2023 1131">
    <p class='ocr_par' dir='ltr' id='par_1_11' title="bbox 447 1061 2023 1131">
     <span class='ocr_line' id='line_1_11' title="bbox 447 1061 2023 1131; baseline -0.001 -13"><span class='ocrx_word' id='word_1_56' title='bbox 447 1066 515 1118; x_wconf 88' lang='lat' dir='ltr'><strong>Et</strong></span> <span class='ocrx_word' id='word_1_57' title='bbox 562 1074 774 1119; x_wconf 90' lang='lat' dir='ltr'><strong>tantum</strong></span> <span class='ocrx_word' id='word_1_58' title='bbox 825 1065 959 1119; x_wconf 91' lang='lat' dir='ltr'><strong>illud</strong></span> <span class='ocrx_word' id='word_1_59' title='bbox 1008 1063 1259 1125; x_wconf 83' lang='lat' dir='ltr'><strong>omnino,</strong></span> <span class='ocrx_word' id='word_1_60' title='bbox 1314 1072 1373 1117; x_wconf 90' lang='lat' dir='ltr'><strong>ut</strong></span> <span class='ocrx_word' id='word_1_61' title='bbox 1408 1061 1877 1131; x_wconf 81' lang='lat' dir='ltr'><strong>quemadmodum</strong></span> <span class='ocrx_word' id='word_1_62' title='bbox 1912 1078 2023 1131; x_wconf 91' lang='lat' dir='ltr'><strong>quo</strong></span> 
     </span>
    </p>
   </div>
   <div class='ocr_carea' id='block_1_12' title="bbox 2134 602 3681 684">
    <p class='ocr_par' dir='ltr' id='par_1_12' title="bbox 2134 602 3681 684">
     <span class='ocr_line' id='line_1_12' title="bbox 2134 602 3681 684; baseline 0.005 -28"><span class='ocrx_word' id='word_1_63' title='bbox 2134 603 2287 665; x_wconf 81' lang='grc' dir='ltr'>ὅπως</span> <span class='ocrx_word' id='word_1_64' title='bbox 2313 602 2610 664; x_wconf 76' lang='grc' dir='ltr'>διαπαντὸς</span> <span class='ocrx_word' id='word_1_65' title='bbox 2643 604 2939 657; x_wconf 76' lang='grc' dir='ltr'>ἀπολαύειν</span> <span class='ocrx_word' id='word_1_66' title='bbox 2964 603 3180 670; x_wconf 67' lang='grc' dir='ltr'>ἐξέιται</span> <span class='ocrx_word' id='word_1_67' title='bbox 3207 611 3329 671; x_wconf 76' lang='grc' dir='ltr'>ταῖς</span> <span class='ocrx_word' id='word_1_68' title='bbox 3358 612 3538 680; x_wconf 73' lang='grc' dir='ltr'>εὐχαῖς</span> <span class='ocrx_word' id='word_1_69' title='bbox 3567 615 3681 684; x_wconf 72' lang='grc' dir='ltr'>ἕχο-</span> 
     </span>
    </p>
   </div>
   <div class='ocr_carea' id='block_1_13' title="bbox 2137 693 3686 774">
    <p class='ocr_par' dir='ltr' id='par_1_13' title="bbox 2137 693 3686 774">
     <span class='ocr_line' id='line_1_13' title="bbox 2137 693 3686 774; baseline 0.008 -28"><span class='ocrx_word' id='word_1_70' title='bbox 2137 711 2238 765; x_wconf 77' lang='grc' dir='ltr'><strong>μιν</strong></span> <span class='ocrx_word' id='word_1_71' title='bbox 2270 696 2526 765; x_wconf 78' lang='grc' dir='ltr'>χρῆσθαι.</span> <span class='ocrx_word' id='word_1_72' title='bbox 2562 695 2733 749; x_wconf 79' lang='grc' dir='ltr'>Τοῦτο</span> <span class='ocrx_word' id='word_1_73' title='bbox 2772 693 2843 767; x_wconf 82' lang='grc' dir='ltr'>ἦν</span> <span class='ocrx_word' id='word_1_74' title='bbox 2876 698 2984 768; x_wconf 82' lang='grc' dir='ltr'>ἄρα</span> <span class='ocrx_word' id='word_1_75' title='bbox 3017 699 3118 769; x_wconf 80' lang='grc' dir='ltr'>τὴν</span> <span class='ocrx_word' id='word_1_76' title='bbox 3153 701 3257 769; x_wconf 84' lang='grc' dir='ltr'>γῆν</span> <span class='ocrx_word' id='word_1_77' title='bbox 3292 704 3423 771; x_wconf 68' lang='grc' dir='ltr'>πρὸς</span> <span class='ocrx_word' id='word_1_78' title='bbox 3469 708 3686 774; x_wconf 78' lang='grc' dir='ltr'>καρπῶν</span> 
     </span>
    </p>
   </div>
   <div class='ocr_carea' id='block_1_14' title="bbox 2136 787 3695 863">
    <p class='ocr_par' dir='ltr' id='par_1_14' title="bbox 2136 787 3695 863">
     <span class='ocr_line' id='line_1_14' title="bbox 2136 787 3695 863; baseline 0.008 -22"><span class='ocrx_word' id='word_1_79' title='bbox 2136 787 2400 841; x_wconf 81' lang='grc' dir='ltr'>ἁπάντων</span> <span class='ocrx_word' id='word_1_80' title='bbox 2428 788 2707 859; x_wconf 70' lang='grc' dir='ltr'>ἐρρῶσθαι</span> <span class='ocrx_word' id='word_1_81' title='bbox 2739 791 2936 857; x_wconf 75' lang='grc' dir='ltr'>φορὰν,</span> <span class='ocrx_word' id='word_1_82' title='bbox 2961 794 3054 844; x_wconf 78' lang='grc' dir='ltr'>καὶ</span> <span class='ocrx_word' id='word_1_83' title='bbox 3083 793 3547 863; x_wconf 76' lang='grc' dir='ltr'>φιλοτιμήσασθαι</span> <span class='ocrx_word' id='word_1_84' title='bbox 3578 806 3695 863; x_wconf 76' lang='grc' dir='ltr'>ταῖς</span> 
     </span>
    </p>
   </div>
   <div class='ocr_carea' id='block_1_15' title="bbox 2130 879 3696 956">
    <p class='ocr_par' dir='ltr' id='par_1_15' title="bbox 2130 879 3696 956">
     <span class='ocr_line' id='line_1_15' title="bbox 2130 879 3696 956; baseline 0.008 -25"><span class='ocrx_word' id='word_1_85' title='bbox 2130 881 2341 946; x_wconf 79' lang='grc' dir='ltr'>γοναῖς,</span> <span class='ocrx_word' id='word_1_86' title='bbox 2383 879 2574 948; x_wconf 82' lang='grc' dir='ltr'>ὥσπερ</span> <span class='ocrx_word' id='word_1_87' title='bbox 2605 895 2668 946; x_wconf 86' lang='grc' dir='ltr'><strong>γε</strong></span> <span class='ocrx_word' id='word_1_88' title='bbox 2700 880 2798 949; x_wconf 75' lang='grc' dir='ltr'>τῆς</span> <span class='ocrx_word' id='word_1_89' title='bbox 2848 882 3151 950; x_wconf 79' lang='grc' dir='ltr'><strong>μελλούσης</strong></span> <span class='ocrx_word' id='word_1_90' title='bbox 3184 885 3353 955; x_wconf 84' lang='grc' dir='ltr'>τύχης</span> <span class='ocrx_word' id='word_1_91' title='bbox 3395 888 3696 956; x_wconf 73' lang='grc' dir='ltr'><strong>ἀξιολόγους</strong></span> 
     </span>
    </p>
   </div>
   <div class='ocr_carea' id='block_1_16' title="bbox 2127 972 3698 1044">
    <p class='ocr_par' dir='ltr' id='par_1_16' title="bbox 2127 972 3698 1044">
     <span class='ocr_line' id='line_1_16' title="bbox 2127 972 3698 1044; baseline 0.007 -21"><span class='ocrx_word' id='word_1_92' title='bbox 2127 972 2283 1032; x_wconf 80' lang='grc' dir='ltr'>τινὰς</span> <span class='ocrx_word' id='word_1_93' title='bbox 2306 972 2559 1039; x_wconf 78' lang='grc' dir='ltr'>ἀφορμάς</span> <span class='ocrx_word' id='word_1_94' title='bbox 2588 976 3068 1041; x_wconf 70' lang='grc' dir='ltr'>παρεσκευακότος</span> <span class='ocrx_word' id='word_1_95' title='bbox 3089 976 3183 1029; x_wconf 81' lang='grc' dir='ltr'>τοῦ</span> <span class='ocrx_word' id='word_1_96' title='bbox 3213 978 3380 1044; x_wconf 82' lang='grc' dir='ltr'>θείου,</span> <span class='ocrx_word' id='word_1_97' title='bbox 3403 979 3698 1044; x_wconf 70' lang='grc' dir='ltr'><strong>δεικνύντος</strong></span> 
     </span>
    </p>
   </div>
   <div class='ocr_carea' id='block_1_17' title="bbox 2128 1064 3117 1137">
    <p class='ocr_par' dir='ltr' id='par_1_17' title="bbox 2128 1064 3117 1137">
     <span class='ocr_line' id='line_1_17' title="bbox 2128 1064 3117 1137; baseline 0.005 -20"><span class='ocrx_word' id='word_1_98' title='bbox 2128 1064 2380 1118; x_wconf 82' lang='grc' dir='ltr'>ἐντεῦθεν</span> <span class='ocrx_word' id='word_1_99' title='bbox 2420 1065 2517 1135; x_wconf 82' lang='grc' dir='ltr'>τὴν</span> <span class='ocrx_word' id='word_1_100' title='bbox 2545 1067 2811 1137; x_wconf 79' lang='grc' dir='ltr'><strong>ἐσομένην</strong></span> <span class='ocrx_word' id='word_1_101' title='bbox 2841 1068 3117 1137; x_wconf 78' lang='grc' dir='ltr'>βοήθειαν.</span> 
     </span>
    </p>
   </div>
   <div class='ocr_carea' id='block_1_18' title="bbox 443 1156 3703 1231">
    <p class='ocr_par' dir='ltr' id='par_1_18' title="bbox 443 1156 3703 1231">
     <span class='ocr_line' id='line_1_18' title="bbox 443 1156 3703 1231; baseline 0.003 -20"><span class='ocrx_word' id='word_1_102' title='bbox 443 1160 557 1213; x_wconf 73' lang='lat' dir='ltr'><strong>haec</strong></span> <span class='ocrx_word' id='word_1_103' title='bbox 586 1160 802 1224; x_wconf 82' lang='lat' dir='ltr'><strong>fierent,</strong></span> <span class='ocrx_word' id='word_1_104' title='bbox 834 1159 1071 1214; x_wconf 88' lang='lat' dir='ltr'><strong>antehac</strong></span> <span class='ocrx_word' id='word_1_105' title='bbox 1116 1157 1260 1214; x_wconf 86' lang='lat' dir='ltr'><strong>votis</strong></span> <span class='ocrx_word' id='word_1_106' title='bbox 1298 1168 1490 1226; x_wconf 86' lang='lat' dir='ltr'><strong>optare</strong></span> <span class='ocrx_word' id='word_1_107' title='bbox 1534 1156 1873 1211; x_wconf 83' lang='lat' dir='ltr'><strong>habebamus</strong></span> <span class='ocrx_word' id='word_1_108' title='bbox 1897 1197 1912 1223; x_wconf 94' lang='lat'><strong>,</strong></span> <span class='ocrx_word' id='word_1_109' title='bbox 1943 1157 2015 1210; x_wconf 87' lang='lat' dir='ltr'><strong>ita</strong></span> <span class='ocrx_word' id='word_1_110' title='bbox 2056 1173 2205 1212; x_wconf 90' lang='lat' dir='ltr'><strong>nunc</strong></span> <span class='ocrx_word' id='word_1_111' title='bbox 2242 1167 2301 1213; x_wconf 91' lang='lat' dir='ltr'><strong>ut</strong></span> <span class='ocrx_word' id='word_1_112' title='bbox 2361 1168 2630 1228; x_wconf 88' lang='lat' dir='ltr'><strong>perpetuo</strong></span> <span class='ocrx_word' id='word_1_113' title='bbox 2659 1160 2739 1214; x_wconf 89' lang='lat' dir='ltr'><strong>eis</strong></span> <span class='ocrx_word' id='word_1_114' title='bbox 2771 1162 2877 1214; x_wconf 88' lang='lat' dir='ltr'><strong>frui</strong></span> <span class='ocrx_word' id='word_1_115' title='bbox 2949 1161 3111 1217; x_wconf 84' lang='lat' dir='ltr'><strong>nobis</strong></span> <span class='ocrx_word' id='word_1_116' title='bbox 3140 1163 3324 1229; x_wconf 86' lang='lat' dir='ltr'><strong>liceat,</strong></span> <span class='ocrx_word' id='word_1_117' title='bbox 3354 1165 3498 1220; x_wconf 87' lang='lat' dir='ltr'><strong>votis</strong></span> <span class='ocrx_word' id='word_1_118' title='bbox 3524 1173 3703 1231; x_wconf 81' lang='lat' dir='ltr'><strong>Optan-</strong></span> 
     </span>
    </p>
   </div>
   <div class='ocr_carea' id='block_1_19' title="bbox 442 1249 3699 1322">
    <p class='ocr_par' dir='ltr' id='par_1_19' title="bbox 442 1249 3699 1322">
     <span class='ocr_line' id='line_1_19' title="bbox 442 1249 3699 1322; baseline 0.002 -17"><span class='ocrx_word' id='word_1_119' title='bbox 442 1252 573 1306; x_wconf 92' lang='lat' dir='ltr'><strong>dum</strong></span> <span class='ocrx_word' id='word_1_120' title='bbox 600 1254 928 1309; x_wconf 88' lang='lat' dir='ltr'><strong>habeamus.</strong></span> <span class='ocrx_word' id='word_1_121' title='bbox 960 1252 1137 1322; x_wconf 83' lang='lat' dir='ltr'><strong>Atque</strong></span> <span class='ocrx_word' id='word_1_122' title='bbox 1171 1254 1273 1308; x_wconf 89' lang='lat' dir='ltr'><strong>hoc</strong></span> <span class='ocrx_word' id='word_1_123' title='bbox 1303 1253 1479 1321; x_wconf 86' lang='lat' dir='ltr'><strong>ipsum</strong></span> <span class='ocrx_word' id='word_1_124' title='bbox 1515 1249 1659 1304; x_wconf 93' lang='lat' dir='ltr'><strong>haud</strong></span> <span class='ocrx_word' id='word_1_125' title='bbox 1692 1250 1858 1305; x_wconf 83' lang='lat' dir='ltr'><strong>dubie</strong></span> <span class='ocrx_word' id='word_1_126' title='bbox 1929 1259 2070 1317; x_wconf 86' lang='lat' dir='ltr'><strong>erat,</strong></span> <span class='ocrx_word' id='word_1_127' title='bbox 2112 1252 2259 1321; x_wconf 89' lang='lat' dir='ltr'><strong>quod</strong></span> <span class='ocrx_word' id='word_1_128' title='bbox 2310 1251 2386 1306; x_wconf 87' lang='lat' dir='ltr'><strong>ita</strong></span> <span class='ocrx_word' id='word_1_129' title='bbox 2423 1253 2648 1322; x_wconf 81' lang='lat' dir='ltr'><strong>cupioso</strong></span> <span class='ocrx_word' id='word_1_130' title='bbox 2690 1252 2851 1308; x_wconf 89' lang='lat' dir='ltr'><strong>tellus</strong></span> <span class='ocrx_word' id='word_1_131' title='bbox 2890 1265 3074 1309; x_wconf 90' lang='lat' dir='ltr'><strong>nostra</strong></span> <span class='ocrx_word' id='word_1_132' title='bbox 3128 1254 3409 1312; x_wconf 85' lang='lat' dir='ltr'><strong>fructuum</strong></span> <span class='ocrx_word' id='word_1_133' title='bbox 3462 1260 3699 1312; x_wconf 88' lang='lat' dir='ltr'><strong>onmium</strong></span> 
     </span>
    </p>
   </div>
   <div class='ocr_carea' id='block_1_20' title="bbox 442 1345 3702 1419">
    <p class='ocr_par' dir='ltr' id='par_1_20' title="bbox 442 1345 3702 1419">
     <span class='ocr_line' id='line_1_20' title="bbox 442 1345 3702 1419; baseline 0.001 -18"><span class='ocrx_word' id='word_1_134' title='bbox 442 1358 713 1417; x_wconf 82' lang='lat' dir='ltr'><strong>proventu</strong></span> <span class='ocrx_word' id='word_1_135' title='bbox 765 1364 945 1418; x_wconf 83' lang='lat' dir='ltr'><strong>nuper</strong></span> <span class='ocrx_word' id='word_1_136' title='bbox 985 1347 1314 1407; x_wconf 88' lang='lat' dir='ltr'><strong>abundaret,</strong></span> <span class='ocrx_word' id='word_1_137' title='bbox 1355 1355 1411 1400; x_wconf 87' lang='lat' dir='ltr'><strong>et</strong></span> <span class='ocrx_word' id='word_1_138' title='bbox 1454 1346 1749 1400; x_wconf 88' lang='lat' dir='ltr'><strong>ambitiosa</strong></span> <span class='ocrx_word' id='word_1_139' title='bbox 1819 1345 2054 1405; x_wconf 80' lang='lat' dir='ltr'><strong>quadam</strong></span> <span class='ocrx_word' id='word_1_140' title='bbox 2117 1346 2453 1402; x_wconf 78' lang='lat' dir='ltr'><strong>fecunditate</strong></span> <span class='ocrx_word' id='word_1_141' title='bbox 2492 1348 2816 1408; x_wconf 80' lang='lat' dir='ltr'><strong>luxuriaret.</strong></span> <span class='ocrx_word' id='word_1_142' title='bbox 2844 1348 2956 1403; x_wconf 82' lang='lat' dir='ltr'><strong>Deo</strong></span> <span class='ocrx_word' id='word_1_143' title='bbox 3018 1349 3280 1405; x_wconf 88' lang='lat' dir='ltr'><strong>nimirum</strong></span> <span class='ocrx_word' id='word_1_144' title='bbox 3321 1350 3520 1405; x_wconf 77' lang='lat' dir='ltr'><strong>futura:</strong></span> <span class='ocrx_word' id='word_1_145' title='bbox 3546 1352 3702 1419; x_wconf 65' lang='lat' dir='ltr'><strong>hujus</strong></span> 
     </span>
    </p>
   </div>
   <div class='ocr_carea' id='block_1_21' title="bbox 447 1440 3703 1517">
    <p class='ocr_par' dir='ltr' id='par_1_21' title="bbox 447 1440 3703 1517">
     <span class='ocr_line' id='line_1_21' title="bbox 447 1440 3703 1517; baseline 0.003 -23"><span class='ocrx_word' id='word_1_146' title='bbox 447 1444 681 1496; x_wconf 68' lang='lat' dir='ltr'><strong>fortunae</strong></span> <span class='ocrx_word' id='word_1_147' title='bbox 720 1452 927 1496; x_wconf 63' lang='lat' dir='ltr'><strong>nostra!</strong></span> <span class='ocrx_word' id='word_1_148' title='bbox 951 1442 1102 1496; x_wconf 88' lang='lat' dir='ltr'><strong>velut</strong></span> <span class='ocrx_word' id='word_1_149' title='bbox 1132 1441 1450 1511; x_wconf 71' lang='lat' dir='ltr'><strong>praeclaram</strong></span> <span class='ocrx_word' id='word_1_150' title='bbox 1481 1440 1777 1509; x_wconf 79' lang='lat' dir='ltr'><strong>quamdam</strong></span> <span class='ocrx_word' id='word_1_151' title='bbox 1812 1440 2094 1495; x_wconf 90' lang='lat' dir='ltr'><strong>lemeutim</strong></span> <span class='ocrx_word' id='word_1_152' title='bbox 2121 1440 2234 1511; x_wconf 84' lang='lat' dir='ltr'><strong>jam</strong></span> <span class='ocrx_word' id='word_1_153' title='bbox 2253 1450 2499 1511; x_wconf 86' lang='lat' dir='ltr'><strong>parante,</strong></span> <span class='ocrx_word' id='word_1_154' title='bbox 2539 1450 2704 1512; x_wconf 89' lang='lat' dir='ltr'><strong>atque</strong></span> <span class='ocrx_word' id='word_1_155' title='bbox 2758 1443 3008 1498; x_wconf 89' lang='lat' dir='ltr'><strong>futurum</strong></span> <span class='ocrx_word' id='word_1_156' title='bbox 3068 1445 3196 1499; x_wconf 90' lang='lat' dir='ltr'><strong>inde</strong></span> <span class='ocrx_word' id='word_1_157' title='bbox 3253 1457 3703 1517; x_wconf 71' lang='lat' dir='ltr'><strong>praimonstrante</strong></span> 
     </span>
    </p>
   </div>
   <div class='ocr_carea' id='block_1_22' title="bbox 443 1535 734 1589">
    <p class='ocr_par' dir='ltr' id='par_1_22' title="bbox 443 1535 734 1589">
     <span class='ocr_line' id='line_1_22' title="bbox 443 1535 734 1589; baseline -0.003 0"><span class='ocrx_word' id='word_1_158' title='bbox 443 1535 734 1589; x_wconf 78' lang='lat' dir='ltr'><strong>auxilium.</strong></span> 
     </span>
    </p>
   </div>
   <div class='ocr_carea' id='block_1_23' title="bbox 516 1644 2028 1731">
    <p class='ocr_par' dir='ltr' id='par_1_23' title="bbox 516 1650 2027 1723">
     <span class='ocr_line' id='line_1_23' title="bbox 516 1650 2027 1723; baseline -0.001 -19"><span class='ocrx_word' id='word_1_159' title='bbox 516 1651 584 1704; x_wconf 90' lang='lat' dir='ltr'><strong>ll.</strong></span> <span class='ocrx_word' id='word_1_160' title='bbox 620 1650 815 1703; x_wconf 85' lang='lat' dir='ltr'><strong>Verum</strong></span> <span class='ocrx_word' id='word_1_161' title='bbox 850 1650 1139 1705; x_wconf 82' lang='lat' dir='ltr'><strong>enimvero</strong></span> <span class='ocrx_word' id='word_1_162' title='bbox 1195 1667 1296 1706; x_wconf 88' lang='lat' dir='ltr'><strong>nec</strong></span> <span class='ocrx_word' id='word_1_163' title='bbox 1346 1669 1577 1723; x_wconf 82' lang='lat' dir='ltr'><strong>magnus</strong></span> <span class='ocrx_word' id='word_1_164' title='bbox 1630 1652 1931 1722; x_wconf 84' lang='lat' dir='ltr'><strong>imperator</strong></span> <span class='ocrx_word' id='word_1_165' title='bbox 1958 1664 2027 1705; x_wconf 80' lang='lat' dir='ltr'><strong>ex</strong></span> 
     </span>
    </p>
   </div>
   <div class='ocr_carea' id='block_1_24' title="bbox 2134 1644 3708 1731">
    <p class='ocr_par' dir='ltr' id='par_1_24' title="bbox 2208 1644 3708 1731">
     <span class='ocr_line' id='line_1_24' title="bbox 2208 1644 3708 1731; baseline 0.004 -32"><span class='ocrx_word' id='word_1_166' title='bbox 2208 1645 2285 1702; x_wconf 90' lang='lat' dir='ltr'><strong>B&#39;.</strong></span> <span class='ocrx_word' id='word_1_167' title='bbox 2321 1646 2394 1699; x_wconf 89' lang='grc' dir='ltr'>Ού</span> <span class='ocrx_word' id='word_1_168' title='bbox 2428 1644 2536 1731; x_wconf 66' lang='grc' dir='ltr'><strong>μῂν</strong></span> <span class='ocrx_word' id='word_1_169' title='bbox 2579 1644 2715 1700; x_wconf 83' lang='grc' dir='ltr'><strong>ἀλλά</strong></span> <span class='ocrx_word' id='word_1_170' title='bbox 2752 1647 2844 1700; x_wconf 80' lang='grc' dir='ltr'><strong>καὶ</strong></span> <span class='ocrx_word' id='word_1_171' title='bbox 2887 1644 3143 1717; x_wconf 81' lang='grc' dir='ltr'>βασιλεὺς</span> <span class='ocrx_word' id='word_1_172' title='bbox 3170 1649 3197 1701; x_wconf 82' lang='grc' dir='ltr'><strong>ὁ</strong></span> <span class='ocrx_word' id='word_1_173' title='bbox 3228 1650 3406 1718; x_wconf 80' lang='grc' dir='ltr'><strong>μέγας</strong></span> <span class='ocrx_word' id='word_1_174' title='bbox 3445 1653 3543 1706; x_wconf 76' lang='grc' dir='ltr'><strong>οὐκ</strong></span> <span class='ocrx_word' id='word_1_175' title='bbox 3567 1653 3708 1722; x_wconf 84' lang='grc' dir='ltr'>ἀπῆν</span> 
     </span>
    </p>
   </div>
   <div class='ocr_carea' id='block_1_25' title="bbox 446 1738 2028 1813">
    <p class='ocr_par' dir='ltr' id='par_1_25' title="bbox 446 1740 2028 1812">
     <span class='ocr_line' id='line_1_25' title="bbox 446 1740 2028 1812; baseline -0.001 -17"><span class='ocrx_word' id='word_1_176' title='bbox 446 1742 553 1795; x_wconf 88' lang='lat' dir='ltr'><strong>hoc</strong></span> <span class='ocrx_word' id='word_1_177' title='bbox 608 1743 799 1795; x_wconf 80' lang='lat' dir='ltr'><strong>aberat</strong></span> <span class='ocrx_word' id='word_1_178' title='bbox 841 1741 1331 1805; x_wconf 76' lang='lat' dir='ltr'><strong>theatro,-Nostra:</strong></span> <span class='ocrx_word' id='word_1_179' title='bbox 1370 1743 1710 1812; x_wconf 83' lang='lat' dir='ltr'><strong>columenque</strong></span> <span class='ocrx_word' id='word_1_180' title='bbox 1758 1751 1807 1795; x_wconf 84' lang='lat' dir='ltr'><strong>et</strong></span> <span class='ocrx_word' id='word_1_181' title='bbox 1852 1740 2028 1810; x_wconf 77' lang='lat' dir='ltr'><strong>gloria</strong></span> 
     </span>
    </p>
   </div>
   <div class='ocr_carea' id='block_1_26' title="bbox 2134 1738 3705 1813">
    <p class='ocr_par' dir='ltr' id='par_1_26' title="bbox 2134 1738 3705 1813">
     <span class='ocr_line' id='line_1_26' title="bbox 2134 1738 3705 1813; baseline 0.004 -22"><span class='ocrx_word' id='word_1_182' title='bbox 2134 1738 2229 1793; x_wconf 82' lang='grc' dir='ltr'>τοῦ</span> <span class='ocrx_word' id='word_1_183' title='bbox 2255 1740 2510 1807; x_wconf 80' lang='grc' dir='ltr'>θεάτρου,</span> <span class='ocrx_word' id='word_1_184' title='bbox 2546 1741 2615 1792; x_wconf 89' lang='grc' dir='ltr'>τὸ</span> <span class='ocrx_word' id='word_1_185' title='bbox 2647 1739 2821 1808; x_wconf 70' lang='grc' dir='ltr'>γαίης</span> <span class='ocrx_word' id='word_1_186' title='bbox 2848 1740 3119 1807; x_wconf 74' lang='grc' dir='ltr'><strong>ἐρικυδὲς</strong></span> <span class='ocrx_word' id='word_1_187' title='bbox 3148 1743 3422 1813; x_wconf 67' lang='grc' dir='ltr'>ἔρεισμα*</span> <span class='ocrx_word' id='word_1_188' title='bbox 3454 1746 3587 1799; x_wconf 82' lang='grc' dir='ltr'>ἀλλὰ</span> <span class='ocrx_word' id='word_1_189' title='bbox 3605 1749 3705 1800; x_wconf 83' lang='grc' dir='ltr'>τῶν</span> 
     </span>
    </p>
   </div>
   <div class='ocr_carea' id='block_1_27' title="bbox 447 1831 2028 1918">
    <p class='ocr_par' dir='ltr' id='par_1_27' title="bbox 447 1834 2026 1906">
     <span class='ocr_line' id='line_1_27' title="bbox 447 1834 2026 1906; baseline -0.002 -17"><span class='ocrx_word' id='word_1_190' title='bbox 447 1849 605 1890; x_wconf 66' lang='lat' dir='ltr'><strong>terra:</strong></span> <span class='ocrx_word' id='word_1_191' title='bbox 664 1835 921 1905; x_wconf 86' lang='lat' dir='ltr'><strong>(Oppiau.</strong></span> <span class='ocrx_word' id='word_1_192' title='bbox 965 1834 1198 1904; x_wconf 79' lang='grc' dir='ltr'>Κυνητ.</span> <span class='ocrx_word' id='word_1_193' title='bbox 1237 1842 1307 1899; x_wconf 85' lang='grc' dir='ltr'>α’,</span> <span class='ocrx_word' id='word_1_194' title='bbox 1342 1838 1417 1904; x_wconf 84' lang='grc'><strong>1),</strong></span> <span class='ocrx_word' id='word_1_195' title='bbox 1444 1838 1541 1891; x_wconf 85' lang='lat' dir='ltr'><strong>sed</strong></span> <span class='ocrx_word' id='word_1_196' title='bbox 1568 1846 1623 1891; x_wconf 91' lang='lat' dir='ltr'><strong>et</strong></span> <span class='ocrx_word' id='word_1_197' title='bbox 1655 1837 1771 1906; x_wconf 87' lang='lat' dir='ltr'><strong>ipse</strong></span> <span class='ocrx_word' id='word_1_198' title='bbox 1811 1845 2026 1889; x_wconf 88' lang='lat' dir='ltr'><strong>tuarum</strong></span> 
     </span>
    </p>
   </div>
   <div class='ocr_carea' id='block_1_28' title="bbox 2134 1831 3702 1918">
    <p class='ocr_par' dir='ltr' id='par_1_28' title="bbox 2134 1831 3702 1903">
     <span class='ocr_line' id='line_1_28' title="bbox 2134 1831 3702 1903; baseline 0.006 -19"><span class='ocrx_word' id='word_1_199' title='bbox 2134 1833 2273 1884; x_wconf 76' lang='grc' dir='ltr'>κατὰ</span> <span class='ocrx_word' id='word_1_200' title='bbox 2306 1832 2397 1885; x_wconf 80' lang='grc' dir='ltr'>σοῦ</span> <span class='ocrx_word' id='word_1_201' title='bbox 2429 1831 2674 1903; x_wconf 78' lang='grc' dir='ltr'>θορύϐων</span> <span class='ocrx_word' id='word_1_202' title='bbox 2700 1834 2793 1884; x_wconf 75' lang='grc' dir='ltr'>καὶ</span> <span class='ocrx_word' id='word_1_203' title='bbox 2835 1833 3046 1899; x_wconf 86' lang='grc' dir='ltr'>κρότων</span> <span class='ocrx_word' id='word_1_204' title='bbox 3082 1836 3360 1890; x_wconf 77' lang='grc' dir='ltr'>ἐκοινώνει</span> <span class='ocrx_word' id='word_1_205' title='bbox 3394 1839 3490 1890; x_wconf 76' lang='grc' dir='ltr'>καὶ</span> <span class='ocrx_word' id='word_1_206' title='bbox 3534 1833 3702 1903; x_wconf 75' lang='grc' dir='ltr'>οὗτος.</span> 
     </span>
    </p>
   </div>
   <div class='ocr_carea' id='block_1_29' title="bbox 445 1927 2030 1999">
    <p class='ocr_par' dir='ltr' id='par_1_29' title="bbox 445 1927 2030 1999">
     <span class='ocr_line' id='line_1_29' title="bbox 445 1927 2030 1999; baseline 0.001 -18"><span class='ocrx_word' id='word_1_207' title='bbox 445 1928 901 1981; x_wconf 73' lang='lat' dir='ltr'><strong>acclamationum</strong></span> <span class='ocrx_word' id='word_1_208' title='bbox 940 1928 1348 1998; x_wconf 87' lang='lat' dir='ltr'><strong>plausuumque</strong></span> <span class='ocrx_word' id='word_1_209' title='bbox 1376 1941 1588 1999; x_wconf 89' lang='lat' dir='ltr'><strong>partem</strong></span> <span class='ocrx_word' id='word_1_210' title='bbox 1624 1928 1859 1992; x_wconf 82' lang='lat' dir='ltr'><strong>ferebat,</strong></span> <span class='ocrx_word' id='word_1_211' title='bbox 1882 1927 2030 1998; x_wconf 90' lang='lat' dir='ltr'><strong>quod</strong></span> 
     </span>
    </p>
   </div>
   <div class='ocr_carea' id='block_1_30' title="bbox 448 2018 2030 2089">
    <p class='ocr_par' dir='ltr' id='par_1_30' title="bbox 448 2018 2030 2089">
     <span class='ocr_line' id='line_1_30' title="bbox 448 2018 2030 2089; baseline 0.001 -20"><span class='ocrx_word' id='word_1_212' title='bbox 448 2019 745 2089; x_wconf 66' lang='lat' dir='ltr'><strong>praeteritis</strong></span> <span class='ocrx_word' id='word_1_213' title='bbox 793 2019 1010 2073; x_wconf 71' lang='lat' dir='ltr'><strong>ezeteris</strong></span> <span class='ocrx_word' id='word_1_214' title='bbox 1053 2019 1131 2072; x_wconf 92' lang='lat' dir='ltr'><strong>tui</strong></span> <span class='ocrx_word' id='word_1_215' title='bbox 1181 2021 1347 2074; x_wconf 82' lang='lat' dir='ltr'><strong>unius</strong></span> <span class='ocrx_word' id='word_1_216' title='bbox 1385 2021 1658 2074; x_wconf 89' lang='lat' dir='ltr'><strong>rationem</strong></span> <span class='ocrx_word' id='word_1_217' title='bbox 1714 2018 2030 2082; x_wconf 84' lang='lat' dir='ltr'><strong>habuisset,</strong></span> 
     </span>
    </p>
   </div>
   <div class='ocr_carea' id='block_1_31' title="bbox 445 2107 2030 2179">
    <p class='ocr_par' dir='ltr' id='par_1_31' title="bbox 445 2107 2030 2179">
     <span class='ocr_line' id='line_1_31' title="bbox 445 2107 2030 2179; baseline -0.002 -15"><span class='ocrx_word' id='word_1_218' title='bbox 445 2110 573 2174; x_wconf 86' lang='lat' dir='ltr'><strong>viri,</strong></span> <span class='ocrx_word' id='word_1_219' title='bbox 625 2124 748 2179; x_wconf 67' lang='lat' dir='ltr'><strong>quae</strong></span> <span class='ocrx_word' id='word_1_220' title='bbox 792 2108 1167 2177; x_wconf 79' lang='lat' dir='ltr'><strong>particulatim</strong></span> <span class='ocrx_word' id='word_1_221' title='bbox 1198 2109 1336 2164; x_wconf 86' lang='lat' dir='ltr'><strong>alios</strong></span> <span class='ocrx_word' id='word_1_222' title='bbox 1380 2110 1700 2173; x_wconf 80' lang='lat' dir='ltr'><strong>honestant,</strong></span> <span class='ocrx_word' id='word_1_223' title='bbox 1734 2107 2030 2177; x_wconf 82' lang='lat' dir='ltr'><strong>perfectis-</strong></span> 
     </span>
    </p>
   </div>
   <div class='ocr_carea' id='block_1_32' title="bbox 445 2197 2032 2270">
    <p class='ocr_par' dir='ltr' id='par_1_32' title="bbox 445 2197 2032 2270">
     <span class='ocr_line' id='line_1_32' title="bbox 445 2197 2032 2270; baseline -0.003 -15"><span class='ocrx_word' id='word_1_224' title='bbox 445 2203 583 2255; x_wconf 86' lang='lat' dir='ltr'><strong>sime</strong></span> <span class='ocrx_word' id='word_1_225' title='bbox 633 2202 819 2255; x_wconf 86' lang='lat' dir='ltr'><strong>omnia</strong></span> <span class='ocrx_word' id='word_1_226' title='bbox 872 2199 1169 2270; x_wconf 76' lang='lat' dir='ltr'><strong>complexi.</strong></span> <span class='ocrx_word' id='word_1_227' title='bbox 1229 2199 1502 2253; x_wconf 82' lang='lat' dir='ltr'><strong>Caeterum</strong></span> <span class='ocrx_word' id='word_1_228' title='bbox 1560 2214 1684 2252; x_wconf 93' lang='lat' dir='ltr'><strong>cum</strong></span> <span class='ocrx_word' id='word_1_229' title='bbox 1743 2197 1916 2251; x_wconf 88' lang='lat' dir='ltr'><strong>multa</strong></span> <span class='ocrx_word' id='word_1_230' title='bbox 1975 2205 2032 2251; x_wconf 91' lang='lat' dir='ltr'><strong>et</strong></span> 
     </span>
    </p>
   </div>
   <div class='ocr_carea' id='block_1_33' title="bbox 446 2287 2033 2364">
    <p class='ocr_par' dir='ltr' id='par_1_33' title="bbox 446 2287 2033 2364">
     <span class='ocr_line' id='line_1_33' title="bbox 446 2287 2033 2364; baseline -0.004 -17"><span class='ocrx_word' id='word_1_231' title='bbox 446 2310 641 2364; x_wconf 77' lang='lat' dir='ltr'><strong>magna</strong></span> <span class='ocrx_word' id='word_1_232' title='bbox 664 2292 990 2360; x_wconf 85' lang='lat' dir='ltr'><strong>imperatori</strong></span> <span class='ocrx_word' id='word_1_233' title='bbox 1025 2292 1080 2344; x_wconf 92' lang='lat' dir='ltr'><strong>in</strong></span> <span class='ocrx_word' id='word_1_234' title='bbox 1125 2289 1548 2345; x_wconf 86' lang='lat' dir='ltr'><strong>admirationem</strong></span> <span class='ocrx_word' id='word_1_235' title='bbox 1590 2287 1901 2352; x_wconf 76' lang='lat' dir='ltr'><strong>sufficiant,</strong></span> <span class='ocrx_word' id='word_1_236' title='bbox 1942 2287 2033 2340; x_wconf 82' lang='lat' dir='ltr'><strong>vix</strong></span> 
     </span>
    </p>
   </div>
   <div class='ocr_carea' id='block_1_34' title="bbox 448 2378 2029 2451">
    <p class='ocr_par' dir='ltr' id='par_1_34' title="bbox 448 2378 2029 2451">
     <span class='ocr_line' id='line_1_34' title="bbox 448 2378 2029 2451; baseline -0.004 -15"><span class='ocrx_word' id='word_1_237' title='bbox 448 2397 737 2438; x_wconf 86' lang='lat' dir='ltr'><strong>recensere</strong></span> <span class='ocrx_word' id='word_1_238' title='bbox 763 2393 966 2446; x_wconf 88' lang='lat' dir='ltr'><strong>tamen,</strong></span> <span class='ocrx_word' id='word_1_239' title='bbox 999 2389 1134 2451; x_wconf 87' lang='lat' dir='ltr'><strong>quot</strong></span> <span class='ocrx_word' id='word_1_240' title='bbox 1184 2392 1241 2435; x_wconf 89' lang='lat' dir='ltr'><strong>et</strong></span> <span class='ocrx_word' id='word_1_241' title='bbox 1275 2388 1480 2449; x_wconf 71' lang='lat' dir='ltr'><strong>quanta</strong></span> <span class='ocrx_word' id='word_1_242' title='bbox 1505 2378 1636 2442; x_wconf 87' lang='lat' dir='ltr'><strong>sint,</strong></span> <span class='ocrx_word' id='word_1_243' title='bbox 1671 2381 1795 2447; x_wconf 84' lang='lat' dir='ltr'><strong>quis</strong></span> <span class='ocrx_word' id='word_1_244' title='bbox 1841 2385 2029 2446; x_wconf 86' lang='lat' dir='ltr'><strong>queat.</strong></span> 
     </span>
    </p>
   </div>
   <div class='ocr_carea' id='block_1_35' title="bbox 448 2470 2033 2544">
    <p class='ocr_par' dir='ltr' id='par_1_35' title="bbox 448 2470 2033 2544">
     <span class='ocr_line' id='line_1_35' title="bbox 448 2470 2033 2544; baseline -0.005 -14"><span class='ocrx_word' id='word_1_245' title='bbox 448 2476 575 2530; x_wconf 84' lang='lat' dir='ltr'><strong>Sive</strong></span> <span class='ocrx_word' id='word_1_246' title='bbox 611 2475 796 2544; x_wconf 87' lang='lat' dir='ltr'><strong>potius</strong></span> <span class='ocrx_word' id='word_1_247' title='bbox 827 2489 975 2538; x_wconf 88' lang='lat' dir='ltr'><strong>eum,</strong></span> <span class='ocrx_word' id='word_1_248' title='bbox 1004 2473 1097 2542; x_wconf 89' lang='lat' dir='ltr'><strong>qui</strong></span> <span class='ocrx_word' id='word_1_249' title='bbox 1146 2473 1484 2542; x_wconf 89' lang='lat' dir='ltr'><strong>optimarum</strong></span> <span class='ocrx_word' id='word_1_250' title='bbox 1527 2470 1752 2524; x_wconf 88' lang='lat' dir='ltr'><strong>laudum</strong></span> <span class='ocrx_word' id='word_1_251' title='bbox 1785 2470 2033 2523; x_wconf 90' lang='lat' dir='ltr'><strong>omnium</strong></span> 
     </span>
    </p>
   </div>
   <div class='ocr_carea' id='block_1_36' title="bbox 454 2565 2028 2637">
    <p class='ocr_par' dir='ltr' id='par_1_36' title="bbox 454 2565 2028 2637">
     <span class='ocr_line' id='line_1_36' title="bbox 454 2565 2028 2637; baseline -0.003 -17"><span class='ocrx_word' id='word_1_252' title='bbox 454 2568 802 2622; x_wconf 86' lang='lat' dir='ltr'><strong>verissimum</strong></span> <span class='ocrx_word' id='word_1_253' title='bbox 838 2576 1160 2637; x_wconf 80' lang='lat' dir='ltr'><strong>prytaneum</strong></span> <span class='ocrx_word' id='word_1_254' title='bbox 1201 2575 1310 2627; x_wconf 88' lang='lat' dir='ltr'><strong>est,</strong></span> <span class='ocrx_word' id='word_1_255' title='bbox 1345 2572 1403 2618; x_wconf 88' lang='lat' dir='ltr'><strong>et</strong></span> <span class='ocrx_word' id='word_1_256' title='bbox 1436 2565 1531 2633; x_wconf 88' lang='lat' dir='ltr'><strong>qui</strong></span> <span class='ocrx_word' id='word_1_257' title='bbox 1569 2566 1625 2616; x_wconf 91' lang='lat' dir='ltr'><strong>in</strong></span> <span class='ocrx_word' id='word_1_258' title='bbox 1656 2573 1869 2618; x_wconf 90' lang='lat' dir='ltr'><strong>tantum</strong></span> <span class='ocrx_word' id='word_1_259' title='bbox 1908 2576 2028 2616; x_wconf 90' lang='lat' dir='ltr'><strong>om-</strong></span> 
     </span>
    </p>
   </div>
   <div class='ocr_carea' id='block_1_37' title="bbox 452 2653 2034 2723">
    <p class='ocr_par' dir='ltr' id='par_1_37' title="bbox 452 2653 2034 2723">
     <span class='ocr_line' id='line_1_37' title="bbox 452 2653 2034 2723; baseline -0.002 -12"><span class='ocrx_word' id='word_1_260' title='bbox 452 2659 618 2712; x_wconf 86' lang='lat' dir='ltr'><strong>nibus</strong></span> <span class='ocrx_word' id='word_1_261' title='bbox 662 2660 716 2712; x_wconf 89' lang='lat' dir='ltr'><strong>in</strong></span> <span class='ocrx_word' id='word_1_262' title='bbox 769 2659 933 2711; x_wconf 83' lang='lat' dir='ltr'><strong>rebus</strong></span> <span class='ocrx_word' id='word_1_263' title='bbox 976 2670 1301 2710; x_wconf 90' lang='lat' dir='ltr'><strong>concessum</strong></span> <span class='ocrx_word' id='word_1_264' title='bbox 1352 2663 1502 2709; x_wconf 89' lang='lat' dir='ltr'><strong>tenet</strong></span> <span class='ocrx_word' id='word_1_265' title='bbox 1528 2653 1901 2723; x_wconf 86' lang='lat' dir='ltr'><strong>principatum</strong></span> <span class='ocrx_word' id='word_1_266' title='bbox 1927 2695 1941 2719; x_wconf 89' lang='lat'><strong>,</strong></span> <span class='ocrx_word' id='word_1_267' title='bbox 1973 2661 2034 2708; x_wconf 88' lang='lat' dir='ltr'><strong>ut</strong></span> 
     </span>
    </p>
   </div>
   <div class='ocr_carea' id='block_1_38' title="bbox 450 2746 2032 2819">
    <p class='ocr_par' dir='ltr' id='par_1_38' title="bbox 450 2746 2032 2819">
     <span class='ocr_line' id='line_1_38' title="bbox 450 2746 2032 2819; baseline -0.004 -14"><span class='ocrx_word' id='word_1_268' title='bbox 450 2766 645 2805; x_wconf 90' lang='lat' dir='ltr'><strong>omnes</strong></span> <span class='ocrx_word' id='word_1_269' title='bbox 669 2751 917 2815; x_wconf 85' lang='lat' dir='ltr'><strong>omnino,</strong></span> <span class='ocrx_word' id='word_1_270' title='bbox 948 2758 1223 2819; x_wconf 82' lang='lat' dir='ltr'><strong>quotquot</strong></span> <span class='ocrx_word' id='word_1_271' title='bbox 1279 2747 1613 2802; x_wconf 88' lang='lat' dir='ltr'><strong>claritudine</strong></span> <span class='ocrx_word' id='word_1_272' title='bbox 1646 2746 1912 2799; x_wconf 90' lang='lat' dir='ltr'><strong>virtutum</strong></span> <span class='ocrx_word' id='word_1_273' title='bbox 1942 2747 2032 2799; x_wconf 85' lang='lat' dir='ltr'><strong>in-</strong></span> 
     </span>
    </p>
   </div>
   <div class='ocr_carea' id='block_1_39' title="bbox 451 2838 2034 2923">
    <p class='ocr_par' dir='ltr' id='par_1_39' title="bbox 451 2838 2034 2923">
     <span class='ocr_line' id='line_1_39' title="bbox 451 2838 2034 2923; baseline -0.003 -26"><span class='ocrx_word' id='word_1_274' title='bbox 451 2844 635 2914; x_wconf 73' lang='lat' dir='ltr'><strong>signes</strong></span> <span class='ocrx_word' id='word_1_275' title='bbox 671 2843 965 2903; x_wconf 82' lang='lat' dir='ltr'><strong>habentur,</strong></span> <span class='ocrx_word' id='word_1_276' title='bbox 998 2841 1043 2923; x_wconf 75' lang='lat' dir='ltr'><strong>si</strong></span> <span class='ocrx_word' id='word_1_277' title='bbox 1080 2842 1157 2894; x_wconf 83' lang='lat' dir='ltr'><strong>illi</strong></span> <span class='ocrx_word' id='word_1_278' title='bbox 1194 2839 1423 2894; x_wconf 90' lang='lat' dir='ltr'><strong>secundi</strong></span> <span class='ocrx_word' id='word_1_279' title='bbox 1451 2839 1586 2903; x_wconf 89' lang='lat' dir='ltr'><strong>sint,</strong></span> <span class='ocrx_word' id='word_1_280' title='bbox 1626 2839 1766 2892; x_wconf 88' lang='lat' dir='ltr'><strong>nihil</strong></span> <span class='ocrx_word' id='word_1_281' title='bbox 1795 2838 2034 2908; x_wconf 82' lang='lat' dir='ltr'><strong>amplius</strong></span> 
     </span>
    </p>
   </div>
   <div class='ocr_carea' id='block_1_40' title="bbox 450 2930 2031 3002">
    <p class='ocr_par' dir='ltr' id='par_1_40' title="bbox 450 2930 2031 3002">
     <span class='ocr_line' id='line_1_40' title="bbox 450 2930 2031 3002; baseline -0.001 -17"><span class='ocrx_word' id='word_1_282' title='bbox 450 2942 668 3002; x_wconf 77' lang='lat' dir='ltr'><strong>optent.</strong></span> <span class='ocrx_word' id='word_1_283' title='bbox 701 2933 816 2988; x_wconf 92' lang='lat' dir='ltr'><strong>lmo</strong></span> <span class='ocrx_word' id='word_1_284' title='bbox 851 2948 983 2987; x_wconf 86' lang='lat' dir='ltr'><strong>vero</strong></span> <span class='ocrx_word' id='word_1_285' title='bbox 1020 2932 1264 3001; x_wconf 87' lang='lat' dir='ltr'><strong>ipsorum</strong></span> <span class='ocrx_word' id='word_1_286' title='bbox 1308 2930 1438 2985; x_wconf 92' lang='lat' dir='ltr'><strong>inde</strong></span> <span class='ocrx_word' id='word_1_287' title='bbox 1471 2931 1801 2986; x_wconf 78' lang='lat' dir='ltr'><strong>inclarescat</strong></span> <span class='ocrx_word' id='word_1_288' title='bbox 1834 2930 2031 3000; x_wconf 81' lang='lat' dir='ltr'><strong>gloria,</strong></span> 
     </span>
    </p>
   </div>
   <div class='ocr_carea' id='block_1_41' title="bbox 454 3017 2031 3095">
    <p class='ocr_par' dir='ltr' id='par_1_41' title="bbox 454 3017 2031 3095">
     <span class='ocr_line' id='line_1_41' title="bbox 454 3017 2031 3095; baseline -0.003 -16"><span class='ocrx_word' id='word_1_289' title='bbox 454 3027 604 3080; x_wconf 79' lang='lat' dir='ltr'><strong>nulla</strong></span> <span class='ocrx_word' id='word_1_290' title='bbox 651 3027 728 3080; x_wconf 83' lang='lat' dir='ltr'><strong>illi</strong></span> <span class='ocrx_word' id='word_1_291' title='bbox 761 3027 900 3095; x_wconf 87' lang='lat' dir='ltr'><strong>parti</strong></span> <span class='ocrx_word' id='word_1_292' title='bbox 925 3024 1146 3080; x_wconf 86' lang='lat' dir='ltr'><strong>decoris</strong></span> <span class='ocrx_word' id='word_1_293' title='bbox 1168 3024 1410 3079; x_wconf 83' lang='lat' dir='ltr'><strong>delibata</strong></span> <span class='ocrx_word' id='word_1_294' title='bbox 1437 3017 1614 3094; x_wconf 84' lang='lat' dir='ltr'><strong>parte.</strong></span> <span class='ocrx_word' id='word_1_295' title='bbox 1664 3024 1804 3078; x_wconf 89' lang='lat' dir='ltr'><strong>Eum</strong></span> <span class='ocrx_word' id='word_1_296' title='bbox 1840 3024 2031 3094; x_wconf 79' lang='lat' dir='ltr'><strong>igitur,</strong></span> 
     </span>
    </p>
   </div>
   <div class='ocr_carea' id='block_1_42' title="bbox 452 3118 2038 3189">
    <p class='ocr_par' dir='ltr' id='par_1_42' title="bbox 452 3118 2038 3189">
     <span class='ocr_line' id='line_1_42' title="bbox 452 3118 2038 3189; baseline -0.001 -16"><span class='ocrx_word' id='word_1_297' title='bbox 452 3120 605 3173; x_wconf 88' lang='lat' dir='ltr'><strong>hunc</strong></span> <span class='ocrx_word' id='word_1_298' title='bbox 638 3121 796 3189; x_wconf 87' lang='lat' dir='ltr'><strong>plane</strong></span> <span class='ocrx_word' id='word_1_299' title='bbox 823 3120 879 3176; x_wconf 82' lang='lat' dir='ltr'><strong>in</strong></span> <span class='ocrx_word' id='word_1_300' title='bbox 904 3120 1127 3173; x_wconf 91' lang='lat' dir='ltr'><strong>modum</strong></span> <span class='ocrx_word' id='word_1_301' title='bbox 1151 3129 1527 3188; x_wconf 88' lang='lat' dir='ltr'><strong>comparatum</strong></span> <span class='ocrx_word' id='word_1_302' title='bbox 1550 3159 1565 3185; x_wconf 90' lang='lat'><strong>,</strong></span> <span class='ocrx_word' id='word_1_303' title='bbox 1591 3119 1844 3188; x_wconf 82' lang='lat' dir='ltr'><strong>quamvis</strong></span> <span class='ocrx_word' id='word_1_304' title='bbox 1872 3118 2038 3173; x_wconf 79' lang='lat' dir='ltr'><strong>abso-</strong></span> 
     </span>
    </p>
   </div>
   <div class='ocr_carea' id='block_1_43' title="bbox 2147 1921 3707 2002">
    <p class='ocr_par' dir='ltr' id='par_1_43' title="bbox 2147 1921 3707 2002">
     <span class='ocr_line' id='line_1_43' title="bbox 2147 1921 3707 2002; baseline 0.004 -25"><span class='ocrx_word' id='word_1_305' title='bbox 2147 1924 2290 1977; x_wconf 82' lang='grc' dir='ltr'>’Λνθ“</span> <span class='ocrx_word' id='word_1_306' title='bbox 2327 1921 2402 1977; x_wconf 84' lang='grc' dir='ltr'>ὧν</span> <span class='ocrx_word' id='word_1_307' title='bbox 2449 1926 2657 1987; x_wconf 80' lang='grc' dir='ltr'>πάντας</span> <span class='ocrx_word' id='word_1_308' title='bbox 2699 1926 2827 1987; x_wconf 75' lang='grc' dir='ltr'>τοὺς</span> <span class='ocrx_word' id='word_1_309' title='bbox 2870 1924 3061 1981; x_wconf 78' lang='grc' dir='ltr'>ἄλλους</span> <span class='ocrx_word' id='word_1_310' title='bbox 3102 1926 3402 1996; x_wconf 84' lang='grc' dir='ltr'>ὑπεριδὼν,</span> <span class='ocrx_word' id='word_1_311' title='bbox 3436 1932 3522 1983; x_wconf 84' lang='grc' dir='ltr'>σοὶ</span> <span class='ocrx_word' id='word_1_312' title='bbox 3570 1931 3707 2002; x_wconf 81' lang='grc' dir='ltr'>μόνῳ</span> 
     </span>
    </p>
   </div>
   <div class='ocr_carea' id='block_1_44' title="bbox 2135 2014 3712 2092">
    <p class='ocr_par' dir='ltr' id='par_1_44' title="bbox 2135 2014 3712 2092">
     <span class='ocr_line' id='line_1_44' title="bbox 2135 2014 3712 2092; baseline 0.005 -25"><span class='ocrx_word' id='word_1_313' title='bbox 2135 2017 2430 2084; x_wconf 81' lang='grc' dir='ltr'><strong>προσέσχε,</strong></span> <span class='ocrx_word' id='word_1_314' title='bbox 2465 2015 2542 2084; x_wconf 83' lang='grc' dir='ltr'>τῷ</span> <span class='ocrx_word' id='word_1_315' title='bbox 2573 2016 2733 2068; x_wconf 84' lang='grc' dir='ltr'>πάνθ’</span> <span class='ocrx_word' id='word_1_316' title='bbox 2762 2014 2797 2069; x_wconf 76' lang='grc' dir='ltr'>ἃ</span> <span class='ocrx_word' id='word_1_317' title='bbox 2829 2016 2957 2079; x_wconf 82' lang='grc' dir='ltr'>τοὺς</span> <span class='ocrx_word' id='word_1_318' title='bbox 2986 2016 3182 2080; x_wconf 78' lang='grc' dir='ltr'>ἄλλους</span> <span class='ocrx_word' id='word_1_319' title='bbox 3226 2020 3284 2071; x_wconf 87' lang='grc' dir='ltr'><strong>ἐν</strong></span> <span class='ocrx_word' id='word_1_320' title='bbox 3318 2020 3482 2091; x_wconf 83' lang='grc' dir='ltr'>μέρει</span> <span class='ocrx_word' id='word_1_321' title='bbox 3526 2024 3712 2092; x_wconf 72' lang='grc' dir='ltr'>κοσμεῖ</span> 
     </span>
    </p>
   </div>
   <div class='ocr_carea' id='block_1_45' title="bbox 2133 2099 3708 2181">
    <p class='ocr_par' dir='ltr' id='par_1_45' title="bbox 2133 2099 3708 2181">
     <span class='ocr_line' id='line_1_45' title="bbox 2133 2099 3708 2181; baseline 0.005 -24"><span class='ocrx_word' id='word_1_322' title='bbox 2133 2105 2258 2158; x_wconf 82' lang='grc' dir='ltr'>καθ’</span> <span class='ocrx_word' id='word_1_323' title='bbox 2287 2103 2596 2174; x_wconf 79' lang='grc' dir='ltr'>ὑπερϐολὴν</span> <span class='ocrx_word' id='word_1_324' title='bbox 2628 2105 2969 2158; x_wconf 78' lang='grc' dir='ltr'>συλλαϐόντι·</span> <span class='ocrx_word' id='word_1_325' title='bbox 3000 2099 3044 2173; x_wconf 84' lang='grc' dir='ltr'><strong>ᾧ</strong></span> <span class='ocrx_word' id='word_1_326' title='bbox 3075 2107 3288 2161; x_wconf 87' lang='grc' dir='ltr'>πολλῶν</span> <span class='ocrx_word' id='word_1_327' title='bbox 3326 2111 3431 2163; x_wconf 76' lang='grc' dir='ltr'>καὶ</span> <span class='ocrx_word' id='word_1_328' title='bbox 3464 2111 3708 2181; x_wconf 80' lang='grc' dir='ltr'><strong>μεγάλων</strong></span> 
     </span>
    </p>
   </div>
   <div class='ocr_carea' id='block_1_46' title="bbox 2131 2195 3711 2274">
    <p class='ocr_par' dir='ltr' id='par_1_46' title="bbox 2131 2195 3711 2274">
     <span class='ocr_line' id='line_1_46' title="bbox 2131 2195 3711 2274; baseline 0.006 -25"><span class='ocrx_word' id='word_1_329' title='bbox 2131 2195 2398 2266; x_wconf 75' lang='grc' dir='ltr'>οὖμενουν</span> <span class='ocrx_word' id='word_1_330' title='bbox 2437 2197 2582 2250; x_wconf 77' lang='grc' dir='ltr'>εἴποι</span> <span class='ocrx_word' id='word_1_331' title='bbox 2635 2214 2720 2259; x_wconf 87' lang='grc' dir='ltr'><strong>τις</strong></span> <span class='ocrx_word' id='word_1_332' title='bbox 2769 2198 2973 2264; x_wconf 70' lang='grc' dir='ltr'>ἡλίκων</span> <span class='ocrx_word' id='word_1_333' title='bbox 3014 2200 3110 2253; x_wconf 81' lang='grc' dir='ltr'>καὶ</span> <span class='ocrx_word' id='word_1_334' title='bbox 3153 2201 3296 2254; x_wconf 81' lang='grc' dir='ltr'>ὅσων</span> <span class='ocrx_word' id='word_1_335' title='bbox 3333 2203 3711 2274; x_wconf 73' lang='grc' dir='ltr'><strong>ἐξαρκούντων</strong></span> 
     </span>
    </p>
   </div>
   <div class='ocr_carea' id='block_1_47' title="bbox 2134 2288 3710 2364">
    <p class='ocr_par' dir='ltr' id='par_1_47' title="bbox 2134 2288 3710 2364">
     <span class='ocr_line' id='line_1_47' title="bbox 2134 2288 3710 2364; baseline 0.006 -25"><span class='ocrx_word' id='word_1_336' title='bbox 2134 2290 2212 2349; x_wconf 76' lang='grc' dir='ltr'><strong>εἱς</strong></span> <span class='ocrx_word' id='word_1_337' title='bbox 2236 2288 2444 2359; x_wconf 79' lang='grc' dir='ltr'>θαῦμαο</span> <span class='ocrx_word' id='word_1_338' title='bbox 2484 2288 2686 2358; x_wconf 75' lang='grc' dir='ltr'>μᾶλλον</span> <span class='ocrx_word' id='word_1_339' title='bbox 2719 2288 2777 2343; x_wconf 75' lang='grc' dir='ltr'><strong>δι</strong></span> <span class='ocrx_word' id='word_1_340' title='bbox 2811 2291 3031 2343; x_wconf 88' lang='grc' dir='ltr'>πάντων</span> <span class='ocrx_word' id='word_1_341' title='bbox 3066 2288 3195 2345; x_wconf 71' lang='grc' dir='ltr'>ὄντα</span> <span class='ocrx_word' id='word_1_342' title='bbox 3228 2292 3337 2347; x_wconf 85' lang='grc' dir='ltr'>τῶν</span> <span class='ocrx_word' id='word_1_343' title='bbox 3374 2296 3613 2364; x_wconf 80' lang='grc' dir='ltr'>ἀρίστων</span> <span class='ocrx_word' id='word_1_344' title='bbox 3638 2295 3710 2358; x_wconf 83' lang='grc' dir='ltr'>ὡς</span> 
     </span>
    </p>
   </div>
   <div class='ocr_carea' id='block_1_48' title="bbox 2134 2379 3712 2456">
    <p class='ocr_par' dir='ltr' id='par_1_48' title="bbox 2134 2379 3712 2456">
     <span class='ocr_line' id='line_1_48' title="bbox 2134 2379 3712 2456; baseline 0.005 -23"><span class='ocrx_word' id='word_1_345' title='bbox 2134 2379 2348 2449; x_wconf 80' lang='grc' dir='ltr'>ἀληθῶς</span> <span class='ocrx_word' id='word_1_346' title='bbox 2391 2383 2739 2449; x_wconf 83' lang='grc' dir='ltr'>πρυτανεῖον,</span> <span class='ocrx_word' id='word_1_347' title='bbox 2794 2385 2888 2434; x_wconf 85' lang='grc' dir='ltr'><strong>καὶ</strong></span> <span class='ocrx_word' id='word_1_348' title='bbox 2941 2383 3198 2436; x_wconf 78' lang='grc' dir='ltr'>τοσοῦτον</span> <span class='ocrx_word' id='word_1_349' title='bbox 3234 2386 3292 2437; x_wconf 88' lang='grc' dir='ltr'><strong>ἐν</strong></span> <span class='ocrx_word' id='word_1_350' title='bbox 3354 2389 3520 2439; x_wconf 82' lang='grc' dir='ltr'>πᾶσιν</span> <span class='ocrx_word' id='word_1_351' title='bbox 3561 2390 3712 2456; x_wconf 77' lang='grc' dir='ltr'>ἐσχη-</span> 
     </span>
    </p>
   </div>
   <div class='ocr_carea' id='block_1_49' title="bbox 2136 2471 3705 2544">
    <p class='ocr_par' dir='ltr' id='par_1_49' title="bbox 2136 2471 3705 2544">
     <span class='ocr_line' id='line_1_49' title="bbox 2136 2471 3705 2544; baseline 0.004 -20"><span class='ocrx_word' id='word_1_352' title='bbox 2136 2471 2269 2524; x_wconf 84' lang='grc' dir='ltr'>κότα</span> <span class='ocrx_word' id='word_1_353' title='bbox 2302 2471 2362 2523; x_wconf 88' lang='grc' dir='ltr'><strong>τὸ</strong></span> <span class='ocrx_word' id='word_1_354' title='bbox 2395 2474 2841 2544; x_wconf 77' lang='grc' dir='ltr'>συγκεχωρηκὸς,</span> <span class='ocrx_word' id='word_1_355' title='bbox 2874 2473 2949 2535; x_wconf 85' lang='grc' dir='ltr'>ὡς</span> <span class='ocrx_word' id='word_1_356' title='bbox 2997 2474 3210 2539; x_wconf 85' lang='grc' dir='ltr'>πάντας</span> <span class='ocrx_word' id='word_1_357' title='bbox 3256 2477 3452 2541; x_wconf 81' lang='grc' dir='ltr'>ἁπλῶς</span> <span class='ocrx_word' id='word_1_358' title='bbox 3482 2480 3605 2540; x_wconf 71' lang='grc' dir='ltr'>τοὺς</span> <span class='ocrx_word' id='word_1_359' title='bbox 3650 2479 3705 2543; x_wconf 79' lang='grc' dir='ltr'><strong>ἐξ</strong></span> 
     </span>
    </p>
   </div>
   <div class='ocr_carea' id='block_1_50' title="bbox 2134 2560 3706 2639">
    <p class='ocr_par' dir='ltr' id='par_1_50' title="bbox 2134 2560 3706 2639">
     <span class='ocr_line' id='line_1_50' title="bbox 2134 2560 3706 2639; baseline 0.006 -24"><span class='ocrx_word' id='word_1_360' title='bbox 2134 2563 2335 2632; x_wconf 84' lang='grc' dir='ltr'>ἀρετῆς</span> <span class='ocrx_word' id='word_1_361' title='bbox 2387 2560 2777 2632; x_wconf 86' lang='grc' dir='ltr'>βοηθηθέντας,</span> <span class='ocrx_word' id='word_1_362' title='bbox 2811 2567 2861 2618; x_wconf 75' lang='grc' dir='ltr'>εἰ</span> <span class='ocrx_word' id='word_1_363' title='bbox 2917 2566 3107 2619; x_wconf 86' lang='grc' dir='ltr'>τούτου</span> <span class='ocrx_word' id='word_1_364' title='bbox 3146 2567 3395 2639; x_wconf 83' lang='grc' dir='ltr'>δεύτεροι</span> <span class='ocrx_word' id='word_1_365' title='bbox 3452 2575 3706 2639; x_wconf 75' lang='grc' dir='ltr'>γένοιντο,</span> 
     </span>
    </p>
   </div>
   <div class='ocr_carea' id='block_1_51' title="bbox 2138 2652 3710 2728">
    <p class='ocr_par' dir='ltr' id='par_1_51' title="bbox 2138 2652 3710 2728">
     <span class='ocr_line' id='line_1_51' title="bbox 2138 2652 3710 2728; baseline 0.008 -23"><span class='ocrx_word' id='word_1_366' title='bbox 2138 2652 2305 2722; x_wconf 74' lang='grc' dir='ltr'>μηδὲν</span> <span class='ocrx_word' id='word_1_367' title='bbox 2329 2654 2492 2706; x_wconf 80' lang='grc' dir='ltr'>πλέον</span> <span class='ocrx_word' id='word_1_368' title='bbox 2523 2655 2731 2725; x_wconf 81' lang='grc' dir='ltr'>ζητεῖν,</span> <span class='ocrx_word' id='word_1_369' title='bbox 2788 2657 2994 2724; x_wconf 83' lang='grc' dir='ltr'>μᾶλλον</span> <span class='ocrx_word' id='word_1_370' title='bbox 3036 2657 3091 2712; x_wconf 81' lang='grc' dir='ltr'><strong>δὲ</strong></span> <span class='ocrx_word' id='word_1_371' title='bbox 3128 2662 3270 2728; x_wconf 83' lang='grc' dir='ltr'>σφᾶς</span> <span class='ocrx_word' id='word_1_372' title='bbox 3320 2663 3572 2718; x_wconf 83' lang='grc' dir='ltr'>ἐντεῦθεν</span> <span class='ocrx_word' id='word_1_373' title='bbox 3620 2681 3710 2718; x_wconf 87' lang='grc' dir='ltr'>κο-</span> 
     </span>
    </p>
   </div>
   <div class='ocr_carea' id='block_1_52' title="bbox 2137 2742 3705 2824">
    <p class='ocr_par' dir='ltr' id='par_1_52' title="bbox 2137 2742 3705 2824">
     <span class='ocr_line' id='line_1_52' title="bbox 2137 2742 3705 2824; baseline 0.008 -30"><span class='ocrx_word' id='word_1_374' title='bbox 2137 2742 2416 2811; x_wconf 76' lang='grc' dir='ltr'>σμεῖσθαι.</span> <span class='ocrx_word' id='word_1_375' title='bbox 2445 2744 2635 2815; x_wconf 84' lang='grc' dir='ltr'>Τούτῳ</span> <span class='ocrx_word' id='word_1_376' title='bbox 2655 2746 2715 2798; x_wconf 68' lang='grc' dir='ltr'><strong>δὲ</strong></span> <span class='ocrx_word' id='word_1_377' title='bbox 2741 2747 2837 2817; x_wconf 83' lang='grc' dir='ltr'>τῆς</span> <span class='ocrx_word' id='word_1_378' title='bbox 2865 2749 3201 2818; x_wconf 76' lang='grc' dir='ltr'>γιγνομένης</span> <span class='ocrx_word' id='word_1_379' title='bbox 3230 2754 3406 2824; x_wconf 81' lang='grc' dir='ltr'>τιμῆς</span> <span class='ocrx_word' id='word_1_380' title='bbox 3441 2755 3705 2823; x_wconf 74' lang='grc' dir='ltr'>ὑφαιρεῖν,</span> 
     </span>
    </p>
   </div>
   <div class='ocr_carea' id='block_1_53' title="bbox 2132 2830 3711 2914">
    <p class='ocr_par' dir='ltr' id='par_1_53' title="bbox 2132 2830 3711 2914">
     <span class='ocr_line' id='line_1_53' title="bbox 2132 2830 3711 2914; baseline 0.011 -32"><span class='ocrx_word' id='word_1_381' title='bbox 2132 2830 2330 2884; x_wconf 77' lang='grc' dir='ltr'>τοῦτον</span> <span class='ocrx_word' id='word_1_382' title='bbox 2361 2833 2537 2898; x_wconf 82' lang='grc' dir='ltr'>οὕτως</span> <span class='ocrx_word' id='word_1_383' title='bbox 2567 2836 2996 2904; x_wconf 81' lang='grc' dir='ltr'>ἐσκευασμένον,</span> <span class='ocrx_word' id='word_1_384' title='bbox 3019 2840 3116 2910; x_wconf 80' lang='grc' dir='ltr'><strong>οὐχ</strong></span> <span class='ocrx_word' id='word_1_385' title='bbox 3137 2835 3300 2911; x_wconf 78' lang='grc' dir='ltr'>ἦττον</span> <span class='ocrx_word' id='word_1_386' title='bbox 3336 2846 3385 2898; x_wconf 80' lang='lat' dir='ltr'><strong>et</strong></span> <span class='ocrx_word' id='word_1_387' title='bbox 3418 2844 3511 2898; x_wconf 79' lang='grc' dir='ltr'><strong>καὶ</strong></span> <span class='ocrx_word' id='word_1_388' title='bbox 3541 2846 3711 2914; x_wconf 85' lang='grc' dir='ltr'>παρά-</span> 
     </span>
    </p>
   </div>
   <div class='ocr_carea' id='block_1_54' title="bbox 2133 2925 3709 3006">
    <p class='ocr_par' dir='ltr' id='par_1_54' title="bbox 2133 2925 3709 3006">
     <span class='ocr_line' id='line_1_54' title="bbox 2133 2925 3709 3006; baseline 0.008 -28"><span class='ocrx_word' id='word_1_389' title='bbox 2133 2925 2285 2991; x_wconf 79' lang='grc' dir='ltr'>δοξον</span> <span class='ocrx_word' id='word_1_390' title='bbox 2345 2928 2519 2980; x_wconf 77' lang='grc' dir='ltr'>εἰπεῖν</span> <span class='ocrx_word' id='word_1_391' title='bbox 2566 2930 2599 2999; x_wconf 81' lang='grc' dir='ltr'>ἡ</span> <span class='ocrx_word' id='word_1_392' title='bbox 2659 2930 2809 3000; x_wconf 79' lang='grc' dir='ltr'>παρὰ</span> <span class='ocrx_word' id='word_1_393' title='bbox 2862 2931 2957 2984; x_wconf 85' lang='grc' dir='ltr'>σοῦ</span> <span class='ocrx_word' id='word_1_394' title='bbox 3027 2933 3207 3003; x_wconf 71' lang='grc' dir='ltr'>ψῆφος</span> <span class='ocrx_word' id='word_1_395' title='bbox 3271 2937 3558 3006; x_wconf 90' lang='grc' dir='ltr'>σεμνύνει.</span> <span class='ocrx_word' id='word_1_396' title='bbox 3606 2940 3709 2992; x_wconf 77' lang='grc' dir='ltr'><strong>Καὶ</strong></span> 
     </span>
    </p>
   </div>
   <div class='ocr_carea' id='block_1_55' title="bbox 2135 3017 3708 3099">
    <p class='ocr_par' dir='ltr' id='par_1_55' title="bbox 2135 3017 3708 3099">
     <span class='ocr_line' id='line_1_55' title="bbox 2135 3017 3708 3099; baseline 0.01 -29"><span class='ocrx_word' id='word_1_397' title='bbox 2135 3017 2448 3089; x_wconf 73' lang='grc' dir='ltr'>θαυμαστὸς</span> <span class='ocrx_word' id='word_1_398' title='bbox 2502 3024 2620 3085; x_wconf 86' lang='grc' dir='ltr'>τοῖς</span> <span class='ocrx_word' id='word_1_399' title='bbox 2680 3023 2891 3078; x_wconf 79' lang='grc' dir='ltr'>ἅπασιν</span> <span class='ocrx_word' id='word_1_400' title='bbox 2954 3025 3053 3091; x_wconf 83' lang='grc' dir='ltr'>ὣν,</span> <span class='ocrx_word' id='word_1_401' title='bbox 3110 3029 3233 3092; x_wconf 84' lang='grc' dir='ltr'>πῶς</span> <span class='ocrx_word' id='word_1_402' title='bbox 3287 3030 3361 3085; x_wconf 85' lang='grc' dir='ltr'>ἂν</span> <span class='ocrx_word' id='word_1_403' title='bbox 3416 3032 3582 3099; x_wconf 72' lang='grc' dir='ltr'>εἴπω,</span> <span class='ocrx_word' id='word_1_404' title='bbox 3617 3032 3708 3086; x_wconf 86' lang='grc' dir='ltr'>νῦν</span> 
     </span>
    </p>
   </div>
   <div class='ocr_carea' id='block_1_56' title="bbox 2138 3110 3708 3189">
    <p class='ocr_par' dir='ltr' id='par_1_56' title="bbox 2138 3110 3708 3189">
     <span class='ocr_line' id='line_1_56' title="bbox 2138 3110 3708 3189; baseline 0.01 -28"><span class='ocrx_word' id='word_1_405' title='bbox 2138 3110 2344 3181; x_wconf 82' lang='grc' dir='ltr'>μᾶλλον</span> <span class='ocrx_word' id='word_1_406' title='bbox 2388 3112 2841 3184; x_wconf 75' lang='grc' dir='ltr'>,θαυμαστότερος</span> <span class='ocrx_word' id='word_1_407' title='bbox 2893 3115 3073 3188; x_wconf 78' lang='grc' dir='ltr'>ὤφθηο</span> <span class='ocrx_word' id='word_1_408' title='bbox 3128 3120 3337 3189; x_wconf 86' lang='grc' dir='ltr'>μᾶλλον</span> <span class='ocrx_word' id='word_1_409' title='bbox 3396 3122 3443 3175; x_wconf 85' lang='grc' dir='ltr'><strong>δ’</strong></span> <span class='ocrx_word' id='word_1_410' title='bbox 3488 3124 3552 3177; x_wconf 85' lang='grc' dir='ltr'><strong>ἐκ</strong></span> <span class='ocrx_word' id='word_1_411' title='bbox 3607 3123 3708 3176; x_wconf 84' lang='grc' dir='ltr'>τῶν</span> 
     </span>
    </p>
   </div>
   <div class='ocr_carea' id='block_1_57' title="bbox 454 3200 2028 3285">
    <p class='ocr_par' dir='ltr' id='par_1_57' title="bbox 454 3209 2028 3273">
     <span class='ocr_line' id='line_1_57' title="bbox 454 3209 2028 3273; baseline 0 -10"><span class='ocrx_word' id='word_1_412' title='bbox 454 3225 587 3264; x_wconf 78' lang='lat' dir='ltr'><strong>num</strong></span> <span class='ocrx_word' id='word_1_413' title='bbox 616 3211 845 3264; x_wconf 78' lang='lat' dir='ltr'><strong>fortasse</strong></span> <span class='ocrx_word' id='word_1_414' title='bbox 871 3209 1024 3264; x_wconf 89' lang='lat' dir='ltr'><strong>dictu</strong></span> <span class='ocrx_word' id='word_1_415' title='bbox 1049 3219 1134 3264; x_wconf 89' lang='lat' dir='ltr'><strong>est</strong></span> <span class='ocrx_word' id='word_1_416' title='bbox 1154 3248 1169 3273; x_wconf 88' lang='lat'><strong>,</strong></span> <span class='ocrx_word' id='word_1_417' title='bbox 1210 3225 1319 3264; x_wconf 90' lang='lat' dir='ltr'><strong>non</strong></span> <span class='ocrx_word' id='word_1_418' title='bbox 1361 3209 1546 3263; x_wconf 91' lang='lat' dir='ltr'><strong>minus</strong></span> <span class='ocrx_word' id='word_1_419' title='bbox 1573 3217 1665 3262; x_wconf 91' lang='lat' dir='ltr'><strong>tua</strong></span> <span class='ocrx_word' id='word_1_420' title='bbox 1703 3209 1795 3263; x_wconf 90' lang='lat' dir='ltr'><strong>illa</strong></span> <span class='ocrx_word' id='word_1_421' title='bbox 1824 3209 2028 3263; x_wconf 72' lang='lat' dir='ltr'><strong>suifra-</strong></span> 
     </span>
    </p>
   </div>
   <div class='ocr_carea' id='block_1_58' title="bbox 2134 3200 3707 3285">
    <p class='ocr_par' dir='ltr' id='par_1_58' title="bbox 2134 3202 3707 3285">
     <span class='ocr_line' id='line_1_58' title="bbox 2134 3202 3707 3285; baseline 0.01 -32"><span class='ocrx_word' id='word_1_422' title='bbox 2134 3202 2314 3255; x_wconf 83' lang='grc' dir='ltr'>αὐτῶν</span> <span class='ocrx_word' id='word_1_423' title='bbox 2356 3205 2657 3276; x_wconf 80' lang='grc' dir='ltr'>ἀμφότεροι</span> <span class='ocrx_word' id='word_1_424' title='bbox 2684 3224 2699 3239; x_wconf 76' lang='grc' dir='ltr'><strong><em>ο</em></strong></span> <span class='ocrx_word' id='word_1_425' title='bbox 2738 3210 2765 3259; x_wconf 80' lang='grc' dir='ltr'><strong>ὀ</strong></span> <span class='ocrx_word' id='word_1_426' title='bbox 2803 3209 2924 3279; x_wconf 74' lang='grc' dir='ltr'>μὲν,</span> <span class='ocrx_word' id='word_1_427' title='bbox 2956 3211 3031 3275; x_wconf 82' lang='grc' dir='ltr'>ὡς</span> <span class='ocrx_word' id='word_1_428' title='bbox 3074 3212 3211 3282; x_wconf 84' lang='grc' dir='ltr'>ὑπὲρ</span> <span class='ocrx_word' id='word_1_429' title='bbox 3256 3215 3467 3280; x_wconf 82' lang='grc' dir='ltr'>πάντας</span> <span class='ocrx_word' id='word_1_430' title='bbox 3500 3215 3707 3285; x_wconf 81' lang='grc' dir='ltr'>ἀνθρὼ-</span> 
     </span>
    </p>
   </div>
   <div class='ocr_carea' id='block_1_59' title="bbox 452 3301 2036 3372">
    <p class='ocr_par' dir='ltr' id='par_1_59' title="bbox 452 3301 2036 3372">
     <span class='ocr_line' id='line_1_59' title="bbox 452 3301 2036 3372; baseline 0.001 -18"><span class='ocrx_word' id='word_1_431' title='bbox 452 3302 606 3372; x_wconf 76' lang='lat' dir='ltr'><strong>gatio</strong></span> <span class='ocrx_word' id='word_1_432' title='bbox 627 3302 981 3356; x_wconf 88' lang='lat' dir='ltr'><strong>commendat</strong></span> <span class='ocrx_word' id='word_1_433' title='bbox 1013 3321 1026 3356; x_wconf 90' lang='lat'><strong>:</strong></span> <span class='ocrx_word' id='word_1_434' title='bbox 1055 3310 1113 3357; x_wconf 88' lang='lat' dir='ltr'><strong>et</strong></span> <span class='ocrx_word' id='word_1_435' title='bbox 1137 3303 1233 3372; x_wconf 91' lang='lat' dir='ltr'><strong>qui</strong></span> <span class='ocrx_word' id='word_1_436' title='bbox 1262 3303 1416 3356; x_wconf 88' lang='lat' dir='ltr'><strong>omni</strong></span> <span class='ocrx_word' id='word_1_437' title='bbox 1453 3318 1523 3356; x_wconf 79' lang='lat' dir='ltr'><strong>ex</strong></span> <span class='ocrx_word' id='word_1_438' title='bbox 1573 3309 1730 3370; x_wconf 83' lang='lat' dir='ltr'><strong>parte</strong></span> <span class='ocrx_word' id='word_1_439' title='bbox 1756 3301 2036 3355; x_wconf 86' lang='lat' dir='ltr'><strong>admiran-</strong></span> 
     </span>
    </p>
   </div>
   <div class='ocr_carea' id='block_1_60' title="bbox 453 3393 2034 3465">
    <p class='ocr_par' dir='ltr' id='par_1_60' title="bbox 453 3393 2034 3465">
     <span class='ocr_line' id='line_1_60' title="bbox 453 3393 2034 3465; baseline 0.002 -18"><span class='ocrx_word' id='word_1_440' title='bbox 453 3396 560 3449; x_wconf 89' lang='lat' dir='ltr'><strong>dus</strong></span> <span class='ocrx_word' id='word_1_441' title='bbox 586 3410 685 3464; x_wconf 89' lang='lat' dir='ltr'><strong>per</strong></span> <span class='ocrx_word' id='word_1_442' title='bbox 739 3410 800 3449; x_wconf 84' lang='lat' dir='ltr'><strong>se</strong></span> <span class='ocrx_word' id='word_1_443' title='bbox 838 3404 943 3461; x_wconf 91' lang='lat' dir='ltr'><strong>est,</strong></span> <span class='ocrx_word' id='word_1_444' title='bbox 994 3395 1098 3450; x_wconf 90' lang='lat' dir='ltr'><strong>hoc</strong></span> <span class='ocrx_word' id='word_1_445' title='bbox 1128 3395 1269 3465; x_wconf 90' lang='lat' dir='ltr'><strong>ipso,</strong></span> <span class='ocrx_word' id='word_1_446' title='bbox 1312 3397 1504 3451; x_wconf 90' lang='lat' dir='ltr'><strong>nescio</strong></span> <span class='ocrx_word' id='word_1_447' title='bbox 1549 3393 1852 3464; x_wconf 86' lang='lat' dir='ltr'><strong>quomodo,</strong></span> <span class='ocrx_word' id='word_1_448' title='bbox 1886 3395 2034 3450; x_wconf 88' lang='lat' dir='ltr'><strong>haud</strong></span> 
     </span>
    </p>
   </div>
   <div class='ocr_carea' id='block_1_61' title="bbox 453 3484 2034 3557">
    <p class='ocr_par' dir='ltr' id='par_1_61' title="bbox 453 3484 2034 3557">
     <span class='ocr_line' id='line_1_61' title="bbox 453 3484 2034 3557; baseline 0.001 -17"><span class='ocrx_word' id='word_1_449' title='bbox 453 3488 618 3557; x_wconf 87' lang='lat' dir='ltr'><strong>paulo</strong></span> <span class='ocrx_word' id='word_1_450' title='bbox 670 3502 816 3542; x_wconf 89' lang='lat' dir='ltr'><strong>nunc</strong></span> <span class='ocrx_word' id='word_1_451' title='bbox 870 3487 1258 3541; x_wconf 85' lang='lat' dir='ltr'><strong>admirabilior</strong></span> <span class='ocrx_word' id='word_1_452' title='bbox 1309 3486 1461 3541; x_wconf 88' lang='lat' dir='ltr'><strong>visus</strong></span> <span class='ocrx_word' id='word_1_453' title='bbox 1517 3495 1624 3541; x_wconf 87' lang='lat' dir='ltr'><strong>est.</strong></span> <span class='ocrx_word' id='word_1_454' title='bbox 1676 3484 1802 3540; x_wconf 88' lang='lat' dir='ltr'><strong>Sive</strong></span> <span class='ocrx_word' id='word_1_455' title='bbox 1847 3485 2034 3555; x_wconf 88' lang='lat' dir='ltr'><strong>potius</strong></span> 
     </span>
    </p>
   </div>
   <div class='ocr_carea' id='block_1_62' title="bbox 454 3575 2032 3647">
    <p class='ocr_par' dir='ltr' id='par_1_62' title="bbox 454 3575 2032 3647">
     <span class='ocr_line' id='line_1_62' title="bbox 454 3575 2032 3647; baseline 0 -17"><span class='ocrx_word' id='word_1_456' title='bbox 454 3587 694 3646; x_wconf 88' lang='lat' dir='ltr'><strong>uterque</strong></span> <span class='ocrx_word' id='word_1_457' title='bbox 729 3587 968 3631; x_wconf 85' lang='lat' dir='ltr'><strong>vestrum</strong></span> <span class='ocrx_word' id='word_1_458' title='bbox 1008 3578 1112 3631; x_wconf 82' lang='lat' dir='ltr'><strong>bac</strong></span> <span class='ocrx_word' id='word_1_459' title='bbox 1142 3575 1336 3631; x_wconf 82' lang='lat' dir='ltr'><strong>eadem</strong></span> <span class='ocrx_word' id='word_1_460' title='bbox 1367 3592 1434 3631; x_wconf 83' lang='lat' dir='ltr'><strong>ex</strong></span> <span class='ocrx_word' id='word_1_461' title='bbox 1480 3591 1540 3631; x_wconf 91' lang='lat' dir='ltr'><strong>re</strong></span> <span class='ocrx_word' id='word_1_462' title='bbox 1573 3593 1587 3630; x_wconf 92' lang='lat'><strong>:</strong></span> <span class='ocrx_word' id='word_1_463' title='bbox 1642 3576 1737 3630; x_wconf 89' lang='lat' dir='ltr'><strong>ille</strong></span> <span class='ocrx_word' id='word_1_464' title='bbox 1778 3585 1837 3631; x_wconf 93' lang='lat' dir='ltr'><strong>ut</strong></span> <span class='ocrx_word' id='word_1_465' title='bbox 1867 3590 2032 3647; x_wconf 81' lang='lat' dir='ltr'><strong>supra</strong></span> 
     </span>
    </p>
   </div>
   <div class='ocr_carea' id='block_1_63' title="bbox 451 3669 2028 3735">
    <p class='ocr_par' dir='ltr' id='par_1_63' title="bbox 451 3669 2028 3735">
     <span class='ocr_line' id='line_1_63' title="bbox 451 3669 2028 3735; baseline 0.001 -14"><span class='ocrx_word' id='word_1_466' title='bbox 451 3685 645 3725; x_wconf 84' lang='lat' dir='ltr'><strong>omnes</strong></span> <span class='ocrx_word' id='word_1_467' title='bbox 675 3670 931 3724; x_wconf 89' lang='lat' dir='ltr'><strong>homines</strong></span> <span class='ocrx_word' id='word_1_468' title='bbox 970 3677 1122 3725; x_wconf 85' lang='lat' dir='ltr'><strong>recte</strong></span> <span class='ocrx_word' id='word_1_469' title='bbox 1166 3669 1471 3724; x_wconf 88' lang='lat' dir='ltr'><strong>arbitrandi</strong></span> <span class='ocrx_word' id='word_1_470' title='bbox 1519 3685 1770 3724; x_wconf 89' lang='lat' dir='ltr'><strong>summus</strong></span> <span class='ocrx_word' id='word_1_471' title='bbox 1809 3670 2028 3735; x_wconf 79' lang='lat' dir='ltr'><strong>artifex,</strong></span> 
     </span>
    </p>
   </div>
   <div class='ocr_carea' id='block_1_64' title="bbox 449 3761 2029 3832">
    <p class='ocr_par' dir='ltr' id='par_1_64' title="bbox 449 3761 2029 3832">
     <span class='ocr_line' id='line_1_64' title="bbox 449 3761 2029 3832; baseline 0.001 -18"><span class='ocrx_word' id='word_1_472' title='bbox 449 3776 518 3814; x_wconf 91' lang='lat' dir='ltr'><strong>eo</strong></span> <span class='ocrx_word' id='word_1_473' title='bbox 556 3761 702 3831; x_wconf 89' lang='lat' dir='ltr'><strong>quod</strong></span> <span class='ocrx_word' id='word_1_474' title='bbox 751 3771 802 3816; x_wconf 91' lang='lat' dir='ltr'><strong>te</strong></span> <span class='ocrx_word' id='word_1_475' title='bbox 849 3777 949 3832; x_wconf 88' lang='lat' dir='ltr'><strong>per</strong></span> <span class='ocrx_word' id='word_1_476' title='bbox 987 3762 1175 3817; x_wconf 87' lang='lat' dir='ltr'><strong>omnia</strong></span> <span class='ocrx_word' id='word_1_477' title='bbox 1221 3764 1490 3832; x_wconf 87' lang='lat' dir='ltr'><strong>optimum</strong></span> <span class='ocrx_word' id='word_1_478' title='bbox 1542 3762 1769 3832; x_wconf 80' lang='lat' dir='ltr'><strong>delegit,</strong></span> <span class='ocrx_word' id='word_1_479' title='bbox 1807 3770 1864 3815; x_wconf 88' lang='lat' dir='ltr'><strong>tu</strong></span> <span class='ocrx_word' id='word_1_480' title='bbox 1897 3776 2029 3815; x_wconf 89' lang='lat' dir='ltr'><strong>vero</strong></span> 
     </span>
    </p>
   </div>
   <div class='ocr_carea' id='block_1_65' title="bbox 450 3850 2029 3922">
    <p class='ocr_par' dir='ltr' id='par_1_65' title="bbox 450 3850 2029 3922">
     <span class='ocr_line' id='line_1_65' title="bbox 450 3850 2029 3922; baseline 0.002 -20"><span class='ocrx_word' id='word_1_481' title='bbox 450 3851 673 3920; x_wconf 67' lang='lat' dir='ltr'><strong>optima:</strong></span> <span class='ocrx_word' id='word_1_482' title='bbox 720 3854 910 3915; x_wconf 77' lang='lat' dir='ltr'><strong>classis</strong></span> <span class='ocrx_word' id='word_1_483' title='bbox 949 3853 1151 3918; x_wconf 87' lang='lat' dir='ltr'><strong>homo,</strong></span> <span class='ocrx_word' id='word_1_484' title='bbox 1210 3862 1399 3922; x_wconf 90' lang='lat' dir='ltr'><strong>utpote</strong></span> <span class='ocrx_word' id='word_1_485' title='bbox 1445 3854 1537 3922; x_wconf 89' lang='lat' dir='ltr'><strong>qui</strong></span> <span class='ocrx_word' id='word_1_486' title='bbox 1584 3850 2029 3921; x_wconf 56' lang='lat' dir='ltr'><strong>praestantissimi</strong></span> 
     </span>
    </p>
   </div>
   <div class='ocr_carea' id='block_1_66' title="bbox 452 3941 2030 4013">
    <p class='ocr_par' dir='ltr' id='par_1_66' title="bbox 452 3941 2030 4013">
     <span class='ocr_line' id='line_1_66' title="bbox 452 3941 2030 4013; baseline -0.001 -18"><span class='ocrx_word' id='word_1_487' title='bbox 452 3946 506 3995; x_wconf 75' lang='lat' dir='ltr'><strong>in</strong></span> <span class='ocrx_word' id='word_1_488' title='bbox 532 3944 815 4009; x_wconf 88' lang='lat' dir='ltr'><strong>omnibus,</strong></span> <span class='ocrx_word' id='word_1_489' title='bbox 839 3952 896 3998; x_wconf 87' lang='lat' dir='ltr'><strong>et</strong></span> <span class='ocrx_word' id='word_1_490' title='bbox 925 3944 1295 3998; x_wconf 83' lang='lat' dir='ltr'><strong>admiratione</strong></span> <span class='ocrx_word' id='word_1_491' title='bbox 1328 3943 1640 4013; x_wconf 78' lang='lat' dir='ltr'><strong>dignissimi</strong></span> <span class='ocrx_word' id='word_1_492' title='bbox 1678 3941 2030 4008; x_wconf 87' lang='lat' dir='ltr'><strong>imperatoris</strong></span> 
     </span>
    </p>
   </div>
   <div class='ocr_carea' id='block_1_67' title="bbox 447 4028 2031 4103">
    <p class='ocr_par' dir='ltr' id='par_1_67' title="bbox 447 4028 2031 4103">
     <span class='ocr_line' id='line_1_67' title="bbox 447 4028 2031 4103; baseline -0.003 -18"><span class='ocrx_word' id='word_1_493' title='bbox 447 4033 661 4103; x_wconf 60' lang='lat' dir='ltr'><strong>iudicio</strong></span> <span class='ocrx_word' id='word_1_494' title='bbox 714 4034 963 4088; x_wconf 82' lang='lat' dir='ltr'><strong>delectus</strong></span> <span class='ocrx_word' id='word_1_495' title='bbox 1023 4050 1105 4089; x_wconf 87' lang='lat' dir='ltr'><strong>es.</strong></span> <span class='ocrx_word' id='word_1_496' title='bbox 1165 4032 1433 4098; x_wconf 82' lang='lat' dir='ltr'><strong>Quocirca</strong></span> <span class='ocrx_word' id='word_1_497' title='bbox 1498 4046 1602 4084; x_wconf 91' lang='lat' dir='ltr'><strong>uec</strong></span> <span class='ocrx_word' id='word_1_498' title='bbox 1654 4029 1806 4082; x_wconf 81' lang='lat' dir='ltr'><strong>illum</strong></span> <span class='ocrx_word' id='word_1_499' title='bbox 1860 4028 2031 4082; x_wconf 87' lang='lat' dir='ltr'><strong>alium</strong></span> 
     </span>
    </p>
   </div>
   <div class='ocr_carea' id='block_1_68' title="bbox 452 4120 2034 4197">
    <p class='ocr_par' dir='ltr' id='par_1_68' title="bbox 452 4120 2034 4197">
     <span class='ocr_line' id='line_1_68' title="bbox 452 4120 2034 4197; baseline -0.003 -18"><span class='ocrx_word' id='word_1_500' title='bbox 452 4125 768 4195; x_wconf 73' lang='lat' dir='ltr'><strong>quempiam</strong></span> <span class='ocrx_word' id='word_1_501' title='bbox 800 4142 911 4196; x_wconf 68' lang='lat' dir='ltr'><strong>prae</strong></span> <span class='ocrx_word' id='word_1_502' title='bbox 946 4134 998 4180; x_wconf 82' lang='lat' dir='ltr'><strong>te</strong></span> <span class='ocrx_word' id='word_1_503' title='bbox 1033 4136 1338 4197; x_wconf 67' lang='lat' dir='ltr'><strong>praeoptare</strong></span> <span class='ocrx_word' id='word_1_504' title='bbox 1372 4122 1638 4192; x_wconf 88' lang='lat' dir='ltr'><strong>oportuit,</strong></span> <span class='ocrx_word' id='word_1_505' title='bbox 1674 4120 2034 4189; x_wconf 85' lang='lat' dir='ltr'><strong>quemadmo-</strong></span> 
     </span>
    </p>
   </div>
   <div class='ocr_carea' id='block_1_69' title="bbox 452 4214 2030 4289">
    <p class='ocr_par' dir='ltr' id='par_1_69' title="bbox 452 4214 2030 4289">
     <span class='ocr_line' id='line_1_69' title="bbox 452 4214 2030 4289; baseline -0.003 -18"><span class='ocrx_word' id='word_1_506' title='bbox 452 4229 583 4271; x_wconf 80' lang='lat' dir='ltr'><strong>uum</strong></span> <span class='ocrx_word' id='word_1_507' title='bbox 617 4233 720 4273; x_wconf 85' lang='lat' dir='ltr'><strong>nec</strong></span> <span class='ocrx_word' id='word_1_508' title='bbox 754 4219 1075 4289; x_wconf 73' lang='lat' dir='ltr'><strong>przeoptavit</strong></span> <span class='ocrx_word' id='word_1_509' title='bbox 1107 4234 1121 4270; x_wconf 92' lang='lat'><strong>:</strong></span> <span class='ocrx_word' id='word_1_510' title='bbox 1158 4232 1337 4287; x_wconf 89' lang='lat' dir='ltr'><strong>neque</strong></span> <span class='ocrx_word' id='word_1_511' title='bbox 1369 4225 1421 4270; x_wconf 85' lang='lat' dir='ltr'><strong>te</strong></span> <span class='ocrx_word' id='word_1_512' title='bbox 1450 4215 1519 4269; x_wconf 88' lang='lat' dir='ltr'><strong>ab</strong></span> <span class='ocrx_word' id='word_1_513' title='bbox 1554 4214 1684 4278; x_wconf 88' lang='lat' dir='ltr'><strong>alio,</strong></span> <span class='ocrx_word' id='word_1_514' title='bbox 1705 4229 1869 4282; x_wconf 88' lang='lat' dir='ltr'><strong>quam</strong></span> <span class='ocrx_word' id='word_1_515' title='bbox 1891 4215 2030 4283; x_wconf 86' lang='lat' dir='ltr'><strong>ipso,</strong></span> 
     </span>
    </p>
   </div>
   <div class='ocr_carea' id='block_1_70' title="bbox 449 4307 2032 4382">
    <p class='ocr_par' dir='ltr' id='par_1_70' title="bbox 449 4307 2032 4382">
     <span class='ocr_line' id='line_1_70' title="bbox 449 4307 2032 4382; baseline -0.001 -20"><span class='ocrx_word' id='word_1_516' title='bbox 449 4312 700 4381; x_wconf 82' lang='lat' dir='ltr'><strong>accipere</strong></span> <span class='ocrx_word' id='word_1_517' title='bbox 725 4312 1072 4382; x_wconf 76' lang='lat' dir='ltr'><strong>suﬂragium,</strong></span> <span class='ocrx_word' id='word_1_518' title='bbox 1110 4311 1349 4379; x_wconf 81' lang='lat' dir='ltr'><strong>ideoque</strong></span> <span class='ocrx_word' id='word_1_519' title='bbox 1404 4323 1506 4361; x_wconf 87' lang='lat' dir='ltr'><strong>nec</strong></span> <span class='ocrx_word' id='word_1_520' title='bbox 1543 4307 1826 4377; x_wconf 86' lang='lat' dir='ltr'><strong>accepisti.</strong></span> <span class='ocrx_word' id='word_1_521' title='bbox 1860 4307 2032 4361; x_wconf 74' lang='lat' dir='ltr'><strong>Nmi-</strong></span> 
     </span>
    </p>
   </div>
   <div class='ocr_carea' id='block_1_71' title="bbox 2132 3295 3705 3372">
    <p class='ocr_par' dir='ltr' id='par_1_71' title="bbox 2132 3295 3705 3372">
     <span class='ocr_line' id='line_1_71' title="bbox 2132 3295 3705 3372; baseline 0.01 -27"><span class='ocrx_word' id='word_1_522' title='bbox 2132 3308 2270 3357; x_wconf 88' lang='grc' dir='ltr'>πους</span> <span class='ocrx_word' id='word_1_523' title='bbox 2300 3295 2394 3347; x_wconf 82' lang='grc' dir='ltr'><strong>τοῦ</strong></span> <span class='ocrx_word' id='word_1_524' title='bbox 2424 3295 2781 3368; x_wconf 81' lang='grc' dir='ltr'>λογιζομένου</span> <span class='ocrx_word' id='word_1_525' title='bbox 2808 3300 3295 3372; x_wconf 78' lang='grc' dir='ltr'>τεχνίτης,ἐπειδὴ</span> <span class='ocrx_word' id='word_1_526' title='bbox 3326 3307 3389 3360; x_wconf 74' lang='grc' dir='ltr'>σὲ</span> <span class='ocrx_word' id='word_1_527' title='bbox 3411 3308 3502 3363; x_wconf 84' lang='grc' dir='ltr'><strong>τὸν</strong></span> <span class='ocrx_word' id='word_1_528' title='bbox 3534 3310 3705 3362; x_wconf 83' lang='grc' dir='ltr'>πάντα</span> 
     </span>
    </p>
   </div>
   <div class='ocr_carea' id='block_1_72' title="bbox 2132 3383 3706 3472">
    <p class='ocr_par' dir='ltr' id='par_1_72' title="bbox 2132 3383 3706 3472">
     <span class='ocr_line' id='line_1_72' title="bbox 2132 3383 3706 3472; baseline 0.013 -36"><span class='ocrx_word' id='word_1_529' title='bbox 2132 3383 2412 3455; x_wconf 80' lang='grc' dir='ltr'>βέλτιστον</span> <span class='ocrx_word' id='word_1_530' title='bbox 2452 3386 2646 3441; x_wconf 82' lang='grc' dir='ltr'>εἵλετο·</span> <span class='ocrx_word' id='word_1_531' title='bbox 2685 3392 2750 3444; x_wconf 78' lang='grc' dir='ltr'><strong>σὺ</strong></span> <span class='ocrx_word' id='word_1_532' title='bbox 2784 3391 2842 3445; x_wconf 76' lang='grc' dir='ltr'><strong>δὲ</strong></span> <span class='ocrx_word' id='word_1_533' title='bbox 2886 3392 2964 3447; x_wconf 85' lang='grc' dir='ltr'>ὢν</span> <span class='ocrx_word' id='word_1_534' title='bbox 3001 3393 3100 3464; x_wconf 78' lang='grc' dir='ltr'><strong>τῆς</strong></span> <span class='ocrx_word' id='word_1_535' title='bbox 3128 3397 3445 3467; x_wconf 80' lang='grc' dir='ltr'>κρείττονος</span> <span class='ocrx_word' id='word_1_536' title='bbox 3496 3400 3706 3472; x_wconf 72' lang='grc' dir='ltr'>μοίραςο</span> 
     </span>
    </p>
   </div>
   <div class='ocr_carea' id='block_1_73' title="bbox 2132 3480 3707 3562">
    <p class='ocr_par' dir='ltr' id='par_1_73' title="bbox 2132 3480 3707 3562">
     <span class='ocr_line' id='line_1_73' title="bbox 2132 3480 3707 3562; baseline 0.009 -30"><span class='ocrx_word' id='word_1_537' title='bbox 2132 3480 2323 3551; x_wconf 81' lang='grc' dir='ltr'>ἐπειδὴ</span> <span class='ocrx_word' id='word_1_538' title='bbox 2354 3482 2448 3536; x_wconf 84' lang='grc' dir='ltr'><strong>τοῦ</strong></span> <span class='ocrx_word' id='word_1_539' title='bbox 2484 3483 2642 3537; x_wconf 80' lang='grc' dir='ltr'>πάντ’</span> <span class='ocrx_word' id='word_1_540' title='bbox 2670 3484 2896 3554; x_wconf 77' lang='grc' dir='ltr'>ἀρίστου</span> <span class='ocrx_word' id='word_1_541' title='bbox 2936 3487 3033 3540; x_wconf 73' lang='grc' dir='ltr'><strong>καὶ</strong></span> <span class='ocrx_word' id='word_1_542' title='bbox 3078 3486 3403 3557; x_wconf 85' lang='grc' dir='ltr'>θαυμαστοῦ</span> <span class='ocrx_word' id='word_1_543' title='bbox 3455 3492 3707 3562; x_wconf 83' lang='grc' dir='ltr'>βασιλέως</span> 
     </span>
    </p>
   </div>
   <div class='ocr_carea' id='block_1_74' title="bbox 2133 3570 3710 3655">
    <p class='ocr_par' dir='ltr' id='par_1_74' title="bbox 2133 3570 3710 3655">
     <span class='ocr_line' id='line_1_74' title="bbox 2133 3570 3710 3655; baseline 0.006 -31"><span class='ocrx_word' id='word_1_544' title='bbox 2133 3570 2243 3625; x_wconf 86' lang='grc' dir='ltr'><strong>τῶν</strong></span> <span class='ocrx_word' id='word_1_545' title='bbox 2294 3572 2491 3643; x_wconf 74' lang='grc' dir='ltr'>ψήφων</span> <span class='ocrx_word' id='word_1_546' title='bbox 2540 3573 2754 3644; x_wconf 73' lang='grc' dir='ltr'>ἔτυχες.</span> <span class='ocrx_word' id='word_1_547' title='bbox 2806 3577 2923 3631; x_wconf 70' lang='grc' dir='ltr'><strong>Οὐκ</strong></span> <span class='ocrx_word' id='word_1_548' title='bbox 2967 3578 3077 3648; x_wconf 85' lang='grc' dir='ltr'>ἄρα</span> <span class='ocrx_word' id='word_1_549' title='bbox 3121 3579 3235 3632; x_wconf 71' lang='grc' dir='ltr'>οὕτ*</span> <span class='ocrx_word' id='word_1_550' title='bbox 3280 3582 3498 3638; x_wconf 76' lang='grc' dir='ltr'>ἐκεῖνον</span> <span class='ocrx_word' id='word_1_551' title='bbox 3547 3584 3710 3655; x_wconf 83' lang='grc' dir='ltr'>ἐχρῆν</span> 
     </span>
    </p>
   </div>
   <div class='ocr_carea' id='block_1_75' title="bbox 2138 3663 3709 3748">
    <p class='ocr_par' dir='ltr' id='par_1_75' title="bbox 2138 3663 3709 3748">
     <span class='ocr_line' id='line_1_75' title="bbox 2138 3663 3709 3748; baseline 0.007 -29"><span class='ocrx_word' id='word_1_552' title='bbox 2138 3663 2297 3719; x_wconf 79' lang='grc' dir='ltr'>ἄλλον</span> <span class='ocrx_word' id='word_1_553' title='bbox 2327 3665 2452 3719; x_wconf 80' lang='grc' dir='ltr'>ἀντὶ</span> <span class='ocrx_word' id='word_1_554' title='bbox 2485 3664 2581 3718; x_wconf 81' lang='grc' dir='ltr'><strong>σοῦ</strong></span> <span class='ocrx_word' id='word_1_555' title='bbox 2614 3668 2964 3736; x_wconf 84' lang='grc' dir='ltr'>προελέσθαι.</span> <span class='ocrx_word' id='word_1_556' title='bbox 3003 3669 3215 3725; x_wconf 74' lang='grc' dir='ltr'>Οὔκουν</span> <span class='ocrx_word' id='word_1_557' title='bbox 3246 3675 3374 3728; x_wconf 76' lang='grc' dir='ltr'>οὐδὲ</span> <span class='ocrx_word' id='word_1_558' title='bbox 3411 3678 3709 3748; x_wconf 76' lang='grc' dir='ltr'>προείλετο,</span> 
     </span>
    </p>
   </div>
   <div class='ocr_carea' id='block_1_76' title="bbox 2137 3754 3710 3841">
    <p class='ocr_par' dir='ltr' id='par_1_76' title="bbox 2137 3754 3710 3841">
     <span class='ocr_line' id='line_1_76' title="bbox 2137 3754 3710 3841; baseline 0.01 -32"><span class='ocrx_word' id='word_1_559' title='bbox 2137 3754 2262 3810; x_wconf 74' lang='grc' dir='ltr'>οὔτε</span> <span class='ocrx_word' id='word_1_560' title='bbox 2308 3758 2369 3809; x_wconf 66' lang='lat' dir='ltr'><strong>at</strong></span> <span class='ocrx_word' id='word_1_561' title='bbox 2411 3760 2540 3828; x_wconf 87' lang='grc' dir='ltr'>παρ’</span> <span class='ocrx_word' id='word_1_562' title='bbox 2582 3760 2774 3830; x_wconf 77' lang='grc' dir='ltr'>ἐτέρου</span> <span class='ocrx_word' id='word_1_563' title='bbox 2805 3762 2838 3831; x_wconf 76' lang='grc' dir='ltr'><strong>ἢ</strong></span> <span class='ocrx_word' id='word_1_564' title='bbox 2888 3761 3079 3817; x_wconf 87' lang='grc' dir='ltr'>τούτου</span> <span class='ocrx_word' id='word_1_565' title='bbox 3112 3767 3450 3836; x_wconf 80' lang='grc' dir='ltr'>κεκομίσθαι</span> <span class='ocrx_word' id='word_1_566' title='bbox 3481 3771 3579 3834; x_wconf 83' lang='grc' dir='ltr'>τὰς</span> <span class='ocrx_word' id='word_1_567' title='bbox 3611 3770 3710 3841; x_wconf 77' lang='grc' dir='ltr'><strong>ψή-</strong></span> 
     </span>
    </p>
   </div>
   <div class='ocr_carea' id='block_1_77' title="bbox 2137 3848 3707 3932">
    <p class='ocr_par' dir='ltr' id='par_1_77' title="bbox 2137 3848 3707 3932">
     <span class='ocr_line' id='line_1_77' title="bbox 2137 3848 3707 3932; baseline 0.01 -31"><span class='ocrx_word' id='word_1_568' title='bbox 2137 3865 2294 3916; x_wconf 84' lang='grc' dir='ltr'>φους·</span> <span class='ocrx_word' id='word_1_569' title='bbox 2318 3848 2516 3904; x_wconf 76' lang='grc' dir='ltr'>οὔκουν</span> <span class='ocrx_word' id='word_1_570' title='bbox 2548 3852 2670 3907; x_wconf 81' lang='grc' dir='ltr'><strong>οὐδὲ</strong></span> <span class='ocrx_word' id='word_1_571' title='bbox 2710 3858 2997 3922; x_wconf 81' lang='grc' dir='ltr'>κεκόμισο·</span> <span class='ocrx_word' id='word_1_572' title='bbox 3030 3856 3147 3910; x_wconf 77' lang='grc' dir='ltr'>ἀλλ’</span> <span class='ocrx_word' id='word_1_573' title='bbox 3169 3861 3510 3931; x_wconf 80' lang='grc' dir='ltr'>ἀμφοτέροις</span> <span class='ocrx_word' id='word_1_574' title='bbox 3548 3863 3707 3932; x_wconf 79' lang='grc' dir='ltr'>ἐχρή-</span> 
     </span>
    </p>
   </div>
   <div class='ocr_carea' id='block_1_78' title="bbox 2140 3941 3709 4024">
    <p class='ocr_par' dir='ltr' id='par_1_78' title="bbox 2140 3941 3709 4024">
     <span class='ocr_line' id='line_1_78' title="bbox 2140 3941 3709 4024; baseline 0.008 -31"><span class='ocrx_word' id='word_1_575' title='bbox 2140 3941 2307 3994; x_wconf 85' lang='grc' dir='ltr'>σασθε</span> <span class='ocrx_word' id='word_1_576' title='bbox 2337 3944 2405 3995; x_wconf 77' lang='grc' dir='ltr'><strong>τά</strong></span> <span class='ocrx_word' id='word_1_577' title='bbox 2444 3946 2763 4013; x_wconf 68' lang='grc' dir='ltr'>γιγνᾶμενα,</span> <span class='ocrx_word' id='word_1_578' title='bbox 2791 3944 2978 4017; x_wconf 81' lang='grc' dir='ltr'>ὥσπερ</span> <span class='ocrx_word' id='word_1_579' title='bbox 3006 3949 3325 4020; x_wconf 75' lang='grc' dir='ltr'>ἐξεπίτηδες</span> <span class='ocrx_word' id='word_1_580' title='bbox 3364 3949 3519 4024; x_wconf 75' lang='grc' dir='ltr'>οἶμαι</span> <span class='ocrx_word' id='word_1_581' title='bbox 3561 3969 3709 4009; x_wconf 87' lang='grc' dir='ltr'>συνε-</span> 
     </span>
    </p>
   </div>
   <div class='ocr_carea' id='block_1_79' title="bbox 2139 4032 3706 4117">
    <p class='ocr_par' dir='ltr' id='par_1_79' title="bbox 2139 4032 3706 4117">
     <span class='ocr_line' id='line_1_79' title="bbox 2139 4032 3706 4117; baseline 0.01 -30"><span class='ocrx_word' id='word_1_582' title='bbox 2139 4032 2326 4104; x_wconf 82' lang='grc' dir='ltr'>νεχθὲν</span> <span class='ocrx_word' id='word_1_583' title='bbox 2357 4032 2450 4087; x_wconf 82' lang='grc' dir='ltr'>τοῦ</span> <span class='ocrx_word' id='word_1_584' title='bbox 2478 4037 2552 4106; x_wconf 85' lang='grc' dir='ltr'>μὴ</span> <span class='ocrx_word' id='word_1_585' title='bbox 2582 4038 2760 4090; x_wconf 81' lang='grc' dir='ltr'>δοκεῖν</span> <span class='ocrx_word' id='word_1_586' title='bbox 2784 4039 3147 4109; x_wconf 81' lang='grc' dir='ltr'>ἐλλελεῖφθαι.</span> <span class='ocrx_word' id='word_1_587' title='bbox 3185 4043 3449 4117; x_wconf 82' lang='grc' dir='ltr'>Ἠγάμην</span> <span class='ocrx_word' id='word_1_588' title='bbox 3471 4047 3530 4100; x_wconf 73' lang='grc' dir='ltr'><strong>δὲ</strong></span> <span class='ocrx_word' id='word_1_589' title='bbox 3551 4046 3706 4117; x_wconf 75' lang='grc' dir='ltr'>ἔγωγ’</span> 
     </span>
    </p>
   </div>
   <div class='ocr_carea' id='block_1_80' title="bbox 2137 4126 3710 4207">
    <p class='ocr_par' dir='ltr' id='par_1_80' title="bbox 2137 4126 3710 4207">
     <span class='ocr_line' id='line_1_80' title="bbox 2137 4126 3710 4207; baseline 0.01 -29"><span class='ocrx_word' id='word_1_590' title='bbox 2137 4126 2199 4178; x_wconf 86' lang='grc' dir='ltr'><strong>ού</strong></span> <span class='ocrx_word' id='word_1_591' title='bbox 2246 4128 2406 4195; x_wconf 82' lang='grc' dir='ltr'>μόνον</span> <span class='ocrx_word' id='word_1_592' title='bbox 2450 4129 2753 4197; x_wconf 71' lang='grc' dir='ltr'>Ἀθηναίων</span> <span class='ocrx_word' id='word_1_593' title='bbox 2794 4132 3097 4201; x_wconf 82' lang='grc' dir='ltr'>χαιρόντων</span> <span class='ocrx_word' id='word_1_594' title='bbox 3132 4135 3414 4207; x_wconf 77' lang='grc' dir='ltr'>Πλάτωνι,</span> <span class='ocrx_word' id='word_1_595' title='bbox 3444 4141 3582 4196; x_wconf 80' lang='grc' dir='ltr'><strong>ἀλλά</strong></span> <span class='ocrx_word' id='word_1_596' title='bbox 3623 4141 3710 4196; x_wconf 83' lang='grc' dir='ltr'>καὶ</span> 
     </span>
    </p>
   </div>
   <div class='ocr_carea' id='block_1_81' title="bbox 2139 4219 3708 4307">
    <p class='ocr_par' dir='ltr' id='par_1_81' title="bbox 2139 4219 3708 4307">
     <span class='ocr_line' id='line_1_81' title="bbox 2139 4219 3708 4307; baseline 0.013 -35"><span class='ocrx_word' id='word_1_597' title='bbox 2139 4219 2365 4274; x_wconf 78' lang='grc' dir='ltr'>Πλάτων</span> <span class='ocrx_word' id='word_1_598' title='bbox 2411 4221 2607 4275; x_wconf 89' lang='grc' dir='ltr'>πολλοῦ</span> <span class='ocrx_word' id='word_1_599' title='bbox 2638 4239 2782 4287; x_wconf 84' lang='grc' dir='ltr'>τινος</span> <span class='ocrx_word' id='word_1_600' title='bbox 2809 4225 2958 4289; x_wconf 80' lang='grc' dir='ltr'>ἄξιος</span> <span class='ocrx_word' id='word_1_601' title='bbox 3000 4228 3143 4298; x_wconf 75' lang='grc' dir='ltr'>ἔχων</span> <span class='ocrx_word' id='word_1_602' title='bbox 3183 4231 3517 4301; x_wconf 83' lang='grc' dir='ltr'>θαυμαστάς</span> <span class='ocrx_word' id='word_1_603' title='bbox 3555 4237 3708 4307; x_wconf 81' lang='grc' dir='ltr'>Ἀθη-</span> 
     </span>
    </p>
   </div>
   <div class='ocr_carea' id='block_1_82' title="bbox 2138 4327 2343 4373">
    <p class='ocr_par' dir='ltr' id='par_1_82' title="bbox 2138 4327 2343 4373">
     <span class='ocr_line' id='line_1_82' title="bbox 2138 4327 2343 4373; baseline 0.01 -11"><span class='ocrx_word' id='word_1_604' title='bbox 2138 4327 2343 4373; x_wconf 74' lang='grc' dir='ltr'>ναιους.</span> 
     </span>
    </p>
   </div>
   <div class='ocr_carea' id='block_1_83' title="bbox 453 4400 3706 4490">
    <p class='ocr_par' dir='ltr' id='par_1_83' title="bbox 453 4400 3706 4490">
     <span class='ocr_line' id='line_1_83' title="bbox 453 4400 3706 4490; baseline 0.006 -33"><span class='ocrx_word' id='word_1_605' title='bbox 453 4420 573 4457; x_wconf 86' lang='lat' dir='ltr'><strong>rum</strong></span> <span class='ocrx_word' id='word_1_606' title='bbox 598 4416 693 4458; x_wconf 84' lang='lat' dir='ltr'><strong>vos</strong></span> <span class='ocrx_word' id='word_1_607' title='bbox 725 4405 866 4459; x_wconf 87' lang='lat' dir='ltr'><strong>inter</strong></span> <span class='ocrx_word' id='word_1_608' title='bbox 888 4420 1007 4468; x_wconf 90' lang='lat' dir='ltr'><strong>vos,</strong></span> <span class='ocrx_word' id='word_1_609' title='bbox 1046 4402 1255 4457; x_wconf 89' lang='lat' dir='ltr'><strong>mutuis</strong></span> <span class='ocrx_word' id='word_1_610' title='bbox 1288 4411 1436 4455; x_wconf 88' lang='lat' dir='ltr'><strong>recte</strong></span> <span class='ocrx_word' id='word_1_611' title='bbox 1483 4410 1650 4469; x_wconf 85' lang='lat' dir='ltr'><strong>atque</strong></span> <span class='ocrx_word' id='word_1_612' title='bbox 1716 4401 1912 4455; x_wconf 87' lang='lat' dir='ltr'><strong>ordine</strong></span> <span class='ocrx_word' id='word_1_613' title='bbox 1970 4400 2346 4471; x_wconf 81' lang='lat' dir='ltr'><strong>fungebamini</strong></span> <span class='ocrx_word' id='word_1_614' title='bbox 2404 4403 2622 4473; x_wconf 76' lang='lat' dir='ltr'><strong>ciliciis,</strong></span> <span class='ocrx_word' id='word_1_615' title='bbox 2669 4410 2827 4477; x_wconf 87' lang='lat' dir='ltr'><strong>quasi</strong></span> <span class='ocrx_word' id='word_1_616' title='bbox 2879 4413 2947 4466; x_wconf 88' lang='lat' dir='ltr'><strong>de</strong></span> <span class='ocrx_word' id='word_1_617' title='bbox 3006 4414 3303 4487; x_wconf 84' lang='lat' dir='ltr'><strong>industria,</strong></span> <span class='ocrx_word' id='word_1_618' title='bbox 3344 4433 3407 4477; x_wconf 88' lang='grc' dir='ltr'><strong>ιιι</strong></span> <span class='ocrx_word' id='word_1_619' title='bbox 3452 4425 3706 4490; x_wconf 82' lang='lat' dir='ltr'><strong>arbitror,</strong></span> 
     </span>
    </p>
   </div>
   <div class='ocr_carea' id='block_1_84' title="bbox 453 4488 3731 4575">
    <p class='ocr_par' dir='ltr' id='par_1_84' title="bbox 453 4488 3731 4575">
     <span class='ocr_line' id='line_1_84' title="bbox 453 4488 3731 4575; baseline 0.008 -27"><span class='ocrx_word' id='word_1_620' title='bbox 453 4499 558 4550; x_wconf 84' lang='lat' dir='ltr'><strong>hoc</strong></span> <span class='ocrx_word' id='word_1_621' title='bbox 604 4497 951 4566; x_wconf 81' lang='lat' dir='ltr'><strong>contigisset,</strong></span> <span class='ocrx_word' id='word_1_622' title='bbox 1012 4505 1074 4551; x_wconf 81' lang='lat' dir='ltr'><strong>ut</strong></span> <span class='ocrx_word' id='word_1_623' title='bbox 1124 4509 1193 4548; x_wconf 90' lang='lat' dir='ltr'><strong>ne</strong></span> <span class='ocrx_word' id='word_1_624' title='bbox 1240 4495 1668 4562; x_wconf 63' lang='lat' dir='ltr'><strong>praetermissum</strong></span> <span class='ocrx_word' id='word_1_625' title='bbox 1722 4494 2026 4562; x_wconf 86' lang='lat' dir='ltr'><strong>quidquam</strong></span> <span class='ocrx_word' id='word_1_626' title='bbox 2070 4496 2370 4551; x_wconf 60' lang='lat' dir='ltr'><strong>videretur.</strong></span> <span class='ocrx_word' id='word_1_627' title='bbox 2438 4500 2556 4553; x_wconf 83' lang='lat' dir='ltr'><strong>Mea</strong></span> <span class='ocrx_word' id='word_1_628' title='bbox 2631 4502 2887 4557; x_wconf 83' lang='lat' dir='ltr'><strong>videlicet</strong></span> <span class='ocrx_word' id='word_1_629' title='bbox 2919 4488 3211 4563; x_wconf 71' lang='lat' dir='ltr'><strong>sententia</strong></span> <span class='ocrx_word' id='word_1_630' title='bbox 3248 4528 3362 4568; x_wconf 89' lang='lat' dir='ltr'><strong>non</strong></span> <span class='ocrx_word' id='word_1_631' title='bbox 3397 4519 3563 4572; x_wconf 87' lang='lat' dir='ltr'><strong>modo</strong></span> <span class='ocrx_word' id='word_1_632' title='bbox 3598 4488 3731 4575; x_wconf 31' lang='lat' dir='ltr'><strong>exis.</strong></span> 
     </span>
    </p>
   </div>
   <div class='ocr_carea' id='block_1_85' title="bbox 453 4584 3707 4682">
    <p class='ocr_par' dir='ltr' id='par_1_85' title="bbox 453 4584 3707 4682">
     <span class='ocr_line' id='line_1_85' title="bbox 453 4584 3707 4682; baseline 0.008 -42"><span class='ocrx_word' id='word_1_633' title='bbox 453 4589 615 4642; x_wconf 84' lang='lat' dir='ltr'><strong>miam</strong></span> <span class='ocrx_word' id='word_1_634' title='bbox 690 4589 975 4658; x_wconf 88' lang='lat' dir='ltr'><strong>promeriti</strong></span> <span class='ocrx_word' id='word_1_635' title='bbox 1030 4584 1246 4641; x_wconf 85' lang='lat' dir='ltr'><strong>laudem</strong></span> <span class='ocrx_word' id='word_1_636' title='bbox 1308 4587 1672 4641; x_wconf 86' lang='lat' dir='ltr'><strong>Athenienses</strong></span> <span class='ocrx_word' id='word_1_637' title='bbox 1712 4588 1974 4641; x_wconf 86' lang='lat' dir='ltr'><strong>videntur</strong></span> <span class='ocrx_word' id='word_1_638' title='bbox 2003 4626 2019 4651; x_wconf 88' lang='lat'><strong>,</strong></span> <span class='ocrx_word' id='word_1_639' title='bbox 2061 4591 2219 4656; x_wconf 87' lang='lat' dir='ltr'><strong>queis</strong></span> <span class='ocrx_word' id='word_1_640' title='bbox 2257 4590 2310 4643; x_wconf 92' lang='lat' dir='ltr'><strong>in</strong></span> <span class='ocrx_word' id='word_1_641' title='bbox 2378 4592 2592 4647; x_wconf 87' lang='lat' dir='ltr'><strong>deliciis</strong></span> <span class='ocrx_word' id='word_1_642' title='bbox 2636 4595 2790 4650; x_wconf 80' lang='lat' dir='ltr'><strong>Plato</strong></span> <span class='ocrx_word' id='word_1_643' title='bbox 2855 4609 3039 4667; x_wconf 82' lang='lat' dir='ltr'><strong>esset;</strong></span> <span class='ocrx_word' id='word_1_644' title='bbox 3078 4605 3175 4658; x_wconf 81' lang='lat' dir='ltr'><strong>sed</strong></span> <span class='ocrx_word' id='word_1_645' title='bbox 3211 4605 3365 4663; x_wconf 82' lang='lat' dir='ltr'><strong>Plato</strong></span> <span class='ocrx_word' id='word_1_646' title='bbox 3390 4611 3560 4666; x_wconf 83' lang='lat' dir='ltr'><strong>etiam</strong></span> <span class='ocrx_word' id='word_1_647' title='bbox 3595 4616 3707 4682; x_wconf 72' lang='lat' dir='ltr'><strong>ipse</strong></span> 
     </span>
    </p>
   </div>
   <div class='ocr_carea' id='block_1_86' title="bbox 451 4681 2316 4754">
    <p class='ocr_par' dir='ltr' id='par_1_86' title="bbox 451 4681 2316 4754">
     <span class='ocr_line' id='line_1_86' title="bbox 451 4681 2316 4754; baseline 0.003 -18"><span class='ocrx_word' id='word_1_648' title='bbox 451 4686 621 4738; x_wconf 81' lang='lat' dir='ltr'><strong>homo</strong></span> <span class='ocrx_word' id='word_1_649' title='bbox 656 4685 879 4738; x_wconf 78' lang='lat' dir='ltr'><strong>maximi</strong></span> <span class='ocrx_word' id='word_1_650' title='bbox 918 4681 1084 4754; x_wconf 87' lang='lat' dir='ltr'><strong>pretii</strong></span> <span class='ocrx_word' id='word_1_651' title='bbox 1113 4681 1304 4749; x_wconf 79' lang='lat' dir='ltr'><strong>visus,</strong></span> <span class='ocrx_word' id='word_1_652' title='bbox 1339 4683 1433 4752; x_wconf 90' lang='lat' dir='ltr'><strong>qui</strong></span> <span class='ocrx_word' id='word_1_653' title='bbox 1469 4683 1573 4738; x_wconf 87' lang='lat' dir='ltr'><strong>hos</strong></span> <span class='ocrx_word' id='word_1_654' title='bbox 1610 4682 1898 4739; x_wconf 84' lang='lat' dir='ltr'><strong>habuisset</strong></span> <span class='ocrx_word' id='word_1_655' title='bbox 1932 4684 2316 4741; x_wconf 83' lang='lat' dir='ltr'><strong>admiratores.</strong></span> 
     </span>
    </p>
   </div>
   <div class='ocr_carea' id='block_1_87' title="bbox 525 4798 2028 4897">
    <p class='ocr_par' dir='ltr' id='par_1_87' title="bbox 525 4798 2027 4870">
     <span class='ocr_line' id='line_1_87' title="bbox 525 4798 2027 4870; baseline -0.002 -14"><span class='ocrx_word' id='word_1_656' title='bbox 525 4802 835 4870; x_wconf 80' lang='lat' dir='ltr'><strong>lll._Atque</strong></span> <span class='ocrx_word' id='word_1_657' title='bbox 865 4799 933 4853; x_wconf 90' lang='lat' dir='ltr'><strong>de</strong></span> <span class='ocrx_word' id='word_1_658' title='bbox 979 4813 1065 4853; x_wconf 90' lang='lat' dir='ltr'><strong>me</strong></span> <span class='ocrx_word' id='word_1_659' title='bbox 1114 4798 1373 4868; x_wconf 88' lang='lat' dir='ltr'><strong>quidem,</strong></span> <span class='ocrx_word' id='word_1_660' title='bbox 1429 4800 1475 4854; x_wconf 91' lang='lat' dir='ltr'><strong>si</strong></span> <span class='ocrx_word' id='word_1_661' title='bbox 1518 4799 1603 4855; x_wconf 84' lang='lat' dir='ltr'><strong>vel</strong></span> <span class='ocrx_word' id='word_1_662' title='bbox 1648 4810 1776 4855; x_wconf 87' lang='lat' dir='ltr'><strong>ante</strong></span> <span class='ocrx_word' id='word_1_663' title='bbox 1824 4814 2027 4853; x_wconf 91' lang='lat' dir='ltr'><strong>novum</strong></span> 
     </span>
    </p>
   </div>
   <div class='ocr_carea' id='block_1_88' title="bbox 2134 4798 3707 4897">
    <p class='ocr_par' dir='ltr' id='par_1_88' title="bbox 2202 4802 3707 4897">
     <span class='ocr_line' id='line_1_88' title="bbox 2202 4802 3707 4897; baseline 0.017 -44"><span class='ocrx_word' id='word_1_664' title='bbox 2202 4802 2278 4897; x_wconf 61' lang='grc' dir='ltr'><strong>Γ.</strong></span> <span class='ocrx_word' id='word_1_665' title='bbox 2321 4803 2450 4873; x_wconf 79' lang='grc' dir='ltr'><strong>Ἐμὲ</strong></span> <span class='ocrx_word' id='word_1_666' title='bbox 2482 4805 2538 4857; x_wconf 73' lang='grc' dir='ltr'><strong>δὲ</strong></span> <span class='ocrx_word' id='word_1_667' title='bbox 2574 4809 2669 4859; x_wconf 84' lang='grc' dir='ltr'>καὶ</span> <span class='ocrx_word' id='word_1_668' title='bbox 2716 4810 2825 4879; x_wconf 85' lang='grc' dir='ltr'><strong>πρὸ</strong></span> <span class='ocrx_word' id='word_1_669' title='bbox 2871 4811 2965 4865; x_wconf 81' lang='grc' dir='ltr'>τοῦ</span> <span class='ocrx_word' id='word_1_670' title='bbox 3023 4818 3289 4886; x_wconf 76' lang='grc' dir='ltr'>παρόντος</span> <span class='ocrx_word' id='word_1_671' title='bbox 3337 4821 3395 4874; x_wconf 81' lang='grc' dir='ltr'><strong>εῐ</strong></span> <span class='ocrx_word' id='word_1_672' title='bbox 3434 4839 3519 4885; x_wconf 84' lang='grc' dir='ltr'><strong>τις</strong></span> <span class='ocrx_word' id='word_1_673' title='bbox 3548 4825 3707 4897; x_wconf 74' lang='grc' dir='ltr'>ἤρετο</span> 
     </span>
    </p>
   </div>
   <div class='ocr_carea' id='block_1_89' title="bbox 452 4892 2024 4965">
    <p class='ocr_par' dir='ltr' id='par_1_89' title="bbox 452 4892 2024 4965">
     <span class='ocr_line' id='line_1_89' title="bbox 452 4892 2024 4965; baseline 0.001 -18"><span class='ocrx_word' id='word_1_674' title='bbox 452 4896 597 4949; x_wconf 86' lang='lat' dir='ltr'><strong>hunc</strong></span> <span class='ocrx_word' id='word_1_675' title='bbox 648 4892 1025 4964; x_wconf 78' lang='lat' dir='ltr'><strong>pontiﬁcatum</strong></span> <span class='ocrx_word' id='word_1_676' title='bbox 1064 4901 1218 4945; x_wconf 90' lang='lat' dir='ltr'><strong>tuum</strong></span> <span class='ocrx_word' id='word_1_677' title='bbox 1271 4895 1562 4964; x_wconf 89' lang='lat' dir='ltr'><strong>quisquam</strong></span> <span class='ocrx_word' id='word_1_678' title='bbox 1614 4894 2024 4965; x_wconf 80' lang='lat' dir='ltr'><strong>exquisivisset,</strong></span> 
     </span>
    </p>
   </div>
   <div class='ocr_carea' id='block_1_90' title="bbox 451 4983 2023 5056">
    <p class='ocr_par' dir='ltr' id='par_1_90' title="bbox 451 4983 2023 5056">
     <span class='ocr_line' id='line_1_90' title="bbox 451 4983 2023 5056; baseline 0.001 -16"><span class='ocrx_word' id='word_1_679' title='bbox 451 4988 703 5056; x_wconf 83' lang='lat' dir='ltr'><strong>quisnam</strong></span> <span class='ocrx_word' id='word_1_680' title='bbox 737 4998 1023 5037; x_wconf 87' lang='lat' dir='ltr'><strong>sacrarum</strong></span> <span class='ocrx_word' id='word_1_681' title='bbox 1063 4983 1390 5052; x_wconf 80' lang='lat' dir='ltr'><strong>religionum</strong></span> <span class='ocrx_word' id='word_1_682' title='bbox 1426 4989 2023 5055; x_wconf 75' lang='lat' dir='ltr'><strong>eaercmmiiarumque,</strong></span> 
     </span>
    </p>
   </div>
   <div class='ocr_carea' id='block_1_91' title="bbox 451 5075 2025 5148">
    <p class='ocr_par' dir='ltr' id='par_1_91' title="bbox 451 5075 2025 5148">
     <span class='ocr_line' id='line_1_91' title="bbox 451 5075 2025 5148; baseline 0.001 -16"><span class='ocrx_word' id='word_1_683' title='bbox 451 5092 505 5132; x_wconf 86' lang='lat' dir='ltr'><strong>et</strong></span> <span class='ocrx_word' id='word_1_684' title='bbox 543 5075 727 5145; x_wconf 78' lang='lat' dir='ltr'><strong>magni</strong></span> <span class='ocrx_word' id='word_1_685' title='bbox 765 5075 1024 5128; x_wconf 73' lang='lat' dir='ltr'><strong>Ecclesia:</strong></span> <span class='ocrx_word' id='word_1_686' title='bbox 1055 5076 1296 5130; x_wconf 87' lang='lat' dir='ltr'><strong>nominis</strong></span> <span class='ocrx_word' id='word_1_687' title='bbox 1324 5078 1642 5133; x_wconf 88' lang='lat' dir='ltr'><strong>moderator</strong></span> <span class='ocrx_word' id='word_1_688' title='bbox 1666 5090 2025 5148; x_wconf 81' lang='lat' dir='ltr'><strong>procurator-</strong></span> 
     </span>
    </p>
   </div>
   <div class='ocr_carea' id='block_1_92' title="bbox 452 5168 2023 5239">
    <p class='ocr_par' dir='ltr' id='par_1_92' title="bbox 452 5168 2023 5239">
     <span class='ocr_line' id='line_1_92' title="bbox 452 5168 2023 5239; baseline 0.003 -19"><span class='ocrx_word' id='word_1_689' title='bbox 452 5185 558 5235; x_wconf 83' lang='lat' dir='ltr'><strong>que</strong></span> <span class='ocrx_word' id='word_1_690' title='bbox 588 5172 807 5223; x_wconf 80' lang='lat' dir='ltr'><strong>futurus</strong></span> <span class='ocrx_word' id='word_1_691' title='bbox 845 5176 1014 5233; x_wconf 88' lang='lat' dir='ltr'><strong>esset,</strong></span> <span class='ocrx_word' id='word_1_692' title='bbox 1056 5168 1206 5222; x_wconf 89' lang='lat' dir='ltr'><strong>hunc</strong></span> <span class='ocrx_word' id='word_1_693' title='bbox 1238 5177 1288 5223; x_wconf 89' lang='lat' dir='ltr'><strong>te</strong></span> <span class='ocrx_word' id='word_1_694' title='bbox 1317 5170 1570 5238; x_wconf 83' lang='lat' dir='ltr'><strong>profecto</strong></span> <span class='ocrx_word' id='word_1_695' title='bbox 1598 5171 1775 5239; x_wconf 87' lang='lat' dir='ltr'><strong>ipsum</strong></span> <span class='ocrx_word' id='word_1_696' title='bbox 1816 5172 2023 5225; x_wconf 86' lang='lat' dir='ltr'><strong>edidis-</strong></span> 
     </span>
    </p>
   </div>
   <div class='ocr_carea' id='block_1_93' title="bbox 389 5259 2022 5331">
    <p class='ocr_par' dir='ltr' id='par_1_93' title="bbox 389 5259 2022 5331">
     <span class='ocr_line' id='line_1_93' title="bbox 389 5259 2022 5331; baseline 0.004 -20"><span class='ocrx_word' id='word_1_697' title='bbox 389 5304 394 5311; x_wconf 91' lang='lat'><strong>.</strong></span> <span class='ocrx_word' id='word_1_698' title='bbox 453 5278 564 5314; x_wconf 81' lang='lat' dir='ltr'><strong>sein</strong></span> <span class='ocrx_word' id='word_1_699' title='bbox 589 5277 602 5324; x_wconf 90' lang='lat'><strong>;</strong></span> <span class='ocrx_word' id='word_1_700' title='bbox 635 5275 737 5313; x_wconf 90' lang='lat' dir='ltr'><strong>nec</strong></span> <span class='ocrx_word' id='word_1_701' title='bbox 763 5259 982 5328; x_wconf 83' lang='lat' dir='ltr'><strong>quando</strong></span> <span class='ocrx_word' id='word_1_702' title='bbox 1010 5261 1087 5313; x_wconf 91' lang='lat' dir='ltr'><strong>tui</strong></span> <span class='ocrx_word' id='word_1_703' title='bbox 1122 5263 1408 5328; x_wconf 65' lang='lat' dir='ltr'><strong>praesentis</strong></span> <span class='ocrx_word' id='word_1_704' title='bbox 1446 5262 1677 5316; x_wconf 76' lang='lat' dir='ltr'><strong>facultas</strong></span> <span class='ocrx_word' id='word_1_705' title='bbox 1706 5265 1863 5317; x_wconf 89' lang='lat' dir='ltr'><strong>nobis</strong></span> <span class='ocrx_word' id='word_1_706' title='bbox 1882 5272 2022 5331; x_wconf 87' lang='lat' dir='ltr'><strong>erat,</strong></span> 
     </span>
    </p>
   </div>
   <div class='ocr_carea' id='block_1_94' title="bbox 453 5351 2020 5426">
    <p class='ocr_par' dir='ltr' id='par_1_94' title="bbox 453 5351 2020 5426">
     <span class='ocr_line' id='line_1_94' title="bbox 453 5351 2020 5426; baseline 0.003 -21"><span class='ocrx_word' id='word_1_707' title='bbox 453 5354 590 5407; x_wconf 87' lang='lat' dir='ltr'><strong>alius</strong></span> <span class='ocrx_word' id='word_1_708' title='bbox 622 5351 847 5405; x_wconf 88' lang='lat' dir='ltr'><strong>omnino</strong></span> <span class='ocrx_word' id='word_1_709' title='bbox 890 5352 1033 5406; x_wconf 90' lang='lat' dir='ltr'><strong>ullus</strong></span> <span class='ocrx_word' id='word_1_710' title='bbox 1064 5354 1315 5423; x_wconf 87' lang='lat' dir='ltr'><strong>superior</strong></span> <span class='ocrx_word' id='word_1_711' title='bbox 1343 5353 1732 5410; x_wconf 70' lang='lat' dir='ltr'><strong>discessisset:</strong></span> <span class='ocrx_word' id='word_1_712' title='bbox 1769 5358 1822 5410; x_wconf 88' lang='lat' dir='ltr'><strong>id</strong></span> <span class='ocrx_word' id='word_1_713' title='bbox 1875 5358 2020 5426; x_wconf 88' lang='lat' dir='ltr'><strong>quod</strong></span> 
     </span>
    </p>
   </div>
   <div class='ocr_carea' id='block_1_95' title="bbox 456 5444 2026 5519">
    <p class='ocr_par' dir='ltr' id='par_1_95' title="bbox 456 5444 2026 5519">
     <span class='ocr_line' id='line_1_95' title="bbox 456 5444 2026 5519; baseline 0.004 -20"><span class='ocrx_word' id='word_1_714' title='bbox 456 5461 632 5517; x_wconf 85' lang='lat' dir='ltr'><strong>neque</strong></span> <span class='ocrx_word' id='word_1_715' title='bbox 664 5444 931 5514; x_wconf 82' lang='lat' dir='ltr'><strong>speciosis</strong></span> <span class='ocrx_word' id='word_1_716' title='bbox 977 5447 1306 5515; x_wconf 83' lang='lat' dir='ltr'><strong>quibusdam</strong></span> <span class='ocrx_word' id='word_1_717' title='bbox 1366 5449 1713 5515; x_wconf 83' lang='lat' dir='ltr'><strong>rationibus,</strong></span> <span class='ocrx_word' id='word_1_718' title='bbox 1747 5466 1924 5519; x_wconf 86' lang='lat' dir='ltr'><strong>neque</strong></span> <span class='ocrx_word' id='word_1_719' title='bbox 1958 5452 2026 5505; x_wconf 89' lang='lat' dir='ltr'><strong>de</strong></span> 
     </span>
    </p>
   </div>
   <div class='ocr_carea' id='block_1_96' title="bbox 455 5536 2026 5608">
    <p class='ocr_par' dir='ltr' id='par_1_96' title="bbox 455 5536 2026 5608">
     <span class='ocr_line' id='line_1_96' title="bbox 455 5536 2026 5608; baseline 0.004 -19"><span class='ocrx_word' id='word_1_720' title='bbox 455 5536 715 5608; x_wconf 86' lang='lat' dir='ltr'><strong>principis</strong></span> <span class='ocrx_word' id='word_1_721' title='bbox 736 5551 949 5590; x_wconf 89' lang='lat' dir='ltr'><strong>summa</strong></span> <span class='ocrx_word' id='word_1_722' title='bbox 995 5553 1124 5608; x_wconf 76' lang='lat' dir='ltr'><strong>erga</strong></span> <span class='ocrx_word' id='word_1_723' title='bbox 1175 5548 1225 5594; x_wconf 87' lang='lat' dir='ltr'><strong>te</strong></span> <span class='ocrx_word' id='word_1_724' title='bbox 1265 5540 1672 5604; x_wconf 78' lang='lat' dir='ltr'><strong>benevolentia,</strong></span> <span class='ocrx_word' id='word_1_725' title='bbox 1723 5542 2026 5595; x_wconf 83' lang='lat' dir='ltr'><strong>conclusis-</strong></span> 
     </span>
    </p>
   </div>
   <div class='ocr_carea' id='block_1_97' title="bbox 453 5630 2027 5701">
    <p class='ocr_par' dir='ltr' id='par_1_97' title="bbox 453 5630 2027 5701">
     <span class='ocr_line' id='line_1_97' title="bbox 453 5630 2027 5701; baseline 0.001 -15"><span class='ocrx_word' id='word_1_726' title='bbox 453 5647 605 5686; x_wconf 89' lang='lat' dir='ltr'><strong>sem:</strong></span> <span class='ocrx_word' id='word_1_727' title='bbox 635 5630 769 5683; x_wconf 87' lang='lat' dir='ltr'><strong>nihil</strong></span> <span class='ocrx_word' id='word_1_728' title='bbox 808 5630 1001 5685; x_wconf 84' lang='lat' dir='ltr'><strong>horum</strong></span> <span class='ocrx_word' id='word_1_729' title='bbox 1039 5647 1202 5697; x_wconf 87' lang='lat' dir='ltr'><strong>sane,</strong></span> <span class='ocrx_word' id='word_1_730' title='bbox 1231 5647 1423 5685; x_wconf 81' lang='lat' dir='ltr'><strong>verum</strong></span> <span class='ocrx_word' id='word_1_731' title='bbox 1473 5646 1540 5685; x_wconf 80' lang='lat' dir='ltr'><strong>ex</strong></span> <span class='ocrx_word' id='word_1_732' title='bbox 1578 5631 1645 5684; x_wconf 91' lang='lat' dir='ltr'><strong>iis</strong></span> <span class='ocrx_word' id='word_1_733' title='bbox 1672 5632 1856 5696; x_wconf 86' lang='lat' dir='ltr'><strong>rebus,</strong></span> <span class='ocrx_word' id='word_1_734' title='bbox 1891 5649 2027 5701; x_wconf 81' lang='lat' dir='ltr'><strong>quas</strong></span> 
     </span>
    </p>
   </div>
   <div class='ocr_carea' id='block_1_98' title="bbox 456 5723 2021 5798">
    <p class='ocr_par' dir='ltr' id='par_1_98' title="bbox 456 5723 2021 5798">
     <span class='ocr_line' id='line_1_98' title="bbox 456 5723 2021 5798; baseline 0.003 -23"><span class='ocrx_word' id='word_1_735' title='bbox 456 5723 508 5775; x_wconf 89' lang='lat' dir='ltr'><strong>in</strong></span> <span class='ocrx_word' id='word_1_736' title='bbox 542 5738 590 5778; x_wconf 86' lang='lat' dir='ltr'><strong>te</strong></span> <span class='ocrx_word' id='word_1_737' title='bbox 618 5727 747 5780; x_wconf 81' lang='lat' dir='ltr'><strong>sitas</strong></span> <span class='ocrx_word' id='word_1_738' title='bbox 763 5743 880 5781; x_wconf 78' lang='lat' dir='ltr'><strong>esse</strong></span> <span class='ocrx_word' id='word_1_739' title='bbox 911 5730 1061 5798; x_wconf 74' lang='lat' dir='ltr'><strong>juxta</strong></span> <span class='ocrx_word' id='word_1_740' title='bbox 1088 5741 1299 5780; x_wconf 89' lang='lat' dir='ltr'><strong>mecum</strong></span> <span class='ocrx_word' id='word_1_741' title='bbox 1325 5741 1519 5778; x_wconf 83' lang='lat' dir='ltr'><strong>omnes</strong></span> <span class='ocrx_word' id='word_1_742' title='bbox 1551 5735 1774 5778; x_wconf 85' lang='lat' dir='ltr'><strong>noruut.</strong></span> <span class='ocrx_word' id='word_1_743' title='bbox 1803 5726 2021 5795; x_wconf 79' lang='lat' dir='ltr'><strong>Quippe</strong></span> 
     </span>
    </p>
   </div>
   <div class='ocr_carea' id='block_1_99' title="bbox 454 5817 2017 5888">
    <p class='ocr_par' dir='ltr' id='par_1_99' title="bbox 454 5817 2017 5888">
     <span class='ocr_line' id='line_1_99' title="bbox 454 5817 2017 5888; baseline 0.003 -19"><span class='ocrx_word' id='word_1_744' title='bbox 454 5817 498 5869; x_wconf 82' lang='lat' dir='ltr'><strong>si</strong></span> <span class='ocrx_word' id='word_1_745' title='bbox 529 5828 689 5888; x_wconf 80' lang='lat' dir='ltr'><strong>caput</strong></span> <span class='ocrx_word' id='word_1_746' title='bbox 720 5835 899 5875; x_wconf 86' lang='lat' dir='ltr'><strong>rerum</strong></span> <span class='ocrx_word' id='word_1_747' title='bbox 920 5822 1190 5885; x_wconf 89' lang='lat' dir='ltr'><strong>omnium,</strong></span> <span class='ocrx_word' id='word_1_748' title='bbox 1221 5830 1275 5873; x_wconf 90' lang='lat' dir='ltr'><strong>et</strong></span> <span class='ocrx_word' id='word_1_749' title='bbox 1299 5832 1468 5873; x_wconf 87' lang='lat' dir='ltr'><strong>unum</strong></span> <span class='ocrx_word' id='word_1_750' title='bbox 1504 5832 1691 5871; x_wconf 85' lang='lat' dir='ltr'><strong>revera</strong></span> <span class='ocrx_word' id='word_1_751' title='bbox 1720 5819 2017 5874; x_wconf 75' lang='lat' dir='ltr'><strong>maximum</strong></span> 
     </span>
    </p>
   </div>
   <div class='ocr_carea' id='block_1_100' title="bbox 2139 4896 3705 4987">
    <p class='ocr_par' dir='ltr' id='par_1_100' title="bbox 2139 4896 3705 4987">
     <span class='ocr_line' id='line_1_100' title="bbox 2139 4896 3705 4987; baseline 0.003 -23"><span class='ocrx_word' id='word_1_752' title='bbox 2139 4896 2442 4964; x_wconf 79' lang='grc' dir='ltr'>σχήματος,</span> <span class='ocrx_word' id='word_1_753' title='bbox 2474 4902 2557 4962; x_wconf 79' lang='grc' dir='ltr'><strong>τίς</strong></span> <span class='ocrx_word' id='word_1_754' title='bbox 2580 4901 2609 4953; x_wconf 84' lang='grc' dir='ltr'>ὁ</span> <span class='ocrx_word' id='word_1_755' title='bbox 2641 4902 2751 4954; x_wconf 81' lang='grc' dir='ltr'>τῶν</span> <span class='ocrx_word' id='word_1_756' title='bbox 2784 4905 2949 4974; x_wconf 78' lang='grc' dir='ltr'>ἱερῶν</span> <span class='ocrx_word' id='word_1_757' title='bbox 2978 4912 3322 4980; x_wconf 80' lang='grc' dir='ltr'>πραγμάτων</span> <span class='ocrx_word' id='word_1_758' title='bbox 3350 4918 3445 4968; x_wconf 77' lang='grc' dir='ltr'><strong>καὶ</strong></span> <span class='ocrx_word' id='word_1_759' title='bbox 3487 4917 3580 4970; x_wconf 79' lang='grc' dir='ltr'><strong>τού</strong></span> <span class='ocrx_word' id='word_1_760' title='bbox 3611 4933 3705 4987; x_wconf 83' lang='grc' dir='ltr'>με-</span> 
     </span>
    </p>
   </div>
   <div class='ocr_carea' id='block_1_101' title="bbox 2135 4990 3705 5074">
    <p class='ocr_par' dir='ltr' id='par_1_101' title="bbox 2135 4990 3705 5074">
     <span class='ocr_line' id='line_1_101' title="bbox 2135 4990 3705 5074; baseline 0.015 -35"><span class='ocrx_word' id='word_1_761' title='bbox 2135 4990 2303 5055; x_wconf 79' lang='grc' dir='ltr'>γάλου</span> <span class='ocrx_word' id='word_1_762' title='bbox 2333 4991 2429 5059; x_wconf 72' lang='grc' dir='ltr'>τῆς</span> <span class='ocrx_word' id='word_1_763' title='bbox 2471 4993 2800 5063; x_wconf 77' lang='grc' dir='ltr'>Ἑκκληοίας</span> <span class='ocrx_word' id='word_1_764' title='bbox 2842 4997 3104 5066; x_wconf 85' lang='grc' dir='ltr'>ὀνόματος</span> <span class='ocrx_word' id='word_1_765' title='bbox 3138 5002 3388 5074; x_wconf 79' lang='grc' dir='ltr'>ἐξάρχων</span> <span class='ocrx_word' id='word_1_766' title='bbox 3431 5009 3587 5062; x_wconf 77' lang='grc' dir='ltr'>ἔσται</span> <span class='ocrx_word' id='word_1_767' title='bbox 3617 5012 3705 5063; x_wconf 71' lang='grc' dir='ltr'><strong>καὶ</strong></span> 
     </span>
    </p>
   </div>
   <div class='ocr_carea' id='block_1_102' title="bbox 2135 5080 3704 5165">
    <p class='ocr_par' dir='ltr' id='par_1_102' title="bbox 2135 5080 3704 5165">
     <span class='ocr_line' id='line_1_102' title="bbox 2135 5080 3704 5165; baseline 0.013 -33"><span class='ocrx_word' id='word_1_768' title='bbox 2135 5080 2413 5150; x_wconf 61' lang='grc' dir='ltr'>κηδεμὼν,</span> <span class='ocrx_word' id='word_1_769' title='bbox 2444 5085 2502 5137; x_wconf 82' lang='grc' dir='ltr'>σὲ</span> <span class='ocrx_word' id='word_1_770' title='bbox 2530 5086 2718 5140; x_wconf 81' lang='grc' dir='ltr'>τοῦτον</span> <span class='ocrx_word' id='word_1_771' title='bbox 2752 5091 2818 5143; x_wconf 87' lang='grc' dir='ltr'>ἆν</span> <span class='ocrx_word' id='word_1_772' title='bbox 2850 5089 3021 5158; x_wconf 83' lang='grc' dir='ltr'>εἷπον,</span> <span class='ocrx_word' id='word_1_773' title='bbox 3066 5095 3157 5147; x_wconf 78' lang='grc' dir='ltr'>καὶ</span> <span class='ocrx_word' id='word_1_774' title='bbox 3196 5099 3307 5150; x_wconf 78' lang='grc' dir='ltr'>οὐδ’</span> <span class='ocrx_word' id='word_1_775' title='bbox 3341 5099 3408 5153; x_wconf 86' lang='grc' dir='ltr'>ἂν</span> <span class='ocrx_word' id='word_1_776' title='bbox 3438 5096 3519 5164; x_wconf 75' lang='grc' dir='ltr'>εἷς</span> <span class='ocrx_word' id='word_1_777' title='bbox 3553 5101 3704 5165; x_wconf 67' lang='grc' dir='ltr'>ἄλλος</span> 
     </span>
    </p>
   </div>
   <div class='ocr_carea' id='block_1_103' title="bbox 2135 5174 3701 5265">
    <p class='ocr_par' dir='ltr' id='par_1_103' title="bbox 2135 5174 3701 5265">
     <span class='ocr_line' id='line_1_103' title="bbox 2135 5174 3701 5265; baseline 0.016 -41"><span class='ocrx_word' id='word_1_778' title='bbox 2135 5174 2229 5225; x_wconf 85' lang='grc' dir='ltr'><strong>σοῦ</strong></span> <span class='ocrx_word' id='word_1_779' title='bbox 2273 5176 2540 5246; x_wconf 78' lang='grc' dir='ltr'>παρόντος</span> <span class='ocrx_word' id='word_1_780' title='bbox 2591 5180 2834 5250; x_wconf 80' lang='grc' dir='ltr'>ἐκράτει,</span> <span class='ocrx_word' id='word_1_781' title='bbox 2880 5184 2982 5237; x_wconf 83' lang='grc' dir='ltr'><strong>οὐκ</strong></span> <span class='ocrx_word' id='word_1_782' title='bbox 3019 5186 3192 5241; x_wconf 78' lang='grc' dir='ltr'>εἰκόσι</span> <span class='ocrx_word' id='word_1_783' title='bbox 3233 5189 3517 5263; x_wconf 80' lang='grc' dir='ltr'>λογισμοῖς</span> <span class='ocrx_word' id='word_1_784' title='bbox 3563 5197 3701 5265; x_wconf 84' lang='grc' dir='ltr'><strong>χρώ·</strong></span> 
     </span>
    </p>
   </div>
   <div class='ocr_carea' id='block_1_104' title="bbox 2137 5270 3701 5355">
    <p class='ocr_par' dir='ltr' id='par_1_104' title="bbox 2137 5270 3701 5355">
     <span class='ocr_line' id='line_1_104' title="bbox 2137 5270 3701 5355; baseline 0.014 -38"><span class='ocrx_word' id='word_1_785' title='bbox 2137 5283 2319 5336; x_wconf 87' lang='grc' dir='ltr'>μενος,</span> <span class='ocrx_word' id='word_1_786' title='bbox 2367 5270 2475 5324; x_wconf 75' lang='grc' dir='ltr'><strong>οὐδ’</strong></span> <span class='ocrx_word' id='word_1_787' title='bbox 2515 5274 2578 5324; x_wconf 78' lang='grc' dir='ltr'><strong>ἐκ</strong></span> <span class='ocrx_word' id='word_1_788' title='bbox 2636 5274 2734 5342; x_wconf 79' lang='grc' dir='ltr'>τῆς</span> <span class='ocrx_word' id='word_1_789' title='bbox 2782 5274 2877 5328; x_wconf 84' lang='grc' dir='ltr'>τοῦ</span> <span class='ocrx_word' id='word_1_790' title='bbox 2929 5278 3262 5346; x_wconf 79' lang='grc' dir='ltr'>κρατοῦντος</span> <span class='ocrx_word' id='word_1_791' title='bbox 3314 5287 3701 5355; x_wconf 76' lang='grc' dir='ltr'>συμπεραίνων</span> 
     </span>
    </p>
   </div>
   <div class='ocr_carea' id='block_1_105' title="bbox 2136 5361 3701 5440">
    <p class='ocr_par' dir='ltr' id='par_1_105' title="bbox 2136 5361 3701 5440">
     <span class='ocr_line' id='line_1_105' title="bbox 2136 5361 3701 5440; baseline 0.01 -28"><span class='ocrx_word' id='word_1_792' title='bbox 2136 5363 2368 5426; x_wconf 78' lang='grc' dir='ltr'>εὐνοίας,</span> <span class='ocrx_word' id='word_1_793' title='bbox 2402 5361 2510 5415; x_wconf 71' lang='grc' dir='ltr'>οὐδ’</span> <span class='ocrx_word' id='word_1_794' title='bbox 2548 5364 2735 5432; x_wconf 83' lang='grc' dir='ltr'>ἐγγύς·</span> <span class='ocrx_word' id='word_1_795' title='bbox 2770 5365 2886 5418; x_wconf 74' lang='grc' dir='ltr'>ἀλλ’</span> <span class='ocrx_word' id='word_1_796' title='bbox 2926 5369 2985 5431; x_wconf 80' lang='grc' dir='ltr'>ἐξ</span> <span class='ocrx_word' id='word_1_797' title='bbox 3013 5364 3088 5423; x_wconf 84' lang='grc' dir='ltr'>ὧν</span> <span class='ocrx_word' id='word_1_798' title='bbox 3117 5374 3228 5440; x_wconf 81' lang='grc' dir='ltr'>ἐγώ</span> <span class='ocrx_word' id='word_1_799' title='bbox 3259 5392 3339 5433; x_wconf 71' lang='grc' dir='ltr'><strong>σοι</strong></span> <span class='ocrx_word' id='word_1_800' title='bbox 3370 5384 3463 5429; x_wconf 73' lang='grc' dir='ltr'>καί</span> <span class='ocrx_word' id='word_1_801' title='bbox 3507 5381 3701 5439; x_wconf 81' lang='grc' dir='ltr'>πάντες</span> 
     </span>
    </p>
   </div>
   <div class='ocr_carea' id='block_1_106' title="bbox 2138 5452 3699 5533">
    <p class='ocr_par' dir='ltr' id='par_1_106' title="bbox 2138 5452 3699 5533">
     <span class='ocr_line' id='line_1_106' title="bbox 2138 5452 3699 5533; baseline 0.012 -29"><span class='ocrx_word' id='word_1_802' title='bbox 2138 5452 2420 5521; x_wconf 77' lang='grc' dir='ltr'>σύνισμενο</span> <span class='ocrx_word' id='word_1_803' title='bbox 2466 5456 2514 5506; x_wconf 78' lang='grc' dir='ltr'>εἰ</span> <span class='ocrx_word' id='word_1_804' title='bbox 2562 5458 2670 5526; x_wconf 79' lang='grc' dir='ltr'>γὰρ</span> <span class='ocrx_word' id='word_1_805' title='bbox 2714 5458 2779 5526; x_wconf 80' lang='grc' dir='ltr'>δὴ</span> <span class='ocrx_word' id='word_1_806' title='bbox 2836 5463 3134 5530; x_wconf 80' lang='grc' dir='ltr'>κεφάλαιον</span> <span class='ocrx_word' id='word_1_807' title='bbox 3169 5470 3271 5533; x_wconf 79' lang='grc' dir='ltr'><strong>μὲν</strong></span> <span class='ocrx_word' id='word_1_808' title='bbox 3314 5470 3570 5521; x_wconf 81' lang='grc' dir='ltr'>ἁπάντων</span> <span class='ocrx_word' id='word_1_809' title='bbox 3611 5469 3699 5521; x_wconf 80' lang='grc' dir='ltr'>καὶ</span> 
     </span>
    </p>
   </div>
   <div class='ocr_carea' id='block_1_107' title="bbox 2135 5545 3694 5631">
    <p class='ocr_par' dir='ltr' id='par_1_107' title="bbox 2135 5545 3694 5631">
     <span class='ocr_line' id='line_1_107' title="bbox 2135 5545 3694 5631; baseline 0.012 -36"><span class='ocrx_word' id='word_1_810' title='bbox 2135 5545 2296 5611; x_wconf 83' lang='grc' dir='ltr'>μόνον</span> <span class='ocrx_word' id='word_1_811' title='bbox 2345 5548 2421 5609; x_wconf 85' lang='grc' dir='ltr'>ὡς</span> <span class='ocrx_word' id='word_1_812' title='bbox 2473 5549 2690 5619; x_wconf 85' lang='grc' dir='ltr'>ἀληθῶς</span> <span class='ocrx_word' id='word_1_813' title='bbox 2748 5555 3082 5624; x_wconf 80' lang='grc' dir='ltr'>τιμιώτατον</span> <span class='ocrx_word' id='word_1_814' title='bbox 3129 5560 3317 5631; x_wconf 61' lang='grc' dir='ltr'>ψυχῶν</span> <span class='ocrx_word' id='word_1_815' title='bbox 3374 5563 3694 5631; x_wconf 72' lang='grc' dir='ltr'>προστασία,</span> 
     </span>
    </p>
   </div>
   <div class='ocr_carea' id='block_1_108' title="bbox 2130 5636 3695 5723">
    <p class='ocr_par' dir='ltr' id='par_1_108' title="bbox 2130 5636 3695 5723">
     <span class='ocr_line' id='line_1_108' title="bbox 2130 5636 3695 5723; baseline 0.01 -35"><span class='ocrx_word' id='word_1_816' title='bbox 2130 5638 2386 5709; x_wconf 70' lang='grc' dir='ltr'>καθάπερ</span> <span class='ocrx_word' id='word_1_817' title='bbox 2420 5636 2574 5709; x_wconf 83' lang='grc' dir='ltr'>οἶμαι</span> <span class='ocrx_word' id='word_1_818' title='bbox 2612 5645 2759 5715; x_wconf 74' lang='grc' dir='ltr'>ψυχῇ</span> <span class='ocrx_word' id='word_1_819' title='bbox 2787 5644 3059 5715; x_wconf 62' lang='grc' dir='ltr'>σώματος’</span> <span class='ocrx_word' id='word_1_820' title='bbox 3100 5654 3180 5704; x_wconf 82' lang='grc' dir='ltr'><strong>δεῖ</strong></span> <span class='ocrx_word' id='word_1_821' title='bbox 3229 5655 3284 5706; x_wconf 82' lang='grc' dir='ltr'>δὲ</span> <span class='ocrx_word' id='word_1_822' title='bbox 3335 5654 3431 5722; x_wconf 75' lang='grc' dir='ltr'>τὴν</span> <span class='ocrx_word' id='word_1_823' title='bbox 3471 5656 3695 5723; x_wconf 76' lang='grc' dir='ltr'>ταυτησὶ</span> 
     </span>
    </p>
   </div>
   <div class='ocr_carea' id='block_1_109' title="bbox 2128 5732 3695 5813">
    <p class='ocr_par' dir='ltr' id='par_1_109' title="bbox 2128 5732 3695 5813">
     <span class='ocr_line' id='line_1_109' title="bbox 2128 5732 3695 5813; baseline 0.001 -19"><span class='ocrx_word' id='word_1_824' title='bbox 2128 5732 2226 5799; x_wconf 74' lang='grc' dir='ltr'>τῆς</span> <span class='ocrx_word' id='word_1_825' title='bbox 2252 5735 2423 5803; x_wconf 74' lang='grc' dir='ltr'><strong>ἀρχῆς</strong></span> <span class='ocrx_word' id='word_1_826' title='bbox 2459 5735 2787 5804; x_wconf 71' lang='grc' dir='ltr'>εἰλημμένοι</span> <span class='ocrx_word' id='word_1_827' title='bbox 2812 5741 3050 5794; x_wconf 77' lang='grc' dir='ltr'>τοσαῦτα</span> <span class='ocrx_word' id='word_1_828' title='bbox 3080 5746 3344 5813; x_wconf 77' lang='grc' dir='ltr'>πράττειν</span> <span class='ocrx_word' id='word_1_829' title='bbox 3379 5750 3480 5799; x_wconf 80' lang='grc' dir='ltr'>ὅσα</span> <span class='ocrx_word' id='word_1_830' title='bbox 3508 5750 3695 5807; x_wconf 76' lang='grc' dir='ltr'>πάντες</span> 
     </span>
    </p>
   </div>
   <div class='ocr_carea' id='block_1_110' title="bbox 2128 5825 3695 5921">
    <p class='ocr_par' dir='ltr' id='par_1_110' title="bbox 2128 5825 3695 5921">
     <span class='ocr_line' id='line_1_110' title="bbox 2128 5825 3695 5921; baseline 0.011 -44"><span class='ocrx_word' id='word_1_831' title='bbox 2128 5825 2422 5895; x_wconf 58' lang='grc' dir='ltr'>ἄνθρωποι·</span> <span class='ocrx_word' id='word_1_832' title='bbox 2459 5830 2645 5901; x_wconf 70' lang='grc' dir='ltr'>ἐπειδη</span> <span class='ocrx_word' id='word_1_833' title='bbox 2683 5834 2775 5884; x_wconf 65' lang='grc' dir='ltr'>καὶ</span> <span class='ocrx_word' id='word_1_834' title='bbox 2807 5834 3026 5921; x_wconf 57' lang='grc' dir='ltr'>πάντων</span> <span class='ocrx_word' id='word_1_835' title='bbox 3060 5841 3405 5908; x_wconf 68' lang='grc' dir='ltr'>προΐσταται·</span> <span class='ocrx_word' id='word_1_836' title='bbox 3434 5842 3528 5896; x_wconf 76' lang='grc' dir='ltr'>καὶ</span> <span class='ocrx_word' id='word_1_837' title='bbox 3552 5837 3695 5894; x_wconf 73' lang='grc' dir='ltr'>τοῦθ’</span> 
     </span>
    </p>
   </div>
  </div>
