4018 6430
260 443 378 517 ἡμῖν
428 439 581 510 οὗτος
634 446 819 502 ἐνθάδε
885 448 1021 516 ὅπερ
1064 450 1171 510 τοῖς
1224 448 1441 517 νοητοῖς
1494 448 1521 499 ὁ
1574 445 1729 507 Θεὸς

262 541 402 593 τάῦθ’
430 541 573 594 οὕτω
604 541 703 604 δεῖ,
734 542 797 593 σὺ
832 540 887 593 δὲ
917 541 1085 593 πάλαι
1121 539 1347 602 τούτους
1378 539 1504 600 τοὺς
1535 540 1833 607 λογισμοὺς

260 633 471 694 ἔδωκαςο
506 632 600 685 καὶ
629 632 779 684 οὐδὲν
810 631 971 702 ἔργον
1022 633 1224 701 εὑρεῖν,
1259 632 1306 683 εἰ
1337 629 1423 684 διὰ
1466 631 1682 684 πάντων
1709 631 1834 698 ἀφῖ-

267 725 359 788 ξαι,
392 724 509 775 ἀλλ’
557 725 664 793 ὅτῳ
697 720 899 792 μᾶλλον
944 724 1288 793 ὲξείργασαι,
1321 722 1405 785 τίς
1444 720 1587 774 οὕτω
1631 722 1833 792 φρένας

262 818 430 883 ὀλίγος
470 816 565 869 καὶ
621 817 729 869 τῶν
780 818 1182 888 φανερωτάτων
1233 816 1373 886 ἔχων
1426 816 1630 878 σκαιῶς
1689 817 1836 877 ὅστις

261 910 353 961 οὐκ
385 910 450 961 ἂν
480 905 635 971 οἶμαι
684 911 991 978 συμφήσαι,
1053 909 1128 970 ὼς
1159 909 1265 978 ἄρα
1296 906 1394 959 νῦν
1423 909 1482 959 οὗ
1514 907 1834 975 λαμϐάνεις,

265 1001 370 1052 ἀλλ’
396 1001 809 1071 ἀπολαμϐάνεις
847 1000 907 1053 τό
953 1000 1161 1070 σχῆμαο
1209 1002 1304 1053 καὶ
1341 1000 1449 1052 τῶν
1490 999 1837 1070 πραγμάτων

265 1094 525 1159 διδόντων,
560 1094 735 1148 πάλαι
777 1095 1024 1164 κρατεῖν,
1064 1093 1168 1164 ἤδη
1214 1092 1521 1165 προσετέθη
1577 1091 1835 1163 τοῦνομα’

268 1186 386 1238 ὥστ’
419 1187 483 1239 οῦ
532 1185 626 1238 τοῦ
662 1185 992 1253 κεκομίσθαι
1016 1184 1101 1237 δεῖ
1139 1201 1220 1237 σοι
1254 1184 1457 1253 μᾶλλον
1492 1186 1836 1254 συγχαίρειν,

269 1279 297 1349 ἢ
347 1279 981 1351 συνάχθεσθαιπάντας,
1013 1275 1109 1331 τοῦ
1154 1276 1229 1348 μὴ
1276 1276 1445 1330 πάλαι
1491 1277 1551 1331 τὸ
1598 1277 1717 1330 δέον
1764 1279 1839 1341 ὡς

268 1374 407 1435 εἰκὸς
453 1373 803 1443 κεκομίσθαν
850 1372 1053 1442 μᾶλλον
1091 1370 1149 1423 δὲ
1207 1370 1292 1422 σοὶ
1350 1371 1450 1438 μὲν
1508 1369 1628 1422 κατ’
1670 1370 1840 1439 ἄμφω

272 1463 599 1531 συγχαίρειν.
639 1463 732 1514 καὶ
761 1457 842 1525 οἷς
885 1459 1184 1532 ἀξιόχρεως
1232 1457 1517 1530 πόῤῥωθεν
1556 1455 1718 1528 ἦσθα,
1748 1457 1841 1511 καὶ

269 1556 345 1606 ὅτι
384 1552 476 1605 νῦν
511 1554 903 1629 ἑτυχεςχήμᾶς
930 1552 983 1604 δὲ
1036 1555 1085 1605 εί
1119 1552 1212 1605 καὶ
1249 1550 1342 1603 νῦν
1381 1550 1548 1613 ὅντως
1580 1551 1638 1603 ἐν
1665 1552 1842 1603 εὐδαί-

274 1662 424 1714 μοσιν
460 1647 627 1716 ἔχεις,
676 1645 754 1716 τῷ
789 1646 863 1715 μὴ
896 1648 1064 1698 πάλαι
1113 1643 1307 1696 τούτου
1360 1642 1693 1712 πειραθῆναι
1745 1642 1838 1695 τοῦ

274 1741 488 1809 μέρους,
518 1739 597 1801 εἰς
626 1737 991 1809 ἠδικημένους
1022 1735 1307 1807 τελοῦμεν.

1138 331 1425 394 ORATIO
1466 330 1567 390 AD
1609 330 2013 392 ΝΙΡΠΟΝΕΜ
2061 329 2644 389 PATitIARCHAM.

1791 448 1840 497 εἰ
1874 455 1912 506 Α
1947 456 2049 507 est,
2114 462 2328 499 sacrum
2369 446 2672 498 animarum
2722 442 2987 512 reginen,
3036 440 3268 512 proinde
3305 440 3522 511 opinor,

3417 322 3522 384 194

1943 547 2002 589 ut
2036 539 2233 591 animm
2263 538 2514 606 corporis
2563 536 2648 589 sui
2698 535 3076 606 gubernatio:
3128 534 3174 590 si
3231 534 3306 587 illi
3369 534 3522 597 item,

1940 629 2033 698 qui
2062 629 2167 683 hoc
2203 631 2442 699 capessit
2470 645 2690 690 munus.
2720 645 2829 682 non
2860 629 3045 681 minus
3078 627 3248 682 multa
3277 641 3530 681 necessa-

1941 719 2025 771 rio
2074 718 2389 788 peragenda
2440 729 2591 779 sunt,
2645 734 2808 788 quam
2878 717 3153 772 universis
3204 716 3527 771 hominibus

1944 811 2168 880 reliquis
2199 829 2211 863 :
2245 810 2460 877 praesidi
2503 810 2762 865 videlicet.
2796 809 3046 864 omnium
3075 818 3128 863 et
3166 809 3406 869 custodi,
3431 807 3527 878 qui

1942 903 2086 956 idem
2130 904 2184 957 in
2225 913 2368 955 terra
2398 903 2720 956 mortalibus
2757 912 2862 967 est,
2904 901 3048 972 quod
3099 900 3340 955 :ctheriis
3370 916 3528 954 men~

1944 997 2094 1050 tibus
2145 995 2310 1050 Deus.
2368 994 2503 1050 Cum
2554 995 2689 1057 lucc.
2734 997 2977 1065 inquam,
3025 995 3106 1049 sic
3129 994 3353 1048 omnino
3382 1008 3533 1045 com-

1947 1098 2138 1158 parata
2166 1104 2287 1143 esse
2336 1096 2576 1158 oportet,
2612 1099 2668 1142 et
2697 1087 2813 1142 haec
2852 1087 3059 1142 dudum
3096 1085 3195 1139 tibi
3240 1084 3530 1140 hominum

1943 1179 2173 1233 collecta
2219 1178 2324 1232 fuit
2358 1177 2732 1242 existimatio,
2781 1193 2883 1232 nec
2925 1175 3144 1230 dillicile
3198 1185 3285 1230 est
3320 1174 3530 1237 videre,

1945 1277 2131 1324 utrum
2199 1273 2377 1340 spatia
2434 1273 2615 1324 haecce
2647 1267 2833 1323 omnia
2865 1265 3276 1332 decucurreris,
3339 1280 3531 1318 verum

1942 1365 2002 1418 in
2052 1366 2428 1434 quonamplus
2481 1380 2664 1435 operae
2711 1363 3032 1432 laborisque
3096 1359 3530 1429 consumpseris.

1944 1459 2067 1528 quis
2104 1457 2225 1512 heic
2280 1459 2350 1510 ita
2408 1474 2599 1527 parum
2636 1457 2902 1527 prudens,
2934 1468 3232 1523 rerumque
3291 1451 3532 1506 clarissi-

1946 1566 2158 1605 marum
2185 1551 2261 1604 ita
2292 1550 2583 1620 imperitus
2618 1550 2827 1605 arbiter
2854 1550 2944 1613 sit,
2986 1551 3079 1619 qui
3122 1564 3231 1602 non
3272 1546 3442 1606 ultro,
3476 1554 3535 1599 ut

1944 1642 2201 1712 equidem
2229 1642 2493 1707 arbitror,
2532 1646 2771 1697 fateatur
2800 1659 2910 1698 non
2958 1642 3210 1711 accipere
3255 1649 3307 1694 te
3358 1654 3531 1699 nunc,

1947 1735 2045 1792 sed
2086 1735 2334 1806 recipere
2381 1736 2531 1790 hunc
2585 1736 2863 1799 habitum,
2893 1746 2949 1791 et
3003 1735 3148 1804 quod
3201 1732 3533 1804 jampridem

272 1852 355 1891 res
385 1837 514 1906 ipa:
543 1834 714 1891 decus
758 1836 856 1890 tibi
897 1834 1201 1901 dedissent,
1253 1834 1404 1889 illius
1484 1849 1631 1889 nunc
1683 1831 1983 1890 accessisse
2057 1832 2295 1889 titulum.
2365 1833 2712 1905 Quapropter
2769 1849 2878 1888 non
2936 1833 3108 1904 magis
3153 1830 3253 1885 tibi
3308 1830 3379 1884 de
3446 1844 3537 1883 ac-

270 1940 416 1996 cepta
446 1927 709 1998 dignitate
738 1927 1104 1998 congratulari
1136 1926 1433 1990 debemus,
1507 1942 1672 1996 quant
1725 1941 2077 1982 communem
2138 1942 2206 1981 ex
2245 1940 2312 1981 eo
2378 1942 2574 1982 omnes
2616 1926 2863 1982 dolorem
2915 1941 3148 1997 Capere,
3226 1922 3375 1993 quod
3426 1938 3538 1977 non

266 2021 604 2091 jamdudum,
630 2029 691 2075 ut
719 2036 850 2076 sane
871 2036 1088 2090 aequum
1108 2021 1483 2089 erat,justum
1551 2034 1614 2075 ac
1672 2019 1918 2076 debitum
1962 2020 2230 2075 honorem
2261 2033 2594 2076 consecutus
2634 2021 2835 2077 fuisses
2867 2040 2881 2075 :
2917 2021 3034 2076 sive
3074 2020 3260 2089 potius
3294 2016 3392 2072 tibi
3418 2015 3541 2084 qui-

272 2113 385 2167 dem
424 2124 658 2184 utroque
707 2113 1206 2184 congratulandum
1243 2114 1486 2178 nomine,
1520 2121 1634 2166 tum
1688 2112 1837 2181 quod
1879 2127 1949 2169 eo
1989 2112 2350 2183 dignissimus
2377 2114 2587 2169 dudum
2626 2129 2775 2181 eras,
2825 2125 2939 2169 tum
3005 2113 3150 2184 quod
3213 2127 3364 2167 nunc
3407 2112 3541 2165 ade-

272 2224 392 2282 ptus
419 2228 498 2267 es.
532 2211 645 2267 Nos
687 2220 894 2278 autem,
957 2210 1061 2266 etsi
1104 2226 1252 2264 nunc
1300 2210 1503 2264 merito
1552 2208 1733 2265 beatis
1776 2208 2126 2276 adnumeres,
2191 2212 2448 2281 quoniam
2504 2228 2615 2268 non
2663 2213 2793 2268 olim
2846 2213 2988 2267 hanc
3053 2211 3267 2281 experti
3329 2217 3539 2266 sortem

274 2305 491 2368 fuimus,
559 2303 819 2373 iniuriam
886 2302 1133 2373 profecto
1178 2302 1457 2373 perpessis
1513 2303 1841 2365 accensendi
1885 2318 2101 2359 sumus.

341 2423 413 2473 Δ¹.
440 2419 560 2473 Τῶν
593 2419 651 2471 δὲ
679 2418 787 2472 σῶν
813 2418 1331 2488 πλεονεκτημάτων,
1364 2418 1460 2471 τοῦ
1485 2435 1570 2482 τις
1603 2415 1670 2470 ἂν
1693 2417 1844 2485 πρῶ-

2011 2417 2101 2474 lV.
2136 2418 2311 2485 Quam
2339 2436 2471 2475 vero
2511 2423 2580 2476 de
2600 2421 3001 2477 excellentibus
3029 2421 3328 2476 virtutibus
3355 2421 3538 2476 laudi-

274 2531 362 2567 τον
389 2514 423 2583 ἢ
457 2513 766 2566 τελευταῖον
800 2512 1047 2584 μνησθῇς
1095 2513 1348 2582 πότερον,
1380 2512 1482 2581 τῆς
1530 2510 1846 2580 ὑπερφυοῦς

274 2607 547 2677 ἀγχινοίας
580 2604 794 2660 καὶτοῦ
826 2604 1222 2675 βουλευομένου
1258 2604 1396 2674 πρὸς
1422 2602 1624 2669 πάντα,
1661 2602 1845 2656 καὶτὸ

274 2700 591 2768 γιγνόμενον
640 2698 739 2767 μὲν
785 2699 1063 2767 πανταχῆ,
1101 2698 1161 2750 ὲν
1205 2696 1385 2749 οὐδενὶ
1423 2695 1481 2748 δὲ
1538 2694 1844 2766 μετάμελον

273 2793 508 2859 ἔχοντος,
534 2789 568 2859 ἥ
599 2789 694 2843 τοῦ
733 2792 833 2857 τῆς
868 2789 1095 2859 γνώμης
1135 2787 1433 2858 ἐμϐριθοῦς
1460 2790 1556 2841 καὶ
1590 2788 1845 2856 γενναίου

274 2883 729 2952 συγκεκραμένου
768 2882 990 2952 χάρισιν
1041 2881 1403 2950 ἡμερότητος,
1451 2879 1528 2943 ὡς
1580 2881 1720 2951 μήτε
1766 2879 1848 2949 τῷ

277 2975 641 3047 μεγαλόφρονι
689 2976 835 3045 μόνῳ
889 2975 1028 3044 πρὸς
1076 2973 1384 3044 ὑπεροψίαν
1427 2973 1702 3043 ἐκφέρειν,
1753 2973 1848 3027 καὶ

275 3062 506 3132 χαλεπὸν
552 3060 694 3118 εἶναι
740 3066 853 3126 τοῖς
901 3063 1317 3132 ἐντυγχάνουσι,
1366 3064 1504 3134 μήτε
1551 3064 1631 3131 τῷ
1684 3065 1848 3136 πράῳ

272 3155 761 3226 μεγαλοφροσύνης
783 3156 1031 3226 ἀπούσης
1056 3157 1197 3226 πρὸς
1221 3156 1578 3226 μαλακότητα
1599 3157 1848 3222 πίπτειν;

288 3245 428 3298 Ἀλλ’
458 3248 789 3317 ἀμφοτέρων
816 3248 897 3303 εἰς
923 3247 1095 3317 ἄκρον
1128 3245 1431 3317 προῦστης,
1465 3250 1707 3317 ἡρωϊκὸν
1750 3251 1850 3318 μὲν

276 3338 532 3405 καθάπαξ
557 3342 695 3410 ἔχων
722 3340 784 3393 τὸ
816 3335 950 3411 ἦθος
975 3340 1073 3394 καὶ
1100 3340 1266 3407 φόϐον
1293 3341 1506 3409 ὲγείρον
1536 3342 1594 3392 ἐν
1610 3340 1686 3410 τῷ
1702 3358 1853 3413 παρ-

271 3433 472 3486 αυτίκα
525 3434 624 3502 τῆς
668 3433 820 3496 Θέας,
852 3432 1093 3503 χαρίτων
1129 3433 1187 3487 δὲ
1228 3433 1462 3504 πλήρεις
1505 3433 1604 3498 τὰς
1631 3435 1851 3505 ὁμιλίας

274 3525 511 3588 δεικνύς.
551 3524 712 3580 Ἀλλά
744 3526 852 3595 μὴν
901 3525 972 3578 τὰ
1024 3526 1190 3596 μέχρι
1239 3526 1335 3579 τοῦ
1385 3525 1548 3598 δεῦρο
1586 3526 1851 3582 δοκοῦντα

273 3618 387 3670 τῶν
420 3618 793 3688 ἀπορωτάτων
830 3619 1190 3687 συγγίνεσθαι
1230 3620 1392 3689 μόνος
1428 3619 1733 3689 ἀνθρώπων
1772 3622 1854 3685 είς

277 3711 471 3765 ταυτὸν
494 3711 722 3782 ἡγαγες,
740 3708 820 3774 ὡς
852 3712 927 3783 μὴ
959 3711 1265 3781 βεϐλάφθαι
1294 3710 1541 3782 θάτερονο
1572 3713 1669 3765 καὶ
1694 3715 1851 3784 νικᾷς

1953 2508 2165 2577 busque
2191 2508 2300 2564 tuis
2334 2511 2536 2578 primo,
2562 2526 2725 2581 quam
2767 2519 3048 2581 postremo
3083 2510 3336 2566 dicemus
3372 2512 3539 2566 loco?

1956 2610 2141 2654 utrum
2192 2602 2529 2671 singularem
2577 2608 2687 2658 vim
2742 2606 2970 2671 mentis,
3002 2613 3059 2659 et
3092 2604 3538 2674 prudentissima

1956 2693 2015 2746 in
2061 2694 2321 2749 omnibus
2376 2696 2628 2760 consilia,
2709 2711 2831 2766 quae
2871 2712 3135 2753 numeros
3177 2713 3310 2753 suos
3350 2713 3545 2755 omnes

1954 2784 2224 2853 expletos,
2255 2786 2462 2841 nullam
2518 2799 2702 2843 autem
2747 2790 3097 2846 decretorum
3156 2793 3548 2861 reprehensio-

1958 2890 2089 2929 nem
2121 2877 2325 2931 habent
2356 2894 2370 2930 :
2413 2895 2481 2933 an
2507 2882 2830 2950 gravitatem
2885 2882 3053 2937 animi
3087 2884 3546 2954 nobilitatemque

1953 2966 2103 3020 illam
2156 2971 2596 3025 mansuetudinis
2676 2973 2995 3042 permistam
3063 2984 3544 3047 temperatumque

1957 3059 2153 3127 gratiis
2185 3076 2199 3113 :
2226 3070 2288 3114 ut
2316 3077 2495 3132 neque
2527 3065 2979 3135 magnanimitate
3026 3067 3144 3122 sola
3189 3068 3256 3122 ad
3307 3069 3542 3124 aliorum

1960 3151 2378 3220 despicientiam
2411 3157 2686 3221 etferaris,
2712 3159 3006 3230 gravisque
3030 3168 3217 3215 tecum
3250 3161 3544 3230 agentibus

1962 3245 2083 3308 tias,
2130 3260 2313 3316 neque
2345 3263 2539 3302 rursus
2573 3248 2827 3314 lenitate.
2887 3259 3100 3306 remota
3162 3253 3544 3321 magnitudine

1958 3337 2151 3403 animi,
2178 3339 2244 3392 ad
2272 3340 2558 3395 mollitiem
2581 3341 2919 3409 prolabaris?
2937 3342 3015 3400 Tu
3036 3359 3168 3399 vero
3202 3345 3305 3398 hoc
3332 3355 3549 3400 utrum-

1961 3443 2070 3499 que
2118 3431 2522 3499 perfectissime
2581 3434 2928 3501 moderaris,
2985 3436 3248 3490 nimirum
3315 3438 3541 3492 heroica

1960 3524 2125 3592 plane
2170 3525 2437 3594 praeditus
2489 3526 2692 3591 indole,
2740 3527 2937 3598 suique
2980 3528 3334 3584 formidinem
3366 3532 3545 3600 primo

1961 3613 2214 3681 protinus
2265 3627 2563 3684 conspectu
2604 3617 2819 3682 ciente,
2869 3619 2965 3673 sed
3000 3619 3146 3675 idem
3190 3623 3455 3678 comitate
3488 3631 3546 3678 et

1959 3705 2135 3769 gratia
2172 3706 2406 3761 refertos
2431 3708 2703 3764 exhibens
2744 3725 3096 3780 congressus.
3126 3712 3397 3768 Cancrum
3421 3732 3546 3786 qua:

272 3803 402 3863 τοὺς
438 3804 537 3868 μὲν
571 3800 988 3870 φιλανθρώπους
1016 3802 1359 3874 δικαιοσύνῃ,
1385 3803 1773 3876 φιλανθρωπίᾳ
1798 3804 1851 3858 δὲ

1960 3797 2070 3850 duo
2096 3799 2329 3852 antehac
2354 3799 2465 3866 vix,
2489 3816 2555 3854 ac
2582 3817 2653 3856 ne
2680 3803 2773 3857 vix
2795 3803 3039 3873 quidem,
3068 3806 3364 3861 convenire
3385 3824 3545 3878 posse

274 3894 401 3954 τοὺς
432 3893 694 3954 δικαίους
728 3894 762 3962 ἢ
787 3895 837 3945 εἰ
860 3892 1043 3959 βούλει
1066 3909 1152 3962 γε,
1189 3894 1574 3964 φιλανθρωπίᾳ
1605 3897 1708 3965 μὲν
1738 3897 1860 3964 φιλ-

276 3982 626 4054 ανθρώπους,
662 3985 740 4055 τῷ
779 3986 836 4037 δὲ
890 3986 1246 4056 παράδειγμα
1296 3987 1646 4058 δικαιοσύνης
1696 3990 1861 4053 αὐτὸς

274 4074 444 4143 εἷναι,
483 4079 609 4141 τοὺς
635 4078 845 4141 δεινοὺς
873 4080 968 4131 ἐπὶ
1000 4080 1199 4149 τούτῳ·
1223 4078 1270 4132 ὢ
1301 4080 1646 4148 συνδυασμοῦ
1672 4081 1861 4151 θαῦμα

278 4171 377 4223 καὶ
424 4168 583 4239 ζῆλον
627 4171 834 4223 ἆπασιν
887 4170 1128 4241 ἔχοντος,
1184 4174 1555 4243 προσήκοντος
1597 4172 1697 4242 μὲν
1754 4176 1862 4239 σοὶ,

277 4263 686 4325 λυσιτελοῦντος
716 4264 773 4316 δὲ
809 4266 1000 4318 πόλεσι
1026 4265 1039 4318 ι
1075 4265 1193 4320 Νῦν
1216 4266 1277 4318 οὐ
1310 4265 1549 4337 πένητας
1580 4259 1696 4320 ἔστι
1723 4269 1863 4339 πρὸς

280 4357 536 4427 εὐπόρων
581 4356 909 4421 κακοῦσθαι,
969 4358 1225 4427 καθάπερ
1274 4362 1332 4413 ὲν
1388 4361 1598 4414 πόλεων
1661 4360 1862 4416 ἁλώσει

280 4452 686 4521 καρπουμένων
727 4453 852 4514 τοὺς
897 4452 1207 4523 δυστυχεῖς⁹
1253 4454 1348 4507 καὶ
1376 4456 1447 4508 τά
1492 4454 1593 4523 μὲν
1642 4455 1862 4526 σφέτερ’

278 4538 465 4593 αὐτῶν
492 4541 715 4603 ἀτόποις
750 4541 1100 4608 ὲπαυξόντων
1131 4544 1502 4617 προσθήκαις,
1529 4546 1774 4610 ἐκείνους
1806 4547 1862 4600 δὲ

279 4632 474 4703 κλᾴειν
503 4636 925 4702 ἀναγκαζόντων
952 4638 1045 4689 καὶ
1075 4638 1453 4692 καθιστάντων
1484 4641 1733 4709 πενήτων
1761 4642 1863 4692 πέ-

279 4740 475 4793 νηταςο
511 4726 606 4778 νῦν
635 4729 972 4796 συκοφαντία
998 4729 1261 4794 καθάπαξ
1302 4731 1548 4784 ἐκποδὼν
1583 4732 1862 4801 ἀπελήλα-

222 4844 231 4851 -
277 4832 397 4868 ται·
427 4818 519 4869 καὶ
552 4821 784 4886 πένητες
816 4822 878 4873 οῦ
910 4821 1198 4889 ψεύδονται
1233 4826 1370 4894 πρὸς
1409 4825 1703 4894 εὐπόρους·
1742 4828 1862 4881 οὐδὲ

283 4909 423 4976 πρὸς
449 4911 541 4962 τὸν
570 4910 742 4981 ἔχονθ’
776 4915 804 4967 ὁ
835 4914 1030 4982 φθόνος
1057 4913 1219 4985 ἕρπει
1253 4918 1399 4969 κατὰ
1435 4919 1528 4972 τὸν
1570 4924 1734 4975 παῖδα
1766 4922 1864 4973 Σο-

282 5002 465 5068 φίλου·
494 5001 607 5054 ἀλλ’
643 5002 792 5056 ἐστιν
832 5005 1117 5075 ἑκατέροις
1152 5008 1286 5076 παρ’
1327 5011 1658 5081 ἀμφοτέρων
1693 5013 1730 5066 ἃ
1759 5015 1862 5081 δεῖ,

1964 3888 2311 3956 videbantur,
2360 3908 2425 3947 ea
2479 3903 2535 3946 tu
2596 3909 2740 3949 unus
2784 3894 3100 3950 mortalium
3147 3899 3228 3952 sic
3276 3899 3331 3952 in
3373 3915 3543 3952 unum

1964 3984 2299 4048 conduxisti,
2319 3994 2380 4038 ut
2408 3987 2646 4040 alterum
2671 3988 2829 4043 alteri
2853 3990 2991 4044 nihil
3022 3990 3271 4046 oﬂiceret
3304 4008 3317 4044 :
3348 4007 3546 4062 nempe

1965 4078 2132 4131 mites
2182 4093 2247 4132 ac
2279 4078 2554 4133 humanos
2577 4081 2796 4151 justitia
2832 4083 3032 4148 anteis,
3084 4084 3312 4139 leuitate
3339 4087 3545 4157 justos,

1965 4186 2061 4225 seu
2102 4173 2149 4226 si
2204 4173 2402 4238 mavis,
2436 4177 2593 4231 lenes
2656 4177 3016 4247 indulgentia,
3058 4179 3161 4234 hos
3211 4190 3419 4244 autem,
3450 4183 3544 4251 qui

1959 4265 2174 4335 justitia
2220 4268 2467 4336 insignes
2524 4268 2842 4335 habentur,
2891 4271 3034 4340 quod
3095 4273 3281 4342 ejusce
3326 4274 3548 4327 virtutis

1965 4360 2201 4428 ipsemet
2216 4360 2499 4430 exemplar
2515 4376 2576 4415 es
2596 4378 2609 4414 :
2630 4378 2663 4416 ο
2683 4363 3063 4417 admirabilem
3098 4366 3358 4419 onmibus
3381 4374 3549 4436 atque

1966 4453 2259 4522 gloriosam
2291 4455 2740 4524 conjunctionem
2769 4455 2782 4508 ι
2814 4471 2936 4524 quas
2959 4456 3037 4510 sic
3065 4467 3155 4510 tua
3185 4459 3409 4528 propria
3441 4471 3547 4524 est,

1968 4547 2117 4599 utin
2149 4546 2344 4615 primis
2375 4546 2657 4601 fructuosa
2705 4537 2779 4601 sit
2821 4546 3163 4616 reipublicae.
3207 4549 3329 4604 Non
3396 4552 3547 4605 enim

1967 4655 2116 4694 nunc
2146 4640 2381 4709 amplius
2409 4640 2722 4709 opprimere
2749 4642 2941 4713 inopes
2966 4657 3029 4694 ac
3062 4658 3257 4698 vexare
3280 4644 3550 4701 divitibus

1968 4731 2119 4796 licet,
2152 4730 2244 4801 qui
2282 4731 2510 4799 perinde
2574 4741 2631 4786 ut
2676 4733 2730 4786 in
2775 4733 3092 4804 captivitate
3155 4735 3376 4790 urbium
3428 4735 3547 4791 fieri

1966 4824 2128 4890 solet,
2158 4839 2223 4878 ex
2257 4826 2473 4878 miseris
2500 4827 2892 4895 compendium
2925 4836 3231 4897 captantes,
3269 4845 3398 4884 suas
3420 4831 3551 4901 qui-

1968 4919 2093 4971 dem
2125 4917 2315 4986 copias
2365 4918 2683 4986 ingentibus
2709 4920 3126 4977 accessionibus
3176 4925 3548 4995 adaugebant,

1968 5025 2244 5080 pauperes
2281 5021 2467 5066 autem
2505 5012 2573 5065 ad
2598 5012 2840 5068 lamenta
2869 5030 2930 5068 ac
2957 5015 3227 5087 lacrymas
3252 5018 3553 5088 compelle-

279 5094 395 5143 τῶν
436 5093 536 5160 μὲν
559 5095 619 5146 ὲν
652 5095 869 5163 πλούτῳ
895 5098 1034 5165 σφᾶς
1060 5099 1360 5153 ἐλεούντων
1399 5102 1490 5154 καὶ
1524 5107 1851 5175 συνευχομέ·

1970 5104 2123 5169 bant,
2147 5114 2311 5174 atque
2339 5104 2407 5159 de
2437 5107 2771 5175 pauperibus
2812 5111 3197 5178 pauperrimus
3247 5115 3552 5167 concinna-

278 5199 393 5235 νων
422 5183 539 5254 βίου
573 5185 883 5256 ῥᾳστώνηνσ
922 5188 1198 5243 αἰδοῦνται
1226 5191 1284 5244 δὲ
1312 5194 1436 5255 τοὺς
1467 5195 1650 5247 αὐτῶν
1678 5198 1862 5267 κρείτ-

277 5290 411 5337 τους
454 5278 503 5330 οἱ
551 5279 716 5355 πενίςι
769 5281 1063 5345 συζῶντεςο
1113 5284 1320 5338 δεδίασι
1354 5288 1462 5357 γὰρ
1515 5286 1684 5357 ἄμφω
1734 5292 1861 5355 τοῦς

277 5369 483 5437 νόμους
516 5368 611 5433 οὓς
638 5372 802 5436 αὐτὸς
842 5375 1101 5445 ἰσχυροὺς
1131 5379 1331 5440 ποιεῖς,
1356 5376 1677 5452 δικαιοσύνῃ
1718 5383 1857 5453 πρὸς

279 5463 467 5517 πάντα
496 5464 798 5535 χρώμενος.
825 5467 940 5520 Νῦν
972 5463 1112 5531 εἶδος
1139 5470 1461 5539 εὐεργεσίας
1483 5472 1717 5545 ἐξεφάνη
1745 5493 1865 5528 και-

280 5556 400 5623 νὸν,
427 5559 521 5613 καὶ
554 5559 762 5623 πάντας
807 5560 998 5623 ἁπλῶς
1031 5561 1093 5614 εῦ
1135 5567 1334 5626 ποιεῖς·
1365 5565 1489 5628 τοὺς
1525 5566 1625 5635 μὲν
1661 5568 1867 5632 ἐνδεεῖς

278 5652 354 5704 δι’
382 5653 513 5708 αὐτὶ
555 5652 734 5719 τοῦτο,
777 5657 905 5718 τοὺς
941 5654 987 5707 δ’
1017 5656 1161 5724 ἔχειν
1177 5655 1488 5721 δοκοῦντας,
1522 5660 1607 5712 ἵνα
1639 5661 1712 5733 μὴ
1754 5663 1862 5716 τῶν

278 5746 388 5801 οὐκ
417 5748 651 5816 ἐχόντων
674 5747 919 5814 γένωνται
971 5753 1110 5803 κατὰ
1132 5750 1260 5813 τοὺς
1282 5750 1489 5813 δεινοὺς
1516 5753 1624 5804 τῶν
1662 5753 1863 5822 κυϐερ-

609 5866 877 5925 ΡΑτιιοι.
912 5866 941 5924 f
966 5885 1030 5929 ιι.
1071 5868 1305 5929 CXLV.

1970 5199 2120 5255 bant.
2158 5197 2263 5252 Sed
2303 5208 2358 5251 ct
2388 5198 2882 5268 quadruplatorum
2916 5206 3299 5258 exterminata:
3323 5205 3548 5274 penitus

1971 5306 2121 5344 nunc
2156 5300 2285 5344 sunt
2320 5290 2643 5357 calumniae;
2690 5308 2870 5362 neque
2901 5294 3233 5349 defraudant
3267 5296 3553 5351 tenuiores

1968 5398 2065 5436 eos
2086 5384 2179 5451 qui
2205 5383 2598 5453 locupletiores
2653 5397 2805 5451 sunt,
2859 5403 3039 5456 neque
3091 5389 3236 5441 dirus
3273 5388 3551 5442 habentem

1971 5476 2279 5545 aggreditur
2319 5477 2474 5543 livor,
2510 5487 2571 5532 ut
2615 5478 2708 5532 ille
2743 5478 2957 5548 SOpbili
3000 5480 3186 5534 aiebat
3228 5480 3373 5533 filius
3426 5480 3554 5550 (So-

1972 5570 2422 5638 phocles-,At'avtv.
2454 5571 2599 5640 157),
2642 5571 2738 5627 sed
2771 5583 2959 5627 mutua
2989 5572 3146 5627 alteri
3169 5571 3359 5626 alteris
3375 5572 3550 5630 ofﬁcia

1973 5672 2237 5729 priestant
2265 5678 2279 5722 ς
2317 5668 2537 5732 quando
2568 5673 2622 5718 et
2651 5664 2834 5736 gravis
2881 5665 3081 5718 horum
3128 5665 3367 5720 fortuna:
3394 5665 3551 5721 locu-

1974 5758 2146 5824 pletes
2176 5756 2419 5823 miseret,
2471 5756 2887 5829 facilioremque
2925 5758 3051 5811 vita:
3098 5757 3365 5813 rationem
3416 5758 3551 5830 ipsis

3098 5876 3169 5936 13
