4018 6418
509 369 614 430 3.)5

1745 368 2141 430 Turonum
2186 366 2534 429 MONACIII
3384 350 3391 359 ’
3654 373 3748 432 2m

508 490 769 549 exoptant
808 526 814 535 .
846 492 900 537 et
942 483 993 537 bi
1027 500 1217 538 rursus
1255 484 1347 553 qui
1396 492 1650 552 cgcstite
1686 480 2087 545 conﬂictantur,

2203 477 2405 546 νητῶν,
2432 477 2482 529 οἳ
2512 474 2606 528 καὶ
2638 475 2877 545 γαλήνης
2916 475 3082 546 οὔτις
3124 474 3227 545 χριῖ
3243 494 3360 529 νταί
3390 480 3451 548 τῇ
3480 478 3648 550 τέχνης
3682 486 3746 551 μὴ

508 574 846 640 potentiores
895 577 1085 628 colunt
1157 589 1223 629 ac
1276 575 1615 637 observant,
1679 587 1877 641 nempe
1944 571 2094 641 lcgcs

509 667 729 734 utrique
752 677 1025 731 metuunt,
1061 667 1220 736 queis
1247 665 1357 720 vim
1390 682 1545 721 suam
1574 682 1639 719 ac
1671 665 1843 719 robur
1866 664 2094 728 astruis,

509 773 634 811 cum
669 758 1003 812 omnibusin
1039 760 1202 812 rebus
1225 759 1502 829 justitiam
1546 773 1762 812 servas.
1801 755 1943 809 Tum
1989 769 2085 809 no-

508 866 635 902 vum
673 848 947 919 quoddam
983 849 1365 903 beneﬁcentia:
1414 864 1564 903 nunc
1607 848 1864 918 apparuit
1898 862 2094 916 genus,

505 951 558 994 ct
594 951 648 994 tu
695 940 1021 1009 simpliciter
1071 940 1211 993 bene
1257 940 1325 993 de
1358 938 1638 995 universis
1684 938 1962 993 mereris:
2026 938 2096 992 de

509 1031 765 1099 inopibus
819 1031 1115 1094 videlicet,
1158 1030 1362 1098 impia:
1421 1030 1597 1098 ipsius
1648 1044 1836 1092 causa,
1896 1028 1964 1082 de
2025 1029 2096 1084 iis

504 1132 714 1186 autem,
746 1120 949 1190 quibus
978 1121 1300 1175 meliuscule
1320 1135 1440 1175 esse
1480 1122 1733 1195 videtur,
1771 1135 1840 1173 ne
1867 1130 1922 1171 et
1951 1118 2007 1172 bi
2041 1119 2094 1173 in

506 1213 651 1266 illam
684 1213 1181 1282 egentissimorum
1209 1211 1462 1266 recidant
1492 1211 1725 1265 classem
1764 1229 1778 1263 :
1814 1210 2096 1263 solet-tium

505 1320 636 1357 sane
665 1319 814 1357 more
842 1305 1303 1373 gubernatorum,
1329 1303 1424 1372 qui
1459 1318 1526 1356 ne
1560 1312 1672 1355 tum
1708 1302 1929 1371 quidem
1970 1317 2095 1355 cum

504 1395 703 1449 sudum
745 1412 808 1450 ac
837 1411 1096 1450 serenum
1137 1404 1254 1456 est,
1285 1396 1353 1449 ab
1390 1405 1509 1448 arte
1554 1409 1651 1448 sua
1687 1394 1988 1457 recedunt,
2027 1407 2097 1447 ne

504 1502 611 1556 qua
646 1486 789 1540 forte
840 1487 1045 1542 illisum
1106 1486 1361 1542 cautibus
1404 1486 1753 1555 dill‘ringatur
1796 1486 2092 1554 navigium.

2201 571 2522 641 περιῤῥαγῇ
2559 587 2662 622 που
2703 569 2763 621 τὸ
2801 569 3011 638 σκάφος
3050 570 3471 642 προσεγκύρσαν
3520 574 3746 629 σπιλάσι.

2201 664 2397 716 Καίτοι
2431 661 2591 714 τοῦτο
2640 662 2739 733 μὲν
2785 662 2833 715 εί
2862 662 2956 715 καὶ
3018 662 3208 733 μηδενὶ
3256 681 3343 717 πω
3373 663 3480 715 τῶν
3514 666 3749 718 ἁπάντων

2198 754 2567 824 εἰργασμένον
2598 753 2791 823 ἔχομεν
2818 753 3020 823 λέγειν,
3041 754 3151 806 οὐδ’
3171 753 3318 807 ἔστιν
3340 756 3417 816 είς
3442 756 3749 826 παράδειγμ’

2200 848 2539 913 ἀνενεγκεῖνο
2579 846 2740 915 μόνος
2790 846 2900 915 γὰρ
2936 846 3158 914 ἐξεῦρες
3189 846 3286 899 καὶ
3333 849 3491 916 μόνος
3518 847 3750 918 προῡφη-

2201 954 2319 1001 νας’
2348 938 2467 991 ἀλλ’
2489 933 2583 991 οὖν
2618 937 2834 991 ἔσονταί
2861 954 3008 1001 τινες
3043 937 3313 1003 ζηλωταίο
3343 946 3437 992 καὶ
3467 941 3754 1009 φιλονεική-

2202 1044 2286 1081 σει
2319 1025 2442 1080 ποτ’
2471 1026 2538 1079 ἂν
2572 1026 2702 1089 ἴσως
2737 1027 2765 1078 ό
2815 1026 3009 1097 χρόνος
3034 1026 3220 1080 δοῦναι
3246 1027 3314 1080 τὰ
3354 1028 3599 1098 δεύτερα·
3630 1031 3686 1082 τὸ
3714 1031 3754 1082 δ’

2206 1120 2351 1172 οὕτω
2402 1119 2501 1189 μὲν
2555 1121 2769 1189 χαίρειν
2810 1120 2872 1172 εὖ
2914 1122 3172 1172 ποιοῦντα
3203 1121 3327 1184 τοὺς
3368 1120 3553 1184 ἄλλους
3585 1121 3758 1189 ὥσπερ

2204 1213 2369 1266 αὑτὸν
2401 1212 2463 1266 εὖ
2492 1214 2725 1281 πάσχειν
2764 1212 3032 1280 νομίζειν,
3070 1210 3214 1265 οὕτω
3241 1212 3298 1264 δὲ
3326 1211 3604 1284 πρόθυμον
3631 1209 3760 1265 εἶναι,

2200 1306 2434 1369 διδόντα,
2459 1305 2534 1368 ὼς
2574 1305 2682 1357 οὐδ’
2714 1304 2781 1358 ἂν
2815 1300 2894 1366 εἷς
2938 1301 3093 1374 οἶμαι
3134 1304 3449 1374 λαμϐάνων,
3477 1308 3565 1358 καί
3590 1303 3763 1357 τοῦτον

2199 1398 2456 1469 ἡγεῖσθαι
2484 1397 2645 1467 μόνον
2671 1396 2911 1449 ’πλοῦτον
2944 1397 3039 1450 καὶ
3080 1397 3362 1466 μέγιστον,
3395 1397 3456 1449 τὸ
3492 1396 3761 1465 μετατιθέ-

2198 1508 2287 1543 ναι
2322 1493 2457 1559 πρὸς
2484 1487 2705 1557 ἐτέρους
2729 1489 2797 1539 τὰ
2816 1488 2970 1542 ὄντα*
3008 1489 3105 1542 καὶ
3129 1488 3354 1552 τούτους
3389 1489 3486 1558 μὲν
3515 1489 3647 1559 ὅπερ
3673 1491 3762 1541 αὒ-

505 1577 828 1643 Quanquam
853 1592 1007 1635 vero.
1042 1592 1071 1629 a
1108 1577 1261 1630 nullo
1285 1577 1413 1629 dum
1445 1577 1761 1629 mortalium
1789 1575 1930 1629 istuc
1961 1588 2087 1644 pra:-

2197 1584 2311 1648 τδς,
2343 1582 2508 1635 αὐτὸν
2537 1581 2595 1632 δὲ
2636 1582 2772 1651 ὅπερ
2818 1582 3015 1633 ἐκεῖνοι
3057 1582 3365 1650 γίγνεσθαι·
3392 1584 3499 1636 τόδ’
3545 1584 3648 1651 ἄρα
3677 1582 3760 1634 σὺν

505 1669 697 1723 stilum
732 1669 903 1723 fuisse
946 1668 1218 1723 aﬂirmare
1282 1668 1569 1729 habemus,
1628 1684 1727 1722 nec
1755 1668 1822 1721 ad
1870 1667 2094 1737 aliquod

507 1760 867 1813 referrelicct
899 1761 1264 1829 exemplum:
1309 1761 1460 1814 solus
1512 1770 1566 1812 tu
1611 1761 1757 1813 enim
1813 1760 2092 1829 reperisti,

504 1851 658 1905 solus
679 1852 953 1919 protulisti
992 1853 1044 1904 in
1078 1853 1257 1905 lucem
1293 1868 1307 1906 :
1334 1852 1602 1906 exsistent
1630 1860 1843 1912 tamen,
1869 1852 2091 1920 opinor,

504 1945 600 2013 qui
644 1945 777 1999 illud
816 1946 1253 2010 aemulabuntur,
1323 1946 1543 2015 eritque
1595 1945 1915 2009 fortassean,
1966 1960 2090 1999 cum

504 2037 613 2090 tuis
637 2036 789 2091 hisce
818 2038 1061 2092 secunda
1087 2047 1302 2106 tempus
1328 2037 1492 2091 cdere
1534 2037 1850 2092 conabitur.
1887 2037 2087 2089 Verum

500 2129 649 2181 enim
680 2144 811 2183 vero
841 2130 987 2198 quod
1030 2132 1104 2193 ita
1136 2131 1298 2199 plane
1323 2144 1448 2183 cum
1496 2130 1735 2199 benigne
1776 2128 1901 2183 aliis
1931 2127 2089 2190 facis,

503 2221 818 2287 delectaris,
847 2223 1023 2290 [quasi
1074 2221 1118 2275 si
1164 2223 1260 2275 tibi
1324 2222 1423 2290 ipsi
1477 2221 1609 2274 illud
1662 2220 1829 2274 tribui
1866 2235 2092 2275 censeas

504 2312 855 2375 beneficium,
886 2312 1031 2380 quod
1063 2311 1143 2366 sic
1174 2314 1304 2366 item
1331 2324 1620 2381 promptus
1640 2310 1705 2364 ad
1741 2310 2087 2379 largiendum

503 2418 587 2469 es,
622 2412 683 2457 ut
713 2403 804 2458 vix
834 2404 975 2458 alius
1008 2404 1171 2468 nllus,
1212 2403 1681 2469 quemadmodum
1716 2403 1979 2465 arbitror,
2016 2400 2085 2455 ad

503 2496 937 2564 accipiendum:
994 2507 1159 2566 atque
1213 2498 1312 2551 bas
1365 2513 1505 2551 unas
1556 2495 1932 2564 maximasque
1988 2495 2088 2549 tibi

502 2603 636 2656 opes
663 2603 788 2643 esse
816 2591 1035 2654 statuis,
1076 2590 1346 2660 quidquid
1394 2590 1586 2653 babes,
1611 2588 1680 2642 ad
1715 2589 1857 2642 alios
1907 2598 2089 2642 trans-

502 2680 667 2744 ferre,
699 2695 911 2749 eosqne
939 2681 1087 2749 quod
1131 2693 1248 2734 tute
1279 2691 1440 2735 antea
1486 2680 1697 2740 fueras,
1746 2688 1799 2734 te
1833 2680 1977 2748 quod
2008 2680 2085 2734 illi

501 2780 685 2834 erant,
742 2772 882 2837 fieri,
934 2771 1039 2827 hoc
1097 2776 1275 2841 ipsum
1334 2783 1486 2826 tuum
1537 2770 1787 2840 profecto
1814 2770 1986 2825 solius
2028 2778 2085 2824 ct

504 2864 789 2932 proprium
817 2872 922 2925 est.
949 2864 1003 2917 in
1035 2881 1145 2933 quo
1176 2865 1387 2918 nullum
1420 2878 1599 2933 neque
1623 2862 2085 2934 babuisti,neque

503 2970 746 3022 unquam
777 2954 1065 3009 habiturus
1097 2971 1182 3019 es,
1213 2957 1423 3009 sociuan
1463 2974 1477 3007 :
1518 2969 1659 3009 unus
1701 2962 1756 3006 tu
1805 2954 1978 3018 enim,
2022 2960 2085 3007 ut

504 3060 620 3100 rem
651 3045 825 3099 verbo
874 3045 1184 3106 absolvam.
1228 3046 1494 3100 adversus
1522 3047 1806 3115 graviores
1849 3046 2084 3101 fortuna:

2198 1670 2367 1725 αὐτοῦ
2402 1672 2568 1741 μόνου
2611 1672 2707 1724 καὶ
2744 1671 3002 1725 κοινωνὸν
3047 1673 3149 1725 οὐκ
3184 1672 3361 1745 ἔσχες,
3399 1673 3524 1727 οὔτε
3566 1676 3764 1744 μήποτε

2197 1764 2399 1832 κτήσῖγ
2442 1762 2605 1832 μόνος
2626 1763 2734 1831 γὰρ
2765 1762 2840 1823 ὠς
2874 1764 3050 1817 είπεῖν
3079 1764 3403 1833 διαγέγονας
3432 1766 3567 1835 πρὸς
3585 1766 3650 1817 τὰ
3674 1764 3763 1834 τῆς

2196 1854 2365 1925 τύχης
2426 1854 2806 1924 ἁμιλλώμενος
2833 1855 3005 1924 πάθη,
3042 1856 3139 1909 καὶ
3172 1856 3268 1927 τὴν
3305 1858 3589 1927 ἀνώμαλον
3629 1858 3765 1924 ἄγων

2197 1950 2275 2009 είς
2312 1950 2427 2001 ἴσον
2453 1949 2514 2001 τό
2549 1964 2612 2017 γε
2647 1952 2786 2000 κατὰ
2835 1949 3054 2001 σαυτόν·
3090 1950 3187 2002 καὶ
3233 1950 3343 2019 μὴν
3374 1950 3473 2004 τὰς
3510 1950 3767 2019 ὁσημέραι

2196 2038 2440 2105 συναφὰς
2464 2037 2788 2108 γαμηλίους,
2817 2040 2911 2090 καὶ
2941 2039 3193 2091 συσσίτια
3222 2042 3472 2109 πενήτων
3502 2040 3640 2108 ὑπὲρ
3666 2039 3754 2108 τὴν

2193 2131 2410 2200 χρείαν,
2438 2131 2533 2182 καὶ
2562 2129 2742 2199 χρεῶν
2772 2131 2989 2183 ἀτόπων
3024 2133 3336 2197 ἀποκοπὰς,
3365 2134 3461 2186 καὶ
3490 2131 3768 2201 δεσμωτῶν

2193 2219 2369 2283 λύσιν,
2399 2220 2493 2272 καὶ
2526 2220 2759 2291 είρκτῶν
2789 2221 3005 2288 ἄφεσιν,
3053 2223 3148 2274 καὶ
3187 2222 3289 2285 τὰς
3323 2225 3383 2274 ὲν
3422 2226 3536 2283 τοῖς
3567 2221 3768 2273 νοσοῦσι

2194 2311 2572 2382 παραμυθίας,
2597 2312 2693 2365 καὶ
2717 2315 2817 2378 τὴν
2839 2312 2951 2365 τῶν
2978 2314 3148 2380 ξένων
3176 2313 3451 2385 ὑποδοχὴν
3478 2314 3573 2367 καὶ
3597 2314 3772 2384 φιλαν-

2194 2405 2470 2473 θρωπίαν,
2496 2406 2592 2457 καὶ
2621 2405 2773 2458 πόλλ’
2803 2406 2990 2477 ἕτερα,
3030 2408 3127 2461 καὶ
3166 2409 3225 2459 τὸ
3262 2410 3525 2477 μέγιστον
3556 2409 3680 2468 τοὺς
3712 2406 3770 2457 ἐκ

2192 2493 2392 2547 πολλοῦ
2426 2494 2525 2563 μὲν
2558 2494 2718 2563 ίερῶς
2747 2496 3164 2559 στασιάζοντας,
3190 2496 3321 2566 ἄρτι
3352 2496 3411 2549 δὲ
3433 2497 3770 2553 νενευκότας,

2192 2585 2290 2639 καὶ
2313 2585 2803 2655 προσδοκωμένους
2825 2588 3022 2641 αὐτίκα
3052 2588 3195 2656 μάλα
3217 2591 3481 2657 τιμήσειν
3504 2588 3764 2656 ὁμόνοιαν·

2191 2676 2220 2729 ὃ
2241 2676 2382 2737 τίνος
2414 2675 2484 2727 ἂν
2518 2676 2758 2743 πρόσθεν
2784 2679 2928 2729 κατὰ
2957 2678 3187 2747 γνώμην
3217 2679 3429 2749 είσῄεις
3474 2680 3607 2749 ποίᾳ
3629 2675 3770 2728 ταῦτ’

2190 2769 2365 2821 ἔνεστι
2392 2767 2539 2837 ψυχῇ
2571 2768 2909 2836 παραὸαλεῖν
2942 2769 3301 2842 ἀνθρωπίνης
3340 2773 3407 2824 Ὠ
3427 2772 3506 2833 τίς
3529 2772 3648 2841 ᾄσει
3682 2769 3771 2837 μὲν

2188 2861 2388 2925 πάντα,
2418 2861 2542 2932 ᾄσει
2592 2862 2653 2915 δὲ
2692 2863 2813 2914 κατ’
2842 2862 3032 2929 ἀξίαν;
3073 2863 3139 2915 Ὢ
3170 2865 3255 2927 τίς
3284 2864 3533 2927 ἀκούσας
3567 2865 3663 2916 οὐκ
3692 2862 3773 2913 εἰ·

2187 2951 2284 3015 οὺς
2322 2953 2604 3005 ἀνίσταται
2632 2955 2695 3021 τῇ
2723 2953 2869 3021 ψυχῇ
2892 2991 2910 3018 ,
2942 2956 3035 3006 καὶ
3063 2953 3157 3005 τδν
3180 2956 3553 3024 είργασμένον
3587 2952 3771 3005 ἐθέλων

2187 3042 2328 3114 ὑπὲρ
2362 3045 2572 3107 πάντας
2609 3044 2919 3110 σεμνύνειν,
2958 3044 3347 3115 πληρούμενος
3390 3041 3770 3109 ἐνθουσιασμοῦ

502 3152 799 3203 aerumnas,
834 3138 887 3192 in
936 3140 1084 3192 omni
1133 3140 1247 3192 vita
1283 3140 1504 3207 egregie
1534 3140 1885 3209 depugnasti,
1917 3148 2085 3207 atque

2200 3133 2372 3201 σιγῶν
2398 3135 2656 3204 ἐμφαίνει
2694 3136 2756 3186 τὸ
2790 3134 3011 3204 θαῦμας
3061 3135 3203 3202 Ἐγὼ
3233 3136 3290 3188 δὲ
3345 3138 3444 3190 καὶ
3489 3137 3655 3190 τᾶλλα
3683 3135 3772 3200 μὲν

504 3231 825 3301 inaequalem
854 3232 1001 3285 illam
1030 3231 1212 3295 deam,
1238 3229 1421 3298 quoad
1452 3240 1694 3299 poteras,
1726 3231 1867 3285 ntad
1894 3246 2082 3300 aaquav

503 3323 711 3378 litatem
763 3322 1099 3387 reduceres,
1142 3336 1366 3391 operam
1404 3322 1628 3376 dedisti.
1678 3320 1883 3375 Adhmc
1917 3337 2085 3392 porro

499 3416 851 3483 qu0tidianas
898 3420 1032 3470 istas
1090 3423 1213 3468 tuas
1272 3414 1595 3469 collationes
1630 3415 1931 3484 epulasque
1981 3431 2086 3468 nu-

501 3507 735 3577 ptiales,
778 3518 845 3563 et
907 3507 1290 3570 lautiusculas,
1350 3522 1517 3576 quam
1568 3521 1666 3576 pro
1722 3507 2085 3573 necessitate,

498 3616 801 3671 pauperum
838 3598 1221 3663 invitationes,
1252 3610 1308 3654 et
1338 3599 1595 3654 immanis
1633 3599 1758 3654 aeris
1799 3601 1965 3654 alieni
1998 3601 2082 3654 al-

495 3693 827 3757 levamenta,
854 3702 913 3748 et
945 3693 1275 3749 solutionem
1307 3695 1618 3749 vinctorum
1666 3696 2080 3749 custodiarum-

498 3802 605 3855 que
656 3785 1000 3850 missionem,
1045 3795 1099 3840 et
1140 3802 1411 3855 aegrorum
1454 3785 1887 3851 consolationes,
1923 3796 1980 3839 et
2025 3787 2081 3838 in

499 3876 836 3945 recipiendis
877 3877 1193 3946 hospitibus
1226 3878 1625 3931 humanitatem
1651 3916 1668 3939 ,
1707 3885 1765 3929 et
1792 3876 2082 3945 complura

498 3968 552 4020 id
607 3983 779 4036 genus
808 3967 937 4031 alia,
987 3966 1227 4035 denique
1285 3966 1432 4036 quod
1486 3967 1569 4018 vel
1626 3964 1927 4017 maximum
1964 3974 2071 4026 est,

496 4061 702 4113 sanctis
759 4059 972 4129 jamdiu
1017 4058 1470 4113 contentionibus
1522 4056 1865 4120 distractos,
1929 4070 2077 4109 nunc

497 4160 681 4204 autem
723 4150 1003 4205 inclinatis
1053 4150 1273 4213 animis,
1309 4159 1369 4203 ut
1407 4161 1533 4216 spes
1588 4156 1721 4212 est,‘
1755 4147 2075 4216 propediem

2193 3225 2488 3295 δυστυχὴς,
2524 3225 2607 3277 ἑνὶ
2629 3224 2685 3277 δὲ
2712 3225 2945 3294 μάλιστα
2975 3226 3152 3296 τούτῳ
3167 3226 3254 3278 ὅτι
3282 3227 3394 3295 τῆς
3415 3228 3622 3281 τούτων
3650 3227 3774 3279 ἁπο-

2193 3317 2454 3387 λείπομαι
2504 3318 2654 3383 θέας,
2692 3320 2788 3371 καὶ
2821 3320 2921 3371 οὐκ
2949 3320 3213 3373 ἀπολαύω
3243 3321 3448 3391 παρὼν
3478 3321 3576 3391 τῆς
3610 3316 3772 3387 ἀρχῆς

2191 3411 2261 3462 τὰ
2294 3409 2612 3480 γιγνόμενα*
2642 3412 2676 3482 ἢ
2708 3412 2938 3475 σώζοιτο
2992 3412 3258 3466 ἐνιαυτῶν
3322 3415 3554 3484 συχναῖς
3600 3406 3775 3478 περιό-

2192 3501 2324 3567 δοις,
2367 3504 2447 3565 είς
2478 3502 2735 3573 τελευτὴν
2770 3502 2829 3555 εὖ
2860 3504 3010 3571 μάλα
3039 3505 3255 3570 παγίως
3285 3505 3409 3558 τῶν
3440 3505 3774 3575 πραγμάτων

2191 3594 2538 3664 χωρούντων
2576 3595 2804 3658 σώζοιτο
2827 3595 2884 3647 δὲ
2914 3594 3160 3665 βασιλεία
3180 3597 3251 3649 τὰ
3287 3600 3438 3666 μόνα
3464 3596 3564 3649 καὶ
3592 3593 3774 3667 πρῶτα

2191 3686 2458 3740 κάλλιστα
2483 3686 2579 3739 καὶ
2604 3688 2889 3756 πρέποντα
2905 3704 2970 3756 γε
2992 3688 3263 3759 ἀλλήλοις.
3295 3691 3421 3744 Καὶ
3441 3692 3654 3759 γένοιτο
3686 3685 3774 3752 μὲν

2184 3778 2331 3845 ὑμᾶς
2361 3779 2441 3838 είς
2465 3778 2528 3830 τὸ
2563 3780 2966 3848 Ἀργανθωνίου
2989 3784 3168 3850 γῆρας
3192 3782 3458 3853 ἀφῖχθαι,
3493 3780 3591 3834 καὶ
3619 3776 3671 3832 εί
3695 3790 3776 3836 τις

2184 3869 2343 3931 ἄλλος
2403 3870 2804 3939 ύπερὸεϐηκὼς
2860 3873 2947 3941 εἴη
3011 3875 3142 3936 τοὺς
3190 3876 3387 3943 ὄρους·
3444 3873 3683 3926 συνεῖναι
3719 3865 3771 3919 δὲ

2185 3959 2373 4027 μόνοις
2406 3960 2495 4013 ἀεὶ
2527 3964 2641 4024 τοῖς
2693 3963 2993 4032 βελτίστοις
3041 3965 3376 4019 ἑπιδιδοῦσιν
3422 3966 3553 4018 ὅσον
3601 3963 3770 4026 ἔξεστι

2183 4053 2455 4119 πλεῖστον,
2480 4053 2556 4116 ὡς
2585 4054 2653 4108 ἂν
2683 4059 2780 4108 καὶ
2818 4059 2933 4118 τοῖς
2981 4060 3434 4128 ἐπιγιγνομένοις
3468 4057 3556 4127 εἵη
3587 4053 3773 4123 πειρᾶ-

2180 4147 2305 4198 σθαι
2338 4149 2436 4215 τῆς
2463 4145 2595 4215 παρ’
2619 4148 2775 4215 ὑμῶν
2799 4149 3123 4219 εὐπραξίας.

498 4243 852 4299 concordiam
885 4241 1322 4311 culturos,un
1349 4243 1440 4295 cui
1475 4238 1558 4295 vel
1581 4240 1634 4293 in
1661 4247 1897 4294 mentem
1921 4252 2080 4295 antea
2120 4240 2385 4295 venerat?
2412 4241 2515 4297 cz}.
2562 4240 2700 4308 hac,
2737 4242 2982 4312 inquam,
3044 4244 3241 4298 aninue
3273 4230 3538 4299 humanae
3560 4251 3772 4307 compa-

495 4350 624 4391 rare
644 4336 729 4391 fas
762 4338 885 4393 est?
908 4336 954 4391 Ο
977 4336 1103 4406 quis
1130 4335 1247 4389 haec
1280 4332 1463 4386 omnia
1491 4330 1688 4386 canet?
1708 4342 1869 4386 canet
1898 4341 2081 4387 autem
2122 4347 2192 4386 ex
2220 4332 2455 4386 merito?
2510 4332 2555 4387 Ο
2581 4334 2707 4403 quis
2737 4334 2854 4389 bare
2892 4334 3121 4389 auribus
3183 4350 3469 4403 usurpans
3499 4349 3612 4391 non
3648 4346 3770 4402 pro-

496 4430 647 4485 tinus
692 4430 964 4485 excitatur
988 4428 1215 4494 animo;
1292 4433 1458 4493 atque
1500 4422 1631 4478 dum
1694 4432 1981 4479 auctorem
2050 4439 2161 4494 prae
2199 4423 2460 4479 omnibus
2511 4424 2788 4479 laudando
2842 4427 3106 4482 extollere
3159 4438 3439 4494 conatur,
3496 4443 3610 4482 non
3653 4437 3772 4479 mox

495 4525 645 4579 velut
697 4524 925 4577 numine
972 4519 1212 4591 quodam
1259 4518 1597 4580 instinctus,
1646 4516 2084 4573 obmutescendo
2151 4516 2389 4587 prodigii
2436 4517 2605 4584 hujus
2686 4520 3121 4588 magnitudinem
3175 4520 3463 4577 declarat?
3506 4521 3593 4576 Me
3645 4528 3771 4571 vero

496 4632 623 4672 cum
650 4619 705 4671 in
743 4615 957 4671 czrteris
993 4612 1295 4680 infelicem,
1324 4622 1439 4666 tum
1482 4612 1539 4665 in
1574 4611 1678 4666 hoc
1706 4626 1819 4666 uno
1874 4610 2203 4681 praesertim,
2268 4610 2413 4680 quod
2481 4612 2551 4667 ab
2620 4626 2851 4682 operum
2901 4614 3131 4668 istorum
3180 4613 3381 4670 absum
3422 4611 3768 4685 spectaculo:
3806 4680 3813 4685 η

495 4727 597 4766 nec
627 4725 891 4781 praesens,
911 4722 1075 4776 quem
1112 4720 1209 4775 par
1233 4714 1370 4770 erat,
1399 4707 1468 4761 de
1494 4720 1649 4760 sacra
1677 4705 1781 4759 ista
1806 4704 2076 4773 dignitate
2118 4713 2235 4768 tua,
2266 4705 2427 4775 capio
2486 4705 2752 4761 fructum.
2819 4706 2996 4773 Quam
3029 4708 3191 4778 longo
3213 4723 3498 4763 annorum
3539 4705 3768 4762 circuitu
3805 4724 3823 4785 γ

494 4817 700 4864 sartum
737 4815 937 4860 tectam
968 4804 1067 4856 tibi
1123 4815 1346 4856 manere
1376 4801 1631 4871 discupio
1662 4817 1675 4855 :
1702 4801 1870 4854 rebus
1917 4800 2177 4854 omnibus
2234 4800 2303 4854 ad
2368 4799 2535 4854 tinem
2594 4816 2770 4870 usque
2796 4802 2923 4857 vita:
2963 4817 3231 4872 prospero
3263 4814 3321 4857 et
3381 4802 3664 4858 constanti
3691 4813 3770 4853 te-

496 4918 632 4958 nore
661 4898 1110 4970 procedentibus.
1156 4896 1316 4951 Salva
1365 4896 1495 4949 item
1548 4906 1606 4950 et
1671 4894 1966 4949 incolumis
2013 4894 2368 4964 imperatoria
2404 4894 2660 4965 maiestas
2683 4895 2754 4949 sit
2819 4903 2983 4966 opto;
3051 4910 3175 4964 qua:
3221 4909 3313 4948 res
3383 4895 3514 4949 dna:
3557 4894 3687 4949 solae
3717 4896 3770 4944 et

497 4995 690 5065 prim-.e
719 4988 1101 5056 pulcherrim
1127 5003 1259 5043 sane
1291 4995 1456 5052 sunt,
1492 4996 1550 5042 et
1577 4988 1786 5057 optime
1855 4987 2000 5041 inter
2043 5002 2102 5042 se
2142 4986 2500 5041 conveniunt.
2544 4987 2654 5042 Vos
2718 4999 2900 5043 autem
2948 4988 3058 5041 fata
3091 4988 3158 5041 ad
3188 4988 3588 5057 Arganthonii,
3620 4997 3675 5041 et
3723 4984 3767 5037 si

496 5088 624 5157 quis
666 5084 808 5139 alius
843 5084 987 5138 ultra
1034 5096 1358 5139 communes
1420 5082 1522 5135 arvi
1575 5083 1845 5136 terminos
1890 5088 2115 5134 evectus
2181 5086 2287 5142 est,
2331 5089 2631 5144 senectam,
2670 5080 2859 5134 venire
2900 5080 3122 5146 sinant,
3174 5089 3344 5150 atque
3410 5082 3465 5134 in
3512 5077 3768 5136 secundis

497 5193 769 5258 perpetuo
801 5185 986 5248 rebus,
1018 5193 1074 5239 et
1106 5183 1216 5249 his,
1249 5190 1513 5253 quantum
1547 5179 1663 5235 fieri
1696 5191 1880 5250 potest
1931 5179 2230 5232 maximum
2299 5178 2519 5232 assidue
2577 5177 2923 5247 capientibus
2978 5178 3413 5245 incrementum,
3450 5180 3683 5241 versari,
3710 5184 3765 5229 ut

498 5279 896 5352 poszeri'etiam
946 5279 1198 5335 traditam
1233 5294 1263 5334 a
1297 5279 1456 5335 vobis
1483 5287 1954 5351 propagatamque
1979 5275 2335 5344 experiantur
2392 5275 2737 5330 felicitatem.
