4018 6416
301 344 411 413 δεῖ
1443 348 1837 411 LAUDATIO
1874 349 2103 410 REGIS
2142 349 2358 410 CYPRI

3468 351 3573 417 398

1415 665 1769 801 ΤΟΥ
1864 664 2448 819 ΑΥΤΟΥ

1112 910 1289 998 ΕΙΣ
1343 911 1574 997 TON
1621 911 1911 996 ΡΗΓΑ
1982 911 2201 999 ΤΗΣ
2261 912 2760 1002 ΚΥΠΡΟΥ.

1617 1271 2255 1388 EJUSDEM

1173 1508 1792 1601 LAUDATIO
1875 1512 2244 1604 REGIS~
2289 1512 2691 1604 CYPRI.

372 1819 816 1893 Δ¹.’Υψηλότατε,
850 1822 1185 1891 ἐνδοξότατε,
1220 1825 1601 1895 εύγενέστατε,
1632 1828 1881 1901 λαμπρό-
1907 1844 1926 1894 Α

2055 1832 2095 1886 l.
2124 1830 2441 1887 Celsissime
2462 1870 2476 1894 ,
2512 1828 2906 1902 gloriosissime
2926 1868 2942 1895 ,
2979 1830 3423 1901 generosissime,
3451 1825 3579 1882 illu-

298 1934 427 1971 τατε
455 1956 472 1981 ,
508 1917 651 1987 μέγα
683 1917 785 1988 ρὴξ
822 1919 923 1988 τῆς
974 1917 1225 1990 Κύπρου.
1261 1922 1323 1976 Oi
1373 1921 1617 1977 πλεῖστοι
1646 1923 1755 1978 τῶν
1798 1925 1879 1987 εἰς

296 2010 397 2079 τὴν
424 2008 789 2079 μεγαλόπολιν
818 2010 1048 2081 ταυτηνὶ
1076 2013 1472 2085 καταιρόντων,
1505 2016 1727 2070 ἐπειδὰν
1748 2016 1879 2070 πολι

297 2101 393 2164 λάς
442 2100 780 2171 ἀμείψαντες
815 2102 999 2172 χώρας
1042 2104 1138 2157 καὶ
1172 2104 1362 2169 πόλεις
1409 2106 1502 2159 καὶ
1535 2107 1730 2177 νήσους
1785 2108 1883 2161 καὶ

298 2192 581 2264 ἠπείρους,
606 2195 913 2265 διηγεῖσθαι
939 2196 1039 2262 τὰς
1068 2198 1282 2253 ἑαυτῶν
1307 2200 1593 2271 περιόδους
1621 2200 1881 2256 ἐθέλωσιν

294 2281 377 2349 οἷς
432 2284 499 2340 ἂν
536 2286 912 2360 ἐντυγχάνωσι
957 2291 1174 2362 νύκτωρ
1212 2294 1308 2347 καὶ
1343 2292 1466 2364 μεθ’
1496 2295 1735 2368 ἡμέραν,
1782 2298 1882 2350 καὶ

296 2379 523 2453 μάλισθ’
548 2381 739 2434 ὁπόσοι
761 2382 1012 2451 γλῶτταν
1034 2383 1235 2455 ἐχωσιν
1256 2387 1535 2457 ἀρκοῦσαν
1568 2392 1634 2444 ἐκ
1664 2388 1883 2460 φύσεως

294 2469 640 2540 ἐξαγγέλλειν
663 2472 731 2526 τὰ
757 2473 858 2544 τῆς
876 2474 1123 2547 διανοίας
1139 2478 1451 2551 ἀπόρρητα,
1487 2480 1731 2550 βελτίους
1755 2483 1884 2536 ἐαυ-

295 2563 407 2615 τῶν
441 2564 681 2631 γίνονται
733 2566 959 2636 μᾶλλον,
1000 2569 1131 2622 ὅταν
1181 2571 1263 2634 είς
1292 2573 1413 2636 τοὺς
1446 2574 1574 2637 σοὺς
1622 2573 1885 2638 ἐπαίνους

293 2657 527 2720 ἑαυτοὺς
557 2657 897 2726 ἀπολύσωσι,
935 2661 1032 2714 καὶ
1065 2663 1166 2726 τὰς
1197 2663 1361 2733 ἡνίας
1388 2667 1488 2735 τῆς
1521 2665 1771 2736 γλώττης
1799 2668 1885 2720 ἐνο

292 2749 464 2802 δῶσιο
519 2750 758 2804 κᾶπειτα
815 2753 1165 2823 ἐρωτώμενοι
1219 2755 1360 2827 πρὸς
1396 2756 1509 2810 τῶν
1550 2758 1881 2826 ἀκουόντων,

296 2838 419 2902 πῶς
465 2838 629 2909 φύσει
679 2841 1077 2912 φιλοθεάμονες
1110 2843 1473 2916 ὑπάρχοντες,
1507 2852 1603 2900 καὶ
1650 2847 1885 2913 πολλοὺς

296 2932 673 3002 διεληλυθότες
719 2936 939 2999 τόπους,
972 2936 1067 2988 καὶ
1118 2937 1329 2991 πολλῶν
1361 2939 1670 3011 ἀνθρώπων
1714 2940 1886 2998 ἄστεα

296 3024 396 3076 καὶ
422 3024 540 3078 νόον
562 3026 883 3095 ἐγνωκότες,
914 3027 1014 3098 τὴν
1040 3027 1142 3098 τῆς
1165 3028 1395 3100 Κύπρου
1427 3030 1632 3102 μᾶλλον
1654 3033 1887 3104 ὑμνοῦσι
1910 3084 1915 3089 .

304 3118 601 3182 πολιτείαν,
624 3123 717 3173 καὶ
740 3121 838 3191 τὴν
856 3121 1202 3193 δικαιοσύνην
1222 3122 1317 3195 τὴν
1344 3125 1462 3194 σὴν,
1477 3126 1573 3179 καὶ
1591 3127 1691 3179 ὃσα
1723 3128 1888 3181 πλου-

1982 1919 2275 1983 strissime,
2292 1934 2485 1991 magne
2506 1934 2600 1973 rex
2618 1917 2804 1991 Cypri.
2823 1915 3076 1988 Plerique
3093 1931 3283 1973 eorum
3301 1918 3397 1986 qui
3423 1929 3580 1985 perc-

1981 2028 2078 2084 gre
2111 2013 2180 2069 ad
2211 2029 2462 2087 magnam
2487 2012 2630 2069 hanc
2654 2012 2847 2068 urbem
2875 2010 3454 2082 (Constantinopolim)
3481 2024 3579 2080 ap-

1982 2108 2216 2179 pellunt,
2252 2117 2540 2178 postquam
2580 2106 2767 2162 multis
2824 2105 3130 2178 peragratis
3153 2104 3492 2175 regionibus,
3522 2110 3579 2158 ct

1980 2201 2221 2272 oppidis,
2259 2210 2317 2256 et
2344 2201 2561 2266 insulis,
2589 2210 2643 2256 et
2678 2199 2999 2271 provinciis,
3024 2198 3223 2253 itinera
3258 2213 3357 2253 sua
3386 2196 3455 2252 iis
3478 2196 3575 2268 qui

1984 2306 2151 2352 noctu
2184 2306 2281 2352 aut
2304 2296 2542 2353 interdiu
2583 2294 2727 2352 obvii
2761 2296 2905 2351 forte
2949 2292 3175 2359 fuerint,
3197 2306 3455 2349 enarrare
3491 2306 3581 2345 vo.

1983 2391 2142 2446 lunt:
2167 2399 2223 2445 et
2253 2389 2328 2445 il'li
2363 2390 2416 2444 in
2454 2389 2672 2461 primis,
2700 2390 2794 2461 qui
2825 2389 2892 2449 ad
2924 2386 3262 2446 enuntianda
3294 2384 3580 2442 recondita

1986 2482 2157 2541 animi
2183 2496 2368 2547 sensa,
2415 2482 2548 2538 satis
2597 2481 2920 2539 instructam
2976 2496 3008 2537 a
3066 2488 3262 2536 natura
3318 2489 3589 2548 accepere

1984 2576 2253 2647 linguam,
2289 2585 2402 2631 tum
2438 2575 2583 2630 haud
2613 2575 2776 2646 paulo
2839 2590 2975 2631 sane
3023 2573 3283 2629 meliores
3317 2571 3577 2645 semetipc

1985 2668 2064 2725 sis
2088 2668 2226 2723 ﬁunt
2249 2679 2522 2733 oratores,
2554 2685 2679 2723 cum
2703 2669 2756 2723 in
2788 2676 2911 2722 tuas
2932 2682 3053 2723 sese
3082 2666 3277 2721 laudes
3335 2665 3579 2725 solvunt.

1987 2760 2301 2833 lingmeque
2351 2762 2533 2819 laxant
2566 2762 2833 2820 habenas.
2899 2761 3023 2816 Mox
3053 2776 3186 2815 vero
3237 2759 3306 2813 ab
3356 2758 3580 2812 audito-

1986 2854 2142 2909 ribus
2169 2854 2515 2927 interrogati,
2547 2854 2643 2926 qui
2703 2855 2818 2918 liat,
2854 2863 2912 2909 ut
2960 2854 3213 2908 homines
3252 2860 3450 2905 natura
3501 2849 3585 2903 vi-

1986 2947 2147 3004 sendi
2183 2948 2442 3010 studiosi.
2470 2956 2527 3004 et
2560 2958 2638 3003 tot
2709 2946 2994 3019 pervagati
3033 2947 3175 3009 loca,
3210 2953 3265 2999 et
3303 2944 3399 3015 qui
3441 2941 3583 2996 Mul-

1986 3048 2166 3095 torum
2186 3056 2375 3095 novere
2390 3041 2647 3111 urbesque
2675 3042 2987 3111 animosque
3015 3040 3251 3094 virorum
3283 3037 3412 3109 (06.
3438 3034 3578 3106 A',3)

1992 3132 2397 3203 rempublicam
2459 3134 2734 3206 Cypriam,
2813 3140 3074 3202 tuamque
3161 3129 3455 3201 justitiam,
3514 3138 3585 3185 et

297 3213 414 3273 τείς
446 3212 644 3281 ἀγαθὰ,
680 3215 856 3268 ἐκεῖνο
880 3216 948 3285 δὴ
978 3216 1039 3269 τὸ
1062 3218 1169 3287 ’τῆς
1216 3218 1657 3292 Ἀριστοτελικῆς
1692 3223 1887 3293 σοφίας
1918 3196 1926 3252 ί

1989 3195 2408 3297 quae-praeterea
2441 3195 2681 3297 plurima
2721 3195 2827 3280 tibi
2900 3195 3106 3280 adsunt
3160 3195 3325 3289 bona,
3361 3222 3586 3293 potissi-

295 3303 635 3374 ἀπόφθεγμα
653 3307 1026 3376 μιμησάμενοι
1050 3309 1447 3381 ἀποκρίνονται
1472 3328 1486 3343 ο
1518 3313 1595 3377 ὡς
1610 3315 1718 3385 γὰρ
1742 3317 1886 3369 ἐκεῖ·

298 3412 393 3457 νος
426 3397 724 3467 ἐρωτηθεὶς
747 3399 1021 3463 διατίτοίς
1069 3401 1259 3466 καλοῖς
1294 3404 1633 3478 μακρότερον
1660 3406 1886 3476 ὁμιλοῦ-

294 3504 426 3557 μεν,
454 3489 658 3560 τυφλοῦ
683 3492 745 3543 τὸ
766 3491 1032 3564 ἐρώτημα
1060 3492 1202 3548 εἶναι
1229 3496 1587 3568 ἀπεκρίνατο,
1616 3498 1761 3552 οὕτω
1789 3500 1886 3555 καὶ

288 3576 450 3637 οὗτοι
482 3583 616 3652 παρ’
641 3584 987 3656 ὀτωνδήποτε
1015 3586 1366 3658 ἐρωτώμενοι
1394 3589 1536 3643 διατί
1562 3594 1673 3654 τοῖς
1702 3593 1883 3660 ἐγκω-

296 3675 445 3744 μίοις
474 3675 736 3729 ἑπιπλέον
769 3679 882 3740 τοῖς
927 3681 1042 3742 σοῖς
1089 3679 1514 3750 ἐνδιατρίϐουσι,
1550 3682 1643 3735 καὶ
1682 3682 1887 3751 γλυκύ-

292 3785 460 3838 τητος
486 3769 658 3840 γέμον
688 3770 952 3842 ἡγοῦνται
977 3774 1304 3846 ἐντρύφημα
1329 3773 1397 3827 τὰ
1429 3776 1497 3828 σὰ
1526 3774 1845 3847 διηγήματα
1864 3818 1880 3843 ,

289 3859 482 3931 κωφοῦ
520 3879 685 3933 φασιν
706 3859 934 3920 εἶναιτὸ
974 3865 1259 3938 ἐρώτημα.
1292 3869 1414 3922 Τῶν
1455 3871 1565 3940 γὰρ
1598 3870 1879 3937 τοιούτων,

290 3953 373 4017 ὡς
408 3956 645 4027 εἴρηται,
677 3956 941 4020 πολλάκις
970 3959 1346 4031 διηγουμένων
1379 3964 1448 4016 τὰ
1478 3964 1747 4033 κράτιστα
1775 3965 1885 4017 τῶν

293 4044 406 4097 σῶν
459 4046 716 4114 ἀγαθῶν,
770 4049 864 4102 καὶ
928 4050 1149 4105 πάντων
1209 4053 1517 4107 ἀκουόντων
1594 4057 1691 4109 καὶ
1749 4054 1881 4108 θαυ-

299 4137 602 4207 μαζόντων,
626 4138 821 4204 ·”Οστις
858 4141 1092 4212 ἀνήκοος
1130 4141 1340 4213 ἔμεινε,
1393 4146 1550 4213 φασὶ.
1591 4145 1773 4216 κωφὸς
1819 4147 1887 4203 ἂν

294 4230 387 4299 εἴη
415 4233 632 4295 πάντως
655 4232 715 4297 ἐξ
743 4232 913 4303 αὐτῆς
936 4234 1033 4304 τῆς
1049 4235 1340 4303 γενέσεως,
1372 4237 1591 4307 καὶτῆς
1614 4238 1886 4308 βελτίονος

297 4323 619 4395 λειπόμενος
643 4324 752 4378 τῶν
768 4326 1080 4397 αἰσθήσεων
1107 4345 1120 4358 ·
1151 4329 1366 4383 πολλῶν
1390 4330 1498 4401 γὰρ
1513 4331 1773 4400 πελαγῶν
1792 4333 1888 4387 καὶ

291 4415 585 4471 θαλασσῶν
618 4417 815 4484 οὐσῶν,
850 4420 1044 4473 ὁπόσαι
1081 4421 1280 4492 νήσους
1309 4421 1493 4492 ἔχουσι
1531 4421 1797 4492 μεγίστας
1825 4441 1886 4478 τε

1956 4331 2275 4386 μοιηηίὺυε
2365 4331 2726 4388 audientibus
2821 4332 3396 4402 admirantibusque,

1987 3333 2138 3373 mum
2167 3318 2221 3374 in
2261 3319 2463 3375 ccelum
2514 3320 2716 3384 ferant,
2749 3317 2816 3373 ad
2850 3317 3069 3372 celebre
3120 3314 3257 3371 illud
3308 3315 3585 3371 Aristote-

1986 3408 2108 3464 licas
2124 3409 2408 3479 sapientiae
2433 3409 2744 3466 alludentes
2760 3408 2969 3465 dictum
2991 3408 3348 3479 respondent.
3373 3405 3585 3477 Quippe

1988 3512 2050 3558 ut
2087 3502 2205 3569 ille,
2223 3517 2350 3565 cum
2380 3501 2449 3556 ab
2482 3500 2603 3572 ipso
2629 3501 2929 3572 aliquando
2981 3510 3348 3571 quaereretur,
3414 3513 3586 3571 quare

1984 3595 2188 3651 diutius
2202 3611 2322 3650 cum
2348 3594 2587 3666 pulchris
2610 3611 2891 3651 versamur
2905 3596 3065 3651 Muci
3081 3612 3200 3649 eam
3230 3610 3339 3648 esse
3358 3595 3585 3647 interro-

1984 3691 2249 3760 gationem
2275 3688 2498 3744 dicebat.
2534 3688 2715 3756 (Diog.
2749 3687 2933 3745 Laert.
2970 3706 3023 3742 ν.
3064 3686 3181 3758 ΞΟ.)
3213 3688 3294 3742 Ad
3324 3687 3581 3742 eumdem

1987 3787 2046 3833 et
2073 3777 2129 3833 hi
2155 3775 2692 3847 modum,rogitante
2731 3775 2870 3831 forte
2907 3775 3326 3846 quopiam,quid
3360 3775 3433 3829 Ita
3465 3777 3587 3829 lon-

1987 3870 2109 3941 gius
2140 3869 2251 3926 tuis
2273 3870 2641 3925 immorantur
2677 3870 2933 3926 laudibus
2954 3910 2967 3934 ,
2996 3870 3231 3940 illosque
3262 3870 3330 3922 de
3358 3868 3468 3923 tuis
3502 3883 3588 3923 re-

1988 3963 2090 4018 bus
2117 3976 2405 4017 sermones
2435 3976 2535 4032 pro
2566 3960 2889 4018 dulcissimo
2917 3961 3322 4017 oblectamento
3351 3960 3587 4016 habent?

1987 4055 2142 4112 surdi
2182 4059 2464 4127 propriam
2488 4056 2648 4113 aiunt
2677 4070 2801 4113 esse
2828 4057 3224 4126 quaestionem;
3270 4056 3584 4127 huiusmodi

1986 4147 2137 4202 enim
2169 4146 2512 4215 hominibus,
2543 4157 2605 4203 ut
2625 4148 2889 4215 diximus,
2944 4165 3085 4221 pene
3114 4149 3362 4221 quotidie
3381 4148 3447 4204 de
3479 4150 3590 4205 tuis

1993 4240 2153 4295 bonis
2176 4240 2385 4310 optima
2415 4255 2648 4311 quaeque
2696 4241 3283 4305 commemorantibus,
3355 4243 3590 4312 aliisque

3492 4333 3589 4402 qui

1998 4422 2151 4477 solus
2185 4422 2373 4477 talium
2430 4422 2811 4477 narrationum
2875 4438 3076 4493 expers
3159 4423 3379 4487 mansit,
3440 4421 3592 4478 hunc

295 4511 395 4563 καὶ
422 4510 736 4581 ἐλαχίστας,
762 4515 857 4566 καὶ
897 4515 1093 4569 ὁπόσαι
1141 4516 1319 4585 μέσην
1365 4515 1523 4586 ἔσχον
1568 4516 1745 4581 θέσιν,
1776 4516 1893 4571 οὔτ’
1924 4554 1926 4576 ι

1999 4514 2148 4569 haud
2175 4513 2343 4569 dubie
2366 4529 2434 4568 ex
2455 4523 2581 4568 ortu
2610 4514 2731 4583 ipso
2759 4511 2988 4569 surdum
3035 4526 3414 4583 sensuumque
3449 4526 3590 4581 pne-

295 4606 362 4657 ἐκ
389 4604 491 4674 τῆς
541 4607 791 4677 Ἰνδικῆς,
826 4607 939 4661 οὔτ’
976 4611 1041 4661 ἐκ
1074 4609 1171 4680 τῆς
1206 4609 1313 4673 ἔξω
1343 4607 1473 4689 τῶν,
1494 4609 1894 4678 Ἀτλαντίδων,

296 4695 413 4750 οὔτ’
452 4699 517 4751 ἐκ
545 4698 643 4768 τῆς
673 4700 855 4767 ἐντὸς,
894 4700 991 4753 καὶ
1024 4701 1159 4772 ὅσην
1201 4700 1518 4772 Ἡράκλειοι
1547 4701 1739 4772 στῆλαι
1773 4694 1891 4774 ὀρί-

298 4787 478 4850 ζουσι,
528 4791 689 4860 φήμη
743 4808 826 4854 τις
874 4793 1007 4863 ἡμῖν
1055 4793 1289 4860 ἀφίκετο
1322 4793 1479 4858 κλέος
1511 4794 1894 4864 ἐπιφερομένη

298 4880 541 4935 τοιοῦτον
564 4922 580 4944 ,
615 4882 809 4952 ἡλίκον
856 4885 952 4938 καὶ
1005 4880 1119 4938 οἷον
1146 4886 1180 4955 ή
1208 4886 1439 4956 Κύπρος
1487 4886 1520 4956 ἡ
1564 4888 1665 4958 σήο
1704 4886 1821 4941 οὗθ’
1856 4892 1889 4960 ή

298 4973 491 5045 Χρυσῆ
521 4975 793 5049 λεγομένη
825 4977 1175 5050 Χερρόνησος
1196 5022 1210 5043 ,
1249 4979 1361 5033 οὔθ’
1403 4981 1435 5051 ή
1469 4981 1581 5034 τῶν
1610 4983 1895 5053 ἀρκτικῶν

300 5066 399 5134 τῆς
440 5068 770 5140 οἰκουμένης
825 5072 1223 5143 προκαθημένη
1268 5074 1455 5144 μερῶν
1512 5074 1712 5146 Θούλη,
1767 5074 1891 5129 οὔτε

298 5160 406 5216 τῶν
439 5161 791 5233 Βρετανικῶν
839 5164 1100 5232 ούδεμίω
1142 5164 1231 5219 ναὶ
1272 5167 1404 5238 μὴν,
1460 5167 1584 5221 οὐδέ
1633 5168 1743 5222 τῶν
1779 5170 1894 5223 ὅσοι

298 5252 436 5320 πρὸς
488 5254 839 5325 μεσημϐρίαν
873 5257 970 5309 καὶ
1023 5255 1177 5310 νότον
1207 5256 1413 5328 ἄνεμον
1447 5258 1693 5312 οἰκοῦσιν
1739 5259 1893 5313 Ἰνδοὶ

299 5349 394 5399 καὶ
446 5347 724 5414 Αἰθίοπες,
780 5349 1072 5420 θαυμαστὴ
1118 5350 1181 5405 τό
1229 5350 1459 5423 μέγεθος
1490 5343 1888 5424 Ὓαπροὸάνηο

298 5439 416 5492 ἀλλ’
454 5441 564 5495 οὐδ’
593 5444 625 5513 ή
662 5441 891 5513 πλησίον
935 5444 1031 5497 καὶ
1055 5443 1256 5513 γείτων
1296 5447 1408 5510 τοῖς
1435 5445 1546 5499 τῶν
1603 5446 1891 5517 Ὑρκανῶν

297 5533 477 5587 ἔθνεσι
512 5535 741 5589 Κασπία
765 5551 779 5566 ο
815 5534 931 5589 οὐδ’
958 5535 1061 5606 ὅση
1093 5537 1158 5589 ἐκ
1189 5536 1464 5609 Γαδείρων
1495 5554 1555 5591 τε
1587 5543 1680 5591 καὶ
1720 5538 1891 5607 Ἠρα-

299 5623 497 5678 κλείων
519 5627 800 5698 ἀρχομένη
830 5627 1044 5699 στηλῶν
1066 5629 1245 5683 ἄνεισι
1278 5629 1380 5700 μὲν
1397 5631 1527 5701 ἄχρι
1558 5632 1653 5684 καὶ
1689 5632 1745 5695 ἐς
1763 5632 1892 5694 τοὺς

296 5716 690 5790 ὖπερῦορείους
711 5719 940 5788 ἔγγιστα
973 5720 1211 5785 Σκύθας,
1245 5723 1586 5792 περατοῦται
1617 5722 1662 5775 δ’
1689 5725 1747 5785 ἐς
1776 5724 1888 5776 K0-

297 5825 434 5882 προν
464 5811 566 5884 τήν
615 5814 717 5884 σήν
746 5829 759 5843 ·
793 5811 826 5883 ἢ
871 5812 1075 5883 μᾶλλον
1115 5813 1345 5887 ἄρχεται
1391 5816 1493 5888 μὲν
1535 5818 1596 5870 ἐκ
1638 5815 1888 5887 Κύπρνυ,

1993 4604 2336 4662 stantissimo
2358 4603 2613 4659 orbatum
2657 4602 2829 4659 fuisse
2858 4603 3134 4659 dictitant.
3156 4603 3296 4659 Cum
3353 4604 3590 4674 plurima

1992 4697 2142 4751 enim
2194 4694 2398 4767 passim
2455 4709 2676 4764 mquora
2737 4709 2802 4749 ac
2850 4694 3022 4749 maria
3069 4706 3591 4766 sunt,qu:rcunque

1996 4787 2193 4843 insulis
2216 4797 2409 4842 ornata
2437 4794 2587 4851 sunt,
2616 4786 2734 4841 sive
2767 4789 3033 4842 maximis
3058 4789 3438 4857 minimisque,
3472 4790 3592 4842 sive

1998 4881 2263 4937 mediocri
2297 4880 2507 4935 ambitu
2542 4880 2806 4950 praeditis,
2864 4896 3044 4951 neque
3094 4897 3161 4936 ex
3187 4881 3375 4935 Indico
3407 4893 3590 4937 tamen

1998 4976 2158 5037 mari,
2178 4990 2358 5045 neque
2390 4973 2486 5029 illo
2512 4974 2655 5029 ultra
2683 4974 2997 5029 Atlantidas
3028 4987 3384 5044 exporrecto.
3408 4991 3589 5045 neque

2001 5071 2107 5123 hoc
2126 5069 2273 5139 quod
2319 5068 2456 5122 citra
2482 5068 2704 5123 easdem
2737 5069 2845 5122 late
2875 5070 3009 5123 satis
3062 5077 3250 5139 patet,
3277 5080 3332 5124 et
3383 5070 3592 5124 llercu.

1996 5160 2099 5215 leis
2183 5161 2662 5216 circumscribitur
2732 5161 3028 5225 columnis,
3111 5163 3223 5216 ulla
3297 5161 3367 5215 ad
3425 5176 3592 5215 aures

1998 5263 2215 5307 nostras
2237 5252 2437 5323 allapsa
2488 5253 2631 5307 fama
2671 5260 2793 5314 est,
2832 5252 3104 5324 ejusmodi
3147 5267 3336 5307 secum
3397 5251 3589 5321 gloriae

2001 5346 2357 5416 Splendorem
2412 5344 2676 5406 aﬂ‘crens,
2712 5345 2929 5414 qualem
2966 5355 3346 5415 quantumque
3376 5343 3590 5415 Cyprus

2000 5436 2103 5491 ista
2136 5447 2260 5489 tua:
2297 5450 2404 5489 non
2436 5435 2526 5488 illa
2592 5450 2747 5497 sane,
2780 5449 2909 5504 quae
2961 5433 3159 5498 fertur,
3191 5433 3376 5489 Aurea
3415 5432 3591 5490 Cher-

2001 5543 2259 5593 sonesus,
2304 5543 2415 5581 nou
2475 5527 2882 5599 aquilouarium
2929 5528 3081 5582 orbis
3131 5527 3377 5599 partium
3437 5526 3592 5599 prin-

1996 5638 2127 5690 ceps
2154 5621 2357 5687 Thule,
2391 5635 2501 5676 non
2551 5621 2659 5677 ulla
2707 5620 3178 5687 Britannicarum,
3236 5635 3344 5676 non
3395 5635 3461 5676 ex
3519 5620 3590 5677 iis

1984 5717 2124 5770 item
2207 5731 2346 5785 quas
2402 5713 2467 5768 ad
2537 5714 2822 5769 meridiem
2915 5723 3277 5784 austrumque
3350 5714 3467 5768 ludi
3535 5725 3591 5770 ct

1992 5808 2280 5880 ίΕιίιξορρε
2327 5807 2599 5871 incolunt,
2657 5808 2865 5879 ingenti
2916 5808 3292 5878 magnitudine
3354 5809 3588 5879 sutirrba
