4018 6438
495 370 600 429 95')

1713 366 2114 428 TllEODULI
2159 364 2510 427 MONACHI
3621 370 3714 431 ωε)

493 486 841 555 'l‘aprnhanc.
890 501 1067 555 neque
1139 502 1274 554 quas
1329 485 1570 538 vicinum
1637 485 2059 554 proximumque

2171 484 2503 552 περατοῦται
2523 483 2569 535 δ’
2600 485 2655 544 ἐς
2683 482 2776 544 τὰς
2817 480 3175 551 Ἡρακλείους
3206 478 3432 550 στήλας·
3459 479 3590 534 οὕτω
3621 485 3718 555 γὰρ

497 579 759 649 Hyrcanis
805 579 1060 645 gentibus
1116 594 1263 631 mare
1330 576 1586 644 Caspium
1648 575 1829 639 habet,
1885 577 2069 642 neque

497 687 660 742 quant
707 672 944 738 amplum
981 679 1082 731 est,
1121 670 1266 738 quod
1312 685 1342 722 e
1397 672 1643 724 Gadibus
1703 669 2069 737 Herculisque

496 765 774 818 columnis
804 778 1123 830 erumpens,
1159 763 1223 815 ad
1284 763 1434 830 ipsos
1469 776 1640 830 uSque
1695 761 2068 831 hyperborcos

495 839 729 928 Scythas
775 857 1020 925 proxime
1050 855 1315 910 ascendit.
1347 854 1411 906 ad
1447 864 1595 906 tuam
1627 867 1756 906 vero
1781 851 2068 905 concludi-

494 963 583 1004 tur
639 950 902 1020 Cyprum,
948 949 1062 1001 sive
1091 947 1277 999 verius
1329 963 1357 999 a
1393 947 1571 1016 Cypro
1626 945 1841 1000 inttium
1891 944 2066 1011 ducit,

493 1045 787 1097 terminum
815 1041 880 1094 ad
931 1041 1216 1094 columnas
1255 1039 1474 1107 accipit,
1533 1039 1613 1093 sic
1665 1039 1812 1092 enim
1869 1037 2068 1108 justius

490 1134 886 1197 decentiusque
918 1129 1228 1198 loquemur.
1267 1127 1480 1196 Quippe
1514 1141 1637 1181 cum
1691 1126 1802 1180 duo
1831 1125 2064 1178 extremi

494 1226 630 1279 flues
660 1224 915 1278 cultioris
938 1222 1104 1289 hujus
1134 1222 1420 1286 nostrique
1454 1220 1622 1273 maris
1658 1220 1788 1281 sint,
1827 1232 2062 1288 quorum

491 1318 648 1372 alteri
676 1317 878 1370 famosa
921 1323 976 1367 et
1007 1313 1207 1384 inclyta
1236 1313 1412 1366 insula
1443 1311 1654 1382 Cyprus
1683 1311 2063 1380 praetenditur,

488 1412 628 1465 alter
659 1407 944 1462 Herculeis
973 1406 1243 1460 columnis
1277 1403 1628 1466 describitur,
1656 1402 1745 1456 hic
1787 1417 1886 1470 ego
1946 1402 2063 1471 pri-

490 1520 607 1558 mas
626 1501 826 1556 merito
856 1499 960 1554 sibi
990 1498 1268 1551 vindicare
1295 1495 1692 1550 circumfusum
1715 1493 1897 1564 Cypro
1913 1510 2063 1548 mare

488 1605 706 1650 statuo:
741 1591 1174 1662 atqueindidem
1208 1604 1426 1642 onmem
1476 1589 1619 1642 illam
1674 1587 1910 1640 humida:
1965 1603 2064 1640 na-

489 1699 624 1741 tura:
653 1689 759 1739 vim
787 1695 1050 1745 exortam,
1079 1681 1144 1735 ad
1179 1681 1472 1735 Herculeas
1497 1695 1670 1750 usque
1723 1677 1924 1734 deferri
1957 1687 2065 1731 ter-

489 1779 798 1848 minarique
827 1776 1132 1837 columnas,
1164 1773 1345 1841 potius
1379 1771 1672 1826 dicendum
1709 1786 1828 1826 esse
1854 1813 1868 1831 ,
1895 1785 2058 1840 quam

2173 575 2512 645 δικαιότερόν
2535 592 2593 628 τε
2623 575 2720 627 καὶ
2747 575 3184 643 εὐπρεπέστερον
3219 575 3396 642 λέγειν
3419 589 3434 605 ο
3465 574 3602 628 δυοῖν
3623 581 3720 647 γὰρ

2171 663 2340 715 ὄντων
2391 664 2576 732 ἄκρων
2603 663 2702 732 τῆς
2733 663 2942 733 ἡμέρου
2975 664 3178 733 ταύτης
3210 665 3304 716 καὶ
3335 664 3597 734 ἡμετέρας
3640 665 3722 718 θα-

2172 758 2394 827 λάττης,
2434 758 2528 808 καὶ
2557 758 2648 808 τοῦ
2682 757 2780 825 μὲν
2808 759 2905 824 τῆς
2940 757 3268 826 περιϐοήτου
3300 758 3394 809 καί¹
3435 758 3723 822 θαυμασίας

2171 850 2599 919 προκαθημένης
2649 849 2902 918 Κύπρου,
2934 847 3027 901 τοῦ
3060 849 3104 901 δ’
3140 849 3231 917 ὑφ’
3267 849 3594 920 Ἡρακλείων
3624 853 3727 921 δρι-

2170 939 2401 1008 ζομένου
2435 939 2666 1004 στηλῶν,
2717 935 2877 1010 νικᾷν
2907 939 3084 1007 ἔγωγε
3115 941 3338 1010 τίθεμαι
3385 941 3452 992 τὰ
3484 941 3728 1010 πρεσϐεῖα

2167 1029 2267 1098 τὴν
2297 1030 2427 1097 περὶ
2460 1029 2686 1099 Κύπρον
2711 1031 2855 1098 ἔχειν
2887 1032 3184 1095 θάλασσαν,
3223 1032 3317 1084 καὶ
3349 1033 3567 1085 αὐτόθεν
3602 1036 3724 1101 μᾶλ-

2168 1123 2260 1176 λον
2291 1123 2582 1193 ἡργμένην
2606 1124 2704 1192 τὴν
2738 1123 2864 1193 ὅλην
2892 1125 3100 1192 ταύτην
3128 1125 3308 1190 λέγειν
3341 1127 3508 1194 ὑγρὰν
3527 1127 3724 1188 ούσίαν,

2166 1215 2297 1283 ἄχρι
2336 1216 2428 1266 καὶ
2452 1215 2508 1274 ἐς
2539 1215 2635 1276 τὰς
2669 1215 3030 1284 Ἡρακλείους
3059 1218 3308 1269 κατιέναι
3343 1220 3436 1268 καὶ
3474 1221 3728 1284 περατού-

2169 1305 2294 1357 σθαι
2353 1306 2575 1374 στήλας,
2631 1306 2664 1374 ἢ
2711 1307 3047 1362 τούναντίον.
3095 1308 3205 1358 Καὶ
3254 1307 3401 1360 τοῦτ’
3446 1305 3581 1360 εἶναι
3627 1313 3728 1371 τοῖς

2166 1397 2358 1466 ἄκροις
2384 1399 2587 1464 ἀμφοῖν
2613 1397 2676 1450 ἐκ
2702 1413 2763 1464 γε
2793 1397 3204 1468 τουνῦνέφεξῆς
3236 1401 3436 1453 κανόνα
3463 1406 3551 1452 καὶ
3580 1403 3732 1470 νόμον

2165 1489 2342 1558 ἔγωγε
2391 1489 2534 1558 λέγω
2562 1506 2576 1520 ο
2618 1490 2863 1542 τίθεσθαι
2904 1490 3106 1558 δηλαδὴ
3153 1492 3252 1560 τὴν
3297 1493 3472 1562 ἀρχὴν
3513 1497 3574 1561 τῇ
3617 1495 3729 1546 καθ’

2165 1585 2314 1652 ἡμᾶς
2347 1584 2551 1651 ταύτης
2586 1582 2828 1656 θαλάττῃ
2859 1585 2922 1637 ὲκ
2956 1583 3206 1653 Κύπρον,
3239 1587 3334 1637 καὶ
3369 1591 3442 1656 μὴ
3475 1587 3532 1650 ἐξ
3571 1588 3734 1656 'lipz-

2166 1675 2361 1729 κλείων
2403 1675 2644 1744 στηλῶν·
2690 1676 2782 1727 καὶ⁸
2817 1676 2926 1745 γὰρ
2958 1676 3057 1746 τὴν
3109 1679 3179 1729 τὰ
3208 1679 3388 1732 πάντα
3439 1679 3732 1749 βόσκουσαν

2166 1771 2320 1834 ἡλίου
2353 1769 2550 1836 φλόγα,
2582 1767 2683 1836 τὴν
2711 1769 3036 1837 πάγκοσμόν
3067 1787 3212 1840 φημι
3242 1771 3341 1840 τῆς
3372 1773 3578 1843 ἡμέρας
3605 1773 3734 1842 λαμ-

487 1882 677 1925 contra
709 1877 860 1923 :tum
889 1867 1032 1920 hanc
1062 1865 1226 1918 etiam
1262 1863 1479 1932 utrique
1516 1863 1754 1916 termino
1818 1861 2058 1930 regulam

2167 1861 2332 1922 πάδα,
2370 1861 2581 1912 ἐκεῖθεν
2609 1861 2922 1929 ἀρχομένην
2961 1860 3162 1930 ὁρῶσιν
3192 1862 3250 1924 ἐξ
3281 1863 3476 1926 αἰῶνος
3505 1862 3732 1924 ἅπαντες

484 1965 774 2034 legemque
820 1959 1054 2030 posthac
1110 1956 1225 2011 fore
1254 1956 1517 2018 dixerim,
1558 1965 1617 2009 ut
1666 1964 1856 2009 nostro
1903 1953 2054 2006 vide-

483 2057 614 2111 licet
647 2053 784 2107 mari
815 2051 882 2106 de
912 2051 1114 2120 Cypro,
1147 2065 1254 2102 non
1278 2047 1599 2102 llerculanis
1621 2047 1727 2101 illis
1759 2045 2057 2111 columnis,

485 2149 708 2204 initium
744 2145 1134 2200 constituatur.
1162 2141 1297 2196 Nam
1339 2152 1396 2196 et
1427 2141 1623 2195 almam
1678 2139 1821 2194 hanc
1870 2153 2057 2192 rerum

484 2241 732 2296 omnium
780 2239 1030 2294 altricem
1085 2235 1218 2291 solis
1271 2234 1570 2294 flammam,
1605 2233 1768 2298 hanc,
1814 2233 2061 2302 inquam,

485 2332 695 2387 mundo
727 2331 992 2384 universo
1019 2327 1222 2380 lmuina
1253 2326 1582 2391 prmbentem
1620 2325 1872 2378 diurnam
1926 2325 2060 2376 lam-

486 2425 711 2492 padem,
737 2433 801 2478 ex
828 2423 918 2477 illa
937 2421 1062 2476 οωιὶ
1091 2421 1244 2490 plaga
1277 2434 1434 2472 Suum
1480 2417 1758 2486 auspicari
1813 2415 2066 2469 curricu-

483 2519 751 2583 lum,a:vo
785 2514 957 2583 omni,
1010 2528 1204 2568 omnes
1225 2510 1415 2565 videre
1446 2511 1736 2564 mortales:
1772 2524 1878 2578 qua
1908 2515 2062 2577 parte

482 2614 724 2684 Cyprum
749 2609 895 2663 Deus
936 2605 1218 2676 plantavit,
1253 2603 1454 2673 quibus
1484 2603 1651 2657 etiam
1694 2601 1761 2656 de
1785 2601 2058 2670 partibus,

487 2705 632 2760 Solis
654 2703 796 2774 ejus,
824 2715 989 2771 quem
1023 2699 1224 2753 mentis
1255 2696 1826 2751 duntaxatintucmur
1852 2693 2058 2757 oculis,

490 2793 810 2850 Servatoris
849 2790 1106 2844 videlicet
1157 2787 1332 2842 nostri
1365 2783 1482 2846 Dei,
1514 2784 1801 2838 familiaris
1855 2783 2061 2838 conde-

488 2885 798 2943 scensionis
846 2884 1028 2936 lumen
1086 2888 1442 2948 conspectum
1493 2875 1618 2939 fuit,
1649 2875 1895 2944 illudque
1948 2886 2063 2928 toto

486 2981 623 3035 orbe
655 2977 921 3034 diffusum
987 2973 1182 3044 gaudii
1239 2971 1580 3042 mysterium,
1619 2977 1679 3024 ut
1739 2967 1794 3022 in
1849 2979 2059 3023 tantum

483 3073 674 3142 utique
738 3067 1104 3129 tenebricosa,
1185 3057 1238 3119 et
1280 3064 1540 3124 obscura,
1590 3071 1644 3114 et
1675 3061 2063 3123 immansueta,

2167 1953 2468 2022 ἄνθρωποι.
2500 1952 2666 2006 ’Ὅθεν
2694 1955 2726 2020 ἡ
2773 1953 2997 2023 Κύπρος
3033 1953 3368 2023 πεφύτευται
3415 1955 3548 2025 πρὸς
3578 1955 3730 2020 Θεοῦ,

2170 2047 2278 2098 κάκ
2305 2044 2416 2098 τῶν
2445 2046 2624 2115 μερῶν
2654 2046 2878 2098 ἐκείνων
2905 2048 3038 2116 ἡμῖν
3089 2049 3183 2100 καὶ
3215 2049 3273 2099 τὸ
3303 2049 3401 2116 τῆς
3431 2048 3522 2101 τοῦ
3555 2047 3734 2116 νοητοῦ

2168 2139 2320 2205 ήλίου
2354 2139 2448 2192 καὶ
2481 2140 2730 2208 Σωτῆρος
2760 2137 2916 2207 ἡμῶν
2931 2137 3065 2192 Θεοῦ
3097 2141 3558 2207 συγκαταϐάσεως
3586 2135 3731 2210 ὤφθη

2171 2233 2308 2300 φῶς,
2345 2232 2438 2284 καὶ
2472 2231 2532 2282 τὸ
2561 2231 2660 2300 τῆς
2694 2233 3044 2300 παγκοσμίου
3080 2233 3255 2301 χαρᾶς
3291 2234 3625 2304 μυστήριονσ
3663 2234 3731 2296 ὡς

2169 2321 2311 2378 εἶναι
2342 2324 2496 2394 παρὰ
2521 2321 2776 2376 τοσοῦτον
2809 2323 2884 2387 ῶς
2911 2325 3124 2394 ἀληθῶς
3154 2327 3220 2377 τὰ
3254 2328 3406 2394 παρὰ
3431 2326 3528 2388 τὰς
3571 2325 3731 2396 Ἥρα-

2168 2417 2380 2478 κλείους
2404 2415 2604 2483 στήλας
2634 2415 2772 2483 μέρη
2805 2417 3054 2469 σκοτεινὰ
3077 2417 3169 2469 καὶ
3187 2418 3418 2488 ἀλαμπῆ
3443 2419 3532 2470 καὶ
3551 2418 3728 2486 ἄγρια,

2167 2508 2408 2579 παρόσον
2438 2506 2507 2559 τὰ
2540 2507 2690 2576 παρὰ
2723 2506 2822 2575 τὴν
2873 2506 3095 2578 Κύπρον
3141 2509 3326 2578 ἥμερα
3362 2513 3454 2562 καὶ
3497 2509 3732 2580 προσηνῆ

2168 2605 2264 2655 καὶ
2290 2601 2606 2670 λάμποντα·
2640 2600 2732 2652 καί
2764 2600 3032 2670 τέρποντα
3073 2603 3146 2671 μὴ
3180 2603 3345 2670 μόνον
3382 2605 3622 2672 σώματα,
3659 2603 3734 2652 ὅτι

2172 2696 2247 2768 μὴ
2291 2699 2385 2748 καὶ
2434 2694 2612 2764 ψυχὰς
2645 2694 2815 2757 αὑτὰς
2864 2694 2986 2746 ὅσαι
3034 2696 3232 2763 νοερῶς
3268 2696 3462 2765 ὁρῶσι,
3495 2695 3562 2748 δι’
3599 2696 3732 2765 ἡμᾶς

2171 2788 2520 2858 σαρκωθέντα
2543 2789 2674 2842 Θεὸν
2695 2789 2883 2856 Λόγον,
2909 2792 3004 2841 καὶ
3028 2790 3266 2843 παθόντα
3287 2793 3386 2844 καὶ
3419 2791 3733 2853 ἀναστάντα,

2172 2881 2270 2934 καὶ
2298 2881 2587 2934 συνελόντα
2619 2881 2823 2949 φάναι,
2857 2882 3082 2935 τοσοῦτο
3120 2882 3352 2953 βελτίων
3379 2883 3485 2936 τῶν
3514 2883 3735 2936 δυτικῶν

2172 2977 2238 3029 τὰ
2264 2974 2436 3028 ἕωθέν
2469 2992 2528 3027 τε
2551 2975 2644 3027 καὶ
2679 2975 2741 3027 ὲκ
2773 2974 3022 3044 Κύπρου,
3057 2975 3181 3028 ὅσον
3216 2977 3454 3044 ἀλήθεια
3481 2975 3697 3046 ψεύδους
3719 2989 3732 3003 ο

2173 3069 2222 3122 εί
2262 3068 2371 3138 γὰρ
2393 3069 2455 3120 τὰ
2485 3067 2706 3135 μυθώδη
2739 3068 2917 3122 πάντα
2957 3067 3186 3136 ψεύδους
3221 3069 3500 3133 ἀπόζοντα
3532 3068 3732 3136 γέλωτα

483 3179 605 3233 quae
635 3161 700 3216 ad
729 3160 1012 3214 columnas
1038 3155 1338 3210 Herculeas
1359 3153 1461 3207 sita
1506 3160 1656 3215 sunt,
1689 3167 1811 3206 esse
1841 3167 2059 3207 necesse

2171 3155 2568 3230 ὀφλισκάνει,ἦ
2596 3177 2698 3210 που
2728 3159 2794 3212 τὰ
2813 3159 3147 3232 Ἡρακλέους
3181 3160 3402 3214 ἅπαντα
3442 3163 3625 3230 μύθοις
3653 3159 3738 3210 καὶ

482 3259 589 3318 sit,
632 3255 686 3308 in
730 3262 994 3322 quantum
1045 3249 1226 3319 Cypro
1286 3245 1540 3308 ﬁnitima,
1601 3252 1656 3298 et
1715 3246 2056 3298 humanitate

485 3353 810 3416 temperata,
835 3352 889 3398 et
911 3341 1088 3402 mitia,
1118 3348 1174 3393 et
1207 3336 1407 3392 illustri
1469 3337 1690 3406 perfusa
1745 3336 1870 3390 luce
1901 3346 2076 3403 sunt,

481 3441 729 3508 namque
780 3451 888 3489 non
921 3446 1154 3501 corpora
1203 3428 1367 3482 modo
1429 3430 1722 3494 delectant,
1761 3429 1857 3483 sed
1911 3429 2056 3499 ipsas

479 3533 643 3588 etiam
698 3529 947 3584 animas:
1011 3532 1286 3594 quotquot
1336 3529 1519 3576 mente
1582 3529 1638 3575 et
1694 3521 2052 3590 intelligentia

482 3625 654 3677 Deum
683 3622 1010 3674 Sermonem
1045 3623 1228 3670 nostra
1291 3611 1487 3684 gratia,
1547 3621 1824 3680 assumpta
1886 3626 2056 3666 carne

480 3718 756 3779 indutum,
781 3721 835 3768 et
881 3709 1152 3780 supplicio
1179 3706 1458 3770 allectum,
1492 3715 1546 3760 et
1567 3706 1618 3758 in
1650 3705 1818 3758 vitam
1846 3720 2062 3774 regres-

480 3825 630 3875 sum,
664 3817 924 3861 cernnnt.
961 3803 1031 3857 Ut
1077 3800 1267 3872 paucis
1299 3799 1463 3869 igitur
1507 3797 1808 3860 absolvam,
1846 3803 2057 3851 tantum

2165 3252 2480 3320 πλάσμασιν
2521 3250 2856 3320 ἐρειδομένα,
2888 3252 3101 3319 γέλωτά
3159 3269 3217 3304 τε
3272 3252 3597 3322 ὀφλισκάνει
3638 3269 3736 3320 μα-

2164 3343 2318 3413 κρὸν,
2370 3343 2466 3395 καὶ
2527 3341 2728 3411 χλεύην
2788 3343 3008 3396 ἃπασαν
3055 3343 3420 3411 έπισύρεται’
3462 3346 3598 3398 ὥστε
3642 3341 3735 3394 παῦ

2161 3434 2269 3487 τῶν
2329 3435 2553 3487 εἰκότων
2595 3434 2664 3486 τὰ
2695 3433 2865 3504 ψευδῆ
2916 3436 3027 3487 τῶν
3056 3435 3273 3506 ἀληθῶν
3332 3438 3601 3508 ἡγεῖσθαι,
3649 3436 3734 3488 καὶ

2162 3524 2198 3578 ἃ
2226 3525 2460 3592 γέλωτος
2490 3525 2733 3592 πέφυκεν
2778 3525 2924 3590 ἄξια,
2967 3525 3076 3578 τῶν
3114 3527 3479 3594 ὑμνουμένων
3513 3530 3602 3581 καὶ
3638 3545 3736 3596 μα-

2166 3617 2546 3688 καριζομένων
2605 3617 2832 3689 ἄρχειν;
2899 3617 3056 3672 Οὕτω
3117 3621 3466 3692 πανταχόθεν
3526 3622 3738 3682 cladem;

2165 3713 2199 3781 ἡ
2270 3711 2336 3781 σὴ
2382 3710 2442 3764 τὸ
2504 3711 2710 3765 δίκαιον
2753 3711 2866 3782 ἔχει
2915 3711 3144 3785 Κύπρος
3181 3715 3248 3767 τὰ
3294 3720 3547 3788 πρωτεῖα
3593 3711 3741 3784 κομί-

2169 3801 2385 3864 ζεσθαι.

480 3898 920 3959 occidentalibus
950 3892 1265 3961 regionibus
1283 3891 1530 3944 bonitate
1555 3890 1856 3943 orientales
1888 3898 1944 3944 et
1981 3890 2194 3960 Cypriae
2227 3901 2510 3961 praestant,
2539 3906 2806 3964 quantum
2829 3897 3031 3951 veritas
3066 3897 3379 3954 mendacio.
3418 3899 3737 3955 Nimirumsi

482 3994 870 4060 raliulosaqua:
905 3984 1250 4042 mendacium
1271 3981 1542 4045 redolent,
1569 3982 1754 4034 omnia
1783 3981 1950 4036 risum
1987 3986 2182 4042 merito
2205 3988 2427 4054 debent,
2472 3990 2661 4058 utique
2705 3999 2760 4042 et
2798 3989 3044 4044 llcrculis
3065 3991 3310 4045 facinora
3327 3994 3740 4060 oninia,quippe

481 4087 682 4142 fabulis
715 4081 1102 4153 figmentisque
1125 4075 1331 4136 innixa,
1352 4085 1407 4128 et
1425 4087 1652 4142 magnos
1675 4082 1955 4129 merentur
1973 4077 2134 4146 risus,
2159 4081 2622 4138 etomneludibrii
2646 4097 2816 4152 genus
2833 4083 2976 4137 ultro
3003 4082 3232 4138 invitant
3255 4095 3420 4150 atque
3445 4089 3738 4141 attrahunt.

480 4184 655 4247 Quam
711 4179 894 4244 itaque
951 4171 1236 4240 indignum
1297 4164 1620 4220 fueritfalsa
1667 4178 1722 4220 et
1783 4172 2044 4222 ementita
2085 4183 2210 4228 ante
2272 4191 2401 4231 vera
2463 4191 2583 4231 esse
2631 4192 2646 4230 :
2689 4185 2745 4230 et
2807 4191 2927 4245 qua:
2984 4175 3096 4231 risu
3151 4191 3218 4230 ex
3269 4192 3331 4232 se
3379 4179 3540 4251 digna
3595 4187 3737 4233 sunt.

478 4277 786 4348 principem
853 4271 996 4322 inter
1041 4280 1106 4319 ea
1142 4275 1332 4318 tenere
1397 4261 1602 4327 locum,
1657 4279 1780 4334 quae
1830 4269 2062 4322 summis
2135 4278 2403 4324 ornantur
2460 4270 2738 4334 laudibus,
2811 4279 2866 4324 et
2928 4269 2982 4324 in
3040 4269 3377 4328 beatissimis
3435 4268 3740 4328 habentur?

477 4371 628 4427 Adeo
653 4383 782 4424 sane
812 4361 961 4416 omni
991 4375 1060 4414 ex
1091 4365 1244 4429 parte
1287 4354 1637 4409 meritissimo
1675 4371 1834 4411 suum
1873 4358 2055 4428 Cypro
2090 4371 2194 4416 tua:
2219 4363 2308 4434 jus
2340 4373 2574 4426 constat,
2610 4371 2669 4416 ut
2703 4365 2908 4434 primas
2960 4363 3074 4433 ipsa
3108 4363 3249 4419 ferre
3303 4367 3502 4421 debeat
3546 4375 3737 4436 partes-

547 4465 612 4519 ll.
643 4461 954 4529 Atquehaec
985 4457 1206 4527 quidem
1237 4452 1544 4517 commoda,
1564 4450 1712 4506 nullo
1745 4451 2059 4507 administro

2252 4453 2324 4508 B".
2347 4457 2456 4510 Καὶ
2473 4456 2646 4509 ταῦτα
2682 4458 2782 4525 μὲν
2811 4459 3033 4527 ἀμέσως
3051 4461 3116 4512 ὲκ
3143 4459 3279 4514 Θεοῦ
3309 4463 3520 4529 τάγαθὰ
3541 4459 3739 4523 Κύπρῳ

481 4556 840 4617 intermedio,
905 4551 1126 4606 uuicea
1195 4547 1308 4602 Deo
1366 4545 1559 4600 insula:
1607 4545 1786 4617 Cypro
1844 4547 2048 4600 dudum

2165 4549 2224 4616 τῇ
2261 4547 2410 4617 νήσῳ
2459 4548 2886 4619 προϋπάρχοντα
2919 4551 3205 4620 φαίνεται·
3244 4552 3279 4606 ἃ
3308 4554 3356 4607 δ’
3392 4557 3456 4607 ὲκ
3492 4551 3626 4606 Θεοῦ
3658 4548 3742 4603 διὰ

479 4649 681 4704 tributa
731 4647 990 4700 fuerant:
1050 4657 1172 4710 quze
1197 4655 1298 4709 per
1343 4648 1394 4694 te
1428 4655 1576 4700 vero,
1629 4647 1684 4694 et
1713 4648 1938 4708 pr0pter
1979 4648 2051 4704 te,

478 4742 747 4808 optimum
815 4736 927 4788 Deo
979 4742 1259 4803 repertum
1316 4731 1652 4796 ministrum,
1687 4732 1800 4785 Deo
1829 4741 2053 4785 auctore

479 4835 853 4888 accesserunt,
887 4835 943 4881 et
977 4824 1324 4896 postmodum
1354 4824 1567 4895 adjecta
1620 4833 1773 4888 sunt,
1810 4825 1935 4893 quis
1951 4839 2054 4893 pro

483 4925 642 4977 fama:
693 4917 1072 4989 magnitudine
1103 4917 1265 4987 digne
1319 4918 1454 4972 satis
1503 4916 1882 4971 enarravcrit?
1916 4917 2056 4970 itur-

483 5029 580 5068 sus
605 5012 734 5082 quis
762 5027 869 5065 non
905 5025 1003 5080 pro
1031 5009 1298 5079 dignitate
1335 5021 1450 5062 rem
1485 5007 1676 5061 verbis
1736 5018 2053 5073 exsecutus,

480 5122 590 5160 non
631 5116 778 5159 totus
807 5102 1014 5172 pudore
1059 5099 1471 5157 confundatur?
1529 5114 1716 5154 coram
1792 5101 2052 5154 nimirum

479 5198 627 5251 illico
649 5207 706 5250 et
728 5204 856 5248 ante
888 5192 1077 5246 oculos
1112 5201 1486 5259 praasentanea
1533 5190 1747 5259 objecta
1804 5190 2056 5242 confuta-

483 5291 654 5344 tione.
703 5285 921 5356 Quippe
979 5281 1258 5354 iujustitim
1309 5282 1492 5336 omnis
1558 5279 1914 5335 fundamenta
1988 5280 2056 5334 de

483 5381 663 5436 insula
690 5376 1096 5439 esterminasti,
1121 5390 1241 5444 qua:
1271 5373 1512 5444 undique
1539 5390 1606 5428 ex
1649 5373 1739 5426 illa
1788 5373 2057 5426 evellcras

401 5471 417 5484 ⁸
481 5471 847 5539 funditusque
878 5467 1210 5522 sustuleras.
1251 5466 1405 5520 Illius
1431 5476 1615 5520 autem
1644 5467 1764 5521 loco
1791 5466 2014 5519 introdu
2035 5492 2060 5505 -

481 5573 623 5618 ctam
685 5559 978 5630 justitiam,
1021 5561 1072 5613 in
1104 5559 1324 5613 domqu
1365 5557 1895 5626 familiaritatemque
1927 5556 2054 5609 inti-

484 5670 629 5708 neam
655 5652 930 5722 recepisti,
958 5663 1016 5707 ut
1049 5669 1172 5722 quae
1199 5667 1334 5720 apex
1383 5650 1670 5713 virtutum,
1707 5659 1872 5720 atque
1903 5651 2054 5704 radix

479 5757 537 5803 et
567 5747 979 5802 fundamentum
1002 5745 1261 5801 concinni
1291 5743 1505 5798 ordinis
1527 5752 1634 5804 est,
1654 5744 1772 5814 ejus
1794 5745 2052 5811 maxime,

479 5839 576 5910 qui
633 5839 798 5894 rebus
860 5837 1095 5908 publicis
1165 5845 1418 5892 ornatum
1485 5834 1664 5900 all‘crt,
1727 5837 2052 5907 cunctisque

2159 4637 2256 4691 σού
2301 4639 2396 4692 καὶ
2427 4637 2514 4691 διὰ
2551 4639 2610 4692 σὲ
2658 4641 2947 4708 κράτιστον
2981 4643 3261 4716 ὑπηρέτην
3291 4647 3598 4716 εὑρημένον
3631 4643 3740 4709 Θεῷ

2159 4730 2490 4798 προσγέγονέ
2514 4748 2571 4784 τε
2596 4731 2690 4784 καὶ
2711 4733 3020 4800 ἐπεγένετο,
3043 4738 3125 4798 τίς
3146 4735 3212 4789 ἂν
3244 4723 3415 4802 asta),-
3443 4739 3536 4804 τῆς
3561 4741 3741 4804 φήμης

2157 4821 2332 4873 εἰπεῖν
2376 4823 2630 4894 δυνηθείη
2657 4840 2671 4890 ;
2702 4825 2785 4889 τίς
2815 4825 2858 4879 δ’
2901 4828 3001 4880 ούκ
3039 4828 3206 4895 ἀξίως
3231 4830 3405 4883 εἰπὼν
3435 4831 3537 4883 οὐκ
3571 4831 3634 4881 ἀν
3660 4829 3741 4877 αἱ·

2160 4913 2413 4984 σχυνθείη
2441 4931 2457 4980 ;
2497 4917 2590 4968 τὶν
2621 4918 2818 4970 αὐτίκα
2852 4918 3076 4990 ἔλεγχον
3109 4919 3248 4991 ἔχων
3296 4927 3404 4994 πρδ
3450 4917 3740 4990 ὸφξαλμῶν

2157 5003 2596 5074 ἀνθιστάμενονο
2639 5009 2852 5072 ἀδικίας
2905 5012 3005 5080 μὲν
3050 5013 3158 5082 γὰρ
3195 5013 3419 5082 ἁπάσης
3475 5009 3738 5084 κρηπῖδας

2157 5101 2256 5170 τῆς
2298 5102 2464 5171 νήσου
2493 5101 2782 5172 ἐξώρισας,
2812 5107 3152 5175 πανταχόθεν
3183 5107 3351 5175 αὐτῆς
3391 5105 3620 5172 ἀνελὼν,
3650 5101 3738 5156 καὶ

2157 5191 2455 5262 ἀφανισμῷ
2478 5195 2736 5248 παντελεί
2753 5197 3047 5266 παραδούς·
3078 5199 3433 5269 δικαιοσύνην
3467 5199 3512 5252 δ’
3532 5197 3739 5250 ἀντείσ-

2157 5285 2397 5355 ήνεγκάς
2445 5301 2501 5338 τε
2519 5289 2612 5347 καὶ
2639 5288 2911 5358 είσῳκίσω
2933 5290 3024 5343 καὶ
3049 5290 3334 5362 ᾠκειώσω,
3357 5293 3453 5345 ἆτε
3471 5290 3534 5344 τὰ
3555 5286 3740 5360 πρῶτα

2157 5374 2326 5444 φέρου
2337 5391 2434 5426 σαν
2451 5375 2558 5429 τῶν
2582 5377 2763 5430 καλῶν
2786 5382 2878 5432 καί
2908 5378 3066 5450 ῥίζαν
3089 5381 3183 5433 καὶ
3206 5380 3460 5450 θεμέλιον
3489 5373 3736 5442 εύταξίαξ

2156 5461 2344 5528 οὖσαν,
2374 5465 2472 5534 ὅση
2503 5467 2604 5528 τὰς
2633 5466 2911 5532 πολιτείας
2940 5471 3135 5539 κοσμεῖ
3173 5470 3265 5522 καὶ
3323 5469 3596 5538 ἁρμονίαν
3629 5467 3734 5524 τοῖς

2157 5555 2518 5626 ἀνθρωπίνοις
2556 5559 2798 5629 ἐντίθησι
2833 5561 3126 5630 πράγμασι
3167 5563 3356 5628 πᾶσιν,
3389 5563 3452 5615 ού
3483 5562 3628 5630 λόγῳ
3651 5557 3736 5626 μά·

2158 5668 2245 5702 νον
2278 5652 2373 5720 τῆς
2409 5653 2613 5722 ἀρετῆς
2651 5654 2872 5722 κοσμῶν
2925 5658 2982 5708 το
3029 5654 3248 5724 σεμνὸν,
3293 5656 3392 5718 τὰς
3431 5656 3530 5718 τῖ’,ς
3563 5653 3736 5704 δικαιο

2161 5744 2324 5815 σύνης
2357 5737 2560 5814 δηλαδῆ
2591 5747 2930 5815 πλάστιγγας
2955 5751 3048 5802 καὶ
3073 5749 3182 5802 τῶν
3214 5748 3476 5802 τοιούτων
3504 5747 3734 5799 κανόνων

2161 5841 2220 5892 τὸ
2249 5841 2383 5910 apes
2399 5839 2510 5902 πὲς,
2545 5839 2678 5892 ἀλλά
2711 5841 2803 5894 καὶ
2838 5841 3064 5909 πράξεσι
3100 5841 3471 5911 καταλλήλαις
3503 5834 3730 5909 βεϐαιῶν
