  <div class='ocr_page' id='page_1' title='image "/cluster/home/n/w/nwhite01/storage/ocr_20150623/145:no.1/coo.31924054870500/208.png"; bbox 0 0 4018 6418; ppageno 0'>
   <div class='ocr_carea' id='block_1_1' title="bbox 330 359 430 422">
    <p class='ocr_par' dir='ltr' id='par_1_1' title="bbox 330 359 430 422">
     <span class='ocr_line' id='line_1_1' title="bbox 330 359 430 422; baseline -0.01 0"><span class='ocrx_word' id='word_1_1' title='bbox 330 359 430 422; x_wconf 70' lang='lat' dir='ltr'><strong>ltili</strong></span> 
     </span>
    </p>
   </div>
   <div class='ocr_carea' id='block_1_2' title="bbox 1457 369 2413 438">
    <p class='ocr_par' dir='ltr' id='par_1_2' title="bbox 1457 369 2413 438">
     <span class='ocr_line' id='line_1_2' title="bbox 1457 369 2413 438; baseline 0.01 -10"><span class='ocrx_word' id='word_1_2' title='bbox 1457 369 1850 432; x_wconf 68' lang='lat' dir='ltr'><strong>LAUDATIO</strong></span> <span class='ocrx_word' id='word_1_3' title='bbox 1893 374 2128 436; x_wconf 79' lang='lat' dir='ltr'><strong>REGIS</strong></span> <span class='ocrx_word' id='word_1_4' title='bbox 2163 375 2413 438; x_wconf 78' lang='lat' dir='ltr'><strong>CYPRI.</strong></span> 
     </span>
    </p>
   </div>
   <div class='ocr_carea' id='block_1_3' title="bbox 3509 376 3619 443">
    <p class='ocr_par' dir='ltr' id='par_1_3' title="bbox 3509 376 3619 443">
     <span class='ocr_line' id='line_1_3' title="bbox 3509 376 3619 443; baseline 0.045 -7"><span class='ocrx_word' id='word_1_5' title='bbox 3509 376 3619 443; x_wconf 72' lang='grc'><strong>402</strong></span> 
     </span>
    </p>
   </div>
   <div class='ocr_carea' id='block_1_4' title="bbox 328 475 1926 561">
    <p class='ocr_par' dir='ltr' id='par_1_4' title="bbox 328 475 1926 554">
     <span class='ocr_line' id='line_1_4' title="bbox 328 475 1926 554; baseline 0.005 -26"><span class='ocrx_word' id='word_1_6' title='bbox 328 475 430 546; x_wconf 79' lang='grc' dir='ltr'>τὴν</span> <span class='ocrx_word' id='word_1_7' title='bbox 457 475 758 546; x_wconf 79' lang='grc' dir='ltr'>εὐκοσμίαν</span> <span class='ocrx_word' id='word_1_8' title='bbox 790 475 898 529; x_wconf 89' lang='grc' dir='ltr'><strong>τῶν</strong></span> <span class='ocrx_word' id='word_1_9' title='bbox 929 475 1126 545; x_wconf 84' lang='grc' dir='ltr'>λόγων,</span> <span class='ocrx_word' id='word_1_10' title='bbox 1161 477 1424 542; x_wconf 78' lang='grc' dir='ltr'>δικαστὰς</span> <span class='ocrx_word' id='word_1_11' title='bbox 1478 481 1578 550; x_wconf 79' lang='grc' dir='ltr'><strong>μὲν</strong></span> <span class='ocrx_word' id='word_1_12' title='bbox 1626 483 1926 554; x_wconf 71' lang='grc' dir='ltr'><strong>ἐπιστήσας</strong></span> 
     </span>
    </p>
   </div>
   <div class='ocr_carea' id='block_1_5' title="bbox 2034 475 3614 561">
    <p class='ocr_par' dir='ltr' id='par_1_5' title="bbox 2037 487 3614 561">
     <span class='ocr_line' id='line_1_5' title="bbox 2037 487 3614 561; baseline -0.003 -20"><span class='ocrx_word' id='word_1_13' title='bbox 2037 488 2294 544; x_wconf 85' lang='lat' dir='ltr'><strong>humanis</strong></span> <span class='ocrx_word' id='word_1_14' title='bbox 2319 490 2555 561; x_wconf 74' lang='lat' dir='ltr'><strong>negotiis</strong></span> <span class='ocrx_word' id='word_1_15' title='bbox 2606 505 2766 544; x_wconf 90' lang='lat' dir='ltr'><strong>suum</strong></span> <span class='ocrx_word' id='word_1_16' title='bbox 2798 487 3045 559; x_wconf 87' lang='lat' dir='ltr'><strong>impertit</strong></span> <span class='ocrx_word' id='word_1_17' title='bbox 3071 494 3442 550; x_wconf 89' lang='lat' dir='ltr'><strong>concentum;</strong></span> <span class='ocrx_word' id='word_1_18' title='bbox 3500 500 3614 538; x_wconf 88' lang='lat' dir='ltr'><strong>non</strong></span> 
     </span>
    </p>
   </div>
   <div class='ocr_carea' id='block_1_6' title="bbox 329 565 1924 646">
    <p class='ocr_par' dir='ltr' id='par_1_6' title="bbox 329 565 1924 646">
     <span class='ocr_line' id='line_1_6' title="bbox 329 565 1924 646; baseline 0.003 -24"><span class='ocrx_word' id='word_1_19' title='bbox 329 569 453 622; x_wconf 81' lang='grc' dir='ltr'>κατ’</span> <span class='ocrx_word' id='word_1_20' title='bbox 485 565 715 640; x_wconf 74' lang='grc' dir='ltr'>ἐκλογὴν</span> <span class='ocrx_word' id='word_1_21' title='bbox 738 568 866 634; x_wconf 86' lang='grc' dir='ltr'><strong>τούς</strong></span> <span class='ocrx_word' id='word_1_22' title='bbox 901 571 1183 640; x_wconf 75' lang='grc' dir='ltr'><strong>ἀρίστους,</strong></span> <span class='ocrx_word' id='word_1_23' title='bbox 1211 571 1459 640; x_wconf 80' lang='grc' dir='ltr'>φύλακας</span> <span class='ocrx_word' id='word_1_24' title='bbox 1487 574 1582 626; x_wconf 72' lang='grc' dir='ltr'>καὶ</span> <span class='ocrx_word' id='word_1_25' title='bbox 1611 576 1924 646; x_wconf 74' lang='grc' dir='ltr'>προστάτας</span> 
     </span>
    </p>
   </div>
   <div class='ocr_carea' id='block_1_7' title="bbox 328 665 1926 739">
    <p class='ocr_par' dir='ltr' id='par_1_7' title="bbox 328 665 1926 739">
     <span class='ocr_line' id='line_1_7' title="bbox 328 665 1926 739; baseline 0.002 -23"><span class='ocrx_word' id='word_1_26' title='bbox 328 665 426 733; x_wconf 77' lang='grc' dir='ltr'>τῆς</span> <span class='ocrx_word' id='word_1_27' title='bbox 464 665 748 736; x_wconf 76' lang='grc' dir='ltr'>ἰσηγορίας</span> <span class='ocrx_word' id='word_1_28' title='bbox 790 681 850 718; x_wconf 86' lang='grc' dir='ltr'><strong>τε</strong></span> <span class='ocrx_word' id='word_1_29' title='bbox 883 668 977 718; x_wconf 69' lang='grc' dir='ltr'><strong>καὶ</strong></span> <span class='ocrx_word' id='word_1_30' title='bbox 1025 666 1329 736; x_wconf 82' lang='grc' dir='ltr'>ἰσονομίας,</span> <span class='ocrx_word' id='word_1_31' title='bbox 1385 665 1462 730; x_wconf 84' lang='grc' dir='ltr'>ὡς</span> <span class='ocrx_word' id='word_1_32' title='bbox 1495 666 1570 738; x_wconf 81' lang='grc' dir='ltr'>μὴ</span> <span class='ocrx_word' id='word_1_33' title='bbox 1602 666 1743 739; x_wconf 80' lang='grc' dir='ltr'>λάθῃ</span> <span class='ocrx_word' id='word_1_34' title='bbox 1771 667 1926 739; x_wconf 79' lang='grc' dir='ltr'>διαρ-</span> 
     </span>
    </p>
   </div>
   <div class='ocr_carea' id='block_1_8' title="bbox 334 757 1927 830">
    <p class='ocr_par' dir='ltr' id='par_1_8' title="bbox 334 757 1927 830">
     <span class='ocr_line' id='line_1_8' title="bbox 334 757 1927 830; baseline 0.001 -20"><span class='ocrx_word' id='word_1_35' title='bbox 334 757 461 827; x_wconf 75' lang='grc' dir='ltr'>ῥυὲν</span> <span class='ocrx_word' id='word_1_36' title='bbox 487 757 548 810; x_wconf 81' lang='grc' dir='ltr'>τὸ</span> <span class='ocrx_word' id='word_1_37' title='bbox 582 759 864 830; x_wconf 81' lang='grc' dir='ltr'><strong>συμφέρον</strong></span> <span class='ocrx_word' id='word_1_38' title='bbox 885 775 902 791; x_wconf 86' lang='grc'><strong>·</strong></span> <span class='ocrx_word' id='word_1_39' title='bbox 943 759 1284 830; x_wconf 82' lang='grc' dir='ltr'>ἀγορανόμοι</span> <span class='ocrx_word' id='word_1_40' title='bbox 1309 777 1366 812; x_wconf 88' lang='grc' dir='ltr'><strong>τε</strong></span> <span class='ocrx_word' id='word_1_41' title='bbox 1407 759 1502 812; x_wconf 73' lang='grc' dir='ltr'><strong>καὶ</strong></span> <span class='ocrx_word' id='word_1_42' title='bbox 1536 758 1794 830; x_wconf 75' lang='grc' dir='ltr'>ὀψονόμοι</span> <span class='ocrx_word' id='word_1_43' title='bbox 1831 760 1927 813; x_wconf 72' lang='grc' dir='ltr'><strong>καὶ</strong></span> 
     </span>
    </p>
   </div>
   <div class='ocr_carea' id='block_1_9' title="bbox 331 851 1927 924">
    <p class='ocr_par' dir='ltr' id='par_1_9' title="bbox 331 851 1927 924">
     <span class='ocr_line' id='line_1_9' title="bbox 331 851 1927 924; baseline -0.001 -19"><span class='ocrx_word' id='word_1_44' title='bbox 331 851 646 906; x_wconf 76' lang='grc' dir='ltr'><strong>δικασπόλοι</strong></span> <span class='ocrx_word' id='word_1_45' title='bbox 677 853 940 922; x_wconf 78' lang='grc' dir='ltr'><strong>διηνεκῶς</strong></span> <span class='ocrx_word' id='word_1_46' title='bbox 975 854 1224 922; x_wconf 82' lang='grc' dir='ltr'><strong>περιίασι</strong></span> <span class='ocrx_word' id='word_1_47' title='bbox 1246 853 1344 916; x_wconf 72' lang='grc' dir='ltr'>τὰς</span> <span class='ocrx_word' id='word_1_48' title='bbox 1377 853 1588 924; x_wconf 79' lang='grc' dir='ltr'>ἀγορὰς</span> <span class='ocrx_word' id='word_1_49' title='bbox 1617 853 1714 906; x_wconf 72' lang='grc' dir='ltr'><strong>καὶ</strong></span> <span class='ocrx_word' id='word_1_50' title='bbox 1745 853 1927 908; x_wconf 73' lang='grc' dir='ltr'>πᾶσαν</span> 
     </span>
    </p>
   </div>
   <div class='ocr_carea' id='block_1_10' title="bbox 332 946 1927 1018">
    <p class='ocr_par' dir='ltr' id='par_1_10' title="bbox 332 946 1927 1018">
     <span class='ocr_line' id='line_1_10' title="bbox 332 946 1927 1018; baseline 0 -18"><span class='ocrx_word' id='word_1_51' title='bbox 332 948 432 1018; x_wconf 79' lang='grc' dir='ltr'><strong>τήν</strong></span> <span class='ocrx_word' id='word_1_52' title='bbox 457 947 645 1018; x_wconf 82' lang='grc' dir='ltr'>νῆσον,</span> <span class='ocrx_word' id='word_1_53' title='bbox 677 946 866 1018; x_wconf 81' lang='grc' dir='ltr'>ἔφοροι</span> <span class='ocrx_word' id='word_1_54' title='bbox 882 947 990 1000; x_wconf 82' lang='grc' dir='ltr'><strong>τῶν</strong></span> <span class='ocrx_word' id='word_1_55' title='bbox 1008 947 1189 1001; x_wconf 85' lang='grc' dir='ltr'><strong>ὠνίων</strong></span> <span class='ocrx_word' id='word_1_56' title='bbox 1207 947 1300 1000; x_wconf 75' lang='grc' dir='ltr'><strong>καὶ</strong></span> <span class='ocrx_word' id='word_1_57' title='bbox 1325 947 1606 1017; x_wconf 77' lang='grc' dir='ltr'>πράσεων,</span> <span class='ocrx_word' id='word_1_58' title='bbox 1637 948 1732 1001; x_wconf 77' lang='grc' dir='ltr'>καὶ</span> <span class='ocrx_word' id='word_1_59' title='bbox 1751 965 1927 1017; x_wconf 69' lang='grc' dir='ltr'>φρουο</span> 
     </span>
    </p>
   </div>
   <div class='ocr_carea' id='block_1_11' title="bbox 335 1039 1928 1113">
    <p class='ocr_par' dir='ltr' id='par_1_11' title="bbox 335 1039 1928 1113">
     <span class='ocr_line' id='line_1_11' title="bbox 335 1039 1928 1113; baseline -0.001 -19"><span class='ocrx_word' id='word_1_60' title='bbox 335 1043 418 1111; x_wconf 78' lang='grc' dir='ltr'>ροὶ</span> <span class='ocrx_word' id='word_1_61' title='bbox 446 1043 547 1111; x_wconf 85' lang='grc' dir='ltr'><strong>τῆς</strong></span> <span class='ocrx_word' id='word_1_62' title='bbox 572 1043 730 1110; x_wconf 85' lang='grc' dir='ltr'>δίκης</span> <span class='ocrx_word' id='word_1_63' title='bbox 763 1039 1042 1111; x_wconf 78' lang='grc' dir='ltr'><strong>ἀκάματοι</strong></span> <span class='ocrx_word' id='word_1_64' title='bbox 1063 1057 1077 1071; x_wconf 72' lang='grc'><strong>⁸</strong></span> <span class='ocrx_word' id='word_1_65' title='bbox 1111 1041 1418 1113; x_wconf 66' lang='grc' dir='ltr'>ταξιάρχας</span> <span class='ocrx_word' id='word_1_66' title='bbox 1435 1057 1494 1094; x_wconf 86' lang='grc' dir='ltr'><strong>τε</strong></span> <span class='ocrx_word' id='word_1_67' title='bbox 1529 1040 1624 1094; x_wconf 59' lang='grc' dir='ltr'><strong>καὶ⁵</strong></span> <span class='ocrx_word' id='word_1_68' title='bbox 1642 1040 1742 1110; x_wconf 79' lang='grc' dir='ltr'>τῆς</span> <span class='ocrx_word' id='word_1_69' title='bbox 1773 1043 1928 1093; x_wconf 76' lang='grc' dir='ltr'>εὐνοο</span> 
     </span>
    </p>
   </div>
   <div class='ocr_carea' id='block_1_12' title="bbox 335 1133 1924 1205">
    <p class='ocr_par' dir='ltr' id='par_1_12' title="bbox 335 1133 1924 1205">
     <span class='ocr_line' id='line_1_12' title="bbox 335 1133 1924 1205; baseline 0.001 -21"><span class='ocrx_word' id='word_1_70' title='bbox 335 1134 462 1205; x_wconf 81' lang='grc' dir='ltr'>μίας</span> <span class='ocrx_word' id='word_1_71' title='bbox 483 1133 761 1204; x_wconf 80' lang='grc' dir='ltr'>διοικητὰς</span> <span class='ocrx_word' id='word_1_72' title='bbox 783 1133 860 1203; x_wconf 83' lang='grc' dir='ltr'><strong>μὴ</strong></span> <span class='ocrx_word' id='word_1_73' title='bbox 882 1136 1058 1203; x_wconf 68' lang='grc' dir='ltr'>μΰνων</span> <span class='ocrx_word' id='word_1_74' title='bbox 1071 1133 1178 1187; x_wconf 85' lang='grc' dir='ltr'><strong>τῶν</strong></span> <span class='ocrx_word' id='word_1_75' title='bbox 1195 1134 1476 1204; x_wconf 75' lang='grc' dir='ltr'>δημοσίων</span> <span class='ocrx_word' id='word_1_76' title='bbox 1497 1133 1769 1204; x_wconf 74' lang='grc' dir='ltr'>πράξεων,</span> <span class='ocrx_word' id='word_1_77' title='bbox 1788 1133 1924 1187; x_wconf 87' lang='grc' dir='ltr'><strong>ἀλλά</strong></span> 
     </span>
    </p>
   </div>
   <div class='ocr_carea' id='block_1_13' title="bbox 333 1225 1926 1298">
    <p class='ocr_par' dir='ltr' id='par_1_13' title="bbox 333 1225 1926 1298">
     <span class='ocr_line' id='line_1_13' title="bbox 333 1225 1926 1298; baseline -0.001 -18"><span class='ocrx_word' id='word_1_78' title='bbox 333 1229 429 1281; x_wconf 69' lang='grc' dir='ltr'><strong>καὶ</strong></span> <span class='ocrx_word' id='word_1_79' title='bbox 463 1225 572 1280; x_wconf 87' lang='grc' dir='ltr'><strong>τῶν</strong></span> <span class='ocrx_word' id='word_1_80' title='bbox 594 1228 650 1278; x_wconf 81' lang='grc' dir='ltr'>ἐν</span> <span class='ocrx_word' id='word_1_81' title='bbox 680 1227 795 1290; x_wconf 87' lang='grc' dir='ltr'>τοῖς</span> <span class='ocrx_word' id='word_1_82' title='bbox 823 1227 1020 1297; x_wconf 85' lang='grc' dir='ltr'>δήμοις</span> <span class='ocrx_word' id='word_1_83' title='bbox 1045 1227 1192 1297; x_wconf 70' lang='grc' dir='ltr'>ἠθῶν</span> <span class='ocrx_word' id='word_1_84' title='bbox 1229 1227 1324 1280; x_wconf 67' lang='grc' dir='ltr'><strong>καὶ</strong></span> <span class='ocrx_word' id='word_1_85' title='bbox 1345 1226 1520 1296; x_wconf 69' lang='grc' dir='ltr'>λόγων</span> <span class='ocrx_word' id='word_1_86' title='bbox 1561 1229 1656 1281; x_wconf 67' lang='grc' dir='ltr'><strong>καὶ</strong></span> <span class='ocrx_word' id='word_1_87' title='bbox 1685 1226 1926 1298; x_wconf 82' lang='grc' dir='ltr'>τρόπων,</span> 
     </span>
    </p>
   </div>
   <div class='ocr_carea' id='block_1_14' title="bbox 333 1317 1913 1392">
    <p class='ocr_par' dir='ltr' id='par_1_14' title="bbox 333 1317 1913 1392">
     <span class='ocr_line' id='line_1_14' title="bbox 333 1317 1913 1392; baseline -0.001 -18"><span class='ocrx_word' id='word_1_88' title='bbox 333 1321 412 1384; x_wconf 84' lang='grc' dir='ltr'>ὡς</span> <span class='ocrx_word' id='word_1_89' title='bbox 440 1319 504 1375; x_wconf 80' lang='grc' dir='ltr'>ἄν</span> <span class='ocrx_word' id='word_1_90' title='bbox 539 1321 875 1392; x_wconf 84' lang='grc' dir='ltr'>μαραίνηται</span> <span class='ocrx_word' id='word_1_91' title='bbox 902 1320 1001 1391; x_wconf 78' lang='grc' dir='ltr'><strong>μὲν</strong></span> <span class='ocrx_word' id='word_1_92' title='bbox 1037 1321 1132 1374; x_wconf 68' lang='grc' dir='ltr'><strong>καὶ</strong></span> <span class='ocrx_word' id='word_1_93' title='bbox 1153 1323 1264 1392; x_wconf 80' lang='grc' dir='ltr'><strong>ἀπῇ</strong></span> <span class='ocrx_word' id='word_1_94' title='bbox 1289 1322 1356 1373; x_wconf 69' lang='grc' dir='ltr'><strong>τά</strong></span> <span class='ocrx_word' id='word_1_95' title='bbox 1382 1319 1668 1386; x_wconf 54' lang='lat' dir='ltr'><strong>natiue“</strong></span> <span class='ocrx_word' id='word_1_96' title='bbox 1702 1321 1802 1387; x_wconf 75' lang='grc' dir='ltr'>τὴν</span> <span class='ocrx_word' id='word_1_97' title='bbox 1820 1317 1913 1372; x_wconf 76' lang='grc' dir='ltr'><strong>τοῦ</strong></span> 
     </span>
    </p>
   </div>
   <div class='ocr_carea' id='block_1_15' title="bbox 331 1413 1924 1484">
    <p class='ocr_par' dir='ltr' id='par_1_15' title="bbox 331 1413 1924 1484">
     <span class='ocr_line' id='line_1_15' title="bbox 331 1413 1924 1484; baseline -0.001 -18"><span class='ocrx_word' id='word_1_98' title='bbox 331 1413 564 1482; x_wconf 76' lang='grc' dir='ltr'>ψεύδους</span> <span class='ocrx_word' id='word_1_99' title='bbox 585 1414 699 1484; x_wconf 78' lang='grc' dir='ltr'>ἔχει</span> <span class='ocrx_word' id='word_1_100' title='bbox 722 1413 1056 1484; x_wconf 77' lang='grc' dir='ltr'>προπέτειαν</span> <span class='ocrx_word' id='word_1_101' title='bbox 1077 1414 1498 1482; x_wconf 76' lang='grc' dir='ltr'>καίὲπιορκίαν,</span> <span class='ocrx_word' id='word_1_102' title='bbox 1535 1413 1706 1484; x_wconf 74' lang='grc' dir='ltr'>θάλλῃ</span> <span class='ocrx_word' id='word_1_103' title='bbox 1739 1413 1794 1464; x_wconf 82' lang='grc' dir='ltr'>δὲ</span> <span class='ocrx_word' id='word_1_104' title='bbox 1829 1414 1924 1466; x_wconf 71' lang='grc' dir='ltr'>καὶ</span> 
     </span>
    </p>
   </div>
   <div class='ocr_carea' id='block_1_16' title="bbox 332 1504 1922 1576">
    <p class='ocr_par' dir='ltr' id='par_1_16' title="bbox 332 1504 1922 1576">
     <span class='ocr_line' id='line_1_16' title="bbox 332 1504 1922 1576; baseline -0.003 -18"><span class='ocrx_word' id='word_1_105' title='bbox 332 1505 469 1574; x_wconf 57' lang='grc' dir='ltr'>ἀνθῇ</span> <span class='ocrx_word' id='word_1_106' title='bbox 497 1504 562 1556; x_wconf 75' lang='grc' dir='ltr'>τὰ</span> <span class='ocrx_word' id='word_1_107' title='bbox 587 1505 747 1558; x_wconf 80' lang='grc' dir='ltr'>καλά’</span> <span class='ocrx_word' id='word_1_108' title='bbox 773 1505 1040 1576; x_wconf 83' lang='grc' dir='ltr'>σεμνότης</span> <span class='ocrx_word' id='word_1_109' title='bbox 1061 1504 1232 1575; x_wconf 85' lang='grc' dir='ltr'>ήθῶν,</span> <span class='ocrx_word' id='word_1_110' title='bbox 1265 1505 1358 1557; x_wconf 77' lang='grc' dir='ltr'>καὶ</span> <span class='ocrx_word' id='word_1_111' title='bbox 1385 1505 1560 1572; x_wconf 73' lang='grc' dir='ltr'>λόγων</span> <span class='ocrx_word' id='word_1_112' title='bbox 1582 1504 1881 1558; x_wconf 76' lang='grc' dir='ltr'>εὐστάθεια</span> <span class='ocrx_word' id='word_1_113' title='bbox 1908 1519 1922 1534; x_wconf 75' lang='grc' dir='ltr'><strong><em>ο</em></strong></span> 
     </span>
    </p>
   </div>
   <div class='ocr_carea' id='block_1_17' title="bbox 331 1593 1927 1666">
    <p class='ocr_par' dir='ltr' id='par_1_17' title="bbox 331 1593 1927 1666">
     <span class='ocr_line' id='line_1_17' title="bbox 331 1593 1927 1666; baseline -0.001 -18"><span class='ocrx_word' id='word_1_114' title='bbox 331 1594 431 1648; x_wconf 81' lang='grc' dir='ltr'>καὶ</span> <span class='ocrx_word' id='word_1_115' title='bbox 459 1593 705 1665; x_wconf 76' lang='grc' dir='ltr'>γλώττης</span> <span class='ocrx_word' id='word_1_116' title='bbox 745 1597 1042 1666; x_wconf 77' lang='grc' dir='ltr'>εὐσχήμων</span> <span class='ocrx_word' id='word_1_117' title='bbox 1072 1597 1306 1666; x_wconf 83' lang='grc' dir='ltr'>ἀλήθεια</span> <span class='ocrx_word' id='word_1_118' title='bbox 1340 1597 1466 1666; x_wconf 68' lang='grc' dir='ltr'>περὶ</span> <span class='ocrx_word' id='word_1_119' title='bbox 1497 1597 1678 1649; x_wconf 78' lang='grc' dir='ltr'>πᾶσαν</span> <span class='ocrx_word' id='word_1_120' title='bbox 1711 1596 1812 1663; x_wconf 75' lang='grc' dir='ltr'>τὴν</span> <span class='ocrx_word' id='word_1_121' title='bbox 1831 1593 1927 1662; x_wconf 85' lang='grc' dir='ltr'><strong>νῆ·-</strong></span> 
     </span>
    </p>
   </div>
   <div class='ocr_carea' id='block_1_18' title="bbox 333 1686 1924 1758">
    <p class='ocr_par' dir='ltr' id='par_1_18' title="bbox 333 1686 1924 1758">
     <span class='ocr_line' id='line_1_18' title="bbox 333 1686 1924 1758; baseline -0.002 -18"><span class='ocrx_word' id='word_1_122' title='bbox 333 1705 448 1755; x_wconf 89' lang='grc' dir='ltr'>σον,</span> <span class='ocrx_word' id='word_1_123' title='bbox 467 1689 717 1758; x_wconf 81' lang='grc' dir='ltr'>καθάπερ</span> <span class='ocrx_word' id='word_1_124' title='bbox 748 1687 885 1758; x_wconf 86' lang='grc' dir='ltr'>ἄνθη</span> <span class='ocrx_word' id='word_1_125' title='bbox 912 1689 1034 1742; x_wconf 82' lang='grc' dir='ltr'>κατ’</span> <span class='ocrx_word' id='word_1_126' title='bbox 1061 1689 1265 1758; x_wconf 80' lang='grc' dir='ltr'>ἀγροὺς</span> <span class='ocrx_word' id='word_1_127' title='bbox 1283 1689 1378 1742; x_wconf 78' lang='grc' dir='ltr'>καὶ</span> <span class='ocrx_word' id='word_1_128' title='bbox 1410 1688 1646 1757; x_wconf 71' lang='grc' dir='ltr'>ζέφυρος</span> <span class='ocrx_word' id='word_1_129' title='bbox 1670 1689 1726 1740; x_wconf 77' lang='grc' dir='ltr'>ἐν</span> <span class='ocrx_word' id='word_1_130' title='bbox 1753 1686 1924 1756; x_wconf 81' lang='grc' dir='ltr'>θέρει,</span> 
     </span>
    </p>
   </div>
   <div class='ocr_carea' id='block_1_19' title="bbox 331 1781 1924 1852">
    <p class='ocr_par' dir='ltr' id='par_1_19' title="bbox 331 1781 1924 1852">
     <span class='ocr_line' id='line_1_19' title="bbox 331 1781 1924 1852; baseline -0.001 -20"><span class='ocrx_word' id='word_1_131' title='bbox 331 1781 603 1852; x_wconf 79' lang='grc' dir='ltr'>τέρποντα</span> <span class='ocrx_word' id='word_1_132' title='bbox 639 1781 734 1834; x_wconf 78' lang='grc' dir='ltr'><strong>καὶ</strong></span> <span class='ocrx_word' id='word_1_133' title='bbox 774 1782 900 1836; x_wconf 76' lang='grc' dir='ltr'>νοῦν</span> <span class='ocrx_word' id='word_1_134' title='bbox 931 1783 1028 1835; x_wconf 73' lang='grc' dir='ltr'><strong>καὶ</strong></span> <span class='ocrx_word' id='word_1_135' title='bbox 1057 1783 1216 1850; x_wconf 84' lang='grc' dir='ltr'>λόγον</span> <span class='ocrx_word' id='word_1_136' title='bbox 1257 1784 1352 1836; x_wconf 69' lang='grc' dir='ltr'><strong>καὶ</strong></span> <span class='ocrx_word' id='word_1_137' title='bbox 1393 1781 1649 1852; x_wconf 73' lang='grc' dir='ltr'>αἴσθησιν</span> <span class='ocrx_word' id='word_1_138' title='bbox 1684 1796 1924 1850; x_wconf 75' lang='grc' dir='ltr'>περιφα-</span> 
     </span>
    </p>
   </div>
   <div class='ocr_carea' id='block_1_20' title="bbox 2035 578 3618 648">
    <p class='ocr_par' dir='ltr' id='par_1_20' title="bbox 2035 578 3618 648">
     <span class='ocr_line' id='line_1_20' title="bbox 2035 578 3618 648; baseline -0.004 -12"><span class='ocrx_word' id='word_1_139' title='bbox 2035 581 2188 636; x_wconf 88' lang='lat' dir='ltr'><strong>enim</strong></span> <span class='ocrx_word' id='word_1_140' title='bbox 2219 582 2556 638; x_wconf 80' lang='lat' dir='ltr'><strong>verbotenns</strong></span> <span class='ocrx_word' id='word_1_141' title='bbox 2583 584 2851 636; x_wconf 78' lang='lat' dir='ltr'><strong>duntaxat</strong></span> <span class='ocrx_word' id='word_1_142' title='bbox 2879 581 3104 635; x_wconf 89' lang='lat' dir='ltr'><strong>virtutis</strong></span> <span class='ocrx_word' id='word_1_143' title='bbox 3155 579 3324 648; x_wconf 82' lang='lat' dir='ltr'><strong>hujus</strong></span> <span class='ocrx_word' id='word_1_144' title='bbox 3343 578 3618 632; x_wconf 85' lang='lat' dir='ltr'><strong>excellen-</strong></span> 
     </span>
    </p>
   </div>
   <div class='ocr_carea' id='block_1_21' title="bbox 2032 670 3617 741">
    <p class='ocr_par' dir='ltr' id='par_1_21' title="bbox 2032 670 3617 741">
     <span class='ocr_line' id='line_1_21' title="bbox 2032 670 3617 741; baseline -0.003 -13"><span class='ocrx_word' id='word_1_145' title='bbox 2032 675 2164 728; x_wconf 95' lang='lat' dir='ltr'><strong>tiam</strong></span> <span class='ocrx_word' id='word_1_146' title='bbox 2196 689 2383 737; x_wconf 87' lang='lat' dir='ltr'><strong>ornas.</strong></span> <span class='ocrx_word' id='word_1_147' title='bbox 2438 675 2628 731; x_wconf 90' lang='lat' dir='ltr'><strong>lances</strong></span> <span class='ocrx_word' id='word_1_148' title='bbox 2690 675 2838 730; x_wconf 90' lang='lat' dir='ltr'><strong>illius</strong></span> <span class='ocrx_word' id='word_1_149' title='bbox 2903 675 3188 738; x_wconf 84' lang='lat' dir='ltr'><strong>nimirum,</strong></span> <span class='ocrx_word' id='word_1_150' title='bbox 3237 681 3292 726; x_wconf 87' lang='lat' dir='ltr'><strong>et</strong></span> <span class='ocrx_word' id='word_1_151' title='bbox 3350 670 3617 741; x_wconf 81' lang='lat' dir='ltr'><strong>ejusmodi</strong></span> 
     </span>
    </p>
   </div>
   <div class='ocr_carea' id='block_1_22' title="bbox 2034 767 3614 840">
    <p class='ocr_par' dir='ltr' id='par_1_22' title="bbox 2034 767 3614 840">
     <span class='ocr_line' id='line_1_22' title="bbox 2034 767 3614 840; baseline 0 -19"><span class='ocrx_word' id='word_1_152' title='bbox 2034 767 2371 823; x_wconf 88' lang='lat' dir='ltr'><strong>trutinarum</strong></span> <span class='ocrx_word' id='word_1_153' title='bbox 2479 786 2753 840; x_wconf 75' lang='lat' dir='ltr'><strong>nusquam</strong></span> <span class='ocrx_word' id='word_1_154' title='bbox 2829 772 3190 826; x_wconf 79' lang='lat' dir='ltr'><strong>inclinantem</strong></span> <span class='ocrx_word' id='word_1_155' title='bbox 3251 771 3614 827; x_wconf 70' lang='lat' dir='ltr'><strong>constantiam</strong></span> 
     </span>
    </p>
   </div>
   <div class='ocr_carea' id='block_1_23' title="bbox 2031 861 3620 935">
    <p class='ocr_par' dir='ltr' id='par_1_23' title="bbox 2031 861 3620 935">
     <span class='ocr_line' id='line_1_23' title="bbox 2031 861 3620 935; baseline 0.001 -21"><span class='ocrx_word' id='word_1_156' title='bbox 2031 861 2448 921; x_wconf 85' lang='lat' dir='ltr'><strong>commendans.</strong></span> <span class='ocrx_word' id='word_1_157' title='bbox 2475 879 2673 919; x_wconf 88' lang='lat' dir='ltr'><strong>verum</strong></span> <span class='ocrx_word' id='word_1_158' title='bbox 2698 866 2862 919; x_wconf 90' lang='lat' dir='ltr'><strong>etiam</strong></span> <span class='ocrx_word' id='word_1_159' title='bbox 2891 866 3120 935; x_wconf 85' lang='lat' dir='ltr'><strong>pulchre</strong></span> <span class='ocrx_word' id='word_1_160' title='bbox 3153 863 3620 920; x_wconf 88' lang='lat' dir='ltr'><strong>convenientibus</strong></span> 
     </span>
    </p>
   </div>
   <div class='ocr_carea' id='block_1_24' title="bbox 2030 948 3616 1023">
    <p class='ocr_par' dir='ltr' id='par_1_24' title="bbox 2030 948 3616 1023">
     <span class='ocr_line' id='line_1_24' title="bbox 2030 948 3616 1023; baseline 0.001 -22"><span class='ocrx_word' id='word_1_161' title='bbox 2030 948 2346 1004; x_wconf 81' lang='lat' dir='ltr'><strong>actionibus</strong></span> <span class='ocrx_word' id='word_1_162' title='bbox 2399 949 2668 1006; x_wconf 67' lang='lat' dir='ltr'><strong>honorum</strong></span> <span class='ocrx_word' id='word_1_163' title='bbox 2719 953 3024 1007; x_wconf 88' lang='lat' dir='ltr'><strong>orationem</strong></span> <span class='ocrx_word' id='word_1_164' title='bbox 3088 951 3443 1023; x_wconf 73' lang='lat' dir='ltr'><strong>cosnprobas,</strong></span> <span class='ocrx_word' id='word_1_165' title='bbox 3485 953 3616 1004; x_wconf 88' lang='lat' dir='ltr'><strong>dum</strong></span> 
     </span>
    </p>
   </div>
   <div class='ocr_carea' id='block_1_25' title="bbox 2029 1041 3620 1116">
    <p class='ocr_par' dir='ltr' id='par_1_25' title="bbox 2029 1041 3620 1116">
     <span class='ocr_line' id='line_1_25' title="bbox 2029 1041 3620 1116; baseline 0 -21"><span class='ocrx_word' id='word_1_166' title='bbox 2029 1041 2144 1096; x_wconf 89' lang='lat' dir='ltr'><strong>acri</strong></span> <span class='ocrx_word' id='word_1_167' title='bbox 2179 1042 2381 1097; x_wconf 85' lang='lat' dir='ltr'><strong>dilectu</strong></span> <span class='ocrx_word' id='word_1_168' title='bbox 2478 1045 2720 1112; x_wconf 85' lang='lat' dir='ltr'><strong>optimos</strong></span> <span class='ocrx_word' id='word_1_169' title='bbox 2779 1062 3031 1116; x_wconf 88' lang='lat' dir='ltr'><strong>quosque</strong></span> <span class='ocrx_word' id='word_1_170' title='bbox 3103 1045 3280 1099; x_wconf 83' lang='lat' dir='ltr'><strong>civilis</strong></span> <span class='ocrx_word' id='word_1_171' title='bbox 3344 1042 3620 1099; x_wconf 68' lang='lat' dir='ltr'><strong>libertatis</strong></span> 
     </span>
    </p>
   </div>
   <div class='ocr_carea' id='block_1_26' title="bbox 2026 1129 3620 1208">
    <p class='ocr_par' dir='ltr' id='par_1_26' title="bbox 2026 1129 3620 1208">
     <span class='ocr_line' id='line_1_26' title="bbox 2026 1129 3620 1208; baseline 0.004 -24"><span class='ocrx_word' id='word_1_172' title='bbox 2026 1129 2281 1202; x_wconf 85' lang='lat' dir='ltr'><strong>jurisque</strong></span> <span class='ocrx_word' id='word_1_173' title='bbox 2319 1135 2651 1203; x_wconf 72' lang='lat' dir='ltr'><strong>:equalitatis</strong></span> <span class='ocrx_word' id='word_1_174' title='bbox 2693 1137 2954 1191; x_wconf 79' lang='lat' dir='ltr'><strong>custodes</strong></span> <span class='ocrx_word' id='word_1_175' title='bbox 2999 1154 3060 1194; x_wconf 87' lang='lat' dir='ltr'><strong>ac</strong></span> <span class='ocrx_word' id='word_1_176' title='bbox 3104 1139 3364 1208; x_wconf 58' lang='lat' dir='ltr'><strong>praesides</strong></span> <span class='ocrx_word' id='word_1_177' title='bbox 3391 1137 3501 1206; x_wconf 85' lang='lat' dir='ltr'><strong>juri</strong></span> <span class='ocrx_word' id='word_1_178' title='bbox 3535 1135 3620 1190; x_wconf 87' lang='lat' dir='ltr'><strong>di-</strong></span> 
     </span>
    </p>
   </div>
   <div class='ocr_carea' id='block_1_27' title="bbox 2031 1223 3620 1298">
    <p class='ocr_par' dir='ltr' id='par_1_27' title="bbox 2031 1223 3620 1298">
     <span class='ocr_line' id='line_1_27' title="bbox 2031 1223 3620 1298; baseline 0.002 -20"><span class='ocrx_word' id='word_1_179' title='bbox 2031 1223 2212 1278; x_wconf 91' lang='lat' dir='ltr'><strong>cundo</strong></span> <span class='ocrx_word' id='word_1_180' title='bbox 2245 1225 2499 1294; x_wconf 68' lang='lat' dir='ltr'><strong>praeficis,</strong></span> <span class='ocrx_word' id='word_1_181' title='bbox 2537 1243 2606 1282; x_wconf 92' lang='lat' dir='ltr'><strong>ne</strong></span> <span class='ocrx_word' id='word_1_182' title='bbox 2646 1245 2743 1298; x_wconf 81' lang='lat' dir='ltr'><strong>per</strong></span> <span class='ocrx_word' id='word_1_183' title='bbox 2796 1230 3066 1285; x_wconf 85' lang='lat' dir='ltr'><strong>incuriam</strong></span> <span class='ocrx_word' id='word_1_184' title='bbox 3121 1231 3352 1286; x_wconf 81' lang='lat' dir='ltr'><strong>fortasse</strong></span> <span class='ocrx_word' id='word_1_185' title='bbox 3405 1231 3620 1286; x_wconf 85' lang='lat' dir='ltr'><strong>ditlluat</strong></span> 
     </span>
    </p>
   </div>
   <div class='ocr_carea' id='block_1_28' title="bbox 2031 1317 3616 1390">
    <p class='ocr_par' dir='ltr' id='par_1_28' title="bbox 2031 1317 3616 1390">
     <span class='ocr_line' id='line_1_28' title="bbox 2031 1317 3616 1390; baseline 0.005 -20"><span class='ocrx_word' id='word_1_186' title='bbox 2031 1317 2294 1384; x_wconf 90' lang='lat' dir='ltr'><strong>paulatim</strong></span> <span class='ocrx_word' id='word_1_187' title='bbox 2319 1319 2600 1390; x_wconf 64' lang='lat' dir='ltr'><strong>egregium</strong></span> <span class='ocrx_word' id='word_1_188' title='bbox 2647 1321 2964 1390; x_wconf 86' lang='lat' dir='ltr'><strong>publicum,</strong></span> <span class='ocrx_word' id='word_1_189' title='bbox 3025 1334 3141 1378; x_wconf 90' lang='lat' dir='ltr'><strong>tum</strong></span> <span class='ocrx_word' id='word_1_190' title='bbox 3198 1325 3388 1380; x_wconf 75' lang='lat' dir='ltr'><strong>aediles</strong></span> <span class='ocrx_word' id='word_1_191' title='bbox 3452 1327 3616 1380; x_wconf 74' lang='lat' dir='ltr'><strong>etiam</strong></span> 
     </span>
    </p>
   </div>
   <div class='ocr_carea' id='block_1_29' title="bbox 2031 1411 3621 1488">
    <p class='ocr_par' dir='ltr' id='par_1_29' title="bbox 2031 1411 3621 1488">
     <span class='ocr_line' id='line_1_29' title="bbox 2031 1411 3621 1488; baseline 0.006 -26"><span class='ocrx_word' id='word_1_192' title='bbox 2031 1419 2086 1462; x_wconf 89' lang='lat' dir='ltr'><strong>et</strong></span> <span class='ocrx_word' id='word_1_193' title='bbox 2117 1411 2328 1465; x_wconf 76' lang='lat' dir='ltr'><strong>macelli</strong></span> <span class='ocrx_word' id='word_1_194' title='bbox 2359 1411 2548 1481; x_wconf 82' lang='lat' dir='ltr'><strong>reique</strong></span> <span class='ocrx_word' id='word_1_195' title='bbox 2595 1413 2974 1470; x_wconf 65' lang='lat' dir='ltr'><strong>frumentariae</strong></span> <span class='ocrx_word' id='word_1_196' title='bbox 3005 1417 3269 1486; x_wconf 66' lang='lat' dir='ltr'><strong>praefecti,</strong></span> <span class='ocrx_word' id='word_1_197' title='bbox 3327 1427 3378 1473; x_wconf 88' lang='lat' dir='ltr'><strong>ct</strong></span> <span class='ocrx_word' id='word_1_198' title='bbox 3417 1427 3588 1488; x_wconf 77' lang='lat' dir='ltr'><strong>przeto</strong></span> <span class='ocrx_word' id='word_1_199' title='bbox 3609 1449 3621 1456; x_wconf 95' lang='lat'><strong>-</strong></span> 
     </span>
    </p>
   </div>
   <div class='ocr_carea' id='block_1_30' title="bbox 2035 1502 3621 1578">
    <p class='ocr_par' dir='ltr' id='par_1_30' title="bbox 2035 1502 3621 1578">
     <span class='ocr_line' id='line_1_30' title="bbox 2035 1502 3621 1578; baseline 0.005 -24"><span class='ocrx_word' id='word_1_200' title='bbox 2035 1517 2128 1556; x_wconf 90' lang='lat' dir='ltr'><strong>res</strong></span> <span class='ocrx_word' id='word_1_201' title='bbox 2149 1502 2610 1574; x_wconf 67' lang='lat' dir='ltr'><strong>quaesitoresque,</strong></span> <span class='ocrx_word' id='word_1_202' title='bbox 2665 1504 2780 1560; x_wconf 88' lang='lat' dir='ltr'><strong>fora</strong></span> <span class='ocrx_word' id='word_1_203' title='bbox 2805 1508 2992 1562; x_wconf 87' lang='lat' dir='ltr'><strong>omnia</strong></span> <span class='ocrx_word' id='word_1_204' title='bbox 3017 1523 3354 1578; x_wconf 88' lang='lat' dir='ltr'><strong>omnemque</strong></span> <span class='ocrx_word' id='word_1_205' title='bbox 3383 1509 3621 1564; x_wconf 89' lang='lat' dir='ltr'><strong>insulam</strong></span> 
     </span>
    </p>
   </div>
   <div class='ocr_carea' id='block_1_31' title="bbox 2033 1597 3624 1671">
    <p class='ocr_par' dir='ltr' id='par_1_31' title="bbox 2033 1597 3624 1671">
     <span class='ocr_line' id='line_1_31' title="bbox 2033 1597 3624 1671; baseline 0.004 -22"><span class='ocrx_word' id='word_1_206' title='bbox 2033 1605 2306 1665; x_wconf 76' lang='lat' dir='ltr'><strong>perpetuo</strong></span> <span class='ocrx_word' id='word_1_207' title='bbox 2346 1597 2578 1663; x_wconf 88' lang='lat' dir='ltr'><strong>obeunt,</strong></span> <span class='ocrx_word' id='word_1_208' title='bbox 2611 1601 3102 1656; x_wconf 87' lang='lat' dir='ltr'><strong>mercimoniorum</strong></span> <span class='ocrx_word' id='word_1_209' title='bbox 3161 1613 3327 1671; x_wconf 89' lang='lat' dir='ltr'><strong>atque</strong></span> <span class='ocrx_word' id='word_1_210' title='bbox 3372 1604 3624 1670; x_wconf 79' lang='lat' dir='ltr'><strong>negotia-</strong></span> 
     </span>
    </p>
   </div>
   <div class='ocr_carea' id='block_1_32' title="bbox 2035 1693 3622 1768">
    <p class='ocr_par' dir='ltr' id='par_1_32' title="bbox 2035 1693 3622 1768">
     <span class='ocr_line' id='line_1_32' title="bbox 2035 1693 3622 1768; baseline 0.006 -23"><span class='ocrx_word' id='word_1_211' title='bbox 2035 1693 2246 1746; x_wconf 89' lang='lat' dir='ltr'><strong>tionum</strong></span> <span class='ocrx_word' id='word_1_212' title='bbox 2337 1693 2557 1760; x_wconf 84' lang='lat' dir='ltr'><strong>arbitri,</strong></span> <span class='ocrx_word' id='word_1_213' title='bbox 2615 1704 2672 1750; x_wconf 88' lang='lat' dir='ltr'><strong>et</strong></span> <span class='ocrx_word' id='word_1_214' title='bbox 2727 1697 2988 1752; x_wconf 85' lang='lat' dir='ltr'><strong>indefessi</strong></span> <span class='ocrx_word' id='word_1_215' title='bbox 3061 1698 3290 1768; x_wconf 70' lang='lat' dir='ltr'><strong>justitize</strong></span> <span class='ocrx_word' id='word_1_216' title='bbox 3341 1697 3622 1754; x_wconf 76' lang='lat' dir='ltr'><strong>vindices:</strong></span> 
     </span>
    </p>
   </div>
   <div class='ocr_carea' id='block_1_33' title="bbox 2033 1770 3627 1860">
    <p class='ocr_par' dir='ltr' id='par_1_33' title="bbox 2033 1770 3627 1860">
     <span class='ocr_line' id='line_1_33' title="bbox 2033 1770 3627 1860; baseline 0.001 -20"><span class='ocrx_word' id='word_1_217' title='bbox 2033 1785 2222 1840; x_wconf 68' lang='lat' dir='ltr'><strong>adhaac</strong></span> <span class='ocrx_word' id='word_1_218' title='bbox 2247 1770 2505 1842; x_wconf 83' lang='lat' dir='ltr'><strong>ordinum</strong></span> <span class='ocrx_word' id='word_1_219' title='bbox 2573 1789 2706 1844; x_wconf 87' lang='lat' dir='ltr'><strong>item</strong></span> <span class='ocrx_word' id='word_1_220' title='bbox 2761 1790 3142 1844; x_wconf 86' lang='lat' dir='ltr'><strong>moderatores</strong></span> <span class='ocrx_word' id='word_1_221' title='bbox 3247 1790 3504 1860; x_wconf 65' lang='lat' dir='ltr'><strong>praeficis,</strong></span> <span class='ocrx_word' id='word_1_222' title='bbox 3569 1801 3627 1847; x_wconf 90' lang='lat' dir='ltr'><strong>et</strong></span> 
     </span>
    </p>
   </div>
   <div class='ocr_carea' id='block_1_34' title="bbox 333 1851 1926 1952">
    <p class='ocr_par' dir='ltr' id='par_1_34' title="bbox 333 1869 1926 1944">
     <span class='ocr_line' id='line_1_34' title="bbox 333 1869 1926 1944; baseline -0.004 -17"><span class='ocrx_word' id='word_1_223' title='bbox 333 1872 460 1934; x_wconf 73' lang='grc' dir='ltr'>νὼς.</span> <span class='ocrx_word' id='word_1_224' title='bbox 491 1869 659 1941; x_wconf 80' lang='grc' dir='ltr'>Οἶμαι</span> <span class='ocrx_word' id='word_1_225' title='bbox 685 1873 741 1926; x_wconf 77' lang='grc' dir='ltr'>δὲ</span> <span class='ocrx_word' id='word_1_226' title='bbox 785 1873 876 1926; x_wconf 79' lang='grc' dir='ltr'>καὶ</span> <span class='ocrx_word' id='word_1_227' title='bbox 917 1873 1145 1926; x_wconf 82' lang='grc' dir='ltr'>Πλάτων</span> <span class='ocrx_word' id='word_1_228' title='bbox 1181 1875 1228 1926; x_wconf 87' lang='grc' dir='ltr'><strong>εἰ</strong></span> <span class='ocrx_word' id='word_1_229' title='bbox 1261 1873 1485 1942; x_wconf 79' lang='grc' dir='ltr'>περιῆν,</span> <span class='ocrx_word' id='word_1_230' title='bbox 1519 1870 1839 1944; x_wconf 76' lang='grc' dir='ltr'>ἐμιμήσατο</span> <span class='ocrx_word' id='word_1_231' title='bbox 1867 1883 1926 1921; x_wconf 84' lang='grc' dir='ltr'><strong>σε</strong></span> 
     </span>
    </p>
   </div>
   <div class='ocr_carea' id='block_1_35' title="bbox 2034 1851 3624 1952">
    <p class='ocr_par' dir='ltr' id='par_1_35' title="bbox 2034 1879 3624 1952">
     <span class='ocr_line' id='line_1_35' title="bbox 2034 1879 3624 1952; baseline 0.003 -18"><span class='ocrx_word' id='word_1_232' title='bbox 2034 1879 2176 1948; x_wconf 68' lang='lat' dir='ltr'><strong>aequi</strong></span> <span class='ocrx_word' id='word_1_233' title='bbox 2215 1895 2278 1934; x_wconf 92' lang='lat' dir='ltr'><strong>ac</strong></span> <span class='ocrx_word' id='word_1_234' title='bbox 2320 1879 2509 1936; x_wconf 86' lang='lat' dir='ltr'><strong>decori</strong></span> <span class='ocrx_word' id='word_1_235' title='bbox 2541 1893 2850 1948; x_wconf 83' lang='lat' dir='ltr'><strong>curatores,</strong></span> <span class='ocrx_word' id='word_1_236' title='bbox 2907 1897 3015 1936; x_wconf 90' lang='lat' dir='ltr'><strong>non</strong></span> <span class='ocrx_word' id='word_1_237' title='bbox 3070 1883 3418 1952; x_wconf 85' lang='lat' dir='ltr'><strong>publicarum</strong></span> <span class='ocrx_word' id='word_1_238' title='bbox 3460 1883 3624 1938; x_wconf 90' lang='lat' dir='ltr'><strong>modo</strong></span> 
     </span>
    </p>
   </div>
   <div class='ocr_carea' id='block_1_36' title="bbox 332 1963 1928 2036">
    <p class='ocr_par' dir='ltr' id='par_1_36' title="bbox 332 1963 1928 2036">
     <span class='ocr_line' id='line_1_36' title="bbox 332 1963 1928 2036; baseline -0.001 -18"><span class='ocrx_word' id='word_1_239' title='bbox 332 1963 424 2029; x_wconf 79' lang='grc' dir='ltr'><strong>ἂν,</strong></span> <span class='ocrx_word' id='word_1_240' title='bbox 458 1982 549 2018; x_wconf 82' lang='grc' dir='ltr'><strong>και</strong></span> <span class='ocrx_word' id='word_1_241' title='bbox 591 1967 847 2036; x_wconf 73' lang='grc' dir='ltr'>ἠγάπησε</span> <span class='ocrx_word' id='word_1_242' title='bbox 878 1967 978 2036; x_wconf 77' lang='grc' dir='ltr'><strong>τὴν</strong></span> <span class='ocrx_word' id='word_1_243' title='bbox 1013 1966 1112 2036; x_wconf 77' lang='grc' dir='ltr'>σὴν</span> <span class='ocrx_word' id='word_1_244' title='bbox 1143 1967 1376 2036; x_wconf 80' lang='grc' dir='ltr'>ταυτηνὶ</span> <span class='ocrx_word' id='word_1_245' title='bbox 1412 1967 1692 2020; x_wconf 72' lang='grc' dir='ltr'>πολιτείαν</span> <span class='ocrx_word' id='word_1_246' title='bbox 1723 1964 1928 2035; x_wconf 80' lang='grc' dir='ltr'>μᾶλλον</span> 
     </span>
    </p>
   </div>
   <div class='ocr_carea' id='block_1_37' title="bbox 332 2055 1927 2130">
    <p class='ocr_par' dir='ltr' id='par_1_37' title="bbox 332 2055 1927 2130">
     <span class='ocr_line' id='line_1_37' title="bbox 332 2055 1927 2130; baseline -0.001 -22"><span class='ocrx_word' id='word_1_247' title='bbox 332 2057 366 2130; x_wconf 73' lang='grc' dir='ltr'>ἢ</span> <span class='ocrx_word' id='word_1_248' title='bbox 404 2059 503 2122; x_wconf 77' lang='grc' dir='ltr'>τὴν</span> <span class='ocrx_word' id='word_1_249' title='bbox 531 2057 680 2126; x_wconf 82' lang='grc' dir='ltr'>αὐτῷ</span> <span class='ocrx_word' id='word_1_250' title='bbox 707 2059 1168 2128; x_wconf 85' lang='grc' dir='ltr'>νομοθετηθεῖσαν</span> <span class='ocrx_word' id='word_1_251' title='bbox 1189 2057 1362 2111; x_wconf 84' lang='grc' dir='ltr'>πάλαι</span> <span class='ocrx_word' id='word_1_252' title='bbox 1389 2076 1403 2091; x_wconf 87' lang='grc'><strong>·</strong></span> <span class='ocrx_word' id='word_1_253' title='bbox 1433 2060 1525 2110; x_wconf 75' lang='grc' dir='ltr'><strong>καὶ</strong></span> <span class='ocrx_word' id='word_1_254' title='bbox 1557 2057 1652 2109; x_wconf 82' lang='grc' dir='ltr'>τοῦ</span> <span class='ocrx_word' id='word_1_255' title='bbox 1684 2055 1927 2126; x_wconf 76' lang='grc' dir='ltr'>συνεχῶς</span> 
     </span>
    </p>
   </div>
   <div class='ocr_carea' id='block_1_38' title="bbox 333 2149 1928 2223">
    <p class='ocr_par' dir='ltr' id='par_1_38' title="bbox 333 2149 1928 2223">
     <span class='ocr_line' id='line_1_38' title="bbox 333 2149 1928 2223; baseline -0.003 -19"><span class='ocrx_word' id='word_1_256' title='bbox 333 2154 413 2214; x_wconf 85' lang='grc' dir='ltr'><strong>είς</strong></span> <span class='ocrx_word' id='word_1_257' title='bbox 447 2152 706 2206; x_wconf 81' lang='grc' dir='ltr'>Σικελίαν</span> <span class='ocrx_word' id='word_1_258' title='bbox 742 2153 1018 2223; x_wconf 82' lang='grc' dir='ltr'>ἀφέμενος</span> <span class='ocrx_word' id='word_1_259' title='bbox 1069 2152 1248 2216; x_wconf 80' lang='grc' dir='ltr'>πλεῖν,</span> <span class='ocrx_word' id='word_1_260' title='bbox 1304 2151 1462 2204; x_wconf 79' lang='grc' dir='ltr'>ἔπλει</span> <span class='ocrx_word' id='word_1_261' title='bbox 1499 2150 1567 2203; x_wconf 83' lang='grc' dir='ltr'>ἂν</span> <span class='ocrx_word' id='word_1_262' title='bbox 1613 2149 1816 2220; x_wconf 84' lang='grc' dir='ltr'>μᾶλλον</span> <span class='ocrx_word' id='word_1_263' title='bbox 1845 2150 1928 2210; x_wconf 88' lang='grc' dir='ltr'><strong>εἰς</strong></span> 
     </span>
    </p>
   </div>
   <div class='ocr_carea' id='block_1_39' title="bbox 331 2234 1926 2319">
    <p class='ocr_par' dir='ltr' id='par_1_39' title="bbox 331 2234 1926 2319">
     <span class='ocr_line' id='line_1_39' title="bbox 331 2234 1926 2319; baseline -0.003 -21"><span class='ocrx_word' id='word_1_264' title='bbox 331 2245 558 2316; x_wconf 83' lang='grc' dir='ltr'>Κύπρον</span> <span class='ocrx_word' id='word_1_265' title='bbox 591 2246 757 2301; x_wconf 69' lang='grc' dir='ltr'>’ἑνεκα</span> <span class='ocrx_word' id='word_1_266' title='bbox 797 2245 890 2300; x_wconf 80' lang='grc' dir='ltr'>σοῦ</span> <span class='ocrx_word' id='word_1_267' title='bbox 921 2248 1016 2302; x_wconf 80' lang='grc' dir='ltr'>καὶ</span> <span class='ocrx_word' id='word_1_268' title='bbox 1045 2247 1144 2319; x_wconf 87' lang='grc' dir='ltr'>τῆς</span> <span class='ocrx_word' id='word_1_269' title='bbox 1181 2247 1283 2316; x_wconf 79' lang='grc' dir='ltr'>σῆς</span> <span class='ocrx_word' id='word_1_270' title='bbox 1319 2234 1595 2308; x_wconf 80' lang='grc' dir='ltr'>πολιτείας</span> <span class='ocrx_word' id='word_1_271' title='bbox 1621 2260 1680 2296; x_wconf 86' lang='grc' dir='ltr'><strong>τε</strong></span> <span class='ocrx_word' id='word_1_272' title='bbox 1711 2245 1806 2296; x_wconf 77' lang='grc' dir='ltr'><strong>καὶ</strong></span> <span class='ocrx_word' id='word_1_273' title='bbox 1834 2258 1926 2295; x_wconf 88' lang='grc' dir='ltr'>νο-</span> 
     </span>
    </p>
   </div>
   <div class='ocr_carea' id='block_1_40' title="bbox 335 2339 618 2408">
    <p class='ocr_par' dir='ltr' id='par_1_40' title="bbox 335 2339 618 2408">
     <span class='ocr_line' id='line_1_40' title="bbox 335 2339 618 2408; baseline 0.018 -17"><span class='ocrx_word' id='word_1_274' title='bbox 335 2339 618 2408; x_wconf 86' lang='grc' dir='ltr'>μοθεσίας.</span> 
     </span>
    </p>
   </div>
   <div class='ocr_carea' id='block_1_41' title="bbox 2037 1975 3627 2047">
    <p class='ocr_par' dir='ltr' id='par_1_41' title="bbox 2037 1975 3627 2047">
     <span class='ocr_line' id='line_1_41' title="bbox 2037 1975 3627 2047; baseline 0.005 -23"><span class='ocrx_word' id='word_1_275' title='bbox 2037 1989 2223 2026; x_wconf 90' lang='lat' dir='ltr'><strong>rerum</strong></span> <span class='ocrx_word' id='word_1_276' title='bbox 2255 1984 2422 2044; x_wconf 77' lang='lat' dir='ltr'><strong>atque</strong></span> <span class='ocrx_word' id='word_1_277' title='bbox 2455 1975 2758 2041; x_wconf 85' lang='lat' dir='ltr'><strong>actionum,</strong></span> <span class='ocrx_word' id='word_1_278' title='bbox 2821 1976 2914 2030; x_wconf 81' lang='lat' dir='ltr'><strong>sed</strong></span> <span class='ocrx_word' id='word_1_279' title='bbox 2969 1976 3024 2030; x_wconf 93' lang='lat' dir='ltr'><strong>in</strong></span> <span class='ocrx_word' id='word_1_280' title='bbox 3053 1975 3187 2046; x_wconf 85' lang='lat' dir='ltr'><strong>ipsis</strong></span> <span class='ocrx_word' id='word_1_281' title='bbox 3243 1977 3409 2031; x_wconf 88' lang='lat' dir='ltr'><strong>etiam</strong></span> <span class='ocrx_word' id='word_1_282' title='bbox 3451 1993 3627 2047; x_wconf 82' lang='lat' dir='ltr'><strong>popu-</strong></span> 
     </span>
    </p>
   </div>
   <div class='ocr_carea' id='block_1_42' title="bbox 2031 2066 3626 2140">
    <p class='ocr_par' dir='ltr' id='par_1_42' title="bbox 2031 2066 3626 2140">
     <span class='ocr_line' id='line_1_42' title="bbox 2031 2066 3626 2140; baseline 0.004 -22"><span class='ocrx_word' id='word_1_283' title='bbox 2031 2066 2098 2120; x_wconf 90' lang='lat' dir='ltr'><strong>lis</strong></span> <span class='ocrx_word' id='word_1_284' title='bbox 2125 2067 2538 2122; x_wconf 88' lang='lat' dir='ltr'><strong>occurrentium</strong></span> <span class='ocrx_word' id='word_1_285' title='bbox 2573 2068 2930 2124; x_wconf 78' lang='lat' dir='ltr'><strong>aﬂ‘ectionum</strong></span> <span class='ocrx_word' id='word_1_286' title='bbox 2949 2069 3394 2140; x_wconf 82' lang='lat' dir='ltr'><strong>studiorumque,</strong></span> <span class='ocrx_word' id='word_1_287' title='bbox 3419 2079 3476 2124; x_wconf 88' lang='lat' dir='ltr'><strong>et</strong></span> <span class='ocrx_word' id='word_1_288' title='bbox 3506 2087 3626 2124; x_wconf 85' lang='lat' dir='ltr'><strong>ser-</strong></span> 
     </span>
    </p>
   </div>
   <div class='ocr_carea' id='block_1_43' title="bbox 2033 2161 3629 2234">
    <p class='ocr_par' dir='ltr' id='par_1_43' title="bbox 2033 2161 3629 2234">
     <span class='ocr_line' id='line_1_43' title="bbox 2033 2161 3629 2234; baseline 0.005 -22"><span class='ocrx_word' id='word_1_289' title='bbox 2033 2174 2281 2224; x_wconf 90' lang='lat' dir='ltr'><strong>monum,</strong></span> <span class='ocrx_word' id='word_1_290' title='bbox 2312 2169 2368 2216; x_wconf 90' lang='lat' dir='ltr'><strong>et</strong></span> <span class='ocrx_word' id='word_1_291' title='bbox 2403 2174 2640 2228; x_wconf 90' lang='lat' dir='ltr'><strong>morum,</strong></span> <span class='ocrx_word' id='word_1_292' title='bbox 2678 2177 2878 2234; x_wconf 87' lang='lat' dir='ltr'><strong>nempe</strong></span> <span class='ocrx_word' id='word_1_293' title='bbox 2912 2177 2973 2219; x_wconf 89' lang='lat' dir='ltr'><strong>ut</strong></span> <span class='ocrx_word' id='word_1_294' title='bbox 3019 2172 3355 2219; x_wconf 84' lang='lat' dir='ltr'><strong>evanescant</strong></span> <span class='ocrx_word' id='word_1_295' title='bbox 3405 2161 3629 2233; x_wconf 87' lang='lat' dir='ltr'><strong>penitus</strong></span> 
     </span>
    </p>
   </div>
   <div class='ocr_carea' id='block_1_44' title="bbox 2031 2247 3627 2322">
    <p class='ocr_par' dir='ltr' id='par_1_44' title="bbox 2031 2247 3627 2322">
     <span class='ocr_line' id='line_1_44' title="bbox 2031 2247 3627 2322; baseline 0.003 -20"><span class='ocrx_word' id='word_1_296' title='bbox 2031 2247 2436 2320; x_wconf 83' lang='lat' dir='ltr'><strong>cxiganturqne</strong></span> <span class='ocrx_word' id='word_1_297' title='bbox 2473 2251 2638 2317; x_wconf 87' lang='lat' dir='ltr'><strong>mala,</strong></span> <span class='ocrx_word' id='word_1_298' title='bbox 2672 2268 3018 2322; x_wconf 79' lang='lat' dir='ltr'><strong>quzecunquc</strong></span> <span class='ocrx_word' id='word_1_299' title='bbox 3054 2252 3330 2306; x_wconf 88' lang='lat' dir='ltr'><strong>mendacii</strong></span> <span class='ocrx_word' id='word_1_300' title='bbox 3400 2251 3627 2306; x_wconf 81' lang='lat' dir='ltr'><strong>temeri-</strong></span> 
     </span>
    </p>
   </div>
   <div class='ocr_carea' id='block_1_45' title="bbox 2042 2341 3626 2413">
    <p class='ocr_par' dir='ltr' id='par_1_45' title="bbox 2042 2341 3626 2413">
     <span class='ocr_line' id='line_1_45' title="bbox 2042 2341 3626 2413; baseline 0.003 -20"><span class='ocrx_word' id='word_1_301' title='bbox 2042 2349 2209 2394; x_wconf 88' lang='lat' dir='ltr'><strong>tatem</strong></span> <span class='ocrx_word' id='word_1_302' title='bbox 2239 2341 2750 2413; x_wconf 84' lang='lat' dir='ltr'><strong>pejerationemqne</strong></span> <span class='ocrx_word' id='word_1_303' title='bbox 2781 2345 3094 2411; x_wconf 69' lang='lat' dir='ltr'><strong>adiunctam</strong></span> <span class='ocrx_word' id='word_1_304' title='bbox 3130 2343 3358 2407; x_wconf 84' lang='lat' dir='ltr'><strong>habent,</strong></span> <span class='ocrx_word' id='word_1_305' title='bbox 3409 2343 3626 2412; x_wconf 80' lang='lat' dir='ltr'><strong>vigeant</strong></span> 
     </span>
    </p>
   </div>
   <div class='ocr_carea' id='block_1_46' title="bbox 333 2433 3631 2510">
    <p class='ocr_par' dir='ltr' id='par_1_46' title="bbox 333 2433 3631 2510">
     <span class='ocr_line' id='line_1_46' title="bbox 333 2433 3631 2510; baseline -0.001 -19"><span class='ocrx_word' id='word_1_306' title='bbox 333 2449 517 2492; x_wconf 80' lang='lat' dir='ltr'><strong>autem</strong></span> <span class='ocrx_word' id='word_1_307' title='bbox 573 2436 917 2510; x_wconf 85' lang='lat' dir='ltr'><strong>tloreantque</strong></span> <span class='ocrx_word' id='word_1_308' title='bbox 949 2439 1094 2494; x_wconf 89' lang='lat' dir='ltr'><strong>bona</strong></span> <span class='ocrx_word' id='word_1_309' title='bbox 1143 2438 1422 2493; x_wconf 89' lang='lat' dir='ltr'><strong>:honesta</strong></span> <span class='ocrx_word' id='word_1_310' title='bbox 1476 2433 1744 2490; x_wconf 89' lang='lat' dir='ltr'><strong>nimirum</strong></span> <span class='ocrx_word' id='word_1_311' title='bbox 1779 2447 1997 2487; x_wconf 91' lang='lat' dir='ltr'><strong>morum</strong></span> <span class='ocrx_word' id='word_1_312' title='bbox 2056 2433 2318 2504; x_wconf 79' lang='lat' dir='ltr'><strong>gravitas,</strong></span> <span class='ocrx_word' id='word_1_313' title='bbox 2378 2446 2435 2492; x_wconf 80' lang='lat' dir='ltr'><strong>et</strong></span> <span class='ocrx_word' id='word_1_314' title='bbox 2490 2437 2766 2493; x_wconf 89' lang='lat' dir='ltr'><strong>dictorum</strong></span> <span class='ocrx_word' id='word_1_315' title='bbox 2835 2438 2993 2505; x_wconf 83' lang='lat' dir='ltr'><strong>tides,</strong></span> <span class='ocrx_word' id='word_1_316' title='bbox 3054 2454 3117 2493; x_wconf 90' lang='lat' dir='ltr'><strong>ac</strong></span> <span class='ocrx_word' id='word_1_317' title='bbox 3189 2437 3520 2500; x_wconf 85' lang='lat' dir='ltr'><strong>constantia,</strong></span> <span class='ocrx_word' id='word_1_318' title='bbox 3575 2449 3631 2490; x_wconf 91' lang='lat' dir='ltr'><strong>ct</strong></span> 
     </span>
    </p>
   </div>
   <div class='ocr_carea' id='block_1_47' title="bbox 337 2523 3626 2600">
    <p class='ocr_par' dir='ltr' id='par_1_47' title="bbox 337 2523 3626 2600">
     <span class='ocr_line' id='line_1_47' title="bbox 337 2523 3626 2600; baseline 0.001 -20"><span class='ocrx_word' id='word_1_319' title='bbox 337 2529 538 2583; x_wconf 81' lang='lat' dir='ltr'><strong>decora</strong></span> <span class='ocrx_word' id='word_1_320' title='bbox 585 2529 784 2600; x_wconf 74' lang='lat' dir='ltr'><strong>lingua:</strong></span> <span class='ocrx_word' id='word_1_321' title='bbox 839 2531 1076 2597; x_wconf 84' lang='lat' dir='ltr'><strong>veritas;</strong></span> <span class='ocrx_word' id='word_1_322' title='bbox 1114 2530 1305 2600; x_wconf 61' lang='lat' dir='ltr'><strong>{idque</strong></span> <span class='ocrx_word' id='word_1_323' title='bbox 1383 2544 1484 2598; x_wconf 90' lang='lat' dir='ltr'><strong>per</strong></span> <span class='ocrx_word' id='word_1_324' title='bbox 1535 2535 1708 2580; x_wconf 90' lang='lat' dir='ltr'><strong>totum</strong></span> <span class='ocrx_word' id='word_1_325' title='bbox 1770 2523 1964 2577; x_wconf 63' lang='lat' dir='ltr'><strong>insulae</strong></span> <span class='ocrx_word' id='word_1_326' title='bbox 2023 2524 2312 2592; x_wconf 83' lang='lat' dir='ltr'><strong>ambitum,</strong></span> <span class='ocrx_word' id='word_1_327' title='bbox 2394 2527 2540 2583; x_wconf 91' lang='lat' dir='ltr'><strong>haud</strong></span> <span class='ocrx_word' id='word_1_328' title='bbox 2595 2531 2755 2585; x_wconf 90' lang='lat' dir='ltr'><strong>aliter</strong></span> <span class='ocrx_word' id='word_1_329' title='bbox 2801 2547 2967 2599; x_wconf 90' lang='lat' dir='ltr'><strong>quam</strong></span> <span class='ocrx_word' id='word_1_330' title='bbox 3033 2531 3087 2585; x_wconf 91' lang='lat' dir='ltr'><strong>in</strong></span> <span class='ocrx_word' id='word_1_331' title='bbox 3149 2531 3300 2600; x_wconf 83' lang='lat' dir='ltr'><strong>agris</strong></span> <span class='ocrx_word' id='word_1_332' title='bbox 3351 2529 3536 2596; x_wconf 77' lang='lat' dir='ltr'><strong>ﬂeres,</strong></span> <span class='ocrx_word' id='word_1_333' title='bbox 3574 2529 3626 2582; x_wconf 88' lang='lat' dir='ltr'><strong>in</strong></span> 
     </span>
    </p>
   </div>
   <div class='ocr_carea' id='block_1_48' title="bbox 337 2617 3629 2697">
    <p class='ocr_par' dir='ltr' id='par_1_48' title="bbox 337 2617 3629 2697">
     <span class='ocr_line' id='line_1_48' title="bbox 337 2617 3629 2697; baseline 0.001 -23"><span class='ocrx_word' id='word_1_334' title='bbox 337 2628 529 2676; x_wconf 55' lang='lat' dir='ltr'><strong>astate</strong></span> <span class='ocrx_word' id='word_1_335' title='bbox 561 2623 786 2694; x_wconf 85' lang='lat' dir='ltr'><strong>zephyri</strong></span> <span class='ocrx_word' id='word_1_336' title='bbox 826 2625 1037 2697; x_wconf 83' lang='lat' dir='ltr'><strong>vigent,</strong></span> <span class='ocrx_word' id='word_1_337' title='bbox 1101 2641 1222 2692; x_wconf 72' lang='lat' dir='ltr'><strong>quae</strong></span> <span class='ocrx_word' id='word_1_338' title='bbox 1266 2637 1321 2678; x_wconf 76' lang='lat' dir='ltr'><strong>et</strong></span> <span class='ocrx_word' id='word_1_339' title='bbox 1375 2623 1586 2684; x_wconf 87' lang='lat' dir='ltr'><strong>animo,</strong></span> <span class='ocrx_word' id='word_1_340' title='bbox 1655 2629 1712 2675; x_wconf 84' lang='lat' dir='ltr'><strong>et</strong></span> <span class='ocrx_word' id='word_1_341' title='bbox 1781 2617 2158 2683; x_wconf 83' lang='lat' dir='ltr'><strong>sermonibus,</strong></span> <span class='ocrx_word' id='word_1_342' title='bbox 2213 2628 2271 2676; x_wconf 86' lang='lat' dir='ltr'><strong>et</strong></span> <span class='ocrx_word' id='word_1_343' title='bbox 2325 2622 2585 2679; x_wconf 84' lang='lat' dir='ltr'><strong>sensibus</strong></span> <span class='ocrx_word' id='word_1_344' title='bbox 2627 2624 3068 2679; x_wconf 72' lang='lat' dir='ltr'><strong>luculentissima</strong></span> <span class='ocrx_word' id='word_1_345' title='bbox 3123 2625 3344 2694; x_wconf 88' lang='lat' dir='ltr'><strong>pariunt</strong></span> <span class='ocrx_word' id='word_1_346' title='bbox 3385 2624 3629 2678; x_wconf 56' lang='lat' dir='ltr'><strong>olulecta-</strong></span> 
     </span>
    </p>
   </div>
   <div class='ocr_carea' id='block_1_49' title="bbox 340 2711 3627 2790">
    <p class='ocr_par' dir='ltr' id='par_1_49' title="bbox 340 2711 3627 2790">
     <span class='ocr_line' id='line_1_49' title="bbox 340 2711 3627 2790; baseline 0 -18"><span class='ocrx_word' id='word_1_347' title='bbox 340 2730 546 2774; x_wconf 89' lang='lat' dir='ltr'><strong>menta.</strong></span> <span class='ocrx_word' id='word_1_348' title='bbox 614 2719 886 2786; x_wconf 88' lang='lat' dir='ltr'><strong>Quocirca</strong></span> <span class='ocrx_word' id='word_1_349' title='bbox 939 2731 996 2776; x_wconf 89' lang='lat' dir='ltr'><strong>et</strong></span> <span class='ocrx_word' id='word_1_350' title='bbox 1061 2722 1352 2778; x_wconf 86' lang='lat' dir='ltr'><strong>Platonem</strong></span> <span class='ocrx_word' id='word_1_351' title='bbox 1419 2721 1624 2788; x_wconf 86' lang='lat' dir='ltr'><strong>ipsum,</strong></span> <span class='ocrx_word' id='word_1_352' title='bbox 1695 2715 1742 2770; x_wconf 90' lang='lat' dir='ltr'><strong>si</strong></span> <span class='ocrx_word' id='word_1_353' title='bbox 1780 2711 1946 2768; x_wconf 88' lang='lat' dir='ltr'><strong>hodie</strong></span> <span class='ocrx_word' id='word_1_354' title='bbox 1979 2713 2270 2771; x_wconf 87' lang='lat' dir='ltr'><strong>nobiscum</strong></span> <span class='ocrx_word' id='word_1_355' title='bbox 2351 2729 2560 2788; x_wconf 88' lang='lat' dir='ltr'><strong>ageret,</strong></span> <span class='ocrx_word' id='word_1_356' title='bbox 2601 2731 2654 2776; x_wconf 90' lang='lat' dir='ltr'><strong>te</strong></span> <span class='ocrx_word' id='word_1_357' title='bbox 2703 2721 3074 2786; x_wconf 84' lang='lat' dir='ltr'><strong>imitaturum,</strong></span> <span class='ocrx_word' id='word_1_358' title='bbox 3153 2731 3414 2790; x_wconf 86' lang='lat' dir='ltr'><strong>tuamque</strong></span> <span class='ocrx_word' id='word_1_359' title='bbox 3465 2718 3627 2775; x_wconf 89' lang='lat' dir='ltr'><strong>istam</strong></span> 
     </span>
    </p>
   </div>
   <div class='ocr_carea' id='block_1_50' title="bbox 335 2805 3628 2886">
    <p class='ocr_par' dir='ltr' id='par_1_50' title="bbox 335 2805 3628 2886">
     <span class='ocr_line' id='line_1_50' title="bbox 335 2805 3628 2886; baseline -0 -18"><span class='ocrx_word' id='word_1_360' title='bbox 335 2814 730 2884; x_wconf 69' lang='lat' dir='ltr'><strong>rempublicam</strong></span> <span class='ocrx_word' id='word_1_361' title='bbox 770 2815 870 2882; x_wconf 90' lang='lat' dir='ltr'><strong>illi,</strong></span> <span class='ocrx_word' id='word_1_362' title='bbox 895 2833 1058 2886; x_wconf 87' lang='lat' dir='ltr'><strong>quam</strong></span> <span class='ocrx_word' id='word_1_363' title='bbox 1099 2817 1217 2872; x_wconf 82' lang='lat' dir='ltr'><strong>suis</strong></span> <span class='ocrx_word' id='word_1_364' title='bbox 1246 2815 1360 2886; x_wconf 87' lang='lat' dir='ltr'><strong>ipse</strong></span> <span class='ocrx_word' id='word_1_365' title='bbox 1383 2812 1598 2884; x_wconf 85' lang='lat' dir='ltr'><strong>legibus</strong></span> <span class='ocrx_word' id='word_1_366' title='bbox 1665 2809 1797 2864; x_wconf 91' lang='lat' dir='ltr'><strong>olim</strong></span> <span class='ocrx_word' id='word_1_367' title='bbox 1856 2805 2246 2875; x_wconf 84' lang='lat' dir='ltr'><strong>descripserat,</strong></span> <span class='ocrx_word' id='word_1_368' title='bbox 2302 2815 2749 2884; x_wconf 87' lang='lat' dir='ltr'><strong>antepositurum</strong></span> <span class='ocrx_word' id='word_1_369' title='bbox 2829 2815 3183 2881; x_wconf 85' lang='lat' dir='ltr'><strong>crediderim,</strong></span> <span class='ocrx_word' id='word_1_370' title='bbox 3248 2825 3414 2885; x_wconf 88' lang='lat' dir='ltr'><strong>atque</strong></span> <span class='ocrx_word' id='word_1_371' title='bbox 3490 2811 3628 2868; x_wconf 63' lang='lat' dir='ltr'><strong>adeo</strong></span> 
     </span>
    </p>
   </div>
   <div class='ocr_carea' id='block_1_51' title="bbox 337 2896 3628 2980">
    <p class='ocr_par' dir='ltr' id='par_1_51' title="bbox 337 2896 3628 2980">
     <span class='ocr_line' id='line_1_51' title="bbox 337 2896 3628 2980; baseline -0.001 -18"><span class='ocrx_word' id='word_1_372' title='bbox 337 2909 430 2964; x_wconf 87' lang='lat' dir='ltr'><strong>illa</strong></span> <span class='ocrx_word' id='word_1_373' title='bbox 463 2919 570 2964; x_wconf 89' lang='lat' dir='ltr'><strong>tam</strong></span> <span class='ocrx_word' id='word_1_374' title='bbox 634 2909 830 2965; x_wconf 88' lang='lat' dir='ltr'><strong>crebra</strong></span> <span class='ocrx_word' id='word_1_375' title='bbox 887 2910 940 2964; x_wconf 90' lang='lat' dir='ltr'><strong>in</strong></span> <span class='ocrx_word' id='word_1_376' title='bbox 993 2910 1238 2966; x_wconf 83' lang='lat' dir='ltr'><strong>Siciliam</strong></span> <span class='ocrx_word' id='word_1_377' title='bbox 1312 2906 1516 2963; x_wconf 90' lang='lat' dir='ltr'><strong>omissa</strong></span> <span class='ocrx_word' id='word_1_378' title='bbox 1593 2899 1968 2973; x_wconf 84' lang='lat' dir='ltr'><strong>navigatione,</strong></span> <span class='ocrx_word' id='word_1_379' title='bbox 2007 2896 2245 2970; x_wconf 83' lang='lat' dir='ltr'><strong>Cyprum</strong></span> <span class='ocrx_word' id='word_1_380' title='bbox 2291 2919 2440 2961; x_wconf 90' lang='lat' dir='ltr'><strong>nunc</strong></span> <span class='ocrx_word' id='word_1_381' title='bbox 2461 2907 2668 2978; x_wconf 87' lang='lat' dir='ltr'><strong>potius,</strong></span> <span class='ocrx_word' id='word_1_382' title='bbox 2737 2918 2828 2964; x_wconf 88' lang='lat' dir='ltr'><strong>tua</strong></span> <span class='ocrx_word' id='word_1_383' title='bbox 2869 2917 3088 2979; x_wconf 64' lang='lat' dir='ltr'><strong>tumque</strong></span> <span class='ocrx_word' id='word_1_384' title='bbox 3121 2908 3438 2980; x_wconf 77' lang='lat' dir='ltr'><strong>reipublicae</strong></span> <span class='ocrx_word' id='word_1_385' title='bbox 3464 2914 3628 2978; x_wconf 76' lang='lat' dir='ltr'><strong>atque</strong></span> 
     </span>
    </p>
   </div>
   <div class='ocr_carea' id='block_1_52' title="bbox 337 3003 1476 3075">
    <p class='ocr_par' dir='ltr' id='par_1_52' title="bbox 337 3003 1476 3075">
     <span class='ocr_line' id='line_1_52' title="bbox 337 3003 1476 3075; baseline -0.001 -17"><span class='ocrx_word' id='word_1_386' title='bbox 337 3005 517 3074; x_wconf 79' lang='lat' dir='ltr'><strong>legum</strong></span> <span class='ocrx_word' id='word_1_387' title='bbox 555 3004 862 3075; x_wconf 74' lang='lat' dir='ltr'><strong>disciplinae</strong></span> <span class='ocrx_word' id='word_1_388' title='bbox 905 3007 1103 3074; x_wconf 85' lang='lat' dir='ltr'><strong>gratia,</strong></span> <span class='ocrx_word' id='word_1_389' title='bbox 1148 3003 1476 3074; x_wconf 89' lang='lat' dir='ltr'><strong>petiturum.</strong></span> 
     </span>
    </p>
   </div>
   <div class='ocr_carea' id='block_1_53' title="bbox 407 3091 1931 3170">
    <p class='ocr_par' dir='ltr' id='par_1_53' title="bbox 407 3091 1931 3170">
     <span class='ocr_line' id='line_1_53' title="bbox 407 3091 1931 3170; baseline -0.005 -19"><span class='ocrx_word' id='word_1_390' title='bbox 407 3097 482 3152; x_wconf 75' lang='grc' dir='ltr'><strong>Γ.</strong></span> <span class='ocrx_word' id='word_1_391' title='bbox 510 3097 632 3152; x_wconf 84' lang='grc' dir='ltr'><strong>Τῶν</strong></span> <span class='ocrx_word' id='word_1_392' title='bbox 666 3099 731 3170; x_wconf 79' lang='grc' dir='ltr'>δὴ</span> <span class='ocrx_word' id='word_1_393' title='bbox 769 3099 1030 3153; x_wconf 76' lang='grc' dir='ltr'>τοιούτων</span> <span class='ocrx_word' id='word_1_394' title='bbox 1056 3101 1153 3166; x_wconf 72' lang='grc' dir='ltr'><strong>τῆς</strong></span> <span class='ocrx_word' id='word_1_395' title='bbox 1185 3100 1354 3168; x_wconf 86' lang='grc' dir='ltr'>νήσου</span> <span class='ocrx_word' id='word_1_396' title='bbox 1381 3097 1590 3168; x_wconf 82' lang='grc' dir='ltr'>ταύτης</span> <span class='ocrx_word' id='word_1_397' title='bbox 1608 3095 1824 3168; x_wconf 82' lang='grc' dir='ltr'>ἀρετῶν</span> <span class='ocrx_word' id='word_1_398' title='bbox 1845 3091 1931 3145; x_wconf 81' lang='grc' dir='ltr'>αῖ-</span> 
     </span>
    </p>
   </div>
   <div class='ocr_carea' id='block_1_54' title="bbox 333 3190 1933 3264">
    <p class='ocr_par' dir='ltr' id='par_1_54' title="bbox 333 3190 1933 3264">
     <span class='ocr_line' id='line_1_54' title="bbox 333 3190 1933 3264; baseline -0.001 -20"><span class='ocrx_word' id='word_1_399' title='bbox 333 3208 450 3255; x_wconf 89' lang='grc' dir='ltr'>τιος</span> <span class='ocrx_word' id='word_1_400' title='bbox 479 3190 579 3262; x_wconf 72' lang='grc' dir='ltr'><strong>μὲν</strong></span> <span class='ocrx_word' id='word_1_401' title='bbox 614 3193 702 3255; x_wconf 82' lang='grc' dir='ltr'><strong>σὺ,</strong></span> <span class='ocrx_word' id='word_1_402' title='bbox 747 3191 921 3255; x_wconf 76' lang='grc' dir='ltr'>αἴτιος</span> <span class='ocrx_word' id='word_1_403' title='bbox 967 3191 1013 3244; x_wconf 88' lang='grc' dir='ltr'>δ’</span> <span class='ocrx_word' id='word_1_404' title='bbox 1043 3195 1076 3262; x_wconf 82' lang='grc' dir='ltr'><strong>ή</strong></span> <span class='ocrx_word' id='word_1_405' title='bbox 1109 3194 1176 3264; x_wconf 84' lang='grc' dir='ltr'><strong>σὴ</strong></span> <span class='ocrx_word' id='word_1_406' title='bbox 1205 3193 1543 3264; x_wconf 72' lang='grc' dir='ltr'>δικαιοσύνη,</span> <span class='ocrx_word' id='word_1_407' title='bbox 1579 3192 1739 3262; x_wconf 85' lang='grc' dir='ltr'>βάσις</span> <span class='ocrx_word' id='word_1_408' title='bbox 1781 3207 1933 3260; x_wconf 80' lang='grc' dir='ltr'>γενο-</span> 
     </span>
    </p>
   </div>
   <div class='ocr_carea' id='block_1_55' title="bbox 2112 3090 3724 3168">
    <p class='ocr_par' dir='ltr' id='par_1_55' title="bbox 2112 3090 3724 3168">
     <span class='ocr_line' id='line_1_55' title="bbox 2112 3090 3724 3168; baseline 0.003 -23"><span class='ocrx_word' id='word_1_409' title='bbox 2112 3090 2205 3146; x_wconf 83' lang='lat' dir='ltr'><strong>Ill.</strong></span> <span class='ocrx_word' id='word_1_410' title='bbox 2238 3093 2630 3167; x_wconf 83' lang='lat' dir='ltr'><strong>Hujuscemodi</strong></span> <span class='ocrx_word' id='word_1_411' title='bbox 2691 3097 2859 3168; x_wconf 87' lang='lat' dir='ltr'><strong>igitur</strong></span> <span class='ocrx_word' id='word_1_412' title='bbox 2892 3096 3087 3150; x_wconf 66' lang='lat' dir='ltr'><strong>insnlze</strong></span> <span class='ocrx_word' id='word_1_413' title='bbox 3139 3097 3301 3153; x_wconf 88' lang='lat' dir='ltr'><strong>istius</strong></span> <span class='ocrx_word' id='word_1_414' title='bbox 3355 3097 3625 3153; x_wconf 78' lang='lat' dir='ltr'><strong>virtutum</strong></span> <span class='ocrx_word' id='word_1_415' title='bbox 3711 3124 3724 3135; x_wconf 86' lang='lat'><strong>-</strong></span> 
     </span>
    </p>
   </div>
   <div class='ocr_carea' id='block_1_56' title="bbox 2040 3191 3627 3262">
    <p class='ocr_par' dir='ltr' id='par_1_56' title="bbox 2040 3191 3627 3262">
     <span class='ocr_line' id='line_1_56' title="bbox 2040 3191 3627 3262; baseline 0.004 -24"><span class='ocrx_word' id='word_1_416' title='bbox 2040 3198 2207 3242; x_wconf 87' lang='lat' dir='ltr'><strong>causa</strong></span> <span class='ocrx_word' id='word_1_417' title='bbox 2249 3195 2366 3244; x_wconf 87' lang='lat' dir='ltr'><strong>tute</strong></span> <span class='ocrx_word' id='word_1_418' title='bbox 2393 3206 2486 3254; x_wconf 83' lang='lat' dir='ltr'><strong>es,</strong></span> <span class='ocrx_word' id='word_1_419' title='bbox 2540 3203 2596 3245; x_wconf 90' lang='lat' dir='ltr'><strong>et</strong></span> <span class='ocrx_word' id='word_1_420' title='bbox 2638 3201 2728 3245; x_wconf 89' lang='lat' dir='ltr'><strong>tua</strong></span> <span class='ocrx_word' id='word_1_421' title='bbox 2755 3191 2965 3260; x_wconf 83' lang='lat' dir='ltr'><strong>pariter</strong></span> <span class='ocrx_word' id='word_1_422' title='bbox 3014 3191 3253 3259; x_wconf 84' lang='lat' dir='ltr'><strong>justitia,</strong></span> <span class='ocrx_word' id='word_1_423' title='bbox 3303 3207 3425 3262; x_wconf 65' lang='lat' dir='ltr'><strong>quae</strong></span> <span class='ocrx_word' id='word_1_424' title='bbox 3481 3193 3627 3246; x_wconf 75' lang='lat' dir='ltr'><strong>basis</strong></span> 
     </span>
    </p>
   </div>
   <div class='ocr_carea' id='block_1_57' title="bbox 339 3280 1926 3358">
    <p class='ocr_par' dir='ltr' id='par_1_57' title="bbox 339 3285 1926 3358">
     <span class='ocr_line' id='line_1_57' title="bbox 339 3285 1926 3358; baseline -0.003 -17"><span class='ocrx_word' id='word_1_425' title='bbox 339 3288 476 3355; x_wconf 84' lang='grc' dir='ltr'>μένη</span> <span class='ocrx_word' id='word_1_426' title='bbox 505 3287 612 3354; x_wconf 62' lang='grc' dir='ltr'>ίκαὶ</span> <span class='ocrx_word' id='word_1_427' title='bbox 648 3289 856 3357; x_wconf 77' lang='grc' dir='ltr'>κρηπὶς</span> <span class='ocrx_word' id='word_1_428' title='bbox 900 3285 997 3340; x_wconf 77' lang='grc' dir='ltr'><strong>καὶ</strong></span> <span class='ocrx_word' id='word_1_429' title='bbox 1040 3285 1295 3357; x_wconf 82' lang='grc' dir='ltr'>θεμέλιος</span> <span class='ocrx_word' id='word_1_430' title='bbox 1343 3287 1645 3358; x_wconf 84' lang='grc' dir='ltr'>ἀκλόνητος</span> <span class='ocrx_word' id='word_1_431' title='bbox 1681 3288 1782 3354; x_wconf 78' lang='grc' dir='ltr'>τῆς</span> <span class='ocrx_word' id='word_1_432' title='bbox 1830 3303 1926 3338; x_wconf 83' lang='grc' dir='ltr'>κα-</span> 
     </span>
    </p>
   </div>
   <div class='ocr_carea' id='block_1_58' title="bbox 2034 3280 3629 3358">
    <p class='ocr_par' dir='ltr' id='par_1_58' title="bbox 2041 3280 3629 3356">
     <span class='ocr_line' id='line_1_58' title="bbox 2041 3280 3629 3356; baseline 0.006 -25"><span class='ocrx_word' id='word_1_433' title='bbox 2041 3287 2098 3332; x_wconf 89' lang='lat' dir='ltr'><strong>et</strong></span> <span class='ocrx_word' id='word_1_434' title='bbox 2134 3280 2578 3347; x_wconf 81' lang='lat' dir='ltr'><strong>fundamentum,</strong></span> <span class='ocrx_word' id='word_1_435' title='bbox 2635 3294 2692 3339; x_wconf 89' lang='lat' dir='ltr'><strong>et</strong></span> <span class='ocrx_word' id='word_1_436' title='bbox 2748 3284 3082 3338; x_wconf 82' lang='lat' dir='ltr'><strong>solidissima</strong></span> <span class='ocrx_word' id='word_1_437' title='bbox 3113 3286 3456 3340; x_wconf 85' lang='lat' dir='ltr'><strong>substructio</strong></span> <span class='ocrx_word' id='word_1_438' title='bbox 3508 3290 3629 3356; x_wconf 82' lang='lat' dir='ltr'><strong>put-</strong></span> 
     </span>
    </p>
   </div>
   <div class='ocr_carea' id='block_1_59' title="bbox 335 3381 1937 3454">
    <p class='ocr_par' dir='ltr' id='par_1_59' title="bbox 335 3381 1937 3454">
     <span class='ocr_line' id='line_1_59' title="bbox 335 3381 1937 3454; baseline 0.001 -22"><span class='ocrx_word' id='word_1_439' title='bbox 335 3381 438 3450; x_wconf 80' lang='grc' dir='ltr'>λῆς</span> <span class='ocrx_word' id='word_1_440' title='bbox 487 3381 796 3453; x_wconf 84' lang='grc' dir='ltr'>οἰκοδομίας</span> <span class='ocrx_word' id='word_1_441' title='bbox 857 3384 956 3436; x_wconf 78' lang='grc' dir='ltr'><strong>σὺν</strong></span> <span class='ocrx_word' id='word_1_442' title='bbox 1011 3383 1251 3454; x_wconf 72' lang='grc' dir='ltr'>ἁρμονίᾳ</span> <span class='ocrx_word' id='word_1_443' title='bbox 1320 3385 1416 3437; x_wconf 73' lang='grc' dir='ltr'><strong>καὶ</strong></span> <span class='ocrx_word' id='word_1_444' title='bbox 1479 3383 1696 3454; x_wconf 79' lang='grc' dir='ltr'>στάθμῃ</span> <span class='ocrx_word' id='word_1_445' title='bbox 1744 3381 1937 3452; x_wconf 88' lang='grc' dir='ltr'>κρατί-</span> 
     </span>
    </p>
   </div>
   <div class='ocr_carea' id='block_1_60' title="bbox 339 3475 1936 3549">
    <p class='ocr_par' dir='ltr' id='par_1_60' title="bbox 339 3475 1936 3549">
     <span class='ocr_line' id='line_1_60' title="bbox 339 3475 1936 3549; baseline -0.001 -20"><span class='ocrx_word' id='word_1_446' title='bbox 339 3493 466 3546; x_wconf 78' lang='grc' dir='ltr'>στῃ.</span> <span class='ocrx_word' id='word_1_447' title='bbox 523 3475 650 3539; x_wconf 84' lang='grc' dir='ltr'>Τοῖς</span> <span class='ocrx_word' id='word_1_448' title='bbox 681 3475 792 3549; x_wconf 80' lang='grc' dir='ltr'><strong>γὰρ</strong></span> <span class='ocrx_word' id='word_1_449' title='bbox 833 3475 1102 3540; x_wconf 88' lang='grc' dir='ltr'>τοιούτοις</span> <span class='ocrx_word' id='word_1_450' title='bbox 1164 3479 1428 3547; x_wconf 80' lang='grc' dir='ltr'>χρηστοῖς</span> <span class='ocrx_word' id='word_1_451' title='bbox 1462 3477 1936 3546; x_wconf 85' lang='grc' dir='ltr'>συνοικοδομεῖται</span> 
     </span>
    </p>
   </div>
   <div class='ocr_carea' id='block_1_61' title="bbox 339 3569 1934 3641">
    <p class='ocr_par' dir='ltr' id='par_1_61' title="bbox 339 3569 1934 3641">
     <span class='ocr_line' id='line_1_61' title="bbox 339 3569 1934 3641; baseline 0.001 -19"><span class='ocrx_word' id='word_1_452' title='bbox 339 3572 434 3623; x_wconf 73' lang='grc' dir='ltr'><strong>καὶ</strong></span> <span class='ocrx_word' id='word_1_453' title='bbox 489 3569 930 3640; x_wconf 72' lang='grc' dir='ltr'>ἑποικοδομεῖται</span> <span class='ocrx_word' id='word_1_454' title='bbox 981 3570 1074 3623; x_wconf 74' lang='grc' dir='ltr'><strong>καὶ</strong></span> <span class='ocrx_word' id='word_1_455' title='bbox 1109 3573 1172 3622; x_wconf 80' lang='grc' dir='ltr'>τὸ</span> <span class='ocrx_word' id='word_1_456' title='bbox 1209 3569 1507 3641; x_wconf 82' lang='grc' dir='ltr'>κράτιστον</span> <span class='ocrx_word' id='word_1_457' title='bbox 1551 3570 1652 3634; x_wconf 80' lang='grc' dir='ltr'>τῆς</span> <span class='ocrx_word' id='word_1_458' title='bbox 1705 3569 1934 3638; x_wconf 81' lang='grc' dir='ltr'>ἀγάπης</span> 
     </span>
    </p>
   </div>
   <div class='ocr_carea' id='block_1_62' title="bbox 337 3661 1932 3734">
    <p class='ocr_par' dir='ltr' id='par_1_62' title="bbox 337 3661 1932 3734">
     <span class='ocr_line' id='line_1_62' title="bbox 337 3661 1932 3734; baseline -0.001 -19"><span class='ocrx_word' id='word_1_459' title='bbox 337 3663 435 3716; x_wconf 77' lang='grc' dir='ltr'>καὶ</span> <span class='ocrx_word' id='word_1_460' title='bbox 491 3661 580 3716; x_wconf 78' lang='grc' dir='ltr'>διὰ</span> <span class='ocrx_word' id='word_1_461' title='bbox 637 3663 820 3730; x_wconf 80' lang='grc' dir='ltr'>πάσης</span> <span class='ocrx_word' id='word_1_462' title='bbox 873 3663 1096 3734; x_wconf 77' lang='grc' dir='ltr'>ἔρχεται</span> <span class='ocrx_word' id='word_1_463' title='bbox 1141 3664 1243 3732; x_wconf 76' lang='grc' dir='ltr'>τῆς</span> <span class='ocrx_word' id='word_1_464' title='bbox 1297 3663 1606 3733; x_wconf 82' lang='grc' dir='ltr'>ἐργασίας·</span> <span class='ocrx_word' id='word_1_465' title='bbox 1673 3661 1932 3730; x_wconf 86' lang='grc' dir='ltr'>καθάπερ</span> 
     </span>
    </p>
   </div>
   <div class='ocr_carea' id='block_1_63' title="bbox 337 3753 1932 3826">
    <p class='ocr_par' dir='ltr' id='par_1_63' title="bbox 337 3753 1932 3826">
     <span class='ocr_line' id='line_1_63' title="bbox 337 3753 1932 3826; baseline 0 -20"><span class='ocrx_word' id='word_1_466' title='bbox 337 3753 536 3822; x_wconf 79' lang='grc' dir='ltr'>χρῶμα</span> <span class='ocrx_word' id='word_1_467' title='bbox 578 3754 817 3825; x_wconf 78' lang='grc' dir='ltr'>χρυσοῦν</span> <span class='ocrx_word' id='word_1_468' title='bbox 856 3754 1195 3825; x_wconf 77' lang='grc' dir='ltr'>ἐπανορθοῦν</span> <span class='ocrx_word' id='word_1_469' title='bbox 1227 3755 1322 3810; x_wconf 80' lang='grc' dir='ltr'>καὶ</span> <span class='ocrx_word' id='word_1_470' title='bbox 1373 3757 1539 3824; x_wconf 84' lang='grc' dir='ltr'>νέμον</span> <span class='ocrx_word' id='word_1_471' title='bbox 1585 3753 1932 3826; x_wconf 85' lang='grc' dir='ltr'>εὐφροσύνην</span> 
     </span>
    </p>
   </div>
   <div class='ocr_carea' id='block_1_64' title="bbox 340 3847 1930 3920">
    <p class='ocr_par' dir='ltr' id='par_1_64' title="bbox 340 3847 1930 3920">
     <span class='ocr_line' id='line_1_64' title="bbox 340 3847 1930 3920; baseline 0.003 -22"><span class='ocrx_word' id='word_1_472' title='bbox 340 3847 487 3918; x_wconf 76' lang='grc' dir='ltr'>ψυχῇ</span> <span class='ocrx_word' id='word_1_473' title='bbox 514 3864 572 3900; x_wconf 88' lang='grc' dir='ltr'><strong>τε</strong></span> <span class='ocrx_word' id='word_1_474' title='bbox 609 3847 707 3902; x_wconf 75' lang='grc' dir='ltr'>καὶ</span> <span class='ocrx_word' id='word_1_475' title='bbox 733 3847 946 3918; x_wconf 87' lang='grc' dir='ltr'>σώματι</span> <span class='ocrx_word' id='word_1_476' title='bbox 971 3863 987 3880; x_wconf 83' lang='grc'>⁶</span> <span class='ocrx_word' id='word_1_477' title='bbox 1019 3849 1052 3918; x_wconf 86' lang='grc' dir='ltr'>ἣ</span> <span class='ocrx_word' id='word_1_478' title='bbox 1098 3848 1303 3919; x_wconf 79' lang='grc' dir='ltr'>μᾶλλον</span> <span class='ocrx_word' id='word_1_479' title='bbox 1332 3848 1589 3920; x_wconf 84' lang='grc' dir='ltr'>καθάπερ</span> <span class='ocrx_word' id='word_1_480' title='bbox 1614 3867 1698 3914; x_wconf 88' lang='grc' dir='ltr'><strong>τις</strong></span> <span class='ocrx_word' id='word_1_481' title='bbox 1731 3848 1930 3918; x_wconf 82' lang='grc' dir='ltr'>δεσμὸς</span> 
     </span>
    </p>
   </div>
   <div class='ocr_carea' id='block_1_65' title="bbox 341 3941 1934 4016">
    <p class='ocr_par' dir='ltr' id='par_1_65' title="bbox 341 3941 1934 4016">
     <span class='ocr_line' id='line_1_65' title="bbox 341 3941 1934 4016; baseline 0.004 -26"><span class='ocrx_word' id='word_1_482' title='bbox 341 3941 726 4012; x_wconf 81' lang='grc' dir='ltr'>περισφίγγων</span> <span class='ocrx_word' id='word_1_483' title='bbox 757 3945 855 3996; x_wconf 68' lang='grc' dir='ltr'>καὶ</span> <span class='ocrx_word' id='word_1_484' title='bbox 889 3942 1318 4014; x_wconf 84' lang='grc' dir='ltr'>συναρμολογῶν</span> <span class='ocrx_word' id='word_1_485' title='bbox 1338 3943 1439 4013; x_wconf 79' lang='grc' dir='ltr'>τὴν</span> <span class='ocrx_word' id='word_1_486' title='bbox 1467 3943 1601 4016; x_wconf 83' lang='grc' dir='ltr'>ὅλην</span> <span class='ocrx_word' id='word_1_487' title='bbox 1634 3943 1745 3997; x_wconf 88' lang='grc' dir='ltr'><strong>τῶν</strong></span> <span class='ocrx_word' id='word_1_488' title='bbox 1779 3945 1934 4015; x_wconf 81' lang='grc' dir='ltr'>εἰρη-</span> 
     </span>
    </p>
   </div>
   <div class='ocr_carea' id='block_1_66' title="bbox 342 4035 1930 4109">
    <p class='ocr_par' dir='ltr' id='par_1_66' title="bbox 342 4035 1930 4109">
     <span class='ocr_line' id='line_1_66' title="bbox 342 4035 1930 4109; baseline 0.001 -19"><span class='ocrx_word' id='word_1_489' title='bbox 342 4035 518 4106; x_wconf 81' lang='grc' dir='ltr'>μένων</span> <span class='ocrx_word' id='word_1_490' title='bbox 535 4035 812 4106; x_wconf 78' lang='grc' dir='ltr'>συνθήκην</span> <span class='ocrx_word' id='word_1_491' title='bbox 835 4036 1041 4091; x_wconf 89' lang='grc' dir='ltr'>καλῶν.</span> <span class='ocrx_word' id='word_1_492' title='bbox 1067 4038 1234 4092; x_wconf 79' lang='grc' dir='ltr'>Ἀνευ</span> <span class='ocrx_word' id='word_1_493' title='bbox 1261 4037 1371 4106; x_wconf 72' lang='grc' dir='ltr'>γὰρ</span> <span class='ocrx_word' id='word_1_494' title='bbox 1394 4037 1618 4109; x_wconf 83' lang='grc' dir='ltr'>ἀγάπης</span> <span class='ocrx_word' id='word_1_495' title='bbox 1644 4039 1798 4092; x_wconf 82' lang='grc' dir='ltr'>οὐδὲν</span> <span class='ocrx_word' id='word_1_496' title='bbox 1820 4039 1930 4092; x_wconf 89' lang='grc' dir='ltr'><strong>τῶν</strong></span> 
     </span>
    </p>
   </div>
   <div class='ocr_carea' id='block_1_67' title="bbox 339 4128 1932 4208">
    <p class='ocr_par' dir='ltr' id='par_1_67' title="bbox 339 4128 1932 4208">
     <span class='ocr_line' id='line_1_67' title="bbox 339 4128 1932 4208; baseline 0.004 -27"><span class='ocrx_word' id='word_1_497' title='bbox 339 4128 562 4197; x_wconf 87' lang='grc' dir='ltr'>ἀγαθῶν</span> <span class='ocrx_word' id='word_1_498' title='bbox 601 4131 806 4198; x_wconf 84' lang='grc' dir='ltr'>ἀγαθόν</span> <span class='ocrx_word' id='word_1_499' title='bbox 839 4146 849 4156; x_wconf 90' lang='grc'><strong>·</strong></span> <span class='ocrx_word' id='word_1_500' title='bbox 880 4131 1024 4202; x_wconf 86' lang='grc' dir='ltr'>αὐτη</span> <span class='ocrx_word' id='word_1_501' title='bbox 1070 4132 1180 4202; x_wconf 88' lang='grc' dir='ltr'><strong>γάρ</strong></span> <span class='ocrx_word' id='word_1_502' title='bbox 1229 4149 1312 4186; x_wconf 90' lang='grc' dir='ltr'><strong>σοι</strong></span> <span class='ocrx_word' id='word_1_503' title='bbox 1347 4135 1444 4187; x_wconf 83' lang='grc' dir='ltr'>καὶ</span> <span class='ocrx_word' id='word_1_504' title='bbox 1475 4135 1576 4204; x_wconf 87' lang='grc' dir='ltr'>τῆς</span> <span class='ocrx_word' id='word_1_505' title='bbox 1619 4135 1932 4208; x_wconf 72' lang='grc' dir='ltr'>φιλοξενίας</span> 
     </span>
    </p>
   </div>
   <div class='ocr_carea' id='block_1_68' title="bbox 337 4223 1929 4298">
    <p class='ocr_par' dir='ltr' id='par_1_68' title="bbox 337 4223 1929 4298">
     <span class='ocr_line' id='line_1_68' title="bbox 337 4223 1929 4298; baseline 0.006 -24"><span class='ocrx_word' id='word_1_506' title='bbox 337 4223 561 4291; x_wconf 77' lang='grc' dir='ltr'>γέγονεν</span> <span class='ocrx_word' id='word_1_507' title='bbox 603 4223 752 4278; x_wconf 87' lang='grc' dir='ltr'>αἰτία</span> <span class='ocrx_word' id='word_1_508' title='bbox 785 4223 987 4296; x_wconf 75' lang='grc' dir='ltr'>σαφὴς,</span> <span class='ocrx_word' id='word_1_509' title='bbox 1015 4225 1112 4279; x_wconf 78' lang='grc' dir='ltr'><strong>καὶ</strong></span> <span class='ocrx_word' id='word_1_510' title='bbox 1165 4226 1388 4281; x_wconf 86' lang='grc' dir='ltr'>πάντων</span> <span class='ocrx_word' id='word_1_511' title='bbox 1445 4227 1568 4296; x_wconf 75' lang='grc' dir='ltr'>μὲν,</span> <span class='ocrx_word' id='word_1_512' title='bbox 1610 4229 1849 4298; x_wconf 85' lang='grc' dir='ltr'>μάλιστα</span> <span class='ocrx_word' id='word_1_513' title='bbox 1883 4228 1929 4283; x_wconf 63' lang='grc' dir='ltr'>δῗ</span> 
     </span>
    </p>
   </div>
   <div class='ocr_carea' id='block_1_69' title="bbox 341 4317 1930 4395">
    <p class='ocr_par' dir='ltr' id='par_1_69' title="bbox 341 4317 1930 4395">
     <span class='ocr_line' id='line_1_69' title="bbox 341 4317 1930 4395; baseline 0.004 -25"><span class='ocrx_word' id='word_1_514' title='bbox 341 4317 604 4395; x_wconf 78' lang='grc' dir='ltr'>ἀπάντων</span> <span class='ocrx_word' id='word_1_515' title='bbox 644 4319 743 4388; x_wconf 87' lang='grc' dir='ltr'>τῆς</span> <span class='ocrx_word' id='word_1_516' title='bbox 791 4318 901 4372; x_wconf 89' lang='grc' dir='ltr'><strong>τῶν</strong></span> <span class='ocrx_word' id='word_1_517' title='bbox 934 4318 1304 4388; x_wconf 75' lang='grc' dir='ltr'>αἰχμαλώτων</span> <span class='ocrx_word' id='word_1_518' title='bbox 1343 4321 1700 4394; x_wconf 75' lang='grc' dir='ltr'>ἐλευθερίαςο</span> <span class='ocrx_word' id='word_1_519' title='bbox 1739 4323 1930 4378; x_wconf 79' lang='grc' dir='ltr'>ὁπόσοι</span> 
     </span>
    </p>
   </div>
   <div class='ocr_carea' id='block_1_70' title="bbox 341 4412 1930 4486">
    <p class='ocr_par' dir='ltr' id='par_1_70' title="bbox 341 4412 1930 4486">
     <span class='ocr_line' id='line_1_70' title="bbox 341 4412 1930 4486; baseline 0.003 -20"><span class='ocrx_word' id='word_1_520' title='bbox 341 4412 653 4468; x_wconf 85' lang='grc' dir='ltr'>πλανῶνται</span> <span class='ocrx_word' id='word_1_521' title='bbox 682 4413 780 4484; x_wconf 79' lang='grc' dir='ltr'>μὲν</span> <span class='ocrx_word' id='word_1_522' title='bbox 803 4413 1230 4482; x_wconf 82' lang='grc' dir='ltr'>περιφερόμενοι</span> <span class='ocrx_word' id='word_1_523' title='bbox 1257 4415 1350 4468; x_wconf 77' lang='grc' dir='ltr'><strong>καὶ</strong></span> <span class='ocrx_word' id='word_1_524' title='bbox 1372 4416 1766 4486; x_wconf 84' lang='grc' dir='ltr'>περιαγόμενοι</span> <span class='ocrx_word' id='word_1_525' title='bbox 1795 4434 1930 4470; x_wconf 86' lang='grc' dir='ltr'>παν-</span> 
     </span>
    </p>
   </div>
   <div class='ocr_carea' id='block_1_71' title="bbox 287 4506 1926 4582">
    <p class='ocr_par' dir='ltr' id='par_1_71' title="bbox 287 4506 1926 4582">
     <span class='ocr_line' id='line_1_71' title="bbox 287 4506 1926 4582; baseline 0.007 -28"><span class='ocrx_word' id='word_1_526' title='bbox 287 4549 295 4554; x_wconf 91' lang='grc'><em>.</em></span> <span class='ocrx_word' id='word_1_527' title='bbox 339 4507 508 4578; x_wconf 81' lang='grc' dir='ltr'>ταχοῦ</span> <span class='ocrx_word' id='word_1_528' title='bbox 561 4507 658 4575; x_wconf 83' lang='grc' dir='ltr'>τῆς</span> <span class='ocrx_word' id='word_1_529' title='bbox 693 4506 1047 4576; x_wconf 82' lang='grc' dir='ltr'>οἰκουμένης,</span> <span class='ocrx_word' id='word_1_530' title='bbox 1099 4509 1198 4562; x_wconf 78' lang='grc' dir='ltr'><strong>καὶ</strong></span> <span class='ocrx_word' id='word_1_531' title='bbox 1237 4509 1350 4562; x_wconf 92' lang='grc' dir='ltr'><strong>τῶν</strong></span> <span class='ocrx_word' id='word_1_532' title='bbox 1397 4512 1499 4580; x_wconf 85' lang='grc' dir='ltr'>τῆς</span> <span class='ocrx_word' id='word_1_533' title='bbox 1546 4513 1926 4582; x_wconf 79' lang='grc' dir='ltr'>αἰχμαλωσίας</span> 
     </span>
    </p>
   </div>
   <div class='ocr_carea' id='block_1_72' title="bbox 339 4601 1931 4673">
    <p class='ocr_par' dir='ltr' id='par_1_72' title="bbox 339 4601 1931 4673">
     <span class='ocr_line' id='line_1_72' title="bbox 339 4601 1931 4673; baseline 0.003 -19"><span class='ocrx_word' id='word_1_534' title='bbox 339 4601 642 4672; x_wconf 70' lang='grc' dir='ltr'>πειρῶνται</span> <span class='ocrx_word' id='word_1_535' title='bbox 669 4601 882 4654; x_wconf 79' lang='grc' dir='ltr'>δεινῶνο</span> <span class='ocrx_word' id='word_1_536' title='bbox 907 4603 1046 4657; x_wconf 79' lang='grc' dir='ltr'><strong>ὲπάν</strong></span> <span class='ocrx_word' id='word_1_537' title='bbox 1067 4601 1114 4656; x_wconf 86' lang='grc' dir='ltr'>δ’</span> <span class='ocrx_word' id='word_1_538' title='bbox 1144 4603 1202 4665; x_wconf 86' lang='grc' dir='ltr'>ὲς</span> <span class='ocrx_word' id='word_1_539' title='bbox 1232 4601 1330 4673; x_wconf 80' lang='grc' dir='ltr'>τὴν</span> <span class='ocrx_word' id='word_1_540' title='bbox 1352 4602 1454 4672; x_wconf 83' lang='grc' dir='ltr'><strong>σὴν</strong></span> <span class='ocrx_word' id='word_1_541' title='bbox 1485 4603 1800 4672; x_wconf 84' lang='grc' dir='ltr'>ἀφίκωνται</span> <span class='ocrx_word' id='word_1_542' title='bbox 1817 4606 1931 4660; x_wconf 80' lang='grc' dir='ltr'><strong>Κύ-</strong></span> 
     </span>
    </p>
   </div>
   <div class='ocr_carea' id='block_1_73' title="bbox 341 4693 1925 4768">
    <p class='ocr_par' dir='ltr' id='par_1_73' title="bbox 341 4693 1925 4768">
     <span class='ocr_line' id='line_1_73' title="bbox 341 4693 1925 4768; baseline 0.004 -23"><span class='ocrx_word' id='word_1_543' title='bbox 341 4711 502 4765; x_wconf 90' lang='grc' dir='ltr'>προν,</span> <span class='ocrx_word' id='word_1_544' title='bbox 531 4693 886 4759; x_wconf 70' lang='grc' dir='ltr'>ἀφικνοῦνται</span> <span class='ocrx_word' id='word_1_545' title='bbox 909 4694 956 4747; x_wconf 85' lang='grc' dir='ltr'>δ’</span> <span class='ocrx_word' id='word_1_546' title='bbox 975 4695 1123 4758; x_wconf 83' lang='grc' dir='ltr'>ὅσοις</span> <span class='ocrx_word' id='word_1_547' title='bbox 1141 4693 1209 4749; x_wconf 83' lang='grc' dir='ltr'>ἂν</span> <span class='ocrx_word' id='word_1_548' title='bbox 1228 4694 1626 4766; x_wconf 88' lang='grc' dir='ltr'>εὐμενέστερον</span> <span class='ocrx_word' id='word_1_549' title='bbox 1638 4697 1925 4768; x_wconf 72' lang='grc' dir='ltr'>ὀφθαλμὸν</span> 
     </span>
    </p>
   </div>
   <div class='ocr_carea' id='block_1_74' title="bbox 337 4786 1924 4860">
    <p class='ocr_par' dir='ltr' id='par_1_74' title="bbox 337 4786 1924 4860">
     <span class='ocr_line' id='line_1_74' title="bbox 337 4786 1924 4860; baseline 0.003 -20"><span class='ocrx_word' id='word_1_550' title='bbox 337 4787 574 4857; x_wconf 69' lang='grc' dir='ltr'>ἐπιϐάλῃ</span> <span class='ocrx_word' id='word_1_551' title='bbox 614 4786 767 4849; x_wconf 85' lang='grc' dir='ltr'>Θεὸς,</span> <span class='ocrx_word' id='word_1_552' title='bbox 801 4787 964 4850; x_wconf 75' lang='grc' dir='ltr'>εὐθὺς</span> <span class='ocrx_word' id='word_1_553' title='bbox 993 4792 1090 4840; x_wconf 75' lang='grc' dir='ltr'><strong>καὶ</strong></span> <span class='ocrx_word' id='word_1_554' title='bbox 1125 4789 1432 4859; x_wconf 78' lang='grc' dir='ltr'>μεταϐολὴν</span> <span class='ocrx_word' id='word_1_555' title='bbox 1459 4791 1630 4860; x_wconf 84' lang='grc' dir='ltr'>ὁρῶσι</span> <span class='ocrx_word' id='word_1_556' title='bbox 1661 4791 1803 4858; x_wconf 85' lang='grc' dir='ltr'>βίου,</span> <span class='ocrx_word' id='word_1_557' title='bbox 1829 4792 1924 4846; x_wconf 76' lang='grc' dir='ltr'><strong>καὶ</strong></span> 
     </span>
    </p>
   </div>
   <div class='ocr_carea' id='block_1_75' title="bbox 335 4879 1925 4954">
    <p class='ocr_par' dir='ltr' id='par_1_75' title="bbox 335 4879 1925 4954">
     <span class='ocr_line' id='line_1_75' title="bbox 335 4879 1925 4954; baseline 0.002 -20"><span class='ocrx_word' id='word_1_558' title='bbox 335 4881 631 4950; x_wconf 85' lang='grc' dir='ltr'>δυστυχίας</span> <span class='ocrx_word' id='word_1_559' title='bbox 687 4879 1034 4950; x_wconf 81' lang='grc' dir='ltr'>ἀπαλλαγὴν,</span> <span class='ocrx_word' id='word_1_560' title='bbox 1074 4881 1332 4952; x_wconf 87' lang='grc' dir='ltr'>καθάπερ</span> <span class='ocrx_word' id='word_1_561' title='bbox 1384 4881 1595 4952; x_wconf 86' lang='grc' dir='ltr'>λέπρας</span> <span class='ocrx_word' id='word_1_562' title='bbox 1652 4883 1925 4954; x_wconf 83' lang='grc' dir='ltr'>κάθαρσιν</span> 
     </span>
    </p>
   </div>
   <div class='ocr_carea' id='block_1_76' title="bbox 337 4971 1923 5046">
    <p class='ocr_par' dir='ltr' id='par_1_76' title="bbox 337 4971 1923 5046">
     <span class='ocr_line' id='line_1_76' title="bbox 337 4971 1923 5046; baseline 0.003 -22"><span class='ocrx_word' id='word_1_563' title='bbox 337 4971 888 5043; x_wconf 75' lang='grc' dir='ltr'>θαυματουργοῦντος</span> <span class='ocrx_word' id='word_1_564' title='bbox 913 4973 1158 5040; x_wconf 82' lang='grc' dir='ltr'>Χριστοῦ</span> <span class='ocrx_word' id='word_1_565' title='bbox 1183 4989 1198 5006; x_wconf 79' lang='grc' dir='ltr'><strong>ο</strong></span> <span class='ocrx_word' id='word_1_566' title='bbox 1221 4977 1296 5038; x_wconf 85' lang='grc' dir='ltr'><strong>ὡς</strong></span> <span class='ocrx_word' id='word_1_567' title='bbox 1327 4975 1578 5036; x_wconf 89' lang='grc' dir='ltr'>γίνεσθαι</span> <span class='ocrx_word' id='word_1_568' title='bbox 1615 4976 1923 5046; x_wconf 80' lang='grc' dir='ltr'>παράδοξον</span> 
     </span>
    </p>
   </div>
   <div class='ocr_carea' id='block_1_77' title="bbox 334 5066 1926 5138">
    <p class='ocr_par' dir='ltr' id='par_1_77' title="bbox 334 5066 1926 5138">
     <span class='ocr_line' id='line_1_77' title="bbox 334 5066 1926 5138; baseline 0.003 -19"><span class='ocrx_word' id='word_1_569' title='bbox 334 5067 534 5136; x_wconf 75' lang='grc' dir='ltr'>τρόπον</span> <span class='ocrx_word' id='word_1_570' title='bbox 557 5067 656 5138; x_wconf 82' lang='grc' dir='ltr'>τὴν</span> <span class='ocrx_word' id='word_1_571' title='bbox 672 5068 908 5137; x_wconf 65' lang='grc' dir='ltr'>ἀπορίαν</span> <span class='ocrx_word' id='word_1_572' title='bbox 929 5066 1194 5134; x_wconf 81' lang='grc' dir='ltr'>εὐπορίας</span> <span class='ocrx_word' id='word_1_573' title='bbox 1221 5069 1456 5138; x_wconf 80' lang='grc' dir='ltr'>μητέρα,</span> <span class='ocrx_word' id='word_1_574' title='bbox 1485 5071 1582 5122; x_wconf 75' lang='grc' dir='ltr'><strong>καὶ</strong></span> <span class='ocrx_word' id='word_1_575' title='bbox 1598 5072 1698 5137; x_wconf 79' lang='grc' dir='ltr'>τὴν</span> <span class='ocrx_word' id='word_1_576' title='bbox 1730 5074 1926 5126; x_wconf 85' lang='grc' dir='ltr'>δυστυ-</span> 
     </span>
    </p>
   </div>
   <div class='ocr_carea' id='block_1_78' title="bbox 334 5140 1926 5232">
    <p class='ocr_par' dir='ltr' id='par_1_78' title="bbox 334 5140 1926 5232">
     <span class='ocr_line' id='line_1_78' title="bbox 334 5140 1926 5232; baseline 0.006 -24"><span class='ocrx_word' id='word_1_577' title='bbox 334 5158 458 5226; x_wconf 84' lang='grc' dir='ltr'>χίαν</span> <span class='ocrx_word' id='word_1_578' title='bbox 484 5157 832 5226; x_wconf 88' lang='grc' dir='ltr'>εὐδαιμονίας</span> <span class='ocrx_word' id='word_1_579' title='bbox 857 5159 1214 5228; x_wconf 82' lang='grc' dir='ltr'>πηγήν.⁶’οσα</span> <span class='ocrx_word' id='word_1_580' title='bbox 1231 5159 1340 5228; x_wconf 82' lang='grc' dir='ltr'>γὰρ</span> <span class='ocrx_word' id='word_1_581' title='bbox 1365 5140 1771 5232; x_wconf 81' lang='grc' dir='ltr'>αἰχμαλωσίαις</span> <span class='ocrx_word' id='word_1_582' title='bbox 1799 5164 1926 5217; x_wconf 69' lang='grc' dir='ltr'>ἒπει-</span> 
     </span>
    </p>
   </div>
   <div class='ocr_carea' id='block_1_79' title="bbox 333 5245 1922 5326">
    <p class='ocr_par' dir='ltr' id='par_1_79' title="bbox 333 5245 1922 5326">
     <span class='ocr_line' id='line_1_79' title="bbox 333 5245 1922 5326; baseline 0.006 -24"><span class='ocrx_word' id='word_1_583' title='bbox 333 5267 427 5302; x_wconf 79' lang='grc' dir='ltr'><strong>ται</strong></span> <span class='ocrx_word' id='word_1_584' title='bbox 447 5251 616 5313; x_wconf 70' lang='grc' dir='ltr'>δεινὰ,</span> <span class='ocrx_word' id='word_1_585' title='bbox 645 5251 740 5303; x_wconf 76' lang='grc' dir='ltr'><strong>καὶ</strong></span> <span class='ocrx_word' id='word_1_586' title='bbox 764 5245 844 5314; x_wconf 78' lang='grc' dir='ltr'>οἷς</span> <span class='ocrx_word' id='word_1_587' title='bbox 875 5253 1193 5320; x_wconf 77' lang='grc' dir='ltr'>ὲπαρῶνται</span> <span class='ocrx_word' id='word_1_588' title='bbox 1225 5253 1428 5316; x_wconf 87' lang='grc' dir='ltr'>πάντες</span> <span class='ocrx_word' id='word_1_589' title='bbox 1451 5256 1544 5308; x_wconf 70' lang='grc' dir='ltr'><strong>καὶ</strong></span> <span class='ocrx_word' id='word_1_590' title='bbox 1585 5256 1922 5326; x_wconf 86' lang='grc' dir='ltr'>ἀπεύχονται</span> 
     </span>
    </p>
   </div>
   <div class='ocr_carea' id='block_1_80' title="bbox 337 5341 1924 5419">
    <p class='ocr_par' dir='ltr' id='par_1_80' title="bbox 337 5341 1924 5419">
     <span class='ocr_line' id='line_1_80' title="bbox 337 5341 1924 5419; baseline 0.006 -26"><span class='ocrx_word' id='word_1_591' title='bbox 337 5341 413 5412; x_wconf 84' lang='grc' dir='ltr'>μὴ</span> <span class='ocrx_word' id='word_1_592' title='bbox 450 5345 660 5412; x_wconf 82' lang='grc' dir='ltr'>τυχεῖν,</span> <span class='ocrx_word' id='word_1_593' title='bbox 686 5346 863 5398; x_wconf 85' lang='grc' dir='ltr'>πάντα</span> <span class='ocrx_word' id='word_1_594' title='bbox 884 5346 1058 5398; x_wconf 84' lang='grc' dir='ltr'>ταῦτα</span> <span class='ocrx_word' id='word_1_595' title='bbox 1089 5349 1169 5410; x_wconf 85' lang='grc' dir='ltr'><strong>εἰς</strong></span> <span class='ocrx_word' id='word_1_596' title='bbox 1203 5347 1371 5417; x_wconf 85' lang='grc' dir='ltr'>εὐχῆς</span> <span class='ocrx_word' id='word_1_597' title='bbox 1403 5351 1794 5416; x_wconf 76' lang='grc' dir='ltr'>μετενήνεκται</span> <span class='ocrx_word' id='word_1_598' title='bbox 1827 5349 1924 5419; x_wconf 77' lang='grc' dir='ltr'><strong>λῆ-</strong></span> 
     </span>
    </p>
   </div>
   <div class='ocr_carea' id='block_1_81' title="bbox 337 5434 1924 5512">
    <p class='ocr_par' dir='ltr' id='par_1_81' title="bbox 337 5434 1924 5512">
     <span class='ocr_line' id='line_1_81' title="bbox 337 5434 1924 5512; baseline 0.006 -25"><span class='ocrx_word' id='word_1_599' title='bbox 337 5434 420 5498; x_wconf 80' lang='grc' dir='ltr'><strong>ξιν</strong></span> <span class='ocrx_word' id='word_1_600' title='bbox 464 5436 670 5499; x_wconf 86' lang='grc' dir='ltr'>αὐτοῖς,</span> <span class='ocrx_word' id='word_1_601' title='bbox 704 5437 889 5490; x_wconf 70' lang='grc' dir='ltr'>ὁπόσοι</span> <span class='ocrx_word' id='word_1_602' title='bbox 931 5437 1030 5507; x_wconf 84' lang='grc' dir='ltr'>τῆς</span> <span class='ocrx_word' id='word_1_603' title='bbox 1066 5439 1166 5509; x_wconf 80' lang='grc' dir='ltr'><strong>σῆς</strong></span> <span class='ocrx_word' id='word_1_604' title='bbox 1214 5441 1580 5508; x_wconf 80' lang='grc' dir='ltr'>πεπείρανται</span> <span class='ocrx_word' id='word_1_605' title='bbox 1606 5441 1794 5512; x_wconf 82' lang='grc' dir='ltr'>νήσου,</span> <span class='ocrx_word' id='word_1_606' title='bbox 1829 5444 1924 5496; x_wconf 68' lang='grc' dir='ltr'><strong>καὶ</strong></span> 
     </span>
    </p>
   </div>
   <div class='ocr_carea' id='block_1_82' title="bbox 334 5529 1924 5608">
    <p class='ocr_par' dir='ltr' id='par_1_82' title="bbox 334 5529 1924 5608">
     <span class='ocr_line' id='line_1_82' title="bbox 334 5529 1924 5608; baseline 0.006 -28"><span class='ocrx_word' id='word_1_607' title='bbox 334 5529 448 5590; x_wconf 85' lang='grc' dir='ltr'>τοῖς</span> <span class='ocrx_word' id='word_1_608' title='bbox 480 5530 594 5592; x_wconf 86' lang='grc' dir='ltr'>σοῖς</span> <span class='ocrx_word' id='word_1_609' title='bbox 627 5531 936 5601; x_wconf 85' lang='grc' dir='ltr'>προσέσχον</span> <span class='ocrx_word' id='word_1_610' title='bbox 975 5533 1076 5601; x_wconf 81' lang='grc' dir='ltr'><strong>τὴν</strong></span> <span class='ocrx_word' id='word_1_611' title='bbox 1108 5534 1340 5604; x_wconf 86' lang='grc' dir='ltr'>γνώμην</span> <span class='ocrx_word' id='word_1_612' title='bbox 1392 5537 1672 5604; x_wconf 85' lang='grc' dir='ltr'>χρηστοῖς.</span> <span class='ocrx_word' id='word_1_613' title='bbox 1701 5536 1776 5588; x_wconf 84' lang='grc' dir='ltr'>Οὐ</span> <span class='ocrx_word' id='word_1_614' title='bbox 1813 5537 1924 5608; x_wconf 80' lang='grc' dir='ltr'>γὰρ</span> 
     </span>
    </p>
   </div>
   <div class='ocr_carea' id='block_1_83' title="bbox 336 5617 1921 5696">
    <p class='ocr_par' dir='ltr' id='par_1_83' title="bbox 336 5617 1921 5696">
     <span class='ocr_line' id='line_1_83' title="bbox 336 5617 1921 5696; baseline 0.008 -27"><span class='ocrx_word' id='word_1_615' title='bbox 336 5617 456 5670; x_wconf 76' lang='grc' dir='ltr'>ἔστι</span> <span class='ocrx_word' id='word_1_616' title='bbox 472 5618 654 5687; x_wconf 84' lang='grc' dir='ltr'>λέγειν</span> <span class='ocrx_word' id='word_1_617' title='bbox 675 5620 751 5684; x_wconf 86' lang='grc' dir='ltr'>ὡς</span> <span class='ocrx_word' id='word_1_618' title='bbox 768 5625 796 5674; x_wconf 86' lang='grc' dir='ltr'>ὁ</span> <span class='ocrx_word' id='word_1_619' title='bbox 821 5623 917 5692; x_wconf 79' lang='grc' dir='ltr'>τῆς</span> <span class='ocrx_word' id='word_1_620' title='bbox 935 5623 1108 5692; x_wconf 82' lang='grc' dir='ltr'>τύχης</span> <span class='ocrx_word' id='word_1_621' title='bbox 1129 5623 1322 5696; x_wconf 71' lang='grc' dir='ltr'>ἔρριψε</span> <span class='ocrx_word' id='word_1_622' title='bbox 1349 5625 1514 5688; x_wconf 71' lang='grc' dir='ltr'>κύϐος</span> <span class='ocrx_word' id='word_1_623' title='bbox 1539 5625 1730 5680; x_wconf 79' lang='grc' dir='ltr'>αὐτόθι</span> <span class='ocrx_word' id='word_1_624' title='bbox 1757 5629 1921 5696; x_wconf 74' lang='grc' dir='ltr'>σφᾶς,</span> 
     </span>
    </p>
   </div>
   <div class='ocr_carea' id='block_1_84' title="bbox 332 5712 1922 5788">
    <p class='ocr_par' dir='ltr' id='par_1_84' title="bbox 332 5712 1922 5788">
     <span class='ocr_line' id='line_1_84' title="bbox 332 5712 1922 5788; baseline 0.007 -24"><span class='ocrx_word' id='word_1_625' title='bbox 332 5712 442 5764; x_wconf 86' lang='grc' dir='ltr'>οὐδ’</span> <span class='ocrx_word' id='word_1_626' title='bbox 472 5713 554 5764; x_wconf 79' lang='grc' dir='ltr'>ὅτι</span> <span class='ocrx_word' id='word_1_627' title='bbox 587 5714 760 5781; x_wconf 84' lang='grc' dir='ltr'>ἄδηλα</span> <span class='ocrx_word' id='word_1_628' title='bbox 794 5715 944 5783; x_wconf 83' lang='grc' dir='ltr'>φύων</span> <span class='ocrx_word' id='word_1_629' title='bbox 975 5717 1180 5788; x_wconf 65' lang='grc' dir='ltr'>χρόνος*</span> <span class='ocrx_word' id='word_1_630' title='bbox 1197 5717 1368 5785; x_wconf 75' lang='grc' dir='ltr'>ἔδειξε</span> <span class='ocrx_word' id='word_1_631' title='bbox 1399 5719 1560 5774; x_wconf 87' lang='grc' dir='ltr'>τοῦτο</span> <span class='ocrx_word' id='word_1_632' title='bbox 1585 5723 1698 5783; x_wconf 83' lang='grc' dir='ltr'>τοῖς</span> <span class='ocrx_word' id='word_1_633' title='bbox 1731 5721 1922 5775; x_wconf 88' lang='grc' dir='ltr'>ταλαι-</span> 
     </span>
    </p>
   </div>
   <div class='ocr_carea' id='block_1_85' title="bbox 336 5803 1922 5883">
    <p class='ocr_par' dir='ltr' id='par_1_85' title="bbox 336 5803 1922 5883">
     <span class='ocr_line' id='line_1_85' title="bbox 336 5803 1922 5883; baseline 0.006 -26"><span class='ocrx_word' id='word_1_634' title='bbox 336 5803 539 5873; x_wconf 79' lang='grc' dir='ltr'>πώροις</span> <span class='ocrx_word' id='word_1_635' title='bbox 561 5808 746 5860; x_wconf 82' lang='grc' dir='ltr'>καινόν</span> <span class='ocrx_word' id='word_1_636' title='bbox 768 5825 782 5839; x_wconf 75' lang='grc' dir='ltr'><strong>ο</strong></span> <span class='ocrx_word' id='word_1_637' title='bbox 815 5809 930 5863; x_wconf 83' lang='grc' dir='ltr'>ἀλλ’</span> <span class='ocrx_word' id='word_1_638' title='bbox 955 5813 988 5882; x_wconf 81' lang='grc' dir='ltr'>ἡ</span> <span class='ocrx_word' id='word_1_639' title='bbox 1017 5810 1198 5873; x_wconf 81' lang='grc' dir='ltr'>καλῶς</span> <span class='ocrx_word' id='word_1_640' title='bbox 1230 5830 1289 5864; x_wconf 91' lang='grc' dir='ltr'><strong>τε</strong></span> <span class='ocrx_word' id='word_1_641' title='bbox 1315 5813 1408 5866; x_wconf 73' lang='grc' dir='ltr'><strong>καὶ</strong></span> <span class='ocrx_word' id='word_1_642' title='bbox 1435 5814 1682 5883; x_wconf 83' lang='grc' dir='ltr'>εὐμενῶς</span> <span class='ocrx_word' id='word_1_643' title='bbox 1712 5813 1922 5868; x_wconf 82' lang='grc' dir='ltr'>ἄνωθεν</span> 
     </span>
    </p>
   </div>
   <div class='ocr_carea' id='block_1_86' title="bbox 337 5900 1921 5978">
    <p class='ocr_par' dir='ltr' id='par_1_86' title="bbox 337 5900 1921 5978">
     <span class='ocr_line' id='line_1_86' title="bbox 337 5900 1921 5978; baseline 0.001 -24"><span class='ocrx_word' id='word_1_644' title='bbox 337 5900 519 5964; x_wconf 53' lang='lat' dir='ltr'><strong>culmi;</strong></span> <span class='ocrx_word' id='word_1_645' title='bbox 547 5901 852 5956; x_wconf 66' lang='grc' dir='ltr'>διατεθείη</span> <span class='ocrx_word' id='word_1_646' title='bbox 881 5905 996 5959; x_wconf 68' lang='grc' dir='ltr'>θεῖα</span> <span class='ocrx_word' id='word_1_647' title='bbox 1032 5907 1258 5978; x_wconf 71' lang='grc' dir='ltr'>πρόνοια</span> <span class='ocrx_word' id='word_1_648' title='bbox 1281 5905 1459 5970; x_wconf 76' lang='grc' dir='ltr'>καλῶς</span> <span class='ocrx_word' id='word_1_649' title='bbox 1479 5909 1569 5960; x_wconf 70' lang='grc' dir='ltr'><strong>καὶ</strong></span> <span class='ocrx_word' id='word_1_650' title='bbox 1598 5907 1818 5971; x_wconf 79' lang='grc' dir='ltr'>τούτους</span> <span class='ocrx_word' id='word_1_651' title='bbox 1845 5911 1921 5970; x_wconf 74' lang='grc' dir='ltr'>εὶς</span> 
     </span>
    </p>
   </div>
   <div class='ocr_carea' id='block_1_87' title="bbox 1958 4645 2008 4706">
    <p class='ocr_par' dir='ltr' id='par_1_87' title="bbox 1958 4645 2008 4706">
     <span class='ocr_line' id='line_1_87' title="bbox 1958 4645 2008 4706; baseline 0 0"><span class='ocrx_word' id='word_1_652' title='bbox 1958 4645 2008 4706; x_wconf 87' lang='grc'><strong>1)</strong></span> 
     </span>
    </p>
   </div>
   <div class='ocr_carea' id='block_1_88' title="bbox 2039 3374 3626 3448">
    <p class='ocr_par' dir='ltr' id='par_1_88' title="bbox 2039 3374 3626 3448">
     <span class='ocr_line' id='line_1_88' title="bbox 2039 3374 3626 3448; baseline 0.002 -20"><span class='ocrx_word' id='word_1_653' title='bbox 2039 3374 2303 3430; x_wconf 88' lang='lat' dir='ltr'><strong>cherrimi</strong></span> <span class='ocrx_word' id='word_1_654' title='bbox 2371 3377 2590 3432; x_wconf 71' lang='lat' dir='ltr'><strong>tediticii</strong></span> <span class='ocrx_word' id='word_1_655' title='bbox 2649 3387 2906 3433; x_wconf 80' lang='lat' dir='ltr'><strong>cst.cu:n</strong></span> <span class='ocrx_word' id='word_1_656' title='bbox 2965 3377 3169 3433; x_wconf 86' lang='lat' dir='ltr'><strong>solerte</strong></span> <span class='ocrx_word' id='word_1_657' title='bbox 3237 3379 3476 3448; x_wconf 87' lang='lat' dir='ltr'><strong>partium</strong></span> <span class='ocrx_word' id='word_1_658' title='bbox 3535 3381 3626 3432; x_wconf 84' lang='lat' dir='ltr'><strong>de-</strong></span> 
     </span>
    </p>
   </div>
   <div class='ocr_carea' id='block_1_89' title="bbox 2036 3469 3624 3542">
    <p class='ocr_par' dir='ltr' id='par_1_89' title="bbox 2036 3469 3624 3542">
     <span class='ocr_line' id='line_1_89' title="bbox 2036 3469 3624 3542; baseline 0.001 -18"><span class='ocrx_word' id='word_1_659' title='bbox 2036 3469 2361 3538; x_wconf 83' lang='lat' dir='ltr'><strong>scriptione,</strong></span> <span class='ocrx_word' id='word_1_660' title='bbox 2384 3473 2704 3542; x_wconf 88' lang='lat' dir='ltr'><strong>optimaque</strong></span> <span class='ocrx_word' id='word_1_661' title='bbox 2728 3475 2961 3530; x_wconf 86' lang='lat' dir='ltr'><strong>amussi.</strong></span> <span class='ocrx_word' id='word_1_662' title='bbox 2981 3471 3119 3528; x_wconf 89' lang='lat' dir='ltr'><strong>Cum</strong></span> <span class='ocrx_word' id='word_1_663' title='bbox 3149 3473 3450 3528; x_wconf 89' lang='lat' dir='ltr'><strong>illiusmodi</strong></span> <span class='ocrx_word' id='word_1_664' title='bbox 3476 3474 3624 3528; x_wconf 87' lang='lat' dir='ltr'><strong>enim</strong></span> 
     </span>
    </p>
   </div>
   <div class='ocr_carea' id='block_1_90' title="bbox 2038 3563 3627 3638">
    <p class='ocr_par' dir='ltr' id='par_1_90' title="bbox 2038 3563 3627 3638">
     <span class='ocr_line' id='line_1_90' title="bbox 2038 3563 3627 3638; baseline 0.005 -23"><span class='ocrx_word' id='word_1_665' title='bbox 2038 3563 2336 3618; x_wconf 86' lang='lat' dir='ltr'><strong>virtutibus</strong></span> <span class='ocrx_word' id='word_1_666' title='bbox 2394 3581 2498 3620; x_wconf 85' lang='lat' dir='ltr'><strong>una</strong></span> <span class='ocrx_word' id='word_1_667' title='bbox 2535 3566 2914 3623; x_wconf 76' lang='lat' dir='ltr'><strong>exaedificatur</strong></span> <span class='ocrx_word' id='word_1_668' title='bbox 2956 3584 3022 3624; x_wconf 89' lang='lat' dir='ltr'><strong>ac</strong></span> <span class='ocrx_word' id='word_1_669' title='bbox 3051 3569 3459 3638; x_wconf 83' lang='lat' dir='ltr'><strong>superstruitur</strong></span> <span class='ocrx_word' id='word_1_670' title='bbox 3490 3583 3627 3637; x_wconf 72' lang='lat' dir='ltr'><strong>prae-</strong></span> 
     </span>
    </p>
   </div>
   <div class='ocr_carea' id='block_1_91' title="bbox 2035 3657 3624 3731">
    <p class='ocr_par' dir='ltr' id='par_1_91' title="bbox 2035 3657 3624 3731">
     <span class='ocr_line' id='line_1_91' title="bbox 2035 3657 3624 3731; baseline 0.001 -21"><span class='ocrx_word' id='word_1_671' title='bbox 2035 3657 2246 3710; x_wconf 89' lang='lat' dir='ltr'><strong>clarum</strong></span> <span class='ocrx_word' id='word_1_672' title='bbox 2272 3657 2405 3712; x_wconf 91' lang='lat' dir='ltr'><strong>illud</strong></span> <span class='ocrx_word' id='word_1_673' title='bbox 2432 3658 2720 3714; x_wconf 87' lang='lat' dir='ltr'><strong>charitatis</strong></span> <span class='ocrx_word' id='word_1_674' title='bbox 2740 3660 2932 3725; x_wconf 88' lang='lat' dir='ltr'><strong>decus,</strong></span> <span class='ocrx_word' id='word_1_675' title='bbox 2960 3669 3131 3731; x_wconf 90' lang='lat' dir='ltr'><strong>atque</strong></span> <span class='ocrx_word' id='word_1_676' title='bbox 3152 3660 3426 3729; x_wconf 90' lang='lat' dir='ltr'><strong>reliquum</strong></span> <span class='ocrx_word' id='word_1_677' title='bbox 3459 3674 3624 3714; x_wconf 70' lang='lat' dir='ltr'><strong>emno.</strong></span> 
     </span>
    </p>
   </div>
   <div class='ocr_carea' id='block_1_92' title="bbox 2035 3749 3625 3821">
    <p class='ocr_par' dir='ltr' id='par_1_92' title="bbox 2035 3749 3625 3821">
     <span class='ocr_line' id='line_1_92' title="bbox 2035 3749 3625 3821; baseline 0.003 -17"><span class='ocrx_word' id='word_1_678' title='bbox 2035 3749 2289 3821; x_wconf 91' lang='lat' dir='ltr'><strong>pervadit</strong></span> <span class='ocrx_word' id='word_1_679' title='bbox 2315 3752 2694 3821; x_wconf 80' lang='lat' dir='ltr'><strong>opus:instar</strong></span> <span class='ocrx_word' id='word_1_680' title='bbox 2719 3755 2882 3809; x_wconf 87' lang='lat' dir='ltr'><strong>aurei</strong></span> <span class='ocrx_word' id='word_1_681' title='bbox 2936 3754 3163 3821; x_wconf 90' lang='lat' dir='ltr'><strong>coloris,</strong></span> <span class='ocrx_word' id='word_1_682' title='bbox 3220 3755 3404 3810; x_wconf 82' lang='lat' dir='ltr'><strong>omnia</strong></span> <span class='ocrx_word' id='word_1_683' title='bbox 3462 3756 3625 3810; x_wconf 88' lang='lat' dir='ltr'><strong>ador-</strong></span> 
     </span>
    </p>
   </div>
   <div class='ocr_carea' id='block_1_93' title="bbox 2035 3841 3620 3920">
    <p class='ocr_par' dir='ltr' id='par_1_93' title="bbox 2035 3841 3620 3920">
     <span class='ocr_line' id='line_1_93' title="bbox 2035 3841 3620 3920; baseline 0.001 -22"><span class='ocrx_word' id='word_1_684' title='bbox 2035 3841 2244 3909; x_wconf 85' lang='lat' dir='ltr'><strong>nantis,</strong></span> <span class='ocrx_word' id='word_1_685' title='bbox 2290 3847 2592 3918; x_wconf 86' lang='lat' dir='ltr'><strong>animoque</strong></span> <span class='ocrx_word' id='word_1_686' title='bbox 2638 3849 2851 3918; x_wconf 87' lang='lat' dir='ltr'><strong>pariter</strong></span> <span class='ocrx_word' id='word_1_687' title='bbox 2895 3859 2952 3904; x_wconf 90' lang='lat' dir='ltr'><strong>et</strong></span> <span class='ocrx_word' id='word_1_688' title='bbox 2991 3849 3212 3920; x_wconf 87' lang='lat' dir='ltr'><strong>corpori</strong></span> <span class='ocrx_word' id='word_1_689' title='bbox 3239 3849 3620 3904; x_wconf 83' lang='lat' dir='ltr'><strong>suavissimam</strong></span> 
     </span>
    </p>
   </div>
   <div class='ocr_carea' id='block_1_94' title="bbox 2035 3935 3620 4008">
    <p class='ocr_par' dir='ltr' id='par_1_94' title="bbox 2035 3935 3620 4008">
     <span class='ocr_line' id='line_1_94' title="bbox 2035 3935 3620 4008; baseline 0.003 -17"><span class='ocrx_word' id='word_1_690' title='bbox 2035 3935 2408 4008; x_wconf 88' lang='lat' dir='ltr'><strong>dispensantis</strong></span> <span class='ocrx_word' id='word_1_691' title='bbox 2426 3938 2834 4008; x_wconf 70' lang='lat' dir='ltr'><strong>iucunditatem</strong></span> <span class='ocrx_word' id='word_1_692' title='bbox 2860 3959 2873 3996; x_wconf 92' lang='lat'><strong>:</strong></span> <span class='ocrx_word' id='word_1_693' title='bbox 2897 3952 2994 3996; x_wconf 80' lang='lat' dir='ltr'><strong>aut</strong></span> <span class='ocrx_word' id='word_1_694' title='bbox 3021 3941 3232 4006; x_wconf 89' lang='lat' dir='ltr'><strong>verius,</strong></span> <span class='ocrx_word' id='word_1_695' title='bbox 3267 3941 3446 3995; x_wconf 86' lang='lat' dir='ltr'><strong>instar</strong></span> <span class='ocrx_word' id='word_1_696' title='bbox 3491 3943 3620 3996; x_wconf 90' lang='lat' dir='ltr'><strong>nodi</strong></span> 
     </span>
    </p>
   </div>
   <div class='ocr_carea' id='block_1_95' title="bbox 2035 4033 3620 4106">
    <p class='ocr_par' dir='ltr' id='par_1_95' title="bbox 2035 4033 3620 4106">
     <span class='ocr_line' id='line_1_95' title="bbox 2035 4033 3620 4106; baseline 0.001 -20"><span class='ocrx_word' id='word_1_697' title='bbox 2035 4033 2346 4104; x_wconf 83' lang='lat' dir='ltr'><strong>cujusdam,</strong></span> <span class='ocrx_word' id='word_1_698' title='bbox 2382 4033 2650 4090; x_wconf 87' lang='lat' dir='ltr'><strong>virtutum</strong></span> <span class='ocrx_word' id='word_1_699' title='bbox 2687 4049 2906 4101; x_wconf 86' lang='lat' dir='ltr'><strong>earum,</strong></span> <span class='ocrx_word' id='word_1_700' title='bbox 2967 4052 3104 4106; x_wconf 88' lang='lat' dir='ltr'><strong>quas</strong></span> <span class='ocrx_word' id='word_1_701' title='bbox 3135 4035 3396 4095; x_wconf 84' lang='lat' dir='ltr'><strong>diximus.</strong></span> <span class='ocrx_word' id='word_1_702' title='bbox 3447 4045 3620 4088; x_wconf 89' lang='lat' dir='ltr'><strong>totum</strong></span> 
     </span>
    </p>
   </div>
   <div class='ocr_carea' id='block_1_96' title="bbox 2033 4125 3616 4199">
    <p class='ocr_par' dir='ltr' id='par_1_96' title="bbox 2033 4125 3616 4199">
     <span class='ocr_line' id='line_1_96' title="bbox 2033 4125 3616 4199; baseline 0.001 -19"><span class='ocrx_word' id='word_1_703' title='bbox 2033 4125 2464 4196; x_wconf 82' lang='lat' dir='ltr'><strong>constringentis</strong></span> <span class='ocrx_word' id='word_1_704' title='bbox 2518 4129 3030 4199; x_wconf 88' lang='lat' dir='ltr'><strong>compingentisque</strong></span> <span class='ocrx_word' id='word_1_705' title='bbox 3079 4135 3424 4183; x_wconf 75' lang='lat' dir='ltr'><strong>contextum.</strong></span> <span class='ocrx_word' id='word_1_706' title='bbox 3481 4127 3616 4182; x_wconf 87' lang='lat' dir='ltr'><strong>Sine</strong></span> 
     </span>
    </p>
   </div>
   <div class='ocr_carea' id='block_1_97' title="bbox 2033 4219 3620 4288">
    <p class='ocr_par' dir='ltr' id='par_1_97' title="bbox 2033 4219 3620 4288">
     <span class='ocr_line' id='line_1_97' title="bbox 2033 4219 3620 4288; baseline -0.001 -12"><span class='ocrx_word' id='word_1_707' title='bbox 2033 4219 2304 4276; x_wconf 85' lang='lat' dir='ltr'><strong>charitale</strong></span> <span class='ocrx_word' id='word_1_708' title='bbox 2328 4221 2478 4275; x_wconf 88' lang='lat' dir='ltr'><strong>enim</strong></span> <span class='ocrx_word' id='word_1_709' title='bbox 2529 4222 2802 4277; x_wconf 73' lang='lat' dir='ltr'><strong>b-vnarum</strong></span> <span class='ocrx_word' id='word_1_710' title='bbox 2847 4238 3032 4277; x_wconf 88' lang='lat' dir='ltr'><strong>rerum</strong></span> <span class='ocrx_word' id='word_1_711' title='bbox 3059 4223 3208 4276; x_wconf 89' lang='lat' dir='ltr'><strong>nulla</strong></span> <span class='ocrx_word' id='word_1_712' title='bbox 3239 4222 3384 4276; x_wconf 88' lang='lat' dir='ltr'><strong>bona</strong></span> <span class='ocrx_word' id='word_1_713' title='bbox 3409 4233 3527 4288; x_wconf 90' lang='lat' dir='ltr'><strong>est;</strong></span> <span class='ocrx_word' id='word_1_714' title='bbox 3558 4239 3620 4277; x_wconf 88' lang='lat' dir='ltr'><strong>ea</strong></span> 
     </span>
    </p>
   </div>
   <div class='ocr_carea' id='block_1_98' title="bbox 2034 4309 3619 4382">
    <p class='ocr_par' dir='ltr' id='par_1_98' title="bbox 2034 4309 3619 4382">
     <span class='ocr_line' id='line_1_98' title="bbox 2034 4309 3619 4382; baseline 0.002 -19"><span class='ocrx_word' id='word_1_715' title='bbox 2034 4309 2240 4379; x_wconf 86' lang='lat' dir='ltr'><strong>quippe</strong></span> <span class='ocrx_word' id='word_1_716' title='bbox 2263 4318 2369 4363; x_wconf 61' lang='lat' dir='ltr'><strong>tua;</strong></span> <span class='ocrx_word' id='word_1_717' title='bbox 2387 4309 2556 4382; x_wconf 82' lang='lat' dir='ltr'><strong>hujus</strong></span> <span class='ocrx_word' id='word_1_718' title='bbox 2591 4312 2991 4382; x_wconf 86' lang='lat' dir='ltr'><strong>hospitalitatis</strong></span> <span class='ocrx_word' id='word_1_719' title='bbox 3010 4313 3299 4367; x_wconf 86' lang='lat' dir='ltr'><strong>verissima</strong></span> <span class='ocrx_word' id='word_1_720' title='bbox 3324 4313 3421 4367; x_wconf 90' lang='lat' dir='ltr'><strong>tibi</strong></span> <span class='ocrx_word' id='word_1_721' title='bbox 3458 4329 3619 4368; x_wconf 88' lang='lat' dir='ltr'><strong>causa</strong></span> 
     </span>
    </p>
   </div>
   <div class='ocr_carea' id='block_1_99' title="bbox 2032 4401 3578 4467">
    <p class='ocr_par' dir='ltr' id='par_1_99' title="bbox 2032 4401 3578 4467">
     <span class='ocr_line' id='line_1_99' title="bbox 2032 4401 3578 4467; baseline 0.004 -18"><span class='ocrx_word' id='word_1_722' title='bbox 2032 4404 2136 4460; x_wconf 87' lang='lat' dir='ltr'><strong>est,</strong></span> <span class='ocrx_word' id='word_1_723' title='bbox 2157 4411 2220 4450; x_wconf 84' lang='lat' dir='ltr'><strong>ea</strong></span> <span class='ocrx_word' id='word_1_724' title='bbox 2247 4411 2524 4453; x_wconf 55' lang='lat' dir='ltr'><strong>concessae</strong></span> <span class='ocrx_word' id='word_1_725' title='bbox 2547 4401 2807 4455; x_wconf 79' lang='lat' dir='ltr'><strong>omnibul</strong></span> <span class='ocrx_word' id='word_1_726' title='bbox 2823 4401 3116 4467; x_wconf 87' lang='lat' dir='ltr'><strong>libertatis,</strong></span> <span class='ocrx_word' id='word_1_727' title='bbox 3138 4403 3231 4456; x_wconf 87' lang='lat' dir='ltr'><strong>sed</strong></span> <span class='ocrx_word' id='word_1_728' title='bbox 3255 4401 3506 4455; x_wconf 80' lang='lat' dir='ltr'><strong>Ollllllum</strong></span> <span class='ocrx_word' id='word_1_729' title='bbox 3527 4415 3578 4456; x_wconf 82' lang='lat' dir='ltr'><strong>ta</strong></span> 
     </span>
    </p>
   </div>
   <div class='ocr_carea' id='block_1_100' title="bbox 2033 4489 3618 4563">
    <p class='ocr_par' dir='ltr' id='par_1_100' title="bbox 2033 4489 3618 4563">
     <span class='ocr_line' id='line_1_100' title="bbox 2033 4489 3618 4563; baseline 0.005 -21"><span class='ocrx_word' id='word_1_730' title='bbox 2033 4503 2161 4544; x_wconf 89' lang='lat' dir='ltr'><strong>men</strong></span> <span class='ocrx_word' id='word_1_731' title='bbox 2191 4489 2431 4545; x_wconf 76' lang='lat' dir='ltr'><strong>maxime</strong></span> <span class='ocrx_word' id='word_1_732' title='bbox 2485 4507 2587 4559; x_wconf 83' lang='lat' dir='ltr'><strong>cap</strong></span> <span class='ocrx_word' id='word_1_733' title='bbox 2613 4491 2718 4546; x_wconf 87' lang='lat' dir='ltr'><strong>ivis</strong></span> <span class='ocrx_word' id='word_1_734' title='bbox 2740 4507 2904 4546; x_wconf 89' lang='lat' dir='ltr'><strong>causa</strong></span> <span class='ocrx_word' id='word_1_735' title='bbox 2935 4502 3040 4555; x_wconf 87' lang='lat' dir='ltr'><strong>est,</strong></span> <span class='ocrx_word' id='word_1_736' title='bbox 3067 4493 3162 4562; x_wconf 91' lang='lat' dir='ltr'><strong>qui</strong></span> <span class='ocrx_word' id='word_1_737' title='bbox 3197 4495 3344 4549; x_wconf 83' lang='lat' dir='ltr'><strong>ultro</strong></span> <span class='ocrx_word' id='word_1_738' title='bbox 3367 4496 3618 4563; x_wconf 71' lang='lat' dir='ltr'><strong>t-ilruqttc</strong></span> 
     </span>
    </p>
   </div>
   <div class='ocr_carea' id='block_1_101' title="bbox 2033 4568 3625 4655">
    <p class='ocr_par' dir='ltr' id='par_1_101' title="bbox 2033 4568 3625 4655">
     <span class='ocr_line' id='line_1_101' title="bbox 2033 4568 3625 4655; baseline -0.001 -15"><span class='ocrx_word' id='word_1_739' title='bbox 2033 4599 2128 4652; x_wconf 90' lang='lat' dir='ltr'><strong>per</strong></span> <span class='ocrx_word' id='word_1_740' title='bbox 2140 4581 2329 4638; x_wconf 88' lang='lat' dir='ltr'><strong>orbem</strong></span> <span class='ocrx_word' id='word_1_741' title='bbox 2350 4583 2668 4640; x_wconf 87' lang='lat' dir='ltr'><strong>universum</strong></span> <span class='ocrx_word' id='word_1_742' title='bbox 2685 4586 2801 4655; x_wconf 83' lang='lat' dir='ltr'><strong>vagi</strong></span> <span class='ocrx_word' id='word_1_743' title='bbox 2821 4568 2883 4639; x_wconf 85' lang='lat' dir='ltr'><strong>ac</strong></span> <span class='ocrx_word' id='word_1_744' title='bbox 2904 4586 3151 4654; x_wconf 88' lang='lat' dir='ltr'><strong>palantes</strong></span> <span class='ocrx_word' id='word_1_745' title='bbox 3169 4585 3473 4647; x_wconf 75' lang='lat' dir='ltr'><strong>circnmlati</strong></span> <span class='ocrx_word' id='word_1_746' title='bbox 3494 4599 3625 4642; x_wconf 77' lang='lat' dir='ltr'><strong>aeti-</strong></span> 
     </span>
    </p>
   </div>
   <div class='ocr_carea' id='block_1_102' title="bbox 2037 4677 3618 4752">
    <p class='ocr_par' dir='ltr' id='par_1_102' title="bbox 2037 4677 3618 4752">
     <span class='ocr_line' id='line_1_102' title="bbox 2037 4677 3618 4752; baseline 0 -18"><span class='ocrx_word' id='word_1_747' title='bbox 2037 4696 2170 4752; x_wconf 89' lang='lat' dir='ltr'><strong>que,</strong></span> <span class='ocrx_word' id='word_1_748' title='bbox 2198 4688 2256 4734; x_wconf 88' lang='lat' dir='ltr'><strong>et</strong></span> <span class='ocrx_word' id='word_1_749' title='bbox 2290 4677 2604 4734; x_wconf 79' lang='lat' dir='ltr'><strong>durissima:</strong></span> <span class='ocrx_word' id='word_1_750' title='bbox 2649 4679 2942 4734; x_wconf 83' lang='lat' dir='ltr'><strong>servitutis</strong></span> <span class='ocrx_word' id='word_1_751' title='bbox 2964 4678 3299 4734; x_wconf 87' lang='lat' dir='ltr'><strong>devorantcs</strong></span> <span class='ocrx_word' id='word_1_752' title='bbox 3344 4682 3618 4742; x_wconf 74' lang='lat' dir='ltr'><strong>miserias.</strong></span> 
     </span>
    </p>
   </div>
   <div class='ocr_carea' id='block_1_103' title="bbox 2029 4771 3618 4844">
    <p class='ocr_par' dir='ltr' id='par_1_103' title="bbox 2029 4771 3618 4844">
     <span class='ocr_line' id='line_1_103' title="bbox 2029 4771 3618 4844; baseline -0.001 -15"><span class='ocrx_word' id='word_1_753' title='bbox 2029 4773 2361 4844; x_wconf 86' lang='lat' dir='ltr'><strong>quandoque</strong></span> <span class='ocrx_word' id='word_1_754' title='bbox 2378 4773 2431 4826; x_wconf 92' lang='lat' dir='ltr'><strong>in</strong></span> <span class='ocrx_word' id='word_1_755' title='bbox 2446 4771 2687 4842; x_wconf 83' lang='lat' dir='ltr'><strong>Cyprum</strong></span> <span class='ocrx_word' id='word_1_756' title='bbox 2711 4780 2861 4825; x_wconf 90' lang='lat' dir='ltr'><strong>tuam</strong></span> <span class='ocrx_word' id='word_1_757' title='bbox 2881 4771 3141 4838; x_wconf 86' lang='lat' dir='ltr'><strong>veniunt;</strong></span> <span class='ocrx_word' id='word_1_758' title='bbox 3167 4772 3392 4826; x_wconf 86' lang='lat' dir='ltr'><strong>veniunt</strong></span> <span class='ocrx_word' id='word_1_759' title='bbox 3412 4782 3618 4828; x_wconf 79' lang='lat' dir='ltr'><strong>autem.</strong></span> 
     </span>
    </p>
   </div>
   <div class='ocr_carea' id='block_1_104' title="bbox 2029 4865 3616 4938">
    <p class='ocr_par' dir='ltr' id='par_1_104' title="bbox 2029 4865 3616 4938">
     <span class='ocr_line' id='line_1_104' title="bbox 2029 4865 3616 4938; baseline -0.003 -17"><span class='ocrx_word' id='word_1_760' title='bbox 2029 4875 2306 4938; x_wconf 85' lang='lat' dir='ltr'><strong>quotquot</strong></span> <span class='ocrx_word' id='word_1_761' title='bbox 2344 4865 2670 4937; x_wconf 87' lang='lat' dir='ltr'><strong>benigniore</strong></span> <span class='ocrx_word' id='word_1_762' title='bbox 2728 4865 2874 4920; x_wconf 88' lang='lat' dir='ltr'><strong>Deus</strong></span> <span class='ocrx_word' id='word_1_763' title='bbox 2913 4865 3076 4920; x_wconf 85' lang='lat' dir='ltr'><strong>oculo</strong></span> <span class='ocrx_word' id='word_1_764' title='bbox 3153 4866 3400 4935; x_wconf 87' lang='lat' dir='ltr'><strong>respicit,</strong></span> <span class='ocrx_word' id='word_1_765' title='bbox 3455 4866 3616 4920; x_wconf 78' lang='lat' dir='ltr'><strong>simul</strong></span> 
     </span>
    </p>
   </div>
   <div class='ocr_carea' id='block_1_105' title="bbox 2029 4957 3599 5020">
    <p class='ocr_par' dir='ltr' id='par_1_105' title="bbox 2029 4957 3599 5020">
     <span class='ocr_line' id='line_1_105' title="bbox 2029 4957 3599 5020; baseline -0.003 -5"><span class='ocrx_word' id='word_1_766' title='bbox 2029 4959 2198 5015; x_wconf 86' lang='lat' dir='ltr'><strong>etiam</strong></span> <span class='ocrx_word' id='word_1_767' title='bbox 2227 4958 2468 5012; x_wconf 70' lang='lat' dir='ltr'><strong>fortuna:</strong></span> <span class='ocrx_word' id='word_1_768' title='bbox 2520 4971 2635 5012; x_wconf 61' lang='lat' dir='ltr'><strong>sua;</strong></span> <span class='ocrx_word' id='word_1_769' title='bbox 2682 4957 3042 5012; x_wconf 88' lang='lat' dir='ltr'><strong>mutationem</strong></span> <span class='ocrx_word' id='word_1_770' title='bbox 3085 4957 3294 5020; x_wconf 82' lang='lat' dir='ltr'><strong>vident,</strong></span> <span class='ocrx_word' id='word_1_771' title='bbox 3330 4974 3599 5012; x_wconf 60' lang='lat' dir='ltr'><strong>uerunmar</strong></span> 
     </span>
    </p>
   </div>
   <div class='ocr_carea' id='block_1_106' title="bbox 2028 5051 3620 5124">
    <p class='ocr_par' dir='ltr' id='par_1_106' title="bbox 2028 5051 3620 5124">
     <span class='ocr_line' id='line_1_106' title="bbox 2028 5051 3620 5124; baseline -0.005 -15"><span class='ocrx_word' id='word_1_772' title='bbox 2028 5069 2137 5124; x_wconf 90' lang='lat' dir='ltr'><strong>que</strong></span> <span class='ocrx_word' id='word_1_773' title='bbox 2165 5054 2346 5109; x_wconf 89' lang='lat' dir='ltr'><strong>omnis</strong></span> <span class='ocrx_word' id='word_1_774' title='bbox 2377 5052 2760 5122; x_wconf 88' lang='lat' dir='ltr'><strong>depulsionem</strong></span> <span class='ocrx_word' id='word_1_775' title='bbox 2790 5068 2804 5106; x_wconf 88' lang='lat'><strong>:</strong></span> <span class='ocrx_word' id='word_1_776' title='bbox 2839 5054 2996 5122; x_wconf 86' lang='lat' dir='ltr'><strong>quasi</strong></span> <span class='ocrx_word' id='word_1_777' title='bbox 3057 5051 3404 5122; x_wconf 87' lang='lat' dir='ltr'><strong>repentinam</strong></span> <span class='ocrx_word' id='word_1_778' title='bbox 3453 5051 3620 5120; x_wconf 66' lang='lat' dir='ltr'><strong>lepra:</strong></span> 
     </span>
    </p>
   </div>
   <div class='ocr_carea' id='block_1_107' title="bbox 2030 5144 3616 5221">
    <p class='ocr_par' dir='ltr' id='par_1_107' title="bbox 2030 5144 3616 5221">
     <span class='ocr_line' id='line_1_107' title="bbox 2030 5144 3616 5221; baseline -0.006 -17"><span class='ocrx_word' id='word_1_779' title='bbox 2030 5149 2433 5221; x_wconf 85' lang='lat' dir='ltr'><strong>purgationem,</strong></span> <span class='ocrx_word' id='word_1_780' title='bbox 2489 5145 2712 5202; x_wconf 89' lang='lat' dir='ltr'><strong>Christo</strong></span> <span class='ocrx_word' id='word_1_781' title='bbox 2777 5145 3046 5201; x_wconf 86' lang='lat' dir='ltr'><strong>miracula</strong></span> <span class='ocrx_word' id='word_1_782' title='bbox 3102 5155 3375 5216; x_wconf 82' lang='lat' dir='ltr'><strong>patrante,</strong></span> <span class='ocrx_word' id='word_1_783' title='bbox 3439 5144 3514 5196; x_wconf 87' lang='lat' dir='ltr'><strong>ita</strong></span> <span class='ocrx_word' id='word_1_784' title='bbox 3559 5156 3616 5197; x_wconf 87' lang='lat' dir='ltr'><strong>ut</strong></span> 
     </span>
    </p>
   </div>
   <div class='ocr_carea' id='block_1_108' title="bbox 2029 5237 3618 5310">
    <p class='ocr_par' dir='ltr' id='par_1_108' title="bbox 2029 5237 3618 5310">
     <span class='ocr_line' id='line_1_108' title="bbox 2029 5237 3618 5310; baseline -0.008 -13"><span class='ocrx_word' id='word_1_785' title='bbox 2029 5257 2173 5297; x_wconf 80' lang='lat' dir='ltr'><strong>novo</strong></span> <span class='ocrx_word' id='word_1_786' title='bbox 2230 5249 2287 5296; x_wconf 92' lang='lat' dir='ltr'><strong>et</strong></span> <span class='ocrx_word' id='word_1_787' title='bbox 2323 5241 2575 5296; x_wconf 87' lang='lat' dir='ltr'><strong>inaudito</strong></span> <span class='ocrx_word' id='word_1_788' title='bbox 2601 5240 2840 5310; x_wconf 86' lang='lat' dir='ltr'><strong>quodam</strong></span> <span class='ocrx_word' id='word_1_789' title='bbox 2888 5241 3052 5295; x_wconf 90' lang='lat' dir='ltr'><strong>modo</strong></span> <span class='ocrx_word' id='word_1_790' title='bbox 3101 5242 3276 5295; x_wconf 84' lang='lat' dir='ltr'><strong>mater</strong></span> <span class='ocrx_word' id='word_1_791' title='bbox 3323 5237 3618 5306; x_wconf 60' lang='lat' dir='ltr'><strong>opulentiae</strong></span> 
     </span>
    </p>
   </div>
   <div class='ocr_carea' id='block_1_109' title="bbox 2031 5328 3618 5405">
    <p class='ocr_par' dir='ltr' id='par_1_109' title="bbox 2031 5328 3618 5405">
     <span class='ocr_line' id='line_1_109' title="bbox 2031 5328 3618 5405; baseline -0.009 -12"><span class='ocrx_word' id='word_1_792' title='bbox 2031 5337 2240 5405; x_wconf 87' lang='lat' dir='ltr'><strong>inopia,</strong></span> <span class='ocrx_word' id='word_1_793' title='bbox 2265 5344 2321 5390; x_wconf 93' lang='lat' dir='ltr'><strong>et</strong></span> <span class='ocrx_word' id='word_1_794' title='bbox 2364 5334 2649 5390; x_wconf 84' lang='lat' dir='ltr'><strong>felicitatis</strong></span> <span class='ocrx_word' id='word_1_795' title='bbox 2697 5334 2823 5388; x_wconf 87' lang='lat' dir='ltr'><strong>fons</strong></span> <span class='ocrx_word' id='word_1_796' title='bbox 2871 5335 3106 5389; x_wconf 80' lang='lat' dir='ltr'><strong>exsistat</strong></span> <span class='ocrx_word' id='word_1_797' title='bbox 3136 5330 3448 5386; x_wconf 62' lang='lat' dir='ltr'><strong>calamitas.</strong></span> <span class='ocrx_word' id='word_1_798' title='bbox 3484 5328 3618 5392; x_wconf 73' lang='lat' dir='ltr'><strong>Quae</strong></span> 
     </span>
    </p>
   </div>
   <div class='ocr_carea' id='block_1_110' title="bbox 2027 5425 3615 5500">
    <p class='ocr_par' dir='ltr' id='par_1_110' title="bbox 2027 5425 3615 5500">
     <span class='ocr_line' id='line_1_110' title="bbox 2027 5425 3615 5500; baseline -0.008 -13"><span class='ocrx_word' id='word_1_799' title='bbox 2027 5434 2177 5488; x_wconf 89' lang='lat' dir='ltr'><strong>enim</strong></span> <span class='ocrx_word' id='word_1_800' title='bbox 2209 5445 2430 5500; x_wconf 86' lang='lat' dir='ltr'><strong>cunque</strong></span> <span class='ocrx_word' id='word_1_801' title='bbox 2467 5431 2816 5500; x_wconf 88' lang='lat' dir='ltr'><strong>captivorum</strong></span> <span class='ocrx_word' id='word_1_802' title='bbox 2843 5429 3220 5484; x_wconf 89' lang='lat' dir='ltr'><strong>conditionem</strong></span> <span class='ocrx_word' id='word_1_803' title='bbox 3246 5425 3615 5479; x_wconf 79' lang='lat' dir='ltr'><strong>circumstant</strong></span> 
     </span>
    </p>
   </div>
   <div class='ocr_carea' id='block_1_111' title="bbox 2029 5517 3618 5596">
    <p class='ocr_par' dir='ltr' id='par_1_111' title="bbox 2029 5517 3618 5596">
     <span class='ocr_line' id='line_1_111' title="bbox 2029 5517 3618 5596; baseline -0.008 -14"><span class='ocrx_word' id='word_1_804' title='bbox 2029 5529 2193 5592; x_wconf 89' lang='lat' dir='ltr'><strong>mala,</strong></span> <span class='ocrx_word' id='word_1_805' title='bbox 2252 5541 2486 5596; x_wconf 71' lang='lat' dir='ltr'><strong>quaeque</strong></span> <span class='ocrx_word' id='word_1_806' title='bbox 2543 5525 2939 5580; x_wconf 87' lang='lat' dir='ltr'><strong>abominantur</strong></span> <span class='ocrx_word' id='word_1_807' title='bbox 2989 5536 3204 5584; x_wconf 84' lang='lat' dir='ltr'><strong>omnes,</strong></span> <span class='ocrx_word' id='word_1_808' title='bbox 3267 5528 3326 5574; x_wconf 89' lang='lat' dir='ltr'><strong>et</strong></span> <span class='ocrx_word' id='word_1_809' title='bbox 3380 5533 3450 5571; x_wconf 90' lang='lat' dir='ltr'><strong>ne</strong></span> <span class='ocrx_word' id='word_1_810' title='bbox 3505 5517 3618 5570; x_wconf 65' lang='lat' dir='ltr'><strong>ulla</strong></span> 
     </span>
    </p>
   </div>
   <div class='ocr_carea' id='block_1_112' title="bbox 2031 5611 3616 5690">
    <p class='ocr_par' dir='ltr' id='par_1_112' title="bbox 2031 5611 3616 5690">
     <span class='ocr_line' id='line_1_112' title="bbox 2031 5611 3616 5690; baseline -0.01 -13"><span class='ocrx_word' id='word_1_811' title='bbox 2031 5635 2279 5690; x_wconf 86' lang='lat' dir='ltr'><strong>tempore</strong></span> <span class='ocrx_word' id='word_1_812' title='bbox 2320 5621 2425 5675; x_wconf 83' lang='lat' dir='ltr'><strong>sibi</strong></span> <span class='ocrx_word' id='word_1_813' title='bbox 2477 5620 2728 5675; x_wconf 87' lang='lat' dir='ltr'><strong>accidant</strong></span> <span class='ocrx_word' id='word_1_814' title='bbox 2771 5627 2988 5688; x_wconf 83' lang='lat' dir='ltr'><strong>optant,</strong></span> <span class='ocrx_word' id='word_1_815' title='bbox 3049 5617 3164 5671; x_wconf 86' lang='lat' dir='ltr'><strong>haec</strong></span> <span class='ocrx_word' id='word_1_816' title='bbox 3191 5613 3377 5667; x_wconf 68' lang='lat' dir='ltr'><strong>tritinia</strong></span> <span class='ocrx_word' id='word_1_817' title='bbox 3408 5612 3460 5664; x_wconf 91' lang='lat' dir='ltr'><strong>in</strong></span> <span class='ocrx_word' id='word_1_818' title='bbox 3505 5611 3616 5662; x_wconf 83' lang='lat' dir='ltr'><strong>voti</strong></span> 
     </span>
    </p>
   </div>
   <div class='ocr_carea' id='block_1_113' title="bbox 2027 5710 3611 5784">
    <p class='ocr_par' dir='ltr' id='par_1_113' title="bbox 2027 5710 3611 5784">
     <span class='ocr_line' id='line_1_113' title="bbox 2027 5710 3611 5784; baseline -0.007 -12"><span class='ocrx_word' id='word_1_819' title='bbox 2027 5727 2230 5772; x_wconf 80' lang='lat' dir='ltr'><strong>sortem</strong></span> <span class='ocrx_word' id='word_1_820' title='bbox 2271 5715 2551 5778; x_wconf 84' lang='lat' dir='ltr'><strong>omnibus,</strong></span> <span class='ocrx_word' id='word_1_821' title='bbox 2582 5714 2676 5784; x_wconf 91' lang='lat' dir='ltr'><strong>qui</strong></span> <span class='ocrx_word' id='word_1_822' title='bbox 2749 5714 2982 5768; x_wconf 87' lang='lat' dir='ltr'><strong>insulam</strong></span> <span class='ocrx_word' id='word_1_823' title='bbox 3017 5722 3164 5765; x_wconf 85' lang='lat' dir='ltr'><strong>tuam</strong></span> <span class='ocrx_word' id='word_1_824' title='bbox 3214 5719 3344 5764; x_wconf 78' lang='lat' dir='ltr'><strong>sum</strong></span> <span class='ocrx_word' id='word_1_825' title='bbox 3375 5710 3611 5780; x_wconf 50' lang='lat' dir='ltr'><strong>experti,</strong></span> 
     </span>
    </p>
   </div>
   <div class='ocr_carea' id='block_1_114' title="bbox 2029 5806 3613 5886">
    <p class='ocr_par' dir='ltr' id='par_1_114' title="bbox 2029 5806 3613 5886">
     <span class='ocr_line' id='line_1_114' title="bbox 2029 5806 3613 5886; baseline -0.004 -23"><span class='ocrx_word' id='word_1_826' title='bbox 2029 5822 2084 5864; x_wconf 80' lang='lat' dir='ltr'><strong>rt</strong></span> <span class='ocrx_word' id='word_1_827' title='bbox 2139 5811 2202 5865; x_wconf 88' lang='lat' dir='ltr'><strong>ad</strong></span> <span class='ocrx_word' id='word_1_828' title='bbox 2236 5810 2606 5874; x_wconf 41' lang='lat' dir='ltr'><strong>clementiam,</strong></span> <span class='ocrx_word' id='word_1_829' title='bbox 2645 5819 2792 5864; x_wconf 88' lang='lat' dir='ltr'><strong>tuam</strong></span> <span class='ocrx_word' id='word_1_830' title='bbox 2828 5821 2890 5862; x_wconf 88' lang='lat' dir='ltr'><strong>ac</strong></span> <span class='ocrx_word' id='word_1_831' title='bbox 2951 5807 3111 5886; x_wconf 81' lang='lat' dir='ltr'><strong>fidem</strong></span> <span class='ocrx_word' id='word_1_832' title='bbox 3165 5806 3414 5860; x_wconf 86' lang='lat' dir='ltr'><strong>animum</strong></span> <span class='ocrx_word' id='word_1_833' title='bbox 3450 5819 3613 5860; x_wconf 89' lang='lat' dir='ltr'><strong>suum</strong></span> 
     </span>
    </p>
   </div>
   <div class='ocr_carea' id='block_1_115' title="bbox 2031 5899 3616 5976">
    <p class='ocr_par' dir='ltr' id='par_1_115' title="bbox 2031 5899 3616 5976">
     <span class='ocr_line' id='line_1_115' title="bbox 2031 5899 3616 5976; baseline -0.001 -18"><span class='ocrx_word' id='word_1_834' title='bbox 2031 5908 2368 5976; x_wconf 77' lang='lat' dir='ltr'><strong>appliencre,</strong></span> <span class='ocrx_word' id='word_1_835' title='bbox 2398 5905 2659 5960; x_wconf 81' lang='lat' dir='ltr'><strong>translata</strong></span> <span class='ocrx_word' id='word_1_836' title='bbox 2695 5913 2843 5960; x_wconf 79' lang='lat' dir='ltr'><strong>sunt.</strong></span> <span class='ocrx_word' id='word_1_837' title='bbox 2889 5906 3076 5975; x_wconf 77' lang='lat' dir='ltr'><strong>Neque</strong></span> <span class='ocrx_word' id='word_1_838' title='bbox 3103 5903 3258 5970; x_wconf 57' lang='lat' dir='ltr'><strong>enim,</strong></span> <span class='ocrx_word' id='word_1_839' title='bbox 3290 5910 3434 5956; x_wconf 77' lang='lat' dir='ltr'><strong>recte</strong></span> <span class='ocrx_word' id='word_1_840' title='bbox 3461 5899 3616 5957; x_wconf 79' lang='lat' dir='ltr'><strong>dixe-</strong></span> 
     </span>
    </p>
   </div>
  </div>
