4018 6430
472 390 578 453 40ῗῖ

1696 408 2096 469 TilEODULl
2139 414 2505 476 MONACHF‘

3609 434 3702 496 494

468 506 547 560 ris
575 520 717 560 estea
771 509 1006 577 quadam
1074 502 1327 568 [οι-ωηεν
1377 515 1496 569 alca
1576 518 1712 574 istuc
1767 522 2040 588 coniectos

2152 529 2247 598 τὴν
2278 531 2373 602 σὴν
2399 527 2756 602 ἐπικράτειαν
2779 534 3027 603 ἤνεγκεν,
3046 536 3118 599 ὡς
3146 540 3472 609 καταστῆναι
3493 542 3546 595 τὸ
3569 547 3691 599 πάνυ

466 598 659 665 fuisse,
726 615 905 670 neque
952 601 1166 658 Occulta
1218 612 1421 676 tempus
1479 610 1620 679 quod
1656 613 1799 678 parit
1844 614 2040 683 (Soph.

469 687 675 742 Δῖαντι
715 690 862 762 652),
900 706 1098 746 novum
1156 694 1258 748 hoc
1293 698 1509 753 miseris
1538 702 1835 769 protulisse
1877 706 2039 756 mira-

466 778 674 840 culum.
728 781 821 835 sed
858 782 1097 837 divinam
1156 785 1312 854 plane
1359 790 1786 860 providentiam,
1830 793 2037 848 dudum

467 869 604 939 ipsis
636 870 905 927 faventem
950 889 1012 929 ac
1046 879 1367 947 propitiam,
1408 890 1560 937 recte
1596 883 1648 937 in
1683 895 1835 940 tuum
1872 888 2038 941 etiam

465 963 616 1033 ipsos
652 964 947 1021 deduxisse
997 983 1247 1039 regnum,
1315 981 1377 1026 ut
1427 974 1564 1029 adeo
1619 977 2038 1034 acerbissimum

464 1057 799 1124 captivitatis
855 1059 1058 1114 malum
1126 1062 1343 1117 initium
1389 1066 1665 1135 quoddam
1706 1069 1912 1124 laetitiae
1971 1072 2039 1125 iis

462 1145 682 1211 evadat,
740 1159 798 1203 et
845 1150 1119 1220 ejusmodi
1188 1155 1474 1223 quiddam,
1537 1158 1683 1228 quod
1773 1159 2034 1218 facillime

463 1233 581 1289 illis
608 1232 966 1307 persuadeat.
1000 1259 1069 1299 ne
1099 1246 1236 1301 diris
1266 1249 1495 1304 omnino
1548 1250 2040 1320 imprecationibus

464 1328 644 1399 capita
704 1346 897 1387 eorum
944 1334 1209 1408 deligant,
1258 1339 1368 1394 imo
1387 1342 1572 1411 potius
1629 1344 1861 1414 gratiam
1905 1362 2041 1417 quo-

463 1423 759 1483 dammodo
784 1428 852 1483 iis
897 1430 1156 1499 habeant,
1181 1437 1273 1505 qui
1332 1438 1704 1507 captivitatem
1760 1441 1893 1511 ipsis
1934 1443 2042 1512 pri-

464 1531 617 1572 mum
672 1519 1013 1590 imposuere.
1086 1524 1146 1580 In
1209 1535 1419 1583 tantum
1484 1539 1540 1584 tu
1584 1543 1734 1587 certe
1775 1548 2037 1604 prospera

463 1606 710 1662 nominis
740 1610 817 1664 tui
852 1611 991 1666 fama
1051 1628 1243 1672 omnes
1302 1618 1736 1689 obstupefecisti,
1774 1635 1829 1677 et
1875 1624 2036 1681 facile

2147 637 2228 672 τοι
2252 623 2491 690 χαλεπὸν
2514 623 2609 691 τῆς
2636 625 3015 695 αἰχμαλωσίας
3037 628 3211 682 δεινὸν
3229 630 3486 700 εὐθυμίας
3513 636 3693 708 ἀρχὴν,

2147 709 2241 762 καὶ
2265 713 2496 781 πρᾶγμα
2517 714 2694 783 ῥᾷστα
2712 713 2900 768 πεῖθον
2925 717 3001 789 μὴ
3024 720 3365 775 παντάπασιν
3386 725 3695 796 ἐπαρᾶσθαι,

2144 797 2283 852 ἀλλά
2332 819 2449 865 πως
2489 805 2587 856 καὶ
2634 804 2983 877 εὐχαριστεῖν
3023 812 3135 871 τοῖς
3183 810 3282 879 τὴν
3338 815 3695 884 αἰχμαλωσίαν

2146 893 2490 960 ἐπαγαγοῦσι
2532 895 2631 965 τὴν
2678 898 2907 967 πρώτην
2953 897 3071 953 κατ’
3099 901 3299 956 αὐτῶν.
3331 902 3482 958 Οὕτω
3509 908 3700 971 πάντας

2147 985 2269 1047 ταῖς
2299 985 2533 1052 ἀγαθαῖς
2567 1005 2659 1041 σου
2692 991 3034 1061 κατέπληξας
3054 993 3287 1063 φήμαις,
3316 997 3408 1050 καὶ
3436 998 3567 1068 πρὸς
3587 1001 3700 1063 τοὺς

2148 1077 2275 1141 σοὺς
2316 1078 2525 1148 ἔρωτας
2573 1082 2727 1150 ἄγεις
2765 1084 2966 1155 ῥᾳδίως
2996 1086 3091 1139 καὶ
3129 1074 3433 1158 πόρρωθεν,
3464 1090 3571 1144 ὅσοι
3602 1092 3702 1145 τῶν

2144 1166 2453 1234 φιλοκάλων
2466 1171 2556 1224 καὶ
2570 1172 2876 1243 φιλαρέτων
2896 1176 3023 1241 εἰσὶ,
3043 1176 3136 1229 καὶ
3155 1177 3269 1231 ὅσοι
3284 1178 3391 1231 τῶν
3409 1178 3597 1249 λογίων
3615 1182 3704 1236 καὶ

2143 1258 2361 1328 σοφῶν,
2393 1262 2693 1327 ἀκούοντας
2723 1264 2861 1335 πρὸς
2903 1266 3015 1321 τῶν
3049 1268 3279 1322 αὐτόθεν
3309 1270 3396 1323 ἀεὶ
3426 1273 3700 1341 καταιρόν-

2140 1367 2252 1404 των
2277 1352 2461 1406 ἐνθάδε
2487 1356 2581 1409 καὶ
2600 1356 2977 1426 διηγουμένων
3004 1358 3178 1415 ταῦτά
3208 1378 3266 1413 τε
3284 1362 3379 1414 καὶ
3404 1360 3569 1415 πλείω
3588 1363 3707 1416 τού-

2142 1459 2251 1494 των
2268 1458 2282 1473 ’
2307 1445 2402 1496 καὶ
2423 1446 2656 1514 μάλιστα
2675 1449 2917 1516 πάντων,
2947 1450 3028 1504 ὅτι
3059 1455 3169 1505 κάκ
3184 1452 3284 1521 τῆς
3305 1453 3433 1516 θέας
3461 1454 3621 1523 αὐτῆς
3646 1454 3701 1507 σέ

2142 1551 2277 1603 φασι
2306 1538 2399 1590 καὶ
2421 1539 2519 1610 τῆς
2549 1539 2658 1593 τῶν
2690 1540 2867 1611 ὄψεων
2898 1544 3125 1612 χάριτος
3149 1544 3305 1615 ἥκειν
3338 1546 3499 1609 εὐθὺς
3527 1545 3708 1615 ὥσπερ

2146 1628 2542 1699 ὲγγοητεύοντα
2575 1636 2693 1698 ταῖς
2738 1634 2848 1688 τῶν
2879 1636 3134 1707 ὁρώντων
3182 1637 3383 1706 ψυχαῖς
3410 1638 3581 1708 χαράν
3615 1634 3710 1687 τιν’

463 1694 632 1751 etiam
671 1713 701 1753 e
750 1701 1054 1774 longinquo
1102 1707 1393 1762 intervallo
1444 1712 1509 1764 ad
1561 1722 1612 1767 te
1665 1713 2031 1771 adamandum

2143 1694 2477 1794 ἀπύρρητον,
2504 1726 2599 1790 καὶ
2616 1694 2753 1799 ὅπερ
2776 1728 2868 1782 ἐπὶ
2884 1694 2992 1782 tif»;
3023 1694 3458 1799 ἡλιακίῦνῆτῶνέε
3483 1694 3715 1782 ακτίνων

463 1789 766 1859 perpellis,
853 1808 1122 1867 qumquot
1195 1813 1263 1854 ex
1337 1800 1642 1859 honestatis
1710 1805 2039 1878 virtutisque

2139 1812 2236 1883 τῆς
2273 1814 2530 1883 οὐρανίας
2566 1815 2850 1886 λαμπάδος
2889 1820 3215 1888 γιγνόμενον
3252 1819 3546 1890 βλέπομεν.

467 1889 780 1943 amantium
848 1908 1121 1957 numero,
1184 1907 1452 1968 quotquot
1517 1902 1645 1955 item
1713 1917 1780 1958 ex
1837 1908 2179 1965 eruditorum
2241 1922 2403 1981 atque
2472 1914 2804 1985 sapientum,
2867 1926 3018 1972 sunt.
3080 1916 3234 1984 Quod
3298 1917 3418 1973 haec
3468 1916 3714 1971 nimirum

463 1989 523 2034 et
599 1980 686 2037 his
751 1985 917 2039 etiam
984 1988 1143 2057 plura
1212 1998 1378 2062 atque
1440 1996 1669 2067 majora,
1743 1999 1812 2054 ab
1869 2000 1936 2056 iis
1991 2004 2087 2074 qui
2156 2006 2265 2063 huc
2316 1980 2561 2078 quotidie
2623 2011 2742 2067 istis
2793 2029 2859 2068 ex
2919 2013 3056 2069 locis
3113 2013 3408 2080 ventitant,
3479 2026 3717 2067 comme-

460 2075 661 2130 morari
726 2078 982 2147 audiunt,
1028 2090 1084 2137 et
1145 2086 1474 2154 praesertim,
1533 2091 1701 2159 quod,
1768 2107 1836 2147 ex
1877 2094 1995 2163 ipso
2053 2098 2304 2168 protinus
2332 2075 2603 2172 aspectu,
2664 2104 3044 2176 luminumque
3106 2114 3330 2160 tuorum
3374 2104 3567 2174 gratia,
3603 2111 3715 2156 tan-

462 2185 629 2241 quam
685 2174 894 2242 magica
950 2177 1258 2230 carminum
1326 2178 1398 2244 vi,
1458 2193 1720 2236 arcanum
1782 2185 2075 2255 quemdam
2126 2190 2421 2250 hilaritatis
2471 2211 2715 2264 sensum,
2764 2198 2965 2253 animis
3022 2196 3315 2253 visentium
3378 2204 3431 2251 te
3459 2196 3715 2249 inscrtum

461 2267 654 2320 venire
713 2266 889 2332 aiunt,
924 2277 981 2323 et
1013 2268 1066 2322 id
1100 2267 1259 2337 plane
1319 2269 1520 2339 ipsum,
1561 2274 1707 2343 quod
1743 2277 1888 2333 circa
1928 2278 2135 2337 solares
2188 2283 2351 2341 hosce
2381 2288 2621 2345 aetheriae
2654 2289 2920 2360 lampadis
2980 2291 3161 2346 radios
3193 2306 3293 2345 usu
3324 2289 3491 2345 nobis
3533 2288 3719 2343 venire

466 2360 741 2415 videmus.

480 2514 529 2525 ,μνη
562 2514 649 2522 —.—.

478 2528 655 2541 ’-υ-υ...

676 2514 977 2524 -α--υ

3532 2531 3686 2543 .___...

680 2531 981 2542 ς--ιι--ι-σ-

986 2533 3690 2562 ——————————_________.____.—__________________________,_

799 2677 2184 2856 ΘΕΟΔΟΥΛΟΥ
2256 2685 3403 2864 ΜΟΝΑΧΟΥ

2004 2990 2171 3046 ΗΤΟῙ

1104 3173 1602 3313 ΘΩΜΑ
1676 3176 2029 3311 ΤΟΥ
2098 3173 3085 3315 ΜΑΓΙΣΤΡΟΥ

1766 3442 2401 3530 ΕΙΠΣΤΟΛΑΙ.

1099 3846 2092 4006 THEODULI
2194 3853 3070 4013 MONACHI

1423 4250 1971 4370 ΤΗΟΜιλΕ
2068 4257 2762 4378 MAGISTRI

1772 4493 2441 4592 EPISTOLIE.

611 4815 650 4868 I.
691 4811 891 4884 Magno
919 4811 1238 4883 Logot‘hetw,
1275 4813 1539 4869 Theodoro
1575 4815 1891 4871 Metorlu'tm.
2068 4822 2113 4880 C

540 4928 581 4983 1.
623 4928 690 4981 At
717 4934 773 4980 tn
806 4940 959 4989 vero,
990 4940 1113 4979 cum
1154 4935 1233 4981 tot
1269 4934 1657 4996 tantorumque
1693 4928 2042 4998 negotiorum

464 5018 884 5078 circumﬂuente
906 5018 1085 5081 turba,
1113 5018 1257 5073 haud
1284 5019 1446 5073 aliter
1465 5034 1628 5088 quam
1654 5021 1711 5072 in
1731 5021 1868 5087 otio,
1888 5021 2047 5076 varia

2520 4820 2597 4872 A’.
2639 4815 2725 4883 Τῷ
2755 4815 3001 4886 μεγάλῳ
3032 4817 3347 4888 λογοθέτῃ.

2216 4932 2296 4985 Α’.
2333 4931 2395 4984 El
2424 4931 2478 4983 δὲ
2509 4932 2606 4983 καὶ
2639 4930 2871 4984 τοσῶνδε
2902 4931 3245 5002 πραγμάτων
3283 4932 3717 5004 περιρῤεόμενος

2142 5023 2305 5093 ὄχλῳ,
2337 5023 2510 5076 ἔπειθ’
2545 5023 2733 5089 ὥσπερ
2771 5023 2862 5075 ἐπὶ
2897 5023 3095 5094 σχολῆς
3125 5024 3319 5091 λόγους
3355 5025 3590 5096 ἐργάζῃ,
3626 5024 3717 5076 καὶ

466 5114 649 5171 omnis
678 5113 894 5185 generis
925 5110 1150 5181 scripta.
1176 5127 1348 5180 eaque
1369 5113 1756 5167 venustissima
1781 5123 1834 5166 et
1865 5113 2048 5182 splen-

467 5207 777 5270 didissima,
803 5203 1019 5271 condis,
1051 5205 1146 5274 qui
1202 5219 1354 5260 esses
1415 5220 1570 5267 sane.
1597 5207 1642 5260 si
1676 5207 1770 5260 tibi
1802 5207 2049 5261 Platonis

468 5300 811 5370 contingeret
841 5299 1052 5355 otium:
1088 5314 1121 5352 ο
1155 5282 1349 5353 :emulé
1367 5298 1628 5365 Platonis,
1650 5308 1854 5369 tuoque
1875 5299 2051 5368 ipsius

467 5408 624 5448 more
676 5391 841 5447 unice
892 5406 1176 5446 musarum
1207 5390 1422 5447 cultor?
1449 5390 1579 5457 Quae
1614 5407 1722 5446 non
1753 5407 1819 5447 eo
1861 5401 2042 5446 tamen

466 5484 616 5552 dico,
633 5484 788 5554 quasi
805 5482 1071 5539 doctrinae
1116 5484 1582 5553 humanitatisque
1615 5484 1779 5538 laude
1812 5483 2042 5537 inferior

464 5589 615 5630 nunc
663 5574 761 5639 sis,
806 5589 905 5645 per
945 5574 1263 5647 multijuges
1313 5577 1445 5631 istas
1489 5576 1880 5646 occupationes
1900 5585 2043 5638 tuas,

467 5682 592 5737 quae
628 5668 750 5735 tibi,
790 5668 910 5725 dies
943 5680 1244 5741 noctesque
1275 5671 1550 5725 assiduam
1582 5668 1890 5725 commodis
1924 5667 2032 5721 rci-

467 5761 698 5830 pubiicae
720 5777 943 5832 operam
978 5765 1331 5832 navanti,vix
1375 5764 1680 5834 respirandi
1719 5771 2041 5831 potestatem

466 5853 734 5924 reliquam
766 5855 945 5911 facere
973 5858 1231 5913 videntur
1280 5877 1293 5913 :
1339 5873 1439 5914 nec
1475 5856 1624 5928 quod
1677 5871 1866 5912 eorum
1897 5896 1909 5920 ,
1944 5856 2038 5926 qui

2142 5115 2517 5179 παντοδαποὺς
2546 5115 2601 5167 δὲ
2644 5114 2866 5177 τούτους
2918 5116 3013 5168 καὶ
3045 5115 3231 5169 κάλλει
3261 5118 3604 5186 λάμποντας.
3637 5115 3717 5176 τίς

2141 5207 2208 5262 ἂν
2228 5204 2371 5278 ἦσθα
2402 5208 2498 5277 τῆς
2533 5207 2819 5267 Πλάτωνος
2851 5208 3044 5278 σχολῆς
3069 5207 3383 5274 ἀπολαύων,
3413 5202 3460 5261 ὦ
3493 5208 3715 5260 Πλάτω-

2140 5319 2229 5366 νος
2257 5302 2488 5372 μιμητὰ,
2521 5306 2614 5355 καὶ
2641 5302 2760 5353 κατ’
2782 5301 2945 5364 αὐτὸς
2967 5302 3162 5354 σαυτὸν
3193 5282 3313 5364 Σἰαῖς
3337 5301 3572 5370 μούσαις
3598 5315 3720 5351 συν·

2150 5394 2250 5459 iw;
2287 5393 2445 5461 Λέγω
2476 5394 2531 5447 δὲ
2560 5393 2755 5459 ταῦτα,
2780 5394 2876 5462 οὐχ
2907 5394 2990 5447 ὅτι
3019 5396 3131 5456 τοῖς
3163 5393 3342 5461 λόγοις
3366 5394 3465 5445 νῦν
3498 5393 3716 5444 ἔλαττον

2141 5486 2283 5555 ἔχεις
2319 5490 2384 5555 τῇ
2417 5486 2503 5539 διὰ
2532 5485 2734 5548 παντὸς
2767 5485 3016 5556 ἀσχολίᾳ,
3051 5485 3128 5546 ὡς
3160 5486 3284 5555 μηδ’
3314 5486 3580 5538 ἀναπνεῖν
3606 5475 3714 5542 οἷός

2140 5577 2189 5631 τ’
2220 5573 2361 5632 εἶναι
2390 5577 2586 5642 δοκεῖν,
2610 5577 2687 5648 τῷ
2710 5577 2865 5631 πάνθ’
2895 5577 3035 5647 ὑπὲρ
3066 5578 3159 5631 τοῦ
3185 5579 3340 5647 κοινῇ
3372 5573 3714 5629 λυσιτελοῦν-

2139 5687 2230 5733 τος
2264 5670 2385 5723 ὅσαι
2415 5665 2553 5739 ὧραι
2584 5670 2744 5723 πόνον
2776 5670 3079 5739 αἱρεῖσθαι·
3105 5671 3217 5724 οὐδ’
3251 5672 3334 5725 ὅτι
3369 5687 3452 5731 τις
3483 5667 3591 5720 τῶν
3621 5661 3715 5718 νῦν

2140 5760 2329 5823 ὄντων,
2366 5762 2458 5813 καὶ
2488 5762 2680 5830 λόγους
2720 5763 2851 5816 αὐτὸ
2876 5761 3032 5817 τοῦτο
3073 5761 3573 5832 προστησαμένων,
3609 5755 3715 5825 ἄμ·

2141 5855 2395 5923 φισϐητεῖ
2453 5872 2534 5906 σοι
2582 5854 2693 5909 τῶν
2754 5855 2886 5909 ἴσων
2912 5871 2924 5885 ·
2959 5856 3079 5910 οὐδὲ
3110 5856 3311 5927 μικροῦ
3357 5852 3474 5907 δεῖ·
3516 5850 3717 5911 πάντας
