  <div class='ocr_page' id='page_1' title='image "/cluster/home/n/w/nwhite01/storage/ocr_20150623/145:no.1/coo.31924054870500/211.png"; bbox 0 0 4018 6420; ppageno 0'>
   <div class='ocr_carea' id='block_1_1' title="bbox 479 401 581 461">
    <p class='ocr_par' dir='ltr' id='par_1_1' title="bbox 479 401 581 461">
     <span class='ocr_line' id='line_1_1' title="bbox 479 401 581 461; baseline 0 0"><span class='ocrx_word' id='word_1_1' title='bbox 479 401 581 461; x_wconf 74' lang='grc'><strong>407</strong></span> 
     </span>
    </p>
   </div>
   <div class='ocr_carea' id='block_1_2' title="bbox 1704 416 2492 484">
    <p class='ocr_par' dir='ltr' id='par_1_2' title="bbox 1704 416 2492 484">
     <span class='ocr_line' id='line_1_2' title="bbox 1704 416 2492 484; baseline 0.015 -12"><span class='ocrx_word' id='word_1_2' title='bbox 1704 416 2097 478; x_wconf 69' lang='grc' dir='ltr'><strong>ΤΠΕΟΒΗΙᾸ</strong></span> <span class='ocrx_word' id='word_1_3' title='bbox 2142 421 2492 484; x_wconf 73' lang='lat' dir='ltr'><strong>MONACHI</strong></span> 
     </span>
    </p>
   </div>
   <div class='ocr_carea' id='block_1_3' title="bbox 3617 430 3713 492">
    <p class='ocr_par' dir='ltr' id='par_1_3' title="bbox 3617 430 3713 492">
     <span class='ocr_line' id='line_1_3' title="bbox 3617 430 3713 492; baseline 0 0"><span class='ocrx_word' id='word_1_4' title='bbox 3617 430 3713 492; x_wconf 70' lang='grc'><strong>408</strong></span> 
     </span>
    </p>
   </div>
   <div class='ocr_carea' id='block_1_4' title="bbox 472 517 2043 608">
    <p class='ocr_par' dir='ltr' id='par_1_4' title="bbox 472 517 2041 588">
     <span class='ocr_line' id='line_1_4' title="bbox 472 517 2041 588; baseline 0.01 -23"><span class='ocrx_word' id='word_1_5' title='bbox 472 522 638 582; x_wconf 88' lang='lat' dir='ltr'><strong>atque</strong></span> <span class='ocrx_word' id='word_1_6' title='bbox 669 517 1001 583; x_wconf 85' lang='lat' dir='ltr'><strong>necessario,</strong></span> <span class='ocrx_word' id='word_1_7' title='bbox 1036 533 1203 588; x_wconf 76' lang='lat' dir='ltr'><strong>perqu</strong></span> <span class='ocrx_word' id='word_1_8' title='bbox 1246 537 1295 573; x_wconf 80' lang='grc' dir='ltr'>ιιι</span> <span class='ocrx_word' id='word_1_9' title='bbox 1333 522 1599 576; x_wconf 80' lang='lat' dir='ltr'><strong>familiare</strong></span> <span class='ocrx_word' id='word_1_10' title='bbox 1634 534 1855 580; x_wconf 82' lang='lat' dir='ltr'><strong>exercet</strong></span> <span class='ocrx_word' id='word_1_11' title='bbox 1888 542 2041 581; x_wconf 80' lang='lat' dir='ltr'><strong>eom-</strong></span> 
     </span>
    </p>
   </div>
   <div class='ocr_carea' id='block_1_5' title="bbox 2149 517 3699 608">
    <p class='ocr_par' dir='ltr' id='par_1_5' title="bbox 2158 534 3699 608">
     <span class='ocr_line' id='line_1_5' title="bbox 2158 534 3699 608; baseline 0.008 -25"><span class='ocrx_word' id='word_1_12' title='bbox 2158 547 2300 594; x_wconf 83' lang='grc' dir='ltr'>ποις,</span> <span class='ocrx_word' id='word_1_13' title='bbox 2336 534 2429 586; x_wconf 78' lang='grc' dir='ltr'><strong>καὶ</strong></span> <span class='ocrx_word' id='word_1_14' title='bbox 2466 534 2752 604; x_wconf 86' lang='grc' dir='ltr'>προλέγεις</span> <span class='ocrx_word' id='word_1_15' title='bbox 2797 537 2884 590; x_wconf 80' lang='grc' dir='ltr'><strong>ἆτ’</strong></span> <span class='ocrx_word' id='word_1_16' title='bbox 2915 537 3092 603; x_wconf 79' lang='grc' dir='ltr'>ἔξεστι</span> <span class='ocrx_word' id='word_1_17' title='bbox 3117 554 3131 570; x_wconf 71' lang='grc'><strong><em>⁸</em></strong></span> <span class='ocrx_word' id='word_1_18' title='bbox 3174 539 3266 591; x_wconf 76' lang='grc' dir='ltr'>καὶ</span> <span class='ocrx_word' id='word_1_19' title='bbox 3297 537 3354 592; x_wconf 82' lang='grc' dir='ltr'>τὸ</span> <span class='ocrx_word' id='word_1_20' title='bbox 3393 539 3572 608; x_wconf 77' lang='grc' dir='ltr'><strong>μέλλον</strong></span> <span class='ocrx_word' id='word_1_21' title='bbox 3602 542 3699 595; x_wconf 85' lang='grc' dir='ltr'>ῶσ-</span> 
     </span>
    </p>
   </div>
   <div class='ocr_carea' id='block_1_6' title="bbox 471 605 2050 687">
    <p class='ocr_par' dir='ltr' id='par_1_6' title="bbox 471 605 2050 687">
     <span class='ocr_line' id='line_1_6' title="bbox 471 605 2050 687; baseline 0.013 -31"><span class='ocrx_word' id='word_1_22' title='bbox 471 605 763 673; x_wconf 87' lang='lat' dir='ltr'><strong>mercium,</strong></span> <span class='ocrx_word' id='word_1_23' title='bbox 794 607 938 662; x_wconf 89' lang='lat' dir='ltr'><strong>etde</strong></span> <span class='ocrx_word' id='word_1_24' title='bbox 966 609 1085 678; x_wconf 91' lang='lat' dir='ltr'><strong>ipso</strong></span> <span class='ocrx_word' id='word_1_25' title='bbox 1112 614 1432 682; x_wconf 72' lang='lat' dir='ltr'><strong>cmterisque</strong></span> <span class='ocrx_word' id='word_1_26' title='bbox 1462 615 1742 670; x_wconf 77' lang='lat' dir='ltr'><strong>sideribus</strong></span> <span class='ocrx_word' id='word_1_27' title='bbox 1769 621 2050 687; x_wconf 88' lang='lat' dir='ltr'><strong>omnibus,</strong></span> 
     </span>
    </p>
   </div>
   <div class='ocr_carea' id='block_1_7' title="bbox 378 698 2050 783">
    <p class='ocr_par' dir='ltr' id='par_1_7' title="bbox 378 698 2050 783">
     <span class='ocr_line' id='line_1_7' title="bbox 378 698 2050 783; baseline 0.013 -35"><span class='ocrx_word' id='word_1_28' title='bbox 378 698 389 701; x_wconf 74' lang='grc'><strong>’</strong></span> <span class='ocrx_word' id='word_1_29' title='bbox 469 699 730 766; x_wconf 65' lang='lat' dir='ltr'><strong>prmclara</strong></span> <span class='ocrx_word' id='word_1_30' title='bbox 758 703 1005 770; x_wconf 61' lang='lat' dir='ltr'><strong>quasdam</strong></span> <span class='ocrx_word' id='word_1_31' title='bbox 1033 714 1087 757; x_wconf 89' lang='lat' dir='ltr'><strong>et</strong></span> <span class='ocrx_word' id='word_1_32' title='bbox 1118 704 1323 766; x_wconf 87' lang='lat' dir='ltr'><strong>divina,</strong></span> <span class='ocrx_word' id='word_1_33' title='bbox 1351 716 1405 759; x_wconf 75' lang='lat' dir='ltr'><strong>et</strong></span> <span class='ocrx_word' id='word_1_34' title='bbox 1435 707 1803 764; x_wconf 86' lang='lat' dir='ltr'><strong>admiratione</strong></span> <span class='ocrx_word' id='word_1_35' title='bbox 1841 714 2050 783; x_wconf 78' lang='lat' dir='ltr'><strong>majora</strong></span> 
     </span>
    </p>
   </div>
   <div class='ocr_carea' id='block_1_8' title="bbox 467 791 2045 871">
    <p class='ocr_par' dir='ltr' id='par_1_8' title="bbox 467 791 2045 871">
     <span class='ocr_line' id='line_1_8' title="bbox 467 791 2045 871; baseline 0.008 -26"><span class='ocrx_word' id='word_1_36' title='bbox 467 791 736 846; x_wconf 74' lang='lat' dir='ltr'><strong>disserit:</strong></span> <span class='ocrx_word' id='word_1_37' title='bbox 777 809 921 848; x_wconf 90' lang='lat' dir='ltr'><strong>nunc</strong></span> <span class='ocrx_word' id='word_1_38' title='bbox 963 798 1276 851; x_wconf 86' lang='lat' dir='ltr'><strong>communis</strong></span> <span class='ocrx_word' id='word_1_39' title='bbox 1333 798 1474 851; x_wconf 87' lang='lat' dir='ltr'><strong>idem</strong></span> <span class='ocrx_word' id='word_1_40' title='bbox 1526 801 1782 856; x_wconf 73' lang='lat' dir='ltr'><strong>utilitatis</strong></span> <span class='ocrx_word' id='word_1_41' title='bbox 1831 801 2045 871; x_wconf 57' lang='lat' dir='ltr'><strong>aactor,</strong></span> 
     </span>
    </p>
   </div>
   <div class='ocr_carea' id='block_1_9' title="bbox 466 883 2049 966">
    <p class='ocr_par' dir='ltr' id='par_1_9' title="bbox 466 883 2049 966">
     <span class='ocr_line' id='line_1_9' title="bbox 466 883 2049 966; baseline 0.01 -31"><span class='ocrx_word' id='word_1_42' title='bbox 466 893 523 936; x_wconf 79' lang='lat' dir='ltr'><strong>et</strong></span> <span class='ocrx_word' id='word_1_43' title='bbox 570 883 878 939; x_wconf 82' lang='lat' dir='ltr'><strong>universale</strong></span> <span class='ocrx_word' id='word_1_44' title='bbox 922 888 1195 954; x_wconf 78' lang='lat' dir='ltr'><strong>quoddam</strong></span> <span class='ocrx_word' id='word_1_45' title='bbox 1252 890 1456 944; x_wconf 89' lang='lat' dir='ltr'><strong>bonum</strong></span> <span class='ocrx_word' id='word_1_46' title='bbox 1506 906 1610 960; x_wconf 80' lang='lat' dir='ltr'><strong>est;</strong></span> <span class='ocrx_word' id='word_1_47' title='bbox 1648 904 1703 948; x_wconf 89' lang='lat' dir='ltr'><strong>et</strong></span> <span class='ocrx_word' id='word_1_48' title='bbox 1753 896 2049 966; x_wconf 81' lang='lat' dir='ltr'><strong>unicuique</strong></span> 
     </span>
    </p>
   </div>
   <div class='ocr_carea' id='block_1_10' title="bbox 468 975 2044 1056">
    <p class='ocr_par' dir='ltr' id='par_1_10' title="bbox 468 975 2044 1056">
     <span class='ocr_line' id='line_1_10' title="bbox 468 975 2044 1056; baseline 0.01 -28"><span class='ocrx_word' id='word_1_49' title='bbox 468 975 910 1047; x_wconf 71' lang='lat' dir='ltr'><strong>quazzjocuuque</strong></span> <span class='ocrx_word' id='word_1_50' title='bbox 939 994 1071 1033; x_wconf 88' lang='lat' dir='ltr'><strong>usus</strong></span> <span class='ocrx_word' id='word_1_51' title='bbox 1104 990 1209 1046; x_wconf 89' lang='lat' dir='ltr'><strong>est,</strong></span> <span class='ocrx_word' id='word_1_52' title='bbox 1241 982 1445 1038; x_wconf 84' lang='lat' dir='ltr'><strong>sodalis</strong></span> <span class='ocrx_word' id='word_1_53' title='bbox 1473 987 1799 1056; x_wconf 76' lang='lat' dir='ltr'><strong>adjtttm&#39;que</strong></span> <span class='ocrx_word' id='word_1_54' title='bbox 1827 989 2044 1047; x_wconf 82' lang='lat' dir='ltr'><strong>dexter-</strong></span> 
     </span>
    </p>
   </div>
   <div class='ocr_carea' id='block_1_11' title="bbox 468 1069 2043 1145">
    <p class='ocr_par' dir='ltr' id='par_1_11' title="bbox 468 1069 2043 1145">
     <span class='ocr_line' id='line_1_11' title="bbox 468 1069 2043 1145; baseline 0.01 -23"><span class='ocrx_word' id='word_1_55' title='bbox 468 1069 689 1123; x_wconf 86' lang='lat' dir='ltr'><strong>rimus:</strong></span> <span class='ocrx_word' id='word_1_56' title='bbox 731 1069 913 1126; x_wconf 85' lang='lat' dir='ltr'><strong>Omnis</strong></span> <span class='ocrx_word' id='word_1_57' title='bbox 964 1075 1049 1126; x_wconf 87' lang='lat' dir='ltr'><strong>cui</strong></span> <span class='ocrx_word' id='word_1_58' title='bbox 1092 1074 1178 1129; x_wconf 85' lang='lat' dir='ltr'><strong>via</strong></span> <span class='ocrx_word' id='word_1_59' title='bbox 1229 1078 1408 1145; x_wconf 77' lang='lat' dir='ltr'><strong>pervia</strong></span> <span class='ocrx_word' id='word_1_60' title='bbox 1466 1089 1573 1141; x_wconf 80' lang='lat' dir='ltr'><strong>est;</strong></span> <span class='ocrx_word' id='word_1_61' title='bbox 1627 1096 1718 1132; x_wconf 79' lang='lat' dir='ltr'><strong>nec</strong></span> <span class='ocrx_word' id='word_1_62' title='bbox 1768 1094 2043 1137; x_wconf 75' lang='lat' dir='ltr'><strong>conantem</strong></span> 
     </span>
    </p>
   </div>
   <div class='ocr_carea' id='block_1_12' title="bbox 466 1162 2044 1244">
    <p class='ocr_par' dir='ltr' id='par_1_12' title="bbox 466 1162 2044 1244">
     <span class='ocr_line' id='line_1_12' title="bbox 466 1162 2044 1244; baseline 0.011 -31"><span class='ocrx_word' id='word_1_63' title='bbox 466 1162 674 1215; x_wconf 85' lang='lat' dir='ltr'><strong>animus</strong></span> <span class='ocrx_word' id='word_1_64' title='bbox 715 1163 928 1228; x_wconf 81' lang='lat' dir='ltr'><strong>deserit,</strong></span> <span class='ocrx_word' id='word_1_65' title='bbox 957 1175 1050 1218; x_wconf 81' lang='lat' dir='ltr'><strong>aut</strong></span> <span class='ocrx_word' id='word_1_66' title='bbox 1080 1183 1289 1232; x_wconf 83' lang='lat' dir='ltr'><strong>manus,</strong></span> <span class='ocrx_word' id='word_1_67' title='bbox 1323 1179 1380 1222; x_wconf 94' lang='lat' dir='ltr'><strong>ut</strong></span> <span class='ocrx_word' id='word_1_68' title='bbox 1411 1171 1484 1223; x_wconf 87' lang='lat' dir='ltr'><strong>ait</strong></span> <span class='ocrx_word' id='word_1_69' title='bbox 1515 1171 1835 1239; x_wconf 74' lang='lat' dir='ltr'><strong>Sophocles.</strong></span> <span class='ocrx_word' id='word_1_70' title='bbox 1868 1175 2044 1244; x_wconf 62' lang='grc' dir='ltr'><strong>(ινδιξ-</strong></span> 
     </span>
    </p>
   </div>
   <div class='ocr_carea' id='block_1_13' title="bbox 465 1255 2040 1334">
    <p class='ocr_par' dir='ltr' id='par_1_13' title="bbox 465 1255 2040 1334">
     <span class='ocr_line' id='line_1_13' title="bbox 465 1255 2040 1334; baseline 0.01 -28"><span class='ocrx_word' id='word_1_71' title='bbox 465 1270 618 1323; x_wconf 85' lang='lat' dir='ltr'><strong>gone,</strong></span> <span class='ocrx_word' id='word_1_72' title='bbox 655 1255 806 1327; x_wconf 75' lang='lat'><strong>365.)</strong></span> <span class='ocrx_word' id='word_1_73' title='bbox 843 1258 955 1312; x_wconf 88' lang='lat' dir='ltr'><strong>Imo</strong></span> <span class='ocrx_word' id='word_1_74' title='bbox 1002 1276 1133 1314; x_wconf 87' lang='lat' dir='ltr'><strong>vero</strong></span> <span class='ocrx_word' id='word_1_75' title='bbox 1176 1268 1517 1329; x_wconf 62' lang='lat' dir='ltr'><strong>prEBSIIIlllltH&#39;</strong></span> <span class='ocrx_word' id='word_1_76' title='bbox 1562 1281 1780 1334; x_wconf 78' lang='lat' dir='ltr'><strong>semper</strong></span> <span class='ocrx_word' id='word_1_77' title='bbox 1820 1268 2040 1322; x_wconf 86' lang='lat' dir='ltr'><strong>melior-</strong></span> 
     </span>
    </p>
   </div>
   <div class='ocr_carea' id='block_1_14' title="bbox 2152 628 3706 704">
    <p class='ocr_par' dir='ltr' id='par_1_14' title="bbox 2152 628 3706 704">
     <span class='ocr_line' id='line_1_14' title="bbox 2152 628 3706 704; baseline 0.009 -30"><span class='ocrx_word' id='word_1_78' title='bbox 2152 641 2260 691; x_wconf 87' lang='grc' dir='ltr'><strong>περ</strong></span> <span class='ocrx_word' id='word_1_79' title='bbox 2286 641 2368 687; x_wconf 86' lang='grc' dir='ltr'><strong>τις</strong></span> <span class='ocrx_word' id='word_1_80' title='bbox 2405 628 2617 695; x_wconf 77' lang='grc' dir='ltr'><strong>μάντις,</strong></span> <span class='ocrx_word' id='word_1_81' title='bbox 2653 629 2728 691; x_wconf 83' lang='grc' dir='ltr'>ὡς</span> <span class='ocrx_word' id='word_1_82' title='bbox 2753 632 2932 699; x_wconf 85' lang='grc' dir='ltr'>παρὸν</span> <span class='ocrx_word' id='word_1_83' title='bbox 2958 630 3211 704; x_wconf 78' lang='grc' dir='ltr'><strong>διεξέρχῃ</strong></span> <span class='ocrx_word' id='word_1_84' title='bbox 3231 646 3243 659; x_wconf 92' lang='grc'><strong>·</strong></span> <span class='ocrx_word' id='word_1_85' title='bbox 3282 631 3316 685; x_wconf 81' lang='grc' dir='ltr'><strong>ἃ</strong></span> <span class='ocrx_word' id='word_1_86' title='bbox 3342 632 3482 694; x_wconf 86' lang='grc' dir='ltr'>τίνος</span> <span class='ocrx_word' id='word_1_87' title='bbox 3508 632 3602 685; x_wconf 80' lang='grc' dir='ltr'><strong>οὐκ</strong></span> <span class='ocrx_word' id='word_1_88' title='bbox 3623 635 3706 700; x_wconf 83' lang='grc' dir='ltr'><strong>ἂν,</strong></span> 
     </span>
    </p>
   </div>
   <div class='ocr_carea' id='block_1_15' title="bbox 2150 711 3709 793">
    <p class='ocr_par' dir='ltr' id='par_1_15' title="bbox 2150 711 3709 793">
     <span class='ocr_line' id='line_1_15' title="bbox 2150 711 3709 793; baseline 0.008 -26"><span class='ocrx_word' id='word_1_89' title='bbox 2150 711 2327 784; x_wconf 78' lang='grc' dir='ltr'>οἶμαι,</span> <span class='ocrx_word' id='word_1_90' title='bbox 2363 724 2806 792; x_wconf 76' lang='grc' dir='ltr'><strong>περιφανέστερα</strong></span> <span class='ocrx_word' id='word_1_91' title='bbox 2861 730 2956 777; x_wconf 69' lang='grc' dir='ltr'><strong>καὶ</strong></span> <span class='ocrx_word' id='word_1_92' title='bbox 3011 725 3216 779; x_wconf 90' lang='grc' dir='ltr'>καλλίω</span> <span class='ocrx_word' id='word_1_93' title='bbox 3270 726 3590 793; x_wconf 83' lang='grc' dir='ltr'>κοσμοῦντα,</span> <span class='ocrx_word' id='word_1_94' title='bbox 3619 730 3709 780; x_wconf 84' lang='grc' dir='ltr'>καὶ</span> 
     </span>
    </p>
   </div>
   <div class='ocr_carea' id='block_1_16' title="bbox 2151 800 3713 883">
    <p class='ocr_par' dir='ltr' id='par_1_16' title="bbox 2151 800 3713 883">
     <span class='ocr_line' id='line_1_16' title="bbox 2151 800 3713 883; baseline 0.007 -23"><span class='ocrx_word' id='word_1_95' title='bbox 2151 811 2384 864; x_wconf 84' lang='grc' dir='ltr'>πλοῦτον</span> <span class='ocrx_word' id='word_1_96' title='bbox 2438 814 2532 866; x_wconf 74' lang='grc' dir='ltr'><strong>καὶ</strong></span> <span class='ocrx_word' id='word_1_97' title='bbox 2590 815 2751 879; x_wconf 80' lang='grc' dir='ltr'>δόξαν</span> <span class='ocrx_word' id='word_1_98' title='bbox 2779 816 2873 870; x_wconf 79' lang='grc' dir='ltr'><strong>καὶ</strong></span> <span class='ocrx_word' id='word_1_99' title='bbox 2920 816 3239 869; x_wconf 80' lang='grc' dir='ltr'><strong>δυναστείαν</strong></span> <span class='ocrx_word' id='word_1_100' title='bbox 3285 819 3377 868; x_wconf 80' lang='grc' dir='ltr'><strong>καὶ</strong></span> <span class='ocrx_word' id='word_1_101' title='bbox 3411 817 3581 883; x_wconf 81' lang='grc' dir='ltr'>γένος,</span> <span class='ocrx_word' id='word_1_102' title='bbox 3626 800 3713 871; x_wconf 77' lang='grc' dir='ltr'>κοῖι</span> 
     </span>
    </p>
   </div>
   <div class='ocr_carea' id='block_1_17' title="bbox 2147 903 3712 978">
    <p class='ocr_par' dir='ltr' id='par_1_17' title="bbox 2147 903 3712 978">
     <span class='ocr_line' id='line_1_17' title="bbox 2147 903 3712 978; baseline 0.005 -24"><span class='ocrx_word' id='word_1_103' title='bbox 2147 903 2244 971; x_wconf 83' lang='grc' dir='ltr'><strong>τὴν</strong></span> <span class='ocrx_word' id='word_1_104' title='bbox 2304 908 2431 974; x_wconf 81' lang='grc' dir='ltr'>περὶ</span> <span class='ocrx_word' id='word_1_105' title='bbox 2465 906 2562 967; x_wconf 79' lang='grc' dir='ltr'><strong>τάς</strong></span> <span class='ocrx_word' id='word_1_106' title='bbox 2612 908 2710 969; x_wconf 83' lang='grc' dir='ltr'><strong>σὰς</strong></span> <span class='ocrx_word' id='word_1_107' title='bbox 2740 906 2932 977; x_wconf 82' lang='grc' dir='ltr'>θύρας,</span> <span class='ocrx_word' id='word_1_108' title='bbox 2965 911 3018 962; x_wconf 86' lang='grc' dir='ltr'><strong>εῐ</strong></span> <span class='ocrx_word' id='word_1_109' title='bbox 3053 925 3144 978; x_wconf 84' lang='grc' dir='ltr'><strong>μοι</strong></span> <span class='ocrx_word' id='word_1_110' title='bbox 3177 907 3335 970; x_wconf 82' lang='grc' dir='ltr'><strong>δίδως</strong></span> <span class='ocrx_word' id='word_1_111' title='bbox 3382 909 3575 973; x_wconf 82' lang='grc' dir='ltr'>εἰπεῖν,</span> <span class='ocrx_word' id='word_1_112' title='bbox 3601 909 3712 962; x_wconf 79' lang='grc' dir='ltr'>ὅσαι</span> 
     </span>
    </p>
   </div>
   <div class='ocr_carea' id='block_1_18' title="bbox 2153 990 3716 1071">
    <p class='ocr_par' dir='ltr' id='par_1_18' title="bbox 2153 990 3716 1071">
     <span class='ocr_line' id='line_1_18' title="bbox 2153 990 3716 1071; baseline 0.002 -22"><span class='ocrx_word' id='word_1_113' title='bbox 2153 990 2296 1066; x_wconf 84' lang='grc' dir='ltr'>ὧραι</span> <span class='ocrx_word' id='word_1_114' title='bbox 2343 998 2444 1066; x_wconf 70' lang='grc' dir='ltr'>τῆς</span> <span class='ocrx_word' id='word_1_115' title='bbox 2493 1000 2820 1070; x_wconf 78' lang='grc' dir='ltr'><strong>οἰκουμένης</strong></span> <span class='ocrx_word' id='word_1_116' title='bbox 2863 1001 3137 1071; x_wconf 83' lang='grc' dir='ltr'>φατρίαν;</span> <span class='ocrx_word' id='word_1_117' title='bbox 3187 1002 3296 1054; x_wconf 81' lang='grc' dir='ltr'>Καί</span> <span class='ocrx_word' id='word_1_118' title='bbox 3345 1018 3424 1054; x_wconf 87' lang='grc' dir='ltr'><strong>σοι</strong></span> <span class='ocrx_word' id='word_1_119' title='bbox 3461 1000 3615 1070; x_wconf 81' lang='grc' dir='ltr'>χάρις</span> <span class='ocrx_word' id='word_1_120' title='bbox 3655 1002 3716 1054; x_wconf 85' lang='grc' dir='ltr'>ἂν</span> 
     </span>
    </p>
   </div>
   <div class='ocr_carea' id='block_1_19' title="bbox 2154 1089 3719 1163">
    <p class='ocr_par' dir='ltr' id='par_1_19' title="bbox 2154 1089 3719 1163">
     <span class='ocr_line' id='line_1_19' title="bbox 2154 1089 3719 1163; baseline 0.003 -22"><span class='ocrx_word' id='word_1_121' title='bbox 2154 1090 2238 1159; x_wconf 88' lang='grc' dir='ltr'><strong>εἰή</strong></span> <span class='ocrx_word' id='word_1_122' title='bbox 2292 1089 2579 1161; x_wconf 80' lang='grc' dir='ltr'>Θαυμαστή</span> <span class='ocrx_word' id='word_1_123' title='bbox 2614 1110 2696 1154; x_wconf 89' lang='grc' dir='ltr'><strong>τις</strong></span> <span class='ocrx_word' id='word_1_124' title='bbox 2754 1094 3085 1161; x_wconf 80' lang='grc' dir='ltr'>ἁναφανέντι</span> <span class='ocrx_word' id='word_1_125' title='bbox 3115 1094 3334 1161; x_wconf 80' lang='grc' dir='ltr'>φύσεως</span> <span class='ocrx_word' id='word_1_126' title='bbox 3374 1092 3605 1163; x_wconf 77' lang='grc' dir='ltr'><strong>χορηγία</strong></span> <span class='ocrx_word' id='word_1_127' title='bbox 3633 1094 3719 1147; x_wconf 74' lang='grc' dir='ltr'><strong>καὶ</strong></span> 
     </span>
    </p>
   </div>
   <div class='ocr_carea' id='block_1_20' title="bbox 2153 1181 3722 1254">
    <p class='ocr_par' dir='ltr' id='par_1_20' title="bbox 2153 1181 3722 1254">
     <span class='ocr_line' id='line_1_20' title="bbox 2153 1181 3722 1254; baseline -0.001 -20"><span class='ocrx_word' id='word_1_128' title='bbox 2153 1181 2434 1250; x_wconf 73' lang='grc' dir='ltr'>φιλοτιμία</span> <span class='ocrx_word' id='word_1_129' title='bbox 2455 1185 2627 1247; x_wconf 69' lang='grc' dir='ltr'>κοινὴ,</span> <span class='ocrx_word' id='word_1_130' title='bbox 2655 1185 2747 1235; x_wconf 78' lang='grc' dir='ltr'><strong>καί</strong></span> <span class='ocrx_word' id='word_1_131' title='bbox 2764 1183 2952 1252; x_wconf 75' lang='grc' dir='ltr'>ὄφελος</span> <span class='ocrx_word' id='word_1_132' title='bbox 2977 1187 3325 1254; x_wconf 74' lang='grc' dir='ltr'><strong>οἰκουμένης,</strong></span> <span class='ocrx_word' id='word_1_133' title='bbox 3341 1186 3434 1238; x_wconf 77' lang='grc' dir='ltr'>καὶ</span> <span class='ocrx_word' id='word_1_134' title='bbox 3456 1184 3597 1253; x_wconf 82' lang='grc' dir='ltr'>ψυχὴ</span> <span class='ocrx_word' id='word_1_135' title='bbox 3622 1182 3722 1235; x_wconf 85' lang='grc' dir='ltr'>τῶν</span> 
     </span>
    </p>
   </div>
   <div class='ocr_carea' id='block_1_21' title="bbox 2153 1274 3721 1347">
    <p class='ocr_par' dir='ltr' id='par_1_21' title="bbox 2153 1274 3721 1347">
     <span class='ocr_line' id='line_1_21' title="bbox 2153 1274 3721 1347; baseline 0.003 -23"><span class='ocrx_word' id='word_1_136' title='bbox 2153 1274 2498 1342; x_wconf 71' lang='grc' dir='ltr'>πραγμάτων</span> <span class='ocrx_word' id='word_1_137' title='bbox 2528 1291 2541 1304; x_wconf 87' lang='grc'><strong>·</strong></span> <span class='ocrx_word' id='word_1_138' title='bbox 2575 1274 2763 1343; x_wconf 81' lang='grc' dir='ltr'>ὥσπερ</span> <span class='ocrx_word' id='word_1_139' title='bbox 2793 1276 2859 1346; x_wconf 82' lang='grc' dir='ltr'>ἢν</span> <span class='ocrx_word' id='word_1_140' title='bbox 2885 1277 2910 1328; x_wconf 86' lang='grc' dir='ltr'><strong>ό</strong></span> <span class='ocrx_word' id='word_1_141' title='bbox 2941 1277 3166 1330; x_wconf 82' lang='grc' dir='ltr'><strong>Πλάτων</strong></span> <span class='ocrx_word' id='word_1_142' title='bbox 3188 1276 3356 1347; x_wconf 73' lang='grc' dir='ltr'>ἔφησε</span> <span class='ocrx_word' id='word_1_143' title='bbox 3380 1275 3474 1330; x_wconf 80' lang='grc' dir='ltr'>τοῦ</span> <span class='ocrx_word' id='word_1_144' title='bbox 3507 1275 3721 1337; x_wconf 83' lang='grc' dir='ltr'>παντός.</span> 
     </span>
    </p>
   </div>
   <div class='ocr_carea' id='block_1_22' title="bbox 468 1354 3723 1439">
    <p class='ocr_par' dir='ltr' id='par_1_22' title="bbox 468 1354 3723 1439">
     <span class='ocr_line' id='line_1_22' title="bbox 468 1354 3723 1439; baseline 0.005 -35"><span class='ocrx_word' id='word_1_145' title='bbox 468 1365 578 1421; x_wconf 92' lang='lat' dir='ltr'><strong>que</strong></span> <span class='ocrx_word' id='word_1_146' title='bbox 606 1354 905 1422; x_wconf 89' lang='lat' dir='ltr'><strong>semetipso</strong></span> <span class='ocrx_word' id='word_1_147' title='bbox 936 1356 1293 1424; x_wconf 84' lang='lat' dir='ltr'><strong>conspicitur.</strong></span> <span class='ocrx_word' id='word_1_148' title='bbox 1325 1358 1443 1412; x_wconf 85' lang='lat' dir='ltr'><strong>Non</strong></span> <span class='ocrx_word' id='word_1_149' title='bbox 1486 1369 1541 1412; x_wconf 88' lang='lat' dir='ltr'><strong>tu</strong></span> <span class='ocrx_word' id='word_1_150' title='bbox 1586 1361 1773 1428; x_wconf 80' lang='lat' dir='ltr'><strong>igitur,</strong></span> <span class='ocrx_word' id='word_1_151' title='bbox 1837 1362 1985 1429; x_wconf 88' lang='lat' dir='ltr'><strong>quod</strong></span> <span class='ocrx_word' id='word_1_152' title='bbox 2056 1364 2124 1419; x_wconf 91' lang='lat' dir='ltr'><strong>de</strong></span> <span class='ocrx_word' id='word_1_153' title='bbox 2165 1366 2530 1422; x_wconf 79' lang='lat' dir='ltr'><strong>Demosthene</strong></span> <span class='ocrx_word' id='word_1_154' title='bbox 2584 1384 2693 1422; x_wconf 89' lang='lat' dir='ltr'><strong>non</strong></span> <span class='ocrx_word' id='word_1_155' title='bbox 2744 1385 2907 1423; x_wconf 90' lang='lat' dir='ltr'><strong>nemo</strong></span> <span class='ocrx_word' id='word_1_156' title='bbox 2957 1370 3347 1439; x_wconf 77' lang='lat' dir='ltr'><strong>pronuntiabat</strong></span> <span class='ocrx_word' id='word_1_157' title='bbox 3400 1367 3723 1438; x_wconf 84' lang='lat' dir='ltr'><strong>(Aristides,</strong></span> 
     </span>
    </p>
   </div>
   <div class='ocr_carea' id='block_1_23' title="bbox 466 1445 2043 1534">
    <p class='ocr_par' dir='ltr' id='par_1_23' title="bbox 466 1445 2043 1528">
     <span class='ocr_line' id='line_1_23' title="bbox 466 1445 2043 1528; baseline 0.01 -29"><span class='ocrx_word' id='word_1_158' title='bbox 466 1448 525 1499; x_wconf 80' lang='grc' dir='ltr'>ὲν</span> <span class='ocrx_word' id='word_1_159' title='bbox 557 1445 632 1513; x_wconf 81' lang='grc' dir='ltr'><strong>τῷ</strong></span> <span class='ocrx_word' id='word_1_160' title='bbox 664 1446 802 1517; x_wconf 82' lang='grc' dir='ltr'>ὑπὲρ</span> <span class='ocrx_word' id='word_1_161' title='bbox 832 1448 939 1500; x_wconf 80' lang='grc' dir='ltr'>τῶν</span> <span class='ocrx_word' id='word_1_162' title='bbox 966 1452 1269 1520; x_wconf 75' lang='grc' dir='ltr'>τεσσάρων,</span> <span class='ocrx_word' id='word_1_163' title='bbox 1307 1464 1343 1507; x_wconf 87' lang='grc' dir='ltr'><strong>ι.</strong></span> <span class='ocrx_word' id='word_1_164' title='bbox 1373 1452 1459 1516; x_wconf 87' lang='lat' dir='ltr'><strong>Ill,</strong></span> <span class='ocrx_word' id='word_1_165' title='bbox 1496 1471 1545 1521; x_wconf 91' lang='lat' dir='ltr'><strong>p.</strong></span> <span class='ocrx_word' id='word_1_166' title='bbox 1578 1454 1700 1517; x_wconf 78' lang='lat' dir='ltr'><strong>5H,</strong></span> <span class='ocrx_word' id='word_1_167' title='bbox 1733 1455 1811 1521; x_wconf 84' lang='lat' dir='ltr'><strong>A;</strong></span> <span class='ocrx_word' id='word_1_168' title='bbox 1850 1457 2043 1528; x_wconf 80' lang='lat' dir='ltr'><strong>Synes.</strong></span> 
     </span>
    </p>
   </div>
   <div class='ocr_carea' id='block_1_24' title="bbox 2149 1445 3728 1534">
    <p class='ocr_par' dir='ltr' id='par_1_24' title="bbox 2149 1454 3728 1534">
     <span class='ocr_line' id='line_1_24' title="bbox 2149 1454 3728 1534; baseline -0.001 -19"><span class='ocrx_word' id='word_1_169' title='bbox 2149 1461 2255 1517; x_wconf 59' lang='lat' dir='ltr'><strong>list.</strong></span> <span class='ocrx_word' id='word_1_170' title='bbox 2288 1462 2411 1527; x_wconf 85' lang='grc'><strong>101,</strong></span> <span class='ocrx_word' id='word_1_171' title='bbox 2476 1463 2605 1531; x_wconf 78' lang='grc' dir='ltr'>ίίιιο)</span> <span class='ocrx_word' id='word_1_172' title='bbox 2647 1464 2888 1533; x_wconf 67' lang='grc' dir='ltr'>ργαιςῖιίῖδ</span> <span class='ocrx_word' id='word_1_173' title='bbox 2950 1454 3262 1534; x_wconf 69' lang='lat' dir='ltr'><strong>eloquentia:</strong></span> <span class='ocrx_word' id='word_1_174' title='bbox 3285 1464 3534 1519; x_wconf 73' lang='lat' dir='ltr'><strong>Mercurii</strong></span> <span class='ocrx_word' id='word_1_175' title='bbox 3561 1463 3728 1531; x_wconf 81' lang='lat' dir='ltr'><strong>imago</strong></span> 
     </span>
    </p>
   </div>
   <div class='ocr_carea' id='block_1_25' title="bbox 466 1544 3731 1630">
    <p class='ocr_par' dir='ltr' id='par_1_25' title="bbox 466 1544 3731 1630">
     <span class='ocr_line' id='line_1_25' title="bbox 466 1544 3731 1630; baseline 0.004 -32"><span class='ocrx_word' id='word_1_176' title='bbox 466 1544 536 1598; x_wconf 86' lang='lat' dir='ltr'><strong>ad</strong></span> <span class='ocrx_word' id='word_1_177' title='bbox 562 1560 657 1598; x_wconf 85' lang='lat' dir='ltr'><strong>nos</strong></span> <span class='ocrx_word' id='word_1_178' title='bbox 693 1561 930 1611; x_wconf 76' lang='lat' dir='ltr'><strong>veneras,</strong></span> <span class='ocrx_word' id='word_1_179' title='bbox 971 1548 1064 1601; x_wconf 89' lang='lat' dir='ltr'><strong>sed</strong></span> <span class='ocrx_word' id='word_1_180' title='bbox 1097 1549 1281 1603; x_wconf 90' lang='lat' dir='ltr'><strong>ethoc</strong></span> <span class='ocrx_word' id='word_1_181' title='bbox 1314 1551 1452 1619; x_wconf 89' lang='lat' dir='ltr'><strong>ipso,</strong></span> <span class='ocrx_word' id='word_1_182' title='bbox 1477 1567 1587 1618; x_wconf 90' lang='lat' dir='ltr'><strong>quo</strong></span> <span class='ocrx_word' id='word_1_183' title='bbox 1657 1554 1803 1608; x_wconf 89' lang='lat' dir='ltr'><strong>inter</strong></span> <span class='ocrx_word' id='word_1_184' title='bbox 1842 1569 1944 1610; x_wconf 87' lang='lat' dir='ltr'><strong>nos</strong></span> <span class='ocrx_word' id='word_1_185' title='bbox 2008 1556 2263 1612; x_wconf 86' lang='lat' dir='ltr'><strong>homines</strong></span> <span class='ocrx_word' id='word_1_186' title='bbox 2340 1560 2454 1630; x_wconf 85' lang='lat' dir='ltr'><strong>agis</strong></span> <span class='ocrx_word' id='word_1_187' title='bbox 2495 1570 2760 1627; x_wconf 89' lang='lat' dir='ltr'><strong>tempore.</strong></span> <span class='ocrx_word' id='word_1_188' title='bbox 2832 1570 2888 1615; x_wconf 87' lang='lat' dir='ltr'><strong>et</strong></span> <span class='ocrx_word' id='word_1_189' title='bbox 2936 1560 2990 1614; x_wconf 92' lang='lat' dir='ltr'><strong>in</strong></span> <span class='ocrx_word' id='word_1_190' title='bbox 3040 1563 3289 1616; x_wconf 80' lang='lat' dir='ltr'><strong>assiduas</strong></span> <span class='ocrx_word' id='word_1_191' title='bbox 3333 1577 3431 1630; x_wconf 88' lang='lat' dir='ltr'><strong>pro</strong></span> <span class='ocrx_word' id='word_1_192' title='bbox 3482 1561 3731 1614; x_wconf 86' lang='lat' dir='ltr'><strong>universa</strong></span> 
     </span>
    </p>
   </div>
   <div class='ocr_carea' id='block_1_26' title="bbox 467 1639 3728 1721">
    <p class='ocr_par' dir='ltr' id='par_1_26' title="bbox 467 1639 3728 1721">
     <span class='ocr_line' id='line_1_26' title="bbox 467 1639 3728 1721; baseline 0.004 -32"><span class='ocrx_word' id='word_1_193' title='bbox 467 1639 754 1705; x_wconf 78' lang='lat' dir='ltr'><strong>republica</strong></span> <span class='ocrx_word' id='word_1_194' title='bbox 806 1654 990 1706; x_wconf 89' lang='lat' dir='ltr'><strong>curas,</strong></span> <span class='ocrx_word' id='word_1_195' title='bbox 1022 1644 1140 1697; x_wconf 89' lang='lat' dir='ltr'><strong>sine</strong></span> <span class='ocrx_word' id='word_1_196' title='bbox 1185 1644 1290 1696; x_wconf 91' lang='lat' dir='ltr'><strong>ulla</strong></span> <span class='ocrx_word' id='word_1_197' title='bbox 1331 1645 1757 1711; x_wconf 88' lang='lat' dir='ltr'><strong>intermissione,</strong></span> <span class='ocrx_word' id='word_1_198' title='bbox 1792 1647 2090 1710; x_wconf 87' lang='lat' dir='ltr'><strong>incumbis,</strong></span> <span class='ocrx_word' id='word_1_199' title='bbox 2132 1650 2334 1719; x_wconf 83' lang='lat' dir='ltr'><strong>quippe</strong></span> <span class='ocrx_word' id='word_1_200' title='bbox 2370 1653 2463 1720; x_wconf 88' lang='lat' dir='ltr'><strong>qui</strong></span> <span class='ocrx_word' id='word_1_201' title='bbox 2501 1653 2775 1719; x_wconf 84' lang='lat' dir='ltr'><strong>regiorum</strong></span> <span class='ocrx_word' id='word_1_202' title='bbox 2808 1652 3157 1705; x_wconf 82' lang='lat' dir='ltr'><strong>oraculorum</strong></span> <span class='ocrx_word' id='word_1_203' title='bbox 3193 1653 3373 1721; x_wconf 87' lang='lat' dir='ltr'><strong>tripus</strong></span> <span class='ocrx_word' id='word_1_204' title='bbox 3434 1660 3491 1705; x_wconf 88' lang='lat' dir='ltr'><strong>et</strong></span> <span class='ocrx_word' id='word_1_205' title='bbox 3514 1650 3728 1705; x_wconf 84' lang='lat' dir='ltr'><strong>Cortina</strong></span> 
     </span>
    </p>
   </div>
   <div class='ocr_carea' id='block_1_27' title="bbox 472 1734 3733 1817">
    <p class='ocr_par' dir='ltr' id='par_1_27' title="bbox 472 1734 3733 1817">
     <span class='ocr_line' id='line_1_27' title="bbox 472 1734 3733 1817; baseline 0.003 -30"><span class='ocrx_word' id='word_1_206' title='bbox 472 1750 618 1789; x_wconf 92' lang='lat' dir='ltr'><strong>unus</strong></span> <span class='ocrx_word' id='word_1_207' title='bbox 668 1739 955 1793; x_wconf 85' lang='lat' dir='ltr'><strong>verissime</strong></span> <span class='ocrx_word' id='word_1_208' title='bbox 1027 1739 1176 1794; x_wconf 87' lang='lat' dir='ltr'><strong>visus</strong></span> <span class='ocrx_word' id='word_1_209' title='bbox 1228 1756 1310 1801; x_wconf 88' lang='lat' dir='ltr'><strong>es,</strong></span> <span class='ocrx_word' id='word_1_210' title='bbox 1377 1741 1442 1793; x_wconf 89' lang='lat' dir='ltr'><strong>ad</strong></span> <span class='ocrx_word' id='word_1_211' title='bbox 1495 1758 1619 1795; x_wconf 79' lang='lat' dir='ltr'><strong>cum</strong></span> <span class='ocrx_word' id='word_1_212' title='bbox 1679 1745 1839 1813; x_wconf 87' lang='lat' dir='ltr'><strong>plane</strong></span> <span class='ocrx_word' id='word_1_213' title='bbox 1900 1745 2149 1811; x_wconf 92' lang='lat' dir='ltr'><strong>modum,</strong></span> <span class='ocrx_word' id='word_1_214' title='bbox 2203 1748 2354 1801; x_wconf 86' lang='lat' dir='ltr'><strong>velut</strong></span> <span class='ocrx_word' id='word_1_215' title='bbox 2398 1749 2667 1817; x_wconf 87' lang='lat' dir='ltr'><strong>quispiam</strong></span> <span class='ocrx_word' id='word_1_216' title='bbox 2715 1734 3733 1817; x_wconf 29' lang='lat' dir='ltr'><strong>humanam.supergi&#39;essus&#39;sortem,</strong></span> 
     </span>
    </p>
   </div>
   <div class='ocr_carea' id='block_1_28' title="bbox 465 1835 3725 1915">
    <p class='ocr_par' dir='ltr' id='par_1_28' title="bbox 465 1835 3725 1915">
     <span class='ocr_line' id='line_1_28' title="bbox 465 1835 3725 1915; baseline 0.003 -30"><span class='ocrx_word' id='word_1_217' title='bbox 465 1846 648 1902; x_wconf 81' lang='lat' dir='ltr'><strong>neque</strong></span> <span class='ocrx_word' id='word_1_218' title='bbox 701 1835 812 1889; x_wconf 90' lang='lat' dir='ltr'><strong>ullo</strong></span> <span class='ocrx_word' id='word_1_219' title='bbox 864 1845 1131 1892; x_wconf 86' lang='lat' dir='ltr'><strong>terrarum</strong></span> <span class='ocrx_word' id='word_1_220' title='bbox 1186 1838 1432 1893; x_wconf 88' lang='lat' dir='ltr'><strong>inclusus</strong></span> <span class='ocrx_word' id='word_1_221' title='bbox 1480 1839 1620 1903; x_wconf 84' lang='lat' dir='ltr'><strong>loco,</strong></span> <span class='ocrx_word' id='word_1_222' title='bbox 1658 1849 1712 1894; x_wconf 89' lang='lat' dir='ltr'><strong>et</strong></span> <span class='ocrx_word' id='word_1_223' title='bbox 1759 1850 2036 1897; x_wconf 86' lang='lat' dir='ltr'><strong>astrorum</strong></span> <span class='ocrx_word' id='word_1_224' title='bbox 2080 1843 2311 1898; x_wconf 78' lang='lat' dir='ltr'><strong>Rimaris</strong></span> <span class='ocrx_word' id='word_1_225' title='bbox 2376 1848 2554 1899; x_wconf 81' lang='lat' dir='ltr'><strong>varias</strong></span> <span class='ocrx_word' id='word_1_226' title='bbox 2586 1846 2941 1915; x_wconf 77' lang='lat' dir='ltr'><strong>aucipiteaque</strong></span> <span class='ocrx_word' id='word_1_227' title='bbox 3004 1847 3139 1907; x_wconf 80' lang='lat' dir='ltr'><strong>vias,</strong></span> <span class='ocrx_word' id='word_1_228' title='bbox 3171 1855 3226 1898; x_wconf 87' lang='lat' dir='ltr'><strong>et</strong></span> <span class='ocrx_word' id='word_1_229' title='bbox 3262 1861 3371 1897; x_wconf 88' lang='lat' dir='ltr'><strong>una</strong></span> <span class='ocrx_word' id='word_1_230' title='bbox 3404 1859 3528 1898; x_wconf 88' lang='lat' dir='ltr'><strong>cum</strong></span> <span class='ocrx_word' id='word_1_231' title='bbox 3557 1843 3725 1895; x_wconf 85' lang='lat' dir='ltr'><strong>nostri</strong></span> 
     </span>
    </p>
   </div>
   <div class='ocr_carea' id='block_1_29' title="bbox 462 1928 3728 2012">
    <p class='ocr_par' dir='ltr' id='par_1_29' title="bbox 462 1928 3728 2012">
     <span class='ocr_line' id='line_1_29' title="bbox 462 1928 3728 2012; baseline 0.003 -31"><span class='ocrx_word' id='word_1_232' title='bbox 462 1928 617 1983; x_wconf 67' lang='lat' dir='ltr'><strong>urbis</strong></span> <span class='ocrx_word' id='word_1_233' title='bbox 649 1931 907 1998; x_wconf 75' lang='lat' dir='ltr'><strong>negotiis,</strong></span> <span class='ocrx_word' id='word_1_234' title='bbox 934 1934 1177 1988; x_wconf 86' lang='lat' dir='ltr'><strong>coelestia</strong></span> <span class='ocrx_word' id='word_1_235' title='bbox 1209 1935 1453 1999; x_wconf 87' lang='lat' dir='ltr'><strong>insimul,</strong></span> <span class='ocrx_word' id='word_1_236' title='bbox 1482 1936 1740 1991; x_wconf 86' lang='lat' dir='ltr'><strong>laudabili</strong></span> <span class='ocrx_word' id='word_1_237' title='bbox 1809 1939 2077 1993; x_wconf 85' lang='lat' dir='ltr'><strong>industria</strong></span> <span class='ocrx_word' id='word_1_238' title='bbox 2118 1943 2380 2003; x_wconf 86' lang='lat' dir='ltr'><strong>sustines,</strong></span> <span class='ocrx_word' id='word_1_239' title='bbox 2454 1942 2618 2011; x_wconf 87' lang='lat' dir='ltr'><strong>idque</strong></span> <span class='ocrx_word' id='word_1_240' title='bbox 2657 1958 2823 2012; x_wconf 86' lang='lat' dir='ltr'><strong>supra</strong></span> <span class='ocrx_word' id='word_1_241' title='bbox 2865 1942 3015 2011; x_wconf 87' lang='lat' dir='ltr'><strong>ipsos</strong></span> <span class='ocrx_word' id='word_1_242' title='bbox 3051 1940 3441 1995; x_wconf 75' lang='lat' dir='ltr'><strong>astronomieae</strong></span> <span class='ocrx_word' id='word_1_243' title='bbox 3482 1940 3617 1993; x_wconf 88' lang='lat' dir='ltr'><strong>artis</strong></span> <span class='ocrx_word' id='word_1_244' title='bbox 3646 1954 3728 1992; x_wconf 87' lang='lat' dir='ltr'><strong>re-</strong></span> 
     </span>
    </p>
   </div>
   <div class='ocr_carea' id='block_1_30' title="bbox 466 2024 3737 2103">
    <p class='ocr_par' dir='ltr' id='par_1_30' title="bbox 466 2024 3737 2103">
     <span class='ocr_line' id='line_1_30' title="bbox 466 2024 3737 2103; baseline 0 -20"><span class='ocrx_word' id='word_1_245' title='bbox 466 2029 720 2083; x_wconf 63' lang='lat' dir='ltr'><strong>pertores</strong></span> <span class='ocrx_word' id='word_1_246' title='bbox 760 2032 818 2076; x_wconf 76' lang='grc' dir='ltr'>ει</span> <span class='ocrx_word' id='word_1_247' title='bbox 858 2024 1155 2088; x_wconf 71' lang='lat' dir='ltr'><strong>aﬂliSl-iles.</strong></span> <span class='ocrx_word' id='word_1_248' title='bbox 1193 2027 1348 2091; x_wconf 77' lang='lat' dir='ltr'><strong>Quasi</strong></span> <span class='ocrx_word' id='word_1_249' title='bbox 1397 2028 1441 2081; x_wconf 94' lang='lat' dir='ltr'><strong>si</strong></span> <span class='ocrx_word' id='word_1_250' title='bbox 1490 2039 1584 2082; x_wconf 88' lang='lat' dir='ltr'><strong>aut</strong></span> <span class='ocrx_word' id='word_1_251' title='bbox 1624 2044 1652 2080; x_wconf 92' lang='lat' dir='ltr'><strong>a</strong></span> <span class='ocrx_word' id='word_1_252' title='bbox 1701 2030 1859 2086; x_wconf 89' lang='lat' dir='ltr'><strong>nobis</strong></span> <span class='ocrx_word' id='word_1_253' title='bbox 1908 2031 2038 2087; x_wconf 90' lang='lat' dir='ltr'><strong>illuc</strong></span> <span class='ocrx_word' id='word_1_254' title='bbox 2077 2034 2314 2088; x_wconf 89' lang='lat' dir='ltr'><strong>subinde</strong></span> <span class='ocrx_word' id='word_1_255' title='bbox 2359 2045 2411 2089; x_wconf 90' lang='lat' dir='ltr'><strong>te</strong></span> <span class='ocrx_word' id='word_1_256' title='bbox 2451 2037 2865 2103; x_wconf 87' lang='lat' dir='ltr'><strong>reciperes,aut</strong></span> <span class='ocrx_word' id='word_1_257' title='bbox 2894 2038 2998 2091; x_wconf 91' lang='lat' dir='ltr'><strong>huc</strong></span> <span class='ocrx_word' id='word_1_258' title='bbox 3026 2035 3156 2089; x_wconf 88' lang='lat' dir='ltr'><strong>inde</strong></span> <span class='ocrx_word' id='word_1_259' title='bbox 3184 2033 3507 2089; x_wconf 77' lang='lat' dir='ltr'><strong>ventitares.</strong></span> <span class='ocrx_word' id='word_1_260' title='bbox 3538 2030 3737 2097; x_wconf 81' lang='lat' dir='ltr'><strong>Quant-</strong></span> 
     </span>
    </p>
   </div>
   <div class='ocr_carea' id='block_1_31' title="bbox 465 2116 3731 2199">
    <p class='ocr_par' dir='ltr' id='par_1_31' title="bbox 465 2116 3731 2199">
     <span class='ocr_line' id='line_1_31' title="bbox 465 2116 3731 2199; baseline 0.007 -31"><span class='ocrx_word' id='word_1_261' title='bbox 465 2116 657 2170; x_wconf 92' lang='lat' dir='ltr'><strong>obrem</strong></span> <span class='ocrx_word' id='word_1_262' title='bbox 702 2124 891 2184; x_wconf 84' lang='lat' dir='ltr'><strong>patent</strong></span> <span class='ocrx_word' id='word_1_263' title='bbox 929 2117 1025 2171; x_wconf 89' lang='lat' dir='ltr'><strong>tibi</strong></span> <span class='ocrx_word' id='word_1_264' title='bbox 1061 2133 1215 2182; x_wconf 87' lang='lat' dir='ltr'><strong>sane,</strong></span> <span class='ocrx_word' id='word_1_265' title='bbox 1258 2134 1380 2188; x_wconf 59' lang='lat' dir='ltr'><strong>qua!</strong></span> <span class='ocrx_word' id='word_1_266' title='bbox 1414 2123 1646 2176; x_wconf 83' lang='lat' dir='ltr'><strong>obscura</strong></span> <span class='ocrx_word' id='word_1_267' title='bbox 1683 2134 1849 2193; x_wconf 88' lang='lat' dir='ltr'><strong>atque</strong></span> <span class='ocrx_word' id='word_1_268' title='bbox 1897 2126 2175 2183; x_wconf 87' lang='lat' dir='ltr'><strong>inaccessa</strong></span> <span class='ocrx_word' id='word_1_269' title='bbox 2248 2131 2370 2183; x_wconf 89' lang='lat' dir='ltr'><strong>aliis</strong></span> <span class='ocrx_word' id='word_1_270' title='bbox 2414 2130 2729 2185; x_wconf 87' lang='lat' dir='ltr'><strong>hominibus</strong></span> <span class='ocrx_word' id='word_1_271' title='bbox 2801 2139 2958 2195; x_wconf 83' lang='lat' dir='ltr'><strong>sunt;</strong></span> <span class='ocrx_word' id='word_1_272' title='bbox 3008 2141 3059 2183; x_wconf 86' lang='lat' dir='ltr'><strong>et</strong></span> <span class='ocrx_word' id='word_1_273' title='bbox 3119 2127 3402 2199; x_wconf 83' lang='lat' dir='ltr'><strong>praedicis,</strong></span> <span class='ocrx_word' id='word_1_274' title='bbox 3474 2124 3731 2195; x_wconf 75' lang='grc' dir='ltr'><strong>(ιιιίἀιιυίίι</strong></span> 
     </span>
    </p>
   </div>
   <div class='ocr_carea' id='block_1_32' title="bbox 464 2213 3734 2296">
    <p class='ocr_par' dir='ltr' id='par_1_32' title="bbox 464 2213 3734 2296">
     <span class='ocr_line' id='line_1_32' title="bbox 464 2213 3734 2296; baseline 0.002 -31"><span class='ocrx_word' id='word_1_275' title='bbox 464 2213 759 2267; x_wconf 84' lang='lat' dir='ltr'><strong>enuntiare</strong></span> <span class='ocrx_word' id='word_1_276' title='bbox 786 2213 866 2268; x_wconf 85' lang='lat' dir='ltr'><strong>fas</strong></span> <span class='ocrx_word' id='word_1_277' title='bbox 891 2224 999 2278; x_wconf 83' lang='lat' dir='ltr'><strong>est,</strong></span> <span class='ocrx_word' id='word_1_278' title='bbox 1021 2226 1075 2269; x_wconf 89' lang='lat' dir='ltr'><strong>et</strong></span> <span class='ocrx_word' id='word_1_279' title='bbox 1106 2218 1253 2284; x_wconf 89' lang='lat' dir='ltr'><strong>quod</strong></span> <span class='ocrx_word' id='word_1_280' title='bbox 1283 2217 1463 2270; x_wconf 88' lang='lat' dir='ltr'><strong>adhuc</strong></span> <span class='ocrx_word' id='word_1_281' title='bbox 1495 2218 1739 2273; x_wconf 83' lang='lat' dir='ltr'><strong>futurum</strong></span> <span class='ocrx_word' id='word_1_282' title='bbox 1780 2231 1888 2286; x_wconf 91' lang='lat' dir='ltr'><strong>est,</strong></span> <span class='ocrx_word' id='word_1_283' title='bbox 1963 2234 2221 2293; x_wconf 83' lang='lat' dir='ltr'><strong>tauquam</strong></span> <span class='ocrx_word' id='word_1_284' title='bbox 2286 2227 2396 2296; x_wconf 87' lang='lat' dir='ltr'><strong>jam</strong></span> <span class='ocrx_word' id='word_1_285' title='bbox 2463 2242 2726 2295; x_wconf 68' lang='lat' dir='ltr'><strong>prtesens,</strong></span> <span class='ocrx_word' id='word_1_286' title='bbox 2757 2241 2908 2280; x_wconf 89' lang='lat' dir='ltr'><strong>more</strong></span> <span class='ocrx_word' id='word_1_287' title='bbox 2935 2225 3073 2279; x_wconf 91' lang='lat' dir='ltr'><strong>vatis</strong></span> <span class='ocrx_word' id='word_1_288' title='bbox 3102 2225 3360 2293; x_wconf 85' lang='lat' dir='ltr'><strong>alicujus,</strong></span> <span class='ocrx_word' id='word_1_289' title='bbox 3418 2235 3734 2292; x_wconf 75' lang='lat' dir='ltr'><strong>percenses.</strong></span> 
     </span>
    </p>
   </div>
   <div class='ocr_carea' id='block_1_33' title="bbox 464 2304 3739 2387">
    <p class='ocr_par' dir='ltr' id='par_1_33' title="bbox 464 2304 3739 2387">
     <span class='ocr_line' id='line_1_33' title="bbox 464 2304 3739 2387; baseline 0.004 -31"><span class='ocrx_word' id='word_1_290' title='bbox 464 2304 597 2371; x_wconf 71' lang='lat' dir='ltr'><strong>Quae</strong></span> <span class='ocrx_word' id='word_1_291' title='bbox 643 2306 828 2360; x_wconf 87' lang='lat' dir='ltr'><strong>omnia</strong></span> <span class='ocrx_word' id='word_1_292' title='bbox 878 2322 1115 2376; x_wconf 85' lang='lat' dir='ltr'><strong>quanam</strong></span> <span class='ocrx_word' id='word_1_293' title='bbox 1162 2324 1221 2362; x_wconf 92' lang='lat' dir='ltr'><strong>re</strong></span> <span class='ocrx_word' id='word_1_294' title='bbox 1268 2310 1491 2367; x_wconf 81' lang='lat' dir='ltr'><strong>eximia.</strong></span> <span class='ocrx_word' id='word_1_295' title='bbox 1567 2321 1626 2366; x_wconf 92' lang='lat' dir='ltr'><strong>ut</strong></span> <span class='ocrx_word' id='word_1_296' title='bbox 1671 2313 1931 2375; x_wconf 87' lang='lat' dir='ltr'><strong>arbitror,</strong></span> <span class='ocrx_word' id='word_1_297' title='bbox 2009 2331 2118 2369; x_wconf 92' lang='lat' dir='ltr'><strong>non</strong></span> <span class='ocrx_word' id='word_1_298' title='bbox 2160 2317 2534 2387; x_wconf 82' lang='lat' dir='ltr'><strong>splendidiora</strong></span> <span class='ocrx_word' id='word_1_299' title='bbox 2588 2326 2748 2387; x_wconf 83' lang='lat' dir='ltr'><strong>atque</strong></span> <span class='ocrx_word' id='word_1_300' title='bbox 2798 2318 3113 2387; x_wconf 83' lang='lat' dir='ltr'><strong>pulchriora</strong></span> <span class='ocrx_word' id='word_1_301' title='bbox 3160 2315 3328 2369; x_wconf 87' lang='lat' dir='ltr'><strong>sunt?</strong></span> <span class='ocrx_word' id='word_1_302' title='bbox 3372 2315 3579 2384; x_wconf 81' lang='lat' dir='ltr'><strong>quippe</strong></span> <span class='ocrx_word' id='word_1_303' title='bbox 3624 2329 3739 2383; x_wconf 74' lang='lat' dir='ltr'><strong>qua:</strong></span> 
     </span>
    </p>
   </div>
   <div class='ocr_carea' id='block_1_34' title="bbox 464 2402 3739 2483">
    <p class='ocr_par' dir='ltr' id='par_1_34' title="bbox 464 2402 3739 2483">
     <span class='ocr_line' id='line_1_34' title="bbox 464 2402 3739 2483; baseline 0.002 -27"><span class='ocrx_word' id='word_1_304' title='bbox 464 2411 522 2456; x_wconf 85' lang='lat' dir='ltr'><strong>et</strong></span> <span class='ocrx_word' id='word_1_305' title='bbox 566 2402 769 2470; x_wconf 87' lang='lat' dir='ltr'><strong>opibus</strong></span> <span class='ocrx_word' id='word_1_306' title='bbox 817 2403 945 2470; x_wconf 79' lang='lat' dir='ltr'><strong>tuis,</strong></span> <span class='ocrx_word' id='word_1_307' title='bbox 978 2413 1033 2456; x_wconf 88' lang='lat' dir='ltr'><strong>et</strong></span> <span class='ocrx_word' id='word_1_308' title='bbox 1066 2405 1274 2473; x_wconf 81' lang='lat' dir='ltr'><strong>gloriae,</strong></span> <span class='ocrx_word' id='word_1_309' title='bbox 1307 2414 1362 2459; x_wconf 95' lang='lat' dir='ltr'><strong>et</strong></span> <span class='ocrx_word' id='word_1_310' title='bbox 1400 2421 1615 2460; x_wconf 91' lang='lat' dir='ltr'><strong>summo</strong></span> <span class='ocrx_word' id='word_1_311' title='bbox 1665 2408 1717 2461; x_wconf 89' lang='lat' dir='ltr'><strong>in</strong></span> <span class='ocrx_word' id='word_1_312' title='bbox 1770 2410 2048 2478; x_wconf 77' lang='lat' dir='ltr'><strong>republica</strong></span> <span class='ocrx_word' id='word_1_313' title='bbox 2090 2412 2330 2483; x_wconf 79' lang='lat' dir='ltr'><strong>fastigio,</strong></span> <span class='ocrx_word' id='word_1_314' title='bbox 2369 2422 2423 2467; x_wconf 89' lang='lat' dir='ltr'><strong>et</strong></span> <span class='ocrx_word' id='word_1_315' title='bbox 2459 2414 2646 2483; x_wconf 82' lang='lat' dir='ltr'><strong>generi</strong></span> <span class='ocrx_word' id='word_1_316' title='bbox 2697 2414 2822 2483; x_wconf 89' lang='lat' dir='ltr'><strong>ipsi,</strong></span> <span class='ocrx_word' id='word_1_317' title='bbox 2858 2423 2913 2466; x_wconf 90' lang='lat' dir='ltr'><strong>et</strong></span> <span class='ocrx_word' id='word_1_318' title='bbox 2950 2412 3029 2465; x_wconf 85' lang='lat' dir='ltr'><strong>illi</strong></span> <span class='ocrx_word' id='word_1_319' title='bbox 3075 2412 3202 2465; x_wconf 91' lang='lat' dir='ltr'><strong>item</strong></span> <span class='ocrx_word' id='word_1_320' title='bbox 3256 2413 3360 2480; x_wconf 88' lang='lat' dir='ltr'><strong>qui</strong></span> <span class='ocrx_word' id='word_1_321' title='bbox 3413 2411 3559 2465; x_wconf 76' lang='lat' dir='ltr'><strong>fores</strong></span> <span class='ocrx_word' id='word_1_322' title='bbox 3600 2424 3739 2479; x_wconf 67' lang='lat' dir='ltr'><strong>tuas,</strong></span> 
     </span>
    </p>
   </div>
   <div class='ocr_carea' id='block_1_35' title="bbox 464 2495 3739 2571">
    <p class='ocr_par' dir='ltr' id='par_1_35' title="bbox 464 2495 3739 2571">
     <span class='ocr_line' id='line_1_35' title="bbox 464 2495 3739 2571; baseline 0.002 -21"><span class='ocrx_word' id='word_1_323' title='bbox 464 2500 510 2552; x_wconf 76' lang='lat' dir='ltr'><strong>si</strong></span> <span class='ocrx_word' id='word_1_324' title='bbox 547 2498 681 2550; x_wconf 89' lang='lat' dir='ltr'><strong>mihi</strong></span> <span class='ocrx_word' id='word_1_325' title='bbox 714 2495 866 2551; x_wconf 78' lang='lat' dir='ltr'><strong>eﬂari</strong></span> <span class='ocrx_word' id='word_1_326' title='bbox 909 2512 1008 2566; x_wconf 91' lang='lat' dir='ltr'><strong>per</strong></span> <span class='ocrx_word' id='word_1_327' title='bbox 1044 2508 1094 2551; x_wconf 89' lang='lat' dir='ltr'><strong>te</strong></span> <span class='ocrx_word' id='word_1_328' title='bbox 1135 2497 1285 2560; x_wconf 87' lang='lat' dir='ltr'><strong>licet,</strong></span> <span class='ocrx_word' id='word_1_329' title='bbox 1360 2500 1508 2554; x_wconf 85' lang='lat' dir='ltr'><strong>horis</strong></span> <span class='ocrx_word' id='word_1_330' title='bbox 1547 2501 1807 2555; x_wconf 89' lang='lat' dir='ltr'><strong>omnibus</strong></span> <span class='ocrx_word' id='word_1_331' title='bbox 1844 2503 2079 2567; x_wconf 84' lang='lat' dir='ltr'><strong>obsidet,</strong></span> <span class='ocrx_word' id='word_1_332' title='bbox 2122 2505 2274 2561; x_wconf 88' lang='lat' dir='ltr'><strong>orbis</strong></span> <span class='ocrx_word' id='word_1_333' title='bbox 2318 2517 2588 2560; x_wconf 89' lang='lat' dir='ltr'><strong>terrarum</strong></span> <span class='ocrx_word' id='word_1_334' title='bbox 2638 2504 2955 2568; x_wconf 87' lang='lat' dir='ltr'><strong>conventui,</strong></span> <span class='ocrx_word' id='word_1_335' title='bbox 3030 2504 3308 2571; x_wconf 83' lang='lat' dir='ltr'><strong>singulare</strong></span> <span class='ocrx_word' id='word_1_336' title='bbox 3364 2498 3739 2559; x_wconf 73' lang='lat' dir='ltr'><strong>ornamentum</strong></span> 
     </span>
    </p>
   </div>
   <div class='ocr_carea' id='block_1_36' title="bbox 464 2594 3741 2673">
    <p class='ocr_par' dir='ltr' id='par_1_36' title="bbox 464 2594 3741 2673">
     <span class='ocr_line' id='line_1_36' title="bbox 464 2594 3741 2673; baseline 0 -23"><span class='ocrx_word' id='word_1_337' title='bbox 464 2596 726 2650; x_wconf 80' lang='lat' dir='ltr'><strong>all&#39;erunt.</strong></span> <span class='ocrx_word' id='word_1_338' title='bbox 761 2594 954 2650; x_wconf 87' lang='lat' dir='ltr'><strong>Merito</strong></span> <span class='ocrx_word' id='word_1_339' title='bbox 994 2596 1182 2666; x_wconf 85' lang='lat' dir='ltr'><strong>itaque</strong></span> <span class='ocrx_word' id='word_1_340' title='bbox 1214 2596 1384 2666; x_wconf 84' lang='lat' dir='ltr'><strong>gratia</strong></span> <span class='ocrx_word' id='word_1_341' title='bbox 1417 2597 1513 2651; x_wconf 90' lang='lat' dir='ltr'><strong>tibi</strong></span> <span class='ocrx_word' id='word_1_342' title='bbox 1549 2598 1802 2663; x_wconf 86' lang='lat' dir='ltr'><strong>debetur,</strong></span> <span class='ocrx_word' id='word_1_343' title='bbox 1831 2599 1925 2670; x_wconf 88' lang='lat' dir='ltr'><strong>qui</strong></span> <span class='ocrx_word' id='word_1_344' title='bbox 1997 2601 2317 2657; x_wconf 84' lang='lat' dir='ltr'><strong>admirabile</strong></span> <span class='ocrx_word' id='word_1_345' title='bbox 2378 2614 2433 2657; x_wconf 88' lang='lat' dir='ltr'><strong>et</strong></span> <span class='ocrx_word' id='word_1_346' title='bbox 2502 2602 2852 2673; x_wconf 86' lang='lat' dir='ltr'><strong>magnillcum</strong></span> <span class='ocrx_word' id='word_1_347' title='bbox 2881 2599 3154 2670; x_wconf 80' lang='lat' dir='ltr'><strong>quoddam</strong></span> <span class='ocrx_word' id='word_1_348' title='bbox 3183 2609 3401 2654; x_wconf 66' lang='lat' dir='ltr'><strong>natura:</strong></span> <span class='ocrx_word' id='word_1_349' title='bbox 3433 2614 3648 2660; x_wconf 91' lang='lat' dir='ltr'><strong>munus,</strong></span> <span class='ocrx_word' id='word_1_350' title='bbox 3689 2609 3741 2652; x_wconf 86' lang='lat' dir='ltr'><strong>et</strong></span> 
     </span>
    </p>
   </div>
   <div class='ocr_carea' id='block_1_37' title="bbox 464 2696 3740 2770">
    <p class='ocr_par' dir='ltr' id='par_1_37' title="bbox 464 2696 3740 2770">
     <span class='ocr_line' id='line_1_37' title="bbox 464 2696 3740 2770; baseline 0.001 -24"><span class='ocrx_word' id='word_1_351' title='bbox 464 2696 635 2749; x_wconf 91' lang='lat' dir='ltr'><strong>decus</strong></span> <span class='ocrx_word' id='word_1_352' title='bbox 660 2710 972 2758; x_wconf 88' lang='lat' dir='ltr'><strong>commune,</strong></span> <span class='ocrx_word' id='word_1_353' title='bbox 1002 2704 1057 2749; x_wconf 83' lang='lat' dir='ltr'><strong>et</strong></span> <span class='ocrx_word' id='word_1_354' title='bbox 1086 2696 1237 2750; x_wconf 86' lang='lat' dir='ltr'><strong>orbis</strong></span> <span class='ocrx_word' id='word_1_355' title='bbox 1265 2697 1434 2749; x_wconf 88' lang='lat' dir='ltr'><strong>nostri</strong></span> <span class='ocrx_word' id='word_1_356' title='bbox 1468 2696 1743 2761; x_wconf 81' lang='lat' dir='ltr'><strong>columen,</strong></span> <span class='ocrx_word' id='word_1_357' title='bbox 1775 2708 1829 2751; x_wconf 90' lang='lat' dir='ltr'><strong>ct</strong></span> <span class='ocrx_word' id='word_1_358' title='bbox 1891 2700 2071 2752; x_wconf 88' lang='lat' dir='ltr'><strong>anima</strong></span> <span class='ocrx_word' id='word_1_359' title='bbox 2135 2702 2470 2770; x_wconf 59' lang='lat' dir='ltr'><strong>reipublicai,</strong></span> <span class='ocrx_word' id='word_1_360' title='bbox 2537 2702 2709 2755; x_wconf 88' lang='lat' dir='ltr'><strong>instar</strong></span> <span class='ocrx_word' id='word_1_361' title='bbox 2760 2699 2947 2761; x_wconf 88' lang='lat' dir='ltr'><strong>illius,</strong></span> <span class='ocrx_word' id='word_1_362' title='bbox 3002 2713 3164 2766; x_wconf 85' lang='lat' dir='ltr'><strong>quam</strong></span> <span class='ocrx_word' id='word_1_363' title='bbox 3211 2699 3459 2752; x_wconf 84' lang='lat' dir='ltr'><strong>animam</strong></span> <span class='ocrx_word' id='word_1_364' title='bbox 3513 2696 3740 2750; x_wconf 78' lang='lat' dir='ltr'><strong>universi</strong></span> 
     </span>
    </p>
   </div>
   <div class='ocr_carea' id='block_1_38' title="bbox 461 2782 3019 2861">
    <p class='ocr_par' dir='ltr' id='par_1_38' title="bbox 461 2782 3019 2861">
     <span class='ocr_line' id='line_1_38' title="bbox 461 2782 3019 2861; baseline 0.002 -17"><span class='ocrx_word' id='word_1_365' title='bbox 461 2790 616 2844; x_wconf 89' lang='lat' dir='ltr'><strong>Plato</strong></span> <span class='ocrx_word' id='word_1_366' title='bbox 644 2790 951 2860; x_wconf 87' lang='lat' dir='ltr'><strong>appellabat</strong></span> <span class='ocrx_word' id='word_1_367' title='bbox 978 2791 1053 2860; x_wconf 87' lang='lat' dir='ltr'><strong>(in</strong></span> <span class='ocrx_word' id='word_1_368' title='bbox 1086 2789 1299 2849; x_wconf 65' lang='lat' dir='ltr'><strong>Timavi,</strong></span> <span class='ocrx_word' id='word_1_369' title='bbox 1339 2797 1380 2841; x_wconf 90' lang='lat' dir='ltr'><strong>t.</strong></span> <span class='ocrx_word' id='word_1_370' title='bbox 1412 2790 1501 2851; x_wconf 89' lang='lat' dir='ltr'><strong>Ill,</strong></span> <span class='ocrx_word' id='word_1_371' title='bbox 1535 2791 1604 2844; x_wconf 63' lang='grc'><strong>54</strong></span> <span class='ocrx_word' id='word_1_372' title='bbox 1636 2791 1688 2857; x_wconf 91' lang='lat' dir='ltr'><strong>b)</strong></span> <span class='ocrx_word' id='word_1_373' title='bbox 1728 2791 1889 2845; x_wconf 87' lang='lat' dir='ltr'><strong>nobis</strong></span> <span class='ocrx_word' id='word_1_374' title='bbox 1919 2794 2248 2861; x_wconf 68' lang='lat' dir='ltr'><strong>apparuisti.</strong></span> <span class='ocrx_word' id='word_1_375' title='bbox 3014 2782 3019 2785; x_wconf 52' lang='grc'><strong>’</strong></span> 
     </span>
    </p>
   </div>
   <div class='ocr_carea' id='block_1_39' title="bbox 533 2903 2043 2978">
    <p class='ocr_par' dir='ltr' id='par_1_39' title="bbox 533 2905 2041 2977">
     <span class='ocr_line' id='line_1_39' title="bbox 533 2905 2041 2977; baseline -0.001 -15"><span class='ocrx_word' id='word_1_376' title='bbox 533 2909 603 2962; x_wconf 85' lang='lat' dir='ltr'><strong>ll.</strong></span> <span class='ocrx_word' id='word_1_377' title='bbox 641 2906 838 2962; x_wconf 88' lang='lat' dir='ltr'><strong>Nostra</strong></span> <span class='ocrx_word' id='word_1_378' title='bbox 872 2905 1196 2967; x_wconf 75' lang='lat' dir='ltr'><strong>verourbs,</strong></span> <span class='ocrx_word' id='word_1_379' title='bbox 1225 2920 1386 2974; x_wconf 87' lang='lat' dir='ltr'><strong>quam</strong></span> <span class='ocrx_word' id='word_1_380' title='bbox 1423 2915 1500 2971; x_wconf 88' lang='lat' dir='ltr'><strong>tu,</strong></span> <span class='ocrx_word' id='word_1_381' title='bbox 1537 2914 1597 2959; x_wconf 90' lang='lat' dir='ltr'><strong>ut</strong></span> <span class='ocrx_word' id='word_1_382' title='bbox 1629 2922 1753 2960; x_wconf 89' lang='lat' dir='ltr'><strong>cum</strong></span> <span class='ocrx_word' id='word_1_383' title='bbox 1784 2905 2041 2977; x_wconf 64' lang='lat' dir='ltr'><strong>IEschylo</strong></span> 
     </span>
    </p>
   </div>
   <div class='ocr_carea' id='block_1_40' title="bbox 2149 2903 3742 2978">
    <p class='ocr_par' dir='ltr' id='par_1_40' title="bbox 2214 2903 3742 2978">
     <span class='ocr_line' id='line_1_40' title="bbox 2214 2903 3742 2978; baseline -0.005 -18"><span class='ocrx_word' id='word_1_384' title='bbox 2214 2904 2291 2961; x_wconf 83' lang='lat' dir='ltr'><strong>B’.</strong></span> <span class='ocrx_word' id='word_1_385' title='bbox 2331 2909 2493 2978; x_wconf 85' lang='grc' dir='ltr'>Ἦμῖν</span> <span class='ocrx_word' id='word_1_386' title='bbox 2547 2906 2605 2960; x_wconf 75' lang='grc' dir='ltr'>δὲ</span> <span class='ocrx_word' id='word_1_387' title='bbox 2652 2909 2683 2978; x_wconf 83' lang='grc' dir='ltr'><strong>ή</strong></span> <span class='ocrx_word' id='word_1_388' title='bbox 2740 2907 2917 2969; x_wconf 87' lang='grc' dir='ltr'>πόλις,</span> <span class='ocrx_word' id='word_1_389' title='bbox 2983 2907 3050 2975; x_wconf 79' lang='grc' dir='ltr'>ἢν</span> <span class='ocrx_word' id='word_1_390' title='bbox 3105 2903 3271 2967; x_wconf 79' lang='grc' dir='ltr'>αὐτὸς</span> <span class='ocrx_word' id='word_1_391' title='bbox 3303 2905 3437 2958; x_wconf 88' lang='grc' dir='ltr'>κατ’</span> <span class='ocrx_word' id='word_1_392' title='bbox 3473 2904 3742 2978; x_wconf 61' lang='grc' dir='ltr'>έλῖσχύλον</span> 
     </span>
    </p>
   </div>
   <div class='ocr_carea' id='block_1_41' title="bbox 462 2998 2049 3071">
    <p class='ocr_par' dir='ltr' id='par_1_41' title="bbox 462 2998 2049 3071">
     <span class='ocr_line' id='line_1_41' title="bbox 462 2998 2049 3071; baseline -0.004 -12"><span class='ocrx_word' id='word_1_393' title='bbox 462 3004 641 3059; x_wconf 89' lang='lat' dir='ltr'><strong>dicam</strong></span> <span class='ocrx_word' id='word_1_394' title='bbox 683 3000 889 3071; x_wconf 73' lang='grc' dir='ltr'>(Ἑπτὰ</span> <span class='ocrx_word' id='word_1_395' title='bbox 927 2999 1021 3051; x_wconf 74' lang='grc' dir='ltr'><strong>ἐπὶ</strong></span> <span class='ocrx_word' id='word_1_396' title='bbox 1065 2998 1294 3068; x_wconf 80' lang='grc' dir='ltr'>Θήϐαις,</span> <span class='ocrx_word' id='word_1_397' title='bbox 1334 2998 1452 3066; x_wconf 85' lang='grc'><strong>110)</strong></span> <span class='ocrx_word' id='word_1_398' title='bbox 1487 3017 1498 3050; x_wconf 91' lang='lat'>:</span> <span class='ocrx_word' id='word_1_399' title='bbox 1547 2998 1673 3051; x_wconf 80' lang='lat' dir='ltr'><strong>olim</strong></span> <span class='ocrx_word' id='word_1_400' title='bbox 1716 2999 2049 3053; x_wconf 85' lang='lat' dir='ltr'><strong>carissimam</strong></span> 
     </span>
    </p>
   </div>
   <div class='ocr_carea' id='block_1_42' title="bbox 461 3089 2047 3162">
    <p class='ocr_par' dir='ltr' id='par_1_42' title="bbox 461 3089 2047 3162">
     <span class='ocr_line' id='line_1_42' title="bbox 461 3089 2047 3162; baseline -0.003 -12"><span class='ocrx_word' id='word_1_401' title='bbox 461 3094 734 3158; x_wconf 82' lang='lat' dir='ltr'><strong>habuisti,</strong></span> <span class='ocrx_word' id='word_1_402' title='bbox 772 3092 1039 3162; x_wconf 85' lang='lat' dir='ltr'><strong>cujusque</strong></span> <span class='ocrx_word' id='word_1_403' title='bbox 1071 3089 1123 3142; x_wconf 91' lang='lat' dir='ltr'><strong>in</strong></span> <span class='ocrx_word' id='word_1_404' title='bbox 1153 3090 1382 3159; x_wconf 83' lang='lat' dir='ltr'><strong>gratiam</strong></span> <span class='ocrx_word' id='word_1_405' title='bbox 1423 3089 1632 3143; x_wconf 88' lang='lat' dir='ltr'><strong>nullum</strong></span> <span class='ocrx_word' id='word_1_406' title='bbox 1664 3105 1772 3143; x_wconf 89' lang='lat' dir='ltr'><strong>non</strong></span> <span class='ocrx_word' id='word_1_407' title='bbox 1803 3091 2047 3145; x_wconf 83' lang='lat' dir='ltr'><strong>subeun-</strong></span> 
     </span>
    </p>
   </div>
   <div class='ocr_carea' id='block_1_43' title="bbox 465 3182 2048 3252">
    <p class='ocr_par' dir='ltr' id='par_1_43' title="bbox 465 3182 2048 3252">
     <span class='ocr_line' id='line_1_43' title="bbox 465 3182 2048 3252; baseline -0.002 -11"><span class='ocrx_word' id='word_1_408' title='bbox 465 3188 598 3241; x_wconf 91' lang='lat' dir='ltr'><strong>dum</strong></span> <span class='ocrx_word' id='word_1_409' title='bbox 631 3184 729 3241; x_wconf 89' lang='lat' dir='ltr'><strong>tibi</strong></span> <span class='ocrx_word' id='word_1_410' title='bbox 759 3184 1044 3238; x_wconf 79' lang='lat' dir='ltr'><strong>Statuebas</strong></span> <span class='ocrx_word' id='word_1_411' title='bbox 1074 3182 1352 3247; x_wconf 86' lang='lat' dir='ltr'><strong>laborem;</strong></span> <span class='ocrx_word' id='word_1_412' title='bbox 1391 3196 1501 3236; x_wconf 84' lang='lat' dir='ltr'><strong>tum</strong></span> <span class='ocrx_word' id='word_1_413' title='bbox 1528 3183 1675 3252; x_wconf 86' lang='lat' dir='ltr'><strong>quod</strong></span> <span class='ocrx_word' id='word_1_414' title='bbox 1706 3183 1896 3237; x_wconf 88' lang='lat' dir='ltr'><strong>urbem</strong></span> <span class='ocrx_word' id='word_1_415' title='bbox 1933 3185 2048 3252; x_wconf 82' lang='lat' dir='ltr'><strong>ipse</strong></span> 
     </span>
    </p>
   </div>
   <div class='ocr_carea' id='block_1_44' title="bbox 463 3273 2043 3344">
    <p class='ocr_par' dir='ltr' id='par_1_44' title="bbox 463 3273 2043 3344">
     <span class='ocr_line' id='line_1_44' title="bbox 463 3273 2043 3344; baseline -0.004 -11"><span class='ocrx_word' id='word_1_416' title='bbox 463 3277 775 3342; x_wconf 83' lang='lat' dir='ltr'><strong>adamares,</strong></span> <span class='ocrx_word' id='word_1_417' title='bbox 796 3285 907 3329; x_wconf 87' lang='lat' dir='ltr'><strong>tum</strong></span> <span class='ocrx_word' id='word_1_418' title='bbox 935 3273 1083 3344; x_wconf 89' lang='lat' dir='ltr'><strong>quod</strong></span> <span class='ocrx_word' id='word_1_419' title='bbox 1116 3274 1222 3328; x_wconf 91' lang='lat' dir='ltr'><strong>tuis</strong></span> <span class='ocrx_word' id='word_1_420' title='bbox 1248 3274 1335 3327; x_wconf 90' lang='lat' dir='ltr'><strong>illa</strong></span> <span class='ocrx_word' id='word_1_421' title='bbox 1368 3274 1530 3342; x_wconf 85' lang='lat' dir='ltr'><strong>digna</strong></span> <span class='ocrx_word' id='word_1_422' title='bbox 1555 3285 1693 3328; x_wconf 91' lang='lat' dir='ltr'><strong>esset</strong></span> <span class='ocrx_word' id='word_1_423' title='bbox 1729 3275 2043 3329; x_wconf 85' lang='lat' dir='ltr'><strong>bcneliciis:</strong></span> 
     </span>
    </p>
   </div>
   <div class='ocr_carea' id='block_1_45' title="bbox 464 3365 2049 3439">
    <p class='ocr_par' dir='ltr' id='par_1_45' title="bbox 464 3365 2049 3439">
     <span class='ocr_line' id='line_1_45' title="bbox 464 3365 2049 3439; baseline -0.004 -14"><span class='ocrx_word' id='word_1_424' title='bbox 464 3372 581 3425; x_wconf 63' lang='lat' dir='ltr'><strong>bare</strong></span> <span class='ocrx_word' id='word_1_425' title='bbox 624 3369 812 3439; x_wconf 83' lang='lat' dir='ltr'><strong>igitur,</strong></span> <span class='ocrx_word' id='word_1_426' title='bbox 865 3367 1025 3435; x_wconf 85' lang='lat' dir='ltr'><strong>cujus</strong></span> <span class='ocrx_word' id='word_1_427' title='bbox 1058 3366 1217 3435; x_wconf 87' lang='lat' dir='ltr'><strong>longe</strong></span> <span class='ocrx_word' id='word_1_428' title='bbox 1251 3365 1462 3432; x_wconf 87' lang='lat' dir='ltr'><strong>lateque</strong></span> <span class='ocrx_word' id='word_1_429' title='bbox 1495 3377 1782 3435; x_wconf 84' lang='lat' dir='ltr'><strong>pervagata</strong></span> <span class='ocrx_word' id='word_1_430' title='bbox 1819 3377 1905 3421; x_wconf 83' lang='lat' dir='ltr'><strong>est</strong></span> <span class='ocrx_word' id='word_1_431' title='bbox 1935 3367 2049 3436; x_wconf 85' lang='lat' dir='ltr'><strong>glo-</strong></span> 
     </span>
    </p>
   </div>
   <div class='ocr_carea' id='block_1_46' title="bbox 429 3457 2044 3533">
    <p class='ocr_par' dir='ltr' id='par_1_46' title="bbox 429 3457 2044 3533">
     <span class='ocr_line' id='line_1_46' title="bbox 429 3457 2044 3533; baseline -0.006 -15"><span class='ocrx_word' id='word_1_432' title='bbox 429 3465 565 3531; x_wconf 81' lang='lat' dir='ltr'><strong>‘ria,</strong></span> <span class='ocrx_word' id='word_1_433' title='bbox 601 3477 722 3533; x_wconf 82' lang='lat' dir='ltr'><strong>qua:</strong></span> <span class='ocrx_word' id='word_1_434' title='bbox 755 3471 811 3515; x_wconf 89' lang='lat' dir='ltr'><strong>et</strong></span> <span class='ocrx_word' id='word_1_435' title='bbox 851 3468 1123 3529; x_wconf 83' lang='lat' dir='ltr'><strong>quotquot</strong></span> <span class='ocrx_word' id='word_1_436' title='bbox 1156 3458 1437 3523; x_wconf 81' lang='lat' dir='ltr'><strong>viderunt,</strong></span> <span class='ocrx_word' id='word_1_437' title='bbox 1471 3467 1745 3513; x_wconf 87' lang='lat' dir='ltr'><strong>amatores</strong></span> <span class='ocrx_word' id='word_1_438' title='bbox 1785 3457 2044 3519; x_wconf 67' lang='lat' dir='ltr'><strong>habebat,</strong></span> 
     </span>
    </p>
   </div>
   <div class='ocr_carea' id='block_1_47' title="bbox 462 3549 2044 3625">
    <p class='ocr_par' dir='ltr' id='par_1_47' title="bbox 462 3549 2044 3625">
     <span class='ocr_line' id='line_1_47' title="bbox 462 3549 2044 3625; baseline -0.006 -13"><span class='ocrx_word' id='word_1_439' title='bbox 462 3566 519 3612; x_wconf 85' lang='lat' dir='ltr'><strong>et</strong></span> <span class='ocrx_word' id='word_1_440' title='bbox 550 3555 643 3625; x_wconf 91' lang='lat' dir='ltr'><strong>qui</strong></span> <span class='ocrx_word' id='word_1_441' title='bbox 671 3555 904 3609; x_wconf 88' lang='lat' dir='ltr'><strong>necdum</strong></span> <span class='ocrx_word' id='word_1_442' title='bbox 936 3551 1210 3615; x_wconf 83' lang='lat' dir='ltr'><strong>viderant,</strong></span> <span class='ocrx_word' id='word_1_443' title='bbox 1238 3550 1340 3605; x_wconf 85' lang='lat' dir='ltr'><strong>hos</strong></span> <span class='ocrx_word' id='word_1_444' title='bbox 1365 3551 1481 3606; x_wconf 90' lang='lat' dir='ltr'><strong>sola</strong></span> <span class='ocrx_word' id='word_1_445' title='bbox 1516 3549 1756 3605; x_wconf 88' lang='lat' dir='ltr'><strong>nominis</strong></span> <span class='ocrx_word' id='word_1_446' title='bbox 1788 3550 1870 3602; x_wconf 85' lang='lat' dir='ltr'><strong>sui</strong></span> <span class='ocrx_word' id='word_1_447' title='bbox 1906 3549 2044 3603; x_wconf 80' lang='lat' dir='ltr'><strong>fama</strong></span> 
     </span>
    </p>
   </div>
   <div class='ocr_carea' id='block_1_48' title="bbox 461 3643 2043 3718">
    <p class='ocr_par' dir='ltr' id='par_1_48' title="bbox 461 3643 2043 3718">
     <span class='ocr_line' id='line_1_48' title="bbox 461 3643 2043 3718; baseline -0.005 -13"><span class='ocrx_word' id='word_1_448' title='bbox 461 3649 569 3706; x_wconf 87' lang='lat' dir='ltr'><strong>sibi</strong></span> <span class='ocrx_word' id='word_1_449' title='bbox 636 3647 1006 3718; x_wconf 86' lang='lat' dir='ltr'><strong>mancipabat,</strong></span> <span class='ocrx_word' id='word_1_450' title='bbox 1067 3660 1189 3716; x_wconf 70' lang='lat' dir='ltr'><strong>quae</strong></span> <span class='ocrx_word' id='word_1_451' title='bbox 1263 3644 1396 3700; x_wconf 87' lang='lat' dir='ltr'><strong>urbs</strong></span> <span class='ocrx_word' id='word_1_452' title='bbox 1452 3643 1765 3699; x_wconf 88' lang='lat' dir='ltr'><strong>Gratiarum</strong></span> <span class='ocrx_word' id='word_1_453' title='bbox 1836 3643 2043 3697; x_wconf 92' lang='lat' dir='ltr'><strong>dudum</strong></span> 
     </span>
    </p>
   </div>
   <div class='ocr_carea' id='block_1_49' title="bbox 458 3736 2045 3808">
    <p class='ocr_par' dir='ltr' id='par_1_49' title="bbox 458 3736 2045 3808">
     <span class='ocr_line' id='line_1_49' title="bbox 458 3736 2045 3808; baseline -0.005 -10"><span class='ocrx_word' id='word_1_454' title='bbox 458 3743 675 3808; x_wconf 82' lang='lat' dir='ltr'><strong>fuerat,</strong></span> <span class='ocrx_word' id='word_1_455' title='bbox 712 3757 863 3796; x_wconf 88' lang='lat' dir='ltr'><strong>nunc</strong></span> <span class='ocrx_word' id='word_1_456' title='bbox 898 3740 1169 3794; x_wconf 90' lang='lat' dir='ltr'><strong>malorum</strong></span> <span class='ocrx_word' id='word_1_457' title='bbox 1201 3740 1446 3792; x_wconf 89' lang='lat' dir='ltr'><strong>omnium</strong></span> <span class='ocrx_word' id='word_1_458' title='bbox 1481 3738 1611 3792; x_wconf 90' lang='lat' dir='ltr'><strong>urbs</strong></span> <span class='ocrx_word' id='word_1_459' title='bbox 1632 3747 1734 3804; x_wconf 87' lang='lat' dir='ltr'><strong>est,</strong></span> <span class='ocrx_word' id='word_1_460' title='bbox 1765 3746 1821 3791; x_wconf 91' lang='lat' dir='ltr'><strong>et</strong></span> <span class='ocrx_word' id='word_1_461' title='bbox 1845 3736 2045 3790; x_wconf 87' lang='lat' dir='ltr'><strong>borum</strong></span> 
     </span>
    </p>
   </div>
   <div class='ocr_carea' id='block_1_50' title="bbox 458 3829 2045 3907">
    <p class='ocr_par' dir='ltr' id='par_1_50' title="bbox 458 3829 2045 3907">
     <span class='ocr_line' id='line_1_50' title="bbox 458 3829 2045 3907; baseline -0.004 -18"><span class='ocrx_word' id='word_1_462' title='bbox 458 3837 715 3907; x_wconf 83' lang='lat' dir='ltr'><strong>profecto</strong></span> <span class='ocrx_word' id='word_1_463' title='bbox 743 3833 1057 3904; x_wconf 77' lang='lat' dir='ltr'><strong>ejusmodi;</strong></span> <span class='ocrx_word' id='word_1_464' title='bbox 1100 3846 1221 3900; x_wconf 67' lang='lat' dir='ltr'><strong>qum</strong></span> <span class='ocrx_word' id='word_1_465' title='bbox 1263 3846 1363 3885; x_wconf 87' lang='lat' dir='ltr'><strong>nec</strong></span> <span class='ocrx_word' id='word_1_466' title='bbox 1402 3829 1583 3884; x_wconf 87' lang='lat' dir='ltr'><strong>verbis</strong></span> <span class='ocrx_word' id='word_1_467' title='bbox 1624 3829 1895 3898; x_wconf 76' lang='lat' dir='ltr'><strong>exprimi,</strong></span> <span class='ocrx_word' id='word_1_468' title='bbox 1947 3844 2045 3882; x_wconf 78' lang='lat' dir='ltr'><strong>nec</strong></span> 
     </span>
    </p>
   </div>
   <div class='ocr_carea' id='block_1_51' title="bbox 462 3920 2048 3992">
    <p class='ocr_par' dir='ltr' id='par_1_51' title="bbox 462 3920 2048 3992">
     <span class='ocr_line' id='line_1_51' title="bbox 462 3920 2048 3992; baseline -0.006 -11"><span class='ocrx_word' id='word_1_469' title='bbox 462 3926 694 3981; x_wconf 87' lang='lat' dir='ltr'><strong>auribus</strong></span> <span class='ocrx_word' id='word_1_470' title='bbox 738 3924 914 3991; x_wconf 89' lang='lat' dir='ltr'><strong>accipi</strong></span> <span class='ocrx_word' id='word_1_471' title='bbox 959 3932 1183 3992; x_wconf 86' lang='lat' dir='ltr'><strong>queant.</strong></span> <span class='ocrx_word' id='word_1_472' title='bbox 1235 3921 1375 3974; x_wconf 88' lang='lat' dir='ltr'><strong>Sunt</strong></span> <span class='ocrx_word' id='word_1_473' title='bbox 1417 3938 1479 3973; x_wconf 89' lang='lat' dir='ltr'><strong>ea</strong></span> <span class='ocrx_word' id='word_1_474' title='bbox 1525 3920 1672 3975; x_wconf 87' lang='lat' dir='ltr'><strong>enim</strong></span> <span class='ocrx_word' id='word_1_475' title='bbox 1715 3932 1770 3973; x_wconf 81' lang='lat' dir='ltr'><strong>et;</strong></span> <span class='ocrx_word' id='word_1_476' title='bbox 1820 3929 1897 3973; x_wconf 89' lang='lat' dir='ltr'><strong>tot</strong></span> <span class='ocrx_word' id='word_1_477' title='bbox 1948 3936 2048 3972; x_wconf 82' lang='lat' dir='ltr'><strong>nu-</strong></span> 
     </span>
    </p>
   </div>
   <div class='ocr_carea' id='block_1_52' title="bbox 464 4017 2047 4087">
    <p class='ocr_par' dir='ltr' id='par_1_52' title="bbox 464 4017 2047 4087">
     <span class='ocr_line' id='line_1_52' title="bbox 464 4017 2047 4087; baseline -0.006 -10"><span class='ocrx_word' id='word_1_478' title='bbox 464 4037 654 4085; x_wconf 89' lang='lat' dir='ltr'><strong>mero,</strong></span> <span class='ocrx_word' id='word_1_479' title='bbox 700 4030 755 4075; x_wconf 90' lang='lat' dir='ltr'><strong>et</strong></span> <span class='ocrx_word' id='word_1_480' title='bbox 802 4028 954 4073; x_wconf 87' lang='lat' dir='ltr'><strong>tanta</strong></span> <span class='ocrx_word' id='word_1_481' title='bbox 1000 4018 1397 4087; x_wconf 82' lang='lat' dir='ltr'><strong>magnitudine,</strong></span> <span class='ocrx_word' id='word_1_482' title='bbox 1442 4027 1499 4071; x_wconf 90' lang='lat' dir='ltr'><strong>et</strong></span> <span class='ocrx_word' id='word_1_483' title='bbox 1545 4026 1651 4071; x_wconf 91' lang='lat' dir='ltr'><strong>tam</strong></span> <span class='ocrx_word' id='word_1_484' title='bbox 1696 4017 1881 4087; x_wconf 83' lang='lat' dir='ltr'><strong>gravia</strong></span> <span class='ocrx_word' id='word_1_485' title='bbox 1928 4032 2047 4083; x_wconf 87' lang='lat' dir='ltr'><strong>per-</strong></span> 
     </span>
    </p>
   </div>
   <div class='ocr_carea' id='block_1_53' title="bbox 464 4108 2046 4186">
    <p class='ocr_par' dir='ltr' id='par_1_53' title="bbox 464 4108 2046 4186">
     <span class='ocr_line' id='line_1_53' title="bbox 464 4108 2046 4186; baseline -0.004 -17"><span class='ocrx_word' id='word_1_486' title='bbox 464 4130 655 4186; x_wconf 79' lang='lat' dir='ltr'><strong>pessu,</strong></span> <span class='ocrx_word' id='word_1_487' title='bbox 696 4122 757 4167; x_wconf 90' lang='lat' dir='ltr'><strong>ut</strong></span> <span class='ocrx_word' id='word_1_488' title='bbox 796 4112 927 4165; x_wconf 89' lang='lat' dir='ltr'><strong>nulli</strong></span> <span class='ocrx_word' id='word_1_489' title='bbox 966 4126 1156 4164; x_wconf 89' lang='lat' dir='ltr'><strong>eorum</strong></span> <span class='ocrx_word' id='word_1_490' title='bbox 1194 4110 1288 4179; x_wconf 91' lang='lat' dir='ltr'><strong>qui</strong></span> <span class='ocrx_word' id='word_1_491' title='bbox 1333 4125 1571 4179; x_wconf 86' lang='lat' dir='ltr'><strong>unquam</strong></span> <span class='ocrx_word' id='word_1_492' title='bbox 1618 4110 1789 4179; x_wconf 71' lang='lat' dir='ltr'><strong>pressi</strong></span> <span class='ocrx_word' id='word_1_493' title='bbox 1825 4108 2046 4163; x_wconf 88' lang='lat' dir='ltr'><strong>calami-</strong></span> 
     </span>
    </p>
   </div>
   <div class='ocr_carea' id='block_1_54' title="bbox 466 4202 2041 4272">
    <p class='ocr_par' dir='ltr' id='par_1_54' title="bbox 466 4202 2041 4272">
     <span class='ocr_line' id='line_1_54' title="bbox 466 4202 2041 4272; baseline -0.004 -12"><span class='ocrx_word' id='word_1_494' title='bbox 466 4206 673 4260; x_wconf 88' lang='lat' dir='ltr'><strong>tatibus</strong></span> <span class='ocrx_word' id='word_1_495' title='bbox 715 4203 1013 4272; x_wconf 84' lang='lat' dir='ltr'><strong>atllictique</strong></span> <span class='ocrx_word' id='word_1_496' title='bbox 1052 4203 1296 4267; x_wconf 75' lang='lat' dir='ltr'><strong>fuerunt,</strong></span> <span class='ocrx_word' id='word_1_497' title='bbox 1333 4213 1388 4258; x_wconf 89' lang='lat' dir='ltr'><strong>ut</strong></span> <span class='ocrx_word' id='word_1_498' title='bbox 1423 4218 1652 4257; x_wconf 87' lang='lat' dir='ltr'><strong>numero</strong></span> <span class='ocrx_word' id='word_1_499' title='bbox 1694 4202 1800 4256; x_wconf 92' lang='lat' dir='ltr'><strong>hoc</strong></span> <span class='ocrx_word' id='word_1_500' title='bbox 1840 4202 2041 4269; x_wconf 76' lang='lat' dir='ltr'><strong>dicam,</strong></span> 
     </span>
    </p>
   </div>
   <div class='ocr_carea' id='block_1_55' title="bbox 463 4283 2036 4357">
    <p class='ocr_par' dir='ltr' id='par_1_55' title="bbox 463 4283 2036 4357">
     <span class='ocr_line' id='line_1_55' title="bbox 463 4283 2036 4357; baseline -0.004 -5"><span class='ocrx_word' id='word_1_501' title='bbox 463 4308 701 4353; x_wconf 80' lang='lat' dir='ltr'><strong>nostram</strong></span> <span class='ocrx_word' id='word_1_502' title='bbox 730 4283 806 4349; x_wconf 44' lang='lat' dir='ltr'><strong>&#39;in</strong></span> <span class='ocrx_word' id='word_1_503' title='bbox 860 4298 1094 4349; x_wconf 72' lang='lat' dir='ltr'><strong>adversis</strong></span> <span class='ocrx_word' id='word_1_504' title='bbox 1148 4312 1395 4350; x_wconf 86' lang='lat' dir='ltr'><strong>coronam</strong></span> <span class='ocrx_word' id='word_1_505' title='bbox 1431 4313 1585 4349; x_wconf 83' lang='lat' dir='ltr'><strong>suam</strong></span> <span class='ocrx_word' id='word_1_506' title='bbox 1631 4311 1738 4347; x_wconf 75' lang='lat' dir='ltr'><strong>esse</strong></span> <span class='ocrx_word' id='word_1_507' title='bbox 1784 4293 2036 4357; x_wconf 67' lang='lat' dir='ltr'><strong>multant,</strong></span> 
     </span>
    </p>
   </div>
   <div class='ocr_carea' id='block_1_56' title="bbox 463 4387 2038 4461">
    <p class='ocr_par' dir='ltr' id='par_1_56' title="bbox 463 4387 2038 4461">
     <span class='ocr_line' id='line_1_56' title="bbox 463 4387 2038 4461; baseline -0.004 -16"><span class='ocrx_word' id='word_1_508' title='bbox 463 4390 926 4461; x_wconf 85' lang='lat' dir='ltr'><strong>quemadmodum</strong></span> <span class='ocrx_word' id='word_1_509' title='bbox 982 4390 1219 4460; x_wconf 86' lang='lat' dir='ltr'><strong>tragicus</strong></span> <span class='ocrx_word' id='word_1_510' title='bbox 1273 4389 1546 4458; x_wconf 89' lang='lat' dir='ltr'><strong>quispiam</strong></span> <span class='ocrx_word' id='word_1_511' title='bbox 1602 4387 1806 4440; x_wconf 82' lang='lat' dir='ltr'><strong>dixerit</strong></span> <span class='ocrx_word' id='word_1_512' title='bbox 1857 4394 2038 4453; x_wconf 87' lang='lat' dir='ltr'><strong>poeta.</strong></span> 
     </span>
    </p>
   </div>
   <div class='ocr_carea' id='block_1_57' title="bbox 462 4479 2042 4545">
    <p class='ocr_par' dir='ltr' id='par_1_57' title="bbox 462 4479 2042 4545">
     <span class='ocr_line' id='line_1_57' title="bbox 462 4479 2042 4545; baseline -0.007 -5"><span class='ocrx_word' id='word_1_513' title='bbox 462 4486 543 4541; x_wconf 89' lang='lat' dir='ltr'><strong>Eo</strong></span> <span class='ocrx_word' id='word_1_514' title='bbox 568 4501 709 4538; x_wconf 90' lang='lat' dir='ltr'><strong>nunc</strong></span> <span class='ocrx_word' id='word_1_515' title='bbox 735 4494 887 4537; x_wconf 89' lang='lat' dir='ltr'><strong>certe</strong></span> <span class='ocrx_word' id='word_1_516' title='bbox 916 4499 1015 4536; x_wconf 87' lang='lat' dir='ltr'><strong>nos</strong></span> <span class='ocrx_word' id='word_1_517' title='bbox 1045 4483 1315 4536; x_wconf 88' lang='lat' dir='ltr'><strong>malorum</strong></span> <span class='ocrx_word' id='word_1_518' title='bbox 1346 4483 1616 4536; x_wconf 79' lang='lat' dir='ltr'><strong>venimus.</strong></span> <span class='ocrx_word' id='word_1_519' title='bbox 1648 4481 1832 4545; x_wconf 88' lang='lat' dir='ltr'><strong>Itaque</strong></span> <span class='ocrx_word' id='word_1_520' title='bbox 1861 4479 1913 4531; x_wconf 85' lang='lat' dir='ltr'><strong>in</strong></span> <span class='ocrx_word' id='word_1_521' title='bbox 1944 4493 2042 4530; x_wconf 88' lang='lat' dir='ltr'><strong>nos</strong></span> 
     </span>
    </p>
   </div>
   <div class='ocr_carea' id='block_1_58' title="bbox 461 4570 2043 4649">
    <p class='ocr_par' dir='ltr' id='par_1_58' title="bbox 461 4570 2043 4649">
     <span class='ocr_line' id='line_1_58' title="bbox 461 4570 2043 4649; baseline -0.006 -18"><span class='ocrx_word' id='word_1_522' title='bbox 461 4579 657 4649; x_wconf 80' lang='lat' dir='ltr'><strong>genius</strong></span> <span class='ocrx_word' id='word_1_523' title='bbox 669 4578 893 4642; x_wconf 82' lang='lat' dir='ltr'><strong>quidam</strong></span> <span class='ocrx_word' id='word_1_524' title='bbox 913 4575 1137 4629; x_wconf 87' lang='lat' dir='ltr'><strong>minime</strong></span> <span class='ocrx_word' id='word_1_525' title='bbox 1154 4575 1331 4629; x_wconf 90' lang='lat' dir='ltr'><strong>bonus</strong></span> <span class='ocrx_word' id='word_1_526' title='bbox 1345 4570 1803 4626; x_wconf 85' lang='lat' dir='ltr'><strong>comissabundus</strong></span> <span class='ocrx_word' id='word_1_527' title='bbox 1833 4585 2043 4639; x_wconf 85' lang='lat' dir='ltr'><strong>grassa-</strong></span> 
     </span>
    </p>
   </div>
   <div class='ocr_carea' id='block_1_59' title="bbox 464 4662 2039 4734">
    <p class='ocr_par' dir='ltr' id='par_1_59' title="bbox 464 4662 2039 4734">
     <span class='ocr_line' id='line_1_59' title="bbox 464 4662 2039 4734; baseline -0.006 -10"><span class='ocrx_word' id='word_1_528' title='bbox 464 4677 554 4723; x_wconf 76' lang='lat' dir='ltr'><strong>tus</strong></span> <span class='ocrx_word' id='word_1_529' title='bbox 570 4667 690 4721; x_wconf 79' lang='lat' dir='ltr'><strong>fuit.</strong></span> <span class='ocrx_word' id='word_1_530' title='bbox 709 4667 828 4721; x_wconf 83' lang='lat' dir='ltr'><strong>Jam</strong></span> <span class='ocrx_word' id='word_1_531' title='bbox 850 4666 938 4721; x_wconf 88' lang='lat' dir='ltr'><strong>illa</strong></span> <span class='ocrx_word' id='word_1_532' title='bbox 958 4666 1144 4734; x_wconf 87' lang='lat' dir='ltr'><strong>igitur,</strong></span> <span class='ocrx_word' id='word_1_533' title='bbox 1164 4663 1410 4729; x_wconf 87' lang='lat' dir='ltr'><strong>omnium</strong></span> <span class='ocrx_word' id='word_1_534' title='bbox 1430 4662 2039 4726; x_wconf 77' lang='lat' dir='ltr'><strong>conscnsioue,urbimu</strong></span> 
     </span>
    </p>
   </div>
   <div class='ocr_carea' id='block_1_60' title="bbox 463 4753 2039 4831">
    <p class='ocr_par' dir='ltr' id='par_1_60' title="bbox 463 4753 2039 4831">
     <span class='ocr_line' id='line_1_60' title="bbox 463 4753 2039 4831; baseline -0.007 -15"><span class='ocrx_word' id='word_1_535' title='bbox 463 4776 603 4831; x_wconf 87' lang='lat' dir='ltr'><strong>quas</strong></span> <span class='ocrx_word' id='word_1_536' title='bbox 629 4760 876 4815; x_wconf 88' lang='lat' dir='ltr'><strong>incolunt</strong></span> <span class='ocrx_word' id='word_1_537' title='bbox 897 4758 1170 4820; x_wconf 88' lang='lat' dir='ltr'><strong>homines,</strong></span> <span class='ocrx_word' id='word_1_538' title='bbox 1197 4756 1442 4810; x_wconf 84' lang='lat' dir='ltr'><strong>omnium</strong></span> <span class='ocrx_word' id='word_1_539' title='bbox 1463 4755 1691 4807; x_wconf 87' lang='lat' dir='ltr'><strong>antehae</strong></span> <span class='ocrx_word' id='word_1_540' title='bbox 1706 4753 2039 4823; x_wconf 71' lang='lat' dir='ltr'><strong>aequissima,</strong></span> 
     </span>
    </p>
   </div>
   <div class='ocr_carea' id='block_1_61' title="bbox 463 4847 2043 4923">
    <p class='ocr_par' dir='ltr' id='par_1_61' title="bbox 463 4847 2043 4923">
     <span class='ocr_line' id='line_1_61' title="bbox 463 4847 2043 4923; baseline -0.007 -14"><span class='ocrx_word' id='word_1_541' title='bbox 463 4862 522 4909; x_wconf 89' lang='lat' dir='ltr'><strong>et</strong></span> <span class='ocrx_word' id='word_1_542' title='bbox 558 4853 904 4923; x_wconf 87' lang='lat' dir='ltr'><strong>justissima,</strong></span> <span class='ocrx_word' id='word_1_543' title='bbox 943 4861 999 4904; x_wconf 88' lang='lat' dir='ltr'><strong>et</strong></span> <span class='ocrx_word' id='word_1_544' title='bbox 1057 4847 1523 4913; x_wconf 45' lang='lat' dir='ltr'><strong>moderatissima;</strong></span> <span class='ocrx_word' id='word_1_545' title='bbox 1560 4857 1615 4900; x_wconf 91' lang='lat' dir='ltr'><strong>et</strong></span> <span class='ocrx_word' id='word_1_546' title='bbox 1666 4862 1729 4900; x_wconf 89' lang='lat' dir='ltr'><strong>ea</strong></span> <span class='ocrx_word' id='word_1_547' title='bbox 1775 4847 1938 4900; x_wconf 90' lang='lat' dir='ltr'><strong>etiam</strong></span> <span class='ocrx_word' id='word_1_548' title='bbox 1988 4861 2043 4899; x_wconf 91' lang='lat' dir='ltr'><strong>re</strong></span> 
     </span>
    </p>
   </div>
   <div class='ocr_carea' id='block_1_62' title="bbox 465 4937 2040 5012">
    <p class='ocr_par' dir='ltr' id='par_1_62' title="bbox 465 4937 2040 5012">
     <span class='ocr_line' id='line_1_62' title="bbox 465 4937 2040 5012; baseline -0.006 -14"><span class='ocrx_word' id='word_1_549' title='bbox 465 4944 737 5006; x_wconf 88' lang='lat' dir='ltr'><strong>omnium,</strong></span> <span class='ocrx_word' id='word_1_550' title='bbox 775 4958 897 5012; x_wconf 69' lang='lat' dir='ltr'><strong>qum</strong></span> <span class='ocrx_word' id='word_1_551' title='bbox 942 4942 1146 5008; x_wconf 88' lang='lat' dir='ltr'><strong>ubique</strong></span> <span class='ocrx_word' id='word_1_552' title='bbox 1191 4947 1341 5001; x_wconf 80' lang='lat' dir='ltr'><strong>sunt,</strong></span> <span class='ocrx_word' id='word_1_553' title='bbox 1383 4938 1489 4991; x_wconf 86' lang='lat' dir='ltr'><strong>Deo</strong></span> <span class='ocrx_word' id='word_1_554' title='bbox 1539 4937 1913 4999; x_wconf 78' lang='lat' dir='ltr'><strong>dilectissima,</strong></span> <span class='ocrx_word' id='word_1_555' title='bbox 1952 4937 2040 4990; x_wconf 90' lang='lat' dir='ltr'><strong>illa</strong></span> 
     </span>
    </p>
   </div>
   <div class='ocr_carea' id='block_1_63' title="bbox 463 5029 2039 5103">
    <p class='ocr_par' dir='ltr' id='par_1_63' title="bbox 463 5029 2039 5103">
     <span class='ocr_line' id='line_1_63' title="bbox 463 5029 2039 5103; baseline -0.007 -12"><span class='ocrx_word' id='word_1_556' title='bbox 463 5051 647 5098; x_wconf 87' lang='lat' dir='ltr'><strong>nunc,</strong></span> <span class='ocrx_word' id='word_1_557' title='bbox 697 5038 952 5103; x_wconf 88' lang='lat' dir='ltr'><strong>inquam,</strong></span> <span class='ocrx_word' id='word_1_558' title='bbox 995 5049 1027 5084; x_wconf 91' lang='grc' dir='ltr'><strong>ο</strong></span> <span class='ocrx_word' id='word_1_559' title='bbox 1065 5031 1182 5095; x_wconf 81' lang='lat' dir='ltr'><strong>sol,</strong></span> <span class='ocrx_word' id='word_1_560' title='bbox 1232 5046 1263 5083; x_wconf 94' lang='lat' dir='ltr'><strong>o</strong></span> <span class='ocrx_word' id='word_1_561' title='bbox 1313 5030 1505 5093; x_wconf 84' lang='lat' dir='ltr'><strong>tellus,</strong></span> <span class='ocrx_word' id='word_1_562' title='bbox 1553 5046 1662 5099; x_wconf 86' lang='lat' dir='ltr'><strong>quo</strong></span> <span class='ocrx_word' id='word_1_563' title='bbox 1704 5045 1815 5082; x_wconf 89' lang='lat' dir='ltr'><strong>rem</strong></span> <span class='ocrx_word' id='word_1_564' title='bbox 1863 5029 2039 5083; x_wconf 88' lang='lat' dir='ltr'><strong>dicam</strong></span> 
     </span>
    </p>
   </div>
   <div class='ocr_carea' id='block_1_64' title="bbox 467 5123 2043 5196">
    <p class='ocr_par' dir='ltr' id='par_1_64' title="bbox 467 5123 2043 5196">
     <span class='ocr_line' id='line_1_64' title="bbox 467 5123 2043 5196; baseline -0.005 -14"><span class='ocrx_word' id='word_1_565' title='bbox 467 5127 670 5182; x_wconf 83' lang='lat' dir='ltr'><strong>modo?</strong></span> <span class='ocrx_word' id='word_1_566' title='bbox 702 5140 883 5196; x_wconf 90' lang='lat' dir='ltr'><strong>quave</strong></span> <span class='ocrx_word' id='word_1_567' title='bbox 915 5124 1151 5177; x_wconf 86' lang='lat' dir='ltr'><strong>narrabo</strong></span> <span class='ocrx_word' id='word_1_568' title='bbox 1184 5123 1434 5176; x_wconf 88' lang='lat' dir='ltr'><strong>ratione?</strong></span> <span class='ocrx_word' id='word_1_569' title='bbox 1463 5137 1689 5190; x_wconf 85' lang='lat' dir='ltr'><strong>prorsus</strong></span> <span class='ocrx_word' id='word_1_570' title='bbox 1720 5137 1787 5175; x_wconf 77' lang='lat' dir='ltr'><strong>ex</strong></span> <span class='ocrx_word' id='word_1_571' title='bbox 1819 5130 2043 5177; x_wconf 88' lang='lat' dir='ltr'><strong>contra-</strong></span> 
     </span>
    </p>
   </div>
   <div class='ocr_carea' id='block_1_65' title="bbox 467 5212 2044 5280">
    <p class='ocr_par' dir='ltr' id='par_1_65' title="bbox 467 5212 2044 5280">
     <span class='ocr_line' id='line_1_65' title="bbox 467 5212 2044 5280; baseline -0.005 -7"><span class='ocrx_word' id='word_1_572' title='bbox 467 5219 576 5280; x_wconf 89' lang='lat' dir='ltr'><strong>rio,</strong></span> <span class='ocrx_word' id='word_1_573' title='bbox 619 5214 1001 5279; x_wconf 80' lang='lat' dir='ltr'><strong>exsecrabilis,</strong></span> <span class='ocrx_word' id='word_1_574' title='bbox 1050 5224 1105 5268; x_wconf 89' lang='lat' dir='ltr'><strong>et</strong></span> <span class='ocrx_word' id='word_1_575' title='bbox 1153 5214 1404 5279; x_wconf 82' lang='lat' dir='ltr'><strong>scelesta,</strong></span> <span class='ocrx_word' id='word_1_576' title='bbox 1447 5223 1502 5266; x_wconf 85' lang='lat' dir='ltr'><strong>et</strong></span> <span class='ocrx_word' id='word_1_577' title='bbox 1548 5212 1682 5267; x_wconf 71' lang='lat' dir='ltr'><strong>diuis</strong></span> <span class='ocrx_word' id='word_1_578' title='bbox 1725 5212 1946 5277; x_wconf 88' lang='lat' dir='ltr'><strong>devota,</strong></span> <span class='ocrx_word' id='word_1_579' title='bbox 1989 5222 2044 5265; x_wconf 88' lang='lat' dir='ltr'><strong>et</strong></span> 
     </span>
    </p>
   </div>
   <div class='ocr_carea' id='block_1_66' title="bbox 469 5303 2044 5373">
    <p class='ocr_par' dir='ltr' id='par_1_66' title="bbox 469 5303 2044 5373">
     <span class='ocr_line' id='line_1_66' title="bbox 469 5303 2044 5373; baseline -0.005 -9"><span class='ocrx_word' id='word_1_580' title='bbox 469 5309 740 5373; x_wconf 89' lang='lat' dir='ltr'><strong>oumium,</strong></span> <span class='ocrx_word' id='word_1_581' title='bbox 780 5319 839 5360; x_wconf 86' lang='lat' dir='ltr'><strong>ut</strong></span> <span class='ocrx_word' id='word_1_582' title='bbox 883 5305 1054 5360; x_wconf 88' lang='lat' dir='ltr'><strong>verbo</strong></span> <span class='ocrx_word' id='word_1_583' title='bbox 1097 5305 1398 5367; x_wconf 88' lang='lat' dir='ltr'><strong>absolvam,</strong></span> <span class='ocrx_word' id='word_1_584' title='bbox 1434 5303 1837 5357; x_wconf 86' lang='lat' dir='ltr'><strong>dirissimorum</strong></span> <span class='ocrx_word' id='word_1_585' title='bbox 1878 5311 2044 5371; x_wconf 88' lang='lat' dir='ltr'><strong>atque</strong></span> 
     </span>
    </p>
   </div>
   <div class='ocr_carea' id='block_1_67' title="bbox 472 5398 2045 5469">
    <p class='ocr_par' dir='ltr' id='par_1_67' title="bbox 472 5398 2045 5469">
     <span class='ocr_line' id='line_1_67' title="bbox 472 5398 2045 5469; baseline -0.005 -12"><span class='ocrx_word' id='word_1_586' title='bbox 472 5405 913 5457; x_wconf 82' lang='lat' dir='ltr'><strong>tristissimorum</strong></span> <span class='ocrx_word' id='word_1_587' title='bbox 957 5408 1258 5464; x_wconf 82' lang='lat' dir='ltr'><strong>certamen,</strong></span> <span class='ocrx_word' id='word_1_588' title='bbox 1315 5398 1494 5453; x_wconf 79' lang='lat' dir='ltr'><strong>cumis</strong></span> <span class='ocrx_word' id='word_1_589' title='bbox 1535 5399 1722 5469; x_wconf 73' lang='lat' dir='ltr'><strong>ﬂagitii</strong></span> <span class='ocrx_word' id='word_1_590' title='bbox 1757 5407 1813 5452; x_wconf 89' lang='lat' dir='ltr'><strong>et</strong></span> <span class='ocrx_word' id='word_1_591' title='bbox 1850 5399 2045 5451; x_wconf 87' lang='lat' dir='ltr'><strong>intem-</strong></span> 
     </span>
    </p>
   </div>
   <div class='ocr_carea' id='block_1_68' title="bbox 467 5490 2044 5563">
    <p class='ocr_par' dir='ltr' id='par_1_68' title="bbox 467 5490 2044 5563">
     <span class='ocr_line' id='line_1_68' title="bbox 467 5490 2044 5563; baseline -0.004 -15"><span class='ocrx_word' id='word_1_592' title='bbox 467 5496 733 5563; x_wconf 87' lang='lat' dir='ltr'><strong>perantiae</strong></span> <span class='ocrx_word' id='word_1_593' title='bbox 777 5503 1077 5562; x_wconf 86' lang='lat' dir='ltr'><strong>tropaeum,</strong></span> <span class='ocrx_word' id='word_1_594' title='bbox 1129 5504 1186 5547; x_wconf 89' lang='lat' dir='ltr'><strong>et</strong></span> <span class='ocrx_word' id='word_1_595' title='bbox 1236 5494 1415 5547; x_wconf 91' lang='lat' dir='ltr'><strong>omnia</strong></span> <span class='ocrx_word' id='word_1_596' title='bbox 1470 5492 1587 5546; x_wconf 68' lang='lat' dir='ltr'><strong>haec</strong></span> <span class='ocrx_word' id='word_1_597' title='bbox 1634 5493 1822 5560; x_wconf 90' lang='lat' dir='ltr'><strong>utique</strong></span> <span class='ocrx_word' id='word_1_598' title='bbox 1871 5490 2044 5559; x_wconf 84' lang='lat' dir='ltr'><strong>magis</strong></span> 
     </span>
    </p>
   </div>
   <div class='ocr_carea' id='block_1_69' title="bbox 2156 2992 3740 3071">
    <p class='ocr_par' dir='ltr' id='par_1_69' title="bbox 2156 2992 3740 3071">
     <span class='ocr_line' id='line_1_69' title="bbox 2156 2992 3740 3071; baseline -0.001 -20"><span class='ocrx_word' id='word_1_599' title='bbox 2156 2999 2323 3052; x_wconf 82' lang='grc' dir='ltr'>πάλαι</span> <span class='ocrx_word' id='word_1_600' title='bbox 2357 2999 2652 3071; x_wconf 75' lang='grc' dir='ltr'>εὐφιλήταν</span> <span class='ocrx_word' id='word_1_601' title='bbox 2694 2998 2838 3064; x_wconf 66' lang='grc' dir='ltr'>ἔθου,</span> <span class='ocrx_word' id='word_1_602' title='bbox 2910 2997 3005 3051; x_wconf 78' lang='grc' dir='ltr'><strong>καὶ</strong></span> <span class='ocrx_word' id='word_1_603' title='bbox 3061 2996 3201 3067; x_wconf 76' lang='grc' dir='ltr'>ὑπὲρ</span> <span class='ocrx_word' id='word_1_604' title='bbox 3254 2992 3326 3069; x_wconf 75' lang='grc' dir='ltr'>ἧς</span> <span class='ocrx_word' id='word_1_605' title='bbox 3393 3001 3575 3052; x_wconf 80' lang='grc' dir='ltr'>πάντα</span> <span class='ocrx_word' id='word_1_606' title='bbox 3635 3000 3740 3051; x_wconf 83' lang='grc' dir='ltr'>δεῖν</span> 
     </span>
    </p>
   </div>
   <div class='ocr_carea' id='block_1_70' title="bbox 2151 3088 3741 3161">
    <p class='ocr_par' dir='ltr' id='par_1_70' title="bbox 2151 3088 3741 3161">
     <span class='ocr_line' id='line_1_70' title="bbox 2151 3088 3741 3161; baseline 0.001 -21"><span class='ocrx_word' id='word_1_607' title='bbox 2151 3088 2259 3159; x_wconf 75' lang='grc' dir='ltr'>ᾤου</span> <span class='ocrx_word' id='word_1_608' title='bbox 2293 3092 2486 3152; x_wconf 85' lang='grc' dir='ltr'>ποιεῖν,</span> <span class='ocrx_word' id='word_1_609' title='bbox 2552 3089 2629 3159; x_wconf 80' lang='grc' dir='ltr'>τῷ</span> <span class='ocrx_word' id='word_1_610' title='bbox 2653 3090 2699 3141; x_wconf 81' lang='grc' dir='ltr'>τ’</span> <span class='ocrx_word' id='word_1_611' title='bbox 2733 3089 2895 3151; x_wconf 70' lang='grc' dir='ltr'>αὐτὸς</span> <span class='ocrx_word' id='word_1_612' title='bbox 2930 3089 3136 3159; x_wconf 72' lang='grc' dir='ltr'>ταύτης</span> <span class='ocrx_word' id='word_1_613' title='bbox 3176 3091 3337 3161; x_wconf 80' lang='grc' dir='ltr'>ὲρᾷν,</span> <span class='ocrx_word' id='word_1_614' title='bbox 3410 3090 3490 3158; x_wconf 81' lang='grc' dir='ltr'>τῷ</span> <span class='ocrx_word' id='word_1_615' title='bbox 3550 3093 3597 3142; x_wconf 86' lang='grc' dir='ltr'>τ’</span> <span class='ocrx_word' id='word_1_616' title='bbox 3638 3091 3741 3143; x_wconf 75' lang='grc' dir='ltr'><strong>αὖ·</strong></span> 
     </span>
    </p>
   </div>
   <div class='ocr_carea' id='block_1_71' title="bbox 2152 3177 3743 3253">
    <p class='ocr_par' dir='ltr' id='par_1_71' title="bbox 2152 3177 3743 3253">
     <span class='ocr_line' id='line_1_71' title="bbox 2152 3177 3743 3253; baseline 0.001 -21"><span class='ocrx_word' id='word_1_617' title='bbox 2152 3182 2249 3250; x_wconf 81' lang='grc' dir='ltr'><strong>τὴν</strong></span> <span class='ocrx_word' id='word_1_618' title='bbox 2282 3178 2341 3235; x_wconf 74' lang='grc' dir='ltr'>εὖ</span> <span class='ocrx_word' id='word_1_619' title='bbox 2400 3183 2633 3253; x_wconf 83' lang='grc' dir='ltr'>πάσχειν</span> <span class='ocrx_word' id='word_1_620' title='bbox 2667 3182 2824 3246; x_wconf 78' lang='grc' dir='ltr'>ἀξίαν</span> <span class='ocrx_word' id='word_1_621' title='bbox 2878 3177 3038 3248; x_wconf 81' lang='grc' dir='ltr'>εἶναι,</span> <span class='ocrx_word' id='word_1_622' title='bbox 3106 3180 3249 3250; x_wconf 75' lang='grc' dir='ltr'>αὕτη</span> <span class='ocrx_word' id='word_1_623' title='bbox 3304 3183 3494 3235; x_wconf 83' lang='grc' dir='ltr'>τοίνυν</span> <span class='ocrx_word' id='word_1_624' title='bbox 3550 3182 3743 3252; x_wconf 53' lang='lat' dir='ltr'><strong>ascen</strong></span> 
     </span>
    </p>
   </div>
   <div class='ocr_carea' id='block_1_72' title="bbox 2151 3275 3741 3350">
    <p class='ocr_par' dir='ltr' id='par_1_72' title="bbox 2151 3275 3741 3350">
     <span class='ocr_line' id='line_1_72' title="bbox 2151 3275 3741 3350; baseline -0.001 -23"><span class='ocrx_word' id='word_1_625' title='bbox 2151 3275 2241 3327; x_wconf 74' lang='grc' dir='ltr'>διὰ</span> <span class='ocrx_word' id='word_1_626' title='bbox 2298 3277 2516 3328; x_wconf 86' lang='grc' dir='ltr'>πάντων</span> <span class='ocrx_word' id='word_1_627' title='bbox 2575 3276 2749 3337; x_wconf 69' lang='grc' dir='ltr'>ἰοῦσα,</span> <span class='ocrx_word' id='word_1_628' title='bbox 2798 3276 2904 3350; x_wconf 40' lang='grc' dir='ltr'>,καὶ</span> <span class='ocrx_word' id='word_1_629' title='bbox 2974 3277 3100 3338; x_wconf 68' lang='grc' dir='ltr'>τοὺς</span> <span class='ocrx_word' id='word_1_630' title='bbox 3156 3275 3255 3344; x_wconf 80' lang='grc' dir='ltr'>μὲν</span> <span class='ocrx_word' id='word_1_631' title='bbox 3303 3276 3523 3339; x_wconf 75' lang='grc' dir='ltr'>ἰδόντας</span> <span class='ocrx_word' id='word_1_632' title='bbox 3582 3275 3741 3345; x_wconf 65' lang='grc' dir='ltr'>ἐρασι</span> 
     </span>
    </p>
   </div>
   <div class='ocr_carea' id='block_1_73' title="bbox 2150 3368 3741 3438">
    <p class='ocr_par' dir='ltr' id='par_1_73' title="bbox 2150 3368 3741 3438">
     <span class='ocr_line' id='line_1_73' title="bbox 2150 3368 3741 3438; baseline 0.004 -18"><span class='ocrx_word' id='word_1_633' title='bbox 2150 3369 2249 3431; x_wconf 86' lang='grc' dir='ltr'><strong>τὰς</strong></span> <span class='ocrx_word' id='word_1_634' title='bbox 2288 3369 2629 3438; x_wconf 82' lang='grc' dir='ltr'>κτησαμένη,</span> <span class='ocrx_word' id='word_1_635' title='bbox 2686 3369 2813 3432; x_wconf 81' lang='grc' dir='ltr'>τοὺς</span> <span class='ocrx_word' id='word_1_636' title='bbox 2852 3368 2907 3420; x_wconf 83' lang='grc' dir='ltr'>δὲ</span> <span class='ocrx_word' id='word_1_637' title='bbox 2961 3369 3061 3422; x_wconf 81' lang='grc' dir='ltr'><strong>οὐκ</strong></span> <span class='ocrx_word' id='word_1_638' title='bbox 3100 3368 3311 3430; x_wconf 75' lang='grc' dir='ltr'>ἰδόντας</span> <span class='ocrx_word' id='word_1_639' title='bbox 3346 3369 3406 3432; x_wconf 78' lang='grc' dir='ltr'>ἐξ</span> <span class='ocrx_word' id='word_1_640' title='bbox 3437 3369 3547 3438; x_wconf 80' lang='grc' dir='ltr'>ἄρα</span> <span class='ocrx_word' id='word_1_641' title='bbox 3579 3368 3741 3437; x_wconf 76' lang='grc' dir='ltr'>μόνης</span> 
     </span>
    </p>
   </div>
   <div class='ocr_carea' id='block_1_74' title="bbox 2150 3455 3743 3527">
    <p class='ocr_par' dir='ltr' id='par_1_74' title="bbox 2150 3455 3743 3527">
     <span class='ocr_line' id='line_1_74' title="bbox 2150 3455 3743 3527; baseline -0.001 -18"><span class='ocrx_word' id='word_1_642' title='bbox 2150 3458 2668 3526; x_wconf 61' lang='grc' dir='ltr'>ἀνδραποδισαμένη</span> <span class='ocrx_word' id='word_1_643' title='bbox 2717 3457 2815 3524; x_wconf 82' lang='grc' dir='ltr'>τῆς</span> <span class='ocrx_word' id='word_1_644' title='bbox 2877 3458 3088 3527; x_wconf 78' lang='grc' dir='ltr'>φήμης,</span> <span class='ocrx_word' id='word_1_645' title='bbox 3147 3457 3323 3511; x_wconf 89' lang='grc' dir='ltr'>πάλαι</span> <span class='ocrx_word' id='word_1_646' title='bbox 3401 3458 3560 3521; x_wconf 80' lang='grc' dir='ltr'>πόλις</span> <span class='ocrx_word' id='word_1_647' title='bbox 3615 3455 3743 3509; x_wconf 78' lang='grc' dir='ltr'>οὖσα</span> 
     </span>
    </p>
   </div>
   <div class='ocr_carea' id='block_1_75' title="bbox 2150 3548 3739 3619">
    <p class='ocr_par' dir='ltr' id='par_1_75' title="bbox 2150 3548 3739 3619">
     <span class='ocr_line' id='line_1_75' title="bbox 2150 3548 3739 3619; baseline -0.001 -18"><span class='ocrx_word' id='word_1_648' title='bbox 2150 3550 2411 3619; x_wconf 78' lang='grc' dir='ltr'>χαρίτων,</span> <span class='ocrx_word' id='word_1_649' title='bbox 2443 3549 2539 3603; x_wconf 82' lang='grc' dir='ltr'>νῦν</span> <span class='ocrx_word' id='word_1_650' title='bbox 2581 3549 2734 3611; x_wconf 81' lang='grc' dir='ltr'>πόλις</span> <span class='ocrx_word' id='word_1_651' title='bbox 2776 3552 2892 3603; x_wconf 76' lang='grc' dir='ltr'>ἐστὶ</span> <span class='ocrx_word' id='word_1_652' title='bbox 2957 3551 3165 3615; x_wconf 79' lang='grc' dir='ltr'>κακῶν,</span> <span class='ocrx_word' id='word_1_653' title='bbox 3218 3548 3338 3600; x_wconf 72' lang='grc' dir='ltr'>οὗθ’</span> <span class='ocrx_word' id='word_1_654' title='bbox 3393 3550 3526 3612; x_wconf 83' lang='grc' dir='ltr'>οἴων</span> <span class='ocrx_word' id='word_1_655' title='bbox 3591 3548 3739 3618; x_wconf 85' lang='grc' dir='ltr'>εἰρῆ-</span> 
     </span>
    </p>
   </div>
   <div class='ocr_carea' id='block_1_76' title="bbox 2150 3642 3743 3712">
    <p class='ocr_par' dir='ltr' id='par_1_76' title="bbox 2150 3642 3743 3712">
     <span class='ocr_line' id='line_1_76' title="bbox 2150 3642 3743 3712; baseline 0 -19"><span class='ocrx_word' id='word_1_656' title='bbox 2150 3642 2298 3709; x_wconf 86' lang='grc' dir='ltr'>σΟαι,</span> <span class='ocrx_word' id='word_1_657' title='bbox 2342 3642 2454 3695; x_wconf 75' lang='grc' dir='ltr'>οὗθ’</span> <span class='ocrx_word' id='word_1_658' title='bbox 2502 3643 2627 3697; x_wconf 81' lang='grc' dir='ltr'>οἵων</span> <span class='ocrx_word' id='word_1_659' title='bbox 2687 3643 2855 3711; x_wconf 83' lang='grc' dir='ltr'>ἀκοῆς</span> <span class='ocrx_word' id='word_1_660' title='bbox 2904 3642 3274 3712; x_wconf 79' lang='grc' dir='ltr'>γεγενῆσθαι,</span> <span class='ocrx_word' id='word_1_661' title='bbox 3360 3645 3503 3697; x_wconf 77' lang='grc' dir='ltr'>ἀλλὰ</span> <span class='ocrx_word' id='word_1_662' title='bbox 3565 3643 3743 3697; x_wconf 84' lang='grc' dir='ltr'>τοσού-</span> 
     </span>
    </p>
   </div>
   <div class='ocr_carea' id='block_1_77' title="bbox 2147 3734 3744 3806">
    <p class='ocr_par' dir='ltr' id='par_1_77' title="bbox 2147 3734 3744 3806">
     <span class='ocr_line' id='line_1_77' title="bbox 2147 3734 3744 3806; baseline -0.001 -18"><span class='ocrx_word' id='word_1_663' title='bbox 2147 3753 2257 3788; x_wconf 85' lang='grc' dir='ltr'>των</span> <span class='ocrx_word' id='word_1_664' title='bbox 2323 3736 2422 3805; x_wconf 86' lang='grc' dir='ltr'>μὲν</span> <span class='ocrx_word' id='word_1_665' title='bbox 2469 3738 2530 3788; x_wconf 84' lang='grc' dir='ltr'><strong>τὸ</strong></span> <span class='ocrx_word' id='word_1_666' title='bbox 2582 3734 2809 3806; x_wconf 78' lang='grc' dir='ltr'>πλῆθος,</span> <span class='ocrx_word' id='word_1_667' title='bbox 2874 3734 3209 3804; x_wconf 78' lang='grc' dir='ltr'>τηλικούτων</span> <span class='ocrx_word' id='word_1_668' title='bbox 3273 3735 3337 3788; x_wconf 80' lang='grc' dir='ltr'>δὲ</span> <span class='ocrx_word' id='word_1_669' title='bbox 3395 3738 3457 3790; x_wconf 84' lang='grc' dir='ltr'><strong>τὸ</strong></span> <span class='ocrx_word' id='word_1_670' title='bbox 3494 3736 3744 3806; x_wconf 82' lang='grc' dir='ltr'>μέγεθος,</span> 
     </span>
    </p>
   </div>
   <div class='ocr_carea' id='block_1_78' title="bbox 2096 3827 3745 3899">
    <p class='ocr_par' dir='ltr' id='par_1_78' title="bbox 2096 3827 3745 3899">
     <span class='ocr_line' id='line_1_78' title="bbox 2096 3827 3745 3899; baseline -0.004 -15"><span class='ocrx_word' id='word_1_671' title='bbox 2096 3829 2293 3886; x_wconf 75' lang='grc' dir='ltr'>σ.ο’ύτω</span> <span class='ocrx_word' id='word_1_672' title='bbox 2336 3829 2392 3882; x_wconf 82' lang='grc' dir='ltr'><strong>δὲ</strong></span> <span class='ocrx_word' id='word_1_673' title='bbox 2453 3828 2752 3899; x_wconf 83' lang='grc' dir='ltr'>δυσχερῶν,</span> <span class='ocrx_word' id='word_1_674' title='bbox 2804 3830 2881 3891; x_wconf 82' lang='grc' dir='ltr'>ὡς</span> <span class='ocrx_word' id='word_1_675' title='bbox 2924 3828 3160 3899; x_wconf 77' lang='grc' dir='ltr'>μηδένας</span> <span class='ocrx_word' id='word_1_676' title='bbox 3218 3827 3283 3880; x_wconf 87' lang='grc' dir='ltr'><strong>ἂν</strong></span> <span class='ocrx_word' id='word_1_677' title='bbox 3356 3830 3472 3884; x_wconf 81' lang='grc' dir='ltr'>τῶν</span> <span class='ocrx_word' id='word_1_678' title='bbox 3527 3831 3745 3881; x_wconf 77' lang='grc' dir='ltr'>πώποτε</span> 
     </span>
    </p>
   </div>
   <div class='ocr_carea' id='block_1_79' title="bbox 2146 3920 3745 3991">
    <p class='ocr_par' dir='ltr' id='par_1_79' title="bbox 2146 3920 3745 3991">
     <span class='ocr_line' id='line_1_79' title="bbox 2146 3920 3745 3991; baseline -0.001 -17"><span class='ocrx_word' id='word_1_679' title='bbox 2146 3922 2649 3991; x_wconf 79' lang='grc' dir='ltr'>δεδυστυχηκὸτων.</span> <span class='ocrx_word' id='word_1_680' title='bbox 2716 3923 2764 3974; x_wconf 85' lang='grc' dir='ltr'><strong>εἰ</strong></span> <span class='ocrx_word' id='word_1_681' title='bbox 2823 3921 2905 3972; x_wconf 89' lang='grc' dir='ltr'><strong>δεῖ</strong></span> <span class='ocrx_word' id='word_1_682' title='bbox 2959 3920 3171 3990; x_wconf 67' lang='grc' dir='ltr'>τάχιστ’</span> <span class='ocrx_word' id='word_1_683' title='bbox 3229 3923 3456 3990; x_wconf 86' lang='grc' dir='ltr'>εἰπεῖν,</span> <span class='ocrx_word' id='word_1_684' title='bbox 3547 3922 3745 3989; x_wconf 81' lang='grc' dir='ltr'>στέφα-</span> 
     </span>
    </p>
   </div>
   <div class='ocr_carea' id='block_1_80' title="bbox 2147 4007 3741 4087">
    <p class='ocr_par' dir='ltr' id='par_1_80' title="bbox 2147 4007 3741 4087">
     <span class='ocr_line' id='line_1_80' title="bbox 2147 4007 3741 4087; baseline -0.001 -21"><span class='ocrx_word' id='word_1_685' title='bbox 2147 4031 2238 4066; x_wconf 91' lang='grc' dir='ltr'><strong>νον</strong></span> <span class='ocrx_word' id='word_1_686' title='bbox 2282 4015 2439 4084; x_wconf 81' lang='grc' dir='ltr'>ἡμῶν</span> <span class='ocrx_word' id='word_1_687' title='bbox 2499 4016 2556 4067; x_wconf 81' lang='grc' dir='ltr'>ὲν</span> <span class='ocrx_word' id='word_1_688' title='bbox 2610 4015 2824 4079; x_wconf 84' lang='grc' dir='ltr'>κακοῖς,</span> <span class='ocrx_word' id='word_1_689' title='bbox 2906 4007 3062 4065; x_wconf 83' lang='grc' dir='ltr'>εἶπεν</span> <span class='ocrx_word' id='word_1_690' title='bbox 3123 4012 3191 4066; x_wconf 81' lang='grc' dir='ltr'><strong>ἂν</strong></span> <span class='ocrx_word' id='word_1_691' title='bbox 3243 4014 3393 4085; x_wconf 79' lang='grc' dir='ltr'>ἀνὴρ</span> <span class='ocrx_word' id='word_1_692' title='bbox 3459 4014 3741 4087; x_wconf 82' lang='grc' dir='ltr'>τραγικὸς,</span> 
     </span>
    </p>
   </div>
   <div class='ocr_carea' id='block_1_81' title="bbox 2148 4105 3739 4179">
    <p class='ocr_par' dir='ltr' id='par_1_81' title="bbox 2148 4105 3739 4179">
     <span class='ocr_line' id='line_1_81' title="bbox 2148 4105 3739 4179; baseline -0.002 -19"><span class='ocrx_word' id='word_1_693' title='bbox 2148 4106 2493 4178; x_wconf 78' lang='grc' dir='ltr'>ἀνθῃρῆσοαι</span> <span class='ocrx_word' id='word_1_694' title='bbox 2513 4123 2526 4138; x_wconf 91' lang='grc'><strong>·</strong></span> <span class='ocrx_word' id='word_1_695' title='bbox 2566 4105 2780 4158; x_wconf 73' lang='grc' dir='ltr'>ἐνταῦθ’</span> <span class='ocrx_word' id='word_1_696' title='bbox 2805 4105 3012 4177; x_wconf 75' lang='grc' dir='ltr'>ἥκομεν</span> <span class='ocrx_word' id='word_1_697' title='bbox 3041 4120 3055 4134; x_wconf 86' lang='grc'>⁶</span> <span class='ocrx_word' id='word_1_698' title='bbox 3091 4106 3186 4157; x_wconf 83' lang='grc' dir='ltr'><strong>καὶ</strong></span> <span class='ocrx_word' id='word_1_699' title='bbox 3216 4107 3372 4159; x_wconf 76' lang='grc' dir='ltr'>οὕτω</span> <span class='ocrx_word' id='word_1_700' title='bbox 3429 4107 3554 4161; x_wconf 81' lang='grc' dir='ltr'>καθ’</span> <span class='ocrx_word' id='word_1_701' title='bbox 3587 4105 3739 4179; x_wconf 67' lang='grc' dir='ltr'>ἡμῶν</span> 
     </span>
    </p>
   </div>
   <div class='ocr_carea' id='block_1_82' title="bbox 2149 4196 3739 4271">
    <p class='ocr_par' dir='ltr' id='par_1_82' title="bbox 2149 4196 3739 4271">
     <span class='ocr_line' id='line_1_82' title="bbox 2149 4196 3739 4271; baseline -0.001 -20"><span class='ocrx_word' id='word_1_702' title='bbox 2149 4199 2409 4267; x_wconf 73' lang='grc' dir='ltr'>ἐκώμασε</span> <span class='ocrx_word' id='word_1_703' title='bbox 2464 4216 2552 4262; x_wconf 81' lang='grc' dir='ltr'><strong>τις</strong></span> <span class='ocrx_word' id='word_1_704' title='bbox 2586 4197 2797 4265; x_wconf 88' lang='grc' dir='ltr'>δαίμων</span> <span class='ocrx_word' id='word_1_705' title='bbox 2843 4197 2942 4249; x_wconf 77' lang='grc' dir='ltr'><strong>οὐκ</strong></span> <span class='ocrx_word' id='word_1_706' title='bbox 2997 4196 3199 4263; x_wconf 81' lang='grc' dir='ltr'>ἀγαθός</span> <span class='ocrx_word' id='word_1_707' title='bbox 3227 4213 3240 4227; x_wconf 82' lang='grc'><strong><em>⁸</em></strong></span> <span class='ocrx_word' id='word_1_708' title='bbox 3291 4201 3395 4252; x_wconf 78' lang='grc' dir='ltr'><strong>καὶ</strong></span> <span class='ocrx_word' id='word_1_709' title='bbox 3439 4202 3472 4268; x_wconf 82' lang='grc' dir='ltr'>ἡ</span> <span class='ocrx_word' id='word_1_710' title='bbox 3506 4198 3739 4271; x_wconf 78' lang='grc' dir='ltr'>πρόσθεν</span> 
     </span>
    </p>
   </div>
   <div class='ocr_carea' id='block_1_83' title="bbox 2150 4289 3740 4362">
    <p class='ocr_par' dir='ltr' id='par_1_83' title="bbox 2150 4289 3740 4362">
     <span class='ocr_line' id='line_1_83' title="bbox 2150 4289 3740 4362; baseline -0.001 -20"><span class='ocrx_word' id='word_1_711' title='bbox 2150 4292 2274 4343; x_wconf 85' lang='grc' dir='ltr'>κατ’</span> <span class='ocrx_word' id='word_1_712' title='bbox 2305 4289 2632 4360; x_wconf 79' lang='grc' dir='ltr'>ἀνθρώπους</span> <span class='ocrx_word' id='word_1_713' title='bbox 2666 4291 3012 4357; x_wconf 76' lang='grc' dir='ltr'>ἐννομωτάτη</span> <span class='ocrx_word' id='word_1_714' title='bbox 3043 4291 3134 4340; x_wconf 76' lang='grc' dir='ltr'><strong>καὶ</strong></span> <span class='ocrx_word' id='word_1_715' title='bbox 3162 4289 3491 4362; x_wconf 83' lang='grc' dir='ltr'>δικαιοτάτη</span> <span class='ocrx_word' id='word_1_716' title='bbox 3524 4294 3618 4343; x_wconf 82' lang='grc' dir='ltr'><strong>καὶ</strong></span> <span class='ocrx_word' id='word_1_717' title='bbox 3641 4308 3740 4342; x_wconf 90' lang='grc' dir='ltr'>σω-</span> 
     </span>
    </p>
   </div>
   <div class='ocr_carea' id='block_1_84' title="bbox 2151 4379 3740 4449">
    <p class='ocr_par' dir='ltr' id='par_1_84' title="bbox 2151 4379 3740 4449">
     <span class='ocr_line' id='line_1_84' title="bbox 2151 4379 3740 4449; baseline -0.001 -18"><span class='ocrx_word' id='word_1_718' title='bbox 2151 4382 2495 4449; x_wconf 71' lang='grc' dir='ltr'>φρονεστάτη</span> <span class='ocrx_word' id='word_1_719' title='bbox 2560 4379 2793 4443; x_wconf 79' lang='grc' dir='ltr'>πόλεων,</span> <span class='ocrx_word' id='word_1_720' title='bbox 2844 4379 2919 4442; x_wconf 87' lang='grc' dir='ltr'>ὡς</span> <span class='ocrx_word' id='word_1_721' title='bbox 2967 4379 3202 4443; x_wconf 55' lang='grc' dir='ltr'>ἅπαντες</span> <span class='ocrx_word' id='word_1_722' title='bbox 3245 4381 3424 4448; x_wconf 73' lang='grc' dir='ltr'>ἴσασι,</span> <span class='ocrx_word' id='word_1_723' title='bbox 3487 4384 3586 4435; x_wconf 74' lang='grc' dir='ltr'><strong>καὶ</strong></span> <span class='ocrx_word' id='word_1_724' title='bbox 3634 4381 3740 4433; x_wconf 84' lang='grc' dir='ltr'><strong>τῶν</strong></span> 
     </span>
    </p>
   </div>
   <div class='ocr_carea' id='block_1_85' title="bbox 2150 4471 3738 4543">
    <p class='ocr_par' dir='ltr' id='par_1_85' title="bbox 2150 4471 3738 4543">
     <span class='ocr_line' id='line_1_85' title="bbox 2150 4471 3738 4543; baseline -0.001 -18"><span class='ocrx_word' id='word_1_725' title='bbox 2150 4471 2468 4541; x_wconf 83' lang='grc' dir='ltr'>ἁπανταχοῦ</span> <span class='ocrx_word' id='word_1_726' title='bbox 2493 4471 2685 4524; x_wconf 83' lang='grc' dir='ltr'>πασῶν</span> <span class='ocrx_word' id='word_1_727' title='bbox 2718 4472 2806 4523; x_wconf 70' lang='grc' dir='ltr'>διὰ</span> <span class='ocrx_word' id='word_1_728' title='bbox 2844 4473 3016 4524; x_wconf 81' lang='grc' dir='ltr'>ταῦτα</span> <span class='ocrx_word' id='word_1_729' title='bbox 3062 4474 3263 4541; x_wconf 72' lang='grc' dir='ltr'>μᾶλλον</span> <span class='ocrx_word' id='word_1_730' title='bbox 3299 4474 3584 4543; x_wconf 67' lang='grc' dir='ltr'>θεοφιλὴς,</span> <span class='ocrx_word' id='word_1_731' title='bbox 3618 4474 3738 4538; x_wconf 80' lang='grc' dir='ltr'>νῦν,</span> 
     </span>
    </p>
   </div>
   <div class='ocr_carea' id='block_1_86' title="bbox 2115 4563 3742 4636">
    <p class='ocr_par' dir='ltr' id='par_1_86' title="bbox 2115 4563 3742 4636">
     <span class='ocr_line' id='line_1_86' title="bbox 2115 4563 3742 4636; baseline 0.006 -23"><span class='ocrx_word' id='word_1_732' title='bbox 2115 4565 2268 4636; x_wconf 39' lang='lat' dir='ltr'><strong>ius</strong></span> <span class='ocrx_word' id='word_1_733' title='bbox 2309 4566 2402 4617; x_wconf 80' lang='grc' dir='ltr'><strong>καὶ</strong></span> <span class='ocrx_word' id='word_1_734' title='bbox 2452 4564 2542 4634; x_wconf 82' lang='grc' dir='ltr'>γῆ,</span> <span class='ocrx_word' id='word_1_735' title='bbox 2575 4563 2690 4623; x_wconf 79' lang='grc' dir='ltr'><strong>πῶς</strong></span> <span class='ocrx_word' id='word_1_736' title='bbox 2737 4565 2919 4629; x_wconf 61' lang='lat' dir='ltr'><strong>sine);</strong></span> <span class='ocrx_word' id='word_1_737' title='bbox 2971 4564 3088 4626; x_wconf 84' lang='grc' dir='ltr'>πῶς</span> <span class='ocrx_word' id='word_1_738' title='bbox 3121 4563 3419 4632; x_wconf 81' lang='grc' dir='ltr'>διεξέλοω;</span> <span class='ocrx_word' id='word_1_739' title='bbox 3481 4567 3742 4634; x_wconf 68' lang='grc' dir='ltr'>ἐξαίφνης</span> 
     </span>
    </p>
   </div>
   <div class='ocr_carea' id='block_1_87' title="bbox 2156 4654 3742 4725">
    <p class='ocr_par' dir='ltr' id='par_1_87' title="bbox 2156 4654 3742 4725">
     <span class='ocr_line' id='line_1_87' title="bbox 2156 4654 3742 4725; baseline -0.001 -16"><span class='ocrx_word' id='word_1_740' title='bbox 2156 4659 2264 4709; x_wconf 82' lang='grc' dir='ltr'><strong>πᾶν</strong></span> <span class='ocrx_word' id='word_1_741' title='bbox 2321 4655 2660 4709; x_wconf 81' lang='grc' dir='ltr'>τούναντίον·</span> <span class='ocrx_word' id='word_1_742' title='bbox 2698 4654 2984 4722; x_wconf 77' lang='grc' dir='ltr'>ἐξάγιστος</span> <span class='ocrx_word' id='word_1_743' title='bbox 3035 4654 3131 4707; x_wconf 79' lang='grc' dir='ltr'>καὶ</span> <span class='ocrx_word' id='word_1_744' title='bbox 3165 4657 3345 4723; x_wconf 77' lang='grc' dir='ltr'>μιαρά</span> <span class='ocrx_word' id='word_1_745' title='bbox 3403 4658 3502 4710; x_wconf 80' lang='grc' dir='ltr'><strong>καὶ</strong></span> <span class='ocrx_word' id='word_1_746' title='bbox 3536 4660 3742 4725; x_wconf 68' lang='grc' dir='ltr'>ἐπάρα-</span> 
     </span>
    </p>
   </div>
   <div class='ocr_carea' id='block_1_88' title="bbox 2150 4748 3744 4820">
    <p class='ocr_par' dir='ltr' id='par_1_88' title="bbox 2150 4748 3744 4820">
     <span class='ocr_line' id='line_1_88' title="bbox 2150 4748 3744 4820; baseline -0.001 -19"><span class='ocrx_word' id='word_1_747' title='bbox 2150 4766 2264 4812; x_wconf 84' lang='grc' dir='ltr'>τος,</span> <span class='ocrx_word' id='word_1_748' title='bbox 2324 4750 2416 4801; x_wconf 68' lang='grc' dir='ltr'><strong>καὶ</strong></span> <span class='ocrx_word' id='word_1_749' title='bbox 2452 4748 2670 4801; x_wconf 86' lang='grc' dir='ltr'>πάντων</span> <span class='ocrx_word' id='word_1_750' title='bbox 2707 4749 2783 4811; x_wconf 81' lang='grc' dir='ltr'><strong>ὡς</strong></span> <span class='ocrx_word' id='word_1_751' title='bbox 2838 4749 3015 4800; x_wconf 83' lang='grc' dir='ltr'>εἰπεῖν</span> <span class='ocrx_word' id='word_1_752' title='bbox 3066 4748 3362 4819; x_wconf 74' lang='grc' dir='ltr'>ἀγώνισμα</span> <span class='ocrx_word' id='word_1_753' title='bbox 3398 4751 3512 4804; x_wconf 84' lang='grc' dir='ltr'><strong>τῶν</strong></span> <span class='ocrx_word' id='word_1_754' title='bbox 3569 4752 3744 4820; x_wconf 80' lang='grc' dir='ltr'>χειρί-</span> 
     </span>
    </p>
   </div>
   <div class='ocr_carea' id='block_1_89' title="bbox 2154 4839 3744 4910">
    <p class='ocr_par' dir='ltr' id='par_1_89' title="bbox 2154 4839 3744 4910">
     <span class='ocr_line' id='line_1_89' title="bbox 2154 4839 3744 4910; baseline -0.002 -17"><span class='ocrx_word' id='word_1_755' title='bbox 2154 4858 2316 4906; x_wconf 83' lang='grc' dir='ltr'>στων,</span> <span class='ocrx_word' id='word_1_756' title='bbox 2349 4841 2530 4910; x_wconf 81' lang='grc' dir='ltr'>πάσης</span> <span class='ocrx_word' id='word_1_757' title='bbox 2561 4839 2617 4893; x_wconf 76' lang='grc' dir='ltr'>δὲ</span> <span class='ocrx_word' id='word_1_758' title='bbox 2645 4841 2906 4909; x_wconf 84' lang='grc' dir='ltr'>τρόπαιον</span> <span class='ocrx_word' id='word_1_759' title='bbox 2930 4841 3236 4910; x_wconf 71' lang='grc' dir='ltr'>ἀκρασίαςο</span> <span class='ocrx_word' id='word_1_760' title='bbox 3277 4843 3464 4894; x_wconf 83' lang='grc' dir='ltr'>πάντα</span> <span class='ocrx_word' id='word_1_761' title='bbox 3488 4843 3546 4894; x_wconf 76' lang='grc' dir='ltr'><strong>δὲ</strong></span> <span class='ocrx_word' id='word_1_762' title='bbox 3575 4842 3744 4895; x_wconf 80' lang='grc' dir='ltr'>ταῦτα</span> 
     </span>
    </p>
   </div>
   <div class='ocr_carea' id='block_1_90' title="bbox 2156 4932 3749 5004">
    <p class='ocr_par' dir='ltr' id='par_1_90' title="bbox 2156 4932 3749 5004">
     <span class='ocr_line' id='line_1_90' title="bbox 2156 4932 3749 5004; baseline -0.001 -19"><span class='ocrx_word' id='word_1_763' title='bbox 2156 4932 2358 5002; x_wconf 85' lang='grc' dir='ltr'>μᾶλλον</span> <span class='ocrx_word' id='word_1_764' title='bbox 2392 4932 2423 5001; x_wconf 85' lang='grc' dir='ltr'><strong>ἢ</strong></span> <span class='ocrx_word' id='word_1_765' title='bbox 2458 4932 2645 4994; x_wconf 82' lang='grc' dir='ltr'>πόλις·</span> <span class='ocrx_word' id='word_1_766' title='bbox 2683 4932 2880 4984; x_wconf 70' lang='grc' dir='ltr'>οὐκοῦν</span> <span class='ocrx_word' id='word_1_767' title='bbox 2919 4936 3012 4984; x_wconf 78' lang='grc' dir='ltr'>καὶ</span> <span class='ocrx_word' id='word_1_768' title='bbox 3059 4932 3317 5001; x_wconf 78' lang='grc' dir='ltr'>θεομισὴς</span> <span class='ocrx_word' id='word_1_769' title='bbox 3363 4934 3432 4985; x_wconf 76' lang='grc' dir='ltr'><strong>ἂν</strong></span> <span class='ocrx_word' id='word_1_770' title='bbox 3483 4935 3570 5004; x_wconf 81' lang='grc' dir='ltr'><strong>εἴη</strong></span> <span class='ocrx_word' id='word_1_771' title='bbox 3615 4934 3749 5003; x_wconf 75' lang='grc' dir='ltr'><strong>μᾶλ-</strong></span> 
     </span>
    </p>
   </div>
   <div class='ocr_carea' id='block_1_91' title="bbox 2150 5023 3745 5095">
    <p class='ocr_par' dir='ltr' id='par_1_91' title="bbox 2150 5023 3745 5095">
     <span class='ocr_line' id='line_1_91' title="bbox 2150 5023 3745 5095; baseline -0.001 -18"><span class='ocrx_word' id='word_1_772' title='bbox 2150 5024 2240 5078; x_wconf 87' lang='grc' dir='ltr'><strong>λον</strong></span> <span class='ocrx_word' id='word_1_773' title='bbox 2271 5024 2302 5094; x_wconf 85' lang='grc' dir='ltr'>ἢ</span> <span class='ocrx_word' id='word_1_774' title='bbox 2336 5024 2570 5095; x_wconf 82' lang='grc' dir='ltr'>πρόσθεν</span> <span class='ocrx_word' id='word_1_775' title='bbox 2597 5023 2872 5095; x_wconf 80' lang='grc' dir='ltr'>Θεοφιλὴς,</span> <span class='ocrx_word' id='word_1_776' title='bbox 2904 5028 2997 5076; x_wconf 82' lang='grc' dir='ltr'>καί</span> <span class='ocrx_word' id='word_1_777' title='bbox 3023 5024 3120 5091; x_wconf 77' lang='grc' dir='ltr'><strong>τῆς</strong></span> <span class='ocrx_word' id='word_1_778' title='bbox 3152 5026 3547 5089; x_wconf 81' lang='grc' dir='ltr'>πενταπόλεως</span> <span class='ocrx_word' id='word_1_779' title='bbox 3574 5043 3745 5093; x_wconf 89' lang='grc' dir='ltr'>τιμω-</span> 
     </span>
    </p>
   </div>
   <div class='ocr_carea' id='block_1_92' title="bbox 2156 5116 3742 5188">
    <p class='ocr_par' dir='ltr' id='par_1_92' title="bbox 2156 5116 3742 5188">
     <span class='ocr_line' id='line_1_92' title="bbox 2156 5116 3742 5188; baseline 0 -19"><span class='ocrx_word' id='word_1_780' title='bbox 2156 5117 2275 5188; x_wconf 85' lang='grc' dir='ltr'>ρίας</span> <span class='ocrx_word' id='word_1_781' title='bbox 2300 5119 2359 5168; x_wconf 81' lang='grc' dir='ltr'><strong>οὐ</strong></span> <span class='ocrx_word' id='word_1_782' title='bbox 2390 5116 2579 5187; x_wconf 67' lang='grc' dir='ltr'>πόρρω</span> <span class='ocrx_word' id='word_1_783' title='bbox 2609 5117 2827 5169; x_wconf 86' lang='grc' dir='ltr'>Θέουσα.</span> <span class='ocrx_word' id='word_1_784' title='bbox 2863 5118 3103 5177; x_wconf 76' lang='grc' dir='ltr'>Εἰκότως</span> <span class='ocrx_word' id='word_1_785' title='bbox 3130 5132 3142 5144; x_wconf 88' lang='grc'><strong>·</strong></span> <span class='ocrx_word' id='word_1_786' title='bbox 3175 5117 3378 5184; x_wconf 86' lang='grc' dir='ltr'>νόμους</span> <span class='ocrx_word' id='word_1_787' title='bbox 3417 5120 3531 5188; x_wconf 81' lang='grc' dir='ltr'>γὰρ</span> <span class='ocrx_word' id='word_1_788' title='bbox 3561 5118 3625 5188; x_wconf 74' lang='grc' dir='ltr'>δὴ</span> <span class='ocrx_word' id='word_1_789' title='bbox 3652 5120 3742 5170; x_wconf 80' lang='grc' dir='ltr'>καὶ</span> 
     </span>
    </p>
   </div>
   <div class='ocr_carea' id='block_1_93' title="bbox 2151 5208 3736 5277">
    <p class='ocr_par' dir='ltr' id='par_1_93' title="bbox 2151 5208 3736 5277">
     <span class='ocr_line' id='line_1_93' title="bbox 2151 5208 3736 5277; baseline 0.001 -17"><span class='ocrx_word' id='word_1_790' title='bbox 2151 5210 2251 5270; x_wconf 80' lang='grc' dir='ltr'><strong>τὰς</strong></span> <span class='ocrx_word' id='word_1_791' title='bbox 2305 5208 2517 5262; x_wconf 75' lang='grc' dir='ltr'>ἐκεῖθεν</span> <span class='ocrx_word' id='word_1_792' title='bbox 2576 5209 2845 5276; x_wconf 80' lang='grc' dir='ltr'>ἀνάγκας,</span> <span class='ocrx_word' id='word_1_793' title='bbox 2890 5209 2984 5262; x_wconf 74' lang='grc' dir='ltr'><strong>καὶ</strong></span> <span class='ocrx_word' id='word_1_794' title='bbox 3036 5209 3097 5260; x_wconf 83' lang='grc' dir='ltr'><strong>τὸ</strong></span> <span class='ocrx_word' id='word_1_795' title='bbox 3150 5209 3455 5277; x_wconf 83' lang='grc' dir='ltr'>σωφρόνως</span> <span class='ocrx_word' id='word_1_796' title='bbox 3485 5228 3549 5262; x_wconf 86' lang='grc' dir='ltr'><strong>τε</strong></span> <span class='ocrx_word' id='word_1_797' title='bbox 3585 5209 3736 5261; x_wconf 76' lang='grc' dir='ltr'>πολιο</span> 
     </span>
    </p>
   </div>
   <div class='ocr_carea' id='block_1_94' title="bbox 2152 5300 3744 5371">
    <p class='ocr_par' dir='ltr' id='par_1_94' title="bbox 2152 5300 3744 5371">
     <span class='ocr_line' id='line_1_94' title="bbox 2152 5300 3744 5371; baseline 0.001 -18"><span class='ocrx_word' id='word_1_798' title='bbox 2152 5301 2353 5364; x_wconf 81' lang='grc' dir='ltr'>τεύειν,</span> <span class='ocrx_word' id='word_1_799' title='bbox 2387 5300 2482 5353; x_wconf 75' lang='grc' dir='ltr'><strong>καὶ</strong></span> <span class='ocrx_word' id='word_1_800' title='bbox 2516 5300 2626 5354; x_wconf 84' lang='grc' dir='ltr'><strong>τῶν</strong></span> <span class='ocrx_word' id='word_1_801' title='bbox 2657 5301 2943 5370; x_wconf 87' lang='grc' dir='ltr'>προγόνων</span> <span class='ocrx_word' id='word_1_802' title='bbox 2975 5300 3161 5366; x_wconf 80' lang='grc' dir='ltr'>ἀξίως,</span> <span class='ocrx_word' id='word_1_803' title='bbox 3196 5301 3287 5352; x_wconf 78' lang='grc' dir='ltr'>καὶ</span> <span class='ocrx_word' id='word_1_804' title='bbox 3330 5301 3612 5370; x_wconf 87' lang='grc' dir='ltr'>πράττειν</span> <span class='ocrx_word' id='word_1_805' title='bbox 3644 5301 3744 5371; x_wconf 83' lang='grc' dir='ltr'><strong>μὲν</strong></span> 
     </span>
    </p>
   </div>
   <div class='ocr_carea' id='block_1_95' title="bbox 2150 5392 3739 5462">
    <p class='ocr_par' dir='ltr' id='par_1_95' title="bbox 2150 5392 3739 5462">
     <span class='ocr_line' id='line_1_95' title="bbox 2150 5392 3739 5462; baseline -0.002 -15"><span class='ocrx_word' id='word_1_806' title='bbox 2150 5392 2187 5448; x_wconf 79' lang='grc' dir='ltr'><strong>ἃ</strong></span> <span class='ocrx_word' id='word_1_807' title='bbox 2242 5396 2501 5462; x_wconf 82' lang='grc' dir='ltr'>πράττειν</span> <span class='ocrx_word' id='word_1_808' title='bbox 2567 5393 2806 5461; x_wconf 80' lang='grc' dir='ltr'>μάλιστα</span> <span class='ocrx_word' id='word_1_809' title='bbox 2860 5392 3036 5461; x_wconf 81' lang='grc' dir='ltr'>Θέμις,</span> <span class='ocrx_word' id='word_1_810' title='bbox 3098 5396 3276 5460; x_wconf 87' lang='grc' dir='ltr'>μισεῖν</span> <span class='ocrx_word' id='word_1_811' title='bbox 3323 5393 3407 5455; x_wconf 84' lang='grc' dir='ltr'><strong>δὲ,</strong></span> <span class='ocrx_word' id='word_1_812' title='bbox 3461 5393 3499 5447; x_wconf 77' lang='grc' dir='ltr'><strong>ἃ</strong></span> <span class='ocrx_word' id='word_1_813' title='bbox 3560 5395 3739 5462; x_wconf 86' lang='grc' dir='ltr'>μισεῖν</span> 
     </span>
    </p>
   </div>
   <div class='ocr_carea' id='block_1_96' title="bbox 2153 5484 3739 5555">
    <p class='ocr_par' dir='ltr' id='par_1_96' title="bbox 2153 5484 3739 5555">
     <span class='ocr_line' id='line_1_96' title="bbox 2153 5484 3739 5555; baseline -0.003 -15"><span class='ocrx_word' id='word_1_814' title='bbox 2153 5486 2323 5552; x_wconf 83' lang='grc' dir='ltr'>ἄξιον,</span> <span class='ocrx_word' id='word_1_815' title='bbox 2369 5488 2426 5554; x_wconf 76' lang='grc' dir='ltr'><strong>ἐξ</strong></span> <span class='ocrx_word' id='word_1_816' title='bbox 2459 5485 2534 5540; x_wconf 82' lang='grc' dir='ltr'>ὧν</span> <span class='ocrx_word' id='word_1_817' title='bbox 2570 5487 2745 5539; x_wconf 85' lang='grc' dir='ltr'>πάντα</span> <span class='ocrx_word' id='word_1_818' title='bbox 2776 5487 2844 5538; x_wconf 78' lang='grc' dir='ltr'><strong>τὰ</strong></span> <span class='ocrx_word' id='word_1_819' title='bbox 2888 5485 3157 5555; x_wconf 78' lang='grc' dir='ltr'>κράτιστα</span> <span class='ocrx_word' id='word_1_820' title='bbox 3187 5484 3463 5553; x_wconf 83' lang='grc' dir='ltr'>γίγνεται,</span> <span class='ocrx_word' id='word_1_821' title='bbox 3519 5484 3633 5539; x_wconf 80' lang='grc' dir='ltr'>οὐδ’</span> <span class='ocrx_word' id='word_1_822' title='bbox 3662 5486 3739 5545; x_wconf 82' lang='grc' dir='ltr'><strong>εἰς</strong></span> 
     </span>
    </p>
   </div>
   <div class='ocr_carea' id='block_1_97' title="bbox 469 5575 2043 5664">
    <p class='ocr_par' dir='ltr' id='par_1_97' title="bbox 469 5582 2040 5654">
     <span class='ocr_line' id='line_1_97' title="bbox 469 5582 2040 5654; baseline -0.002 -16"><span class='ocrx_word' id='word_1_823' title='bbox 469 5600 634 5654; x_wconf 89' lang='lat' dir='ltr'><strong>quam</strong></span> <span class='ocrx_word' id='word_1_824' title='bbox 668 5586 800 5639; x_wconf 87' lang='lat' dir='ltr'><strong>urbs</strong></span> <span class='ocrx_word' id='word_1_825' title='bbox 826 5598 929 5641; x_wconf 91' lang='lat' dir='ltr'><strong>est.</strong></span> <span class='ocrx_word' id='word_1_826' title='bbox 959 5584 1073 5652; x_wconf 85' lang='lat' dir='ltr'><strong>Qua</strong></span> <span class='ocrx_word' id='word_1_827' title='bbox 1106 5586 1172 5639; x_wconf 88' lang='lat' dir='ltr'><strong>de</strong></span> <span class='ocrx_word' id='word_1_828' title='bbox 1201 5601 1387 5650; x_wconf 78' lang='lat' dir='ltr'><strong>causa,</strong></span> <span class='ocrx_word' id='word_1_829' title='bbox 1420 5601 1565 5640; x_wconf 90' lang='lat' dir='ltr'><strong>nunc</strong></span> <span class='ocrx_word' id='word_1_830' title='bbox 1599 5584 1828 5637; x_wconf 86' lang='lat' dir='ltr'><strong>invisior</strong></span> <span class='ocrx_word' id='word_1_831' title='bbox 1849 5582 2040 5636; x_wconf 88' lang='lat' dir='ltr'><strong>eadem</strong></span> 
     </span>
    </p>
   </div>
   <div class='ocr_carea' id='block_1_98' title="bbox 2149 5575 3744 5664">
    <p class='ocr_par' dir='ltr' id='par_1_98' title="bbox 2153 5575 3744 5651">
     <span class='ocr_line' id='line_1_98' title="bbox 2153 5575 3744 5651; baseline -0.003 -18"><span class='ocrx_word' id='word_1_832' title='bbox 2153 5580 2279 5633; x_wconf 75' lang='grc' dir='ltr'>νοῦν</span> <span class='ocrx_word' id='word_1_833' title='bbox 2333 5581 2588 5651; x_wconf 73' lang='grc' dir='ltr'>ἴσχομενο</span> <span class='ocrx_word' id='word_1_834' title='bbox 2618 5577 2732 5631; x_wconf 84' lang='grc' dir='ltr'>ἀλλ’</span> <span class='ocrx_word' id='word_1_835' title='bbox 2764 5577 2955 5648; x_wconf 82' lang='grc' dir='ltr'>ὥσπερ</span> <span class='ocrx_word' id='word_1_836' title='bbox 3001 5578 3131 5630; x_wconf 83' lang='grc' dir='ltr'>ἄλλο</span> <span class='ocrx_word' id='word_1_837' title='bbox 3177 5593 3231 5628; x_wconf 84' lang='grc' dir='ltr'><strong>τι</strong></span> <span class='ocrx_word' id='word_1_838' title='bbox 3265 5575 3380 5629; x_wconf 82' lang='grc' dir='ltr'>τῶν</span> <span class='ocrx_word' id='word_1_839' title='bbox 3427 5575 3744 5648; x_wconf 84' lang='grc' dir='ltr'>ἀπειρημέ-</span> 
     </span>
    </p>
   </div>
   <div class='ocr_carea' id='block_1_99' title="bbox 471 5675 2043 5748">
    <p class='ocr_par' dir='ltr' id='par_1_99' title="bbox 471 5675 2043 5748">
     <span class='ocr_line' id='line_1_99' title="bbox 471 5675 2043 5748; baseline 0.002 -20"><span class='ocrx_word' id='word_1_840' title='bbox 471 5675 619 5731; x_wconf 87' lang='lat' dir='ltr'><strong>baud</strong></span> <span class='ocrx_word' id='word_1_841' title='bbox 651 5678 816 5733; x_wconf 85' lang='lat' dir='ltr'><strong>dubie</strong></span> <span class='ocrx_word' id='word_1_842' title='bbox 853 5679 960 5734; x_wconf 77' lang='lat' dir='ltr'><strong>Deo</strong></span> <span class='ocrx_word' id='word_1_843' title='bbox 989 5678 1179 5743; x_wconf 74' lang='lat' dir='ltr'><strong>fuerit,</strong></span> <span class='ocrx_word' id='word_1_844' title='bbox 1209 5695 1371 5748; x_wconf 89' lang='lat' dir='ltr'><strong>quam</strong></span> <span class='ocrx_word' id='word_1_845' title='bbox 1405 5679 1686 5747; x_wconf 82' lang='lat' dir='ltr'><strong>acceptior</strong></span> <span class='ocrx_word' id='word_1_846' title='bbox 1716 5685 1876 5730; x_wconf 89' lang='lat' dir='ltr'><strong>antea</strong></span> <span class='ocrx_word' id='word_1_847' title='bbox 1904 5687 2043 5740; x_wconf 88' lang='lat' dir='ltr'><strong>erat,</strong></span> 
     </span>
    </p>
   </div>
   <div class='ocr_carea' id='block_1_100' title="bbox 473 5769 2042 5842">
    <p class='ocr_par' dir='ltr' id='par_1_100' title="bbox 473 5769 2042 5842">
     <span class='ocr_line' id='line_1_100' title="bbox 473 5769 2042 5842; baseline 0.001 -22"><span class='ocrx_word' id='word_1_848' title='bbox 473 5780 575 5820; x_wconf 88' lang='lat' dir='ltr'><strong>nec</strong></span> <span class='ocrx_word' id='word_1_849' title='bbox 605 5771 794 5838; x_wconf 85' lang='lat' dir='ltr'><strong>procul</strong></span> <span class='ocrx_word' id='word_1_850' title='bbox 820 5788 848 5824; x_wconf 89' lang='lat' dir='ltr'><strong>a</strong></span> <span class='ocrx_word' id='word_1_851' title='bbox 873 5787 1032 5840; x_wconf 75' lang='lat' dir='ltr'><strong>poena</strong></span> <span class='ocrx_word' id='word_1_852' title='bbox 1072 5774 1303 5842; x_wconf 84' lang='lat' dir='ltr'><strong>quinque</strong></span> <span class='ocrx_word' id='word_1_853' title='bbox 1330 5773 1537 5825; x_wconf 84' lang='lat' dir='ltr'><strong>urbium</strong></span> <span class='ocrx_word' id='word_1_854' title='bbox 1564 5769 1838 5824; x_wconf 75' lang='lat' dir='ltr'><strong>obfutura.</strong></span> <span class='ocrx_word' id='word_1_855' title='bbox 1867 5770 2042 5837; x_wconf 67' lang='lat' dir='ltr'><strong>(Gem,</strong></span> 
     </span>
    </p>
   </div>
   <div class='ocr_carea' id='block_1_101' title="bbox 475 5856 2045 5936">
    <p class='ocr_par' dir='ltr' id='par_1_101' title="bbox 475 5856 2045 5936">
     <span class='ocr_line' id='line_1_101' title="bbox 475 5856 2045 5936; baseline -0.002 -18"><span class='ocrx_word' id='word_1_856' title='bbox 475 5856 586 5929; x_wconf 60' lang='lat' dir='ltr'><strong>XI&#39;X,</strong></span> <span class='ocrx_word' id='word_1_857' title='bbox 637 5863 659 5918; x_wconf 88' lang='grc'><strong>1</strong></span> <span class='ocrx_word' id='word_1_858' title='bbox 700 5880 890 5936; x_wconf 83' lang='lat' dir='ltr'><strong>scqq.:</strong></span> <span class='ocrx_word' id='word_1_859' title='bbox 957 5864 1082 5935; x_wconf 81' lang='lat' dir='ltr'><strong>Sup.</strong></span> <span class='ocrx_word' id='word_1_860' title='bbox 1128 5883 1176 5931; x_wconf 66' lang='grc' dir='ltr'>λ,</span> <span class='ocrx_word' id='word_1_861' title='bbox 1220 5868 1296 5933; x_wconf 79' lang='grc'><strong>6.)</strong></span> <span class='ocrx_word' id='word_1_862' title='bbox 1346 5865 1485 5919; x_wconf 86' lang='lat' dir='ltr'><strong>Sane</strong></span> <span class='ocrx_word' id='word_1_863' title='bbox 1542 5864 1771 5929; x_wconf 85' lang='lat' dir='ltr'><strong>merito,</strong></span> <span class='ocrx_word' id='word_1_864' title='bbox 1827 5864 2045 5931; x_wconf 86' lang='lat' dir='ltr'><strong>quando</strong></span> 
     </span>
    </p>
   </div>
   <div class='ocr_carea' id='block_1_102' title="bbox 2156 5669 3747 5744">
    <p class='ocr_par' dir='ltr' id='par_1_102' title="bbox 2156 5669 3747 5744">
     <span class='ocr_line' id='line_1_102' title="bbox 2156 5669 3747 5744; baseline -0.002 -19"><span class='ocrx_word' id='word_1_865' title='bbox 2156 5692 2285 5739; x_wconf 86' lang='grc' dir='ltr'>νων,</span> <span class='ocrx_word' id='word_1_866' title='bbox 2321 5676 2412 5727; x_wconf 71' lang='grc' dir='ltr'><strong>καὶ</strong></span> <span class='ocrx_word' id='word_1_867' title='bbox 2438 5673 2563 5737; x_wconf 82' lang='grc' dir='ltr'>τοὺς</span> <span class='ocrx_word' id='word_1_868' title='bbox 2593 5674 2721 5744; x_wconf 71' lang='grc' dir='ltr'>περὶ</span> <span class='ocrx_word' id='word_1_869' title='bbox 2750 5672 2957 5726; x_wconf 85' lang='grc' dir='ltr'>τούτων</span> <span class='ocrx_word' id='word_1_870' title='bbox 2990 5671 3286 5742; x_wconf 78' lang='grc' dir='ltr'>λογισμοὺς</span> <span class='ocrx_word' id='word_1_871' title='bbox 3321 5669 3747 5741; x_wconf 83' lang='grc' dir='ltr'>ἁπεσεισάμεοα</span> 
     </span>
    </p>
   </div>
   <div class='ocr_carea' id='block_1_103' title="bbox 2157 5760 3746 5837">
    <p class='ocr_par' dir='ltr' id='par_1_103' title="bbox 2157 5760 3746 5837">
     <span class='ocr_line' id='line_1_103' title="bbox 2157 5760 3746 5837; baseline -0.005 -18"><span class='ocrx_word' id='word_1_872' title='bbox 2157 5767 2412 5832; x_wconf 74' lang='grc' dir='ltr'>καθάπαξ</span> <span class='ocrx_word' id='word_1_873' title='bbox 2445 5766 2601 5837; x_wconf 72' lang='grc' dir='ltr'>ἡμῶν</span> <span class='ocrx_word' id='word_1_874' title='bbox 2653 5764 2859 5833; x_wconf 83' lang='grc' dir='ltr'>αὐτῶν,</span> <span class='ocrx_word' id='word_1_875' title='bbox 2905 5765 3130 5817; x_wconf 85' lang='grc' dir='ltr'>τοσοῦτο</span> <span class='ocrx_word' id='word_1_876' title='bbox 3174 5762 3276 5816; x_wconf 75' lang='grc' dir='ltr'>τοῦ.</span> <span class='ocrx_word' id='word_1_877' title='bbox 3312 5762 3492 5815; x_wconf 74' lang='grc' dir='ltr'>καλοῦ</span> <span class='ocrx_word' id='word_1_878' title='bbox 3531 5765 3627 5814; x_wconf 76' lang='grc' dir='ltr'>καὶ</span> <span class='ocrx_word' id='word_1_879' title='bbox 3667 5760 3746 5812; x_wconf 68' lang='grc' dir='ltr'>διο</span> 
     </span>
    </p>
   </div>
   <div class='ocr_carea' id='block_1_104' title="bbox 2157 5851 3747 5927">
    <p class='ocr_par' dir='ltr' id='par_1_104' title="bbox 2157 5851 3747 5927">
     <span class='ocr_line' id='line_1_104' title="bbox 2157 5851 3747 5927; baseline -0.008 -14"><span class='ocrx_word' id='word_1_880' title='bbox 2157 5862 2315 5914; x_wconf 86' lang='grc' dir='ltr'>καίου</span> <span class='ocrx_word' id='word_1_881' title='bbox 2351 5859 2664 5927; x_wconf 77' lang='grc' dir='ltr'>ποιούμενοι</span> <span class='ocrx_word' id='word_1_882' title='bbox 2713 5858 2893 5926; x_wconf 84' lang='grc' dir='ltr'>λόγον,</span> <span class='ocrx_word' id='word_1_883' title='bbox 2941 5855 3083 5909; x_wconf 83' lang='grc' dir='ltr'>ὣστε</span> <span class='ocrx_word' id='word_1_884' title='bbox 3129 5854 3224 5908; x_wconf 74' lang='grc' dir='ltr'><strong>καὶ</strong></span> <span class='ocrx_word' id='word_1_885' title='bbox 3272 5854 3513 5924; x_wconf 53' lang='grc' dir='ltr'>γραςὴν</span> <span class='ocrx_word' id='word_1_886' title='bbox 3558 5851 3625 5905; x_wconf 81' lang='grc' dir='ltr'>ἄν</span> <span class='ocrx_word' id='word_1_887' title='bbox 3667 5866 3747 5912; x_wconf 78' lang='grc' dir='ltr'><strong>τις</strong></span> 
     </span>
    </p>
   </div>
  </div>
