4018 6416
289 402 395 469 4’39

1716 414 2126 478 EPISTOLIE.

3466 423 3571 487 410

291 518 526 575 ἐνταῦθα
559 520 743 591 φύγοι,
777 522 853 594 μὴ
895 525 1017 577 κατ’
1049 525 1353 595 εὐρύϐατον
1380 526 1488 601 ζῶν
1515 545 1528 559 ·
1564 528 1739 592 οὕτως
1767 530 1877 583 άνω

1987 535 2149 606 leges.
2186 547 2241 593 et
2279 540 2649 594 necessariam
2692 540 2873 609 legum
2916 540 3347 603 observantiam,
3383 551 3437 594 et
3482 558 3571 595 sa-

292 612 558 683 ποταμῶν
606 614 676 667 τὰ
727 616 1013 686 πράγμαθ’
1052 619 1222 686 ἡμῖν·
1273 621 1365 671 καὶ
1399 619 1601 690 τοσῷδε
1650 622 1875 692 μᾶλλον,

292 705 368 768 ὡς
399 704 535 775 μηδὲ
580 707 892 779 προσδοκᾷν
945 708 1147 773 ἐξεῖναι
1180 711 1440 782 τάρχαῖα,
1483 714 1623 766 κατὰ
1677 717 1784 768 πᾶν
1817 715 1878 767 τὸ

295 799 359 849 ὲκ
398 798 491 850 τοῦ
524 800 792 868 παρόντος
822 800 989 864 εἰκός.
1022 801 1302 874 Χαίρομεν
1325 805 1529 868 τοίνυν,
1558 800 1637 868 οἷς
1664 806 1879 877 χαίρειν

295 890 448 942 πᾶσα
507 889 766 961 αίσχύνη,
804 892 898 944 καὶ
950 887 1026 946 ὦν
1093 896 1155 947 τὸ
1213 895 1523 964 μεμνῆσθαι
1584 897 1745 964 μόνον
1799 898 1880 961 είς

295 981 427 1050 ἄγος
447 981 592 1034 τελεῖ
610 998 625 1013 ο
653 984 713 1036 τὸ
741 984 851 1053 γὰρ
877 984 1016 1053 πρὸς
1045 985 1313 1054 ἀλλήλους
1343 986 1590 1056 ὠμότητι
1617 989 1876 1057 χρῆσθαι,

295 1076 390 1129 καὶ
435 1076 534 1145 ζῇν
590 1076 872 1143 ἐγγύτατα
922 1077 1030 1130 τῶν
1065 1078 1295 1147 Θηρίων,
1329 1083 1421 1132 καὶ
1478 1079 1699 1141 στάσεις
1746 1080 1879 1132 ἐκά-

300 1184 456 1222 στοτε
501 1169 593 1221 καὶ
626 1168 863 1241 μελετᾷν
913 1172 1008 1222 καὶ
1039 1174 1240 1233 ποιεῖν,
1285 1174 1380 1225 καὶ
1409 1173 1737 1243 διαρπάζειν
1767 1175 1881 1236 τοῖς

300 1261 555 1331 εὐπόροις
606 1262 676 1314 τά
731 1262 882 1328 ὄντα,
941 1264 1197 1335 καθάπερ
1271 1265 1568 1336 Ἀθήνῃσιν
1624 1266 1718 1317 ἐπὶ
1772 1264 1881 1318 τῶν

297 1352 617 1419 τριάκοντα,
653 1353 747 1404 καὶ
778 1352 874 1404 νῦν
914 1353 1016 1423 μὲν
1068 1354 1465 1424 ἐπιορκοῦντας
1495 1356 1751 1426 ὁρᾶσθαι,
1786 1357 1881 1409 νῦν

296 1441 343 1496 δ’
379 1443 473 1495 ἐπὶ
505 1445 614 1505 τοῖς
642 1445 826 1506 αὐτοῖς
861 1445 1016 1507 αὖθις
1044 1444 1342 1513 ὀμνύντας,
1378 1448 1473 1500 καὶ
1506 1449 1632 1510 τοὺς
1660 1448 1760 1517 μὲν
1788 1450 1883 1502 ἐπὶ

295 1536 397 1603 τῆς
428 1535 634 1606 ἀγορᾶς
671 1537 1015 1601 κονδυλίζειν
1063 1539 1156 1592 καὶ
1185 1541 1519 1609 συγκόπτειν
1564 1542 1661 1595 καὶ
1697 1545 1881 1596 παίειν

301 1630 397 1680 καὶ
440 1628 643 1694 ξαίνειν
700 1633 841 1683 κατὰ
888 1630 1063 1685 νώτου
1117 1633 1344 1700 πολλὰς,
1382 1636 1507 1698 τοὺς
1542 1637 1598 1689 δὲ
1632 1638 1725 1689 καὶ
1764 1637 1881 1689 πώ-

299 1740 472 1792 γωνος
520 1723 704 1779 ἕλκειν
735 1725 935 1795 ἄνδρας
985 1727 1133 1781 ἐστιν
1166 1730 1252 1782 ὅτε
1305 1731 1642 1800 πρεσϐύτας,
1670 1735 1763 1785 καὶ
1798 1732 1883 1784 αί-

296 1815 402 1878 δὼς
427 1817 646 1884 ἄπεστι,
664 1819 791 1883 τοὺς
813 1820 856 1873 δ’
888 1820 1082 1891 ύόρεσι
1109 1822 1351 1889 πλύνειν,
1381 1826 1491 1887 τοῖς
1513 1825 1567 1876 δὲ
1588 1828 1655 1879 τά
1674 1826 1881 1895 ἔσχατα

295 1913 546 1967 ἀπειλεῖν
571 1929 584 1943 ο
620 1917 986 1985 νυκτομαχίαι
1019 1932 1080 1967 τε
1118 1917 1390 1984 ἀγεννεῖς,
1425 1921 1519 1971 καὶ
1560 1918 1708 1987 λόχοι
1740 1919 1881 1972 κατὰ

294 2006 405 2060 τῶν
437 2007 746 2076 ὁμοφύλων,
782 2011 877 2063 καὶ
904 2010 1246 2077 στρατόπεδα
1278 2010 1615 2073 ἀκολάστων,
1646 2015 1742 2065 καὶ
1772 2015 1881 2064 τοί-

296 2120 408 2172 χων
445 2103 713 2174 διορυχαὶ,
747 2105 842 2157 καὶ
890 2104 1112 2168 κλοπαὶ,
1148 2107 1242 2160 καὶ
1282 2106 1469 2159 οἰκιῶν
1504 2107 1878 2177 καθαιρέσεις,

298 2196 394 2246 καὶ
441 2194 541 2246 ὅσα
595 2196 676 2257 είς
704 2195 863 2248 τοῦτο
916 2197 1084 2250 τείνει
1111 2214 1124 2228 ο
1160 2200 1241 2251 ἔτι
1274 2216 1333 2250 τε
1379 2199 1565 2253 ἄδικον
1601 2199 1732 2269 πῦρ,
1785 2200 1880 2252 καλ⁵

295 2285 459 2339 λίθων
511 2287 756 2354 ἀφέσεις,
790 2288 886 2341 καὶ
946 2290 1263 2360 τραύματα,
1297 2293 1390 2343 καὶ
1434 2290 1663 2360 πληγαὶ,
1713 2292 1807 2343 καὶ
1852 2291 1881 2344 ὁ

298 2380 466 2441 πολὺς
498 2379 757 2432 ἑκάστοτε
790 2380 975 2449 φόνος,
1006 2382 1066 2434 τό
1108 2400 1169 2434 τε
1204 2382 1292 2435 διὰ
1324 2384 1503 2450 πάσης
1540 2384 1757 2455 ἡλικίας
1793 2400 1882 2436 νο-

303 2471 592 2539 μιζόμενον
622 2472 794 2553 ξίφος,
840 2476 936 2526 καὶ
969 2477 996 2526 ὁ
1029 2475 1397 2543 στεργόμενος
1428 2476 1728 2546 ἀκινάκης,
1757 2477 1879 2544 μεθ’

299 2557 374 2617 ὧν
423 2565 515 2617 καὶ
572 2565 743 2634 ἡδέως
795 2567 1145 2634 καθεύδουσι,
1192 2570 1289 2621 καὶ
1338 2563 1414 2622 ὧν
1470 2570 1598 2624 ἄνευ
1649 2569 1750 2640 ζῇν
1780 2572 1880 2640 οὐχ

298 2650 409 2708 οἷόν
439 2672 521 2709 τε.
579 2656 720 2718 Τοὺς
750 2656 859 2728 γάρ
911 2660 1005 2710 ἐπὶ
1056 2660 1203 2729 κακῇ
1242 2659 1410 2729 μοίρᾳ
1452 2659 1555 2727 τῆς
1600 2660 1878 2730 ἡμετερας

298 2746 390 2799 καὶ
424 2749 628 2815 φύντας
659 2752 756 2803 καὶ
807 2753 1115 2821 τραφέντας
1150 2754 1244 2805 καὶ
1294 2751 1655 2824 αὐξηθέντας,
1688 2752 1783 2806 καὶ
1809 2756 1875 2824 τῇ

300 2842 516 2911 πατρίδι
550 2842 707 2911 κριοῦ
740 2845 968 2912 τροφεῖα
999 2844 1306 2906 δεδωκότας
1330 2845 1405 2906 ὡς
1441 2844 1620 2913 λόγος,
1652 2846 1877 2911 τούτους

296 2933 360 3002 δὴ
393 2935 517 2997 τοὺς
547 2936 883 3002 Σαλμωνέας
911 2936 1151 3005 ἀτεχνῶς
1182 2938 1278 2989 καὶ
1299 2938 1671 3005 Λυκούργους,
1700 2942 1731 3007 ῆ
1762 2958 1880 2993 και-

298 3027 425 3091 νούς
457 3045 605 3090 τινας
642 3029 907 3096 γίγαντας
937 3030 967 3098 ἦ
1013 3030 1108 3081 τοῦ
1148 3030 1484 3102 ῐΙολυφήμου
1537 3033 1810 3105 μαθητὰς,
1843 3037 1875 3106 ἦ

295 3119 396 3173 οὐκ
443 3115 540 3172 οἷδ’
565 3121 593 3173 ὃ
620 3137 671 3173 τι
701 3122 813 3183 ,καὶ
848 3121 1034 3190 φαίην,
1082 3121 1204 3175 οὐδὲ
1252 3124 1432 3188 λέγειν
1475 3125 1673 3193 ἔξεστι,
1704 3127 1879 3180 ταῦτα

1982 628 2207 697 pienter
2235 645 2300 683 ac
2333 631 2579 684 modeste
2616 631 3014 700 rempublicam
3047 648 3260 701 gerere,
3297 630 3574 702 dignoque

1982 718 2287 788 majoribus
2331 735 2484 774 more
2521 738 2537 777 :
2581 738 2759 791 eaque
2808 738 2995 791 agere,
3035 738 3158 792 quae
3208 724 3445 777 maxime
3494 723 3575 776 fas

1981 813 2245 882 piumque
2290 813 2363 866 sit
2408 827 2595 883 agere,
2640 814 2826 869 odisse
2872 830 3027 881 vero,
3073 831 3195 884 quze
3235 831 3453 884 a‘quum
3506 815 3576 868 sit

1981 903 2188 962 odisse.
2224 905 2430 974 quibus
2461 920 2528 959 ex
2560 906 2726 959 rebus
2757 906 2964 975 optima
2998 905 3182 959 omnia
3216 907 3571 975 proveniunt,

1983 994 2100 1049 haec
2134 1010 2204 1050 ne
2247 997 2301 1050 in
2348 997 2532 1050 animo
2576 997 2798 1066 quidem
2847 996 3140 1061 habemus,
3172 998 3265 1050 sed
3310 998 3392 1050 vel
3429 998 3575 1066 ipsas

1982 1089 2052 1142 de
2088 1088 2239 1143 hisce
2274 1089 2658 1159 cogitationes,
2694 1100 2954 1158 tanquam
3002 1091 3151 1144 aliud
3189 1090 3399 1159 aliquid
3443 1090 3577 1159 legi-

1982 1178 2089 1236 bus
2126 1180 2511 1245 interdictum,
2542 1197 2573 1235 a
2611 1182 2771 1235 nobis
2808 1182 3026 1250 penitus
3058 1184 3344 1251 exegimus
3380 1197 3577 1236 excus-

1983 1275 2290 1343 simusque.
2328 1274 2482 1329 Hanc
2512 1289 2612 1328 nos
2646 1273 2861 1329 scilicet
2893 1274 3111 1329 honesti
3144 1276 3390 1343 justique
3422 1273 3577 1327 duci—

1982 1383 2109 1421 mus
2159 1366 2453 1432 rationem,
2500 1377 2556 1421 ut
2604 1367 2830 1437 publico
2878 1382 3018 1437 pene
3061 1367 3271 1438 judicio
3308 1366 3451 1420 diem
3499 1367 3577 1421 illi

1985 1459 2267 1524 dicamus,
2304 1461 2559 1529 quisquis
2628 1476 2737 1513 non
2781 1460 3048 1532 Eurybati
3088 1460 3247 1529 plane
3289 1460 3457 1513 vitam
3499 1461 3579 1513 vi-

1984 1555 2156 1619 xerit;
2191 1555 2440 1623 adeoque
2486 1555 2636 1609 velut
2660 1570 2880 1609 sursum
2932 1555 3353 1608 recurrentibus
3385 1554 3573 1607 amni-

1985 1647 2088 1701 bus
2126 1658 2330 1701 nostrm
2370 1662 2519 1701 nunc
2557 1663 2645 1701 res
2696 1656 2882 1713 erunt,
2920 1648 3090 1717 idque
3132 1657 3285 1701 tanto
3330 1646 3579 1715 profecto

1985 1738 2180 1806 magis,
2217 1751 2276 1793 ut
2310 1755 2412 1794 nec
2446 1739 2742 1809 pristinum
2774 1740 3010 1809 amplius
3051 1747 3374 1808 exspectare
3416 1738 3581 1791 liccat

1986 1837 2211 1894 statum,
2251 1841 2518 1900 quantum
2568 1832 2786 1902 quidem
2829 1832 3148 1902 conjectura
3189 1845 3253 1883 ex
3297 1828 3581 1899 praesenti-

1991 1923 2095 1976 bus
2137 1926 2394 1993 augurari
2449 1939 2762 1994 possumus.
2799 1923 3009 1990 Nempe
3054 1923 3119 1999 iis
3162 1922 3323 1976 unice
3367 1923 3579 1992 gaude-

1990 2031 2134 2079 mus,
2167 2015 2373 2083 quibus
2408 2016 2789 2086 turpissimum
2838 2015 3078 2085 gaudere
3111 2022 3216 2073 est.
3253 2022 3309 2069 et
3344 2030 3577 2083 quorum

1992 2107 2074 2160 vel
2120 2108 2438 2162 meminisse
2484 2108 2777 2172 duntaxat,
2810 2107 3037 2163 sceleris
3076 2106 3391 2161 habendum
3432 2107 3577 2164 loco.

1988 2194 2202 2263 Quippe
2231 2182 2419 2249 mu’tua
2448 2195 2686 2250 invicem
2710 2196 3039 2251 crudelitate
3065 2196 3290 2264 saevire;
3317 2206 3373 2251 et
3398 2200 3579 2265 proxi-

1989 2302 2077 2339 me
2111 2288 2176 2340 ad
2210 2287 2608 2342 immanitatem
2642 2287 2886 2342 ferarum
2932 2288 3225 2356 accedere;
3263 2299 3320 2343 et
3352 2290 3580 2346 seditio-

1990 2397 2087 2434 nes
2134 2381 2385 2450 quotidie
2432 2390 2546 2435 tum
2597 2382 2874 2446 meditari,
2909 2390 3024 2437 tum
3067 2383 3215 2436 ciere
3250 2392 3414 2452 atque
3445 2398 3580 2437 con-

1988 2474 2156 2538 ﬂare;
2192 2488 2246 2528 et
2288 2473 2524 2527 divitum
2554 2474 2796 2544 diripere
2834 2484 3001 2545 atque
3048 2475 3295 2544 expilare
3335 2476 3528 2531 domos
3563 2493 3576 2528 :

1987 2582 2055 2621 eo
2087 2566 2247 2637 plane
2284 2567 2466 2632 modo,
2504 2582 2615 2637 quo
2643 2569 2875 2623 Athenis
2926 2577 3174 2637 tempore
3223 2569 3451 2639 triginta
3502 2576 3583 2639 ty-

1987 2674 2323 2724 rannorum;
2357 2667 2412 2712 et
2447 2660 2610 2713 modo
2642 2660 2698 2714 in
2734 2660 3027 2715 manifesto
3058 2660 3406 2731 deprehendi
3453 2677 3581 2730 per-

1983 2750 2154 2818 jurio,
2193 2751 2358 2805 modo
2393 2749 2540 2805 idem
2590 2746 2787 2806 rursus
2834 2753 3119 2821 conceptis
3165 2752 3416 2822 dejerare
3460 2768 3583 2808 ver-

1985 2845 2103 2909 bis;
2137 2851 2192 2899 et
2219 2860 2368 2900 nunc
2397 2845 2508 2899 illis
2531 2846 2625 2915 qui
2656 2845 2709 2899 in
2738 2844 2860 2899 foro
2887 2845 3114 2915 degunt,
3139 2860 3200 2900 os
3230 2860 3414 2915 pugno
3442 2859 3580 2898 con-

1986 2933 2303 2999 verberare,
2330 2942 2386 2987 et
2418 2933 2740 2999 concidere,
2769 2943 2824 2989 et
2860 2935 3048 3000 ferire,
3089 2944 3145 2989 et
3174 2934 3347 3005 virgis
3384 2935 3582 2989 verbe-

1989 3025 2254 3096 ribusque
2277 3025 2666 3096 frequentibus
2688 3036 2836 3098 terga
2856 3028 3134 3094 lacerare;
3157 3043 3305 3082 nunc
3323 3037 3577 3097 arreptus

1986 3117 2157 3172 barba
2185 3117 2351 3173 etiam
2379 3134 2497 3173 aevo
2525 3134 2923 3189 nonnunquam
2950 3120 3188 3190 grandes
3225 3121 3375 3172 viros
3399 3127 3581 3186 rapta-

295 3209 478 3261 τοίνυν
530 3208 622 3262 καὶ
675 3208 847 3261 πλείω
897 3208 1105 3263 τούτων
1156 3208 1416 3274 ἐξώλειαν
1459 3211 1678 3283 ἔχοντα,
1721 3216 1782 3268 τό
1814 3233 1875 3283 γε

1989 3225 2082 3275 re,
2131 3210 2296 3281 idque
2342 3212 2493 3266 nullo
2546 3212 2758 3282 pudore
2813 3222 2903 3267 aut
2959 3212 3330 3279 verecundia;
3386 3228 3582 3267 rursus

295 3301 535 3371 τήμερον
563 3297 725 3365 εἶναι,
758 3301 827 3355 τὰ
860 3305 1081 3356 πάντων
1114 3303 1249 3373 ἡμῖν
1292 3304 1521 3372 ἥδισταο
1569 3309 1661 3360 καὶ
1698 3310 1878 3362 κινδυσ

296 3393 523 3462 νεύομεν
555 3395 613 3443 ἐν
641 3393 856 3457 τούτοις
884 3394 1247 3465 εὐδαιμονεῖν,
1277 3390 1351 3449 ὧν
1374 3399 1431 3450 τὸ
1464 3400 1721 3466 καθάπαξ
1755 3404 1882 3454 ἀτυο

296 3486 413 3555 χεῖν
466 3486 787 3552 εὐδαιμονία
844 3488 1063 3556 σαφής·
1110 3488 1251 3553 ἄξιοι
1304 3490 1402 3559 μὲν
1454 3493 1606 3561 παρὰ
1663 3494 1883 3548 πάντων

299 3579 576 3648 μισεῖσθαι
608 3580 716 3632 τῶν
753 3579 877 3633 νοῦν
905 3581 1164 3650 ἑχόντων,
1201 3583 1343 3648 ἄξιοι
1390 3583 1446 3636 δὲ
1482 3586 1752 3655 κρημνῶν
1785 3590 1881 3640 καὶ

301 3670 597 3742 βαράθρων
637 3671 728 3723 καὶ
765 3672 1011 3740 σεισμῶν
1053 3675 1148 3725 καὶ
1196 3677 1531 3743 χωσμάτων,
1564 3678 1790 3731 καὶτῶν
1825 3678 1882 3742 ἐξ

296 3763 527 3831 ούρανοῦ
558 3765 775 3818 πάντων
807 3765 979 3835 βελῶν
999 3783 1014 3799 ο
1047 3767 1146 3837 οὐχ
1185 3768 1259 3830 ὡς
1292 3768 1401 3821 τῶν
1430 3770 1758 3824 δεινοτάτων
1788 3773 1884 3824 αύ-

297 3858 541 3928 τόχειρες
581 3857 763 3928 μόνον,
797 3858 934 3915 ἀλλὰ
988 3862 1083 3913 καὶ
1128 3860 1204 3927 τῷ
1239 3863 1591 3933 παράδειγμα
1630 3865 1748 3926 τοῖς
1787 3864 1903 3918 ἄλο»

299 3952 412 4015 λοις
456 3954 744 4020 γεγονέναι
779 3952 885 4003 τῶν
916 3953 1048 4006 ίσων
1074 3969 1087 3981 ·
1125 3954 1262 4022 πρδς
1306 3956 1416 4025 γὰρ
1454 3955 1550 4018 τὰς
1607 3958 1884 4026 μητροπό-

298 4044 415 4108 λεις
460 4045 686 4099 ἕκαστοι
731 4045 1040 4114 βλέποντες,
1100 4048 1243 4115 σφᾶς
1295 4047 1492 4110 αὐτοὺς
1540 4049 1879 4102 πλάττουσι·

298 4142 517 4210 Φεραῖοι
548 4138 678 4208 γοῦν
728 4140 823 4191 καὶ
879 4139 1254 4207 Ποτιδαιᾶται,
1299 4141 1395 4193 καὶ
1428 4142 1486 4194 αί
1542 4141 1729 4195 λοιίτοι)¹
1780 4143 1880 4196 πό-

297 4233 430 4295 λεις,
462 4231 570 4285 οὐδ’
599 4232 749 4283 ἔστιν
776 4233 952 4283 εἰπεῖν
983 4233 1039 4293 ἐς
1066 4231 1190 4283 ὅσον
1224 4232 1421 4299 μανίας
1456 4232 1697 4304 ἤλασανο
1738 4234 1882 4287 οὕτω

300 4345 353 4380 τι
385 4326 881 4395 πλεονεκτήσαντες
933 4324 1071 4393 πρὸς
1120 4323 1220 4395 τὴν
1265 4325 1526 4394 μίμησιν.
1575 4326 1686 4377 Καὶ
1742 4328 1883 4395 μετὰ

300 4419 556 4473 τοσούτου
604 4419 745 4472 πάνυ
778 4417 871 4470 τοῦ
903 4417 1161 4487 θράσους,
1194 4417 1269 4479 ὡς
1304 4418 1401 4471 καὶ
1448 4418 1741 4489 παρελθεῖν
1768 4421 1882 4482 τοῖς

297 4515 483 4585 ἔργοις
531 4514 631 4582 τὴν
665 4511 849 4580 φύσιν,
910 4514 1006 4564 καὶ
1044 4509 1263 4563 παιδιάν
1314 4512 1555 4580 ἀτεχνῶς
1594 4510 1769 4576 δεῖξαι
1814 4511 1883 4564 τὰ

1987 3306 2125 3359 alios
2153 3305 2488 3360 contumelia
2520 3315 2575 3359 et
2609 3305 2828 3376 injuriis
2862 3306 3236 3376 perfundere;
3271 3306 3395 3359 aliis
3427 3316 3579 3360 atro-

1986 3398 2205 3453 cissima
2262 3401 2470 3469 quaevis
2532 3398 2812 3463 minitari;
2867 3408 2922 3454 et
2976 3398 3137 3453 fuedaa
3194 3399 3583 3453 dimicationes

1987 3502 2312 3554 nocturnae;
2342 3500 2398 3545 et
2429 3491 2575 3561 globi
2608 3491 2939 3569 sicariorum
2971 3492 3238 3546 adversus
3267 3492 3581 3561 municipes

1986 3586 2043 3632 et
2082 3579 2352 3644 tribules,
2409 3588 2466 3633 et
2492 3580 2655 3649 justae
2695 3582 3201 3649 perditissimorum
3238 3582 3577 3636 nebulonum

1986 3671 2194 3739 Cupiic;
2242 3680 2294 3724 et
2339 3670 2714 3740 perfossiones
2751 3672 3064 3741 parietum;
3098 3683 3151 3727 et
3189 3674 3356 3736 furta,
3392 3683 3450 3728 et
3480 3673 3581 3727 do-

1988 3778 2174 3816 muum
2209 3763 2560 3830 eversiones;
2603 3773 2914 3833 eteteraque
2947 3764 2998 3818 id
3030 3780 3204 3835 genus
3232 3766 3437 3819 omnia.
3471 3766 3581 3820 Ad-

1987 3855 2104 3910 htec
2131 3873 2297 3926 porro
2328 3856 2519 3911 nefarii
2560 3872 2624 3911 ac
2655 3857 2859 3911 funesti
2895 3858 3072 3927 ignes,
3104 3866 3159 3910 et
3187 3857 3577 3927 lapidationes,

1986 3959 2042 4005 et
2091 3952 2301 4018 ingesta
2347 3952 2613 4015 vulnera,
2651 3966 2716 4004 ae
2763 3950 2940 4015 ictus,
2985 3960 3041 4006 et
3090 3951 3367 4005 continnre
3413 3960 3579 4019 atque

1986 4043 2323 4111 qumidianae
2369 4043 2549 4097 caedes
2596 4052 2942 4113 stragesque,
2978 4052 3032 4098 ct
3079 4043 3230 4096 omni
3275 4045 3424 4097 αξιτηὶ
3466 4042 3577 4098 fre-

1988 4151 2167 4204 quens
2212 4136 2340 4189 ferri
2388 4151 2540 4201 usus,
2579 4144 2745 4206 atque
2795 4136 2850 4189 in
2894 4136 3111 4190 deliciis
3154 4136 3428 4201 acinaces,
3458 4136 3580 4206 qui-

1987 4229 2221 4285 buscum
2251 4236 2307 4285 et
2337 4230 2496 4298 quies
2527 4230 2643 4299 ipsa
2668 4245 3009 4299 somnusque
3062 4230 3287 4284 suavior
3319 4230 3575 4294 habetur,

1986 4332 2042 4378 et
2073 4324 2191 4377 sine
2222 4323 2425 4392 quibus
2454 4338 2557 4377 nec
2584 4323 2783 4395 degere
2815 4322 2981 4376 vitam
3011 4333 3265 4393 possunt.
3295 4321 3404 4376 llos
3431 4323 3576 4375 enim

1988 4414 2041 4467 in
2076 4413 2376 4482 perniciem
2406 4424 2569 4481 atque
2597 4414 2821 4466 exitium
2854 4412 3172 4481 reipublica:
3201 4421 3425 4474 nostrae.
3461 4423 3575 4466 tum

1987 4520 2143 4563 natos
2167 4509 2439 4577 altosque,
2461 4516 2575 4561 tum
2598 4506 2811 4575 magnis
2832 4507 3031 4574 opibus
3051 4514 3265 4568 auctos,
3287 4521 3389 4559 nec
3414 4505 3576 4560 aliam

300 4581 434 4677 παρ’
460 4607 640 4677 ἡμῶν,
669 4607 734 4658 ὲκ
763 4606 1037 4676 δευτέρων
1070 4605 1138 4658 τὰ
1171 4606 1419 4675 πρωτεῖα
1463 4605 1664 4675 τρόπον
1694 4606 1881 4676 ἕτερον

1991 4602 2205 4673 patriae,
2239 4616 2403 4671 quam
2437 4598 2651 4664 arietis,
2690 4606 2749 4651 ut
2797 4598 2850 4650 in
2902 4596 3197 4666 proverbio
3230 4606 3334 4663 est,
3371 4601 3580 4652 educa-

298 4701 687 4769 κομισάμενοι.
725 4699 785 4751 Ei
819 4699 864 4751 δ’
907 4700 934 4750 ὁ
985 4698 1047 4751 τὸ
1081 4700 1304 4767 σπέρμα
1360 4698 1682 4769 παρασχὼν,
1728 4691 1883 4759 οὗτος

298 4790 395 4844 καὶ
429 4791 537 4841 τῶν
568 4789 783 4858 φύντων
832 4788 1005 4849 αἴτιος
1034 4789 1062 4839 ό
1107 4789 1197 4851 σὸς
1242 4788 1459 4858 ἑταῖρός
1511 4791 1884 4859 φησιξξΔημο-

300 4881 515 4951 σθένης,
550 4884 647 4935 καὶ
674 4880 848 4944 οὕτως
880 4881 988 4952 ἄρα
1023 4882 1286 4950 νικῶντες
1322 4882 1485 4952 ἡμεῖς
1518 4882 1698 4949 νίκην,
1725 4881 1791 4953 ἢν
1818 4882 1883 4936 ἄν

303 4963 401 5046 μοι
424 4977 571 5029 δοκεῖ
616 4993 699 5038 τις
736 4977 832 5029 καὶ
863 4976 997 5044 ὄναρ
1030 4973 1156 5028 ἰδὼν
1200 4975 1304 5026 οὐκ
1356 4974 1447 5037 ἂν,
1484 4975 1645 5044 εἴπερ
1692 4970 1802 5027 οἷόν
1835 4974 1882 5026 τ’

297 5065 386 5141 ἦν,
412 5068 489 5121 ἔθ’
516 5068 686 5121 ὕπνου
717 5070 1014 5138 μετασχεῖν
1056 5067 1338 5136 ἐθελῆσαι,
1374 5065 1528 5136 φόϐῳ
1565 5067 1677 5119 τῶν
1713 5066 1875 5119 ἴσων·

298 5166 356 5218 ὲν
392 5163 568 5216 τοίνυν
601 5161 865 5224 τοιούτοις
895 5160 1046 5213 οὖσιν
1079 5162 1210 5230 ἡμῖν
1242 5159 1324 5222 τίς
1373 5159 1528 5213 ἐλπὶς
1572 5160 1880 5228 σωτηρίας;

301 5257 504 5327 μᾶλλον
530 5256 587 5309 δὲ
618 5256 698 5317 τίς
732 5255 833 5308 οὐκ
870 5255 933 5307 ἂν
961 5254 1122 5316 ἐλπὶς
1156 5252 1435 5315 ἀπωλείας
1460 5269 1472 5317 ;
1499 5253 1635 5306 ὅπου
1665 5254 1773 5323 γὰρ
1803 5248 1884 5315 εἷς

299 5350 548 5405 ὁστισοῦν
581 5352 748 5412 κακὸς
787 5349 1051 5411 πολλάκις
1102 5351 1404 5416 ἀναφανεὶς
1437 5347 1612 5411 αἴτιος
1656 5348 1756 5419 ὅλῃ
1788 5348 1885 5399 πό-

296 5443 378 5495 λει
409 5442 601 5508 γέγονε
652 5442 957 5510 συμφορᾶς,
990 5439 1086 5491 καὶ
1130 5440 1228 5508 τῆς
1260 5438 1382 5499 ἑνός
1427 5453 1573 5499 τινος
1609 5436 1882 5505 ἀκρασίας

298 5536 445 5590 ἅπαν
482 5538 633 5605 κοινῇ
669 5537 727 5588 τὸ
778 5534 983 5603 πλῆθος
1024 5533 1123 5604 τὴν
1154 5534 1312 5601 δίκην
1356 5533 1561 5596 ἔτισαν,
1608 5533 1662 5583 τί
1696 5531 1884 5583 πείσε-

300 5627 424 5680 σθαι
456 5629 564 5697 χρὴ
590 5627 832 5697 νομίζειν
854 5626 1027 5695 ἡμᾶς,
1064 5627 1171 5677 τῶν
1197 5625 1296 5693 μὲν
1327 5624 1881 5694 πεπλημμεληκότων

296 5719 465 5773 ὄντων
498 5719 638 5789 ὑπὲρ
669 5720 767 5781 τὰς
805 5722 993 5789 μυίας,
1031 5718 1128 5787 τῆς
1172 5717 1230 5770 δὲ
1271 5716 1509 5782 ἀδικίας,
1540 5715 1655 5770 ἀλλ’
1685 5716 1784 5770 οὐκ
1813 5716 1882 5770 ἂν

298 5814 569 5882 δυναίμην
597 5813 771 5866 εἰπεῖν
798 5814 895 5883 ὅση
925 5830 1028 5876 τις.

1991 4697 2159 4750 tienis
2205 4695 2585 4766 persolventes
2638 4692 2954 4747 mercedem
2989 4707 3004 4744 :
3037 4691 3139 4745 hos
3182 4691 3429 4761 inquam,
3462 4692 3579 4747 sive

1990 4805 2172 4845 meros
2196 4802 2465 4857 verosque
2493 4784 2816 4840 Salmoneus
2844 4794 2900 4838 et
2930 4783 3237 4855 Lycurgos,
3260 4784 3375 4838 sive
3406 4799 3578 4839 novos

1988 4882 2279 4955 quospiam
2309 4881 2576 4952 gigantes,
2602 4879 2717 4933 sive
2741 4893 3036 4948 germanos
3067 4877 3387 4945 Polyphemi
3414 4877 3585 4931 disci-

1984 4977 2189 5048 pulos,
2238 4975 2355 5029 sive
2403 4989 2515 5044 quo
2575 4974 2683 5027 alio
2738 4973 3008 5043 appellem
3061 4974 3287 5027 nomine
3338 4972 3583 5027 incertus

1992 5070 2215 5131 barren;
2264 5081 2364 5121 uec
2414 5065 2703 5119 nominare
2748 5074 2947 5119 tutum.
3000 5065 3093 5119 lla:
3140 5065 3346 5136 itaque,
3386 5074 3441 5118 et
3495 5065 3582 5120 liis

1991 5161 2157 5223 etiam
2190 5158 2525 5213 funestiores
2556 5173 2789 5228 quaeque
2820 5170 3022 5225 pestes,
3048 5174 3170 5228 quae
3207 5174 3354 5212 nunc
3390 5173 3577 5211 rerum

1991 5252 2162 5309 facies
2192 5261 2297 5318 est,
2332 5251 2579 5306 omnium
2621 5251 2782 5305 nobis
2820 5251 3241 5322 jucundissimte
3283 5259 3411 5305 sunt
3445 5268 3459 5305 ;
3493 5261 3578 5305 at-

1993 5363 2100 5417 que
2138 5347 2277 5402 adeo
2313 5346 2382 5401 iis
2423 5346 2476 5399 in
2513 5346 2676 5399 rebus
2720 5345 2910 5400 felices
2945 5345 3106 5399 nobis
3138 5343 3411 5408 videmur,
3444 5359 3580 5413 qua-

1996 5456 2114 5495 rum
2140 5442 2455 5511 inexpertos
2479 5440 2643 5510 plane
2665 5453 2888 5502 esse,ea
2910 5439 3133 5493 demum
3157 5451 3283 5490 vera
3301 5446 3387 5490 est
3405 5434 3582 5491 felici-

1995 5539 2097 5585 tas.
2118 5530 2274 5601 Digni
2298 5531 2530 5600 proinde
2547 5530 2820 5595 omnium,
2838 5530 2930 5600 qui
2949 5529 3190 5598 sapiunt,
3209 5527 3336 5581 odio
3360 5542 3576 5592 sumus;

1991 5624 2140 5695 digni
2185 5639 2317 5679 saxo
2343 5624 2579 5693 Tarpeio
2606 5631 2774 5692 atque
2829 5621 3130 5685 barathris;
3154 5619 3304 5690 digni
3337 5620 3581 5674 motibus

1994 5729 2153 5773 terra:
2180 5718 2565 5786 liiatibusqne;
2600 5715 2748 5784 digni
2775 5714 2973 5783 jaculis
3003 5712 3439 5781 fulminibusque
3468 5727 3582 5769 ca:-

1991 5814 2226 5866 lc-stibus
2266 5813 2545 5866 omnibus.
2596 5808 2766 5875 quue
2819 5822 2926 5860 non
2973 5805 3099 5860 ideo
3150 5813 3386 5872 tantum,
3424 5805 3573 5876 quod

302 5916 407 5969 tam
440 5907 706 5980 capitales
754 5907 1284 5977 lraudesnoxasquc
1316 5906 1368 5961 in
1437 5921 1537 5961 nos
1604 5904 1952 5975 admisimus,
1997 5925 2184 5976 verum
2228 5908 2389 5963 edam
2441 5903 2583 5975 quod
2640 5899 2900 5957 similium
2946 5915 3211 5991 ausorum
3262 5901 3574 5970 exemplum
