4018 6418
468 368 564 428 [ill

1698 377 1791 434 Ti!
1812 376 2098 435 EODULI-
2152 372 2501 433 MONACIII
3612 374 3705 434 4i?

470 482 684 536 cmtrris
710 483 982 540 dedimus.
1022 486 1140 552 Quo
1175 486 1429 551 fit,utad
1498 491 1825 557 :mtmpoles
1886 490 2121 559 quisque
2162 502 2290 539 suas
2356 486 2745 555 respicientes,
2801 483 3126 550 semctipsos
3191 483 3548 537 conforment.
3603 483 3705 539 Dici

469 578 618 632 enim
669 578 913 647 profecto
966 582 1192 649 nequit,
1241 595 1499 650 quamam
1545 583 1753 636 I‘iicra-i
1801 592 1856 635 et
1918 582 2247 643 Potidmaue,

2320 589 2375 634 et
2454 579 2705 632 civitates
2752 587 2985 638 czcterac,
3060 576 3395 629 insanierint
3442 577 3708 631 insaniam

472 676 567 746 qui
624 689 794 743 usque
843 675 978 728 adeo
1032 675 1235 729 dociles
1295 692 1357 729 ac
1408 677 1656 741 egregios
1703 677 2042 742 imitatores,
2080 675 2327 741 adeoque
2395 686 2529 726 sane
2602 672 2838 725 audaces
2881 679 2933 724 et
2972 670 3233 724 \ecordvs
3266 682 3388 725 sese
3425 670 3704 738 praebuere.

472 783 531 826 ut
582 782 836 828 naturam
892 774 1063 843 ipsam
1120 774 1235 827 suis
1289 774 1607 827 transierint
1667 775 2041 837 facinoribus,
2084 775 2386 839 ludumque
2416 769 2581 823 modo
2611 777 2666 821 et
2689 768 2874 836 jocum
2909 766 3025 822 haec
3089 777 3276 817 nostra
3344 764 3508 819 fuisse
3538 774 3709 819 osten-

471 864 657 917 derint
693 883 707 919 :
741 866 951 919 scilicet.
999 876 1059 919 ιιι
1102 875 1348 934 tempore
1390 868 1723 933 posteriores
1764 876 1926 933 sunt,
1966 868 2037 921 ita
2080 867 2189 921 alio
2260 865 2500 935 quodam
2578 863 2744 916 modo
2790 862 3026 931 pahnam
3054 858 3155 914 sibi
3206 858 3498 911 vindicant.
3567 856 3710 923 Quod

471 961 516 1014 si
553 973 734 1014 tamen
788 968 961 1015 enata:
995 963 1183 1031 segetis
1226 963 1269 1014 is
1309 961 1578 1015 habendus
1613 972 1797 1016 auctor
1828 973 1924 1026 est,
1959 965 2049 1034 qui
2088 980 2263 1016 semen
2306 962 2551 1034 pra-buit,
2619 974 2685 1013 ex
2759 957 3045 1012 familiaris
3074 956 3154 1009 tui
3200 953 3573 1008 Demosthenis
3599 969 3714 1007 sen-

471 1054 644 1106 tentia
682 1052 891 1121 (ῗΥπὲρ
935 1053 1030 1105 τοῦ
1080 1057 1347 1121 στεφάνου
1393 1054 1521 1125 νβ’),
1570 1056 1759 1125 utique
1810 1056 1897 1111 vel
1946 1056 2051 1110 hoc

2170 1066 2274 1121 cto,
2340 1052 2681 1124 ejuscemodi
2723 1066 2823 1105 nos
2862 1050 3149 1105 victoriam
3220 1046 3491 1102 vincimus
3524 1065 3536 1101 :
3569 1047 3715 1116 cujus

472 1145 683 1207 obiecta
717 1145 859 1200 forte
888 1146 1128 1216 cuipiam
1159 1149 1210 1200 in
1237 1149 1448 1203 somnis
1474 1150 1676 1216 specie,
1736 1149 1879 1204 haud
1918 1150 2110 1214 ’ultra,
2154 1159 2217 1204 ut
2260 1147 2525 1212 arbitror,
2558 1146 2602 1200 si
2650 1144 2764 1199 ﬁeri
2814 1146 3006 1214 possit,
3042 1142 3213 1210 quieti
3258 1156 3377 1196 sese
3412 1142 3539 1194 dare
3573 1138 3715 1202 velit,

471 1236 842 1289 consimilium
884 1238 1228 1292 smnniorum
1281 1250 1451 1295 metu.
1494 1241 1611 1295 lloc
1645 1241 1814 1310 igitur
1860 1257 2045 1298 rerum
2092 1251 2406 1297 nostrarum
2447 1239 2658 1299 habitu,
2727 1253 2850 1307 qua:
2890 1235 3111 1295 residua
3150 1233 3310 1288 nobis
3382 1231 3568 1286 salutis
3604 1246 3721 1300 Spes

471 1328 585 1381 est?
626 1329 742 1381 sive
789 1330 967 1397 potius
1011 1343 1203 1386 contra
1245 1342 1369 1402 qna:
1411 1349 1520 1387 non
1560 1334 1711 1389 exitii
1757 1350 1882 1403 spes
1929 1336 2050 1390 est?
2089 1334 2307 1405 quando
2372 1334 2520 1388 enim
2588 1331 2754 1386 etiam
2792 1345 2937 1384 unus
2966 1328 3164 1398 aliquis
3198 1327 3485 1395 multiplici
3528 1326 3722 1381 scelere

474 1430 790 1486 coopertus,

872 1422 969 1476 toti
1019 1423 1332 1491 reipublicae
1373 1426 1696 1480 calamitatis
1742 1442 1906 1482 causa
1950 1427 2088 1493 fuit,
2131 1427 2406 1496 uniusque
2481 1426 2764 1496 cujusdam
2806 1420 3244 1491 intemperantiae
3283 1420 3570 1475 libidinum
3610 1435 3691 1489 pa:

474 1526 575 1564 nas
629 1512 886 1566 universa
943 1513 1239 1568 multitudo
1292 1517 1661 1572 communiter
1704 1517 1809 1571 luit
1845 1535 1858 1571 :
1899 1518 2045 1587 quod
2088 1518 2307 1573 tandem
2375 1532 2477 1572 nos
2541 1513 2955 1572 autumabimus
2981 1529 3205 1568 manere
3232 1513 3593 1582 supplicium,
3634 1510 3722 1566 ubi

473 1599 912 1659 facinorosorum
937 1607 1058 1676 plus
1081 1608 1267 1672 etiam,
1288 1624 1448 1677 quam
1473 1609 1618 1681 (cum
1640 1609 1871 1679 caletur)
1900 1625 2214 1666 muscarum
2274 1610 2393 1666 est?
2425 1624 2550 1665 nam
2614 1606 2938 1680 injuriarum
2964 1620 3029 1661 ac
3079 1606 3392 1661 facinorum
3425 1621 3544 1676 quae
3573 1605 3651 1660 vis
3676 1614 3728 1659 ct

477 1700 792 1754 immanitas
822 1702 912 1764 sit,
945 1701 996 1756 id
1031 1717 1164 1756 vero
1195 1702 1343 1755 nulla
1372 1719 1594 1773 possum
1626 1706 1879 1760 oratione
1911 1705 2226 1777 complecti.

1108 1819 1177 1875 Π.
1216 1819 1433 1875 Eidem.

546 1929 1072 1986 Prwstantissimum
1112 1935 1293 1986 virum
1331 1936 1805 2005 Amphilochium,
1843 1946 1958 1992 tum
1995 1949 2058 1993 ut

475 2038 644 2076 unum
681 2023 982 2076 amicorum
1031 2040 1159 2095 erga
1202 2042 1288 2080 me
1335 2030 1629 2096 optimum,
1670 2032 1868 2086 merito
1909 2045 2055 2098 amo,

477 2122 592 2165 tum
623 2113 803 2180 magni
843 2113 1008 2174 facio,
1044 2124 1098 2167 ut
1125 2117 1301 2169 virum
1333 2132 1464 2172 sane
1487 2120 1759 2187 probum;
1795 2130 1879 2175 est
1907 2121 2057 2174 enim

480 2206 648 2259 homo
684 2223 794 2258 non
828 2219 995 2261 acuto
1028 2207 1205 2275 solum
1237 2220 1404 2278 atque
1438 2213 1617 2279 sagaci
1666 2213 1935 2281 prmdilus
1969 2216 2055 2267 in-

478 2298 663 2368 genio,
702 2310 758 2352 et
796 2301 998 2352 eximia
1034 2302 1348 2369 prudentia,
1379 2303 1690 2373 artiumque
1723 2309 2057 2374 optimarum

479 2392 739 2447 assiduus
766 2392 967 2454 cultor,
1003 2392 1097 2447 sed
1128 2393 1270 2447 idem
1301 2394 1464 2447 etiam
1498 2395 1552 2447 in
1580 2397 1773 2465 primis
1802 2399 2052 2467 profecto

480 2484 798 2538 moderatus
826 2499 889 2537 ac
935 2487 1130 2550 bonus,
1158 2485 1420 2555 omnique
1455 2486 1657 2542 virtute
1692 2490 2060 2545 cumulatissi-

480 2590 625 2639 mus,
664 2584 827 2644 atque
871 2591 1087 2628 morum
1137 2576 1428 2641 suavitate,
1484 2579 1641 2647 quasi
1694 2581 2059 2637 medicamine

479 2669 739 2737 quodam,
770 2665 1070 2721 familiares
1112 2681 1243 2722 suos
1262 2669 1469 2724 viscare
1491 2671 1707 2726 solitus.
1730 2671 1889 2737 Quod
1913 2673 2058 2727 idem

480 2769 623 2809 vero
657 2759 952 2827 plerosque
987 2758 1067 2813 tui
1099 2760 1508 2815 amantissimos
1539 2777 1728 2816 amore
1770 2763 1960 2829 vincit,
2004 2774 2062 2819 et

478 2851 545 2900 ad
585 2856 802 2903 tuarum
843 2849 1070 2904 laudum
1112 2851 1392 2920 praeconia
1428 2852 1766 2922 plaususque
1802 2870 1943 2923 pene
1978 2857 2061 2909 in-

479 2939 643 2995 sauit.
669 2951 845 3005 eoque
868 2939 1177 3006 posteriora
1193 2939 1378 2994 omnia
1402 2940 1575 3003 ducit,
1605 2951 1666 2996 ut
1688 2944 1894 3012 optima
1920 2960 2063 3000 sem-

477 3042 579 3092 per
603 3027 671 3082 de
694 3038 768 3094 te,
796 3033 908 3083 tum
940 3030 1149 3093 audiat,
1171 3039 1285 3085 tum
1316 3032 1573 3101 pradicet
1593 3074 1607 3099 ,
1642 3035 1747 3090 hoc
1773 3037 1951 3107 ipsum
1986 3038 2063 3092 fa-

478 3120 577 3182 cit,
609 3120 746 3173 utin
768 3135 959 3174 eorum
985 3121 1262 3177 hominem
1287 3139 1519 3179 numero
1546 3125 1799 3193 habeam,
1821 3143 2057 3197 quorum
2096 3156 2157 3197 ηο

478 3213 764 3281 praeclaris
796 3224 1028 3269 ornatus
1061 3215 1272 3270 fueram
1304 3218 1608 3275 beneficiis.
1635 3218 1852 3291 Quippe
1890 3222 1934 3276 si
1973 3223 2061 3292 ju-

480 3306 886 3360 cundissimum
910 3308 1048 3362 mihi
1073 3318 1355 3363 certamen
1387 3321 1490 3372 est,
1529 3321 1620 3365 tua
1645 3313 1828 3366 omnia
1860 3328 2063 3383 usque-

480 3414 700 3468 quaque
733 3400 925 3469 plausu
954 3403 1237 3471 prosequi,
1260 3404 1553 3473 verbisque
1579 3406 1855 3472 attollere,
1880 3423 2061 3477 neque

482 3493 612 3548 ullis
663 3492 890 3546 laudum
932 3494 1185 3550 terminis
1229 3497 1459 3551 delinire
1504 3512 1689 3567 posse,
1730 3500 1827 3554 sed
1878 3511 1934 3555 et
1969 3512 2062 3557 tua

482 3605 671 3656 causa,
713 3591 865 3646 omni
904 3602 1170 3662 tempore,
1209 3595 1394 3649 omnia
1422 3610 1545 3650 cum
1579 3595 1782 3663 facere,
1823 3608 1937 3652 tum
1979 3598 2064 3653 di-

482 3700 609 3738 cere
641 3703 654 3738 :
681 3695 739 3739 et
769 3699 837 3739 eo
870 3695 1074 3751 tamen,
1110 3688 1257 3756 quod
1287 3686 1394 3743 tuis
1428 3690 1690 3745 exsatiari
1719 3706 1935 3760 nequeo
1962 3708 2061 3745 en-

481 3776 699 3842 comiis,
724 3776 938 3831 nullum
963 3778 1079 3833 fere
1106 3794 1290 3849 operte
1314 3782 1555 3850 pretium
1584 3797 1705 3836 meo
1732 3783 2066 3852 ipsiusjudi-

483 3870 571 3924 cio
605 3869 807 3935 facere,
842 3870 888 3924 si
939 3871 1028 3925 ille
1060 3872 1190 3926 item
1226 3874 1282 3927 in
1328 3873 1417 3928 his
1464 3874 1836 3943 quinquertiis
1879 3878 2066 3930 socius

484 3963 813 4034 adiutorque
843 3965 976 4021 mihi
1012 3973 1115 4029 est,
1141 3973 1199 4019 et
1220 3965 1290 4018 ad
1313 3966 1465 4019 hanc
1490 3976 1635 4018 tuam
1671 3965 1876 4031 Pisam,
1901 3967 2066 4021 Ambo

487 4073 581 4114 nos
624 4058 788 4125 parili
835 4075 1021 4129 gressu
1059 4060 1421 4113 contendimus
1471 4058 1570 4128 (Ιλ.
1614 4060 1687 4112 Κ.
1726 4060 1856 4130 224)
1896 4077 1911 4114 :
1954 4076 2066 4129 quo

487 4149 709 4203 tandem
742 4160 901 4219 pacto
928 4165 1037 4205 non
1061 4150 1184 4221 jure
1216 4149 1525 4218 meritoque
1551 4149 1780 4221 gratiam
1809 4150 1938 4205 huic
1965 4152 2065 4206 ho-

486 4243 623 4298 mini
655 4242 855 4310 debeo,
893 4258 1048 4299 meos
1080 4244 1346 4298 nimirum
1394 4242 1531 4297 mihi
1579 4259 1800 4299 amores
1833 4260 1899 4300 ac
1931 4244 2068 4299 deli-

482 4336 621 4399 cias,
655 4336 817 4391 dictis
850 4336 1147 4405 factisque,
1175 4335 1322 4388 ultro
1349 4337 1810 4405 repraesentanti?
1837 4336 1978 4403 Quin
2015 4346 2068 4392 te

481 4429 651 4483 etiam
700 4429 843 4483 bene
906 4429 1141 4483 invicem
1176 4428 1244 4481 de
1285 4427 1408 4495 ipso
1440 4430 1639 4483 mereri
1708 4444 1925 4499 (equum
1958 4439 2064 4497 est,

2747 1818 2820 1874 ιγ.
2857 1817 2941 1883 Τῷ
2968 1817 3152 1884 αὐτῷ.

2243 1936 2597 2006 Ἀμφιλὸχιον
2628 1935 2719 1988 τὸν
2748 1933 2914 1987 καλὸν
2948 1908 3091 2002 φιλῶ
3118 1930 3217 2000 μὲν
3249 1930 3327 1992 ὡς
3354 1928 3576 2000 ἄριστον
3598 1928 3735 1983 ἑταί-

2163 2048 2270 2100 ρων
2298 2030 2419 2097 ἐμοί
2446 2045 2460 2059 ο
2495 2028 2764 2096 θαυμάζω
2786 2027 2842 2080 δὲ
2876 2027 2949 2087 ὡς
2984 2026 3156 2095 ἄνδρα
3209 2024 3473 2093 χρηστόν.
3510 2025 3583 2076 Ού
3630 2024 3733 2090 γὰρ

2159 2125 2285 2177 ὅσον
2308 2123 2434 2188 ὀξὺς
2463 2122 2558 2174 καὶ
2587 2121 2844 2189 ἀγχίνους
2874 2120 2967 2172 καὶ
2997 2119 3206 2188 φρένας
3236 2117 3468 2185 ἀγαθὸς,
3501 2117 3594 2170 καὶ
3623 2133 3737 2168 παι-

2159 2216 2307 2277 δείας
2347 2216 2594 2281 ἑταῖρος,
2632 2212 2748 2265 ἀλλ’
2793 2211 2894 2281 ἤδη
2935 2211 3029 2263 καὶ
3082 2211 3303 2280 μέτριος
3362 2211 3462 2262 καὶ
3500 2207 3738 2275 ἐπιεικὴς

2161 2306 2236 2369 ὡς
2271 2308 2370 2359 οὐκ
2404 2301 2501 2358 οἷδ’
2531 2305 2584 2356 εἴ
2611 2321 2716 2370 τις,
2754 2305 2846 2355 xa‘t
2876 2304 3063 2370 γέμων
3091 2303 3316 2371 ἀρετῆς.
3339 2302 3588 2360 καὶτοὺς
3623 2316 3741 2350 συν-

2159 2398 2320 2457 όντας
2352 2396 2725 2466 φαρμακεύων
2769 2398 2878 2456 τοῖς
2932 2396 3186 2462 τρόποις*
3233 2394 3317 2446 ὅτι
3371 2394 3430 2446 δὲ
3460 2394 3554 2445 καὶ
3596 2390 3739 2459 παρὰ

2162 2491 2391 2551 πολλούς
2425 2492 2539 2542 ἐστι
2567 2489 2677 2541 τῶν
2708 2488 2817 2541 σῶν
2854 2487 3104 2560 ἐραστῶν
3141 2488 3233 2539 καὶ
3264 2488 3412 2556 πρὸς
3449 2488 3575 2546 τοὺς
3605 2482 3741 2536 κατὰ

2164 2585 2258 2637 σοῦ
2284 2583 2548 2651 θορύὸους
2571 2581 2665 2633 καὶ
2687 2580 2915 2649 κρότους
2935 2580 3205 2648 μαίνεται,
3235 2579 3333 2631 καλ⁸
3362 2578 3524 2632 πάντ’
3540 2576 3753 2631 ἐλάττω.

2161 2675 2375 2746 νομίζει
2409 2673 2503 2727 τοῦ
2536 2671 2668 2741 περὶ
2709 2672 2803 2725 σοῦ
2858 2673 2927 2725 τὰ
2966 2670 3201 2741 βέλτιστ’
3240 2674 3356 2724 αἰεὶ
3401 2670 3497 2724 καὶ
3529 2667 3741 2722 ἀκούειν

2163 2768 2258 2821 καὶ
2288 2766 2470 2833 λέγειν
2500 2781 2514 2794 ο
2547 2764 2707 2816 τοῦτο
2736 2764 2791 2816 δὲ
2825 2763 2919 2817 καὶ
2939 2763 3019 2826 είς
3058 2762 3225 2832 ἐμοὺς
3256 2761 3562 2829 εὐεργέτας
3588 2757 3742 2811 αὑτὸν

2163 2860 2400 2929 τίθησιν.
2432 2858 2493 2910 Εἰ
2517 2858 2625 2928 γὰρ
2661 2858 2786 2924 ἐμοὶ
2812 2856 2913 2925 μὲν
2948 2857 3165 2925 ἥδιστος
3191 2850 3349 2914 οὗτος
3394 2850 3555 2914 ἆθλος
3591 2849 3652 2903 τὸ
3678 2848 3740 2901 τὰ

2165 2952 2235 3004 σὰ
2265 2950 2520 3014 καθάπαξ
2555 2950 2650 3001 καὶ
2675 2950 2887 3020 κροτεῖν
2906 2948 3001 3001 καὶ
3034 2943 3366 3015 θαυμάζειν,
3394 2934 3488 2998 καὶ
3547 2941 3623 3011 μὴ
3641 2943 3742 3001 τοῖς

2165 3046 2409 3106 ἐπαίνοις
2430 3042 2632 3111 ὁρίζειν
2655 3041 2914 3094 δύνασθαι
2939 3082 2954 3104 ,
2982 3040 3120 3092 ἀλλὰ
3142 3040 3326 3092 πάντα
3362 3038 3465 3107 μὲν
3482 3037 3622 3107 ὑπὲρ
3654 3031 3744 3085 σοῦ

2165 3137 2396 3188 πάντοτε
2426 3136 2520 3188 καὶ
2554 3135 2731 3185 ποιεῖν
2761 3133 2855 3185 καὶ
2877 3131 3058 3199 λέγειν
3078 3171 3093 3195 ,
3123 3128 3203 3199 τῷ
3221 3127 3278 3180 δὲ
3306 3128 3422 3180 τῶν
3440 3127 3550 3180 σῶν
3577 3126 3746 3192 ἐγκω-

2169 3231 2311 3300 μίων
2339 3226 2633 3297 ἀπλήστως
2677 3227 2848 3295 ἔχειν,
2884 3223 3052 3294 μηδὲν
3082 3222 3245 3275 πλέον
3271 3223 3457 3274 ποιεῖν
3502 3217 3709 3272 οἴεσθαι
3730 3228 3743 3242 ”

2165 3326 2192 3376 ὁ
2218 3322 2273 3375 δὲ
2303 3324 2554 3374 κοινωνεῖ
2584 3337 2675 3388 μοι
2708 3319 2937 3371 τουτωνὶ
2962 3316 3073 3369 τῶν
3109 3315 3456 3379 πεντάθλων,
3489 3312 3588 3364 καὶ
3617 3309 3747 3378 πρὸς

2166 3414 2266 3484 τὴν
2299 3413 2397 3483 σὴν
2428 3411 2600 3463 Πίσαν
2626 3410 2724 3461 σύν
2753 3425 2813 3460 τε
2842 3407 2925 3459 δύ’
2949 3405 3253 3476 ἐρχομένω,
3287 3405 3413 3466 πῶς
3442 3404 3504 3456 οὐ
3527 3401 3747 3472 χάριτας

2164 3506 2403 3575 ὀφείλειν
2432 3503 2508 3573 τῷ
2549 3502 2781 3570 τοιούτῳ
2812 3499 3042 3564 δίκαιος,
3076 3497 3171 3549 καὶ
3212 3491 3294 3560 οἷς
3344 3496 3520 3563 λέγει,
3553 3495 3645 3546 καὶ⁸
3676 3485 3752 3549 οἷς

2140 3600 2424 3668 ’πράττει,
2454 3594 2805 3666 χαριζομένῳ
2829 3593 2897 3646 τὰ
2924 3591 3152 3644 παιδικά
3178 3608 3192 3657 ;
3236 3591 3475 3653 Δίκαιος
3492 3588 3536 3641 δ’
3569 3587 3633 3641 ἂν
3666 3583 3754 3636 καὶ

2169 3691 2332 3752 αὐτὸς
2384 3691 2499 3755 εἴης
2548 3687 2738 3741 τοῦτον
2790 3684 3154 3748 ἀντευποιεῖν,
3206 3681 3261 3733 εἴ
3310 3698 3411 3734 σου
3462 3680 3752 3749 δεήσεταιο

2168 3786 2422 3852 δεήσεται
2462 3782 2517 3833 δὲ
2575 3781 2817 3841 πάντως,
2877 3777 3114 3847 μάλιστα
3178 3775 3281 3843 μὲν
3334 3774 3496 3835 είδὼς
3541 3789 3601 3824 σε
3651 3771 3756 3829 τοῖς

2168 3876 2435 3939 τοιούτοις
2468 3875 2750 3944 χαίροντα,
2796 3871 2990 3924 ἔπειτα
3017 3871 3074 3923 δὲ
3104 3868 3200 3922 καὶ
3229 3869 3349 3920 τῶν
3394 3865 3758 3921 ἀτοπωτάτων

2171 3966 2434 4035 νομίζων,
2469 3967 2518 4016 εί
2566 3964 2695 4026 τοὺς
2726 3963 2831 4015 ὑπὸ
2874 3960 2968 4013 σοῦ
3022 3961 3488 4027 κεκοσμημένους
3530 3951 3757 4018 διεξιὼν.

2172 4060 2334 4121 αὐτὸς
2367 4058 2472 4122 ἔξω
2527 4057 2623 4110 τοῦ
2671 4054 2976 4121 καταλόγου
3022 4053 3133 4105 τῶν
3176 4052 3451 4105 τοιούτων
3495 4049 3758 4119 φαίνοιτο.

2171 4152 2357 4221 Χωρὶς
2388 4151 2445 4204 δὲ
2499 4148 2708 4202 τούτων
2738 4148 2833 4201 καὶ
2863 4145 3050 4216 κοινὴν
3089 4141 3246 4212 οἶμαι
3297 4146 3407 4215 τὴν
3438 4145 3605 4216 χάριν
3646 4140 3762 4193 ἑσε-
3828 4166 3842 4181 κ

2174 4245 2336 4298 σθαι·
2373 4238 2456 4306 οἷς
2498 4242 2607 4312 γὰρ
2641 4242 2723 4304 είς
2777 4241 2938 4294 αὑτὸν
2971 4240 3203 4311 ἐργάσῃ,
3257 4238 3428 4291 αὐτόν
3460 4254 3521 4289 τε
3561 4237 3761 4302 εὐφρα-

2170 4341 2305 4401 νεῖς,
2336 4337 2431 4389 καὶ
2482 4335 2697 4404 σεαυτῷ
2729 4334 2949 4404 μείζους
2980 4335 3108 4396 τοὺς
3153 4334 3400 4395 παιᾶνας
3448 4332 3666 4400 ἐργάσῃ
3692 4344 3706 4354 ·
3739 4323 3765 4373 ὁ

2171 4433 2280 4499 γὰρ
2302 4430 2396 4482 καὶ
2422 4428 2554 4498 πρὶν
2580 4422 2638 4481 εὖ
2665 4426 2863 4478 παθεῖν
2887 4425 3159 4478 τοιουτοσὶ
3188 4426 3322 4493 περὶ
3358 4423 3448 4484 σὲ,
3478 4422 3563 4484 τίς
3592 4421 3659 4473 ἂν
3686 4415 3766 4482 εἴη

485 4519 533 4575 si
565 4535 672 4589 qua
706 4520 761 4574 in
802 4535 860 4574 re
889 4520 967 4575 illi
1016 4534 1182 4588 Opera
1225 4527 1318 4573 tua
1347 4534 1484 4590 opus
1516 4519 1703 4584 fuerit,
1753 4531 1813 4576 ut
1842 4523 2063 4576 omnino

2174 4519 2363 4575 παθὼν
2389 4515 2447 4574 εὖ
2472 4535 2488 4587 ;
2520 4520 2615 4572 καὶ
2639 4522 2667 4572 ὁ
2704 4518 2829 4588 μηδ’
2856 4517 3175 4588 ἡστινοσοῦν
3222 4516 3485 4586 ἀνάγκης
3516 4512 3758 4576 ὑπούσης

483 4614 591 4669 erit
627 4632 640 4668 :
675 4613 949 4683 praecipue
989 4612 1238 4682 quidem,
1265 4612 1410 4681 quod
1448 4613 1781 4683 singularem
1811 4614 2067 4685 volupta-

482 4716 592 4760 tem
646 4706 764 4760 haec
817 4705 917 4760 tibi
958 4705 1159 4759 aﬁ‘erre
1207 4706 1465 4777 intelligit
1503 4705 1720 4770 ofﬁcia,
1781 4714 1895 4760 tum
1934 4721 2068 4761 vero

2176 4612 2437 4696 χρηστὸς,
2489 4611 2655 4664 παντί
2708 4627 2814 4663 που
2863 4610 3022 4680 δῆλον
3069 4608 3144 4671 ὡς
3192 4608 3603 4677 ύπερὸαλεῖται
3650 4600 3771 4658 τοὺς

2177 4708 2336 4776 ὅρους
2360 4705 2609 4774 ἀνάγκης
2634 4702 2971 4771 προσούσης.

481 4799 650 4854 etiam
679 4801 824 4867 quod
862 4799 999 4856 nihil
1033 4799 1110 4853 illi
1147 4798 1441 4854 absurdius
1467 4813 1590 4854 esse
1622 4798 1861 4861 videtur,
1887 4813 2050 4867 quam
2087 4812 2146 4853 se
2212 4801 2414 4865 ipsum,
2446 4796 2543 4866 qui
2574 4798 2675 4851 abs
2708 4806 2763 4848 te
2799 4808 3029 4848 ornatos
3075 4791 3501 4861 productosque
3567 4782 3773 4854 sigilla-

486 4894 589 4946 tim
636 4907 927 4946 recensere
969 4890 1169 4952 suevit,
1202 4902 1360 4945 extra
1391 4892 1718 4946 eorumdem
1757 4891 2063 4961 catal0gum
2108 4890 2307 4946 videri.
2375 4890 2555 4959 Super
2593 4889 2710 4943 haec
2752 4899 2960 4950 autem,
3036 4894 3284 4938 mutuam
3332 4886 3482 4936 hanc
3515 4880 3634 4934 fore
3657 4890 3777 4929 crc-

484 4989 721 5042 diderim
745 4986 1145 5055 gratiam;hoc
1168 4985 1339 5047 enim,
1367 4986 1512 5053 quod
1589 4985 1644 5038 in
1715 4985 1995 5039 hominem
2056 4983 2307 5039 eonferes
2350 4982 2662 5047 beneﬁcio,
2715 4990 2772 5035 et
2836 4980 2911 5032 illi
2986 4992 3100 5031 rem
3168 4977 3334 5045 plane
3399 4976 3773 5046 gratissimam

484 5065 756 5142 facturus,
803 5089 859 5134 et
890 5079 1152 5149 ampliora
1186 5078 1285 5132 tibi
1353 5077 1580 5132 laudum
1657 5078 1833 5146 elogia
1900 5085 2319 5146 comparaturus
2368 5091 2448 5130 es.
2515 5074 2655 5128 Nam
2697 5073 2792 5141 qui
2844 5071 2967 5125 talis
3006 5071 3063 5123 in
3112 5078 3164 5123 te
3212 5078 3337 5128 est,
3384 5068 3542 5120 nullo
3592 5064 3770 5117 adhuc

488 5177 757 5232 beneﬁcio
792 5184 885 5229 tuo
922 5184 1269 5244 proweatus,
1305 5173 1400 5244 qui
1443 5181 1591 5228 esset
1627 5187 1759 5227 sane
1828 5172 2100 5243 ejusmodi
2142 5179 2562 5226 auctoramento
2633 5165 2942 5221 incitatus?
2991 5172 3047 5217 et
3087 5164 3178 5231 qui
3216 5177 3345 5214 cum
3389 5161 3547 5213 nulla
3589 5157 3777 5211 subest

489 5267 813 5331 necessitas,
854 5266 991 5321 adeo
1021 5266 1326 5322 officiosum
1362 5282 1421 5322 se
1461 5271 1708 5336 praebet;
1741 5266 1875 5334 quin
1914 5265 2059 5319 idem
2101 5263 2195 5319 ubi
2261 5264 2377 5318 haec
2407 5264 2720 5323 accesserit,
2756 5259 2916 5314 facile
2940 5270 3135 5310 omnes
3196 5253 3523 5309 officiorum
3559 5259 3780 5319 praete!“

492 5362 678 5417 iturus
700 5361 775 5412 sit
807 5370 1000 5425 metas,
1039 5358 1162 5429 quis
1195 5367 1278 5413 est
1304 5357 1399 5428 qui
1431 5358 1688 5412 dubitare
1716 5357 1935 5426 possit?

708 5504 798 5559 Ill.
841 5502 1105 5570 Tricame,
1136 5507 1319 5559 wrarii
1354 5504 1573 5559 minoris
1597 5506 1869 5572 qua’stori.

2522 5492 2599 5546 1".
2646 5489 2731 5556 Τῷ
2770 5486 3107 5542 σακελλίου
3153 5483 3438 5553 Τρικανᾷ.

2270 5610 2470 5680 Ἐχρῆν
2504 5609 2604 5680 μὲν
2653 5606 2827 5676 ἡμᾶς,
2854 5596 2900 5657 ὦ
2945 5600 3063 5655 θεία
3095 5600 3191 5655 xii.
3237 5599 3365 5666 ἱερὰ
3416 5594 3658 5665 κεφαλὴ,
3689 5588 3780 5642 sui.

2188 5703 2285 5771 τῆς
2315 5700 2454 5770 ἐμῆς
2505 5699 2685 5768 ψυχῆς
2729 5693 2977 5762 ἄγαλμα,
3019 5691 3129 5744 αἰεὶ
3163 5684 3280 5759 μετ’
3309 5687 3572 5755 ἀλλήλων
3619 5680 3777 5737 εῖναι,

2190 5795 2284 5848 mi.
2339 5792 2468 5861 μηδὲ
2521 5788 2639 5842 ποτ’
2674 5784 3000 5853 ἁρίστασθαε
3037 5775 3483 5848 μηξοπωπτιοῦν.
3516 5772 3644 5833 τοὺς
3691 5773 3782 5820 ttat

569 5620 733 5688 Atqui
780 5636 996 5689 aequum
1039 5635 1170 5675 sane
1203 5626 1341 5678 erat,
1383 5633 1417 5672 ο
1459 5618 1709 5671 divinum
1740 5627 1791 5670 et
1822 5623 2076 5670 sanctum

500 5720 691 5778 caput,
725 5712 1030 5782 animaeque
1061 5727 1195 5766 mea:
1220 5709 1485 5764 eximium
1519 5708 1708 5771 decus,
1734 5716 1795 5760 ut
1825 5722 1933 5758 una
1963 5721 2084 5774 per-

503 5808 672 5870 petuo
699 5817 967 5871 cssunus,
1000 5820 1098 5857 nec
1130 5802 1241 5857 ullo
1266 5813 1511 5870 tempore
1537 5799 1616 5853 vel
1646 5798 1914 5855 tantillum
1945 5797 2081 5850 alter
