4018 6418
261 404 363 469 413

1686 411 2097 472 ΕΡῙςΤΟΙμΈ-

3332 390 3343 403 ’
3435 398 3539 461 ili.

266 523 441 586 ἄλλως
459 538 521 591 γε
550 521 670 593 μετ’
687 520 933 592 ἀλλήλων
949 522 1131 586 ὄντας·
1155 523 1279 578 ἐπεὶ
1296 524 1342 578 δ’
1367 526 1396 581 ὁ
1417 525 1573 580 πάντ’
1591 525 1701 594 ἐγὼ
1724 526 1786 578 δυ
1795 542 1851 578 σ-

1958 527 2023 581 ab
2056 528 2229 581 altero
2274 524 2690 588 divelleremur,
2742 521 2837 591 qui
2885 518 3088 588 alioqui
3139 517 3246 571 alio
3300 514 3538 582 quodam

266 615 435 687 τυχὴς
488 613 585 668 καὶ
639 612 799 668 τοῦτο
832 614 1148 685 ἀφῄρημαι,
1199 616 1291 671 καὶ
1336 619 1464 682 τοὺς
1512 617 1684 687 εμοὺς
1733 616 1853 686 ἱμέ-

269 727 395 784 ρους
433 707 677 779 ἴσχουσιν
708 708 758 760 οἰ
787 706 1098 775 Βυζάντιοι,
1126 709 1260 779 φέρε
1291 708 1425 778 γοῦν
1469 708 1505 764 ἃ
1539 708 1633 762 τοῦ
1665 708 1855 779 φθινο-

267 803 456 876 πώρου
488 802 691 872 συνέϐη
728 801 957 872 δηλώσω
1002 819 1109 858 σοι.
1152 804 1636 876 Ἐπτακαιδεκάτῃ
1684 802 1853 874 μηνὸς

267 895 601 970 Γορπιαίου,
654 884 800 965 ’μετὰ
854 897 952 960 τὰς
1014 896 1168 967 ἱερὰς
1225 897 1479 961 συνόδους
1532 896 1706 950 οἴκαδ’
1764 895 1853 948 ἐλ-

270 989 434 1055 θόντι,
468 988 546 1044 ἔτ’
589 988 756 1061 οὖσης
801 989 1027 1061 βαθείας
1088 989 1252 1060 ἑῴας,
1304 989 1467 1053 εὐθὺς
1509 988 1743 1061 ὴπίαλός
1769 1004 1855 1050 τις

273 1083 629 1154 προσϐάλλει,
667 1083 894 1154 μεγέθει
922 1100 981 1136 τε
1027 1082 1310 1154 μέγιστος,
1340 1083 1436 1137 καὶ
1484 1084 1678 1152 κράτει
1718 1082 1856 1151 κρά-

274 1192 450 1238 τιστος
477 1191 492 1206 ⁶
517 1176 579 1228 ού
609 1176 718 1245 γὰρ
743 1176 982 1248 συνήθης
1008 1175 1190 1229 ἐδόκει
1209 1176 1323 1239 τοῖς
1354 1177 1583 1245 ἰατροῖς,
1614 1175 1692 1245 τῷ
1718 1175 1857 1244 μετὰ

273 1266 544 1337 τοσαύτης
566 1268 879 1336 ἀπαντῆσαι
900 1268 1282 1338 παρασκευῆς,
1306 1267 1382 1332 ώς
1408 1269 1586 1322 πάντα
1611 1267 1858 1336 διαφθεῖ-

277 1376 369 1432 ραι
408 1359 629 1432 ῥᾳδίως,
669 1360 756 1413 διὰ
785 1360 967 1430 πάσης
1004 1360 1222 1433 ἡμέρας
1248 1378 1308 1415 τε
1355 1363 1448 1414 καὶ
1478 1362 1676 1425 νυκτὸς
1709 1362 1858 1415 ἆπαν

273 1456 333 1509 τὸ
362 1454 523 1527 σῶμα
554 1457 839 1528 συνεχέσιν
887 1456 1220 1521 ἑλεπολίζων
1249 1461 1363 1521 τοῖς
1409 1456 1856 1530 ἀκροϐολισμοῖς,

274 1551 367 1604 καὶ
415 1550 611 1622 μέχρις
642 1550 821 1604 ὀστῶν
851 1568 910 1604 τε
959 1551 1054 1604 καὶ
1088 1550 1326 1621 μυελῶν,
1364 1551 1525 1605 τοῦτο
1572 1550 1638 1624 δὴ
1668 1551 1730 1604 τὸ
1762 1550 1857 1605 τοῦ

274 1643 457 1712 λόγου,
485 1644 587 1711 τὴν
618 1642 973 1713 καταδρομὴν
1025 1644 1363 1711 ἐπεισάγων.
1407 1644 1472 1698 Τί
1510 1645 1572 1697 τὸ
1609 1644 1705 1697 ἐπὶ
1732 1643 1858 1697 τού-

275 1751 390 1798 τοις
415 1750 430 1800 ;
475 1735 687 1789 Ἀσιτία
717 1735 990 1805 παντελὴς
1014 1737 1096 1800 εἰς
1129 1736 1393 1806 ἑσπέραν,
1430 1740 1524 1792 καὶ
1553 1737 1859 1809 τηνικαῦτα

1959 620 2125 673 modo
2154 636 2258 673 una
2292 634 2505 673 sumus.
2549 615 2782 683 Quando
2818 614 2952 668 mihi
2993 627 3150 674 vero,
3194 607 3401 665 hOmini
3437 623 3541 659 uu-

1956 712 2124 782 diquc
2162 711 2565 775 infelicissimo,
2602 709 2708 763 hoc
2738 721 2890 762 nunc
2923 705 3090 759 etiam
3123 710 3384 771 ereptum
3427 709 3539 764 est,

1956 820 2220 874 meosque
2244 804 2491 876 Byzantii
2523 815 2741 856 amores
2766 807 2978 862 tenent,
3008 797 3242 865 agedum
3269 793 3400 863 quid
3434 792 3541 846 hoc

1954 897 2172 954 interea
2214 909 2482 952 autumno
2519 895 2654 950 mihi
2679 892 2966 958 acciderit,
2992 890 3090 945 tibi
3120 889 3377 944 narrabo.
3400 887 3541 940 Ante

1954 991 2100 1047 diem
2143 991 2396 1061 quintum
2430 990 2707 1044 decimum
2741 985 3012 1041 Kalendas
3066 981 3338 1037 Octobres
3383 978 3542 1043 (Gor-

1956 1085 2080 1155 ρῐωί
2113 1082 2304 1151 XVII),
2343 1096 2467 1137 cum
2499 1080 2728 1135 domu‘m
2769 1094 2800 1134 e
2834 1076 3007 1133 sacris
3037 1076 3260 1146 synodis
3298 1071 3544 1125 revenis—

1953 1190 2093 1242 sem,
2115 1174 2288 1229 multo
2312 1174 2489 1229 adhuc
2511 1188 2692 1239 mane,
2717 1172 2917 1226 horror
2950 1168 3201 1239 protinus
3225 1164 3434 1220 febrilis
3451 1178 3545 1216 oc-

1957 1274 2143 1336 cupat,
2182 1266 2273 1320 ille
2297 1275 2411 1320 tum
2437 1262 2819 1333 magnitudine
2844 1261 3133 1318 maximus,
3163 1267 3275 1312 tum
3298 1256 3352 1310 vi
3379 1256 3545 1308 vehe-

1957 1354 2339 1411 mentissimus
2366 1372 2381 1417 ;
2407 1369 2518 1407 non
2537 1353 2684 1407 enim
2709 1350 2998 1406 [auxiliaris
3018 1348 3291 1418 quispiam
3316 1344 3546 1400 medicis

1957 1462 2080 1502 esse
2105 1447 2418 1511 videbatur,
2450 1446 2542 1517 qui
2577 1454 2725 1500 tanta
2756 1443 3114 1515 apparatione
3142 1440 3451 1511 ingruebat,
3487 1447 3548 1491 ut

1963 1540 2153 1595 omnia
2202 1556 2328 1594 mox
2379 1538 2769 1610 pessumdaret
2801 1555 2815 1592 :
2844 1538 3061 1593 scilicet
3102 1535 3235 1589 dum
3264 1533 3410 1589 diem
3445 1549 3547 1586 no~

1958 1640 2215 1703 ctcmque
2243 1641 2439 1698 totam,
2465 1645 2670 1702 corpus
2697 1644 2862 1685 omne
2894 1628 3178 1699 perpetuis
3214 1625 3549 1682 velitationi-

1958 1724 2083 1790 bus,
2117 1725 2275 1795 quasi
2313 1725 2512 1779 murali
2549 1717 2826 1778 tormento
2859 1721 3060 1793 quatit,
3089 1729 3147 1775 et
3188 1719 3245 1773 in
3278 1732 3403 1772 ossa
3431 1718 3545 1785 ipsa

274 1827 388 1882 τοῖς
416 1827 623 1897 ἰατροῖς
649 1828 823 1881 ἐδόκει
853 1828 1181 1899 χαρίζεσθαι
1207 1825 1286 1894 οἷς
1314 1830 1491 1898 ἔξεστι
1517 1848 1530 1862 ⁶
1563 1833 1659 1885 καὶ
1686 1835 1855 1903 ἐχρη-

1961 1833 2026 1872 ac
2053 1817 2346 1883 medullas,
2381 1818 2527 1888 quod
2570 1815 2867 1887 proverbio
2905 1813 3134 1877 dicitur,
3168 1824 3366 1866 saevam
3400 1809 3544 1862 illam

278 1913 493 1983 σάμεθά
523 1932 608 1982 γε.
642 1915 753 1986 Τῆς
783 1917 842 1971 δὲ
876 1918 1143 1990 ἐπιούσης
1170 1921 1334 1975 πάλιν
1365 1923 1393 1975 ὁ
1425 1922 1589 1986 αὐτὸς
1624 1921 1856 1993 χειμὼν,

277 2005 371 2059 καὶ
394 2006 451 2059 αἰ
474 2007 637 2061 αὐταὶ
664 2010 1002 2077 καταιγίδες,
1031 2012 1125 2065 καὶ
1151 2015 1263 2076 τοῖς
1288 2014 1474 2079 αὐτοῖς
1492 2014 1853 2085 ὲκλυζόμεθα.

280 2096 720 2166 Προσεπεγένετο
771 2097 829 2150 δὲ
872 2100 966 2152 καὶ
1025 2099 1251 2169 κύματα
1298 2103 1438 2156 ἅττα
1486 2102 1719 2174 ἐμέτων,
1762 2103 1856 2157 καὶ

277 2186 438 2258 χολῆς
462 2189 716 2260 σύρροια,
744 2190 883 2259 μετὰ
905 2192 1135 2261 τοσῆσδε
1161 2192 1486 2265 δυσχερείας
1512 2196 1606 2248 καὶ
1635 2197 1857 2251 τοσοῦδε

277 2280 373 2335 τοῦ
404 2282 568 2337 σάλου
605 2284 998 2354 ἀμφοτέρωθεν
1040 2285 1334 2352 προϊοῦσα,
1377 2287 1453 2352 ὡς
1488 2288 1561 2359 μὴ
1594 2290 1855 2345 δύνασθαι

277 2375 410 2446 περὶ
460 2375 664 2430 τούτων
708 2376 911 2445 λέγειν,
972 2378 1056 2432 σοὶ
1089 2379 1133 2432 δ’
1184 2379 1427 2444 εἰκάζειν
1476 2382 1699 2445 ἐξεῖναι.
1746 2384 1860 2435 Καὶ

277 2468 434 2521 τοῦτο
494 2469 892 2542 προύχώρησεν
945 2474 1004 2535 ἐς
1063 2472 1278 2542 ἡμέρας
1313 2472 1470 2538 δέκα,
1522 2474 1614 2527 τόν
1667 2493 1727 2527 τε
1760 2475 1860 2529 κὰ-

280 2578 479 2629 μνοντα
513 2563 803 2632 κατάκρας
833 2561 1080 2627 ὲλαῦνον,
1107 2565 1232 2628 τούς
1259 2583 1319 2618 τε
1358 2567 1574 2635 ἰατροὺς
1606 2570 1665 2631 ἐς
1693 2569 1859 2638 φόϐον

276 2655 339 2708 οῦ
364 2656 555 2724 μικρὸν
577 2657 844 2711 καθιστάν
866 2673 879 2688 ο
898 2658 1073 2711 ἔπειθ’
1092 2658 1283 2730 ὥσπερ
1311 2661 1585 2734 Ἀθηναῖοι
1607 2663 1744 2732 μετὰ
1757 2663 1858 2732 τὴν

274 2751 334 2802 ἐν
362 2750 520 2817 Αἰγὸς
558 2754 825 2820 ποταμοῖς
853 2752 1168 2823 δυστυχίαν,
1191 2754 1288 2806 καὶ
1310 2755 1410 2824 τὴν
1454 2755 1547 2808 τοῦ
1580 2755 1859 2824 Πειραιῶς

275 2844 626 2912 κατάσχεσιν,
660 2843 757 2897 καὶ
784 2844 875 2897 τον
909 2843 1196 2915 ξυμϐάντα
1227 2846 1314 2899 διὰ
1340 2847 1514 2900 ταῦτα
1551 2846 1733 2917 λιμὸν,
1758 2846 1857 2902 καὶ

274 2936 375 3005 τήν
404 2936 555 2988 πόλιν
581 2936 899 3002 ἀπώλεσαν,
932 2939 1073 2991 κατὰ
1094 2940 1262 2993 ταυτᾶ
1290 2942 1384 2992 καὶ
1411 2939 1574 3010 ἡμεῖς
1600 2940 1858 2994 δεδυσττυ⁴

272 3028 508 3099 χηκότες
552 3028 818 3098 ὤφθημεν
841 3046 856 3061 ο
894 3034 1035 3099 μετὰ
1067 3033 1174 3102 γὰρ
1207 3034 1328 3096 τοὺς
1360 3034 1573 3097 δεινοὺς
1612 3036 1857 3100 ἐκείνους

278 3121 541 3190 ἰλίγγους,
565 3122 660 3176 καὶ
675 3124 774 3186 τὰς
799 3124 900 3177 οὐκ
929 3125 1060 3179 ἄνευ
1093 3126 1324 3195 αἵματος
1354 3126 1461 3180 τῶν
1493 3127 1664 3198 χολῶν
1688 3128 1856 3198 ἐκρύ-

276 3229 413 3275 σεις,
446 3215 539 3266 καὶ
566 3216 634 3268 τὰ
657 3214 811 3267 πόλλ’
840 3217 1004 3286 ἕτερα
1024 3215 1133 3269 τῶν
1157 3217 1280 3271 τότε
1302 3218 1515 3281 δεινῶν,
1551 3219 1752 3274 τοιόνδε
1800 3238 1855 3274 τι
1883 3236 1927 3295 ο

275 3303 405 3375 περὶ
434 3303 495 3356 τὸ
526 3303 683 3374 σῶμα
711 3304 957 3371 ἐγεγόνει
979 3320 993 3335 ο
1023 3304 1052 3358 ὃ
1091 3304 1323 3360 θάνατον
1354 3310 1467 3370 τοῖς
1497 3324 1561 3375 γε
1606 3309 1853 3364 πλείοσιν

276 3396 564 3467 ἐπιφέρειν
596 3395 785 3458 παῖδές
832 3413 999 3467 φασιν
1035 3397 1272 3468 ἰατρῶν⁹
1304 3401 1435 3468 περὶ
1462 3400 1574 3471 γὰρ
1607 3400 1700 3456 τὸν
1731 3403 1857 3455 στό-

278 3504 454 3558 μαχον
479 3487 855 3558 περιπεσοῦσα
870 3487 1003 3560 χολὴ
1030 3489 1200 3561 πολλή
1227 3508 1288 3543 τε
1304 3492 1398 3544 καὶ
1422 3493 1695 3565 δυσχερὴς
1721 3512 1851 3549 συνο

275 3582 467 3650 έπνιγε
533 3583 633 3652 τὴν
681 3582 933 3652 καρδίαν,
985 3582 1083 3636 καὶ
1129 3584 1393 3639 ἀναπνεῖν
1442 3586 1543 3640 οὐκ
1583 3588 1711 3643 εῐαο
1759 3591 1854 3643 καὶ

274 3675 453 3727 πάντα
480 3673 550 3727 τὰ
571 3674 830 3727 δεινότατ’
858 3674 1056 3741 ἐποίει,
1094 3677 1239 3747 μήτε
1271 3677 1372 3746 τῆς
1404 3678 1638 3749 καρδίας
1666 3681 1853 3751 διαφο-

277 3765 550 3836 ρουμένης
613 3764 758 3819 κατὰ
810 3765 871 3818 τὸ
925 3765 1067 3831 ἔθος,
1095 3766 1191 3820 τοῦ
1224 3786 1282 3821 τε
1341 3770 1620 3842 στομάχου
1670 3774 1854 3826 πᾶσαν

275 3855 524 3924 ἡντινοῦν
566 3855 810 3928 ἴσχοντος
847 3858 1064 3927 ἀηδίαν,
1097 3860 1191 3912 καὶ
1240 3860 1408 3930 μηδὲν
1447 3862 1586 3925 ὅλως
1625 3881 1855 3936 προσιε-

277 3947 446 4016 μένου
471 3962 488 3980 ·
521 3947 660 4002 ἀλλὰ
681 3949 786 4003 κᾶν
817 3949 867 4002 εἰ
902 3951 1129 4021 θερμοῖς
1157 3951 1262 4005 κᾶν
1300 3952 1528 4024 ψυχροῖς
1553 3955 1656 4009 κᾶν
1683 3958 1855 4010 οἰστι-

275 4042 464 4095 σινοῦν
494 4044 606 4107 τοῖς
658 4043 767 4098 ἀπὸ
797 4046 896 4115 τῆς
939 4044 1138 4116 τέχνης
1191 4047 1506 4116 ἐχρώμεθα,
1553 4048 1750 4104 ἅπαντ’
1782 4047 1852 4122 ἦν

272 4135 519 4206 φλυαρία
546 4150 558 4163 ·
595 4137 691 4189 καὶ
716 4135 869 4190 οὐδὲν
893 4131 963 4209 ἦν
989 4136 1018 4190 δ
1054 4138 1130 4206 μὴ
1163 4139 1362 4192 αὐτίκα
1390 4157 1453 4208 γε
1481 4137 1550 4211 ἦν
1571 4142 1697 4207 ἔξω.
1742 4144 1854 4198 Καὶ

273 4221 437 4276 τοῦτο
460 4224 572 4285 τοῖς
626 4225 834 4293 ἰατροῖς
877 4226 959 4288 εἰς
989 4227 1198 4297 ἄπορον
1252 4228 1629 4300 καθειστήκει,
1677 4231 1854 4287 πάντα

276 4315 380 4387 μὲν
401 4316 471 4368 τὰ
497 4318 598 4387 τῆς
643 4318 844 4386 τέχνης
893 4316 1162 4384 ποιοῦσιν,
1217 4319 1432 4384 οὐδενὸς
1461 4322 1520 4375 δὲ
1565 4315 1641 4377 ὧν
1672 4321 1853 4391 ἔξεστι

274 4409 624 4479 γιγνομένου.
657 4409 789 4464 Τότε
810 4412 854 4464 δ’
882 4410 975 4465 οὖν
1003 4413 1036 4479 ἡ
1067 4416 1250 4480 φύσις,
1287 4413 1484 4481 ἄλογος
1520 4414 1675 4484 οὖσα,
1709 4417 1853 4471 κατὰ

269 4503 433 4570 λόγον
461 4500 694 4573 ἐξεφάνη
744 4503 923 4556 πάντα
970 4504 1202 4558 ποιοῦσα
1229 4520 1247 4537 ⁸
1278 4504 1494 4560 οἴκοθεν
1533 4510 1642 4579 γὰρ
1684 4509 1852 4580 ὲχρη-

1962 1909 2389 1978 impressionem
2423 1923 2579 1963 suam
2616 1906 2999 1976 impetumque
3032 1901 3223 1973 adigit.
3254 1898 3395 1966 Quid
3431 1907 3544 1953 tum

1959 1999 2197 2070 postea?
2219 2000 2456 2070 inquies.
2484 2000 2697 2068 Nempe
2722 1995 3135 2068 religiosissima
3156 1993 3225 2048 ad
3257 2006 3545 2061 vesperam

1959 2108 2135 2164 usque
2169 2095 2581 2148 esculentorum
2630 2091 2879 2147 omnium
2917 2085 3250 2144 abstinentia
3272 2127 3288 2150 ,
3324 2083 3547 2153 quando

1959 2185 2211 2251 medicis,
2245 2200 2441 2240 eorum
2469 2199 2592 2255 quae
2621 2200 2729 2238 non
2759 2183 3053 2244 obessent,
3089 2193 3190 2233 usu
3225 2177 3387 2232 nobis
3422 2190 3549 2245 gra-

1960 2279 2162 2335 tiﬁcari
2208 2279 2457 2350 placuit;
2502 2277 2706 2347 quibus
2739 2275 2823 2330 nsi
2871 2274 3035 2329 etiam
3067 2286 3279 2327 sumus.
3316 2270 3546 2323 Postero

1963 2387 2160 2427 rursus
2190 2372 2278 2427 die
2300 2371 2494 2427 eadem
2520 2370 2752 2441 urgebat
2781 2367 3048 2439 procella,
3077 2364 3242 2420 iidem
3273 2356 3545 2425 turbines,

1958 2464 2271 2534 iisdemque
2310 2463 2691 2518 obruebantur
2736 2460 3022 2526 ﬂuctibus,
3068 2457 3177 2512 nisi
3222 2454 3369 2527 quod
3418 2452 3545 2507 novi

1958 2556 2183 2626 quidam
2233 2554 2597 2609 vomitionum
2648 2558 3000 2607 accesserant
3050 2548 3275 2610 ﬂuctus,
3321 2553 3381 2600 et
3418 2543 3549 2599 bilis

1959 2647 2276 2715 conﬂuxus,
2316 2656 2470 2702 tanto
2517 2661 2641 2701 meo
2677 2660 2801 2701 cum
2843 2645 3054 2705 dolore,
3092 2649 3354 2710 tantoque
3407 2648 3544 2693 testu

1959 2740 2225 2809 utrinque
2254 2752 2577 2806 erumpens,
2630 2746 2690 2791 ut
2719 2734 2981 2806 quoniam
3025 2733 3225 2788 idonea
3263 2744 3368 2785 nos
3409 2727 3549 2783 deﬂ—

1958 2830 2117 2885 ciunt
2158 2829 2351 2896 verba,
2383 2843 2501 2884 rem
2550 2826 2771 2883 Omnem
2820 2826 2920 2882 tibi
2969 2822 3389 2895 conjectandam
3418 2835 3545 2891 per-

1957 2926 2267 2981 mittamus.
2303 2926 2502 2981 Decem
2547 2925 2696 2995 ipsos
2729 2921 2849 2976 dies
2875 2921 3027 2975 hunc
3073 2918 3300 2974 morbus
3340 2922 3545 2970 statum

1958 3017 2160 3083 tenuit,
2192 3026 2255 3073 ut
2284 3026 2341 3072 et
2369 3032 2573 3087 mgrum
2607 3011 3096 3071 vehementissime
3131 3007 3449 3070 afﬂictaret,
3492 3013 3549 3059 et

1960 3124 2211 3178 magnam
2266 3109 2617 3164 medentibus
2668 3104 3027 3162 formidinem
3074 3101 3351 3172 injiceret.
3384 3098 3548 3153 Post-

1958 3200 2211 3266 modum,
2248 3201 2480 3271 perinde
2514 3199 2987 3259 utAthenieuses,
3018 3196 3256 3248 maxima
3281 3189 3346 3245 ad
3376 3188 3548 3259 Egos

1961 3295 2168 3350 ﬂumen
2195 3304 2420 3364 accepta
2446 3294 2781 3356 calamitate,
2812 3290 3137 3359 Pirmeoque
3169 3295 3460 3354 occupato,
3492 3290 3549 3338 et

1962 3402 2176 3442 summa
2219 3387 2348 3442 inde
2399 3401 2635 3441 annonae
2680 3385 2864 3454 inepia
2911 3396 2978 3437 ac
3029 3382 3172 3436 l'ame
3222 3385 3546 3435 consecuta.

1961 3479 2159 3535 urbem
2184 3488 2460 3550 postremo
2496 3480 2669 3547 ipsam
2695 3479 3023 3541 amiserunt,
3060 3473 3134 3528 ita
3164 3487 3278 3527 non
3301 3468 3544 3525 absimili

1959 3580 2016 3626 et
2047 3587 2148 3625 nos
2177 3572 2542 3626 circumventi
2575 3570 2901 3624 videbamur
2941 3565 3288 3621 discrimine.
3331 3561 3547 3630 Quippe

1960 3674 2087 3734 post
2136 3664 2496 3733 gravissimas
2550 3661 2839 3718 oculorum
2894 3659 3226 3728 vertigines,
3272 3669 3329 3711 et
3381 3655 3548 3708 mista

1958 3757 2227 3828 sanguine
2248 3756 2375 3811 bilis
2393 3754 2681 3825 proﬂuvia,
2712 3762 2769 3808 et
2791 3753 3079 3822 complura
3106 3751 3234 3815 alia,
3273 3765 3396 3820 qua:
3426 3756 3546 3803 tum

1959 3849 2308 3920 premebant,
2343 3848 2514 3915 mala,
2572 3847 2791 3903 tandem
2814 3844 3078 3915 quiddam
3119 3842 3416 3898 illiusmodi
3462 3855 3551 3894 se-

1959 3943 2200 3999 cundum
2255 3956 2459 4012 corpus
2504 3952 2754 3996 nostrum
2809 3938 3030 4002 accidit,
3077 3937 3224 4008 quod
3262 3935 3548 4006 plerisque

1957 4031 2277 4091 letbiferum
2319 4048 2444 4089 esse
2519 4032 2861 4087 medicorum
2904 4039 3133 4086 censent
3176 4028 3294 4083 lilii.
3337 4026 3547 4098 Nempe

1960 4140 2158 4195 magna
2182 4124 2267 4180 vis
2292 4123 2446 4192 bilis,
2474 4132 2531 4180 et
2563 4124 2681 4179 haec
2704 4138 2837 4179 sane
2862 4136 3027 4192 quam
3053 4120 3309 4185 molesta,
3334 4120 3545 4175 circum

1961 4217 2308 4273 stomachum
2352 4217 2581 4286 allapsa,
2635 4230 2732 4271 cor
2778 4214 2958 4285 ipsum
2997 4210 3324 4276 suﬂ‘ocabat,
3371 4209 3546 4278 respi-

1961 4309 2237 4379 randique
2267 4307 2550 4363 adimebat
2594 4306 2938 4362 facultatem.
2984 4303 3104 4359 Jam
3137 4304 3323 4372 itaque
3355 4302 3546 4356 ultima

1962 4399 2324 4456 imminebant
2370 4398 2578 4466 omnia,
2611 4395 3059 4469 quandoquidem
3095 4410 3275 4464 neque
3307 4408 3403 4448 cor
3432 4393 3548 4447 usi-

1964 4500 2076 4548 tato
2104 4507 2279 4556 more,
2315 4500 2542 4563 recepto
2575 4491 2845 4562 sanguine
2884 4499 3274 4549 evacuaretur,
3303 4496 3362 4541 et
3392 4486 3543 4540 nullo

273 4596 462 4665 σάμην
494 4595 635 4666 μετὰ
685 4594 863 4666 ψιχῶν
904 4596 1036 4665 οἴνῳ
1086 4594 1277 4668 θερμῷ
1299 4611 1312 4627 ⁸
1345 4597 1441 4651 καί
1468 4574 1586 4661 πώς
1613 4574 1854 4671 εγετρ-ᾀον

1959 4600 2071 4640 non
2102 4584 2247 4639 tasdii
2273 4574 2439 4654 at'que
2477 4582 2679 4638 fastidii
2713 4596 2916 4653 genere
2948 4580 3229 4635 laboraret
3255 4579 3541 4635 ventricu-

272 4686 453 4757 ἔσχον.
502 4687 614 4739 Καὶ
644 4688 756 4749 τοῖς
795 4688 1002 4755 ἰατροῖς
1034 4687 1267 4741 ἕπεσθαί
1289 4705 1350 4741 τε
1380 4690 1727 4756 τούντεῦθεν,
1756 4692 1853 4746 καὶ

274 4778 581 4846 θαυμάζειν
623 4779 811 4850 παρῆν
834 4795 849 4811 ο
877 4778 1022 4834 οὕτω
1047 4780 1106 4833 δὲ
1134 4780 1389 4849 χαλεπῶς
1428 4783 1522 4835 καὶ
1560 4783 1852 4854 ἀφορήτως

274 4870 434 4924 πάντ’
466 4869 611 4940 ἔχειν
655 4868 892 4941 ταυτησῒ
938 4871 1040 4941 τῆς
1083 4871 1247 4941 χολῆς
1296 4872 1850 4943 παρασκευαζούσης,

276 4965 372 5015 καὶ
405 4964 607 5033 πολλῆς
638 4965 716 5027 ώς
765 4967 913 5028 εἰκὸς
961 4965 1266 5035 δυσθυμίας
1314 4965 1503 5034 οὔσης,
1536 4965 1737 5031 ἔξωθεν
1784 4962 1852 5038 ἦν

273 5055 407 5121 ἡμῖν
437 5054 583 5141 ὑγρὰ
609 5055 741 5123 περὶ
771 5054 832 5107 τὸ
866 5054 1162 5125 πρόσωπον
1194 5056 1295 5108 οὐκ
1332 5056 1522 5124 ὀλίγα⁶
1557 5057 1655 5110 καὶ
1691 5057 1851 5126 ἁέρες

277 5142 342 5193 ὲκ
384 5142 658 5212 μηχανῆς,
695 5143 787 5195 καὶ
840 5142 1029 5213 μύρων
1079 5143 1356 5211 ἐκχύσεις,
1403 5145 1510 5196 κάκ
1542 5145 1723 5197 τόπων
1770 5147 1851 5208 εἰς

272 5238 476 5302 τόπους
509 5237 805 5307 μεταϐολαί
837 5239 918 5290 ὀὐ
956 5236 1062 5305 γὰρ
1095 5237 1244 5307 ἐνῆν,
1275 5238 1377 5290 οὐκ
1409 5237 1538 5307 ἐνῆν
1567 5239 1667 5308 μιᾷ
1695 5236 1848 5310 κλίνῃ

272 5329 604 5402 κεχρῆσθαι,
637 5329 755 5380 ἀλλ’
784 5330 919 5382 ὅπου
955 5330 1072 5382 ποτ’
1103 5328 1170 5383 ἂν
1209 5329 1355 5398 ἐξείη
1390 5331 1489 5399 τῆς
1514 5330 1714 5393 οἰκίας.
1741 5331 1851 5384 Καὶ

271 5425 455 5479 πάντα
477 5421 546 5476 δι’
572 5415 645 5475 ὧν
678 5420 806 5489 ἐξῆν
833 5421 1116 5492 ῥᾳστώνην
1143 5421 1397 5491 ἡντινοῦν
1426 5421 1710 5492 εὑρέσθαι,
1742 5423 1845 5475 οὐκ

271 5517 340 5572 ἂν
368 5516 635 5587 δυναίμην
670 5516 846 5568 εἰπεῖν
879 5514 980 5584 τὴν
1018 5514 1141 5567 τότε
1169 5514 1279 5568 τῶν
1309 5514 1588 5585 λογισμῶν
1615 5516 1851 5587 ἀπορίαν

271 5612 371 5665 καὶ
421 5610 765 5680 δυσχέρειαν,
825 5608 920 5661 καὶ
978 5607 1041 5662 τὸ
1091 5607 1166 5678 μὴ
1227 5608 1416 5679 φέρειν
1467 5608 1691 5673 ἐξεῖναι,
1748 5611 1852 5664 κᾶν

268 5702 494 5756 ἅπαντὰ
547 5720 632 5765 τις
666 5702 859 5759 ἐποίει.
905 5702 1003 5754 Ἐκ
1044 5701 1110 5771 δὴ
1158 5701 1269 5754 τῶν
1300 5703 1570 5756 τοσούτων
1619 5705 1750 5775 περὶ
1790 5704 1851 5757 τὺ

270 5798 570 5866 πρόσωπον
598 5795 781 5865 ὑγρῶν
810 5795 1062 5864 γίγνεταί
1092 5813 1146 5849 τι
1178 5796 1380 5848 τοιόνδε
1404 5813 1418 5827 ’
1447 5797 1615 5864 ἄμφω
1637 5796 1715 5846 τὼ
1743 5814 1849 5849 πα-

271 5892 394 5959 perit
426 5889 686 5959 ἐξιξερνης
713 5888 1064 5955 ἐξώγκωντοο
1100 5887 1195 5944 καὶ
1226 5889 1484 5959 παρῆσαν
1525 5891 1719 5959 ἰατροὶ,
1757 5891 1847 5941 καὶ

1958 4679 2068 4746 lus,
2098 4678 2422 4748 nullumque
2448 4676 2614 4747 plane
2645 4676 2816 4731 ferret
2841 4675 3188 4731 alimentum.
3227 4673 3357 4728 Sive
3390 4673 3544 4728 enim

1959 4773 2177 4838 calidis,
2206 4772 2323 4826 sive
2350 4769 2569 4840 frigidis
2608 4780 2916 4837 uteremur,
2946 4768 3064 4824 sive
3088 4782 3435 4839 quascunque
3469 4767 3541 4821 ab

1959 4874 2078 4919 arte
2120 4863 2334 4919 medica
2372 4861 2815 4932 imperabantur,
2847 4877 3003 4932 nugas
3046 4872 3104 4915 et
3143 4862 3341 4916 fabulae
3380 4875 3541 4916 erant

1958 4959 2143 5014 omnia
2168 4973 2183 5023 ;
2214 4955 2353 5011 nihil
2384 4955 2531 5010 enim
2558 4965 2699 5020 erat,
2727 4956 2875 5025 quod
2908 4971 3014 5009 non
3042 4970 3169 5009 mox
3194 4961 3540 5025 assumptum

1958 5055 2306 5124 rejiceretur.
2340 5051 2398 5106 ld
2427 5050 2577 5121 quod
2616 5051 2859 5106 medicos
2898 5066 3008 5104 non
3036 5065 3231 5120 parum
3270 5049 3543 5104 sollicitos

1960 5145 2174 5200 habuit.
2204 5144 2420 5214 Quippe
2451 5145 2669 5199 tametsi
2696 5143 2880 5198 omnia
2911 5144 3046 5198 artis
3071 5141 3318 5198 remedia
3343 5141 3543 5197 sedulo

1959 5237 2309 5300 adhiberent,
2347 5236 2488 5290 nihil
2520 5251 2712 5290 eorum
2747 5247 2952 5299 tamen,
2984 5250 3107 5306 qua:
3132 5233 3247 5289 fieri
3273 5234 3540 5302 oportuit,

1957 5331 2430 5399 consequebatur.
2477 5331 2549 5383 At
2583 5328 2673 5382 hic
2708 5336 2963 5382 naturam
3010 5328 3204 5396 ipsam,
3235 5324 3542 5393 quamlibet

1959 5422 2190 5477 rationis
2218 5428 2525 5492 expertem,
2568 5421 2761 5476 omnia
2793 5418 3102 5475 secundum
3134 5417 3411 5471 rationem
3452 5413 3540 5469 fa-

1957 5530 2105 5581 cere,
2153 5514 2442 5568 manifesto
2494 5512 2903 5583 deprehensum
2956 5511 3083 5566 fuit.
3154 5509 3317 5565 Forte
3361 5508 3537 5574 enim,

1960 5624 2082 5664 mea
2122 5618 2341 5674 sponte,
2388 5607 2582 5661 vinum
2610 5605 2931 5662 calfactum.
2957 5617 3080 5658 cum
3131 5601 3289 5655 micis
3329 5594 3542 5669 aliquot

1957 5702 2103 5758 friati
2134 5702 2306 5774 panis,
2339 5707 2640 5771 gustaram,
2667 5694 2994 5750 etnonnihil
3031 5694 3284 5763 protinus
3332 5691 3536 5745 malum

1960 5799 2244 5852 remittere
2284 5796 2486 5850 visum.
2529 5791 2688 5848 Unde
2733 5799 2920 5859 postea
2967 5786 3111 5841 idem
3152 5785 3331 5855 sequi,
3373 5795 3538 5855 atque

1960 5904 2292 5960 lllugttut‘crc
2346 5884 2729 5957 comprobare,
2784 5878 3014 5935 mcdicis
3063 5876 3356 5933 consilium
3406 5875 3529 5930 fuit.
