4018 6430
502 389 606 448 liii

1725 385 2121 446 TllE’)DULI
2165 388 2506 448 MONACIII

3649 387 3738 450 4ίῦ

504 503 718 555 interea
756 509 961 558 autem,
988 513 1111 551 cum
1143 499 1326 551 omnia
1354 497 1492 550 adeo
1523 496 1708 562 gravia
1732 506 1787 550 et
1814 497 2083 551 intolera-

2206 497 2325 567 τρὺς
2355 498 2516 560 ἄλλος
2561 497 2723 550 ἄλλον
2759 495 2917 561 ὲὸὁα,
2961 494 3174 564 Τάχους
3217 491 3302 546 ὅτι
3360 493 3584 560 μάλιστα
3626 497 3733 552 δετ⁹

505 595 633 648 bilia
671 595 759 645 illa
794 591 921 644 bi‘is
969 589 1331 644 redundantia
1371 589 1572 642 faceret
1603 601 1767 658 atque
1803 590 1996 656 multa,
2023 599 2084 644 ut

505 691 625 736 erat
673 681 976 742 versimile,
1037 679 1162 744 inde
1219 681 1384 732 animi
1445 680 1716 750 aegritudo
1766 679 2082 744 exsisteret,

505 775 851 826 extrinsecus
890 771 1192 825 secundum
1222 769 1412 822 faciem
1443 786 1552 822 non
1595 771 1793 839 exigua
1838 772 2087 825 humoris

507 867 662 932 cepia
707 879 928 918 manare
980 875 1244 928 cmperat,
1289 861 1481 914 adhaac
1524 863 1726 915 ventuli
1767 877 1798 916 e
1831 863 2084 918 machina

508 959 742 1024 quadam
775 955 996 1018 fiebant,
1023 964 1077 1005 et
1105 963 1506 1018 unguentorum
1538 954 1860 1018 effusiones,
1888 963 1937 1008 et
1969 969 2088 1007 cre-

511 1047 618 1100 bra:
660 1049 990 1099 mutationes
1022 1045 1313 1107 locorum;
1351 1061 1460 1098 non
1493 1045 1638 1099 enim
1681 1047 1906 1106 licebat,
1951 1061 2084 1108 non,

510 1140 758 1208 inquam,
799 1138 1033 1200 licebat,
1087 1153 1196 1189 uno
1234 1137 1308 1190 uti
1355 1137 1577 1199 lectulo,
1625 1137 1718 1191 sed
1773 1138 2087 1205 ubicunque

508 1230 830 1282 coniuratus
880 1243 1108 1296 usquam
1164 1227 1218 1280 in
1275 1227 1486 1280 aedibus
1549 1227 1846 1296 apparebat
1911 1229 2083 1289 locus,

509 1322 726 1388 aliaque
761 1320 968 1380 omnia,
1005 1318 1148 1371 unde
1189 1318 1739 1386 quantulumcunque
1779 1319 2084 1388 exspectari

518 1421 740 1479 poterat
795 1411 1084 1474 levamen;
1146 1410 1396 1478 adeoque
1446 1424 1512 1463 ne
1561 1410 1822 1479 consequi
1867 1410 2085 1476 quidem

511 1502 700 1554 \erbis
736 1510 952 1569 potero,
987 1516 1108 1568 qua:
1139 1510 1249 1552 tum
1289 1501 1502 1553 consdii
1538 1501 1722 1568 inopia
1756 1510 1920 1568 atque
1951 1501 2090 1554 diffi-

513 1594 713 1654 cultas,
751 1602 807 1645 et
837 1608 998 1660 quam
1038 1609 1146 1645 non
1178 1593 1402 1646 ferenda
1449 1593 1626 1646 morbi
1662 1595 1867 1647 saevitia
1900 1594 2086 1656 fuerit,

513 1686 730 1739 tametsi
800 1685 933 1737 nihil
982 1699 1088 1736 non
1144 1685 1430 1737 moliretur
1473 1683 1768 1752 quispiam.
1816 1682 1987 1736 Porro
2021 1699 2088 1737 cx

514 1777 603 1831 liis
637 1789 742 1829 tam
780 1778 1020 1844 copiosis
1062 1777 1216 1829 faciei
1269 1777 1618 1837 humoribus,
1673 1777 1778 1830 tale
1824 1777 2083 1844 quiddam

2188 594 2284 644 καὶ
2316 591 2638 652 σπουδάζειν
2671 589 2846 654 ἔξεστι
2877 587 2974 642 καὶ
3029 586 3280 656 μαλάχης
3309 584 3502 653 λευκῆς
3547 588 3692 655 χρεία
3715 603 3728 619 ο

2189 687 2282 736 καὶ
2316 681 2504 751 παρῆν
2535 682 2616 733 ὅτι
2645 683 2808 751 ταχος
2854 679 2949 733 καὶ
2993 677 3239 730 πτελεῶν
3293 677 3488 746 φλοιδς,
3519 677 3606 730 καί
3644 678 3732 730 τιν’

2187 774 2375 845 ἕτερα,
2403 773 2489 826 ἵνα
2516 773 2866 843 διαχυθέντες
2886 772 2935 824 οἱ
2981 769 3135 838 ὄγκοι
3161 770 3235 838 μὴ
3261 771 3574 839 χωρήσωσιν
3597 771 3734 832 εἴσω,

2189 864 2488 920 κάντεῦθεν
2520 867 2634 928 τοῖς
2665 881 2722 918 τε
2758 865 2964 934 ἰατροῖς
3003 862 3266 929 ἀγωνίας,
3304 861 3378 930 τῷ
3408 879 3462 914 τε
3498 861 3738 927 κάμνοντι

2190 957 2420 1009 Θανάτου
2453 955 2572 1024 τάχ’
2612 954 2740 1016 ῐσως
2772 955 2938 1008 αῐτιοι
2972 953 3259 1020 γένωνται.
3294 952 3359 1005 Τί
3391 950 3448 1003 τδ
3476 951 3740 1011 ἐντεῦθενς

2193 1049 2476 1101 Πέπαυται
2499 1047 2672 1099 ταῦτα
2693 1063 2705 1077 ο
2724 1041 2843 1099 εἶτα
2867 1045 3150 1108 δοκοῦντες
3168 1045 3310 1116 ἔχειν
3327 1043 3580 1115 γαλήνην,
3598 1045 3743 1097 πάλιν

2187 1143 2299 1202 ταῖς
2319 1141 2510 1208 πρώην
2533 1141 2902 1210 ἐμπίπτομεν,
2919 1139 2968 1191 εί
2989 1140 3077 1189 καλ
3106 1137 3182 1207 μὴ
3197 1137 3617 1205 παραπλησίοις,
3636 1138 3750 1208 τρό-

2191 1247 2293 1280 πον
2336 1229 2382 1282 δ’
2417 1230 2606 1297 ἕτερον
2657 1228 3063 1298 παραπλησίοις
3092 1244 3101 1253 ’
3132 1229 3164 1298 ὴ
3199 1229 3309 1296 γὰρ
3354 1227 3489 1294 αὐτή
3518 1243 3596 1289 τις
3623 1225 3748 1276 ἀπο-

2197 1321 2288 1386 pia.
2327 1323 2434 1382 τοῖς
2474 1322 2682 1390 ίατροίς
2715 1337 2729 1351 ·
2769 1322 3002 1388 πυρετὸς
3035 1319 3144 1389 γὰρ
3173 1322 3235 1371 ἐκ
3273 1316 3506 1388 πυρετοῦ
3537 1315 3753 1384 συλλαμο

2191 1411 2369 1464 δέμων
2405 1412 2562 1480 διῆγε
2592 1429 2604 1442 °
2664 1412 2758 1465 καὶ
2789 1412 2856 1464 τὰ
2885 1412 3064 1480 πολλῷ
3098 1412 3175 1479 τῷ
3205 1413 3382 1482 χρόνῳ
3411 1410 3544 1479 μέλη
3575 1425 3756 1476 κατερ-

2191 1506 2466 1570 γασθέντα
2520 1505 2637 1566 πῶς
2693 1505 2794 1556 οἴει
2846 1504 3219 1574 κατέτρυχενο
3266 1502 3342 1565 ὡς
3397 1499 3519 1570 μηδ’
3568 1499 3755 1560 ὁτιοῦν,

2195 1597 2324 1666 μήθ’
2359 1599 2514 1665 ἡμῖν,
2565 1599 2699 1667 μήτε
2734 1601 2845 1659 τοῖς
2883 1599 3086 1666 ίατροῖς
3133 1596 3332 1659 ἐξεῖναι
3369 1589 3754 1664 προσεξευρεῖν.

2192 1689 2466 1752 Τοιούτοῑς
2497 1691 2645 1758 ἡμᾶς
2671 1691 2730 1742 τὸ
2766 1689 3111 1758 φθινόπωρον
3138 1687 3420 1749 ἑστιᾶσαν,
3451 1685 3565 1737 δέον
3591 1683 3760 1769 ᾠήθης

2195 1799 2295 1851 μεν
2329 1783 2586 1834 κοινωνὸν
2633 1786 2727 1835 καὶ
2783 1785 2841 1834 σὲ
2872 1781 3098 1847 ποιῆσαι
3150 1781 3246 1846 τῆς
3299 1779 3524 1848 (tatem.
3559 1777 3653 1844 οὺχ
3699 1773 3744 1824 ῖν

512 1879 717 1922 evenit.
751 1870 937 1922 Ambo:
969 1869 1150 1922 subito
1176 1882 1501 1922 extumuere
1530 1886 1700 1939 geme.
1763 1867 1864 1922 llic
1893 1885 2087 1922 rursus

2206 1874 2419 1942 ἀλγοίης
2447 1890 2462 1905 δ
2521 1875 2710 1942 πόρρω
2742 1876 2850 1942 γὰρ
2902 1877 3064 1942 ἡμεῖς
3102 1873 3210 1924 τῶν
3254 1873 3513 1924 τοιούτων
3546 1869 3654 1928 τοῖς
3685 1865 3762 1931 φί-

513 1959 769 2011 advolare
797 1961 1016 2018 medici.
1045 1961 1296 2028 aliusque
1318 1960 1385 2013 ad
1408 1962 1574 2013 alium
1609 1959 1914 2022 clamitare,
1946 1975 2094 2014 nunc

515 2051 600 2104 vel
647 2053 881 2106 maxime
929 2054 1337 2121 properandum
1379 2062 1432 2106 et
1475 2070 1574 2122 pro
1613 2056 1822 2107 viribus
1870 2054 2094 2107 adlabo-

2200 1962 2341 2023 λοις·
2400 1962 2518 2014 ἀλλ’
2573 1963 2642 2016 ἵν’
2689 1964 2886 2032 εἰδείης
2935 1964 2990 2024 εξ
3037 1966 3167 2015 οἴων
3218 1964 3329 2031 ἄρα
3371 1958 3644 2014 σκοπέλων
3693 1957 3762 2014 εἰς

2201 2053 2346 2116 οἵους
2377 2056 2717 2123 κατέσχομεν
2763 2057 2858 2108 σὺν
2891 2057 3008 2124 Θεῷ
3048 2055 3173 2118 τοὺς
3208 2056 3462 2121 λιμένας.

513 2147 748 2201 randum
779 2163 924 2214 esse,
960 2149 1013 2202 in
1048 2152 1244 2218 primis
1277 2151 1451 2202 malva
1476 2151 1598 2203 alba
1631 2166 1770 2220 opus
1800 2167 1942 2212 esse,
1973 2166 2095 2220 qua:
2135 2150 2286 2205 illico
2309 2151 2483 2204 adfuit
2511 2167 2528 2216 ;
2589 2163 2643 2206 et
2673 2152 2928 2205 similiter
2965 2153 3096 2205 ulmi
3135 2163 3346 2212 cortex,
3389 2159 3445 2204 et
3503 2148 3604 2202 alia
3633 2158 3765 2212 qutu-

514 2239 662 2306 dam,
688 2250 748 2294 ut
786 2242 1037 2310 dissipati
1074 2244 1178 2296 hoc
1210 2243 1371 2296 modo
1407 2251 1654 2296 tumores
1711 2259 1823 2297 non
1854 2242 1921 2296 ad
1987 2243 2251 2296 interiora
2285 2251 2662 2312 penetrarent,
2701 2255 2866 2312 atque
2904 2255 3095 2312 pestea
3149 2252 3260 2295 tum
3329 2259 3489 2296 nova:
3559 2236 3768 2292 medicis

515 2334 940 2403 trepidationis,
973 2344 1087 2388 tum
1116 2350 1260 2404 aegro
1287 2335 1546 2390 interitus
1592 2335 1826 2389 fortasse
1873 2350 2038 2388 causa
2099 2335 2316 2390 fierent.
2386 2334 2535 2388 Cedo
2605 2336 2732 2401 quid
2810 2335 3030 2403 postea?
3071 2341 3281 2388 tantum
3319 2335 3471 2403 quod
3518 2334 3613 2387 ἰδίει
3651 2345 3768 2384 con-

515 2429 769 2496 quierant
801 2446 816 2494 ;
866 2443 991 2480 cum
1031 2426 1388 2482 serenitatem
1441 2440 1541 2479 nos
1579 2427 1690 2495 jam
1729 2437 1914 2478 tenere
1969 2425 2089 2484 rati.
2127 2425 2308 2477 denuo
2366 2423 2420 2476 in
2447 2424 2534 2477 illa
2594 2424 2876 2492 superiora
2906 2423 3210 2477 recidimus
3237 2463 3250 2488 ,
3278 2433 3409 2477 utut
3435 2438 3541 2476 non
3566 2424 3764 2490 gemina

514 2523 682 2590 plane
717 2539 780 2577 ac
808 2522 1110 2586 simillima,
1135 2523 1246 2575 alio
1279 2531 1457 2576 tamen
1484 2537 1594 2590 quo
1633 2531 1794 2590 pacto
1848 2521 2189 2599 consimilia;
2234 2519 2439 2588 quippe
2498 2517 2690 2571 eadem
2725 2518 2926 2570 iterum
2990 2515 3218 2570 medicis
3250 2515 3370 2570 fere
3399 2517 3588 2570 aderat
3621 2516 3766 2567 Ine-i-

517 2617 671 2682 tatio,
706 2619 850 2684 quod
895 2617 1066 2672 febris
1113 2619 1306 2672 febrim
1351 2620 1652 2686 excipiens,
1690 2631 1987 2686 snspenSos
2043 2616 2392 2680 incertosque
2479 2621 2692 2668 tene.th
2730 2631 2744 2667 :
2781 2622 3046 2680 artusque
3119 2613 3374 2680 corporis
3418 2612 3530 2680 ipsa
3605 2607 3763 2662 morbi

515 2711 882 2766 diuturnitate
937 2713 1148 2780 pridem
1209 2711 1521 2774 confectos,
1583 2711 1967 2764 incredibilem
2021 2708 2076 2761 in
2127 2707 2351 2760 modum
2421 2714 2839 2775 conquassaret,
2880 2714 2941 2758 ut
2978 2706 3192 2758 nullum
3235 2707 3324 2760 hic
3390 2705 3642 2774 amplius,
3680 2720 3767 2755 ne-

517 2819 628 2872 que
653 2819 775 2868 nos,
803 2819 982 2872 neque
1015 2805 1236 2870 medici,
1269 2804 1603 2874 excogitare
1665 2817 1953 2870 possemus
2013 2801 2332 2854 consilium.
2409 2801 2640 2865 Quando
2692 2801 3068 2870 hujuscemodi
3107 2801 3270 2871 igitur
3307 2817 3412 2856 nos
3453 2808 3770 2854 auctumttus

519 2898 702 2966 epulis
734 2899 965 2966 accepit.
1005 2907 1057 2950 te
1103 2899 1347 2964 ejusdem
1395 2898 1558 2950 etiam
1596 2897 1919 2966 participem
1961 2894 2196 2949 convivii
2238 2893 2548 2947 faciendum
2605 2893 2762 2946 nobis
2820 2909 2940 2947 esse
2999 2894 3413 2947 arbitrabamur
3447 2911 3461 2947 :
3493 2908 3597 2946 non
3629 2907 3769 2959 equ:-

517 2995 644 3048 dem
699 3003 760 3048 ut
812 2993 984 3046 animi
1019 3004 1071 3045 te
1105 2993 1453 3046 excruciarcs
1501 2995 1693 3060 (apage
1759 2992 1916 3044 istam
1948 3008 1978 3042 a
2013 2990 2170 3042 nobis
2212 2990 2264 3042 in
2315 2989 2522 3042 amicos
2586 2989 3100 3056 inhumanitatcm),
3151 2989 3245 3042 sed
3302 2999 3366 3044 ut
3425 3000 3769 3061 cognosceres

519 3095 721 3164 quibus
752 3106 818 3146 ex
847 3090 1090 3158 scopulis
1127 3090 1179 3142 in
1234 3104 1376 3158 quos
1404 3099 1614 3158 portus,
1648 3089 1743 3143 Dei
1781 3089 2105 3144 immortalis
2142 3101 2268 3157 0pc,
2307 3087 2526 3140 tandem
2563 3087 2864 3156 aliquando
2899 3087 3328 3155 appulissemus.

1151 3207 1238 3262 Ν.
1277 3207 1485 3262 Eidem.

592 3325 772 3394 Atque
813 3323 913 3378 tibi
946 3323 1226 3389 equidem,
1261 3324 1346 3377 vir
1377 3324 1604 3392 Optime,
1639 3320 1846 3391 optima
1881 3335 2100 3392 semper

521 3415 785 3470 eveniant
833 3416 1039 3482 omnia,
1083 3425 1134 3470 et
1184 3415 1416 3468 meliore
1463 3413 1762 3468 identidem
1818 3413 2100 3468 felicitatis

525 3509 892 3568 incremento,
939 3507 1394 3561 sectmdissimam
1441 3507 1749 3576 experiaris
1796 3507 2097 3568 fortunam,

525 3612 649 3650 cum
687 3597 846 3651 nobis
879 3597 994 3650 haec
1035 3598 1132 3651 tibi
1167 3598 1672 3668 comprecantibus,
1709 3606 1821 3651 tum
1866 3606 1944 3651 tot
1975 3597 2102 3652 aliis

525 3689 634 3743 tuis
663 3691 856 3743 amicis
894 3708 908 3743 :
947 3705 1262 3759 quanquam
1309 3691 1442 3744 mihi
1478 3691 1621 3744 haud
1656 3691 1902 3758 proclive
1935 3691 2100 3745 fuerit

525 3797 720 3836 eorum
768 3782 911 3836 inire
953 3797 1273 3846 numerum,
1319 3799 1462 3852 quos
1507 3792 1600 3836 tuo
1647 3784 2104 3837 consauciavcris

523 3887 733 3936 amore,
769 3882 881 3926 tum
917 3873 1022 3927 isto
1059 3874 1188 3925 item
1231 3873 1418 3927 animo
1460 3884 1555 3926 tuo
1602 3873 1744 3927 baud
1788 3875 1937 3928 aliud
1991 3875 2101 3928 voti

524 3965 826 4034 recipiente
857 3977 1279 4034 argumentum;
1312 3967 1406 4034 qui
1449 3965 1595 4018 enim
1626 3981 1734 4018 non
1767 3968 1942 4019 solum
1969 3969 2105 4021 ami-

524 4056 628 4120 cis,
663 4056 760 4110 sed
793 4056 1048 4110 universe
1081 4057 1362 4122 omnibus;
1396 4067 1453 4110 et
1488 4057 1630 4110 laitis
1673 4057 1729 4110 in
1773 4059 1940 4112 rebus
1969 4075 2106 4112 con-

525 4147 842 4219 gratularis,
865 4159 920 4202 et
949 4148 1003 4201 in
1035 4148 1256 4202 afflictis
1283 4148 1630 4203 verissimum
1661 4151 1813 4217 capis
1833 4149 2102 4217 dolorem,

525 4257 706 4294 annon
738 4241 894 4296 talem
921 4250 974 4295 te
1005 4241 1227 4311 inquam
1261 4242 1458 4306 virum,
1489 4252 1748 4310 perpetua
1773 4243 1942 4296 animi
1969 4243 2106 4298 lteti-

527 4334 634 4397 tia,
659 4349 980 4402 summaque
998 4334 1231 4388 fortuna:
1248 4337 1640 4404 prosperitate,
1661 4335 1866 4404 perfrui
1885 4352 2102 4406 aequum

525 4424 729 4478 fuerit?
778 4425 894 4479 Nos
947 4441 1083 4479 vero
1134 4440 1258 4479 cum
1315 4426 1564 4480 nonnihil
1608 4426 1676 4479 de
1723 4427 2103 4496 superioribus

531 4517 686 4570 malis
722 4519 1170 4584 tcSpirassemus,
1222 4518 1359 4571 etin
1397 4518 1681 4572 meliorem
1699 4521 2103 4589 .recuperandaa

2787 3205 2859 3258 A'.
2908 3203 2991 3270 Τῷ
3026 3203 3208 3270 αὐτῷ.

2282 3317 2353 3368 Σὺ
2389 3316 2485 3385 μὲν
2513 3317 2628 3385 εἴης
2659 3317 2746 3368 διὰ
2775 3317 2990 3380 τέλους,
3022 3319 3242 3382 ἄριστε,
3275 3318 3541 3389 πράττων
3566 3317 3656 3384 εὖ,
3689 3317 3772 3370 καὶ

2213 3409 2334 3474 μετ’
2358 3407 2642 3475 ἀμείνονος
2678 3409 2788 3460 αἰεὶ
2813 3408 2907 3474 τῆς
2941 3409 3282 3480 προσθήκης,
3312 3412 3558 3480 τάγαθοῦ
3589 3409 3774 3478 πειριὶν·

2213 3517 2372 3569 μενος
2410 3501 2685 3570 δαίμονος,
2724 3501 2882 3570 ἡμῶν
2915 3503 2975 3553 τι
3022 3520 3099 3554 σοι
3133 3503 3309 3556 ταῦτα
3352 3503 3771 3573 συνευχομένων,

2211 3596 2304 3647 καὶ
2333 3595 2535 3652 στῶ-ιη..
2563 3594 2678 3645 ἀλλ’
2705 3595 2805 3645 οὐκ
2839 3595 2904 3646 ἂν
2930 3595 3199 3664 δυναίμην
3227 3598 3410 3650 εἰπεῖν
3437 3598 3597 3660 ὅσους
3623 3595 3775 3663 ἔτρω-

2213 3704 2333 3751 σας,
2361 3691 2459 3756 τῆς
2485 3704 2542 3739 τε
2576 3687 2675 3756 σῆς
2703 3685 2930 3755 γνώμης
2962 3686 3155 3757 ἑτέραν
3180 3689 3240 3740 οὐ
3269 3687 3570 3760 δεχομένης
3601 3685 3778 3743 ὑπόθε-

2213 3799 2297 3835 σιν
2323 3797 2338 3814 ο
2372 3786 2400 3835 ὀ
2433 3783 2541 3854 γὰρ
2573 3784 2632 3834 οὐ
2671 3783 2846 3850 φίλοις
2885 3781 3067 3849 μόνον,
3102 3783 3239 3836 ἀλλὰ
3272 3787 3374 3838 καὶ
3409 3789 3575 3841 πᾶσιν
3609 3783 3776 3844 ἁπλῶς

2212 3873 2272 3926 εῦ
2305 3874 2402 3942 μὲν
2429 3875 2732 3943 πράττουσι
2763 3875 3148 3943 συνηδόμενος,
3177 3878 3271 3930 ἐπὶ
3297 3879 3360 3932 δὲ
3386 3883 3502 3944 τοῖς
3530 3880 3778 3938 ἐναντίοις

2212 3969 2308 4017 καὶ
2339 3966 2808 4036 μάλ’ἁχοόμενος,
2839 3967 2938 4019 τὸν
2967 3967 3032 4037 δὴ
3061 3967 3301 4024 τοιοῦτον
3337 3973 3456 4035 πῶς
3483 3973 3544 4025 οὐ
3572 3972 3781 4025 διαπαν-

2211 4057 2302 4120 τὸς
2351 4058 2707 4128 εὐθυμεῖσθαι
2757 4059 3037 4130 προσῆκε,
3087 4062 3183 4113 καὶ
3233 4063 3311 4125 ὼς
3367 4065 3570 4134 ἄριστα
3617 4065 3781 4134 ἐχειν;

2224 4149 2412 4219 Ἡμεῖς
2445 4150 2501 4202 δὲ
2539 4151 2731 4220 μικρὸν
2749 4152 2921 4204 ἁναπε
2935 4154 3226 4219 πνενκὸτες
3259 4157 3494 4211 ἐκείνων
3517 4160 3625 4211 τῶν
3654 4158 3778 4210 δυσ·

2211 4243 2423 4311 χερῶν,
2501 4245 2594 4295 καὶ
2645 4244 2780 4314 πρὸς
2823 4244 3081 4314 ἀμείνους
3122 4251 3504 4313 καταστάντες
3545 4249 3778 4311 ἐλπίδας,

2211 4333 2287 4396 ὡς
2322 4335 2452 4405 ῥᾷον
2484 4334 2561 4384 ἔθ’
2585 4335 2816 4404 ἕξομεν,
2854 4338 3045 4408 ἐπειδὴ
3079 4340 3186 4391 τῶν
3222 4340 3430 4414 ίατρῶν
3465 4342 3779 4396 κελευόντων

2214 4426 2566 4496 ἐχρησάμεθα
2596 4427 2862 4496 λουτροῖς,
2893 4427 3050 4492 αῧθις
3081 4426 3148 4484 αὖ
3177 4427 3321 4502 ἦμεν
3350 4437 3410 4487 ἐν
3439 4439 3547 4498 τοῖς
3576 4435 3778 4492 αὐτοῖς’

2213 4523 2308 4572 καὶ
2362 4523 2390 4572 ὁ
2437 4521 2672 4589 πρόσθεν
2754 4521 2963 4592 χειμὼν
3030 4525 3187 4594 ἐπῄει
3245 4529 3607 4598 σφοδρότερος
3641 4540 3652 4552 ·
3695 4523 3781 4577 καὶ

531 4605 730 4659 iterum
761 4607 956 4660 salutis
992 4622 1143 4674 Spem
1179 4608 1558 4673 venissemus;
1599 4609 1688 4661 hic
1721 4625 1848 4662 vero
1879 4610 1945 4663 de
1973 4627 2098 4664 con-

2218 4615 2386 4684 μήπω
2419 4615 2677 4685 καθαρῶς
2707 4588 3219 4688 ἁπηὶίλαχόταςῗτῆς
3250 4588 3606 4690 τυραννίδος,
3639 4621 3666 4672 ὁ
3694 4614 3780 4669 τοῦ

527 4693 656 4746 silio
687 4693 1026 4747 nti-«litorum
1085 4694 1282 4748 balneo
1315 4695 1454 4750 forte
1496 4697 1768 4763 adhibito,
1811 4700 1864 4752 in
1902 4700 2108 4754 eisdem

528 4787 712 4840 denuo
749 4788 908 4839 ntalis
937 4802 1160 4841 eramus
1192 4806 1204 4842 :
1246 4792 1506 4858 priorque
1542 4792 1651 4853 illa,
1688 4792 1779 4844 sed
1815 4794 2113 4847 vehemen-

531 4877 657 4938 tior,
683 4879 972 4946 ingruebat
997 4889 1312 4948 tempestas,
1337 4896 1546 4950 nosque
1569 4884 1808 4935 nondum
1833 4899 1899 4936 ex
1921 4894 2110 4952 tyran-

529 4971 657 5026 nide
683 4971 906 5042 penitus
928 4985 1170 5042 ereptos,
1203 4975 1292 5028 ille
1324 4975 1633 5028 Phalaridis
1655 4978 1753 5030 bos
1786 4980 2028 5031 tenebat.
2050 4978 2108 5031 In

527 5079 694 5118 causa
747 5072 887 5126 erat,
942 5065 1089 5134 quod
1137 5082 1246 5120 non
1295 5079 1607 5136 Opportune
1659 5069 1792 5122 satis
1836 5071 2107 5124 lavatione

532 5157 616 5210 usi
676 5155 994 5220 fuissemus,
1035 5159 1206 5212 multa
1254 5160 1433 5212 adhuc
1475 5161 1599 5212 bilis
1653 5161 1703 5212 vi
1740 5161 2106 5214 ventriculum

529 5253 841 5307 obsidente.
883 5253 1051 5309 Retro
1089 5256 1274 5325 itaque
1318 5272 1439 5310 mox
1475 5257 1754 5326 sublapsa,
1787 5267 1842 5311 et
1873 5259 1930 5312 in
1969 5275 2105 5311 con-

531 5344 764 5396 trarium
821 5345 929 5398 lata
982 5347 1188 5410 omnia,
1244 5347 1505 5417 nullaque
1559 5363 1667 5400 non
1742 5347 1872 5400 mali
1919 5349 2110 5403 aderat

528 5435 764 5504 species,
800 5435 914 5490 sive
946 5438 1148 5502 verius,
1185 5439 1319 5492 nihil
1355 5457 1462 5494 non
1508 5455 1770 5508 ευνιθιιιο
1805 5442 1858 5494 in
1909 5444 2105 5513 gradu.

528 5528 734 5600 Nempe
758 5541 814 5585 et
843 5534 1080 5600 pessime
1105 5534 1298 5589 affecta
1331 5547 1489 5590 erant
1515 5536 1796 5604 intestina,
1827 5537 1898 5592 ita
1926 5548 1983 5592 ut
2017 5539 2105 5593 vix

529 5622 780 5678 attollere
809 5640 895 5678 me
923 5642 987 5681 ac
1016 5628 1200 5683 levare
1233 5643 1472 5698 possem.
1502 5628 1569 5682 Et
1600 5629 1873 5698 reliquum
1907 5645 2110 5706 corpus

533 5714 774 5772 assiduis
795 5719 1242 5790 gravissimisque
1267 5721 1630 5790 torquebatur
1651 5723 1955 5790 doloribus,
1977 5742 2114 5794 quo-

548 5809 695 5865 niam
753 5829 1082 5886 unoquoque
1134 5816 1187 5870 in
1249 5815 1516 5882 membro,
1541 5831 1660 5882 sua,
1690 5827 1748 5870 ut
1799 5817 1870 5872 ita
1909 5819 2109 5885 dicam,

2209 4707 2510 4774 Φαλάριδος
2547 4707 2674 4776 ἔσχε
2712 4706 2859 4777 βοῦς.
2895 4709 3084 4761 Αἰτιον
3116 4710 3172 4762 δὲ
3205 4710 3267 4762 τὸ
3306 4711 3383 4783 μὴ
3421 4712 3566 4764 κατὰ
3598 4708 3782 4777 καιρὸν

2213 4801 2430 4862 πάντως
2463 4800 2784 4863 λελοῦσθαι,
2819 4802 2983 4871 χολῆς
3015 4801 3091 4854 ἐτ’
3119 4803 3356 4874 ἐχούσης
3389 4807 3520 4876 περὶ
3549 4805 3636 4856 τὸν
3668 4801 3779 4856 στό·

2215 4911 2411 4963 μαχον.
2445 4895 2698 4946 Ἀπλιντα
2744 4895 2808 4962 δὴ
2855 4890 2951 4946 οῦν
2989 4894 3155 4956 εὐθὺς
3200 4897 3652 4968 ἀνατέτραπται·
3697 4893 3781 4946 καὶ

2212 4988 2349 5058 πρὸς
2381 4987 2690 5040 τούναντίον
2720 4987 2974 5056 ὡρμήκει
2995 5001 3010 5017 ·
3043 4987 3138 5039 καὶ
3165 4989 3319 5041 οὐδὲν
3353 4992 3380 5042 ὅ
3409 5007 3464 5042 τι
3499 4991 3574 5061 μὴ
3609 4988 3780 5057 παρῆν

2213 5080 2321 5132 τῶν
2345 5080 2535 5132 δεινῶν
2555 5095 2568 5109 ·
2601 5079 2802 5148 μᾶλλον
2826 5077 2881 5128 δὲ
2907 5079 3059 5130 οὐδὲν
3083 5081 3110 5131 ὃ
3134 5097 3187 5132 τι
3215 5082 3272 5133 οὐ
3303 5083 3426 5146 μεθ’
3447 5082 3745 5149 ὑπερϐολῆς
3765 5094 3777 5108 ⁸

2214 5175 2282 5227 τά
2314 5191 2373 5224 τε
2412 5174 2521 5241 γὰρ
2560 5173 2708 5226 ἔνδον
2747 5175 2998 5242 πονήρως
3037 5173 3230 5242 ἔσχεν,
3272 5176 3346 5235 ὠς
3391 5176 3515 5244 μηδ’
3543 5174 3782 5241 ἀνασχεῖν

2211 5261 2324 5318 οἷον
2354 5267 2403 5318 τ’
2430 5261 2603 5329 εἶναι,
2641 5266 2704 5317 τό
2735 5283 2794 5318 τε
2837 5265 2998 5334 σῶμα
3047 5268 3278 5328 πυκναῖς
3313 5267 3396 5319 ὅτι
3435 5268 3664 5335 μάλιστα
3699 5262 3783 5315 καὶ

2217 5359 2464 5428 βαρείαις
2505 5359 2712 5428 ἔκαμνε
2749 5359 2870 5420 ταῖς
2894 5357 3114 5420 ὀδύναις
3153 5359 3295 5410 κατὰ
3339 5359 3541 5416 παντὸς
3578 5355 3782 5410 ὁτουοῦν

2217 5451 2410 5521 μέλους
2433 5491 2448 5515 ,
2486 5449 3064 5519 ἐστρατοπεδευκότων
3101 5451 3176 5512 ὡς
3217 5451 3396 5502 εἰπεῖν
3435 5453 3546 5502 τῶν
3583 5445 3780 5502 δεινῶν.

2214 5545 2326 5596 Καὶ
2355 5542 2545 5597 σιωπῶ
2575 5544 2851 5614 στομάχου
2882 5542 3208 5612 κατάψυξιν,
3235 5542 3331 5595 καὶ
3357 5541 3457 5612 τὴν
3485 5559 3549 5594 πε
3562 5543 3613 5612 pi
3639 5534 3783 5592 πάντ’

2217 5637 2432 5703 ἀηδίαν,
2477 5640 2572 5690 καὶ
2613 5639 2739 5700 τοὺς
2777 5638 2866 5689 ὅτε
2907 5653 2960 5689 τι
2997 5635 3110 5688 τῶν
3149 5637 3205 5689 ὲν
3247 5637 3362 5698 τοῖς
3403 5635 3660 5694 τοιούτοις
3702 5626 3784 5681 ὑπ’

2217 5729 2467 5798 ἀνάγκης
2525 5731 2834 5801 προσιέμην
2857 5772 2871 5795 ,
2908 5731 3085 5782 αὐτίκ’
3113 5727 3484 5789 ἀπαντῶντας
3547 5727 3787 5803 ἐμέτους..

2232 5821 2372 5874 ⁶Λ).λ“
2403 5823 2624 5892 ﬁniam!
2657 5841 2800 5887 τινες
2836 5823 3074 5894 ἑκάστης
3107 5824 3321 5893 ἡμέρας
3361 5823 3414 5883 ὲ,
3457 5821 3596 5890 μῆνα
3636 5814 3784 5866 κατέ·
