4018 6422
308 376 410 441 4.7

1734 381 1851 442 ΕΡΞ
1866 381 2137 441 STOLE.

3474 389 3576 449 «lli

311 508 471 563 σχον,
503 489 668 544 δεινοὶ
706 489 805 562 μὲν
841 489 1100 562 ἐκτρὶιίιαι
1136 492 1228 544 καὶ
1266 481 1600 546 καταϐαλεῖν
1625 507 1638 520 ·
1675 493 1774 563 οὐχ
1809 494 1880 546 ὅτε

1995 505 2194 562 castra,
2237 495 2320 549 vis
2363 494 2539 550 morbi
2602 506 2884 564 posuerat.
2938 501 3118 570 Atque
3177 509 3330 557 taceo
3389 511 3577 560 tamen

305 603 370 654 γε
401 587 552 654 ἡμᾶς
579 586 706 647 τοὺς
736 585 836 654 ἤδη
869 584 1407 656 διαπεπραγμένους,
1443 586 1538 638 καὶ
1571 585 1763 656 ὥσπερ
1796 605 1894 640 κα-

312 678 519 744 μόντων
552 676 770 728 εἴδωλον
803 675 998 739 ὂντας,
1031 677 1167 729 ἀλλὰ
1199 677 1294 730 καὶ
1323 679 1448 740 τοὺς
1485 677 1616 742 μάλ’
1641 677 1888 748 ἐρρωμέ-

306 787 430 829 νους
455 769 516 820 vi;
547 769 724 837 σῶμα,
755 769 850 821 καὶ
877 769 976 836 τὴν
1012 769 1347 840 Ἡρακλέους
1377 771 1630 839 ἴσχοντας
1660 769 1853 840 ῥώμην
1872 787 1888 801 ·

304 859 595 929 δεινότεροι
629 860 722 926 δὲ,
755 861 834 928 τῷ
868 862 1061 924 νυκτὸς
1093 863 1408 932 ἀρχομένης
1441 860 1606 924 εὐθὺς
1639 862 1888 926 ἐπιέναι,

307 955 378 1016 ὡς
414 953 538 1024 μηδ’
567 951 737 1006 ῦπνου
767 953 1060 1023 λαγχάνειν
1089 953 1352 1007 δύνασθαι
1375 969 1390 984 ι
1423 949 1524 1007 εἷθ’
1547 953 1730 1021 ἕτεροι
1761 969 1888 1005 του-

305 1049 455 1096 τουσὶ
490 1043 857 1112 διαδέχονται,
889 1044 950 1096 ού
986 1044 1130 1096 κατὰ
1162 1045 1333 1096 ταύτὰ
1365 1043 1736 1112 διακείμενοι,
1771 1042 1886 1094 ἀλλ’

307 1139 541 1199 ἐοικότες
569 1140 681 1200 τοῖς
712 1137 880 1190 πάλαι
907 1153 920 1168 ·
955 1133 1052 1190 εἶτ’
1079 1132 1236 1200 αὖθις
1268 1138 1450 1200 ἄλλοι,
1485 1137 1578 1189 καὶ
1613 1137 1758 1206 μάλα
1791 1136 1886 1190 ἀλ-

305 1230 424 1290 λοι,
470 1227 663 1298 ῶσπερ
707 1229 814 1282 ἀπὸ
859 1230 1224 1298 συνθήματος.
1275 1230 1385 1282 Καὶ
1431 1231 1590 1298 ἡμεῖς
1634 1231 1694 1282 ἐν
1737 1229 1888 1298 φόϐῳ

305 1321 486 1392 πολλῷ
521 1325 611 1375 καὶ
649 1321 892 1392 ταράχῳ,
929 1323 1040 1376 τῶν
1078 1323 1177 1392 μὲν
1213 1322 1420 1393 ίατρῶν
1455 1325 1568 1376 ἄνω
1603 1323 1699 1375 καὶ
1735 1323 1886 1376 κάτω

305 1414 590 1484 βοώντων,
623 1413 698 1477 ὡς
732 1415 827 1467 ἐπὶ
863 1413 1057 1482 θύραις
1087 1416 1122 1483 ἡ
1160 1413 1426 1484 τελευτὴ,
1463 1415 1558 1468 καὶ
1592 1413 1744 1467 οὐδὲν
1775 1417 1882 1485 χρὴ

306 1507 524 1577 μέλλειν
547 1505 656 1558 οὐδ’
683 1505 1039 1570 ἀναδύεσθαι,
1085 1506 1224 1559 ἀλλὰ
1249 1505 1346 1559 καὶ
1369 1507 1632 1576 πράττειν
1655 1504 1691 1560 ὃ.
1713 1505 1886 1574 πράτ-

302 1617 419 1654 τειν
463 1600 696 1670 μάλιστα
735 1601 866 1670 χρή.
905 1580 1340 1670 Θορυόουμένων
1377 1599 1434 1653 δὲ
1473 1601 1581 1653 τῶν
1623 1601 1880 1670 ἑταίρων,

300 1695 396 1746 καὶ
431 1693 837 1763 προστιθέντων
869 1694 1138 1762 οἰμωγαῖς
1171 1694 1423 1762 οίμωγάς
1444 1733 1459 1756 ,
1494 1694 1590 1746 καὶ
1625 1709 1880 1760 συνευχο»

305 1787 483 1854 μένων
515 1783 800 1856 ῥαστώνην
825 1800 840 1815 ο
873 1786 1002 1849 τοὺς
1032 1784 1126 1838 οὖν
1153 1786 1298 1837 οὓτω
1333 1785 1431 1853 μὲν
1461 1783 1706 1852 ἔχοντας,
1739 1785 1794 1835 ἐν
1821 1780 1882 1836 δὲ

300 1879 568 1931 τοσούτων
608 1877 768 1940 ὄντας
809 1877 999 1932 δεινῶν
1045 1877 1368 1948 μεσημϐρία
1392 1916 1406 1940 .
1472 1877 1786 1948 μηδαμόθεν
1823 1877 1881 1930 δὲ

301 1970 545 2040 χρηστῆς
587 1969 662 2024 ἔτ’
688 1969 858 2042 οὔσης
896 1971 1146 2037 ἐλπίδος,
1179 1971 1292 2025 τῶν
1327 1971 1376 2024 δ’
1402 1970 1660 2024 ἐναντίων
1704 1971 1880 2024 ἁπάν-

299 2081 442 2127 των,
475 2063 570 2117 καὶ
601 2068 712 2128 τοῖς
747 2065 848 2135 μὲν
877 2064 1023 2128 ὅλοις
1055 2065 1428 2134 ἀπειρηκότας
1461 2065 1648 2136 σχεδὸν
1668 2105 1684 2130 ,
1719 2066 1882 2134 μόνον

299 2158 356 2210 δέ
389 2157 488 2229 τὴν
523 2159 651 2230 περὶ
691 2159 872 2230 ψυχῆς
915 2160 1161 2224 θέοντας,
1200 2161 1403 2229 μᾶλλον
1435 2160 1493 2214 δὲ
1525 2159 1603 2230 τῷ
1645 2159 1882 2231 πλείστῳ

298 2249 629 2318 τεθνηκότας
653 2249 747 2302 τοῦ
777 2249 916 2317 βίου,
939 2249 985 2302 ὢ
1007 2249 1110 2320 τῆς
1133 2251 1343 2318 ἁφάτου
1369 2250 1498 2321 περὶ
1521 2251 1670 2322 ἡμᾶς
1695 2250 1883 2318 φιλαν-

300 2341 547 2412 θρωπίας
585 2340 759 2394 Θεοῦί
796 2341 1026 2408 ὑφέσθαι
1061 2359 1121 2396 τε
1159 2342 1510 2412 παραχρῆμα
1555 2341 1752 2408 ξυνέϐη
1785 2338 1880 2394 τοῦ

300 2434 520 2488 τοσοῦδε
591 2433 886 2501 κλύδωνος,
927 2435 1025 2487 καὶ
1065 2434 1164 2504 τῆς
1212 2433 1486 2505 προτέρας
1535 2434 1634 2504 μὲν
1671 2433 1773 2486 ούκ
1816 2433 1883 2486 ἂν

301 2528 496 2598 φαίην,
523 2528 714 2596 ὑγείας
745 2527 790 2580 δ’
817 2523 910 2581 οὗν
937 2527 1288 2598 ἐπειλῆφθαι,
1324 2527 1472 2598 μάλα
1505 2527 1606 2596 μὲν
1635 2526 1880 2597 ἡδίστης,

299 2623 382 2673 ὅτι
415 2621 615 2694 παρῄει
646 2621 799 2692 παρὰ
829 2622 1012 2674 πᾶσαν
1043 2619 1296 2692 ἡντινοῦν
1348 2619 1701 2689 προσδοκίαν,
1737 2618 1883 2688 μάλα

299 2716 355 2768 δὲ
387 2716 764 2786 πιθανωτάτης
791 2714 856 2768 ἂν
888 2716 985 2770 καὶ
1016 2717 1253 2769 εἰσάπαν
1313 2714 1567 2784 ἀφῖχθαι.
1622 2713 1732 2764 Καὶ
1785 2710 1882 2766 νῦν

299 2807 410 2868 τοῖς
437 2805 634 2870 ὁρῶσιν
681 2804 872 2877 ῶσπερ
934 2806 1367 2860 ἁναὸεὸιωκόσιν
1429 2805 1709 2875 ἐοίκαμεν.
1773 2804 1883 2856 Καὶ⁴

300 2893 394 2946 νῦν
427 2895 526 2962 μὲν
552 2896 650 2958 τὰς
684 2895 932 2964 κεφαλὰς
985 2895 1283 2960 κινοῦντες,
1357 2894 1450 2949 νῦν
1479 2895 1536 2946 δὲ
1595 2893 1672 2946 τὼ
1729 2895 1882 2962 χεῖρε

299 2986 690 3052 πατάσσοντες,
754 2988 1214 3054 ἀπαλλάττονται,
1258 2987 1390 3056 Θεῷ¹
1436 2987 1597 3056 χάριν
1650 2985 1880 3050 εἰδότες,

297 3077 374 3148 τῷ
433 3079 610 3132 πάντα
666 3078 766 3150 μὲν
820 3079 1124 3150 δυναμένῳ,
1187 3079 1368 3133 πάντα
1427 3077 1482 3131 δὲ
1512 3075 1756 3131 ποιοῦντι
1784 3077 1880 3128 καὶ

1997 587 2288 642 ventriculi
2348 587 2843 656 refrigerationem,
2896 593 3218 664 tristemque
3260 596 3329 650 ad
3388 598 3576 652 omnia
3628 642 3634 648 .

1994 693 2281 742 nauseam,
2314 687 2370 732 et
2405 679 2577 743 illico,
2631 691 2688 734 ut
2737 683 2971 751 aliquid,
3011 687 3156 754 quod
3197 687 3262 740 ad
3299 688 3576 759 ejusmodi

1995 772 2250 826 morbum
2286 775 2467 826 facere
2517 775 2674 836 solet,
2721 764 3051 832 necessitate
3085 791 3304 850 coactus
3356 797 3572 836 assum-

1993 867 2250 934 psissem,
2299 877 2656 921 occurrentes
2696 871 2954 925 vomitus.
3008 871 3127 926 Jam
3186 881 3240 926 et
3300 876 3576 929 continua:

1992 961 2239 1026 quaedam
2289 959 2733 1028 quotidianazque
2783 961 2966 1017 febres
3020 981 3262 1021 mensem
3299 967 3573 1036 integrum

1992 1051 2268 1114 tenebant,
2317 1066 2504 1120 eazque
2557 1067 2663 1106 non
2723 1069 2826 1108 uos
2867 1056 3052 1120 modo,
3095 1059 3206 1122 jam
3259 1067 3372 1111 tum
3415 1060 3575 1126 plane

1993 1143 2297 1207 confectos,
2329 1152 2385 1198 et
2421 1143 2697 1222 quoddam
2739 1148 2896 1216 quasi
2933 1151 3290 1204 simulacrum
3325 1162 3573 1206 mortuo.

1989 1253 2112 1291 rum
2147 1238 2277 1308 (Ἰλ.
2307 1236 2379 1307 ψ’,
2403 1237 2473 1292 72
2501 1238 2647 1307 (δια),
2679 1240 2774 1294 sed
2803 1249 2856 1293 et
2883 1256 3113 1311 corpore
3141 1257 3302 1311 quam
3337 1245 3571 1297 maxime

1987 1330 2258 1394 valentes,
2295 1329 2691 1402 llerculeisque
2739 1332 2996 1403 praeditos
3039 1335 3274 1391 viribus.
3312 1334 3571 1404 frangere

1987 1435 2051 1475 ac
2099 1432 2477 1490 prosternere,
2535 1439 2670 1478 sane
2715 1441 2878 1494 quam
2928 1425 3161 1480 idoneaz.
3215 1426 3391 1480 Tanto
3441 1442 3572 1480 vero

1985 1512 2190 1567 eaedem
2221 1515 2524 1583 graviores,
2551 1517 2698 1584 quod
2740 1517 2842 1571 sub
2888 1518 3119 1588 primam
3154 1518 3458 1572 identidem
3493 1519 3588 1588 l'a-~

1987 1619 2106 1658 cem
2153 1618 2527 1672 recurrerent,
2571 1617 2634 1663 ut
2676 1624 2744 1664 ne
2787 1625 3038 1664 somnum
3072 1626 3265 1680 capere
3297 1613 3568 1681 integrum

1985 1703 2150 1749 esset.
2173 1695 2320 1762 Quas
2353 1713 2479 1751 mox
2503 1698 2644 1760 aliae,
2672 1715 2772 1754 nec
2799 1701 3207 1769 ejusdemmodi
3237 1712 3444 1767 tamen,
3475 1703 3572 1757 sed

1985 1787 2368 1857 superioribus
2390 1789 2498 1842 illis
2515 1789 2830 1858 simillimae,
2855 1791 3224 1862 excipiebant,
3247 1806 3359 1848 tum
3379 1809 3574 1848 rursus

1987 1880 2126 1944 alim,
2169 1881 2397 1948 aliaeque
2445 1883 2780 1952 complures,
2836 1893 3098 1953 tanquam
3145 1900 3212 1938 ex
3259 1896 3571 1954 compacto.

1987 1970 2180 2043 Magna
2229 1972 2398 2044 igitur
2446 1988 2549 2029 nos
2602 1974 2659 2028 in
2719 1974 3038 2039 formidine,
3090 1991 3284 2046 magno
3329 1978 3567 2032 tumultu

1984 2066 2362 2133 versabamur,
2391 2081 2520 2120 cum
2555 2065 2786 2121 medicis
2815 2081 3032 2121 sursum
3067 2068 3441 2138 deorsumque
3461 2069 3572 2120 ela-

1983 2155 2332 2222 mitantibus,
2386 2156 2721 2228 jamjamque
2775 2172 2888 2226 prae
2938 2157 3152 2213 foribus
3203 2159 3329 2214 vita
3374 2161 3570 2216 adesse

1986 2250 2174 2310 finem.
2204 2265 2307 2304 nec
2332 2251 2505 2304 ullum
2539 2265 2708 2306 morae
2729 2262 2896 2320 atque
2921 2251 3360 2321 tergiversationi
3387 2253 3568 2307 locum

1987 2341 2254 2411 relinqui,
2309 2358 2500 2397 verum
2555 2353 2806 2406 strenue,
2841 2344 3110 2413 quidquid
3155 2343 3299 2400 facto
3333 2345 3570 2399 maxime

1985 2447 2123 2502 opus
2151 2445 2318 2497 esset,
2349 2449 2470 2488 esse
2503 2433 2890 2496 factitandum.
2925 2445 3038 2488 tum
3071 2435 3264 2489 amicis
3297 2435 3570 2488 tumultu-

1979 2527 2234 2590 antibus,
2267 2527 2628 2597 planctusque
2657 2527 2966 2592 planctibus
2995 2528 3482 2598 ingeminantibus,
3514 2537 3572 2584 et

1982 2617 2356 2674 levamentum
2411 2619 2664 2674 dolorum
2695 2619 3031 2689 optantibus.
3076 2621 3234 2676 llunc
3269 2630 3452 2675 autem
3484 2623 3568 2676 af-

1984 2710 2147 2768 fectis
2199 2712 2255 2766 in
2303 2711 2554 2775 modum,
2602 2712 2831 2780 ipsoque
2864 2713 3035 2768 veluti
3073 2723 3152 2768 tot
3192 2713 3460 2768 malorum
3513 2715 3568 2769 in

1986 2803 2220 2859 meridie
2249 2802 2470 2872 positis,
2501 2799 2643 2857 bona
2679 2804 2826 2857 nulla
2859 2803 3114 2858 alicunde
3147 2805 3382 2874 amplius
3410 2805 3572 2860 afful-

1983 2900 2148 2967 gente
2199 2909 2316 2966 spe,
2371 2895 2482 2949 imo
2535 2911 2666 2949 vero
2703 2895 2827 2950 aliis
2865 2911 2932 2950 ex
2978 2897 3260 2952 contrario
3285 2897 3565 2962 omnibus,

1985 3000 2314 3056 summaque
2345 3001 2530 3040 rerum
2563 2986 2816 3040 omnium
2849 2987 3236 3056 desperatione
3270 3003 3570 3058 propemo-

1987 3075 2116 3130 dum
2141 3074 2593 3130 conilictantibus
2615 3116 2632 3141 ,
2664 3083 2720 3130 et
2749 3085 3064 3131 extremum
3100 3092 3249 3132 nunc
3278 3077 3346 3132 de
3386 3077 3568 3132 anima

299 3169 763 3238 μετασκευάζοντι
789 3171 940 3242 μόνῳ
966 3171 1044 3241 τῷ
1073 3169 1385 3240 βούλεσθαι.
1416 3171 1608 3240 Ἡμεῖς
1641 3170 1739 3238 μὲν
1763 3166 1880 3234 οὖν,

1988 3167 2346 3223 currentibus
2376 3167 2738 3232 curriculum,
2773 3170 2890 3223 sive
2936 3169 3142 3237 potius,
3175 3169 3410 3223 maxima
3445 3169 3571 3222 vitae

295 3261 410 3312 αἰεὶ
442 3260 574 3314 Θεοῦ
617 3261 882 3328 διδόντος,
925 3264 1061 3331 πρὸς
1101 3263 1170 3316 τὰ
1213 3261 1412 3334 βελτίω
1451 3261 1746 3334 χωροῦμεν
1789 3263 1880 3317 καὶ

295 3351 480 3424 ζῶμεν
517 3353 634 3420 μετ’
659 3353 881 3420 ἀγαθῶν
913 3355 1024 3406 τῶν
1058 3353 1329 3418 ἐλπίδων,
1363 3356 1550 3408 ἐκεῖνα
1585 3354 1876 3420 παθόντες,

300 3437 377 3497 ὧν
411 3445 508 3498 καὶ
537 3445 599 3498 τὸ
665 3446 982 3516 μεμνῆσθαι
1028 3447 1190 3516 μόνον
1223 3446 1530 3518 κατηφείας
1573 3447 1837 3510 ὑπόθεσις
1861 3461 1876 3476 ο

308 3533 558 3608 Ἰεροθέῳ
581 3535 638 3590 δὲ
662 3535 738 3607 τῷ
763 3536 916 3607 καλῷ
946 3537 1117 3590 πολλὰ
1140 3537 1324 3607 ἀγαθὰ
1348 3539 1578 3606 γένοιτο,
1605 3537 1706 3608 ούχ
1730 3538 1878 3600 ὅπως

291 3624 362 3702 ἧς
400 3629 512 3702 ἔχει
555 3633 928 3702 χρηστότητος
970 3631 1066 3684 καὶ
1105 3631 1442 3698 ἐπιεικείας,
1479 3631 1578 3684 καὶ
1612 3631 1708 3684 τοῦ
1749 3631 1880 3700 περὶ

295 3723 555 3777 πλείστου
577 3725 673 3778 καὶ
694 3723 988 3794 βούλεσθαι
1009 3725 1105 3778 καὶ
1126 3724 1421 3790 ποιεῖσθαι,
1445 3717 1880 3794 ὥσπεράγαλμά

292 3831 346 3867 τι
365 3813 652 3881 πάγκαλον
676 3813 765 3869 διὰ
787 3815 1008 3868 πάντων
1028 3817 1130 3885 τὴν
1150 3814 1330 3886 ψυχὴν
1353 3815 1736 3886 ἐξειργάσθαι·
1760 3813 1876 3867 ἀλλ’

294 3906 376 3959 ὅτι
407 3907 578 3974 κάμοὶ
607 3907 755 3976 μάλα
785 3909 1051 3978 κάμνοντι
1082 3907 1177 3960 καὶ
1205 3907 1750 3977 ταλαιπωρουμένῳ,
1785 3907 1878 3960 καὶ

292 3999 348 4052 τί
391 4001 499 4068 γὰρ
545 4000 677 4054 ἄλλο
721 4001 754 4070 ἣ
801 4001 968 4053 πᾶσιν
1009 4001 1196 4063 ἁπλῶς
1243 4001 1336 4054 ὑπ’
1367 3999 1598 4070 ἀπορίας
1641 3999 1877 4069 δυσαρε-

297 4091 514 4144 στοῦντι
533 4094 674 4146 κατὰ
701 4093 799 4161 τὴν
825 4091 1136 4164 τραγῳδίαν
1153 4093 1314 4164 μόνος
1343 4093 1466 4145 ἀντὶ
1485 4094 1706 4147 πάντων
1736 4110 1880 4164 παρ-

291 4185 394 4256 ῆν,
455 4185 766 4256 ὑπανέχων,
799 4186 1105 4254 κουφίζων,
1137 4185 1458 4258 θεραπεύων
1489 4185 1548 4238 εῦ
1585 4185 1749 4256 μάλα,
1787 4187 1880 4240 καὶ

294 4280 394 4350 τὴν
421 4281 524 4349 μὲν
546 4281 626 4344 είς
653 4281 814 4334 αὐτὸν
835 4281 1079 4349 ἤκουσαν
1100 4280 1203 4333 οὐκ
1227 4281 1727 4348 ἐγκαταλιμπάνων
1755 4294 1881 4330 συν-

292 4373 544 4438 τέλειαν,
581 4375 715 4426 πᾶσι
748 4373 792 4427 δ’
818 4369 899 4435 οἷς
932 4367 1044 4436 οἷός
1075 4373 1125 4426 τ’
1151 4368 1219 4440 ἦν
1253 4373 1353 4435 τὰς
1384 4371 1579 4433 ὀδύνας
1613 4370 1879 4442 παράγων

293 4469 391 4518 καὶ
425 4467 818 4536 συναιρόμενος
848 4468 911 4518 τὰ
944 4466 1282 4535 γιγνόμενα,
1313 4465 1373 4517 τὸ
1403 4463 1692 4533 λαθικηδὲς
1726 4463 1876 4516 ἄντι-

1983 3263 2273 3334 parteiam
2299 3262 2596 3329 defunctis,
2623 3279 2656 3318 ο
2691 3265 3122 3322 inenarrabilem
3165 3266 3261 3322 Dei
3292 3282 3420 3338 erga
3464 3283 3566 3324 nos

1983 3352 2382 3424 benignitatem
2413 3354 2638 3410 lsubito
2669 3369 2798 3410 sane
2832 3359 3084 3428 contigit,
3117 3365 3177 3411 ut
3205 3366 3357 3412 tanto
3383 3359 3568 3413 subsi-

1983 3447 2149 3501 dente
2204 3449 2474 3503 undarum
2531 3447 2702 3503 fluctu
2736 3449 3086 3519 eriperentur
3137 3451 3564 3521 sanitatemque,

1983 3537 2130 3593 haud
2159 3538 2304 3592 illam
2336 3541 2558 3609 quidem
2595 3539 2882 3611 pristinam
2915 3542 3174 3607 dixerim,
3206 3545 3300 3598 sed
3325 3545 3566 3614 aliquam

1985 3637 2190 3692 tamen,
2219 3630 2721 3698 prehenderemus,
2775 3643 3007 3700 eamque
3029 3631 3188 3702 longe
3217 3640 3332 3684 tum
3358 3631 3568 3686 dulcis-

1980 3723 2202 3788 simam,
2243 3723 2450 3792 quippe
2496 3739 2564 3777 ex
2594 3723 2882 3792 inopinato
2912 3725 3130 3794 penitus
3176 3725 3569 3794 insperatoque

1983 3817 2268 3886 allapsam,
2312 3825 2426 3870 tum
2470 3831 2634 3885 quam
2681 3817 2956 3886 propriam
3007 3831 3072 3871 ac
3111 3829 3428 3886 perpetuam
3472 3833 3568 3874 vc-

1981 3908 2154 3976 nissc,
2179 3922 2315 3963 vero
2343 3924 2508 3978 quam
2537 3908 2882 3963 simillimum
2905 3908 2997 3963 sit.
3029 3909 3148 3962 Jam
3174 3909 3361 3978 itaque
3383 3912 3567 3965 visen-

1985 4002 2134 4058 tibus
2179 4001 2330 4057 velut
2382 4016 2450 4056 ex
2496 3999 2826 4057 'Aeheronte
2879 4003 3100 4056 excitati
3147 4002 3420 4062 videmur,
3473 4001 3569 4072 qui

1983 4097 2188 4168 partim
2221 4097 2382 4152 motis
2411 4095 2710 4166 capitibus,
2742 4099 2941 4166 partim
2978 4095 3280 4166 complosis
3314 4095 3570 4148 manilms

1985 4205 2014 4244 a
2048 4190 2206 4244 nobis
2232 4189 2462 4252 abeunt,
2484 4192 2708 4258 Deoque
2731 4189 2963 4259 gratiam
2999 4189 3223 4251 habent,
3257 4190 3350 4256 qui
3381 4187 3567 4242 omnia

1987 4294 2102 4338 tum
2129 4293 2333 4354 potest,
2364 4291 2478 4336 tum
2512 4283 2644 4337 facit
2668 4283 3156 4350 transformatque,
3191 4281 3309 4336 solo
3335 4280 3568 4336 arbitrio

1985 4391 2110 4431 suo.
2153 4376 2362 4446 (Amos,
2403 4390 2460 4440 v,
2492 4374 2570 4442 8.)
2602 4374 2696 4429 Sic
2739 4389 2842 4430 nos
2869 4374 3039 4444 igitur
3073 4373 3193 4428 Deo
3225 4374 3410 4429 dante.
3442 4389 3570 4442 per-

1984 4477 2156 4540 petuo
2184 4468 2252 4522 ad
2287 4467 2510 4522 meliora
2535 4467 2940 4536 progredimur,
2970 4480 3176 4534 speque
3201 4466 3405 4534 optima
3429 4465 3568 4518 vivi-

293 4577 432 4629 κρυς
464 4561 642 4613 ἐκεῖνο
674 4562 764 4613 καὶ
797 4555 878 4622 οἷς
913 4558 1065 4624 ἔλεγε
1098 4558 1193 4610 καὶ
1225 4553 1304 4615 οἷς
1337 4557 1580 4628 ἔπραττε
1612 4555 1878 4626 γιγνόμε-

1987 4577 2131 4624 mus,
2158 4577 2220 4616 ea
2247 4560 2506 4615 videlicet
2527 4559 2794 4628 perpessi,
2823 4574 2944 4628 qua:
2969 4557 3051 4610 vel
3083 4557 3266 4612 animo
3295 4563 3564 4610 duntaxat

291 4671 382 4708 vo;
421 4655 739 4722 φάρμακον.
773 4654 870 4716 Ὃς
911 4653 968 4704 ἐν
1007 4651 1108 4720 μὲν
1141 4653 1262 4714 ταῖς
1297 4649 1726 4716 ἅλλεπαλλήλοις
1760 4649 1874 4702 τῶν

291 4745 484 4797 δεινῶν
514 4743 859 4813 τρικυμίαις,
885 4747 980 4796 καὶ
1005 4745 1120 4805 τοῖς
1149 4741 1406 4810 μεγάλοις
1435 4742 1664 4803 ἐκείνοις
1691 4740 1877 4810 κύμα-

293 4855 412 4898 σιν,
444 4837 594 4890 οὺέἐν
621 4832 784 4909 ἦττον
813 4837 995 4905 ἀλγῶν
1023 4836 1278 4900 διετέλει,
1314 4837 1408 4888 καὶ
1437 4836 1534 4905 τὴν
1563 4834 1746 4906 ψυχὴν
1775 4852 1878 4888 κα-

293 4927 572 4994 τακλύζων
607 4929 850 5000 ἀθυμίας
887 4929 1073 5000 ῥοθίῳ,
1118 4928 1280 4982 ὁπότε
1314 4927 1357 4981 δ’
1397 4924 1556 4990 αὖθις
1595 4928 1876 4998 ραῑσαιμι,

293 5021 389 5072 καὶ
433 5018 594 5078 αὐτὸς
643 5021 933 5089 ἀναφέρων
978 5023 1074 5073 καὶ
1140 5019 1406 5090 μεθιστὰς
1451 5019 1533 5080 εἰς
1575 5018 1876 5086 εὐθύμους.

293 5112 487 5166 Καίτοι
514 5112 566 5164 τί
587 5112 754 5180 λέγω;
779 5114 1040 5176 πολλάκις
1068 5112 1177 5182 γὰρ
1208 5115 1302 5165 καὶ
1333 5113 1470 5183 πρὸς
1489 5113 1720 5176 πολλοὺς
1735 5111 1876 5179 διεξι-

291 5207 377 5278 ¹ξιει
401 5208 560 5277 ἡμῶν
585 5206 918 5270 ἀκουόντων,
978 5211 1070 5260 καὶ
1095 5207 1258 5276 ὅρκον
1284 5207 1394 5270 τοῖς
1423 5208 1632 5276 ῥήμασι
1661 5223 1882 5276 προστι-

290 5301 428 5364 θεὶς,
453 5299 528 5362 ὡς
552 5299 724 5370 ἥδιστ’
745 5299 812 5352 ἂν
836 5297 992 5368 εἴπερ
1019 5296 1087 5370 ἦν
1109 5300 1366 5368 ἐθελῆσαι
1393 5299 1490 5368 τὴν
1515 5300 1686 5367 τύχην
1711 5298 1879 5351 ἀλλάο

289 5391 488 5456 ξασθαι
513 5405 527 5420 ·
573 5390 777 5460 μᾶλλον
817 5389 874 5442 δὲ
917 5391 1011 5443 καὶ
1049 5394 1150 5458 τὴν
1192 5390 1371 5460 ψυχὴν
1415 5388 1482 5442 ἂν
1523 5390 1694 5457 αὐτὴν
1737 5389 1879 5456 ὑπὲρ

288 5483 450 5554 ἡμῶν
481 5484 715 5552 ἑτοίμως
750 5483 1040 5554 προέσθαι.
1077 5483 1345 5546 Ἰόσούτος
1378 5481 1527 5550 αὐτῷ
1561 5481 1716 5549 λόγος
1747 5483 1877 5534 τοὺ-

293 5575 397 5645 μοῦ
438 5578 743 5644 περιόντος.
773 5574 938 5628 Ὅθεν
973 5575 1112 5642 φιλῶ
1151 5579 1247 5644 μὲν
1283 5574 1449 5627 αὐτὸν
1485 5573 1602 5627 ἴσον
1638 5575 1745 5644 ἐμῇ
1785 5591 1880 5626 κε-

290 5671 462 5741 φαλῇ,
488 5672 583 5722 καί
607 5672 712 5739 τήν
739 5687 804 5738 γε
835 5673 1008 5742 μέσην
1039 5669 1224 5740 χώραν
1251 5671 1349 5738 τῆς
1379 5669 1559 5739 ψυχῆς
1587 5668 1876 5738 ἀπονέμω,

290 5763 625 5834 συνεύχομαι
651 5763 707 5817 δὲ
731 5765 934 5834 τυχεῖν,
959 5758 1033 5818 ὧν
1059 5767 1240 5833 τυχεῖν
1268 5761 1596 5826 ἐσπούδακε,
1640 5761 1736 5813 καὶ
1761 5763 1876 5821 ταῖς

257 5907 265 5913 .
289 5859 400 5914 τῶν
433 5859 648 5930 ἀρετῶν
677 5859 920 5924 ἀρδείαις
949 5860 1050 5930 τὴν
1077 5858 1256 5930 ψυχὴν
1289 5858 1554 5928 τεθηλότα
1574 5897 1588 5922 ,
1625 5858 1875 5926 καρποὺς

1987 4651 2274 4706 revolvere
2321 4650 2504 4720 pigeat
2547 4650 2874 4718 tmdeatque.
2932 4646 3156 4718 Optimo
3197 4663 3329 4701 vero
3365 4647 3562 4702 Hiero-

1982 4743 2114 4797 theo
2145 4742 2286 4796 bona
2315 4741 2499 4796 omnia
2565 4741 2841 4805 eveniant,
2883 4755 3101 4810 precor,
3137 4756 3244 4794 non
3279 4741 3349 4794 ob
3375 4739 3563 4809 probi-

1985 4843 2152 4889 tatem
2185 4843 2394 4888 tantum
2425 4833 2938 4901 humanitatemque
2968 4848 3146 4896 suam,
3169 4831 3314 4902 quod
3349 4846 3562 4886 suum-e

1982 4927 2116 4984 item
2157 4937 2270 4982 tum
2323 4926 2532 4989 studet,
2589 4936 2702 4979 tum
2757 4927 2996 4979 maximo
3043 4925 3097 4980 in
3149 4924 3326 4994 pretio
3378 4925 3564 4984 lldlu'i,

1982 5021 2222 5074 animam
2259 5035 2413 5076 suam
2443 5019 2591 5074 velut
2623 5019 2980 5073 l'aberrimum
3013 5019 3564 5088 pulcherrimumque

1983 5112 2259 5182 quoddam
2299 5113 2538 5180 signum.
2579 5111 2729 5164 omni
2765 5126 2832 5164 ex
2871 5122 3025 5180 parte
3051 5125 3341 5174 exornare,
3375 5126 3563 5162 verum

1981 5205 2146 5258 etiam
2171 5202 2318 5273 quod
2347 5203 2476 5257 mihi
2501 5203 2822 5273 gravissime
2845 5203 3127 5274 aegrotanti
3155 5202 3562 5268 laborantiqnc,

1985 5295 2190 5366 quidve
2244 5296 2418 5357 aliud,
2477 5313 2640 5367 quam
2691 5311 2802 5366 prae
2851 5297 3153 5367 angoribus
3189 5309 3316 5362 erga
3373 5306 3568 5344 omnes

1983 5389 2210 5444 omnino
2237 5389 2512 5444 morosius
2541 5389 2784 5443 allecto?
2817 5399 2878 5442 ut
2904 5389 2958 5442 in
2992 5387 3256 5457 tragtndia
3285 5395 3390 5448 est,
3421 5401 3566 5438 unus

1982 5485 2233 5554 omnium
2275 5482 2452 5537 vicem
2497 5490 2698 5552 praesto
2743 5481 2850 5535 fuit
2894 5497 2908 5532 :
2944 5482 3262 5545 sustollens,
3296 5478 3563 5542 allevans,

1983 5576 2386 5632 studiosissime
2433 5593 2654 5642 curans,
2693 5588 2977 5649 ratamque
3010 5576 3180 5632 officii
3230 5576 3318 5631 sui
3352 5585 3563 5644 partem

1984 5670 2409 5740 haudquaquam
2441 5671 2722 5736 omittens,
2756 5680 2922 5740 atque
2959 5670 3244 5735 omnibus,
3276 5671 3434 5739 queis
3468 5686 3568 5738 po-

1986 5769 2128 5814 terat
2157 5761 2357 5823 modis,
2383 5758 2592 5814 doloris
2616 5775 2838 5814 sensum
2873 5769 3132 5814 avertens
3163 5773 3228 5813 ac
3253 5757 3567 5822 deducens;

1985 5865 2040 5910 ct
2071 5869 2233 5924 quam
2268 5853 2466 5908 licebat
2505 5869 2664 5923 opem
2694 5868 3028 5924 operamque
3065 5863 3354 5922 praestans,
3403 5868 3569 5923 quive
