4018 6416
465 351 573 419 419

1694 339 2093 401 THEODUH
2134 335 2484 397 MONACUI

3624 332 3726 394 49.0

462 462 629 524 dictis
680 458 799 515 suis
848 457 1140 527 l‘actisque,
1202 454 1336 510 illud
1371 468 1747 508 aerumnarum
1797 453 2045 507 omnium

2167 449 2461 517 βλαστῆσαι
2487 447 2773 513 θεοφιλεῖς,
2804 444 3033 517 καρπῶν
3062 445 3350 500 ἀθανάτων
3373 446 3605 511 αἰτίους,
3630 447 3727 498 καὶ

466 552 786 606 memoriam
821 550 1038 604 ddunns
1081 546 1442 615 pbarmacum
1491 548 1581 609 (ex
1632 541 1753 594 Ὀδ.
1805 545 1879 602 Δν,
1912 542 2040 602 221,

465 643 659 713 Synes.
688 642 854 710 epist.
885 640 1009 705 146)
1072 638 1205 692 mihi
1240 636 1403 707 plane
1441 642 1583 689 erat.
1624 633 1836 702 Quippe
1865 633 1959 703 qui
1988 634 2041 687 in

466 730 825 784 creberrimis
852 727 1195 783 cruciatuum
1225 723 1545 779 decumanis
1568 721 1848 784 ﬂuetibus,
1875 722 2046 775 maxi-

467 821 681 890 misque
720 821 826 874 illis
866 820 1045 877 undis,
1095 817 1274 870 nihilo
1310 816 1427 885 ipse
1462 816 1648 870 minus
1689 824 1744 867 et
1780 824 2045 882 perpetuo

2154 542 2290 594 Θεοῦ
2326 540 2588 608 γενέσθαῑ
2608 542 2856 612 τέμενος.
2889 540 3158 611 Συνεύχου
3189 541 3246 595 δὲ
3278 542 3373 592 καὶ
3402 538 3599 605 αὐτὸς,
3631 537 3731 605 οὐχ

2152 634 2225 690 ὡς
2257 635 2336 695 εὶς
2367 634 2559 695 τοκέας
2593 634 2754 703 μόνον
2782 634 2971 698 τελῶν,
3002 633 3137 686 ἀλλὰ
3170 636 3266 688 καὶ
3295 634 3369 694 ὼς
3396 631 3552 699 ἀνδρὶ
3581 628 3734 698 καλῷ

2153 723 2405 794 κάγαθῷ»
2457 727 2549 776 καὶ
2596 725 2821 796 τρόποις
2872 728 3135 798 χρηστοῖς
3180 727 3389 786 πάντας
3438 721 3736 783 ἐπαινέτας

2153 814 2213 883 ἐχ
2230 832 2352 870 .ντι.

465 916 696 978 doleret,
726 915 1075 983 animamque
1108 928 1266 967 suam
1301 914 1560 966 maeroris
1604 909 1864 965 ﬂuctibus
1926 908 2244 978 inundaret,
2315 912 2407 967 ubi
2467 928 2573 970 nos
2638 930 2768 972 vero
2802 915 3004 970 iterum
3043 912 3535 977 convaluissemus,
3565 909 3736 965 etiam

468 1013 589 1083 ipse
623 1011 830 1079 pariter
859 1025 917 1065 se
945 1011 1254 1080 colligeret,
1289 1017 1345 1062 et
1409 1009 1477 1062 ad
1518 1008 1778 1062 laetantes
1858 1006 2139 1062 transiret.
2177 1007 2502 1079 Quanquam
2550 1011 2683 1081 quid
2731 1012 2899 1067 dico?
2941 1026 3085 1079 saepe
3134 1010 3224 1064 ille
3269 1008 3440 1073 enim,
3477 1015 3535 1062 et
3592 1002 3739 1074 apud

466 1104 802 1175 complures,
839 1102 1000 1157 nobis
1059 1100 1439 1162 audientibus,
1484 1101 1652 1183 fliam
1696 1098 2058 1169 jurejurando
2114 1100 2300 1155 verbis
2361 1104 2476 1157 suis
2542 1105 2816 1174 apposito,
2852 1105 2995 1159 ultro
3030 1103 3309 1174 professus
3336 1108 3421 1156 est
3443 1114 3523 1166 se,
3555 1098 3738 1166 siqua

468 1197 592 1253 ﬁeri
623 1207 833 1267 posset,
868 1194 1240 1249 libentissime
1270 1196 1455 1248 animo
1482 1188 1765 1247 Tortunam
1821 1199 2150 1261 praesentem
2210 1208 2424 1247 mecum
2483 1206 2973 1262 commutaturum,
2995 1198 3102 1250 imo
3158 1210 3288 1248 vero
3304 1191 3545 1246 animam
3566 1186 3737 1242 etiam

468 1302 644 1360 ipsam
681 1304 802 1343 mea
835 1288 975 1348 vice,
1012 1288 1131 1342 sine
1162 1287 1272 1341 ulla
1304 1287 1654 1341 cunctatione
1679 1284 2056 1353 profusurum,
2097 1298 2269 1352 usque
2301 1286 2437 1340 adeo
2504 1303 2756 1358 magnam
2789 1289 2953 1344 homo
2980 1289 3087 1342 mei
3115 1295 3175 1342 ut
3197 1294 3478 1355 superstes
3534 1293 3740 1342 essem,

469 1385 707 1440 ducebat
759 1385 1053 1440 rationem.
1131 1382 1288 1437 llaud
1315 1382 1593 1437 immerito
1646 1380 1800 1435 illum
1850 1379 2038 1448 igitur,
2077 1379 2303 1447 perinde
2344 1390 2400 1434 ut
2425 1395 2587 1450 caput
2617 1398 2798 1439 meum
2824 1384 3020 1439 adamo
3049 1383 3183 1453 ('11.
3210 1396 3267 1448 γ,
3300 1376 3389 1448 82)
3416 1385 3474 1430 et
3501 1373 3741 1429 mediam

472 1481 673 1533 animae
715 1477 905 1532 sedem
953 1476 1031 1531 illi
1079 1477 1342 1541 attribno,
1398 1485 1511 1530 tum
1546 1484 1678 1545 opto
1707 1474 1835 1528 item
1876 1473 2056 1543 ipsum
2098 1474 2385 1543 consequi,
2448 1476 2719 1548 quidquid
2770 1476 3031 1546 consequi
3081 1474 3312 1531 studet:
3349 1479 3407 1527 et
3472 1470 3741 1522 virtutum

474 1570 890 1641 irrigationibus
917 1569 1100 1623 anima
1130 1570 1441 1631 ﬂorentem,
1486 1568 1697 1622 fructus
1759 1566 1874 1621 Deo
1947 1573 2225 1634 acceptos,
2300 1568 2577 1623 fructuum
2609 1580 2942 1626 aeternorum
3007 1583 3225 1629 causas,
3261 1568 3585 1636 producere,
3615 1558 3745 1613 Dei-

473 1682 583 1735 que
640 1665 797 1734 plane
846 1666 1109 1734 tcmplum
1158 1664 1300 1727 ﬁeri,
1342 1663 1488 1732 quod
1536 1670 1589 1715 te
1631 1662 1798 1715 etiam
1851 1658 2057 1728 pariter
2089 1669 2277 1728 optare
2340 1664 2484 1724 volo.
2528 1679 2638 1718 non
2707 1667 2778 1720 ob
2812 1665 2865 1720 id
2911 1679 3081 1719 unum
3131 1661 3318 1724 modo,
3347 1658 3491 1729 quod
3538 1655 3743 1713 libero.

478 1767 598 1811 rum
630 1771 833 1825 parens
861 1757 972 1826 jam
1005 1771 1084 1822 es,
1126 1756 1220 1810 sed
1261 1764 1525 1826 praeterea
1572 1764 1633 1808 ut
1677 1752 1799 1807 viro
1836 1752 2049 1821 optimo
2089 1753 2571 1827 sanctissimoque,
2642 1768 2699 1812 et
2766 1774 2980 1814 morum
3015 1755 3295 1827 probitate
3327 1751 3584 1807 homines
3619 1759 3744 1802 om-

478 1864 579 1903 nes
602 1846 917 1902 laudatores
949 1857 1133 1902 nacto.

967 1962 1030 2015 ν.
1059 1962 1252 2033 Magno
1289 1962 1585 2033 logothetre.

547 2076 630 2131 Tu
664 2091 820 2135 vero.
856 2074 949 2144 qui
979 2075 1186 2142 optima
1220 2074 1405 2129 omnia
1456 2084 1514 2129 et
1558 2077 1664 2138 vis,
1700 2085 1757 2130 et
1795 2085 1970 2145 potes,
2004 2089 2060 2133 et

478 2169 696 2241 egregia
735 2168 901 2220 animi
947 2166 1229 2220 alacritate
1279 2166 1415 2235 agis,
1444 2166 1585 2221 nihil
1606 2167 1864 2237 equidem
1905 2173 2058 2237 novi,

481 2268 539 2309 ut
570 2254 832 2315 arbitror,
860 2254 1109 2307 facturus
1136 2267 1194 2306 es
1232 2270 1246 2306 :
1274 2254 1320 2307 si
1360 2254 1565 2322 quibus
1593 2264 1702 2308 tam
1753 2257 1926 2311 multa
1956 2258 2061 2312 duo

481 2346 613 2401 dum
671 2344 938 2399 beneﬁcia
991 2343 1212 2407 dedisti,
1252 2346 1477 2398 eosdem
1536 2360 1681 2400 nunc
1739 2349 1904 2401 etiam
1952 2350 2063 2403 tuis

482 2452 648 2494 ornes
675 2436 993 2491 beneﬁciis:
1025 2435 1332 2504 quibusque
1367 2449 1473 2489 nou
1519 2451 1639 2488 raro
1671 2439 1904 2492 antehac
1934 2454 2062 2505 gra-

483 2529 725 2583 tiﬁcatus
753 2541 835 2588 es,
874 2526 941 2581 iis
967 2540 1114 2579 nunc
1148 2525 1276 2579 item
1304 2524 1650 2595 gratificeris.
1689 2525 1891 2580 Verum
1924 2526 2061 2582 illud

481 2622 642 2691 plane
694 2621 897 2690 ipsum,
952 2618 1098 2689 quod
1139 2619 1386 2688 quotidie
1446 2627 1501 2672 et
1539 2617 1803 2672 adversus
1869 2634 2064 2675 omnes

485 2712 665 2768 facere
697 2713 999 2771 consuesti,
1033 2724 1286 2780 petentes
1308 2711 1535 2779 pariter,
1562 2720 1744 2765 etnon
1772 2721 2020 2780 petentes
2043 2730 2056 2767 :

484 2806 588 2860 hos
624 2805 911 2869 nimirum,
933 2813 994 2859 ut
1027 2819 1092 2858 ne
1126 2813 1333 2873 petant,
1364 2803 1654 2873 illos,quia
1680 2812 1893 2873 petunt.
1923 2805 2060 2859 Tum

485 2910 619 2950 vero
648 2905 939 2965 praterea,
968 2909 1119 2949 nunc
1152 2895 1319 2950 etiam
1351 2895 1646 2965 superiora
1675 2897 1880 2957 omnia,
1907 2881 2060 2964 quasi

486 2985 708 3041 decreto
728 2987 966 3055 quodam
1004 2986 1221 3041 sancire
1256 2997 1423 3056 atque
1454 2987 1783 3043 conﬁrmare
1830 2989 2062 3043 videbe-

491 3079 586 3141 ris,
615 3087 673 3131 et
707 3078 870 3133 simul
897 3078 1216 3141 ostendere,
1251 3094 1379 3133 vera
1404 3090 1457 3134 te
1490 3081 1659 3134 animi
1687 3082 2064 3152 magnitudine

488 3180 543 3223 et
568 3171 786 3226 dedisse
811 3172 993 3236 nobis,
1024 3172 1290 3241 quidquid
1326 3171 1597 3235 dedisses,
1634 3184 1690 3227 et
1740 3175 1838 3229 bac
1868 3175 2061 3229 eadem

489 3262 559 3317 de
587 3279 772 3328 causa,
808 3264 998 3319 eadem
1031 3267 1085 3319 in
1136 3280 1379 3334 praesens
1423 3266 1741 3334 gratiﬁcari.
1767 3267 1881 3333 Qua
1911 3268 1963 3321 in
2003 3285 2063 3324 re

489 3354 954 3425 quemadmodum
1031 3364 1249 3411 tuorum
1300 3371 1400 3411 nos
1452 3373 1565 3411 non
1612 3373 1903 3426 possumus
1952 3376 2063 3414 non

491 3447 809 3501 meminisse
831 3447 1250 3510 beneﬁciorum,
1284 3458 1339 3500 et
1363 3448 1593 3517 gratiam
1619 3448 1846 3513 habere,
1875 3462 1928 3505 et
1962 3451 2062 3506 tibi

484 3552 612 3591 cum
654 3537 909 3591 laudibus
943 3538 1248 3591 acclamare
1276 3552 1292 3590 :
1335 3536 1481 3591 haud
1513 3539 1687 3603 magis
1715 3556 1868 3605 sane,
1901 3556 2064 3609 quam

488 3629 661 3684 nostri
686 3630 930 3699 ipsorum
963 3629 1241 3698 deponere
1268 3632 1616 3686 memoriam.
1651 3633 1792 3685 Nam
1814 3632 2066 3701 quidquid

488 3723 615 3774 olim
647 3737 936 3792 gesseram,
990 3721 1246 3792 quidquid
1301 3738 1507 3792 geram,
1568 3723 1625 3775 id
1666 3738 1819 3776 omne
1875 3723 2068 3779 dextra

489 3816 656 3884 fretus
716 3815 1001 3885 aggredior
1055 3823 1171 3878 tua,
1217 3824 1280 3868 ut
1340 3829 1467 3867 cum
1525 3813 1800 3883 Sophocle
1848 3815 2067 3885 loquar.

493 3907 737 3971 (Alam,
760 3907 873 3974 54.)
902 3906 982 3959 Ad
1000 3906 1255 3959 eumdem
1276 3912 1331 3958 et
1364 3914 1420 3957 tu
1452 3904 1700 3969 modum,
1721 3908 2069 3975 temetipsum

493 3994 920 4062 haudquaquam
975 3994 1254 4058 inﬁciari;
1296 4008 1554 4062 quanque
1588 3994 1914 4062 jampridem
1954 3997 2073 4065 pul-

493 4088 825 4142 cherrimam
854 4087 1051 4156 agendi
1088 4086 1384 4147 rationem,
1414 4101 1525 4139 non
1565 4097 1757 4141 nostro
1785 4087 2068 4154 duntaxat,

492 4178 589 4236 sed
617 4178 863 4234 omnium
882 4176 1044 4246 plane
1073 4176 1384 4230 mortalium
1409 4176 1576 4244 bono,
1601 4178 1771 4233 semel
1792 4178 2072 4249 ingressus

490 4285 572 4335 es,
606 4270 827 4324 missam
883 4283 1032 4322 nunc
1083 4267 1264 4322 facere
1328 4269 1552 4336 poteris.
1612 4266 1766 4322 Unus
1807 4278 1864 4323 tu
1918 4274 2066 4325 enim

497 4374 695 4434 prater
723 4372 974 4424 caeteros,
1018 4361 1137 4430 qui,
1171 4367 1230 4413 ut
1272 4361 1349 4413 ait
1374 4361 1795 4425 Demosthenes,
1840 4363 1912 4416 ad
1933 4379 2075 4417 com-

474 4469 708 4508 munem
749 4451 981 4520 fructum
1030 4465 1286 4518 usumque
1334 4450 1713 4525 rempublicam
1746 4462 2069 4527 tractarunt,

496 4540 857 4599 omnibusin
909 4539 1077 4593 rebus
1125 4537 1381 4601 excellis;
1425 4553 1569 4591 unus
1621 4553 1880 4604 magnum
1924 4539 2073 4593 hunc

2563 1960 2637 2013 E'.
2678 1959 2761 2025 Τῷ
2786 1958 3023 2029 μεγάλῳ
3052 1956 3366 2026 λοτοθέίτῃ.

2233 2070 2402 2122 Οὐδὲν
2441 2070 2529 2140 ἄρ’
2565 2068 2718 2141 οἶμαι
2747 2071 2954 2133 καινὸν,
2984 2063 3030 2123 ὦ
3059 2070 3235 2123 πάντα
3274 2068 3345 2120 τὰ
3380 2065 3635 2136 βέλτιστα
3667 2063 3739 2119 σὺ

2161 2164 2255 2216 καὶ
2287 2162 2616 2232 βουλόμενος
2664 2165 2762 2217 καὶ
2814 2165 3119 2233 δυνάμενος
3177 2163 3270 2215 καλ⁵
3308 2162 3564 2230 πράττων
3593 2160 3741 2213 ἑτοί-

2164 2272 2302 2326 μως,
2331 2256 2379 2307 εί
2408 2253 2501 2319 οὓς
2528 2250 2586 2307 εὖ
2618 2254 2877 2318 πολλάκις
2902 2254 3234 2322 πεποίηκας,
3270 2252 3495 2314 τούτους
3526 2254 3619 2306 καὶ
3649 2250 3747 2305 νῦν

2161 2341 2220 2398 εὖ
2254 2346 2531 2415 ποιήσαις,
2564 2349 2660 2399 καὶ
2690 2348 2853 2419 χάριν
2889 2347 3196 2417 παράσχοις
3236 2340 3318 2408 οἷς
3360 2345 3464 2397 οὐκ
3497 2344 3744 2411 ὀλιγάκις

2163 2440 2374 2504 ἔδωκας
2397 2457 2412 2471 ο
2446 2440 2583 2494 ἀλλὰ
2625 2443 2865 2512 μάλιστα
2904 2443 3002 2512 μὲν
3044 2441 3080 2496 ἃ
3112 2441 3461 2511 καθεκάστην
3484 2440 3580 2493 καὶ
3608 2439 3744 2511 προς

2162 2535 2371 2594 πάντας
2416 2535 2596 2586 ποιεῖν
2629 2534 2850 2598 εῖωθας,
2891 2533 3019 2596 τούς
3049 2551 3109 2586 τε
3154 2534 3464 2604 δεομένους,
3508 2533 3633 2595 τούς
3682 2549 3742 2583 τε

2168 2623 2265 2693 μὴ,
2289 2623 2413 2686 τοὺς
2450 2623 2572 2692 μὲν,
2607 2623 2694 2677 ῖνα
2729 2624 2803 2694 μὴ
2834 2625 3097 2695 δεηθεῖεν,
3128 2627 3256 2687 τοὺς
3301 2624 3349 2676 δ’
3378 2625 3461 2677 ὅτι
3502 2622 3745 2676 δέονταιο

2163 2715 2357 2767 ἔπειτα
2410 2716 2455 2768 δ’
2499 2715 2599 2786 ἤδη
2656 2717 2751 2769 καὶ
2786 2716 2960 2781 δόξεις
3017 2716 3208 2783 ὥσπερ
3275 2715 3628 2784 ἐπιψηφίζειν
3676 2715 3745 2767 τὸ.

2165 2807 2428 2875 πρόσθεν,
2495 2810 2590 2861 καὶ
2637 2807 2752 2877 ἅμα
2810 2809 3089 2862 δεικνύναι
3142 2808 3219 2872 ὡς
3276 2808 3653 2878 μεγαλοψυχίᾳ
3695 2805 3744 2859 θ’

2164 2900 2299 2968 ἡμῖν
2337 2899 2541 2961 ἔδωκας
2596 2900 2743 2970 ἅπερ
2774 2900 3004 2966 ἔδωκας,
3051 2901 3145 2953 καὶ
3197 2900 3363 2955 τανῦν
3414 2900 3588 2952 ταυτὰ
3639 2915 3744 2951 πα-

2170 2989 2392 3060 ράσχοις
2426 2990 2537 3044 ἀπὸ
2562 2991 2656 3059 τῆς
2692 2991 2866 3059 αὐτῆς
2894 2991 3099 3062 ταύτης
3122 2990 3326 3053 αίτίας.
3357 2992 3466 3045 Καὶ
3491 2990 3569 3053 ὡς
3611 2991 3743 3059 ἡμῖν

2166 3084 2265 3153 οὐχ
2298 3078 2409 3136 οἷόν
2435 3100 2496 3137 τε
2531 3082 2608 3154 μὴ
2639 3083 2848 3136 τούτων
2885 3084 3224 3154 μεμνῆσθαι,
3261 3085 3357 3137 καὶ
3376 3083 3540 3154 χάριν
3573 3083 3744 3151 [σχειν

2167 3175 2266 3226 καὶ
2320 3173 2451 3245 βοᾷν
2500 3174 2594 3238 ξὺν
2629 3175 2899 3240 ἐπαίνοις,
2953 3176 3016 3228 ού
3052 3176 3256 3246 μᾶλλον
3293 3176 3326 3245 ἢ
3363 3176 3525 3245 ἡμῶν
3568 3176 3745 3228 αὐτῶν

2092 3296 2134 3353 c
2172 3269 2249 3334 μὴ
2289 3264 2641 3334 μεμνῆσθαι·
2678 3266 2854 3318 πάντα
2909 3267 3021 3337 γὰρ
3059 3269 3128 3319 τά
3170 3267 3220 3319 τ’
3251 3265 3346 3321 οὖν
3371 3267 3566 3338 πάρος,
3603 3267 3672 3320 τά
3698 3267 3744 3320 τ.

2168 3359 2446 3412 εὶσέπειτα
2502 3359 2568 3428 σῇ
2632 3358 2989 3429 κυϐερνῶμαι
3042 3359 3213 3429 χειρὶ,
3248 3360 3392 3414 κατὰ
3434 3360 3746 3430 Σοφοκλέα·

2166 3450 2244 3514 ὡς
2280 3450 2339 3502 δὲ
2391 3450 2487 3503 καὶ
2525 3450 2686 3512 αὐτὸς
2721 3453 2823 3503 οὐκ
2875 3453 2942 3504 ἂν
2978 3452 3125 3522 ἔχοις
3174 3453 3375 3506 σαυτὸν
3421 3453 3746 3525 ἀρνηθῆναι,

2168 3542 2264 3593 καὶ
2294 3541 2394 3611 τὴν
2425 3539 2666 3610 ὲξαρχῆς
2720 3542 2819 3611 οὐχ
2857 3542 2999 3613 ὑπὲρ
3054 3544 3213 3613 ἡμῶν
3246 3546 3428 3614 μόνον,
3473 3544 3613 3599 ἀλλὰ
3656 3544 3748 3598 καὶ

2173 3634 2397 3707 πάντων
2418 3633 2515 3686 ἀνθ
2526 3634 2724 3703 ρώπων
2746 3634 3049 3704 καλλίστην
3073 3635 3281 3706 ταύτην
3310 3635 3563 3691 ἔνστασιν
3589 3638 3749 3705 ἐγκα-

2169 3725 2451 3778 ιταιλιπεῖν⁸
2487 3725 2646 3793 μόνος
2677 3742 2737 3778 τε
2787 3726 2898 3798 γὰρ
2928 3727 3041 3781 τῶν
3087 3731 3168 3792 είς
3216 3731 3398 3785 κοινὸν
3424 3730 3750 3785 πολιτευσα-

2175 3814 2374 3883 μένων,
2404 3816 2538 3885 φησὶ
2569 3816 2949 3886 Δημοσθένης,
2988 3820 3102 3882 τοῖς
3148 3818 3290 3883 ὅλοις
3322 3821 3484 3883 αὐτὸς
3530 3822 3750 3890 ἄριστος

2171 3905 2268 3957 καὶ
2310 3905 2494 3973 μόνος,
2548 3905 2741 3977 ὥσπερ
2774 3908 3001 3976 ἔνδειξιν
3034 3910 3258 3981 ἀρετῆς,
3282 3914 3378 3965 καὶ
3418 3911 3512 3965 τοῦ
3555 3914 3753 3982 φιλοτι-

2177 3999 2411 4063 μοτάτου
2461 3998 2562 4065 τῆς
2596 3999 2844 4070 γνώμης,
2891 4002 2994 4073 τὴν
3027 4004 3273 4073 μεγάλην
3304 4007 3532 4076 ταυτηνὶ
3576 4007 3748 4075 δημα-

2174 4089 2386 4155 γωγίαν
2416 4089 2449 4160 ἢ
2482 4093 2841 4159 πρυτανείαν,
2872 4094 2904 4163 ἢ
2938 4095 2965 4146 ὅ
2991 4111 3045 4146 τι
3072 4113 3157 4157 τις
3184 4097 3330 4162 λέγει
3366 4097 3625 4165 νομίζων,
3658 4100 3752 4167 οὐχ

2172 4179 2297 4229 ὅσον
2336 4179 2588 4243 ἅπαντας
2629 4180 2689 4235 εὖ
2726 4186 2929 4247 ποιεῖς,
2963 4183 3075 4237 οὐδ’
3108 4186 3202 4238 ἐπὶ
3251 4188 3418 4238 παντὶ
3466 4187 3643 4257 δήπου
3675 4189 3750 4257 τῷ

2174 4271 2373 4341 χρόνῳ,
2391 4271 2581 4341 ὥσπερ
2606 4274 2745 4343 πρὸς
2777 4279 2876 4338 τὰς
2897 4278 3141 4331 ἑκάστων
3162 4279 3540 4349 ἁμιλλώμενος
3566 4284 3751 4350 χρεῐας

2152 4364 2269 4415 ’καὶ
2316 4365 2645 4432 φιλονεικῶν
2695 4371 2898 4437 μηδένα
2940 4371 3050 4421 τῶν
3097 4372 3382 4434 ἁπάντων,
3441 4375 3575 4443 μηδὲ
3632 4373 3753 4427 καθ’

2173 4459 2561 4527 ὀντιναδήποτε
2589 4461 2793 4529 τρόπον
2821 4461 3046 4514 ὁτουοῦν
3085 4463 3418 4533 ἐστερῆσθαι
3443 4482 3456 4496 ·
3496 4464 3634 4518 ἀλλὰ
3661 4470 3753 4519 καὶ

2174 4551 2385 4621 χαίρεις
2421 4548 2479 4604 εὖ
2510 4553 2681 4606 ποιῶν
2709 4554 2844 4607 πολὺ
2872 4555 3122 4626 μᾶλλονῆ
3157 4557 3206 4608 οῖ
3240 4557 3543 4626 πάσχοντες
3566 4560 3749 4610 αὐτοί·

497 4635 838 4690 tribunatum
873 4643 1053 4697 tuum,
1082 4631 1201 4684 sive
1232 4630 1572 4700 prytanicam
1616 4630 1834 4700 imperii
1863 4646 2065 4701 procu-

2177 4643 2374 4710 μᾶλλον
2402 4641 2459 4694 δὲ
2504 4643 2598 4693 καὶ
2650 4645 2811 4714 χάριν
2853 4622 3015 4708 αὐτὸς
3067 4622 3175 4698 aiat
3204 4622 3522 4715 λαμϐἆνειν,
3581 4649 3745 4719 χάριν

503 4728 800 4790 rationem,
837 4725 955 4780 sive
984 4739 1099 4794 quo
1147 4723 1256 4777 alio
1300 4723 1579 4793 quispiam
1627 4724 1866 4793 appellet
1907 4740 2074 4779 voca-

495 4820 649 4883 bulo,
675 4819 948 4889 quoddam
979 4817 1135 4887 quasi
1167 4816 1444 4885 specimen
1476 4816 1720 4879 virtutis,
1758 4817 2077 4872 honestissi-

496 4926 708 4982 maaque
733 4911 902 4966 animi
938 4907 1257 4963 ambitionis
1291 4915 1479 4972 ratus;
1513 4921 1621 4961 non
1652 4906 1794 4962 bene
1822 4909 1986 4962 modo
2009 4909 2077 4964 de

497 4998 793 5059 universis,
825 5007 989 5065 atque
1024 4995 1177 5049 nullo
1207 5009 1317 5047 non
1352 5003 1596 5064 tempere
1632 5001 1886 5059 mereris,
1925 4999 2078 5052 velut

495 5100 775 5145 certamen
806 5104 930 5143 cum
979 5087 1405 5142 necessitatibus
1464 5087 1904 5157 uniuscujusque
1947 5106 2073 5145 sus-

495 5184 729 5253 cipiens,
767 5195 1070 5251 omnesque
1111 5183 1167 5235 in
1212 5195 1278 5234 eo
1315 5194 1514 5234 nervos
1550 5190 1674 5234 tuos
1708 5181 2072 5244 contendens,

498 5293 566 5332 ne
612 5279 738 5346 quis
794 5276 1080 5329 hominum
1136 5274 1408 5337 omnium,
1459 5290 1793 5344 quocunque
1852 5278 2074 5331 tandem

497 5369 678 5433 modo,
737 5385 796 5422 re
857 5368 1115 5436 quapiam
1172 5367 1281 5420 ulla
1334 5366 1608 5435 privetur,
1662 5382 1855 5420 verum
1905 5372 2073 5423 etiam

495 5462 701 5533 gaudio
732 5461 995 5524 exsultas,
1026 5460 1156 5513 dum
1214 5458 1547 5515 beneﬁcium
1586 5461 1785 5515 tribuis
1823 5477 1837 5512 :
1868 5472 1925 5516 et
1971 5464 2078 5520 hoc

499 5555 674 5608 multo
706 5554 932 5623 majore,
968 5567 1130 5622 quam
1176 5551 1252 5605 illi
1308 5549 1411 5620 ipsi
1460 5551 1555 5619 qui
1604 5552 1919 5620 accipiunt;
1963 5555 2075 5608 imo

497 5660 632 5701 vero
653 5658 765 5699 tum
790 5645 1117 5699 beneﬁcium
1147 5644 1493 5710 temetipsum
1514 5641 1768 5712 accipere
1792 5654 2070 5725 autumas,

498 5751 621 5790 cum
656 5736 778 5791 aliis
806 5739 921 5792 das.
958 5737 1106 5790 Ilanc
1140 5736 1325 5804 igitur,
1361 5734 1522 5798 hanc,
1562 5734 1807 5804 inquam,
1840 5737 1914 5791 ob
1944 5753 2071 5792 cau-

2174 4736 2381 4805 ἑτέροις
2417 4734 2625 4799 διδούς·
2660 4736 2817 4791 ταῦτ’
2869 4736 2978 4806 ἄρα
3007 4738 3180 4791 ταῦτα
3223 4742 3319 4792 καὶ
3365 4738 3584 4809 νύκτωρ
3614 4742 3747 4793 exa-

2175 4831 2464 4898 γρυπνεῖς,
2499 4829 2596 4883 καὶ
2653 4829 2774 4899 μεθ’
2811 4832 3026 4900 ἡμέραν
3088 4832 3413 4900 φροντίζεις,
3450 4833 3594 4902 ὑπὲρ
3657 4836 3749 4889 τοῦ

2177 4921 2357 4975 κοινοῦ
2414 4925 2769 4993 γιγνομένου,
2832 4923 3053 4993 βουλαῖς
3098 4925 3235 4993 ἔργα
3284 4927 3629 4996 προστιθείς*
3664 4928 3755 4980 καὶ

2180 5015 2358 5067 πάντα
2392 5016 2557 5068 πόνον
2591 5016 2781 5086 φέρεις
2812 5017 2985 5085 ἡδέως
3004 5031 3020 5047 °
3064 5017 3147 5084 ἐφ’
3254 5021 3367 5081 τοῖς
3395 5017 3575 5082 ἄλλοις
3602 5021 3755 5072 ἔσται

2178 5108 2373 5178 βελτίω
2432 5109 2500 5161 τὰ
2554 5111 2889 5179 πράγματα,
2934 5112 3027 5160 καὶ
3083 5112 3189 5171 πᾶς
3228 5128 3313 5171 τις
3362 5110 3612 5175 τεύξεται
3651 5113 3756 5163 τῶν

2176 5200 2421 5254 δικαίων.
2455 5201 2619 5254 Ὥστε
2648 5203 2740 5255 καὶ
2767 5204 2815 5254 εί
2850 5202 3020 5273 μηδὲν
3040 5202 3251 5256 πώποθ’
3286 5207 3433 5273 ἡμᾶς
3459 5206 3516 5259 εὖ
3549 5208 3756 5277 ποήσας

2177 5287 2491 5356 ἐτύγχανες,
2533 5290 2655 5358 μήδ’
2692 5289 3013 5360 ἡστινοσοῦν
3080 5292 3319 5355 ἀξιώσας
3373 5297 3656 5364 προνοίας,
3700 5296 3758 5358 ἐξ

2179 5381 2289 5448 ἄρα
2314 5381 2478 5448 μόνον
2511 5382 2607 5434 τοῦ
2645 5385 2782 5435 πᾶσι
2822 5386 3027 5448 παντὸς
3047 5387 3215 5439 καλοῦ
3254 5392 3579 5456 πρυταηείον
3607 5396 3758 5458 παρὰ

2182 5471 2341 5522 πάντ’
2370 5467 2507 5523 εἷναί
2536 5490 2594 5524 σε
2626 5477 2718 5526 τὸν
2759 5475 2973 5546 χρόνον,
3012 5475 3159 5539 εἰκὸς
3186 5475 3250 5530 ἂν
3284 5472 3352 5547 ἦν
3391 5478 3586 5549 δήπου,
3622 5482 3756 5549 μᾶλ-

2180 5560 2270 5612 λον
2303 5560 2360 5613 δὲ
2397 5562 2549 5615 πᾶσα
2606 5563 2842 5633 ἀνάγκη,
2880 5566 2992 5618 τῶν
3037 5566 3143 5619 ὑπὸ
3172 5566 3267 5619 σοῦ
3324 5572 3757 5639 κεκοσμημένων

2179 5654 2274 5705 καὶ
2332 5653 2483 5723 ἡμᾶς
2532 5657 2904 5725 γεγενῆσθαι·
2940 5658 3016 5719 ὡς
3064 5658 3152 5720 ἂν,
3204 5660 3278 5730 μὴ
3331 5661 3439 5713 τῶν
3472 5663 3648 5716 ἄλλων
3698 5662 3755 5715 εὖ

2179 5744 2409 5813 πάσχειν
2443 5746 2733 5814 λεγόντων,
2771 5751 2927 5818 μόνοι
2960 5750 3069 5802 τῶν
3108 5751 3365 5805 ἁπάντων
3396 5752 3428 5821 ἢ
3489 5756 3752 5824 σιγῶμεν,
