4018 6470
303 396 401 461 5‘21

301 515 334 581 ἦ
357 503 686 582 ψευδὼμεθα
706 525 719 539 ·
750 508 810 559 οὺ
846 506 951 574 γὰρ
983 504 1151 557 ἔνεστ’
1180 504 1356 562 ἄλλως
1381 497 1878 572 παρρησιάζεσθαι,
1911 503 1954 555 Λ

476 584 505 609 ο

304 591 524 659 πάντιιῗν
553 602 771 654 εἰδότων
804 602 898 666 τὴν
942 600 1040 667 σὴν
1070 597 1269 661 δεξιάν.
1307 595 1436 648 Ὅτε
1467 594 1511 646 δ’
1555 595 1612 645 ἐν
1664 591 1892 652 πολλοῖς·

303 696 567 756 πολλάκις
591 694 690 761 τῆς
720 693 816 759 σῆς
861 689 1043 761 χειρός
1074 705 1146 741 .τε
1193 689 1288 741 καὶ
1332 686 1559 757 γνώμης
1608 686 1704 737 καὶ
1754 681 1879 753 μάλ’

305 787 737 846 ἀπολελαυκότες
788 785 971 853 ἡμεῖς,
1031 781 1127 834 καὶ
1167 781 1278 833 οὒτ’
1332 780 1492 842 αιῆδς
1538 778 1878 844 ἐπιλέλησαι,

304 881 438 951 ἡμῖν
469 877 516 930 θ’
549 877 691 930 οὕτω
739 877 804 929 δι’
861 876 1115 944 εὐφήμου
1173 873 1328 927 ταῦτ’
1383 872 1577 941 ἄγεται
1634 871 1879 940 μνήμης.

307 970 440 1025 ὥσθ’
472 971 555 1023 ὅτι
619 969 694 1039 μὴ
721 970 815 1022 καὶ
851 969 961 1021 τῶν
1002 968 1248 1038 Ὀμήρου
1281 964 1567 1030 στομάτων
1612 960 1881 1031 εὐποροῦ-

314 1082 432 1133 μεν,
465 1062 764 1132 ἁλγοῦμεν,
799 1060 1021 1126 εὔδηλον
1043 1060 1117 1123 ὡς
1153 1060 1255 1114 κάν
1293 1058 1372 1129 τῷ
1398 1057 1632 1127 παρόντι
1663 1055 1882 1126 μιμήση

314 1155 512 1209 σαυτὸν
541 1195 557 1219 ,
635 1153 731 1206 καὶ
796 1155 908 1215 τοῖς
956 1152 1138 1214 αὐτοῖς
1198 1150 1378 1221 χρήσῃ
1421 1149 1555 1217 πρὸς
1593 1147 1882 1215 ἄνθρωπον

312 1248 570 1308 πολλάκις
625 1246 723 1316 μὲν
778 1246 835 1297 ὲν
885 1247 998 1306 τοῖς
1053 1245 1167 1305 σοῖς
1222 1240 1542 1307 Ὀλυμπίοις
1601 1234 1881 1308 κραταιῶς

311 1339 605 1399 ἀποδύντα,
630 1338 721 1389 καὶ
742 1336 828 1389 διὰ
849 1336 1064 1388 πάντων
1081 1330 1529 1400 ἐστεφανωμένον
1552 1329 1661 1381 τῶν
1682 1327 1879 1390 ἄθλων,

310 1433 570 1494 πολλάκις
598 1431 642 1483 δ’
673 1428 812 1500 ὑπὲρ
846 1429 941 1481 σοῦ
980 1426 1204 1479 καὶτῶν
1240 1425 1350 1476 σῶν
1384 1424 1575 1492 χεῖρας
1604 1422 1683 1483 εἰς
1719 1421 1884 1490 οὐρα-

310 1527 433 1587 νοὺς
462 1526 677 1593 ἄραντα
701 1561 717 1584 ,
754 1521 956 1590 μᾶλλον
986 1519 1032 1574 δ’
1068 1519 1274 1587 αίροντ*
1317 1517 1447 1582 αἰεὶ,
1483 1518 1576 1569 καὶ
1630 1511 1884 1584 συνευχό-

317 1634 475 1688 μενον
511 1615 667 1668 πάντ’
724 1615 933 1667 ἐκεῖθεν
961 1612 1032 1666 τά
1070 1612 1122 1678 γ’
1153 1610 1373 1681 ἄριστα.
1424 1608 1782 1678 Συναίρονται
1825 1605 1883 1658 δέ

316 1725 406 1777 μοι
437 1709 665 1761 τουτωνὶ
696 1705 806 1758 τῶν
844 1704 1019 1774 εὐχῶν
1043 1705 1215 1757 πᾶσαι
1248 1704 1348 1767 μὲν
1381 1700 1587 1764 πόλεις,
1622 1700 1821 1759 πάντες
1840 1695 1885 1749 δ’

312 1804 615 1872 ἄνθρωποι.
645 1802 788 1855 [lacn
822 1800 931 1870 γὰρ
961 1800 1025 1868 δὴ
1056 1799 1165 1852 τῶν
1191 1797 1300 1851 σῶν
1337 1795 1512 1865 μέλει,
1542 1793 1635 1846 καὶ
1662 1790 1884 1844 πάντων

313 1912 377 1963 γε
407 1894 524 1948 σοί·
571 1897 655 1947 σο)⁸
705 1894 805 1962 μὲν
836 1895 984 1955 ὅπως
1024 1891 1086 1946 εὖ
1138 1891 1454 1960 πράττοιεν,
1487 1887 1601 1949 τοῖς
1641 1884 1690 1937 δ’
1735 1883 1884 1944 ὃπως

312 1992 371 2052 ἐς
415 1990 675 2058 μήκιστον
702 1986 827 2040 ὅσον
871 1985 1204 2057 ἐρρωμένως
1237 1983 1440 2053 βιῲηςο
1489 1979 1632 2032 οὕτω
1665 1977 1773 2045 γὰρ
1817 1975 1883 2028 ἂν

313 2079 410 2134 καὶ
445 2079 513 2133 τὰ
543 2080 761 2148 σφέτερ’
795 2079 975 2133 αὐτῶν
1003 2077 1085 2141 ὡς
1115 2076 1376 2131 κάλλιστα
1405 2075 1569 2144 ἔχειν,
1599 2069 1676 2133 ὡς
1700 2072 1760 2121 τὸ
1783 2069 1883 2136 μὲν

313 2168 404 2220 διὰ
432 2167 620 2229 τέλους
653 2165 934 2237 ἐρρῶσθαι
967 2168 1050 2218 σοι
1093 2164 1240 2234 μάλα
1282 2161 1584 2233 προσῆκον,
1613 2159 1797 2218 αὐτοῖς
1826 2156 1884 2208 δὲ

311 2257 411 2326 τὴν
448 2255 661 2325 ἀγαθὴν
686 2257 883 2325 τύχην,
907 2256 1010 2308 οὐκ
1040 2254 1106 2307 ἂν
1128 2254 1305 2315 ἄλλως
1336 2251 1524 2306 οὖσαν.
1558 2245 1885 2303 Εἷεν.Ἀλλὰ

311 2351 423 2419 γὰρ
460 2351 544 2402 ὅτι
573 2350 671 2418 μὲν
695 2349 831 2419 ἡμῖν
890 2349 1044 2401 ἐσαεὶ
1078 2348 1360 2416 πρόθυμος
1389 2343 1510 2415 ἔσῃ,
1552 2342 1647 2395 καὶ
1668 2341 1735 2394 τὰ
1767 2339 1885 2408 βέλ-

313 2440 455 2494 τισθ’
481 2440 708 2511 αἱρήσῃ.
739 2440 838 2493 καὶ
879 2439 1048 2509 τιμῆς
1081 2437 1360 2502 ἀξιώσεις,
1401 2437 1496 2490 καὶ
1533 2437 1712 2488 πάντα
1740 2433 1885 2503 πρά-

315 2532 426 2598 ξεις
459 2534 629 2603 ἡδέως
656 2532 694 2586 ἆ
724 2549 783 2586 τε
813 2532 995 2598 ἔξεστι
1032 2532 1128 2586 καὶ
1161 2530 1346 2585 δίδωσι
1379 2530 1442 2582 τὸ
1480 2529 1670 2601 χρείας
1692 2525 1885 2593 ἑστὼς,

315 2627 413 2679 καὶ
437 2626 580 2695 μάλα
608 2625 881 2696 λαμπρῶς
903 2621 1045 2689 οἶδα,
1075 2625 1185 2678 τῶν
1229 2640 1290 2676 τε
1324 2622 1502 2678 ἄλλων
1542 2622 1748 2683 εἵνεκα,
1790 2620 1887 2674 καὶ

312 2720 399 2773 ὅτι
443 2718 678 2789 πρόσθεν
734 2718 886 2772 κάτω
914 2719 1020 2787 γῆς
1051 2710 1195 2770 εἶσιν
1231 2715 1432 2785 ἄστρα,
1468 2711 1542 2781 γῆ
1594 2711 1641 2763 τ’
1678 2712 1887 2766 ἄνεισιν

316 2812 397 2872 είς
424 2812 642 2879 αἰθέρα,
678 2813 813 2881 φησὶ
837 2810 1093 2879 ποιητὴς,
1125 2809 1257 2879 πρὶν
1290 2806 1367 2877 μὴ
1395 2804 1548 2874 παρὰ
1578 2803 1674 2856 σοῦ
1699 2802 1887 2872 τυχεῖν

315 2891 390 2952 ὧν
416 2898 480 2951 ἄν
502 2916 584 2962 τις
606 2899 815 2969 δέηται,
843 2900 902 2963 ὃς
930 2916 994 2967 γε
1027 2900 1121 2952 καὶ
1151 2898 1320 2968 μηδὲν
1355 2895 1592 2967 δεηθεῖσι
1626 2893 1887 2955 πολλάκις

316 2989 562 3058 ἔδωκας,
617 2992 715 3045 καὶ
775 2992 1071 3062 δεηθέντας
1131 2991 1396 3062 μειζόνων
1452 2989 1714 3058 ἠξίωσας.
1776 2988 1887 3040 Καὶ

313 3081 459 3134 τοῦθ’
511 3081 587 3145 ὡς
632 3083 853 3153 ἀληθῶς
886 3099 968 3137 σοι
1018 3084 1323 3154 πρόσρημα
1357 3080 1493 3135 πολὺ
1541 3081 1761 3135 κάλλιον
1792 3076 1889 3132 καὶ

316 3170 659 3238 σεμνότερον,
682 3171 757 3235 ὡς
788 3164 1023 3241 ἐγῷμαι,
1055 3171 1256 3236 παντὸς
1281 3173 1348 3226 ἂν
1375 3172 1502 3224 ὅτου
1533 3170 1625 3224 καὶ
1651 3171 1850 3239 φήσαις
1869 3181 1887 3198 ⁶
1918 3195 1967 3260 c

311 3261 531 3316 δέδοικα
566 3264 775 3331 μέντοι,
805 3264 1043 3327 δέδοικα,
1085 3265 1182 3318 καὶ
1224 3263 1355 3326 ι’σως
1389 3264 1602 3327 είκότος
1630 3263 1733 3316 οὐκ
1763 3260 1888 3326 ἔξω,

316 3358 395 3423 μὴ
436 3355 676 3424 μεγάλας
705 3356 969 3427 ,πεφυκὼς
1021 3358 1220 3412 διδόναι
1269 3358 1521 3428 χάριτας.
1573 3355 1765 3410 ἔπειτα
1792 3357 1892 3424 τὴν

314 3448 433 3500 νυνὶ
460 3448 662 3520 ταύτην
692 3451 933 3523 σμικράν
960 3468 1022 3505 τε
1049 3452 1146 3505 καὶ
1200 3449 1492 3522 παραπολὺ
1521 3449 1623 3520 τῆς
1647 3448 1746 3518 σῆς
1790 3463 1891 3517 με·

316 3539 649 3610 γαλοψυχίας
678 3543 930 3611 νομίσας,
960 3543 995 3613 ἢ
1026 3541 1288 3607 καθάπαξ
1314 3542 1376 3594 οὐ
1403 3540 1531 3610 δῷς,
1558 3538 1595 3611 ἦ
1626 3536 1763 3609 ιμοῦ
1792 3554 1892 3591 καο

314 3629 553 3698 ταγνῷς,
587 3626 663 3691 ὡς
693 3631 754 3685 οὐ
789 3634 922 3701 περὶ
957 3633 1054 3686 σοῦ
1094 3634 1162 3686 τὰ
1196 3633 1545 3701 προσήκοντα
1574 3630 1893 3698 δωνοουμέο

316 3737 433 3774 νου.
468 3721 530 3773 El
549 3720 605 3773 δὲ
642 3722 736 3775 καὶ
764 3722 919 3777 ταῦτ’
948 3720 1106 3779 οἶσθα
1126 3724 1354 3789 διδόναι,
1390 3725 1486 3776 καὶ
1511 3723 1679 3776 πᾶσιν
1703 3721 1892 3784 ἁπλῶς

313 3813 606 3882 ἐγχειρεῖν,
639 3815 785 3870 καὶὸ
819 3815 1131 3880 καλλίνικος
1163 3818 1296 3886 ἡμῖν
1327 3813 1604 3885 Ἡρακλῆς
1634 3814 1892 3884 πάρεργα

316 3905 428 3957 τῶν
474 3904 749 3975 μεγίστων
805 3907 985 3962 ἄθλων
1024 3908 1173 3961 ἐστιν
1204 3907 1242 3962 ἃ
1298 3904 1727 3977 κατεργάζεται,
1760 3906 1896 3977 θαρ-

317 3997 437 4064 ῤ-ῖν
475 3996 573 4050 δεῖ.
622 3997 843 4052 Μᾶλλον
887 3998 947 4052 δὲ
994 3999 1042 4051 εἰ
1089 3997 1280 4060 δώσεις
1327 3998 1589 4067 ἑτοίμως,
1635 3998 1785 4068 ἡμᾶς
1833 4013 1894 4051 τε

315 4086 514 4154 δείξεις
544 4091 607 4143 οὐ
636 4091 816 4155 καλῶς
843 4091 1146 4161 οἰομένους,
1183 4092 1382 4147 σαυτὸν
1402 4092 1458 4144 δὲ
1490 4091 1608 4156 πῶς
1636 4091 1741 4145 οῐει
1767 4108 1898 4145 κοσ-

319 4177 536 4244 μήσεις,
565 4178 626 4231 οὐ
660 4179 819 4248 μόνον
848 4178 926 4248 τῷ
955 4180 1170 4248 μεγάλα
1197 4179 1291 4233 καὶ
1317 4179 1608 4248 θαυμαστὰ
1630 4179 1896 4248 πράττειν

317 4268 600 4333 δύνασθαι,
625 4271 721 4324 καὶ
743 4271 1024 4342 στεφάνων
1051 4272 1142 4324 καὶ
1178 4271 1551 4343 κηρυγμάτων
1576 4271 1722 4337 ἄξια,
1759 4270 1897 4325 ἀλλὰ
1932 4316 1935 4321 .

242 4400 271 4431 ἱ
316 4362 413 4413 καὶ
440 4360 519 4430 τῷ
552 4363 810 4430 σμικροῖς
834 4363 1036 4416 ειδέναι
1076 4361 1278 4416 διδόναι
1311 4363 1453 4415 κατὰ
1485 4362 1677 4431 καιρὸν
1718 4364 1922 4429 ἐπιεισ-⁸

234 4451 266 4528 fa
318 4454 474 4516 κείας
496 4454 768 4525 ὑπερϐολῇ
795 4471 808 4484 ·
843 4456 891 4508 εἰ
927 4454 1002 4526 μὴ
1035 4455 1130 4508 καὶ
1156 4456 1314 4509 τοῦτο
1335 4455 1548 4526 τρόπον
1574 4455 1785 4524 ἕτερον,
1819 4456 1897 4519 ὡς

1734 377 2147 440 EPISTOLJE.

3465 373 3568 438 422

1983 508 2121 554 sam.
2149 502 2204 546 et
2236 498 2427 545 noctes
2486 490 2768 543 insomnes
2809 486 3001 551 ducis,
3043 496 3097 543 et
3147 487 3265 543 dies
3316 497 3461 543 totos
3499 490 3568 544 de

1984 585 2162 639 salute
2193 583 2511 653 reipublicze
2538 593 2716 636 tecum
2748 582 3165 644 commentaris,
3198 581 3362 635 simul
3413 582 3567 635 euris

1984 677 2341 746 consiliisque
2369 675 2479 729 tuis
2497 690 2663 743 opera
2689 674 3015 744 adiungens,
3039 673 3571 743 omnemqueliben-

1984 779 2069 824 ter
2099 769 2313 840 perfers
2336 768 2606 830 laborem,
2633 782 2744 836 quo
2774 767 3098 821 meliuscule
3139 783 3230 821 res
3271 768 3396 822 aliis
3438 783 3568 839 pro-

1982 862 2200 924 cedant,
2234 871 2290 914 et
2328 858 2673 929 quisquejus
2709 874 2866 914 suum
2899 870 3292 930 consequatur.
3326 864 3476 916 Adeo
3505 872 3568 915 ut

1982 952 2029 1007 si
2064 954 2150 1006 vel
2182 951 2390 1005 nullum
2416 966 2660 1019 unquam
2691 953 2988 1021 separatim
3020 953 3073 1006 in
3108 967 3206 1007 nos
3232 954 3566 1008 contulisses

1986 1042 2341 1106 beneﬁcium,
2373 1058 2555 1112 neque
2595 1043 2703 1096 ulla
2747 1044 2909 1113 plane
2939 1060 3067 1098 cura
3108 1044 3564 1114 providentiaqne

1983 1146 2079 1191 tua
2106 1136 2363 1206 dignatus
2394 1135 2615 1199 fuisses,
2652 1135 2737 1188 vel
2778 1135 2882 1189 hoc
2921 1137 3039 1191 solo
3084 1147 3266 1190 tamen
3315 1137 3560 1191 nomine.

1984 1229 2128 1298 quod
2149 1228 2298 1282 omni
2326 1236 2597 1297 tempore,
2622 1227 2749 1281 boni
2770 1228 2976 1287 omnis.
3004 1229 3286 1298 publicum
3307 1228 3565 1285 omnibus

1983 1322 2241 1374 aerarium
2280 1335 2363 1383 es,
2397 1335 2615 1389 aequum
2665 1320 2946 1384 videlicet,
3001 1322 3117 1375 sive
3163 1322 3345 1389 potius
3403 1322 3565 1390 plane

1983 1411 2359 1465 necessarium
2400 1411 2599 1474 fuerat,
2635 1420 2693 1465 ut
2724 1410 2791 1465 de
2821 1411 2889 1465 iis
2912 1412 3006 1481 qui
3035 1411 3133 1465 abs
3168 1420 3219 1466 te
3254 1411 3427 1482 adjuti
3471 1425 3567 1463 or-

1983 1504 2210 1574 natique
2241 1502 2523 1569 fuissent,
2566 1519 2669 1558 nos
2716 1504 2884 1558 etiam
2916 1508 3166 1559 e‘ssemus
3195 1522 3208 1559 :
3256 1519 3325 1558 ne
3357 1503 3570 1559 scilicet

1985 1597 2113 1651 dum
2173 1607 2264 1652 tua
2317 1612 2445 1669 erga
2490 1613 2612 1653 sese
2656 1597 2749 1652 alii
2781 1607 3221 1653 commemorant
3275 1596 3568 1659 beneﬁcia,

1985 1692 2090 1745 soli
2122 1691 2269 1745 inter
2307 1705 2504 1745 omnes
2534 1705 2635 1747 nos
2688 1699 2784 1745 aut
2814 1690 3282 1751 obmutescamus,
3318 1698 3415 1743 aut
3439 1691 3569 1744 falsa

1985 1793 2041 1840 et
2067 1783 2299 1839 conﬁcta
2324 1782 2638 1838 aderamus.
2678 1782 2871 1852 Neque
2900 1783 3047 1837 enim
3092 1783 3253 1837 aliter
3299 1781 3481 1853 palam
3514 1793 3571 1835 et

1987 1888 2174 1948 aperte
2206 1877 2313 1931 hoc
2346 1877 2509 1932 nobis
2536 1876 2787 1947 proﬁteri
2830 1877 3105 1948 integrum
3130 1917 3145 1943 ,
3190 1876 3413 1945 quando
3443 1891 3570 1946 per-

1986 1967 2328 2038 spectissima
2354 1967 2614 2022 omnibus
2659 1968 2855 2023 dextra
2902 1967 3149 2037 ﬁdesque
3190 1976 3279 2021 tua
3320 1975 3425 2022 est.
3468 1965 3573 2021 Ve-

1985 2077 2108 2116 rum
2159 2062 2305 2117 enim
2362 2077 2492 2117 vero
2531 2075 2657 2117 cum
2721 2076 3104 2131 saepenumero
3156 2059 3457 2129 multisque
3511 2060 3567 2114 in

1986 2154 2190 2218 rebus,
2223 2170 2417 2209 manus
2463 2154 2778 2223 mentisque
2829 2165 2935 2208 tua:
2978 2153 3280 2207 maximum
3335 2153 3571 2207 antehac

1988 2244 2229 2299 fructum
2265 2249 2532 2316 cepimus,
2598 2245 2745 2314 quod
2802 2249 2987 2312 'neque
3042 2242 3140 2298 tibi
3197 2244 3299 2313 ipsi
3342 2243 3571 2305 excidit,

1989 2338 2150 2392 nobis
2183 2353 2315 2391 vero
2346 2353 2523 2406 usque
2551 2339 2688 2391 adeo
2733 2337 3025 2406 magniﬁce
3066 2335 3184 2390 haec
3233 2349 3573 2390 commemo-

1990 2434 2185 2480 rantur
2215 2426 2701 2496 celebranturque,
2731 2435 2792 2481 ut
2812 2442 2879 2482 ex
2903 2429 3089 2481 animo
3111 2425 3574 2488 doleamus,dena
3613 2451 3619 2456 -
3695 2474 3708 2483 .

1989 2522 2081 2577 illa
2112 2536 2209 2577 ora
2242 2521 2533 2577 Homerica
2569 2524 2698 2593 (Ιλ.
2745 2521 2823 2587 B’,
2864 2520 2988 2592 189)
3019 2520 3183 2576 nobis
3208 2536 3319 2575 non
3374 2537 3570 2591 suppe-

1991 2623 2131 2670 tere.
2163 2613 2301 2669 Hine
2346 2622 2499 2682 patet
2560 2629 2724 2680 sane,
2757 2615 2924 2668 etiam
2960 2613 3076 2669 'boc
3121 2622 3369 2683 tempore
3411 2612 3490 2666 tui
3523 2622 3577 2667 te

1989 2705 2163 2775 ipsius
2202 2704 2537 2759 imitatorem
2572 2704 2723 2772 fore,
2760 2704 3068 2775 eademque
3111 2720 3243 2775 erga
3290 2704 3571 2760 hominem

1989 2812 2218 2851 usurum
2256 2797 2667 2861 benevolentia,
2700 2798 2795 2867 qui
2829 2799 2943 2854 tuis
2980 2799 3181 2868 sapius
3204 2798 3259 2852 in
3285 2796 3575 2869 Olympiis,

1989 2889 2138 2943 omni
2172 2889 2373 2943 virium
2403 2891 2659 2954 connisu,
2714 2904 2865 2946 veSte
2913 2890 3094 2961 posita
3134 2891 3468 2955 decertarit,
3507 2890 3576 2944 dc

1991 2980 2363 3047 omnibusque
2400 2981 2801 3035 certaminibus
2844 2995 3052 3036 corona
3097 2980 3336 3036 donatus
3364 2980 3566 3045 fuerit;

1991 3073 2084 3142 qui
2113 3071 2434 3143 frequenter
2460 3073 2590 3128 item
2625 3081 2717 3127 tua
2753 3084 3086 3144 tuorumque
3107 3076 3305 3145 gratia,
3325 3075 3574 3146 geminas

1998 3167 2065 3222 ad
2095 3167 2297 3222 caelum
2326 3168 2533 3236 palmas
2561 3166 2844 3227 extulerit,
2884 3168 2999 3221 sive
3027 3166 3254 3233 rectius,
3304 3176 3572 3237 perpetuo

1998 3259 2263 3321 extollat,
2294 3266 2462 3329 atque
2499 3259 2706 3328 optima
2735 3259 2867 3315 inde
2896 3260 3079 3315 omnia
3110 3260 3254 3315 votis
3281 3262 3399 3316 suis
3428 3260 3581 3317 eﬁla-

1995 3353 2150 3422 gitet.
2196 3351 2407 3416 Quibus
2449 3352 2824 3419 suscipiendis
2865 3353 3403 3425 nuncupandisque,
3448 3371 3578 3412 suas

1995 3456 2212 3498 meeum
2257 3457 2477 3512 operas,
2514 3459 2648 3499 cum
2685 3446 2852 3500 urbes
2887 3460 3082 3501 omnes
3105 3487 3120 3512 ,
3156 3458 3268 3503 tum
3313 3451 3576 3507 mortales

1992 3534 2159 3589 etiam
2185 3549 2381 3589 omnes
2410 3534 2671 3606 jungunt.
2708 3537 2789 3591 Ita
2815 3539 2965 3592 enim
3003 3553 3153 3594 curre
3192 3541 3449 3596 omnibus
3482 3552 3575 3597 tua

1993 3618 2145 3690 sunt,
2186 3636 2249 3680 ut
2283 3626 2384 3679 tibi
2412 3629 2661 3681 omnium
2691 3643 2825 3683 cura
2851 3641 2969 3697 est;
3008 3631 3106 3687 tibi
3134 3633 3421 3698 nimirum,
3466 3651 3579 3704 quo

1994 3718 2074 3774 illi
2100 3734 2364 3788 prospera
2406 3729 2463 3774 et
2506 3720 2740 3777 ﬂorente
2771 3723 2993 3777 fortuna
3038 3726 3168 3788 sint,
3198 3724 3313 3781 illis
3343 3742 3475 3782 vero
3515 3737 3578 3781 ut

1995 3820 2055 3866 tu
2077 3827 2241 3880 quam
2271 3813 2658 3882 longissimum
2687 3817 2789 3869 τενί
2828 3816 3068 3886 spatium
3101 3818 3290 3873 salvus
3314 3827 3372 3874 et
3421 3820 3580 3875 inco-

1992 3904 2160 3960 lumis
2189 3906 2483 3973 conﬁcias;
2519 3907 2595 3962 ita
2631 3908 2780 3963 enim
2823 3923 2953 3964 suas
2995 3909 3164 3965 etiam
3198 3910 3324 3967 loco
3367 3913 3577 3981 Optimo

1997 4010 2088 4050 res
2118 3995 2357 4050 futuras.
2395 3997 2669 4064 Quoniam
2697 4009 2754 4053 et
2784 4008 2837 4054 te
2868 4001 3114 4055 secundo
3155 4000 3281 4057 vita:
3310 4002 3578 4056 valetudi-

1997 4088 2196 4159 nisque
2239 4104 2405 4144 cursu
2455 4102 2721 4161 perpetuo
2762 4090 2984 4156 ﬂorere,
3021 4092 3183 4162 plane
3232 4094 3465 4151 deceat:
3526 4104 3583 4151 et

1998 4180 2134 4252 ipsis
2162 4181 2310 4236 haud
2341 4183 2503 4239 aliter
2540 4183 2838 4240 fortunatis
2880 4185 3245 4255 felicibusque
3280 4202 3404 4242 esse
3453 4203 3585 4242 con-

2002 4280 2196 4350 tingat.
2226 4277 2335 4333 Sed
2373 4277 2486 4332 sint
2514 4275 2619 4330 ista
2645 4290 2800 4331 sane.
2830 4277 2908 4330 Te
2936 4293 3068 4332 vero
3097 4278 3280 4347 ipsum
3311 4279 3580 4349 singulari

2000 4386 2222 4440 semper
2250 4383 2382 4438 erga
2431 4382 2519 4423 me
2552 4367 2835 4422 voluntate
2875 4369 3028 4431 fore,
3061 4368 3311 4438 meisque
3342 4371 3582 4427 fortunis

2000 4477 2067 4517 ac
2096 4463 2425 4527 commodis,
2454 4475 2588 4515 mere
2618 4460 2897 4529 dignitati,
2934 4472 3130 4529 sponte
3167 4470 3260 4515 tua
3295 4464 3583 4518 consultu-

316 4544 494 4614 ἔγωγε
541 4544 718 4615 οἶμαι,
775 4547 1154 4619 μεγαλοψυχίᾳ
1214 4565 1300 4612 τις
1350 4547 1604 4616 λογιοίτο,
1638 4550 1700 4601 τὸ
1755 4549 1891 4619 μηδὲ

2002 4569 2150 4617 rum,
2181 4567 2359 4622 eaque
2388 4551 2574 4605 omnia
2606 4551 2846 4607 libenter
2867 4562 3146 4616 acturum,
3196 4567 3321 4621 qua:
3373 4557 3583 4623 poteris

318 4639 430 4690 τῶν
462 4638 604 4691 πάνυ
640 4639 945 4694 δοκούντων
992 4641 1293 4711 ἐλαχίστων
1344 4641 1645 4714 ὑπερορᾷν.
1683 4643 1807 4696 Ὅτι
1830 4643 1894 4725 δὲ

312 4730 519 4783 τοιαῦτ’
546 4731 695 4785 ἐστιν
731 4732 767 4787 δι
818 4734 913 4786 νῦν
951 4735 1386 4803 ἑπαγγέλλομεν,
1442 4735 1541 4787 καὶ
1584 4735 1645 4788 οὐ
1684 4734 1752 4788 σὰ
1787 4733 1899 4789 οὐδ’

315 4816 394 4875 ὧν
420 4823 681 4877 ἑκάστοτε
715 4825 978 4895 πράττεις
1002 4867 1017 4892 ,
1068 4827 1204 4880 ἀλλὰ
1236 4828 1329 4881 καὶ
1378 4826 1731 4881 παντάπασιν
1762 4828 1901 4880 ἀπε-

311 4915 596 4986 ληλάμενα
628 4917 728 4986 τῆς
757 4918 1000 4988 μεγάλης
1044 4918 1275 4988 ταυτησὶ
1306 4919 1543 4990 στροφῆς
1574 4918 1682 4971 τῶν
1717 4934 1899 4989 πραγ-

320 5008 532 5078 μάτων,
561 5008 722 5078 δῆλον
748 5009 813 5063 ἐκ
844 5026 905 5063 τε
944 5003 1020 5063 ὦν
1049 5011 1178 5080 περὶ
1203 5011 1390 5073 αὐτοῖς
1422 5009 1633 5072 τούτοις
1656 5010 1898 5081 δέδιμεν,

318 5102 381 5154 ἐκ
415 5114 474 5153 τε
511 5095 585 5155 ῶν
608 5103 1029 5171 παραιτούμεθα
1052 5142 1067 5168 ,
1108 5104 1168 5157 τὸ
1196 5103 1318 5173 μὲν,
1350 5105 1425 5174 μὴ
1458 5104 1566 5172 ἄρα
1594 5105 1656 5158 οὐ
1681 5102 1898 5170 δώσεις,

317 5193 527 5254 εἰωθὼς
553 5194 765 5263 μεγάλα
797 5193 1162 5265 χαρίζεσθαι,
1187 5200 1246 5249 τὸ
1282 5195 1329 5249 δ’
1352 5194 1428 5257 ὡς
1463 5196 1643 5259 καλῶς
1672 5195 1784 5266 ἔχει
1818 5196 1901 5248 σοὶ

320 5289 421 5355 μὲν
448 5286 654 5348 δοῦναι,
685 5288 817 5358 ἡμῖν
848 5286 905 5340 δὲ
940 5287 1149 5342 λαϐεῖν.
1189 5286 1333 5356 Ἐγώ
1357 5305 1416 5341 τε
1439 5288 1549 5356 γὰρ
1573 5287 1609 5341 ἃ.
1637 5287 1900 5357 βούλομαι

312 5379 583 5450 λήψομαι,
626 5379 689 5434 σύ
718 5379 766 5433 τ’
799 5380 1209 5453 ἐπιεικέστερος
1245 5380 1419 5444 δόξεις
1448 5382 1543 5433 καὶ
1575 5381 1799 5446 σαυτοῦ,
1823 5381 1902 5452 τῷ

313 5474 413 5527 καὶ
464 5472 773 5544 τηλικοῖσδε
805 5471 1134 5543 κεχρῆσθαι.
1185 5471 1276 5525 Ἐν
1324 5473 1435 5543 γὰρ
1480 5475 1546 5543 τῇ
1594 5472 1717 5526 καθ’
1753 5474 1902 5543 ἡμᾶς

317 5566 441 5637 ἱερᾷ
469 5566 598 5637 τῇδε
647 5568 740 5619 καὶ
788 5566 1077 5636 θαυμαστῇ
1112 5565 1379 5637 ξυνοικία,
1417 5563 1479 5618 οὗ
1532 5567 1625 5620 καὶ
1683 5566 1782 5628 τὰς
1836 5567 1903 5619 ὲκ

318 5660 589 5729 βασιλέως
644 5661 850 5730 τροφὰς
918 5659 1137 5728 ἔχομεν,
1189 5659 1469 5728 οἰκήματά
1529 5663 1679 5713 ἐστιν
1740 5660 1898 5725 ἄττα,

314 5752 583 5806 κάλλιστα
619 5751 717 5819 μὲν
751 5752 954 5815 θέσεως
982 5752 1197 5822 ἔχοντα,
1236 5753 1330 5807 καὶ
1365 5752 1503 5825 πρὸς
1536 5757 1717 5808 πᾶσαν
1749 5754 1902 5819 ἔτους

318 5844 472 5916 ὥραν
498 5843 556 5901 εὖ
593 5846 1114 5915 παρεσκευασμένα,
1143 5849 1209 5917 τῇ
1239 5864 1297 5899 τε
1337 5849 1495 5917 φύσει
1536 5849 1628 5901 τοῦ
1670 5849 1896 5919 χωρίου,

2000 4659 2244 4715 cunque,
2272 4658 2505 4713 quaeque
2542 4657 2782 4711 prasens
2814 4658 2946 4697 usus
2989 4658 3054 4697 ac
3101 4645 3404 4701 necessitas
3451 4663 3581 4717 per-

2000 4740 2205 4799 mittet,
2237 4733 2749 4791 idluculentissime
2793 4730 3140 4804 compertum
3187 4738 3400 4806 habeo;
3454 4757 3582 4797 cum

2001 4832 2072 4884 ob
2103 4832 2232 4894 alia,
2258 4839 2371 4884 tum
2396 4828 2542 4899 quod
2572 4836 2724 4882 astra
2758 4828 2853 4882 sub
2884 4838 3085 4885 terram
3123 4834 3269 4902 prius
3335 4832 3504 4900 ibunt,
3533 4846 3582 4889 et

2002 4927 2172 4981 altum
2199 4934 2342 4978 terra
2364 4938 2419 4977 se
2452 4926 2505 4976 in
2538 4921 2715 4992 polum
2755 4923 2904 4991 feret,
2938 4933 2999 4979 ut
3025 4925 3104 4979 ait
3132 4937 3295 4994 poeta
3327 4927 3578 4999 (Euripi~

2002 5021 2122 5081 des,
2159 5017 2308 5071 υἰλεί
2342 5016 2459 5071 sive
2491 5015 2669 5081 Συλεῖ,
2705 5024 2764 5068 ιιι
2808 5019 3072 5083 arbitror,
3097 5021 3241 5088 apud
3274 5021 3584 5089 Philonem,

2001 5130 2060 5185 p.
2082 5112 2210 5177 605,
2245 5117 2302 5165 et
2336 5125 2391 5178 p.
2426 5108 2517 5173 66,
2549 5107 2679 5173 565,
2715 5107 3010 5181 Turneb.),
3040 5128 3204 5182 quam
3235 5115 3334 5171 abs
3362 5125 3411 5170 te
3439 5120 3591 5187 quis-

2003 5204 2149 5275 piam
2182 5217 2376 5257 eorum
2413 5216 2536 5270 quae
2577 5201 2714 5270 petit
2761 5203 3038 5271 repulsam
3077 5204 3244 5273 feret;
3291 5208 3385 5278 qui
3417 5211 3585 5265 etiam

2005 5298 2145 5352 nihil
2181 5296 2502 5368 rogantibus
2536 5297 2739 5366 sapius
2760 5296 2986 5363 dedisti,
3024 5311 3080 5352 et
3109 5311 3368 5369 rogantes
3410 5304 3584 5374 majo-

2003 5390 2160 5446 ribus
2182 5405 2346 5461 qnam
2368 5398 2648 5459 Optassent
2671 5393 2880 5445 ornasti
2903 5392 3243 5456 muneribus,
3260 5394 3407 5463 quod
3430 5404 3585 5450 tuum

2002 5483 2263 5552 elegium,
2292 5482 2663 5551 meoiudicio,
2692 5482 2835 5537 haud
2856 5485 3019 5551 paulo
3042 5485 3331 5554 pulchrius
3354 5488 3586 5541 omnino

2006 5587 2173 5647 atque
2203 5575 2522 5645 gloriosius,
2552 5575 2683 5640 alio,
2729 5575 2877 5644 quod
2916 5591 3170 5646 usurpes,
3222 5580 3423 5647 quovis
3472 5591 3580 5636 est.

2005 5667 2189 5723 Metuo
2222 5681 2373 5730 vero,
2416 5676 2624 5729 metuo,
2666 5681 2769 5720 nec
2807 5666 3049 5721 absurde
3090 5665 3324 5724 fortasse
3349 5710 3364 5734 ,
3406 5680 3588 5739 netu,

2007 5760 2100 5830 qui
2140 5760 2378 5829 ingentia
2433 5758 2621 5827 largiri
2678 5757 2947 5814 beneﬁcia
2998 5769 3209 5815 natura:
3257 5772 3363 5817 tuae
3412 5765 3585 5821 duetu

2007 5854 2172 5917 Soles,
2203 5871 2350 5908 nunc
2378 5854 2481 5910 hoc
2506 5854 2684 5921 ipsum
2714 5868 2978 5923 praesens,
3012 5855 3306 5923 minutum,
3344 5867 3399 5912 et
3426 5858 3587 5930 longe
