4018 6416
510 353 616 414 433

1739 337 2135 399 TUEODULI
2180 336 2529 396 MONACHI

3651 338 3743 401 424

514 465 656 518 infra
693 462 862 517 animi
892 461 971 516 tui
993 458 1427 531 magnitudinem
1462 456 1864 527 positum,esse
1896 463 2047 508 ratus
2072 491 2087 516 ,

2204 452 2269 521 τῷ
2299 470 2356 504 τε
2391 451 2835 523 μεμηχανῆσθαι,
2890 450 2965 520 τῷ
2996 450 3039 502 δ’
3072 450 3172 521 ἰδίᾳ
3203 455 3293 503 καὶ
3327 452 3494 521 χωρὶς
3522 452 3611 504 καὶ
3636 453 3743 505 καθ’

513 567 609 612 aut
637 573 747 610 non
789 556 887 609 des
912 555 1160 614 omnino.
1185 562 1280 606 aut
1314 566 1400 604 mc
1436 551 1679 614 incuses,
1711 549 1859 602 velut
1896 548 1987 617 qui
2020 546 2090 600 de

515 658 571 702 te
595 665 703 701 non
739 648 877 700 satis
907 647 1070 714 digne
1094 646 1596 710 convenienterque
1634 641 1968 694 existimem.
1991 639 2089 691 Sin

514 749 698 794 autem
733 747 846 792 tum
874 738 988 790 haec
1006 738 1135 789 dare
1161 745 1335 803 potes,
1357 746 1470 787 tum
1496 734 1704 800 quaevis
1731 732 1836 785 alia
1862 732 2093 784 omnino

515 830 759 901 aggredi,
792 829 1056 883 nimirum
1092 836 1149 879 ut
1194 827 1432 896 inclytus
1472 825 1562 879 ille
1615 826 2094 894 plurimarumque

516 924 822 991 palmarum
859 918 1147 979 Hercules,
1187 918 1479 987 praecipuis
1521 918 1783 985 operibus
1839 918 1951 970 suis
1987 917 2092 971 alia

517 1016 765 1086 quazdam
784 1024 940 1070 extra
959 1014 1213 1066 ordinem
1234 1009 1559 1079 interponit,
1588 1011 1731 1061 bono
1755 1023 1884 1060 sane
1912 1009 2098 1060 animo

515 1126 636 1164 esse
664 1108 945 1163 convenit.
993 1105 1107 1159 lmo
1148 1119 1276 1158 vero
1312 1103 1357 1156 si
1413 1110 1665 1171 prompte
1696 1098 1949 1158 dederis.
1996 1103 2100 1153 hoc

516 1202 635 1269 ipso
663 1200 884 1269 planum
922 1197 1113 1257 facies,
1139 1210 1318 1264 neque
1352 1208 1454 1247 nos
1490 1193 1655 1246 animi
1702 1192 1874 1245 falsos
1901 1190 2096 1253 fuisse,

516 1303 681 1360 teque
713 1292 890 1360 ipsum
929 1290 1187 1358 maiorem
1247 1286 1301 1340 in
1334 1285 1556 1339 modum
1604 1285 1845 1339 ornabis.
1877 1282 2102 1338 Scilicet

517 1384 664 1452 quod
701 1400 810 1436 non
845 1397 1039 1451 magna
1072 1380 1236 1434 modo
1279 1389 1335 1431 et
1362 1377 1684 1431 admiranda
1717 1386 1979 1447 prmstare
2010 1392 2103 1430 va-

519 1478 655 1537 leas,
692 1485 749 1529 et
776 1473 1009 1542 publicis
1039 1470 1261 1525 coronis
1289 1480 1453 1537 atque
1482 1468 1769 1537 praeconiis
1797 1467 1984 1535 digna,
2006 1466 2100 1520 sed

518 1568 665 1637 quod
699 1567 959 1621 tenuibus
1007 1566 1200 1625 etiam,
1241 1562 1478 1631 quodam
1520 1558 1803 1614 modestiae
1849 1574 2102 1622 excessu,

520 1670 925 1731 peroi'portune
985 1655 1283 1711 subvenire
1364 1654 1532 1707 noris.
1578 1651 1692 1706 Nisi
1753 1651 1822 1715 si,
1883 1659 1943 1703 ut
1984 1664 2103 1703 mea

521 1754 746 1821 quidem
796 1751 904 1803 fert
946 1747 1244 1808 sententia,
1286 1754 1392 1799 tua:
1432 1743 1617 1813 potius
1664 1741 2100 1812 magnanimitati

522 1846 627 1901 hoc
671 1844 947 1913 quispiam
987 1849 1275 1909 acceptum
1336 1837 1548 1892 referre
1579 1836 1730 1899 velit,
1791 1836 1937 1905 quod
1997 1848 2102 1887 nec

521 1952 643 2006 qua:
675 1936 845 1989 multo
881 1932 1247 1986 minutissima
1279 1946 1399 1985 esse
1449 1928 1730 1989 videnlur,
1788 1926 1905 1994 ipse
1948 1923 2103 1979 dedi-

520 2028 728 2097 gneris.
751 2024 905 2091 Quod
935 2036 1119 2077 autem
1142 2020 1459 2089 hujusmodi
1491 2018 1742 2088 quaedam
1775 2026 1906 2069 sunt
1929 2054 1943 2080 ,
1982 2028 2106 2084 quae

524 2136 670 2174 nunc
726 2120 1053 2188 rogitamns,
1091 2131 1193 2169 nec
1227 2114 1307 2167 tui
1363 2113 1576 2181 Operis,
1625 2125 1727 2164 nec
1761 2125 1827 2163 ex
1871 2109 1938 2162 iis
1984 2122 2107 2176 qua:

522 2209 825 2266 identidem
856 2209 1050 2277 agitas,
1084 2207 1196 2258 imo
1228 2204 1386 2272 plane
1421 2203 1585 2256 etiam
1617 2209 1829 2254 remota
1854 2214 1883 2252 a
1911 2211 2105 2267 magno

523 2304 628 2355 isto
667 2314 854 2354 rerum
885 2299 1279 2364 aetionumque
1319 2303 1537 2347 tuarum
1572 2291 1706 2345 orbe
1733 2332 1747 2355 ,
1777 2305 1902 2343 cum
1937 2304 2005 2342 ex
2039 2304 2107 2342 eo

525 2400 675 2461 patet
705 2389 850 2458 quod
886 2388 1108 2456 ipsimet
1148 2388 1216 2441 de
1244 2386 1311 2439 iis
1343 2384 1769 2438 subdubitamus
1789 2400 1802 2434 :
1826 2390 1938 2433 tum
1961 2379 2108 2449 quod

527 2495 682 2536 tanto
721 2496 833 2534 rem
867 2480 1047 2534 studio
1078 2493 1368 2548 urgemus;
1401 2476 1560 2535 illud,
1605 2491 1673 2528 ne
1699 2474 1840 2527 forte
1871 2488 1979 2525 non
2014 2473 2111 2526 da-

528 2588 684 2629 turus
738 2576 854 2638 sis,
917 2572 1121 2641 quippe
1174 2584 1365 2640 magna
1411 2567 1707 2638 gratificari
1758 2576 1966 2627 suetus.
2008 2566 2112 2619 hoc

527 2666 790 2734 quoniam
824 2672 878 2717 et
910 2663 1008 2716 tibi
1050 2665 1180 2716 dare
1216 2662 1508 2731 pulchrum
1539 2670 1644 2724 est,
1677 2668 1733 2712 et
1778 2658 1939 2712 nobis
1968 2659 2116 2711 acci-

527 2774 678 2827 pere.
712 2758 847 2811 Nam
872 2768 928 2811 et
956 2772 1056 2826 ego
1089 2772 1208 2825 qua:
1229 2755 1391 2822 mpiu
1426 2752 1713 2821 accipiam.
1741 2760 1797 2804 et
1827 2760 1880 2803 tu
1916 2758 2115 2804 temet-

529 2851 649 2917 ipso
709 2848 995 2918 benignior
1048 2849 1344 2914 mitiorque
1394 2845 1687 2909 videbere,
1727 2845 1821 2913 qui
1878 2843 1948 2897 ad
2003 2846 2115 2899 Iure

529 2941 698 2993 etiam
749 2950 856 2993 tam
902 2939 1098 3008 pusilla
1153 2948 1205 2991 te
1257 2938 1539 2991 demittas.
1590 2935 1731 2989 Sunt
1761 2935 2019 2989 videlicet
2059 2935 2113 2988 in

532 3033 702 3085 sacris
728 3032 880 3084 hisce
909 3039 965 3083 et
996 3028 1302 3099 magnificis
1339 3028 1551 3082 :edibus
1580 3064 1595 3088 .
1647 3026 1703 3080 in
1735 3027 1938 3096 quibus
1967 3027 2115 3097 regia

2151 591 2163 601 .
2194 545 2367 596 ἑαυτὰ
2396 546 2504 595 τῶν
2535 544 2709 597 ἄλλων
2742 543 3010 611 ἱδρῦσθαι,
3032 543 3292 610 πλείστην
3322 543 3451 611 ὅσην
3478 536 3742 610 ἑιῖποιοῦνο

2193 650 2261 687 τα
2294 636 2538 704 γαλήνην
2569 637 2624 686 ὲν
2668 635 2744 704 τῷ
2773 636 2869 703 τῆς
2899 637 3087 706 ²ψυχῆς
3126 634 3459 705 πρυτανείῳ,
3505 633 3576 697 ὡς
3617 632 3742 689 εἶναι

2194 730 2271 794 τῷ
2302 728 2416 780 ὄντι
2445 727 2849 797 ψυχῶν.σοφῶν
2882 731 3274 798 φροντιστήρια
3303 767 3318 791 ,
3365 728 3559 799 μᾶλλον
3583 729 3636 782 δὲ
3663 733 3747 783 καὶ

2198 818 2378 887 ψυχὰς
2424 821 2947 890 ὲρραστωνευμένας
2984 817 3073 873 οἷα
3123 822 3433 889 κατεπᾶραι
3477 820 3603 889 πρὸς
3635 822 3749 889 ἁρεο

2198 911 2320 979 τὴν,
2351 911 2446 963 καὶ
2477 912 2673 978 μένους
2720 913 3000 980 ἐμπλῆσαι
3031 913 3166 980 πρὸς
3202 911 3302 981 τὴν
3332 911 3509 963 ἔνθεον
3536 915 3625 966 καὶ
3657 912 3751 963 σώ-

2202 1019 2374 1072 φρονα
2409 1004 2503 1055 καὶ
2554 1002 2776 1070 θεοφιλῆ
2823 1004 3025 1073 ταύτην
3060 1003 3280 1072 μανίαν.
3313 1003 3415 1055 Ἦν
3445 1004 3493 1055 οἱ
3531 1004 3752 1073 γνησίως

2156 1162 2169 1171 ν
2206 1098 2464 1163 μανέντες
2519 1094 2621 1145 οὐκ
2657 1094 2998 1163 εὐδαίμονες,
3037 1096 3151 1149 ἀλλ’
3181 1095 3292 1164 ἄρα
3340 1094 3601 1164 δαιμόνιοί
3622 1110 3753 1156 τινες

2202 1185 2469 1253 ἀτεχνῶς.
2516 1185 2656 1252 Ἐγὼ
2689 1185 2746 1239 δέ
2780 1189 2899 1255 εἰμι
2952 1188 3050 1253 μὲν
3083 1188 3142 1239 οὐ
3175 1185 3437 1253 τοιοῦτος,
3493 1186 3609 1239 οὐδὲ
3658 1188 3754 1237 τών

2203 1279 2260 1340 ὲς
2297 1278 2457 1331 τοῦτο
2490 1279 2787 1348 φερόντων,
2812 1280 2934 1333 οὐδὲ
2965 1279 3165 1347 μικροῦ
3194 1280 3308 1332 δεῖ·
3343 1279 3645 1346 θαυμαστὶν
3667 1277 3756 1345 μὲν

2203 1368 2296 1422 οὖν
2326 1372 2375 1421 εἰ
2401 1369 2475 1440 μὴ
2502 1369 2597 1422 καὶ
2629 1368 2763 1421 πολὺ
2794 1370 3137 1422 τούναντίοω
3157 1367 3264 1422 Τοῦ
3292 1369 3334 1422 δ’
3368 1369 3535 1436 ἴσχειν
3560 1367 3759 1437 ἡσύχως

2206 1463 2300 1514 καὶ
2329 1464 2447 1515 κατ’
2476 1463 2710 1530 ἐμαυτὸν
2746 1458 2885 1514 εἶναι
2914 1464 3009 1514 καὶ
3039 1461 3138 1528 ζῇν
3167 1459 3311 1513 οὕτω
3353 1477 3437 1513 τοι
3464 1461 3654 1530 ἥττω-ι,
3693 1457 3758 1519 ὡς

2207 1555 2425 1607 πάντων
2454 1554 2519 1607 ἂν
2560 1555 2711 1606 τουτὶ.
2755 1554 3041 1623 πρίασθαι.
3079 1552 3152 1606 Τό
3183 1569 3241 1606 τε
3275 1553 3385 1623 γὰρ
3429 1553 3538 1604 τῶν
3577 1550 3761 1616 ὀφθαλ-

2213 1646 2330 1717 μῶν
2389 1645 2561 1708 οὕτως
2592 1647 2984 1713 ἐσαναγκάζει,
3018 1644 3189 1714 χωρίς
3218 1661 3279 1696 τε
3337 1644 3528 1696 τούτου
3573 1642 3651 1701 τίς
3674 1644 3762 1691 οἰκ

2137 1790 2179 1846 Β
2209 1738 2276 1792 ἂν
2306 1736 2365 1791 εὖ
2391 1739 2604 1806 φρονῶν
2636 1739 2867 1806 ἡσυχίας
2897 1736 3042 1807 ἐρῴη
3068 1754 3080 1802 ;
3115 1738 3213 1791 ἆτε
3244 1737 3510 1808 δᾳδούχου
3554 1736 3641 1789 καὶ
3670 1753 3762 1803 μοι

2209 1830 2494 1899 σταγωγοῦ
2521 1830 2630 1882 τῶν
2660 1831 2797 1882 ὅτων
2833 1830 2900 1883 ἂν
2927 1847 3009 1891 τις
3042 1830 3191 1884 εἴποι
3214 1829 3539 1892 καλλίστων,
3567 1827 3658 1880 καὶ
3682 1828 3763 1877 τὸν

2168 1968 2176 1977 .
2206 1924 2304 1992 τῆς
2327 1923 2505 1993 ψυχῆς
2529 1922 2726 1993 αἰθέρα
2776 1919 3037 1986 καθάπαξ
3066 1921 3347 1993 τηρούσης
3382 1919 3641 1991 εἰλικρινῆ
3682 1920 3765 1968 καὶ

2207 2015 2471 2084 καθαρὸν,
2521 2017 2617 2068 καὶ
2654 2014 2779 2085 μάλ’
2825 2015 3002 2085 ἀμιγῆ
3034 2015 3236 2078 παντὸς
3268 2014 3505 2074 ὑλώδους
3552 2012 3763 2068 καπνοῦ.

2206 2110 2284 2178 τῷ
2312 2110 2405 2162 τὸν
2437 2109 2562 2163 νοῦν
2597 2112 2853 2179 συνάγειν
2910 2112 3006 2163 καὶ⁸
3038 2111 3286 2179 συνέχειν
3332 2109 3431 2161 καὶ
3466 2108 3540 2178 μὴ
3570 2122 3766 2174 συγχω-
3805 2094 3815 2105 ’

2208 2204 2325 2271 ρεῖν
2344 2201 2647 2271 διαχεῖσθαι
2671 2203 2762 2256 καὶ
2790 2200 3174 2269 κατακλυσμὸν
3216 2200 3516 2270 ὑπομένειν
3553 2198 3652 2251 ὑπὸ
3676 2195 3770 2246 τῶν

2210 2295 2307 2346 τοῦ
2341 2295 2549 2363 κόσμου
2589 2295 2807 2365 ῥοθίων,
2840 2293 2978 2347 ἀλλὰ
2999 2296 3095 2347 καὶ
3116 2293 3210 2347 τοῦ
3236 2292 3549 2361 πεφυκότος
3580 2288 3772 2359 μεμνῆ-

2215 2388 2339 2440 σθαι
2367 2386 2835 2458 παρασκευάζειν,
2874 2390 2971 2440 καὶ⁸
3010 2387 3123 2440 ἄνω
3152 2387 3369 2457 φέρειν,
3398 2385 3490 2437 καὶ
3524 2383 3676 2436 πάντ’
3700 2381 3770 2432 ἓν·

2215 2480 2336 2532 θεον
2363 2478 2526 2543 εἶναι,
2560 2481 2698 2548 μόνα
2723 2480 2793 2533 τὰ
2814 2480 3066 2549 δαιμόνια
3090 2496 3155 2532 πε
3166 2479 3593 2548 ριεργαζόμενον
3615 2474 3773 2544 πράγα

2218 2590 2384 2639 ματα.
2413 2573 2513 2625 Σὸν
2545 2568 2638 2626 οὖν
2671 2573 2737 2624 ἂν
2767 2572 2852 2641 εἴη
2883 2572 2980 2629 καὶ
3026 2571 3124 2641 τῆς
3155 2570 3253 2639 σῆς
3290 2571 3424 2639 περὶ
3451 2570 3626 2623 πάντα
3654 2582 3773 2636 χρη-

2217 2666 2492 2733 στότητος,
2516 2658 2592 2717 ὦν
2624 2663 2802 2717 πάντα
2832 2661 2902 2715 τὰ
2933 2661 3188 2731 βέλτιστα
3249 2662 3317 2713 σὺ
3348 2661 3443 2714 καὶ
3472 2658 3772 2730 βουλόμενος

2216 2757 2311 2807 καὶ
2340 2756 2659 2825 δυνάμενος,
2690 2756 2784 2808 καὶ
2816 2756 3078 2823 πράττων
3105 2752 3365 2824 ἑτοίμως,
3398 2755 3486 2807 ἴνα
3513 2753 3606 2805 καὶ
3634 2749 3773 2809 αὖθις

2217 2844 2285 2902 αὖ
2322 2852 2433 2912 τοῖς
2474 2850 2655 2913 αὐτοῖς
2694 2853 3014 2919 χρήσωμαι,
3048 2851 3109 2903 τὸ
3140 2851 3237 2901 καὶ
3282 2848 3489 2901 τούτων
3521 2847 3662 2917 ἡμᾶς
3689 2861 3773 2896 τυα

2218 2945 2333 3012 χεῑν
2368 2942 2492 3002 τοὺς
2524 2942 2960 3010 μανικωτάτους,
2991 2942 3091 2995 οὐκ
3134 2938 3251 2994 οἶδα
3283 2941 3517 3011 πότερον
3560 2936 3774 3009 ἐραστὰς

2219 3032 2377 3093 δίδως
2403 3031 2606 3098 λέγειν,
2633 3032 2665 3103 ἢ
2692 3033 2801 3086 τῶν
2830 3034 2970 3087 κατὰ
2994 3033 3089 3087 σοῦ
3114 3033 3368 3108 θορύϐων
3395 3033 3661 3104 τεχνίτας,
3683 3031 3776 3088 πᾶς

531 3125 765 3194 pecunia
790 3124 993 3176 alimur
1017 3134 1070 3177 et
1090 3124 1457 3187 sustinemur,
1476 3120 1826 3174 domunculae
1846 3120 2106 3189 quaedam

2224 3123 2268 3174 δ’
2306 3123 2370 3176 ἄν
2398 3140 2482 3186 τις
2515 3123 2647 3193 φαίη
2675 3141 2737 3191 γε
2774 3125 2872 3177 καὶ
2905 3126 3105 3196 εὐχῶν.

533 3232 657 3270 eum
705 3218 816 3270 situ
853 3215 1370 3283 opportunissima,
1410 3212 1779 3277 omnibusque
1853 3213 1982 3267 anni
2048 3216 2392 3284 temporibus
2444 3218 3060 3285 accommodatissima,
3095 3220 3209 3275 sive
3256 3232 3458 3278 natura
3484 3220 3617 3287 loci,
3679 3219 3778 3275 sive

534 3328 653 3367 arte
679 3327 733 3366 et
762 3313 1057 3377 industria,
1084 3321 1198 3366 tum
1242 3327 1308 3365 eo
1339 3311 1484 3379 quod
1535 3311 1832 3379 separatim
1886 3320 1940 3364 et
1991 3327 2263 3377 seorsum,
2287 3322 2343 3366 et
2372 3315 2636 3383 sejuncue
2666 3315 2735 3369 ab
2754 3316 2877 3371 aliis
2899 3317 3020 3373 sita:
3074 3328 3221 3382 sunt.
3290 3336 3565 3375 summam
3624 3314 3779 3371 maxi-

537 3426 794 3480 mamque
868 3411 1138 3464 sanctiori
1186 3409 1383 3463 anima:
1453 3408 1659 3475 templo
1714 3408 2069 3461 serenitatem
2135 3418 2437 3476 parantes,
2493 3420 2551 3463 ut
2600 3426 2785 3482 reapse
2833 3415 3137 3467 animarum
3195 3417 3524 3485 sapientium
3587 3414 3691 3470 ludi
3730 3426 3783 3465 ac

533 3508 802 3564 domicilia
854 3509 1097 3578 quwdam
1142 3508 1245 3560 sint
1307 3505 1611 3574 (Aristoph.
1665 3505 1808 3572 Νεςρ.
1855 3504 1972 3575 94),
2041 3504 2158 3559 sive
2190 3507 2373 3573 petins
2418 3507 2726 3577 ejusmodi,
2782 3524 2906 3579 quae
2933 3510 3147 3565 animas
3199 3510 3318 3565 otio
3390 3521 3665 3583 torpentes
3723 3506 3779 3561 ad

521 3610 808 3675 _virlutem
876 3606 1139 3668 excitare,
1196 3613 1253 3659 et
1308 3618 1465 3659 sacro
1520 3604 1721 3659 ardore
1776 3603 1842 3657 ad
1916 3603 2165 3658 divinum
2208 3605 2377 3670 hunc,
2428 3613 2484 3659 et
2547 3616 2781 3671 castum,
2835 3607 3057 3675 Deoque
3106 3609 3486 3677 gratissimum
3538 3610 3780 3666 furorem.

534 3706 761 3773 implere
787 3713 991 3772 queant
1025 3721 1038 3754 :
1076 3717 1182 3770 que
1208 3718 1237 3750 ιι
1279 3701 1370 3769 qui
1401 3715 1726 3771 germanum
1776 3700 1830 3754 in
1882 3700 2106 3755 modum
2151 3699 2363 3764 (urunt,
2426 3701 2508 3755 illi
2577 3717 2687 3755 non
2719 3702 2909 3757 felices
2933 3702 3097 3757 modo
3142 3717 3206 3756 ac
3254 3703 3430 3769 beati,
3474 3706 3567 3761 sed
3631 3703 3782 3758 divini

534 3799 693 3866 plane
721 3808 868 3852 sunt.
909 3796 1020 3864 Ego
1052 3811 1184 3848 vero
1222 3809 1537 3863 quanquam
1596 3795 1825 3849 minime
1874 3810 1943 3850 ex
2004 3796 2112 3849 isto
2154 3794 2445 3849 hominum
2472 3811 2673 3866 genere
2730 3813 2874 3862 sum,
2930 3812 3109 3867 neque
3128 3798 3197 3852 iis
3220 3813 3347 3866 quae
3370 3801 3479 3855 huc
3503 3801 3782 3871 pertinent,

533 3890 835 3944 instructus
862 3888 1181 3945 virtutibus.
1236 3888 1398 3956 longe
1450 3902 1583 3942 sane
1640 3889 1880 3953 absum;
1945 3897 2109 3957 atque
2150 3891 2284 3944 adeo
2338 3893 2536 3945 mirum
2605 3891 2791 3958 fuerit,
2839 3892 2884 3946 si
2959 3909 3069 3947 non
3109 3896 3394 3950 contrario
3424 3911 3644 3965 prorsus
3681 3892 3786 3947 mea

534 3990 847 4050 comparata
879 3979 1044 4033 modo
1075 3990 1221 4033 sunt.
1251 3982 1342 4034 Sic
1372 3991 1550 4034 tamen
1574 3982 1627 4034 in
1653 3981 1837 4049 quiete
1865 3981 2120 4048 degendi,
2163 3993 2218 4038 et
2250 3999 2499 4038 seorsum
2575 3985 2709 4039 mibi
2765 3986 2961 4055 agendi
3006 3987 3368 4057 vivendique,
3447 3998 3636 4059 captus
3679 4005 3784 4043 sum

534 4077 741 4138 studio,
775 4082 835 4128 ut
874 4074 979 4128 hoc
1009 4076 1130 4128 vitae
1179 4090 1353 4142 genus
1394 4074 1634 4130 fortunis
1686 4077 1822 4129 meis
1893 4077 2152 4131 omnibus
2192 4080 2537 4149 redemptum
2606 4079 2792 4134 velim.
2825 4080 2943 4136 lluc
2972 4084 3118 4136 enim
3155 4095 3210 4137 et
3252 4084 3546 4138 oculorum
3593 4098 3675 4137 me
3705 4097 3786 4133 va'

534 4169 727 4223 letudo
766 4169 1068 4238 compellit,
1105 4180 1221 4223 tum
1277 4177 1338 4223 ut
1385 4170 1593 4238 absque
1629 4170 1734 4225 hoc
1779 4178 1947 4237 esset,
1992 4172 2117 4243 quis
2156 4175 2375 4243 sapiens
2432 4192 2543 4229 non
2600 4186 2797 4246 sponte
2857 4177 3098 4247 quietem
3150 4162 3341 4233 amet?
3409 4183 3536 4234 [hec
3603 4178 3787 4248 quippe

534 4262 711 4317 facem
773 4264 1057 4331 praelucet,
1113 4272 1167 4315 et
1224 4262 1485 4331 magistra
1541 4264 2043 4331 pulcherrimarum
2086 4282 2274 4321 rerum
2345 4270 2594 4323 omnium
2647 4280 2768 4333 est,
2836 4286 2957 4339 quae
3012 4273 3290 4325 nominari
3324 4288 3353 4325 a
3392 4273 3648 4342 quopiam
3677 4284 3783 4338 pos-

536 4366 689 4411 sunt.
754 4355 881 4408 llaec
937 4370 1214 4409 summum
1255 4356 1454 4409 animae
1499 4356 1785 4419 aetherem,
1852 4358 2151 4423 sincerum,
2194 4362 2484 4427 mundum,
2534 4363 2600 4416 ab
2652 4363 2915 4432 omnique
2970 4364 3241 4417 materiali
3315 4366 3470 4419 t‘umo
3515 4372 3786 4420 secretum,

538 4464 933 4519 usquequaque
964 4458 1169 4512 servat,
1197 4447 1328 4501 dum
1362 4457 1598 4503 mentem
1621 4451 1880 4505 videlicet
1908 4453 2118 4522 colligit
2154 4468 2218 4507 ac
2292 4456 2579 4520 continet;
2609 4471 2711 4510 nec
2744 4455 2976 4510 diﬂundi
2998 4496 3012 4520 ,
3049 4455 3353 4525 mundique
3388 4457 3551 4526 hujus
3608 4456 3785 4524 jactari

538 4543 814 4610 obruique
846 4541 1109 4595 ﬂuctibus
1138 4541 1369 4610 patitur,
1404 4541 1570 4611 idque
1617 4544 1785 4598 ellicit
1809 4585 1823 4611 ,
1856 4554 1915 4598 ut
1961 4555 2118 4601 ortus
2156 4547 2468 4617 indolisque
2533 4564 2648 4603 suae
2706 4565 2919 4604 memor
2940 4548 3132 4603 eadem
3159 4553 3252 4614 sit,
3292 4560 3349 4605 et
3379 4550 3614 4605 sublime
3644 4544 3787 4600 attol-

538 4636 706 4699 latur,
770 4646 826 4687 et
860 4644 974 4688 tota
1018 4634 1246 4688 numine
1301 4634 1560 4689 instincta
1612 4636 1842 4700 feratur,
1895 4648 1951 4693 et
2002 4641 2116 4693 sola
2154 4641 2421 4696 duntaxat
2472 4642 2658 4696 divina
2692 4642 3097 4697 studiosissime
3132 4653 3352 4698 tractet.
3412 4644 3588 4698 Tuum
3621 4641 3789 4711 igitur.

542 4739 759 4796 tuaeque
788 4727 856 4781 ad
880 4726 1065 4781 omnia
1094 4742 1217 4783 sese
1254 4729 1590 4798 porrigentis
1661 4731 2017 4801 benignitatis
2051 4732 2157 4788 hoc
2197 4734 2385 4799 fuerit,
2444 4752 2474 4789 ο
2537 4746 2614 4802 tu,
2654 4737 2743 4805 qui
2795 4738 2993 4806 optima
3017 4738 3218 4800 omnia,
3280 4747 3331 4791 et
3377 4738 3454 4791 vis
3486 4751 3533 4790 et
3558 4744 3718 4805 potes,
3747 4738 3789 4782 et

539 4824 720 4875 animo
774 4823 1162 4892 promptissimo
1212 4823 1365 4893 agis,
1421 4826 1630 4880 eisdem
1683 4828 1828 4881 enim
1888 4827 2071 4882 denuo
2112 4830 2336 4897 (quibus
2401 4832 2583 4901 initio)
2631 4843 2753 4885 utar
2804 4833 3012 4895 verbis,
3089 4842 3148 4887 ut
3198 4841 3254 4885 et
3313 4835 3433 4889 lnec
3465 4848 3566 4888 nos
3615 4840 3792 4886 consc‘

539 4934 775 4989 quamur
827 4918 1112 4985 beneﬁcia,
1152 4936 1275 4981 nos,
1328 4921 1572 4984 inquam,
1619 4921 1970 4977 l‘uriosissimi
2048 4925 2297 4993 profecto
2330 4968 2343 4991 ,
2399 4929 2590 4983 nescio
2648 4944 2777 4982 vero
2837 4938 3021 4983 utrum
3071 4938 3344 4984 amatores
3420 4929 3519 4992 lui,
3573 4943 3640 4982 an
3674 4935 3790 4977 vero

542 5016 829 5080 plausuum
854 5021 910 5064 et
937 5011 1394 5066 acclamationum
1441 5016 1507 5068 de
1552 5024 1602 5068 te
1636 5016 1898 5081 artiﬁces,
1957 5016 2118 5071 nobis
2158 5020 2444 5088 permittas
2514 5021 2741 5087 dicere;
2810 5021 3010 5076 dixerit
3044 5036 3173 5075 vero
3216 5021 3447 5091 insuper
3516 5014 3793 5087 unusquis-

539 5121 673 5176 que,
704 5114 761 5158 et
794 5112 1072 5159 votorum.

1178 5251 1264 5307 VI.
1308 5253 1517 5307 Eidem.
1947 5280 1981 5314 ο

2204 5284 2207 5306 ›
2493 5251 2497 5252 ν
2793 5257 2885 5321 ς’.
2927 5252 3010 5319 Τῷ
3047 5253 3228 5319 αὐτῷ.

610 5377 746 5435 Cum
778 5393 844 5433 eo
866 5378 1087 5433 nomine
1115 5379 1263 5449 quod
1296 5390 1411 5435 tute
1451 5395 1552 5434 nos
1588 5381 1700 5449 jam
1732 5380 1947 5450 pridem
1993 5382 2124 5437 dili-

538 5472 643 5540 gis,
710 5477 823 5522 tum
882 5470 1027 5538 quod
1081 5486 1249 5524 unum
1301 5483 1353 5525 te
1399 5471 1648 5525 omnium
1699 5472 1866 5527 rebus
1917 5474 2127 5529 nostris

542 5564 981 5619 faventissimum
1043 5564 1253 5634 experti
1318 5580 1418 5619 nos
1470 5578 1683 5627 sumus,
1725 5564 1825 5619 tibi
1887 5565 2124 5620 invicem

544 5656 776 5710 maxime
847 5659 1093 5711 omnium
1155 5657 1468 5720 studemus,
1537 5667 1699 5727 teque
1763 5658 2126 5727 singulariter

540 5762 809 5805 amamus.
851 5751 1222 5820 Praeterquam
1267 5752 1412 5819 quod
1439 5760 1721 5820 comperta
1771 5750 1886 5805 bace
1942 5750 2125 5804 omni-

2307 5380 2415 5434 Καὶ
2457 5375 2536 5442 οἷς
2581 5379 2745 5442 αὐτὸς
2780 5379 2929 5447 ἡμᾶς
2967 5377 3176 5431 ἄνωθεν
3220 5378 3494 5447 στέργεις,
3525 5375 3616 5428 καὶ
3643 5368 3717 5433 οἷς
3746 5369 3793 5436 ἡ·

2237 5476 2359 5543 μεῖς
2395 5475 2454 5526 σὲ
2483 5472 2716 5541 μάλιστα
2756 5470 2977 5523 πάντων
3007 5470 3077 5522 τὰ
3122 5470 3256 5539 πρὸς
3289 5469 3439 5538 ἡμᾶς
3475 5466 3666 5525 αὐτοὺς
3706 5463 3787 5526 ἐγ-

2232 5567 2490 5629 νωκότες,
2519 5565 2603 5618 σοὶ
2635 5562 2871 5631 μάλιστα
2907 5561 3127 5615 πάντων
3169 5561 3461 5627 τιθέμεθα,
3495 5560 3586 5612 καὶ
3610 5558 3666 5608 σὲ
3685 5557 3789 5607 δια·

2233 5657 2511 5726 φερόντως
2564 5654 2848 5723 φιλοῦμεν.
2887 5654 3051 5706 Ἀνευ
3083 5652 3178 5705 τοῦ
3237 5652 3448 5715 πάντας
3505 5651 3693 5703 εἰδέναι
3739 5658 3789 5694 τε

2233 5753 2325 5804 καὶ
2364 5749 2510 5819 β’ᾇν,
2577 5748 2643 5801 δι’
2693 5744 2941 5816 ἀλλήλων
2990 5744 3144 5799 ἐὖτ’
3178 5744 3468 5814 ἀμφότερα
3512 5742 3789 5801 δείκνυταιἶ
