4018 6458
322 447 425 510 435

1716 443 2121 504 EPISTOLAZ.

3475 442 3578 503 1:26

322 559 457 612 Οὔτε
493 556 601 628 γὰρ
636 555 940 625 ἔστιν,,οὐκ
987 554 1134 608 ἔστιν
1166 555 1317 608 οὐδὲν
1352 554 1459 608 τῶν
1489 553 1742 609 ἁπάντων
1764 558 1792 609 δ
1827 556 1895 627 μὴ

2009 558 2129 625 bus,
2187 554 2543 627 omniumque
2611 555 2901 610 decantata
2938 570 3036 611 ore
3089 564 3240 621 sunt,
3289 558 3424 613 satis
3477 557 3583 610 line

325 649 389 701 σῢ
428 655 566 715 μετα
610 643 701 699 τοῦ
736 645 1061 714 γιγνομένου
1118 662 1179 697 τε
1210 644 1307 698 καὶ
1347 643 1678 713 ψηφίζοντος
1726 645 1900 715 πράτο

322 754 454 803 τεις,
485 737 547 791 οὐ
583 735 782 806 μᾶλλόν
813 748 877 802 γε
903 734 937 804 ἢ
965 734 1063 798 τὰς
1092 737 1241 805 τρεῖς
1270 732 1364 786 τοῦ
1392 731 1660 804 τριγώνου
1692 734 1901 803 γωνίας

325 832 400 902 μὴ
426 830 575 883 δυοῖν
598 827 786 898 ὁρθαῖν
812 827 935 889 ῐσας
965 821 1129 880 εἶναι.
1160 824 1324 879 Ταῦτ’
1353 824 1461 895 ἄρα
1487 826 1584 876 καὶ
1642 826 1790 897 μόνῳ
1817 842 1900 879 σοι

323 923 430 975 τῶν
467 922 689 975 πάντων
714 917 863 973 τοῦθ’
895 917 1090 989 ὥσπερ
1138 918 1437 988 ἐπίσημον,
1467 916 1584 970 οὐθ’
1623 920 1782 989 ἡμῶν
1806 920 1902 971 αύ-

323 1019 450 1084 τῶν,
481 1016 577 1069 ἐὰν
608 1015 684 1086 μὴ
710 1013 921 1076 δεινούς
964 1030 1119 1076 τινας
1146 1012 1312 1077 ὄντας
1353 1012 1503 1085 ᾔδεις
1557 1013 1628 1068 τὰ
1683 1014 1774 1078 σὰ,
1802 1012 1902 1067 καὶ

324 1111 422 1178 τῆς
455 1107 556 1176 σῆς
587 1107 803 1170 εὐνοίας
850 1106 984 1177 παρ’
1028 1106 1384 1160 οὑστινασοῦν
1432 1106 1747 1177 ἐχομένους,
1797 1105 1900 1159 οὐκ

324 1199 387 1251 ἂν
418 1197 759 1268 ἐφρόντιζες.
800 1196 916 1249 Νῦν
949 1196 1004 1249 δὲ
1035 1197 1138 1249 οὐκ
1170 1195 1318 1249 ἔστιν
1349 1195 1427 1250 ὅθ’
1464 1196 1624 1267 ήμῶν
1646 1196 1708 1249 οὐ
1742 1195 1901 1265 λόγον

323 1293 473 1362 ποιῇ,
511 1290 677 1342 πάλαι
729 1288 829 1357 μὲν
864 1290 922 1341 ὲν
966 1288 1184 1351 πολλοῖς
1231 1288 1496 1352 πολλάκις
1543 1288 1612 1342 τὰ
1667 1288 1899 1358 μέγιστα

325 1383 716 1453 ξυναράμενος,
748 1379 843 1433 καὶ
896 1379 1142 1447 γεγονὼς
1175 1381 1233 1434 ὲν
1263 1382 1465 1453 καιρῷ,
1499 1380 1593 1435 νῦν
1636 1380 1682 1434 δ’
1726 1382 1786 1446 ἐξ
1823 1375 1900 1435 ὧν

322 1474 499 1537 οὕτως
526 1469 584 1527 εὖ
620 1470 768 1542 μάλα
800 1471 895 1524 καλ⁵
922 1470 1062 1541 μετὰ
1090 1469 1390 1536 διαθέσεως
1415 1472 1779 1535 ἐπιστέλλεις.
1812 1474 1897 1536 Ὠς

322 1564 415 1618 καί
452 1580 598 1627 τινος
633 1564 735 1617 οὐκ
769 1563 1031 1635 ἀχάριτος
1066 1562 1359 1628 ξυναυλίας
1389 1562 1644 1617 ἐνταυθοῖ
1695 1580 1902 1634 μνημο-

321 1659 522 1722 νεύειν,
557 1661 652 1711 καὶ
678 1656 777 1719 τὰς
797 1658 1011 1727 ἡμέρας
1041 1655 1257 1721 ἐκείνας
1283 1655 1645 1727 ἑορτασίμους
1685 1654 1896 1722 καλεῖν,

320 1751 497 1813 διδοὺς
516 1749 594 1811 ὡς
623 1748 859 1818 μάλιστα
897 1747 1315 1817 συλλογίζεσθαι
1347 1746 1424 1810 ὡς
1454 1747 1539 1800 ὅτι
1574 1746 1650 1817 μὴ
1684 1745 1781 1800 καλ⁵
1802 1745 1898 1799 νῦν

323 1841 460 1910 ὑπὲρ
509 1838 669 1909 ήμῶν
725 1837 880 1892 ταῦτ’
926 1837 1045 1891 ἐστι
1103 1855 1188 1891 σοι
1243 1837 1525 1908 πράττειν,
1581 1838 1641 1889 οὐ
1681 1836 1894 1907 μικρῶς

2007 661 2301 719 utrumque
2332 664 2396 703 ex
2430 658 2664 719 utroque
2700 648 3012 713 astruitur;
3063 663 3238 717 neque
3281 648 3428 703 enim
3474 659 3580 713 cst,

2004 755 2116 795 non
2146 754 2233 795 εει
2257 754 2405 806 vero,
2438 738 2737 808 quidquam
2772 753 2957 792 rerum
2991 739 3263 803 omnium,
3296 739 3442 809 quod
3471 755 3580 793 non

2005 831 2250 902 legitimo
2283 828 2445 884 modo
2474 827 2810 898 caiculisque
2837 827 3118 882 subductis
3143 836 3199 881 tu
3226 842 3374 898 agas,
3404 827 3584 882 nihilo

2005 936 2138 976 sane
2166 920 2291 990 plus
2324 933 2489 990 quam
2533 927 2593 973 ut
2621 925 2732 972 tres
2778 917 2835 972 in
2877 917 3157 989 triangqu
3199 919 3423 986 anguli,
3472 934 3584 973 non

2006 1012 2223 1066 duobus
2254 1011 2420 1066 rectis
2450 1009 2564 1065 sint
2591 1009 2848 1080 aequales.
2882 1009 3253 1076 Quamobrem
3281 1019 3337 1066 et
3372 1012 3475 1066 soli
3516 1026 3586 1065 cx

2004 1101 2263 1157 omnibus
2290 1101 2387 1156 tibi
2413 1100 2531 1155 haec
2560 1102 2710 1155 velut
2750 1103 2974 1171 propria
3008 1111 3136 1156 nota
3167 1110 3270 1167 est,
3307 1111 3364 1157 et
3408 1104 3584 1157 nostri

2002 1193 2272 1263 ipsorum,
2312 1193 2417 1249 nisi
2470 1194 2768 1249 acerrimos
2811 1195 3054 1250 cultores
3105 1204 3250 1259 tuos,
3279 1206 3337 1250 et
3384 1206 3586 1265 praeter

2001 1292 2230 1339 caeteros
2281 1298 2474 1338 omnes
2521 1285 2711 1355 gratia:
2761 1295 2868 1340 tua:
2914 1285 3157 1355 cupidos
3196 1286 3585 1356 studiososque

2001 1389 2124 1431 esse
2152 1374 2349 1442 scires,
2389 1375 2537 1430 haud
2575 1375 2740 1430 ullam
2792 1375 3026 1431 haberes
3070 1376 3363 1431 rationem.
3417 1377 3585 1447 Atqui

2002 1465 2152 1520 nullo
2172 1480 2285 1520 non
2317 1474 2562 1537 tempore
2603 1467 2776 1521 nostri
2817 1459 3087 1521 rationem
3131 1467 3344 1535 habes;
3379 1469 3588 1539 quippe

2000 1559 2094 1629 qui
2138 1568 2196 1615 et
2232 1558 2364 1613 olim
2409 1560 2834 1631 quamplurimis
2869 1576 3255 1632 saepenumero
3310 1563 3362 1617 in
3413 1564 3584 1619 rebus

2000 1651 2298 1707 maximum
2332 1652 2728 1708 adminiculum
2757 1654 3011 1723 attulisti,
3063 1664 3120 1711 et
3172 1666 3583 1726 peropportune

1999 1742 2247 1799 adfuisti.
2287 1744 2355 1799 Et
2388 1760 2556 1808 nunc,
2575 1745 2706 1800 dum
2740 1745 2814 1800 ita
2835 1746 3125 1810 benevole,
3159 1757 3215 1802 et
3241 1763 3367 1801 cum
3390 1747 3577 1803 nativa

1999 1836 2167 1890 animi
2224 1834 2516 1892 affectione
2563 1836 2725 1892 nobis
2761 1837 3001 1902 scribis;
3057 1847 3119 1892 ut
3166 1837 3337 1893 etiam
3395 1841 3573 1894 mutui

320 1931 714 2002 δυσχεραίνεις.
749 1931 815 1983 Ὀ
848 1929 944 1982 καὶ
993 1929 1089 1982 τοῦ
1118 1929 1413 2000 τυγχάνειν
1446 1927 1603 1982 οὐδὲν
1632 1922 1798 2001 ἦττον
1827 1927 1892 1999 ή-

2000 1927 2278 2000 cujusdam
2324 1942 2436 1983 non
2500 1928 2786 1999 injucundi
2847 1938 3152 1984 concentus
3231 1930 3575 1986 mentionem

323 2024 435 2094 μϊν.
1997 2015 2190 2080 facias,
2223 2026 2281 2071 et
2318 2016 2444 2072 illos
2475 2017 2610 2072 olim
2640 2017 2763 2073 dies
2796 2017 2967 2073 festos
3001 2019 3267 2089 appelles.
3294 2018 3583 2099 Quqillud

211 2148 225 2159 ι
318 2112 666 2185 potissimum
713 2110 1086 2184 colligendum
1138 2111 1258 2178 das,
1317 2120 1372 2168 te
1422 2111 1572 2183 quod
1628 2125 1740 2166 nou
1788 2110 1894 2166 hoc
1929 2109 2096 2166 etiam
2155 2118 2407 2179 tempore
2464 2119 2655 2166 nostra
2675 2124 2842 2166 causa
2872 2110 2988 2166 [nec
3006 2110 3122 2181 ipsa
3150 2111 3369 2167 efﬁcere
3401 2120 3580 2181 potes,

321 2207 465 2263 haud
492 2204 844 2260 mediocriter
880 2205 1065 2260 animo
1120 2205 1483 2271 commoveri,
1530 2205 1585 2260 id
1632 2202 1782 2275 quod
1829 2202 2008 2258 nihilo
2073 2203 2233 2259 nobis
2270 2204 2504 2261 minoris
2538 2212 2645 2270 est,
2698 2219 2865 2275 quam
2917 2204 2964 2260 si
3039 2204 3148 2259 voti
3215 2205 3388 2260 nostri
3432 2220 3583 2261 com-

318 2315 474 2376 potes
505 2308 885 2364 evaderemus.

319 2448 391 2500 Z'.
432 2444 761 2513 Ἐπιστολή
822 2443 931 2499 τοῦ
972 2444 1338 2513 σοφωτάτου
1383 2444 1729 2513 Νικηφόρον
1784 2440 1891 2496 τοῦ

714 2511 995 2586 Γρηγορᾶ
1022 2511 1104 2580 τῷ
1134 2515 1483 2584 Μαγίστρῳ.

389 2624 578 2680 Πολλοί
600 2642 692 2697 μοι
726 2625 819 2680 τὸν
848 2624 942 2679 σὺν
1002 2624 1285 2696 ἐμήνυσαν
1315 2623 1536 2697 τρόπον,
1564 2623 1639 2686 ὠς
1668 2623 1891 2693 πλήρης

317 2719 505 2786 ἐγένου
541 2718 806 2781 πολλάκις
849 2716 1032 2788 ὁρμῆς
1066 2718 1125 2780 ἐς
1165 2717 1228 2769 τὸ
1258 2715 1493 2788 γράφειν
1523 2715 1680 2786 ήμῖν.
1725 2713 1891 2768 ’Δλλά

319 2828 404 2875 τις
434 2808 493 2876 ἐξ
522 2810 823 2865 ἀντιπάλου
870 2810 1178 2880 φερόμενος
1229 2807 1517 2878 λογισμὸς,
1565 2806 1901 2879 ἀντέκρουσέ

314 2922 375 2957 τε
399 2903 495 2958 καὶ
526 2902 673 2974 μάλα
707 2900 957 2973 σφοδρῶς
985 2900 1086 2973 τὴν
1120 2900 1382 2971 τοιαύτην
1406 2897 1587 2970 ὁρμὴν
1617 2899 1899 2970 ἀνεχαίτι-

319 3013 433 3063 σεν,
478 2997 627 3052 αἴτια
671 2995 1111 3068 προϐαλλόμενος
1172 2993 1311 3064 πρός
1355 3007 1420 3060 γε
1463 2995 1577 3056 τοῖς
1621 2991 1804 3054 ἄλλοις
1838 2989 1900 3043 τὸ

319 3089 488 3160 μήπω
516 3106 575 3142 τε
602 3089 735 3159 ἡμῖν
768 3085 1183 3156 συγγεγονέναι,
1217 3085 1346 3156 μήτ’
1378 3083 1557 3145 ἄλλως
1584 3084 1780 3152 μαθεῖν
1806 3082 1899 3137 τὸν

316 3182 585 3254 ἡμέτερον
605 3180 829 3253 τρόπον,
856 3180 1040 3243 ὁποῖος
1061 3193 1074 3209 ·
1114 3172 1259 3231 εἶναι
1303 3177 1413 3248 γάρ
1446 3175 1746 3247 πολυσχιδῆ
1802 3175 1902 3230 καὶ

1999 2439 2109 2497 VII.
2131 2438 2524 2509 Sapientiuimi
2548 2438 2655 2510 viri:
2668 2434 2978 2510 _Niceplzori
3003 2437 3250 2510 Gregorii:
3271 2439 3488 2510 epistola
3514 2439 3587 2493 ad

2626 2506 2972 2580 Magistrum.

2067 2625 2187 2682 Jam
2223 2641 2254 2680 a
2282 2624 2538 2696 pluribus
2571 2622 2642 2680 de
2679 2631 2732 2679 te
2783 2623 3008 2694 tuisque
3060 2624 3314 2681 moribus
3374 2640 3584 2681 renun-

2001 2721 2196 2775 tiatum
2230 2720 2368 2774 mihi
2390 2717 2518 2785 fuit,
2551 2717 2700 2790 quod
2730 2733 2857 2774 cum
2886 2719 3053 2789 pleno
3101 2719 3303 2789 saepius
3342 2719 3411 2774 ad
3447 2722 3584 2775 scri-

1998 2813 2238 2871 bendum
2278 2811 2443 2869 nobis
2493 2812 2701 2882 impetu
2751 2810 2991 2878 fuisses,
3034 2810 3286 2881 quaedam
3341 2826 3469 2866 mox
3514 2827 3583 2866 ex

1995 2903 2231 2958 adverso
2256 2902 2521 2973 ingruens
2549 2901 2831 2972 cogitatio,
2868 2901 3019 2956 hunc
3049 2903 3229 2972 ipsum
3264 2901 3587 2959 vehementi

1996 2994 2121 3050 nisu
2147 2993 2418 3049 retuderit
2443 3002 2612 3066 atque
2635 2994 3023 3050 sumamina'rit
3058 2998 3349 3066 impetum,
3387 3006 3588 3066 praeter

1997 3086 2107 3142 alia
2129 3087 2304 3144 ethoc
2333 3088 2517 3158 ipsum
2548 3102 2731 3144 causai
2758 3087 2882 3143 loco
2911 3098 3243 3158 praetexens,
3275 3090 3424 3159 quod
3456 3105 3589 3145 nec-

1996 3179 2128 3235 dum
2159 3196 2260 3237 nos
2289 3180 2667 3249 convenisses,
2708 3195 2814 3237 nec
2860 3180 3084 3237 aliunde
3124 3190 3383 3237 naturam
3430 3182 3589 3237 indo-

315 3275 461 3327 πάνυ
492 3290 579 3327 ⁸ιίοι
623 3272 830 3343 σφόδρα
861 3272 1096 3343 διάφορα
1152 3272 1253 3324 καὶ
1285 3270 1627 3324 δυσείκαστα
1654 3268 1764 3324 τῶν
1798 3270 1894 3325 ἁν-

2000 3270 2218 3342 lemque
2274 3282 2543 3338 nostram,
2591 3274 2900 3345 cuiusmodi
2947 3284 3134 3342 esset,
3188 3278 3532 3348 percepisses
3570 3296 3585 3333 :

315 3364 547 3437 θρώπων
574 3363 643 3418 τά
668 3363 775 3436 ήθη
813 3365 909 3418 καὶ
946 3363 1160 3417 δεῖσθαι
1196 3364 1421 3434 μακρᾶς
1464 3350 1755 3426 συνουσίας
1796 3364 1893 3417 καὶ

311 3459 510 3529 πείρας
538 3457 683 3521 τινος
713 3455 980 3529 ἀκριϐοῦς
1030 3457 1110 3519 εἰς
1143 3455 1474 3527 κατάληψιν.
1508 3455 1618 3509 Καὶ
1652 3454 1893 3527 ἐπῄνεσα

311 3553 380 3621 νὴ
408 3555 531 3615 τοὺς
564 3550 756 3620 λόγους
796 3549 908 3621 ἐγὼ
942 3550 1173 3622 ταυτηνὶ
1214 3549 1313 3623 τὴν
1363 3549 1588 3619 δειλίαν,
1636 3550 1732 3603 καὶ
1773 3550 1896 3602 ἁνε-

313 3643 560 3715 μνήσθην
611 3644 825 3698 ἐκείνου
858 3642 952 3696 τοῦ
1010 3643 1185 3714 μύθου
1211 3641 1307 3696 τοῦ
1341 3640 1613 3697 Ἀττικοῦ.
1653 3642 1748 3705 Ὃς
1796 3640 1890 3694 Ἦ⁸

311 3737 524 3807 φαίστῳ
548 3736 639 3790 τὸν
676 3737 886 3807 Μῶμον
930 3738 1148 3805 είσάγει
1191 3734 1546 3806 μεμφόμενον
1578 3736 1659 3788 ὅτι
1686 3733 1764 3805 μὴ
1801 3733 1895 3787 θύ-

314 3843 414 3898 ρας
460 3829 555 3882 ἐπὶ
586 3829 692 3882 τῶν
723 3828 1084 3900 ἀνθρωπίνων
1116 3830 1393 3898 πεποίηκε
1424 3827 1664 3896 στέρνων
1703 3825 1892 3890 ὁπότε,

312 3919 500 3988 φησὶν,
526 3919 878 3992 ἐδημιούργει
911 3920 1002 3972 τὸν
1049 3918 1340 3988 ἄνθρωπον
1368 3934 1385 3951 ο
1412 3913 1449 3989 ἦ
1478 3918 1587 3989 γὰρ
1616 3916 1682 3972 ἂν
1712 3915 1895 3970 αὐτῶν

311 4012 683 4083 ἀνοιγομένων
703 4014 868 4065 ὁπότε
898 4013 1088 4083 ἐχρῆν,
1109 4011 1268 4082 δῆλα,
1304 4010 1460 4082 φησὶ,
1494 4011 1590 4063 καὶ
1619 4011 1732 4071 τοῖς
1763 4006 1897 4074 ἔξω·

309 4105 404 4161 θεν
431 4104 680 4177 ὁμιλοῦσι
712 4105 778 4158 τὰ
825 4104 976 4160 ἔνδον
1010 4104 1229 4174 ὑπῆρχε
1262 4102 1629 4174 βουλεύματα.
1670 4099 1814 4168 Ἐγὼ
1839 4100 1896 4152 δέ

311 4200 456 4272 μήτε
496 4198 784 4271 μιμεῖσθαί
812 4215 872 4252 σε
896 4197 1089 4268 κρίνας
1115 4199 1177 4251 ἐν
1204 4196 1421 4259 τούτοις
1455 4195 1627 4260 είκὸς,
1660 4193 1755 4247 καὶ
1779 4192 1897 4262 ἅμα

308 4293 492 4356 πάσας
517 4293 615 4356 τὰς
635 4291 898 4354 τοιαύτας
921 4290 1228 4362 προφάσεις
1252 4287 1517 4352 καθάπαξ
1539 4285 1896 4356 παραλλάξας

309 4386 410 4439 καὶ
438 4384 684 4454 ὑπερϐάς
731 4383 982 4456 ὁμιλήσω
1026 4399 1112 4436 σοι
1137 4381 1236 4435 καὶ
1265 4381 1555 4453 πόρρωθεν
1593 4377 1694 4449 ἤδη
1723 4376 1894 4430 καθά-

306 4493 422 4547 περ
451 4475 673 4547 συνήθει
705 4477 799 4529 καὶ
828 4474 989 4544 φίλῳ,
1024 4473 1161 4544 πρὸς
1190 4474 1360 4544 μόνην
1386 4469 1899 4555 αὐτὴνιάποϐλέψας

1995 3366 2168 3421 scissa
2196 3367 2347 3420 enim
2393 3366 2751 3421 multifariam
2776 3408 2792 3435 ,
2828 3376 2883 3424 et
2927 3367 3162 3423 nimium
3195 3380 3463 3440 quantum
3505 3373 3591 3427 di-

1995 3472 2178 3524 versa,
2208 3467 2263 3512 et
2285 3457 2353 3513 ad
2380 3459 2803 3530 conjectandum
2836 3474 3102 3530 perquam
3136 3462 3371 3517 obscura
3404 3464 3590 3519 homi-
3671 3506 3674 3510 Α

1997 3565 2132 3604 num
2169 3564 2293 3605 esse
2324 3551 2580 3619 ingenia,
2608 3550 2888 3622 longoque
2925 3567 3029 3607 usu
3064 3561 3120 3608 et
3153 3566 3416 3611 accurata
3447 3573 3589 3627 qua-

1996 3641 2123 3693 dam
2174 3640 2578 3707 periclitatione
2654 3658 2795 3712 opus
2863 3658 2987 3700 esse
3023 3685 3038 3709 ,
3095 3647 3165 3701 ad
3230 3662 3294 3702 ea
3360 3652 3600 3719 penitus

1998 3730 2453 3802 introspicienda.
2502 3734 2677 3799 Quam
2724 3750 2826 3806 ego
2875 3736 3230 3795 formidinem
3283 3751 3468 3808 tuam,
3509 3744 3585 3800 ita

1997 3841 2086 3882 me
2112 3824 2280 3882 Musa:
2304 3838 2515 3894 ament,
2537 3827 2702 3884 etiam
2734 3830 3025 3886 laudabam
3048 3851 3063 3899 ;
3087 3843 3143 3888 et
3167 3834 3328 3890 simul
3344 3836 3580 3893 Atticam

1998 3919 2145 3974 illam
2186 3921 2522 3977 recordabar
2568 3922 2861 3991 fabellam;
2902 3940 3024 3995 quae
3077 3925 3319 3982 Momum
3373 3929 3477 3985 hoc
3525 3930 3584 3986 in

2002 4010 2247 4069 Vulcano
2306 4014 2809 4085 reprehendentem
2869 4017 3122 4085 inducit,
3160 4020 3306 4090 quod
3366 4026 3581 4092 pectori

2000 4107 2265 4173 humano,
2306 4123 2431 4162 cum
2453 4109 2765 4176 hominem,
2802 4120 2863 4166 ut
2888 4111 2964 4165 ait
2990 4152 3004 4178 ,
3029 4112 3415 4185 fabricaretur,
3443 4119 3584 4174 ostia

1999 4216 2110 4257 non
2138 4204 2514 4272 apposuisset.
2543 4202 2617 4258 lis
2636 4203 2807 4269 enim,
2842 4203 2936 4259 ubi
2976 4221 3110 4262 usus
3138 4216 3306 4275 esset,
3329 4211 3584 4276 reclusis,

1999 4296 2345 4351 extrinsecus
2389 4309 2517 4349 cum
2574 4297 2694 4366 ipso
2736 4298 3068 4366 agentibus,
3112 4300 3379 4372 quidquid
3439 4304 3585 4357 intus

2001 4387 2468 4444 machinationum
2509 4388 2728 4462 lateret,
2765 4390 3116 4445 manifestum
3165 4392 3435 4448 futurum.
3466 4395 3585 4462 Ego

2000 4497 2132 4536 vero
2170 4497 2271 4536 nec
2303 4481 2359 4534 in
2391 4479 2478 4534 his
2509 4490 2562 4535 te
2588 4482 2794 4534 imitari
2837 4496 3055 4551 aequum
3091 4491 3268 4550 ratus,
3302 4495 3357 4538 ct
3392 4501 3585 4541 omnes

303 4571 411 4642 τὴν
454 4569 740 4623 κοινωνίαν
771 4569 867 4622 τοῦ
923 4569 1110 4636 λόγου.
1159 4568 1228 4646 ζιι
1292 4567 1396 4638 μὲν
1435 4552 1575 4636 γάρκ
1597 4564 1892 4634 παροιμία,

2002 4575 2212 4646 pariter
2258 4575 2314 4629 id
2363 4589 2541 4644 genus
2599 4583 2896 4644 praetextus
2958 4575 3119 4644 plane
3189 4589 3583 4646 praatervectus

304 4664 470 4717 κοινὰ
496 4663 567 4715 τὰ
586 4663 695 4715 τῶν
730 4662 901 4732 φίλων
932 4659 1073 4716 εἶναι
1104 4660 1398 4731 φάσκουσα
1420 4658 1552 4725 δεῖν,
1577 4656 1677 4726 τὴν
1709 4653 1893 4725 φιλίαν

303 4755 485 4810 αἴτιον
537 4755 636 4822 τῆς
682 4753 969 4816 κοινωνίας
1023 4752 1319 4824 προτίθησι
1371 4749 1485 4803 τῶν
1521 4749 1890 4819 πραγμάτων.

316 4845 465 4916 Ἐγὼ
495 4848 551 4902 δὲ
593 4846 902 4900 τούναντίον
950 4846 1051 4916 τὴν
1083 4843 1371 4898 κοινωνίαν
1409 4845 1507 4896 τοῦ
1543 4841 1891 4913 πράγματος

305 4940 493 4994 αίτίαν
524 4938 773 5006 γίνεσθαι
801 4937 937 5004 άξιῶ
962 4940 1063 5008 τῆς
1102 4936 1311 5005 φιλίας.
1348 4934 1562 5005 Ὠσπερ
1602 4933 1714 5001 γὰρ
1740 4932 1896 4984 κοινὰ

305 5038 377 5089 τὰ
424 5038 520 5107 τῆς
573 5036 790 5104 φύσεως
852 5034 1061 5088 δίδοται
1086 5035 1182 5089 καὶ
1224 5029 1509 5092 πλου;ίοις
1543 5030 1632 5082 καὶ
1670 5029 1890 5095 πένησι,

305 5134 406 5186 καὶ
434 5130 560 5184 οὔτε
593 5130 669 5201 τῷ
702 5130 915 5199 βασιλεῖ
968 5130 1105 5200 μετὰ
1135 5130 1237 5197 τῆς
1273 5126 1567 5199 πορφύρας
1596 5125 1894 5195 γεννᾶσθαι

306 5226 612 5296 χαρίζεται,
652 5223 766 5277 οὐτ’
806 5222 874 5277 αὖ
909 5223 986 5291 τῷ
1020 5220 1274 5293 βαναύσῳ
1310 5223 1450 5291 μετὰ
1479 5218 1574 5272 τοῦ
1606 5217 1890 5290 τρίϐωνος,

305 5318 448 5371 ἀλλὰ
473 5319 714 5387 γυμνοὺς
741 5315 1094 5385 ἀμφοτέρους
1132 5316 1213 5377 είς
1232 5314 1324 5366 τὸν
1353 5312 1466 5383 βίον
1490 5310 1676 5379 ἐξάγει
1703 5326 1717 5342 ο
1749 5306 1893 5361 οὕτω

305 5415 405 5465 καὶ
428 5413 461 5481 ή
495 5411 655 5479 σοφία
676 5411 802 5473 τοὺς
831 5409 1034 5477 ἑαυτῆς
1069 5406 1377 5479 τροφίμους
1420 5405 1619 5474 ἐπίσης
1664 5404 1890 5472 μαιεύε-

301 5523 400 5560 ται
423 5507 655 5569 πάντας,
703 5506 801 5557 καὶ
847 5503 1011 5575 ὃμοια
1044 5502 1112 5555 τὰ
1144 5502 1244 5569 τῆς
1286 5499 1535 5561 παιδείας
1568 5497 1743 5552 ἅπασι
1773 5497 1892 5550 δια-

304 5601 489 5668 νέμει,
529 5598 624 5650 καὶ
648 5596 853 5665 ἀδελφὰ
891 5595 1113 5665 φρονεῖν
1142 5593 1395 5664 ἀλλήλοις
1422 5593 1519 5645 καὶ
1550 5592 1800 5659 αὐτοφυᾶ
1832 5608 1889 5643 τε

305 5696 402 5747 καὶ
425 5690 809 5745 αὐτοδίδακτον
839 5689 984 5759 ἔχειν
1006 5687 1148 5751 ἀξιοῖ
1176 5688 1275 5755 τὴν
1306 5687 1507 5755 φιλίαν.
1534 5687 1597 5739 Ei
1626 5685 1672 5738 δ’
1700 5685 1893 5755 ὥσπερ

304 5788 340 5854 ή
375 5786 541 5858 φύσις
576 5783 844 5855 προϊοῦσα
873 5780 1217 5835 ποικίλλεται
1253 5779 1528 5845 παίζουσα
1554 5779 1651 5849 τὴν
1684 5777 1891 5848 σκηνὴν

303 5880 416 5934 τῶν
446 5876 687 5933 ἐνταῦθα
740 5875 1028 5938 ἐνυπνίων,
1060 5878 1154 5926 καὶ
1216 5875 1613 5947 συμφερομένη
1648 5875 1758 5937 τοῖς
1791 5876 1889 5944 τῆς

640 5977 909 6036 ΡΑΤιιιιι..
954 5976 1071 6034 Gn.
1122 5974 1343 6035 CXLV.

2002 4678 2509 4740 transgressusque,
2537 4681 2604 4720 eo
2641 4676 2822 4720 tecum
2858 4668 3021 4722 modo
3060 4683 3241 4740 agam,
3276 4671 3426 4726 velut
3452 4686 3579 4726 cum

1998 4773 2287 4836 pervetere
2352 4762 2667 4818 necessario
2724 4778 2786 4817 ac
2867 4766 3088 4827 amico,
3156 4765 3212 4820 in
3269 4782 3380 4837 quo
3444 4768 3585 4822 nihil

1997 4852 2147 4908 aliud
2215 4867 2379 4922 quam
2444 4853 2756 4907 litterarum
2841 4855 3270 4926 studiorumque
3345 4859 3585 4929 respicio
3657 4894 3659 4897 τ

1997 4943 2466 5000 communionem.
2523 4944 2661 4999 Cum
2713 4946 2886 5011 enim,
2931 4949 3077 5017 quod
3133 4965 3220 5005 res
3271 4953 3579 5006 amicorum

1996 5048 2318 5089 communes
2340 5050 2463 5090 esse
2501 5045 2759 5105 oportere
2780 5035 3013 5093 afﬁrmat
3040 5040 3320 5112 adagium,
3351 5059 3572 5098 causam

1997 5128 2423 5194 communionis,
2469 5129 2797 5195 amicitiam,
2855 5131 3019 5185 rebus
3074 5134 3210 5203 ipsis
3267 5138 3566 5204 pra-struit.

1996 5229 2187 5275 contra
2231 5236 2294 5275 ea
2340 5222 2418 5276 rei
2462 5222 2634 5291 ipsius
2680 5226 3155 5289 communionem.
3194 5243 3413 5285 causam
3478 5246 3581 5298 ego

1995 5311 2292 5365 essc‘volo
2343 5311 2620 5366 amicitiae.
2664 5311 2878 5383 Quippe
2928 5317 3394 5385 quemadmodum
3436 5333 3583 5373 coni-

1998 5404 2184 5458 niunia
2234 5404 2501 5459 divitibus
2553 5414 2609 5459 et
2641 5407 2833 5474 egenis
2885 5421 3101 5464 natura:
3164 5426 3394 5465 munera
3449 5424 3583 5467 sunt

1995 5498 2200 5563 omnia,
2233 5498 2456 5567 quando
2485 5513 2586 5552 nec
2612 5500 2722 5568 regi
2758 5516 2883 5555 cum
2929 5520 3177 5573 purpura
3209 5504 3359 5558 nasci
3397 5502 3583 5559 indui.

1996 5602 2107 5662 get,
2141 5607 2241 5646 nec
2266 5590 2449 5660 opifici
2476 5591 2755 5647 sellulario
2773 5611 2896 5649 cum
2926 5596 3125 5651 seissili
3149 5598 3455 5666 palliastro,
3483 5599 3584 5656 sed

1998 5684 2177 5738 nudos
2220 5696 2485 5751 utrosque
2538 5685 2591 5739 in
2646 5687 2813 5740 vitam
2866 5688 3094 5743 educit:
3140 5690 3215 5744 ita
3253 5692 3372 5746 suis
3410 5696 3583 5749 etiam

1996 5777 2234 5831 alumnis
2257 5778 2515 5832 omnibus
2554 5780 2774 5834 easdem
2814 5796 3013 5850 operas
3053 5782 3406 5842 obstetricias
3438 5803 3586 5859 pra!-

1998 5881 2103 5925 slat
2128 5870 2398 5940 sapientia
2445 5880 2499 5926 et
2520 5871 2721 5927 similia
2748 5876 2966 5932 cunctis
2991 5875 3259 5933 doctrinm
3285 5880 3581 5938 distribuit

3150 5971 3223 6029 1Ιι
