4018 6472
455 436 561 498 42⁸1

1694 427 1795 487 ΤΗ
1805 425 2093 487 EODULI
2135 426 2486 487 MONACIII

3607 424 3700 486 5.9.3

458 561 714 612 munera,
745 544 964 613 sibique
1003 538 1196 595 niutno
1244 536 1517 592 fraternos
1566 534 1782 590 animos
1833 550 2039 605 gerere,

2156 535 2287 606 ὕλης
2321 536 2569 606 εύρίποις
2595 533 2670 598 ὡς
2694 535 2760 588 τά
2792 534 2985 603 πολλὰ,
3016 534 3158 590 οὕτω
3187 534 3279 589 καὶ
3305 536 3498 609 ταύτην
3522 544 3698 614 φήσειέ

460 659 524 699 ae
542 650 757 695 natura:
782 636 1018 706 quodam
1036 630 1300 686 instinctu
1318 627 1539 682 insitam
1568 636 2044 696 monstratamque

461 735 648 787 fovere
696 724 1186 785 necessitudinem,
1241 719 1509 789 praecipit.
1561 716 1658 773 Sin
1713 728 1919 782 autem,
1986 727 2045 771 ut

464 835 656 880 natura
681 831 977 891 progressu
996 812 1261 883 temporis
1283 811 1552 875 variatur,
1573 808 1704 865 dum
1736 809 2044 864 ludibunda

461 917 829 975 somniorum,
859 924 980 980 quae.
1020 907 1108 961 bis
1142 906 1197 961 in
1228 903 1396 960 terris
1421 909 1584 967 sunt,
1626 916 1851 957 scenam
1878 901 2045 956 ador-

464 1021 578 1076 nat,
633 1018 689 1064 et
720 1022 835 1061 una
867 1019 990 1059 cum
1038 997 1285 1054 materiae
1332 995 1574 1065 Euripis,
1623 1003 1684 1049 ut
1741 994 2042 1064 plurimum

461 1097 913 1157 circumvertitur
956 1093 1069 1146 :ita
1100 1098 1157 1144 et
1183 1086 1623 1144 familiaritatem
1660 1084 1803 1138 haue
1834 1099 1903 1138 ex
1925 1099 2044 1138 ma-

460 1194 598 1251 terie
639 1191 829 1245 itidem
868 1183 1184 1240 necessario
1213 1179 1457 1250 pendere
1484 1216 1501 1241 ,
1535 1177 1728 1246 illique
1759 1187 2043 1233 consenta.

461 1300 619 1340 neam
649 1282 791 1344 ﬁeri,
839 1288 894 1333 et
918 1286 1316 1344 nonnunquam
1345 1269 1650 1334 conﬂuere,
1683 1277 1742 1325 et
1784 1268 2043 1327 facillime

462 1391 657 1432 rursus
685 1365 1315 1436 abscederegquispiam
1360 1363 1706 1430 contendat,
1737 1361 1874 1418 illud
1902 1362 2041 1417 mihi

458 1469 599 1525 nihil
626 1464 919 1523 admodum
942 1461 1011 1516 ad
1040 1475 1157 1515 rem
1208 1458 1390 1513 facere
1416 1457 1772 1522 censebitur;
1812 1456 2043 1511 minime

460 1564 607 1619 enim
650 1556 921 1630 ejusmodi
956 1556 1220 1609 ﬂuctuant
1247 1566 1529 1605 murmura
1562 1549 1897 1614 extimescit,
1919 1563 2042 1618 qua)

461 1667 615 1713 recte
645 1665 809 1723 atque
832 1650 1025 1705 ordine
1064 1646 1290 1702 fundata
1316 1656 1404 1701 est
1438 1647 1707 1708 amicitia,
1729 1661 1923 1701 verum
1954 1644 2041 1699 in-

459 1750 758 1808 ferioribus
814 1745 1072 1800 omnibus
1124 1741 1348 1797 omissis
1401 1755 1467 1796 ac
1514 1739 1747 1805 relictis,
1812 1754 2041 1794 sursum

458 1851 746 1912 perpetuo,
793 1838 859 1891 ad
918 1837 1041 1890 illos
1065 1843 1318 1904 expertes
1362 1833 1573 1888 erroris
1602 1847 1789 1887 rerum
1833 1832 2038 1896 fontes,

2152 645 2235 692 τις
2267 629 2484 697 ἐκείνης
2518 627 2580 691 ἐξ
2608 627 2859 696 ἀνάγκης
2898 628 3174 698 ἠρτῆσθαι
3213 629 3307 683 καί
3332 628 3600 702 ὁμόφρονα
3628 637 3703 705 γε-

2153 720 2365 786 νεσθαι,
2404 724 2501 776 καὶ⁵
2533 724 2758 795 συρρεῖν
2789 724 2961 775 ὲνίοτε
2992 723 3084 775 καὶ
3113 724 3294 794 ῥᾷστα
3328 726 3668 792 μεθίστασθαι
3688 745 3700 759 ·

2152 813 2268 868 ἀλλ’
2303 813 2454 867 οὐδὲν
2491 812 2681 882 ἔμοιγε
2711 812 2870 866 τοῦτο
2907 815 3042 879 πρὸς
3071 813 3221 877 ἔπος.
3271 813 3332 869 'H
3375 816 3471 884 μὲν
3497 819 3601 889 γὰρ
3631 837 3711 875 σο-

2152 906 2269 974 φῶς
2307 906 2622 977 ἡδρασμένη
2659 905 2813 974 φιλία
2841 905 3102 960 τοιούτων
3130 907 3326 977 ῥοθίων
3356 910 3417 962 ού
3451 910 3583 964 δέδιε
3609 911 3704 981 ψό-

2152 1014 2306 1067 φους.
2351 996 2511 1051 Ἀλλὰ
2547 999 2724 1051 πάντα
2754 998 2905 1050 κάτω
2937 986 3150 1066 χαίρειν
3177 997 3420 1066 ἀφιεῖσα,
3455 999 3565 1053 ἀνω
3608 1001 3714 1071 διη-

2152 1087 2327 1150 νεκῶς
2366 1087 2504 1158 πρὸς
2540 1087 2638 1150 τὰς
2666 1086 2930 1150 ἀπλανεῖς
2985 1086 3095 1141 τῶν
3158 1089 3498 1158 πραγμάτων
3541 1093 3714 1161 πηγὰς

2150 1180 2416 1251 ἀναφέρει
2468 1181 2593 1243 τοὺς
2623 1180 2939 1251 ὀφθαλμοὺς
2985 1180 3089 1249 τῆς
3120 1180 3318 1251 ψυχῆς.
3353 1183 3620 1237 Κάκεῖθεν
3654 1184 3718 1238 τὰ

2151 1272 2360 1345 νόμιμα
2418 1272 2519 1343 τῆς
2560 1272 2822 1342 ἀληθείας
2881 1273 3061 1336 καλῶς
3122 1272 3526 1331 ἐκδιδάσκεται.
3561 1275 3624 1329 Ἦ
3671 1277 3717 1330 δ’

2149 1362 2399 1426 ἀσθενεῖς
2440 1363 2540 1425 τὰς
2578 1363 2777 1430 ἑαυτῆς
2832 1361 3160 1414 ύποτιθεῖσα
3209 1362 3507 1432 κρηπῖδας,
3545 1363 3720 1432 μένειν

2147 1454 2249 1508 οὐκ
2276 1448 2440 1517 οἶδεν,
2468 1454 2581 1510 ἀλλ’
2632 1455 2689 1507 ὲν
2717 1455 2912 1525 βραχεί
2952 1455 3312 1509 κατασείεται
3347 1473 3405 1508 τε
3442 1457 3535 1509 καὶ
3557 1456 3724 1527 ἀπορ-

2150 1549 2251 1618 ρεῐ.
2293 1547 2449 1601 Ἐστι
2481 1548 2525 1601 δ’
2552 1548 2644 1601 ὅτε
2673 1549 2769 1601 καὶ
2816 1547 2954 1618 πρὸς
2982 1549 3084 1618 τὴν
3114 1548 3413 1602 ἀντίπαλον
3442 1549 3725 1621 παλινδρο-

2149 1642 2274 1709 μεῖν
2311 1641 2413 1694 οὐκ
2439 1639 2669 1695 αἰδεῖται
2699 1640 2921 1695 κακίαν.
2969 1640 3109 1693 ’Δλλ’
3139 1642 3301 1712 ἡμεῖς
3329 1659 3394 1710 γε
3431 1643 3725 1711 κενοτάφια

2148 1732 2245 1787 καὶ
2270 1732 2444 1802 ταύτῃ
2474 1733 2700 1795 δικαίως
2728 1732 2870 1785 κατά
2898 1734 2989 1787 τὸν
3029 1732 3359 1803 Πυθαγόραν
3392 1735 3599 1788 ἐκεῖνον
3639 1735 3725 1787 τὸν

2150 1825 2353 1894 Σάμιον
2381 1825 2637 1895 ἐγείρειν,
2685 1826 2801 1880 ἀλλ’
2834 1826 2894 1878 οὐ
2928 1825 3218 1895 μιμεῖσθαι
3273 1825 3599 1896 κελεύομεν,
3634 1827 3726 1880 ἆτε

459 1931 658 1986 anima:
685 1928 890 1984 attollit
941 1926 1176 1990 oculos,
1218 1935 1277 1980 et
1324 1924 1569 1979 indidem
1610 1925 1735 1995 jura
1789 1924 2039 1978 veritatis

2149 1918 2288 1986 πρὸς
2332 1917 2564 1972 θάνατον
2611 1919 2673 1972 ὲκ
2720 1918 2867 1987 ζωῆς
2916 1917 3119 1972 οὑτωσί
3161 1936 3276 1981 πως
3326 1918 3724 1989 αὑτομολούση.

458 2020 767 2087 rectissime
791 2019 1080 2075 educetur.
1116 2016 1251 2083 Quae
1309 2031 1443 2071 vero
1494 2015 1711 2072 infirma
1754 2015 1861 2070 sibi
1907 2015 2041 2073 sub-

457 2115 657 2170 sternit
697 2111 1077 2171 fundamenta,
1125 2124 1187 2163 ea
1220 2122 1443 2163 ntanere
1493 2108 1690 2173 nescit,
1740 2107 1838 2165 sed
1883 2108 2040 2164 brevi

457 2205 792 2260 convellitur
834 2212 891 2256 et
933 2200 1200 2256 dilabitur
1228 2240 1244 2263 ,
1298 2204 1432 2268 quin
1493 2208 1551 2253 et
1607 2199 1677 2254 ad
1722 2200 2037 2269 oppositum

457 2309 859 2365 nonnunquam
920 2307 1210 2348 recurrere
1256 2290 1454 2344 vitium
1515 2290 1869 2360 (inimicitias
1920 2290 2042 2346 odi-

460 2386 688 2457 umque)
737 2401 847 2440 non
893 2394 1137 2439 veretur.
1192 2382 1293 2437 Cui
1363 2397 1494 2448 nos,
1535 2397 1661 2436 cum
1704 2380 1890 2437 Samio
1946 2381 2041 2438 illo

462 2482 806 2553 Pythagora,
855 2478 1045 2531 inanes
1098 2473 1325 2530 tumulos
1385 2475 1588 2530 merito
1643 2475 1879 2547 erigere,
1930 2491 2040 2529 non

460 2574 610 2628 illam
699 2570 946 2637 imitari,
1002 2568 1287 2639 jubemus,
1348 2577 1545 2637 utpote
1629 2584 1752 2638 qua:
1823 2583 1856 2623 e
1926 2568 2040 2623 vita

461 2663 531 2718 ad
609 2664 902 2719 interitum
986 2659 1091 2713 hoc
1147 2658 1263 2713 fere
1339 2669 1501 2729 pacto
1571 2660 1883 2730 translugit‘.
1951 2657 2044 2714 Sic

458 2773 559 2828 ego
600 2753 885 2811 seminalia
938 2750 1186 2823 quidem,
1237 2751 1335 2806 sed
1389 2748 1546 2809 firma
1610 2765 1675 2807 ac
1720 2761 1869 2807 certa
1903 2752 2040 2825 arni-

460 2849 604 2904 citiae
624 2849 871 2918 pignora,
936 2852 995 2899 ut
1020 2844 1172 2917 prior
1213 2843 1311 2899 tibi
1370 2844 1641 2899 traderem
1689 2853 1883 2914 sponte
1921 2861 2041 2901 mea

460 2940 735 2994 adductus
763 2954 909 3002 sum,
946 2947 1006 2989 ut
1054 2936 1147 3006 qui
1179 2937 1396 3007 priores
1434 2936 1557 2991 illas
1601 2936 2042 3007 suSpiciunculas

462 3032 691 3087 minimc
724 3028 1023 3101 cauponari
1048 3042 1286 3097 possem,
1315 3028 1435 3100 ejus
1468 3040 1673 3090 autem,
1720 3027 1866 3098 quod
1894 3027 2044 3081 futu-

460 3142 585 3181 rum
620 3133 757 3190 erat,
784 3124 1066 3195 conjector
1129 3123 1338 3192 pariter
1384 3132 1442 3177 et
1472 3130 1626 3176 vates
1686 3122 1829 3175 haud
1874 3121 2043 3177 falsus

460 3237 530 3278 ex
569 3219 777 3274 nostris
806 3217 1049 3272 moribus
1074 3231 1275 3271 οεεειιι.
1307 3215 1428 3272 Jam
1486 3215 1531 3270 si
1561 3230 1626 3268 ex
1666 3214 1734 3269 iis
1761 3230 1882 3284 quae
1912 3230 2035 3268 nas-

462 3320 668 3368 cuntur
725 3318 1124 3377 moventurque
1164 3305 1351 3373 rebus,
1411 3320 1753 3375 quaecunque
1806 3304 2045 3359 immotae

463 3419 688 3461 manere
736 3402 936 3464 solent,
981 3406 1291 3470 aegrescunt
1358 3407 1415 3452 et
1454 3406 1731 3464 marcent;
1760 3398 1948 3467 utique
1990 3406 2046 3453 et

460 3505 649 3551 nostra
707 3489 1024 3564 hujusmodi
1083 3488 1337 3542 amicitia:
1392 3487 1753 3542 conveniente
1807 3488 2044 3557 quodam

460 3598 611 3645 motu
651 3603 791 3656 opus
839 3586 967 3649 erit,
1019 3599 1089 3638 ne
1119 3582 1174 3636 in
1205 3580 1382 3652 primo
1410 3586 1534 3633 ortu
1586 3578 1814 3633 morbus
1869 3579 2043 3633 inter-

458 3681 667 3746 veniat,
693 3688 751 3735 et
779 3679 831 3733 in
862 3676 1176 3745 herbaipsa
1215 3687 1524 3727 marcorem
1549 3670 1861 3727 contrahat.
1902 3668 2044 3724 Tum

396 3818 406 3825 .
460 3771 723 3843 quoniam
768 3771 914 3823 inter
937 3772 1239 3836 praesentes
1263 3763 1441 3818 mutui
1470 3772 1750 3832 aspectus,
1790 3763 1934 3818 inter
1951 3777 2045 3818 eos

457 3881 592 3920 vero
636 3878 776 3933 quos
805 3870 966 3913 teme
1022 3857 1303 3925 marisque
1352 3855 1648 3925 longinqua
1698 3855 1873 3924 spatia
1902 3854 2045 3908 divi-

459 3956 619 4020 dunt,
650 3948 949 4007 amicitiam
978 3948 1124 4001 alere
1161 3955 1364 3999 norunt
1393 3945 1590 3999 littera:
1631 3962 1645 3999 :
1702 3960 1805 3999 nec
1860 3945 2040 4014 nobis,

462 4052 575 4098 tam
629 4043 791 4109 longe
826 4038 1141 4108 disiunctis,
1203 4035 1270 4089 ad
1304 4048 1546 4104 praesens
1593 4034 1907 4089 institutum
1954 4035 2043 4091 bis

461 4133 820 4190 internuntiis
844 4130 925 4184 uti
955 4127 1303 4192 cessandum,
1327 4142 1448 4196 quae
1478 4127 1608 4181 sola:
1630 4127 1776 4181 velut
1814 4127 2043 4197 loquen-

463 4241 546 4285 tes
595 4224 876 4282 sileutium
934 4219 1277 4291 ingeniorum
1332 4218 1647 4289 imprimere
1705 4220 1938 4285 colores,
1984 4230 2041 4277 et

459 4320 678 4379 decenti
733 4316 898 4372 modo
955 4316 1295 4384 incorporea:
1329 4312 1524 4366 anima:
1556 4312 1819 4384 imagines
1842 4328 2041 4383 reprae-

460 4421 682 4469 sentare
737 4416 993 4481 possunt.
1027 4405 1183 4477 ,Μηιί
1218 4407 1423 4475 itaque,
1462 4406 1556 4474 qui
1600 4406 1744 4458 viam
1785 4407 2039 4462 amicitiae

461 4503 613 4573 prior
650 4500 802 4555 velut
831 4497 1045 4569 aperui,
1105 4506 1160 4551 et
1218 4495 1381 4565 plana
1420 4494 1541 4556 tibi,
1585 4508 1704 4561 quae
1755 4492 2035 4548 salebrosa

2148 2009 2338 2074 Οὕτως
2369 2010 2478 2079 ἐγὼ
2525 2010 2879 2081 σπερματικὰ
2912 2010 3031 2080 μὲν,
3063 2009 3262 2079 βέϐαια
3297 2010 3360 2064 δέ
3406 2027 3491 2064 σοι
3538 2010 3609 2064 τὰ
3637 2012 3731 2080 τῆς

2150 2102 2335 2171 φιλίας
2369 2103 2603 2173 ἐνέχυρα
2655 2102 3107 2173 προκαταθίσθαι
3163 2103 3590 2173 προεθυμήθην,
3637 2120 3735 2172 μη-

2146 2197 2298 2268 δαμῆ
2322 2195 2660 2268 καπηλεύειν
2684 2197 2785 2259 τὰς
2806 2194 3122 2264 ἔμπροσθεν
3145 2193 3392 2262 ὑποψίας
3415 2195 3734 2265 δυνάμενος,

2149 2290 2288 2345 ἀλλὰ
2320 2292 2629 2360 στοχαστὴς
2668 2289 2804 2359 ὁμοῦ
2837 2290 2932 2342 καὶ
2966 2288 3159 2357 μάντις
3193 2287 3455 2362 ἀπλανὴς
3484 2288 3580 2342 τοῦ
3617 2288 3739 2358 μέλ-

2148 2382 2335 2446 λοντος
2389 2382 2454 2434 ὲκ
2494 2382 2601 2435 τῶν
2636 2381 2922 2453 ἡμετέρων
2973 2382 3256 2449 γινόμενος
3290 2383 3545 2454 τρόπων.
3585 2382 3645 2434 Εί
3684 2381 3738 2433 δὲ

2147 2477 2257 2532 τῶν
2292 2479 2349 2531 ὲν
2397 2476 2612 2546 ⁸γενέσει
2644 2478 2739 2532 καὶ
2780 2478 2999 2549 κινήσει
3047 2472 3400 2548 πραγμάτων
3435 2478 3614 2529 ὁπόσα
3647 2474 3740 2545 μέ-

2150 2587 2262 2625 νειν
2313 2570 2510 2636 ἐθέλει,
2546 2572 2693 2623 νοσεῖ
2722 2570 2818 2624 καὶ
2876 2569 3224 2641 μαραίνεται,
3277 2569 3364 2622 δεῖ
3418 2571 3487 2640 τῇ
3515 2567 3742 2636 τοιαύτῃ

2150 2663 2307 2734 φιλία
2358 2660 2546 2716 λοιπὸν
2579 2662 2808 2733 καὶτῆς
2849 2662 3234 2732 ἁρμοττούσης
3289 2662 3594 2732 κινήσεως,
3655 2660 3740 2712 ἵνα

2149 2752 2227 2825 μὴ
2259 2755 2314 2805 ἐν
2347 2755 2413 2824 τῇ
2464 2752 2676 2827 βλάστῃ
2717 2754 2777 2806 τδ
2809 2754 3022 2824 νόσημα
3064 2756 3319 2822 γένηται,
3360 2755 3469 2805 κάν
3501 2755 3570 2823 τῇ
3613 2753 3744 2822 χλέῃ

2148 2845 2241 2898 τὸν
2288 2845 2581 2916 μαραπμὸν
2636 2847 2928 2918 ὑπομείνῃ.
2977 2846 3134 2902 Ἐπεὶ
3182 2847 3369 2900 τοίνυν
3419 2845 3578 2916 ὄψεις
3644 2846 3742 2914 μὲν

2149 2938 2383 3003 ἐπὶτῶν
2432 2939 2717 3004 συνόντων,
2754 2939 2845 2992 ἐπὶ
2875 2938 2931 2992 δὲ
2975 2938 3082 2991 τῶν
3125 2940 3319 3011 πόρῤω
3359 2960 3468 2994 που
3515 2940 3621 3009 γῆς
3659 2940 3745 2990 καὶ

2151 3028 2423 3097 θαλάττης
2478 3030 2891 3101 ἀπῳκισμένων
2936 3032 3247 3102 γράμματα
3303 3035 3539 3102 τρέφειν
3597 3034 3746 3084 ίσασι

2149 3119 2249 3191 τὴν
2274 3120 2479 3190 φιλίαν,
2536 3123 2635 3175 οὐκ
2699 3122 2960 3192 ὀκνητέον
3025 3125 3449 3193 ἀφισταμένους
3492 3126 3747 3179 τοσοῦτον

2151 3205 2549 3283 παραπομποίς
2574 3215 2757 3273 αὐτοῖς
2781 3214 2876 3267 καὶ
2901 3214 3069 3286 ἡμᾶς,
3109 3216 3242 3287 πρός
3277 3234 3347 3285 γε
3390 3217 3497 3289 τὴν
3534 3216 3747 3289 παροῦ-

2152 3325 2250 3360 σαν
2286 3305 2545 3358 ὑπόθεσιν
2577 3307 2905 3377 χρήσασθαι,
2948 3306 3131 3377 μόνοις
3169 3307 3369 3372 αὐτοῖς
3419 3310 3748 3378 δυναμένοις

2148 3400 2341 3468 ὥσπερ
2371 3397 2637 3452 λαλοῦντα
2690 3400 3024 3451 σιωπώντων
3060 3397 3206 3467 ἠθῶν
3238 3400 3749 3472 ὲναπομόρξασθαι

2146 3491 2437 3562 χρώματα,
2488 3490 2583 3542 καὶ
2632 3490 2928 3561 ἀσωμάτου
2985 3491 3168 3561 ψυχῆς
3214 3492 3449 3556 εἰκόνας
3511 3493 3752 3563 ἐκφῆναι

2144 3586 2395 3647 δεόντως.
2434 3584 2595 3639 ’Ὀθεν
2622 3585 2746 3654 ἐμοὶ
2788 3583 2976 3653 φιλίας
3020 3584 3139 3637 ὁδὸν
3174 3583 3557 3652 ύπανοίξαντι
3594 3585 3748 3657 πρώ-

2143 3695 2243 3748 τῳ,
2275 3680 2370 3733 καὶ
2399 3678 2517 3732 λεῖα
2547 3677 2630 3731 σοὶ
2660 3677 2729 3732 τὰ
2765 3677 3009 3750 δυσχερῆ
3041 3678 3389 3747 πεπραχότι,
3432 3683 3627 3752 γράφε
3660 3681 3756 3733 καὶ

2145 3769 2288 3822 δίδου
2320 3770 2417 3822 καὶ
2482 3769 2546 3823 σὺ
2599 3767 2709 3822 τῶν
2753 3768 2983 3822 ἐνόντων
3034 3786 3115 3821 σοι
3155 3771 3393 3839 τρόπων
3419 3773 3526 3843 τὴν
3555 3774 3753 3842 πεῖραν

2146 3861 2301 3932 ἡμῖν.
2328 3862 2437 3915 Καὶ
2470 3860 2600 3933 φέρε
2633 3860 3147 3931 βρεφουργήσαντες
3177 3863 3361 3931 ἄμφω
3395 3865 3597 3933 φιλίας
3630 3865 3760 3917 ὑπό-

2147 3952 2319 4019 θεσιν,
2363 3954 2501 4024 πρὸς
2553 3954 2750 4017 κάλλος
2792 3953 2889 4006 καὶ
2938 3953 3168 4023 μέγεθος
3206 3957 3423 4025 σοφίας
3470 3957 3758 4029 προσῆκον

2145 4046 2496 4116 αὐξήσωμεν,
2528 4048 2642 4111 τοῖς
2670 4047 2916 4116 φυσικοῖς
2948 4046 3020 4110 ὡς
3063 4048 3210 4110 εἰκὸς
3247 4050 3760 4124 ἀκολουθήσαντες

2145 4138 2355 4208 νόμοις.
2394 4136 2576 4193 Πάντα
2607 4138 2716 4210 γὰρ
2774 4136 2981 4206 ἀδελφὰ
3016 4139 3083 4192 τά
3145 4141 3201 4192 ὲν
3229 4142 3472 4213 κόσμῳ,
3519 4144 3618 4196 καὶ
3654 4145 3760 4196 τῶν

2142 4229 2348 4301 ὁμοίων
2378 4228 2562 4300 ἔχεται
2606 4230 2855 4302 δρόμων·
2899 4230 2995 4286 καὶ
3027 4230 3213 4303 ὥςπερ
3257 4234 3338 4287 ’τά
3380 4235 3577 4306 βρέφη
3612 4237 3765 4302 πρῶ-

2142 4338 2236 4376 τον
2278 4323 2375 4392 μὲν
2409 4322 2483 4385 ὡς
2511 4322 2803 4395 ἄνθρωπον
2835 4322 2934 4394 τὴν
2959 4323 3228 4377 τεκοῦσαν
3253 4327 3392 4396 ὁρᾷ,
3446 4331 3555 4400 τῆς
3594 4345 3762 4397 συνη-

2142 4414 2293 4479 θείας
2341 4413 2386 4468 δ’
2434 4418 2513 4479 εἰς
2538 4415 2741 4485 γνῶσιν
2787 4415 3033 4487 ἀγούσης
3105 4416 3498 4492 τελεωτέραν,
3557 4422 3767 4491 διαιρεῖ

2139 4510 2234 4562 τοῦ
2266 4509 2550 4579 ἀλλοτρίου
2599 4513 2659 4564 τὸ
2702 4514 2947 4584 γνήσιον,
2983 4512 3126 4566 οὕτω
3164 4516 3259 4567 καὶ
3298 4518 3335 4586 ἡ
3393 4520 3562 4587 φιλία
3585 4561 3600 4585 ,
3632 4535 3764 4590 μορ-

461 4601 639 4658 οτειιιὶ,
678 4591 858 4657 οίῘοοῖ,
880 4588 1063 4645 scribe
1092 4600 1300 4656 ‘1“3‘50,
1354 4592 1412 4682 et
1460 4581 1617 4635 nobis
1647 4583 1908 4647 viciSSim,
1943 4589 2034 4654 qui
2072 4623 2118 4682 ί)
2146 4598 2380 4667 φοῦσθαι
2410 4601 2509 4670 μὲν
2543 4581 2823 4677 ἀρχομένη
2855 4602 2950 4657 καὶ
2985 4581 3440 4662 διαπλάττεσθαί
3469 4581 3767 4679 πρὸς-των

461 4690 519 4744 in
556 4686 813 4741 teinsunt
847 4696 1086 4744 morum,
1109 4677 1333 4748 aliquod
1375 4674 1763 4729 documentum
1813 4679 2031 4746 praebe;

464 4792 627 4849 atque
657 4777 793 4832 adeo
830 4776 1002 4829 instar
1030 4771 1215 4826 tenelli
1238 4767 1486 4837 pusionis
1520 4777 1749 4839 uterque
1778 4773 2032 4827 coalitam

462 4888 635 4943 nuper
673 4872 819 4926 inter
851 4882 952 4921 nos
983 4863 1281 4917 amicitiam
1327 4859 1690 4926 nutricantes,
1735 4863 1800 4915 ad
1831 4864 2034 4933 justam

461 4968 745 5039 sapientia:
810 4960 1249 5033 pulchitudinem
1303 4958 1841 5031 magnitudinemque
1909 4977 2035 5032 pro-

458 5057 749 5123 v‘chamus,
781 5055 930 5123 ipsas
960 5061 1192 5115 naturae,
1233 5058 1291 5103 ut
1331 5059 1434 5115 est,
1471 5052 1644 5104 secuti
1694 5052 1880 5121 leges;
1912 5070 2036 5123 qua;

460 5153 606 5210 enim
631 5152 685 5206 in
720 5145 928 5203 mundo
957 5152 1087 5199 sunt
1110 5143 1315 5207 omnia,
1341 5144 1554 5214 gemina
1582 5161 1839 5213 germana
1882 5156 2028 5208 sunt,

458 5256 516 5303 et
542 5257 704 5315 pares
766 5253 963 5293 cursus
1010 5244 1256 5291 servant.
1295 5234 1465 5291 Porro
1503 5246 1559 5290 ut
1612 5237 1851 5293 infantes
1882 5240 2035 5308 geni-

458 5339 654 5394 tricem
679 5331 936 5404 primitus
980 5344 1134 5385 suatn
1164 5329 1311 5383 haud
1340 5330 1496 5383 aliter
1520 5345 1683 5400 quam
1720 5341 1777 5384 ut
1803 5332 2029 5385 mulier-

456 5430 640 5486 culam
663 5422 966 5496 quamlibet
989 5422 1284 5492 aspiciunt,
1314 5422 1663 5491 postmodum
1691 5438 1822 5475 vero
1871 5423 2034 5477 fanti-

453 5519 579 5575 liari
608 5514 1011 5572 consuetudine
1042 5514 1346 5583 pleniorem
1399 5511 1532 5582 ipsis
1562 5513 1894 5568 Conciliante
1934 5530 2030 5568 no-

462 5613 664 5677 titiam,
705 5609 1007 5681 genuinum
1033 5607 1100 5662 ab
1139 5622 1205 5662 eo
1229 5606 1375 5678 quod
1424 5606 1664 5660 alienum
1723 5616 1807 5662 est
1855 5607 2027 5662 inter-

459 5713 696 5759 noscunt
738 5718 803 5758 ac
842 5703 1192 5772 distinguunt
1238 5717 1251 5753 :
1290 5699 1356 5753 ad
1389 5700 1646 5754 eumdem
1682 5709 1738 5754 ct
1786 5702 2029 5756 amicitia

462 5800 711 5861 modum,
745 5811 867 5849 cum
903 5797 968 5851 ab
1002 5796 1067 5849 iis
1094 5794 1186 5862 qui
1221 5802 1412 5845 rnntuo
1432 5806 1617 5845 amore
1642 5792 1751 5861 jam
1783 5794 2025 5864 jungun-

459 5905 589 5947 nnr.
622 5890 903 5945 informari
934 5898 985 5944 et
1034 5886 1211 5957 efﬁngi
1249 5885 1462 5955 incipit,
1492 5885 1754 5940 obscuras
1777 5887 1935 5943 initio
1971 5898 2023 5941 et

2142 4689 2243 4761 ἤδη
2277 4693 2727 4761 συναπτομένων,
2759 4695 2977 4764 πρῶτον
3026 4696 3126 4765 μὲν
3149 4698 3350 4769 ἀσαφῆ
3393 4704 3502 4754 καὶ
3531 4703 3769 4756 δυστέκ-

2141 4799 2324 4853 μαρτα
2357 4783 2559 4838 διδόναι
2606 4803 2667 4839 τε
2718 4787 2813 4840 καὶ
2862 4787 3165 4857 λαμϐάνειν
3222 4789 3297 4845 τὰ
3346 4792 3577 4865 ἑαυτῆς
3622 4795 3772 4860 ἀξιοῖ

2138 4877 2534 4947 γνωρίσματα’
2565 4879 2660 4933 τοῦ
2691 4882 2749 4934 δὲ
2784 4882 2977 4952 χρόνον
3008 4881 3247 4952 ῥέοντος,
3284 4887 3396 4940 καὶ
3451 4892 3560 4960 τῆς
3592 4906 3769 4958 συνη-

2136 4968 2289 5033 θείας
2331 4969 2399 5023 τὰ
2433 4971 2777 5043 ἑκατέρωθεν
2807 4973 2912 5045 ἤθη
2963 4975 3453 5050 παιδαγωγούσης
3488 4986 3592 5036 καὶ
3638 4985 3774 5056 ῥυθ-

2141 5061 2428 5130 μιζούσης,
2458 5066 2535 5137 τὸ,
2556 5065 2657 5133 μὲν
2683 5067 2943 5135 περιττὸν
2968 5066 3063 5120 καὶ
3082 5067 3239 5120 νόθον
3276 5071 3605 5128 ἐλαύνεται
3630 5078 3764 5141 πᾶν,

2135 5155 2199 5207 τὸ
2257 5154 2303 5210 δ’
2336 5150 2513 5212 ἐνδέον
2564 5160 2734 5213 ἐνδεῖν
2781 5163 2884 5216 οὐκ
2938 5162 3033 5217 ἐπὶ
3071 5166 3273 5236 μακρῷ
3337 5180 3769 5247 συγχωρεῖται.

2135 5248 2278 5313 Νοῦς
2321 5250 2420 5320 μὲν
2455 5253 2564 5322 γάρ
2593 5251 2857 5325 δικαστὴς
2883 5257 2993 5310 τῶν
3028 5260 3086 5311 ἐν
3129 5260 3334 5330 κόσμῳ
3385 5270 3768 5339 πραγμάτων

2136 5342 2422 5414 ὑπάρχων,
2464 5345 2557 5397 νῦν
2587 5346 2685 5415 μὲν
2724 5348 2805 5407 είς
2836 5348 3056 5416 αἰθέρα,
3101 5348 3197 5402 νῦν
3224 5348 3274 5403 δ’
3310 5350 3404 5419 ei;
3439 5358 3560 5428 γῆν
3612 5363 3766 5429 ἐνερ-

2135 5439 2243 5505 γεῖ.
2283 5439 2393 5490 Καὶ
2421 5439 2510 5492 διά
2538 5438 2647 5492 τῶν
2684 5441 3058 5513 αἰσθητηρίων
3090 5444 3189 5506 τάς
3222 5445 3349 5499 τῶν
3386 5454 3768 5521 πραγμάτων

2133 5529 2501 5597 ἀναγινώσκει
2544 5532 2871 5601 ποιότητας’
2906 5537 3083 5605 ἐρωτᾷ
3115 5538 3214 5605 μὲν
3260 5538 3391 5610 γὰρ
3447 5545 3637 5600 οἱονεί⁹
3678 5548 3771 5600 διά

2131 5621 2232 5691 τῆς
2266 5623 2409 5691 ἀερῆς
2438 5623 2532 5677 καὶ
2555 5624 2820 5692 μανθάνει
2852 5627 2973 5679 τίνα
3007 5626 3106 5696 μὲν
3137 5628 3247 5680 τῶν
3286 5636 3599 5703 σωμάτων
3635 5644 3766 5712 θερ-

2136 5712 2233 5806 μὰ,
2269 5715 2389 5766 τίνα
2424 5713 2480 5767 δὲ
2526 5717 2734 5787 ψυχρά.
2775 5716 2986 5790 Ἐρωτᾷ
3018 5720 3076 5772 δὲ
3126 5722 3211 5775 διὰ
3249 5722 3365 5793 τῆς
3415 5729 3769 5806 ὀσφρήσεως

2130 5803 2304 5857 ὁπόσα
2338 5805 2541 5877 εὐώδη,
2584 5811 2676 5861 καὶ
2706 5811 2806 5862 ὅσα
2834 5828 2897 5878 γε
2930 5813 3026 5881 μή.
3062 5813 3171 5865 Καὶ
3218 5813 3328 5866 νῦν
3372 5821 3486 5889 μὲν
3524 5803 3621 5879 διά
3666 5827 3768 5897 τῆς

2132 5897 2302 5982 ἀκοης
2344 5899 2452 5954 τῶν
2489 5901 2827 5971 ἐναρμονίων
2871 5904 3061 5972 φωνῶν
3106 5905 3204 5976 τὴν
3260 5906 3588 5984 ἀντίληψω
3625 5916 3767 5987 ἔχει,
