4018 6416
380 378 481 440 429

1782 377 2193 440 EPISTOLKE.

3546 377 3654 439 430

381 493 476 543 νῦν
505 489 560 541 δὲ
589 487 677 539 5-.‘1
718 487 815 556 τῆς
851 485 1027 553 ὅψεως
1065 487 1186 547 ταῖς
1232 485 1515 556 διαφόροις
1553 485 1753 555 βαφαῖς
1775 486 1958 556 ὁμιλεῖ

2075 500 2204 554 νει-ε
2235 496 2606 555 agnoscendus
2633 483 2718 536 sui
2744 491 2902 536 notas
2931 481 3062 535 dare
3087 481 3290 551 pariter
3319 491 3374 536 et
3405 484 3656 554 accipere

380 582 488 635 τῶν
503 579 832 650 χρωμάτων.
855 580 917 631 Εἰ
935 580 988 631 δὲ
1008 579 1160 632 ταῦθ’
1179 579 1379 633 οὑτωσὶ
1402 579 1760 647 διαγίγνεται,
1775 579 1962 631 καινὸν

380 676 556 739 οὐδὲν,
578 675 627 725 εἰ
655 673 751 725 καὶ
778 672 871 724 νῦν
905 672 1003 740 μὲν
1046 671 1132 724 δὶὰ.
1157 671 1426 742 γλώττης,
1445 671 1542 724 νῦν
1567 673 1623 724 δὲ
1652 670 1741 724 διὰ
1784 688 1966 741 γραμ-

383 762 569 830 μάτων
601 760 903 828 ἐφάπτεται
921 759 1014 812 καὶ
1036 760 1144 813 τῶν
1175 760 1534 830 ἀνθρωπίνων
1553 761 1836 830 ὴθῶν,καὶ
1863 761 1962 823 τὰς

381 851 587 905 τούτων
619 853 818 904 οὑτωσί
855 868 973 913 πως
1002 850 1333 920 ἐκμανθάνει
1363 853 1678 922 ποιότητας.
1717 851 1869 904 Ἐπεὶ
1906 852 1963 903 δὲ

369 942 477 994 καὶ
502 942 550 993 oi
575 941 722 1008 λόγοι
744 941 839 992 νῦν
861 940 960 1010 μὲν
982 943 1190 1003 εἰκόνες
1217 941 1325 993 εἰσὶ
1351 941 1460 993 τῶν
1484 941 1851 1010 πραγμάτων,
1875 942 1964 994 ὅτε

381 1035 488 1105 πρὸ
517 1035 626 1086 τῶν
657 1033 912 1102 πράξεων
950 1033 1006 1084 ὲν
1035 1035 1146 1093 τοῖς
1169 1033 1267 1101 τῆς
1302 1032 1542 1094 διανοίας
1577 1033 1658 1085 ἑτι
1703 1032 1966 1102 θαλάμοις

382 1124 777 1196 γυμνάζονται,
797 1123 890 1178 καὶ
923 1124 990 1177 τά
1016 1124 1143 1194 τέλη
1169 1119 1558 1193 ζωγραφοῦσιν
1584 1126 1699 1177 ἐκεῖ
1723 1142 1837 1186 πως
1861 1124 1965 1176 τῶν

383 1218 657 1288 πράξεων,
701 1218 794 1270 νῦν
841 1218 885 1270 δ’
918 1218 1108 1287 ἓτερον
1164 1218 1365 1286 τρόπον
1418 1219 1513 1270 καὶ
1554 1218 1766 1280 εἰκόνες
1804 1217 1964 1271 καθί-

386 1330 610 1366 στανται
643 1312 742 1382 τῆς
779 1311 981 1380 ψυχῆς,
1019 1311 1107 1364 ὅτε
1147 1316 1284 1380 μετὰ.
1317 1311 1416 1381 τὴν
1471 1311 1619 1364 ἔνδον
1675 1311 1966 1380 διάσκεψιν

375 1406 520 1478 ,ἔργα
558 1407 800 1474 γίνονται
823 1403 920 1457 καὶ
949 1403 1125 1468 αὐτοὶ,
1153 1403 1332 1474 ψυχῆς
1362 1403 1638 1467 ἀπόζοντα
1663 1404 1735 1467 ὡς
1765 1407 1962 1470 εἰπεῖν,

374 1505 476 1554 ,καὶ
497 1502 644 1563 ὅπως
675 1499 842 1565 ἕξεως
873 1498 986 1568 ἔχει
1021 1499 1116 1552 καὶ
1148 1497 1376 1568 γνώμης
1408 1496 1547 1568 αὕτη
1578 1501 1688 1563 τοῖς
1715 1497 1818 1563 ἔξω
1847 1499 1967 1552 δια-

381 1591 659 1647 τυποῦντα
687 1608 699 1621 ·
723 1590 843 1662 ὥρα
885 1607 968 1643 σοι
1019 1588 1094 1660 τῷ
1149 1589 1300 1659 σοφῷ
1338 1589 1538 1659 τούμὸν
1579 1585 1714 1659 ἦθος
1747 1591 1880 1662 ὁρᾷν
1911 1591 1968 1642 ὲν

384 1690 562 1739 τοῖσδε
586 1687 699 1748 τοῖς
733 1684 1024 1754 ἡμετέροις
1053 1683 1383 1752 γράμμασι·
1422 1683 1504 1735 δεῖ
1533 1682 1589 1735 δὲ
1615 1683 1874 1753 καιήμῖν
1904 1684 1968 1737 τὸ

385 1778 475 1831 σὺν
499 1780 556 1830 ὲν
582 1779 698 1838 τοῖς
723 1778 836 1838 eoi;
859 1775 1044 1827 λοιπὸν
1066 1775 1398 1842 ἀναγνῶναι.
1426 1775 1501 1829 Οὐ
1526 1775 1634 1846 γὰρ
1659 1776 1969 1845 φιλοτιμίας

2069 578 2281 641 suevit;
2310 587 2365 632 at
2396 578 2545 631 lluxu
2572 576 2856 644 temporis,
2875 591 3087 644 usuque
3119 577 3238 646 ipso
3269 577 3486 647 ingenia
3513 580 3655 633 anti-

2066 683 2259 722 corum
2295 669 2556 738 utrinque
2584 667 2930 730 instituente,
2968 669 3192 738 suisque
3219 672 3468 724 numeris
3503 687 3654 725 eom-

2068 769 2327 828 ponente,
2372 757 2638 829 quidquid
2687 757 3004 812 redundans
3063 775 3124 812 ac
3163 774 3655 831 supervacmeum,

2067 851 2335 922 quidquid
2379 852 2628 936 fugosum
2675 859 2729 905 et
2773 853 3099 906 ementitum
3151 862 3254 915 est,
3293 853 3347 906 id
3398 855 3653 923 exigitur,

2067 943 2336 1012 quidquid
2387 953 2569 998 autem
2594 944 2746 1009 delit,
2768 960 2876 996 non
2914 947 3008 998 diu
3039 945 3228 1000 deesse
3259 946 3483 1000 sinitur.
3504 948 3658 1004 Mens

2067 1035 2214 1088 enim
2262 1050 2612 1103 rerum,qu:e
2651 1035 2704 1087 in
2750 1035 2955 1088 mundo
2996 1047 3124 1089 sunt
3160 1039 3654 1100 omnium,arbitra

2069 1139 2216 1179 nunc
2245 1125 2295 1178 in
2334 1125 2786 1185 artheremmunc
2815 1125 2869 1178 in
2913 1137 3115 1180 terram
3167 1128 3273 1179 vim
3310 1127 3455 1180 illam
3498 1143 3656 1181 suam

2067 1217 2324 1280 intendit,
2369 1233 2742 1288 sensuumque
2784 1219 3092 1274 ministerio
3123 1235 3307 1276 rerum
3364 1222 3658 1290 qualitates

2072 1313 2416 1380 recognoscit
2461 1330 2475 1365 :
2521 1312 2654 1366 tiu-tn
2684 1329 2784 1381 per
2815 1323 3018 1368 tactum
3055 1314 3210 1382 quasi
3258 1316 3560 1385 interrogat
3590 1332 3657 1370 ac

2069 1402 2255 1467 dis‘eit,
2295 1420 2548 1472 quaenam
2585 1420 2880 1474 corporum
2912 1406 3086 1460 calida
3126 1418 3219 1460 aut
3269 1407 3464 1476 frigida
3499 1421 3650 1470 sunt,

2071 1510 2170 1565 per
2195 1495 2457 1550 olfactum
2497 1497 2651 1561 item,
2679 1513 2929 1567 quaenam
2986 1514 3183 1554 suaves
3223 1499 3482 1554 exhalant
3518 1501 3654 1555 odo-

2075 1601 2183 1651 res,
2209 1600 2303 1644 aut
2330 1591 2604 1653 insuaves,
2633 1592 2896 1660 exquirit,
2927 1601 2983 1646 et
3025 1593 3188 1646 modo
3238 1608 3336 1662 per
3397 1593 3651 1648 auditum

2072 1681 2377 1735 concinnus
2429 1698 2690 1736 sonorum
2748 1684 2936 1737 modos
2984 1684 3271 1753 percipit,
3340 1684 3498 1737 modo
3557 1700 3655 1753 per

2077 1773 2259 1828 visum
2289 1790 2414 1828 cum
2444 1776 2617 1830 variis
2657 1776 2907 1830 colorum
2949 1776 3204 1830 tincturis
3249 1777 3654 1829 commercium

383 1869 644 1933 ἐπίδειξις
689 1867 842 1921 ταῦτ’
888 1866 954 1921 ἂν
1003 1868 1110 1937 εἴη,
1151 1866 1267 1920 ἀλλ’
1305 1867 1550 1938 ἐμπορία
1597 1867 1828 1938 λαμπρά
1877 1885 1961 1930 τις

2075 1868 2262 1922 habet.
2303 1868 2435 1935 Qua:
2492 1885 2616 1924 cum
2677 1868 2751 1922 ita
2783 1869 2838 1921 in
2878 1868 3092 1923 exteris
3156 1878 3467 1936 comparata
3522 1868 3654 1931 sint.

314 1954 320 1960 ⁷
383 1963 588 2032 φιλίας.
619 1962 680 2014 Εἰ
717 1961 774 2013 δὲ
811 1960 907 2014 καὶ
943 1959 1248 2029 φιλοτιμία,
1282 1944 1398 2012 ἀλλ’
1429 1961 1550 2013 οὐδὲ
1583 1959 1731 2014 τοῦτ’
1755 1961 1965 2031 ἀνθρω-

381 2055 543 2125 πίνης
582 2054 800 2123 πέφυκε
850 2053 1067 2122 φύσεως
1098 2053 1414 2122 ὑπερόριον.
1451 2054 1678 2107 Πάντων
1709 2054 1820 2123 γὰρ
1852 2053 1961 2107 τῶν

382 2150 437 2201 ἐν
472 2149 664 2217 κόσμῳ
696 2147 776 2217 τῷ
805 2147 952 2217 γήρᾳ
1004 2147 1326 2215 καμνόντων
1358 2146 1458 2214 τὴν
1484 2144 1834 2215 ἀνθρωπίνην
1875 2163 1962 2213 φι-

381 2238 634 2305 λοτιμίαν
667 2238 725 2289 ἐν
757 2238 869 2299 τοῖς
908 2236 984 2306 μὴ
1023 2236 1400 2304 γηράσκουσιν
1424 2234 1618 2289 ἔθεσαν
1649 2235 1755 2287 τῶν
1790 2236 1958 2288 πάλαι

383 2332 566 2401 σοφῶν
591 2333 638 2383 oi
665 2329 853 2385 πολλοί
897 2345 910 2360 ⁸
951 2331 1128 2393 ἄλλως
1161 2347 1221 2382 τε
1252 2332 1348 2382 καὶ
1389 2330 1793 2398 άκοινωνήτους
1829 2347 1966 2382 παν-

381 2425 589 2478 τάπασι
625 2425 735 2479 κάκ
786 2423 1087 2493 διαμέτρου
1137 2423 1427 2487 κειμένους
1469 2425 1598 2486 τοὺς
1651 2423 1714 2474 ὲκ
1749 2423 1968 2490 φύσεως

381 2519 580 2586 νόμους
611 2515 903 2586 εἰληχότας
943 2515 1077 2585 πρὸς
1101 2516 1199 2578 τὰς
1234 2515 1400 2578 ἄλλας
1429 2515 1590 2585 ἴσμεν
1620 2516 1814 2584 τέχνας
1843 2517 1968 2579 τοὺς

385 2609 598 2676 λόγους.
638 2609 728 2662 Ἐν
757 2599 801 2675 ᾧ
830 2607 941 2676 γὰρ
969 2609 1066 2678 τῆς
1097 2609 1312 2678 ἡλικίας
1353 2607 1567 2672 ἔξεστιν
1591 2608 1833 2670 ἐκείναις
1871 2625 1971 2660 πα·

387 2702 718 2774 ρακμάζειν,
748 2705 805 2756 ὲν
833 2701 1010 2778 τούτῳ
1039 2703 1103 2773 δὴ
1130 2704 1257 2766 τοὺς
1281 2701 1475 2768 λόγους
1509 2701 1705 2755 ἕπεται
1736 2717 1969 2770 περιφα-

386 2799 489 2860 νῶς
518 2798 816 2868 ἀκμάζειν.
866 2798 976 2850 Καὶ
1021 2799 1133 2859 τοῖς
1177 2797 1275 2866 τῆς
1320 2795 1602 2864 ἔμφρονος
1648 2794 1969 2865 φιλοτιμίας

382 2891 611 2961 ἀρίστην
643 2889 971 2960 χαρίζεσθαι
1003 2888 1188 2958 χώραν
1219 2890 1617 2958 σκιρτήμασιν.

2071 1963 2211 2018 nihil
2247 1965 2371 2017 n0vi
2404 1973 2507 2027 est,
2534 1962 2578 2016 si
2605 1977 2751 2016 nunc
2782 1977 2879 2030 per
2906 1977 3096 2015 vocem
3139 1961 3337 2030 ipsam,
3382 1977 3531 2016 nunc
3559 1978 3658 2031 per

2069 2056 2282 2110 litteras
2301 2053 2586 2106 hominum
2609 2051 2775 2104 etiam
2800 2051 3014 2120 ingenia
3041 2050 3658 2119 apprehendit,eorum-

2070 2163 2178 2217 que
2209 2145 2506 2216 qualitates
2564 2143 2668 2196 hac
2702 2142 2874 2196 ferme
2910 2142 3124 2196 ratione
3151 2142 3446 2208 condiscit,
3504 2145 3656 2210 Quo-

2071 2241 2215 2294 niam
2255 2253 2384 2293 vero
2421 2247 2477 2291 et
2498 2250 2806 2300 sermones,
2841 2251 2992 2291 nunc
3035 2251 3217 2290 rerum
3265 2237 3487 2307 quidem
3521 2238 3660 2294 ima-

2073 2332 2228 2403 gines
2259 2338 2418 2393 sunt,
2449 2344 2574 2382 cum
2598 2337 2725 2382 ante
2758 2328 3006 2384 actiones
3033 2329 3179 2398 ipsas
3205 2329 3459 2385 adhucin
3489 2329 3660 2385 animi

2078 2422 2336 2476 thalamis
2367 2430 2725 2484 exercentur,
2782 2429 2838 2473 et
2885 2420 3170 2474 actionum
3206 2421 3342 2476 iines
3395 2431 3662 2478 eventus-

2076 2530 2184 2584 que
2213 2515 2326 2568 illic
2353 2513 2681 2582 depingunt,
2715 2528 2866 2568 nunc
2898 2515 3008 2568 alio
3034 2528 3227 2568 rursus
3265 2515 3431 2568 modo
3461 2515 3664 2570 animae

2073 2605 2246 2676 ipsius
2271 2605 2538 2673 imagines
2560 2602 2859 2667 exsistunt,
2913 2618 3042 2657 cum
3096 2605 3200 2672 ipsi
3227 2604 3488 2658 videlicet
3537 2615 3665 2676 post

2073 2698 2394 2753 interiorem
2418 2695 2569 2750 illam
2600 2695 3086 2760 consultationem,
3123 2712 3293 2766 opera
3343 2696 3505 2760 liunt,
3537 2700 3664 2752 ani-

2074 2805 2240 2856 mam,
2263 2801 2320 2846 ut
2350 2791 2431 2845 sic
2451 2790 2768 2860 loquamur,
2789 2789 3123 2852 redolentia,
3145 2801 3200 2845 et
3224 2806 3336 2860 quo
3353 2791 3444 2846 illa
3471 2791 3664 2849 habitu

2071 2885 2366 2951 animoque
2390 2882 2586 2937 affecta
2617 2882 2709 2948 sit,
2730 2881 2797 2936 iis
2813 2881 2906 2949 qui
2927 2880 3062 2935 foris
3085 2892 3232 2949 sunt,
3257 2884 3662 2952 exprimentia:

379 2983 460 3036 ita
498 2998 644 3037 nunc
707 2983 806 3038 tibi
832 2998 987 3048 sane,
1015 2985 1134 3037 viro
1169 2983 1580 3052 sapientissimo
1637 2992 1853 3054 tempus
1896 2981 2085 3045 fuerit,
2115 2994 2294 3034 meum
2329 2979 2384 3032 in
2417 2979 2503 3034 his
2541 2979 2672 3047 ipsis
2693 2978 2898 3032 litteris
2955 2991 3311 3047 perspectare
3354 2980 3661 3049 ingenium,

386 3081 848 3150 quemadmodum
890 3095 1042 3136 tuum
1077 3083 1244 3137 etiam
1307 3084 1364 3135 in
1405 3083 1514 3137 tuis
1566 3096 1668 3136 nos
1739 3083 2002 3151 deinceps
2045 3092 2440 3149 recognoscere
2486 3086 2724 3147 oportet.
2805 3076 2923 3131 Non
2984 3077 3129 3131 enim
3197 3079 3516 3134 ambitionis
3567 3080 3668 3134 ali-

385 3177 545 3247 cujus
580 3175 696 3230 bzee
723 3176 1027 3245 speeimina
1081 3184 1270 3241 erant,
1337 3190 1528 3230 verum
1595 3176 1881 3246 splendida
1924 3174 2173 3246 quaedam
2246 3172 2499 3228 ineunda:
2561 3171 2820 3227 amicitia:
2879 3170 3022 3226 ratio
3083 3179 3250 3241 atque
3320 3175 3661 3244 negotiatio;

371 3287 694 3342 quanquam
738 3271 952 3326 etiamsi
981 3273 1208 3326 ambitio
1237 3272 1425 3337 fuerit,
1459 3288 1526 3328 ne
1596 3274 1733 3328 illud
1797 3273 2022 3346 quidem
2094 3271 2163 3326 ab
2229 3271 2472 3324 humana
2540 3281 2741 3324 natura
2819 3262 3128 3324 abhorrens
3177 3284 3241 3324 ac
3310 3271 3662 3342 peregrinum

381 3379 504 3420 esse
563 3367 724 3422 solet.
775 3364 1001 3419 (lateris
1049 3364 1198 3419 enim
1271 3366 1437 3419 rebus
1503 3366 1783 3431 omnibus,
1865 3380 2004 3435 quas
2081 3363 2235 3419 orbis
2301 3363 2708 3432 complectitur,
2786 3359 2942 3416 senio
3005 3362 3412 3430 iatiscentihus,
3488 3367 3666 3420 solam

369 3459 568 3531 gloriae
593 3459 928 3528 cupidatem,
987 3460 1042 3513 in
1092 3459 1160 3513 iis
1191 3475 1314 3529 qua:
1388 3461 1528 3515 senii
1599 3461 1846 3533 expertia
1891 3469 2041 3526 sunt,
2086 3470 2338 3515 veterum
2399 3461 2715 3529 sapientum
2788 3457 2949 3512 multi
3001 3473 3312 3528 imposuere
3377 3461 3663 3535 (Pericles,

333 3599 338 3601 _
383 3551 528 3620 apud
562 3550 809 3622 Thucyd.
865 3550 964 3605 lib.
994 3567 1029 3604 ιι
1062 3552 1358 3624 ἐπιταφίῳ,
1413 3553 1479 3606 ad
1533 3552 1749 3624 ﬁnem),
1789 3553 2098 3623 praesertim
2159 3567 2286 3605 cum
2309 3557 2546 3615 constet,
2576 3548 2883 3618 singulares
2947 3551 3173 3604 omnino
3203 3561 3259 3604 et
3306 3554 3578 3621 proprias,
3599 3567 3665 3614 ct

383 3659 454 3699 ex
482 3646 754 3700 diametro
813 3647 1092 3715 oppositas
1131 3646 1256 3700 aliis
1289 3647 1503 3702 artibus
1547 3646 1718 3718 leges,
1780 3647 1965 3702 studia
2003 3646 2316 3700 litterarum
2371 3659 2401 3698 a
2444 3649 2642 3696 natura
2671 3643 2975 3710 accepisse.
3028 3641 3146 3707 Qua
3181 3641 3330 3696 enim
3360 3650 3518 3698 aetate
3556 3643 3665 3700 illis

384 3736 758 3795 deﬂorescere
811 3738 961 3803 licet,
994 3737 1086 3792 illa
1131 3738 1394 3808 haecipsa
1447 3755 1608 3808 quam
1673 3737 2112 3792 luculentissima
2178 3735 2398 3803 ﬂorere,
2461 3743 2515 3789 ct
2586 3733 2875 3803 prudentis
2904 3732 3222 3789 ambitionis
3257 3733 3489 3794 saltibus
3519 3751 3666 3792 eam-

383 3852 514 3906 pum
551 3834 1062 3906 praestantissimum
1102 3836 1248 3891 ultro
1303 3837 1570 3906 prwbere,
1626 3836 1895 3906 sequitur.

759 4002 842 4061 H'.
881 4004 1230 4074 Μαγίστρου
1261 4006 1567 4075 ἀμοιόαἰα.

457 4160 565 4213 Καὶ
592 4157 762 4212 πάλαι
798 4158 896 4228 μὲν
924 4157 1100 4226 ἔγωγε
1132 4160 1230 4213 σὺν
1259 4159 1370 4230 ἄρα
1403 4161 1626 4225 πολλοῖς
1663 4163 1872 4232 ἑτέροις
1903 4165 1970 4233 τῇ

391 4253 458 4322 σῇ
490 4250 649 4321 φήμῃ
671 4250 900 4318 κάτοχος
945 4249 1209 4316 γεγονὼς,
1241 4252 1340 4322 οὐχ
1377 4253 1502 4305 ὅσον
1545 4255 1832 4323 ἐρωτικῶς
1863 4256 1973 4324 ἔχω

387 4340 496 4394 τῶν
537 4340 664 4408 σῶν,
716 4341 811 4393 καὶ
866 4341 1113 4410 μανικῶς
1146 4359 1263 4404 πως
1326 4346 1457 4414 περὶ
1483 4344 1661 4397 ταῦτα
1689 4345 1969 4414 βακχεύω,

391 4436 485 4487 καὶ
512 4435 652 4488 πάνυ
684 4451 764 4486 τοι
794 4435 963 4502 φιλῶν
993 4435 1087 4486 καὶ
1120 4435 1419 4504 θαυμάζων
1440 4438 1497 4489 οὐ
1525 4437 1804 4507 παύομαι·
1837 4437 1975 4490 ἀλλα

391 4531 484 4580 και
505 4528 652 4588 ὅπως
684 4526 764 4579 ὅτι
795 4544 885 4596 μοι
905 4524 1120 4595 τάχιστ’
1151 4526 1278 4578 ἰδεῖν
1309 4528 1527 4592 ἐξέσται
1547 4530 1636 4582 τὸν
1661 4529 1974 4598 θαυμαστὸν

390 4619 668 4689 ἐρώμενον
718 4620 810 4674 καὶ
844 4619 1002 4672 πάντ’
1032 4619 1256 4688 ἄριστον
1292 4620 1374 4683 σὲ,
1429 4620 1588 4672 τοῦτο
1619 4621 1663 4673 δ’
1691 4621 1791 4674 οὐκ
1825 4621 1973 4672 ἔστιν

391 4711 565 4764 εἰπεῖν
613 4711 734 4772 ταῖς
799 4711 1009 4778 εὐχαῖς,
1042 4710 1169 4760 ὅσου
1198 4709 1482 4778 τιμῶμαι·
1518 4709 1614 4760 καὶ
1658 4708 1752 4762 νῦν
1798 4708 1841 4759 δ’
1875 4709 1974 4776 οὐχ

347 4795 350 4800 ’
390 4801 572 4872 ἥκιστ’
597 4801 760 4864 αὐτὸς
790 4797 871 4863 οἷς
903 4800 1242 4863 ἐπέσταλκας
1274 4799 1538 4869 ἔτρωσας,
1563 4800 1698 4868 ὁμοῦ
1739 4800 1838 4864 μὲν
1874 4802 1974 4868 ἐμὲ

390 4913 450 4948 τε
484 4896 576 4948 καὶ
603 4895 798 4947 σαυτὸν
832 4894 1083 4960 συνάγων
1117 4892 1388 4955 ἐντεῦθεν,
1421 4893 1513 4944 καὶ
1534 4893 1600 4943 ἵν’
1637 4892 1809 4953 οὕτως
1833 4892 1973 4942 εῐπω

394 4985 755 5054 συμπλάττων
781 4987 872 5037 καὶ
892 4985 950 5035 ἓν
970 4986 1135 5052 ἄμφω
1157 4984 1348 5047 τιθεὶς,
1381 4981 1514 5052 ὁμοῦ
1556 4983 1613 5035 δὲ
1639 4985 1733 5035 καὶ
1761 4983 1836 5045 ὡς
1861 4978 1974 5048 ἐγὼ

393 5082 543 5132 πνέω
570 5079 638 5131 τὰ
670 5077 762 5142 σὰ,
812 5079 908 5128 καὶ
937 5075 1128 5128 τοῦτον
1183 5076 1318 5143 ἴσχω
1349 5075 1439 5124 τὸν
1468 5074 1692 5142 τρόπον,
1721 5071 1782 5126 εὖ
1829 5073 1976 5141 μάλα

393 5172 630 5238 δεικνὺς,
662 5171 730 5222 δι’
774 5164 849 5223 ὧν
892 5168 998 5238 φῂς
1035 5165 1398 5236 βεϐουλῆσθαι
1446 5165 1545 5232 μὲν
1575 5163 1672 5234 ἐμὲ
1709 5163 1974 5224 πολλάκις

396 5265 528 5333 πρὸς
561 5263 620 5314 σὲ
665 5265 971 5332 γράμματα
1029 5258 1268 5327 πέμψαι,
1327 5257 1405 5326 τῷ
1462 5255 1517 5308 δὲ
1575 5257 1651 5325 μὴ
1688 5258 1814 5318 τοὺς
1847 5256 1972 5318 σοὺς

1986 4013 2035 4070 C

2301 3997 2436 4052 Vill.
2483 3995 2726 4065 Magistri
2781 3992 3005 4062 epistola
3064 3995 3423 4066 responsat-ia.

2137 4153 2368 4210 Jamdiu
2393 4161 2502 4218 est,
2542 4166 2668 4205 cum
2696 4165 2799 4220 ego
2837 4166 2945 4204 una
2977 4165 3104 4204 cum
3141 4149 3263 4204 aliis
3291 4151 3667 4219 compluribus

2080 4260 2172 4303 tua
2196 4246 2412 4301 amatus
2465 4245 2634 4308 fama,
2698 4257 2808 4301 non
2838 4241 3047 4310 ingenii
3085 4243 3251 4297 modo
3301 4243 3668 4298 eruditionis-

2077 4356 2184 4410 que
2216 4349 2320 4392 tua:
2349 4348 2562 4393 amator
2619 4351 2766 4400 sum,
2802 4344 2860 4389 et
2925 4335 3121 4388 insano
3171 4334 3407 4403 quodam
3477 4337 3665 4400 modo,

2077 4435 2229 4491 velut
2249 4431 2438 4485 divino
2470 4430 2658 4484 furore
2687 4430 2836 4485 circa
2865 4427 2981 4480 haec
3004 4426 3116 4494 ipsa
3139 4427 3338 4497 agitor,
3367 4443 3469 4483 nec
3499 4429 3667 4483 velte-

2079 4523 2416 4580 mentissime
2448 4531 2562 4576 tum
2588 4535 2794 4585 amare,
2828 4527 2940 4573 tum
2965 4518 3152 4572 mirari
3202 4518 3416 4586 desino,
3474 4535 3666 4578 verum

2077 4621 2243 4673 etiam
2285 4626 2344 4670 ut
2375 4615 2555 4685 primo
2608 4627 2830 4683 quoque
2866 4624 3116 4682 tempore
3179 4622 3251 4678 te,
3312 4612 3668 4668 admirabiles

2079 4722 2297 4763 amores
2331 4721 2508 4768 meos,
2541 4703 2913 4771 omnibusque
2959 4704 3012 4756 in
3046 4703 3216 4758 rebus
3274 4706 3667 4774 prmstantissi—

2078 4816 2229 4854 mum
2246 4799 2447 4861 virum,
2477 4812 2664 4852 coram
2691 4795 3305 4865 videndipotestasjiat,
3328 4798 3380 4851 id
3401 4800 3590 4868 quanti
3612 4800 3670 4854 in

2081 4893 2226 4947 votis
2260 4891 2398 4945 meis
2429 4891 2722 4950 instituenti,
2756 4889 2942 4941 verbis
2990 4889 3154 4957 plane
3209 4891 3398 4945 elierri
3449 4893 3664 4960 nequit.

2077 4985 2280 5038 Adhaec
2340 4999 2449 5036 non
2515 4981 2742 5034 minime
2782 4996 2880 5050 per
2936 4981 3152 5035 litteras
3213 4983 3377 5038 hasce
3429 4991 3550 5038 tuas
3581 5000 3670 5038 me

2077 5073 2414 5137 saueiavisti,
2441 5066 2726 5126 simul'm-e
2752 5083 2808 5126 ct
2851 5073 3084 5141 teipsum
3131 5074 3212 5128 sic
3247 5075 3508 5129 nimirum
3537 5091 3671 5130 con-

2079 5170 2307 5231 ducens,
2342 5175 2528 5236 atque,
2561 5175 2619 5219 ut
2648 5165 2719 5218 ita
2774 5165 2991 5233 loquar,
3040 5164 3291 5219 conﬂans
3350 5175 3406 5220 et
3454 5167 3670 5220 conlin-
3742 5197 3750 5202 -

2079 5279 2231 5332 gens,
2282 5262 2584 5330 ambosque
2641 5276 2811 5314 unum
2856 5261 3116 5330 quiddam
3174 5260 3438 5324 ciliciens,
3503 5263 3669 5315 simul

392 5356 628 5423 τρόπους
676 5354 898 5414 εἰδέναι,
928 5353 1026 5421 τῆς
1049 5351 1224 5419 ὁρμῆς
1254 5347 1618 5422 ἁπρσχέσθαι.
1638 5348 1782 5415 Ἐγὼ
1805 5347 1862 5400 δὲ
1887 5349 1966 5401 ὃτι

2079 5359 2206 5412 item
2247 5370 2412 5423 quam
2444 5369 2547 5424 ego
2583 5364 2673 5407 tua
2712 5354 2940 5423 spircm,
2997 5363 3055 5409 et
3080 5354 3226 5424 quod
3286 5355 3390 5408 hoc
3437 5353 3671 5410 allectus

397 5447 493 5515 μὲν
533 5444 734 5514 ταύτης
767 5443 1044 5512 ἐγεγόνειν
1073 5443 1172 5511 τῆς
1202 5441 1426 5509 γνώμης
1469 5443 1558 5491 καί
1589 5435 1700 5502 οἷος
1731 5437 1800 5511 ἦν
1851 5443 1970 5492 ἐπι-

393 5537 632 5589 στέλλειν
664 5536 934 5604 ὁμολογῶ,
967 5535 1027 5586 οὐ
1065 5536 1175 5603 μὴν
1201 5533 1292 5602 ὑφ’
1327 5527 1402 5586 ὧν
1434 5532 1574 5602 ἔφης
1609 5532 1769 5595 αὐτος
1797 5550 1975 5585 κεκωο

391 5629 622 5680 λύτθαι·
652 5627 773 5679 οὐδὲ
806 5623 1006 5696 μικροῦ
1045 5624 1126 5676 δεῖ
1154 5641 1164 5654 ·
1199 5624 1458 5676 τοσοῦτον
1486 5625 1615 5691 γοῦν
1649 5625 1841 5694 ἀπέχω
1877 5623 1972 5676 τοῦ

393 5721 565 5774 ταῦτα
596 5721 690 5773 σοῦ
717 5723 846 5789 πέρι
885 5719 979 5772 καὶ
1031 5720 1254 5788 φρονεῖν
1313 5719 1406 5772 καὶ
1461 5718 1730 5784 δοξάζειν,
1766 5720 1842 5782 ὡς
1879 5719 1974 5772 καὶ

396 5818 525 5884 πρὶν
549 5815 801 5883 ἧκεινεῐς
841 5814 1054 5881 πεῖραν,
1092 5812 1385 5882 ἀγώνισμα
1431 5813 1678 5881 γλώττης
1717 5814 1810 5865 καὶ
1841 5832 1972 5882 τρυ-

2081 5450 2184 5504 siut
2211 5447 2394 5514 modo,
2428 5447 2810 5516 planiSsimu-m
2865 5448 3096 5512 faciens,
3149 5446 3280 5500 dum
3332 5446 3532 5516 szepins
3581 5461 3670 5502 me

2081 5541 2303 5608 quidem
2361 5539 2550 5592 animo
2607 5539 2903 5608 agitavisse
2935 5540 3038 5603 ais,
3069 5556 3176 5607 quo
3227 5540 3444 5593 litteras
3489 5541 3557 5594 ad
3617 5550 3670 5595 te

2079 5631 2290 5692 darem,
2320 5643 2387 5682 eo
2417 5641 2602 5680 autem
2630 5627 2777 5697 quod
2818 5643 3004 5683 mores
3035 5640 3160 5681 tuos
3189 5629 3376 5683 minus
3405 5629 3668 5684 haberem

2077 5729 2416 5790 perspectos,
2475 5719 2630 5773 illum
2665 5711 2949 5789 ‘abjecisse
3010 5721 3297 5789 impetum.
3357 5721 3470 5792 Ego
3536 5739 3670 5778 vero

2079 5815 2182 5868 hoc
2217 5831 2302 5870 me
2343 5813 2529 5869 animo
2572 5812 2764 5878 fuisse,
2801 5823 2965 5881 atque
3011 5813 3254 5871 scribere
3286 5817 3666 5884 constituisse,
