4018 6416
384 364 485 428 431

1614 368 2012 431 THEODULI
2053 368 2403 431 MONACIII

3531 370 3628 434 432

384 482 591 546 fateor;
649 495 830 551 neque
885 482 952 535 iis
984 489 1188 544 tamen,
1216 494 1354 549 quas
1390 494 1606 545 narras,
1638 480 1967 535 deterritum

2081 482 2181 553 φὴν
2214 482 2489 536 ποιεῖσθαι
2545 481 2613 534 τὰ
2641 479 2729 545 σὰ,
2760 477 2821 532 σέ
2873 476 2974 549 μὲν
3009 476 3311 549 θαυμάζων
3358 477 3444 533 διὰ
3468 482 3629 550 πάσης

385 573 735 638 rationibus;
794 572 931 627 nihil
965 570 1223 643 praefecto
1265 572 1486 638 minus;
1538 580 1754 627 tantum
1813 572 1963 626 enim

383 666 561 730 abest,
598 674 659 719 ut
721 663 1035 733 hujusmodi
1068 664 1327 733 quiddam
1359 663 1427 719 de
1458 672 1509 719 te
1538 674 1594 719 et
1625 666 1878 730 sentiam,
1912 673 1969 719 et

384 770 641 831 statuam,
668 766 727 811 ut
755 759 908 827 prius
931 757 1096 811 etiam
1118 770 1283 827 quam
1306 755 1385 811 tui
1409 755 1613 828 ingenii
1658 757 1966 827 perieulum

386 854 663 919 fecissem,
690 852 890 920 lingua:
918 860 1197 906 certamen
1225 866 1289 905 ac
1319 850 1577 917 delicias,
1624 852 1816 907 laudes
1846 860 1968 906 tuas

384 948 647 1011 facerem,
681 960 807 1000 cum
829 954 881 998 te
913 960 1010 1013 per
1032 958 1253 999 omnem
1284 942 1623 998 laudabilem
1654 943 1969 999 litterarum

385 1052 716 1107 morumque
744 1036 948 1101 idcam,
978 1050 1192 1091 summa
1213 1049 1341 1089 eum
1362 1034 1690 1091 excellentia
1720 1044 1965 1102 vectum,

385 1127 639 1191 miratus,
674 1134 787 1180 tum
824 1125 1032 1181 saeculo
1062 1134 1260 1180 nostro
1293 1133 1648 1195 pmstantem
1681 1125 1840 1180 istam
1881 1124 1963 1179 in-

385 1218 565 1272 dolem
614 1226 761 1271 tuam
795 1217 1125 1285 gratulatus,
1165 1232 1196 1271 a
1234 1232 1346 1288 quo
1389 1225 1623 1287 utroque
1662 1214 1970 1286 praetende

385 1312 547 1380 longe
579 1310 801 1373 absunt,
832 1310 927 1381 qui
963 1310 1144 1365 adhuc
1197 1309 1547 1366 addubitant.
1604 1310 1727 1365 Non
1782 1308 1970 1379 itaque

386 1420 506 1458 eam
562 1405 634 1457 ob
688 1417 909 1457 causam
976 1401 1256 1458 silentium
1317 1400 1454 1455 mihi
1485 1399 1681 1464 indixi,
1739 1401 1838 1457 sed
1884 1401 1969 1456 vel

387 1499 627 1552 maxime
659 1498 841 1551 decori
894 1496 1117 1551 habitus
1183 1495 1379 1566 gratia,
1416 1493 1677 1565 quodque
1731 1509 1842 1549 non
1880 1511 1971 1549 re-

390 1599 553 1661 pente
576 1599 633 1644 et
657 1590 841 1645 subito
896 1589 963 1643 ad
994 1586 1311 1659 hujusmodi
1365 1586 1627 1656 quiddam
1662 1584 1967 1655 prosilien-

392 1684 520 1735 ιίιιηι
562 1681 959 1744 existimarem,
987 1678 1265 1748 tumquod
1292 1693 1406 1733 rem
1450 1676 1771 1747 diligentius
1804 1692 1972 1745 repu-

394 1773 554 1835 tanti,
607 1771 815 1842 justius
870 1769 1289 1825 scribendarum
1363 1767 1669 1822 litterarum
1750 1766 1970 1822 initium

2069 574 2475 645 ἐπαινουμένης
2509 574 2652 638 ίδέας
2680 573 2857 641 λόγων
2887 588 2949 625 τε
2980 573 3073 626 καὶ
3101 572 3323 642 τρόπων
3349 573 3486 642 μετὰ
3510 577 3631 630 πολ-

2068 667 2163 719 λοῦ
2189 666 2279 720 τοῦ
2323 668 2609 738 περιόντος
2670 668 2841 732 ίόντα,
2875 669 2977 735 τῆς
3025 666 3084 719 δὲ
3106 666 3247 719 κατὰ
3269 667 3330 719 σὲ
3363 669 3529 738 φορᾶς
3559 669 3632 739 τῷ

2072 759 2174 829 βίῳ
2203 758 2532 830 ξυγχαίρων,
2559 758 2587 811 ὃ
2620 756 2817 812 πολλοῦ
2848 760 3025 812 ποιεῖν
3046 757 3157 812 εδει
3183 758 3311 823 τούς
3330 772 3395 825 γε
3428 760 3634 830 ἀμφισ-

2070 849 2391 919 ϐητοῦντας.
2445 846 2655 902 Οὔκουν
2717 848 2805 902 δια
2854 848 3029 902 ταῦτα
3076 850 3235 920 σιγᾷν
3276 848 3435 919 ᾤμην
3492 850 3633 903 δεῖν’

2070 941 2204 995 ἀλλὰ
2240 942 2478 1011 μάλιστα
2516 942 2616 1010 μέν
2645 956 2708 1007 γε
2749 940 2839 994 διὰ
2866 940 2927 993 τὸ
2962 941 3170 1011 σχῆμα,
3201 948 3297 995 καὶ
3325 942 3388 994 τὸ
3410 941 3482 1012 μὴ
3505 943 3636 1013 χρῆ-

2071 1050 2157 1086 ναι
2201 1035 2311 1097 τοῖς
2347 1033 2615 1095 τοιούτοις
2648 1035 2711 1086 ἐκ
2749 1031 2841 1085 τοῦ
2877 1032 3083 1095 εὐθέως
3131 1034 3405 1105 ἐπιπηδᾷν
3430 1051 3443 1065 ο
3472 1034 3638 1087 ἔπειθ’

2070 1126 2154 1180 ὅτι
2175 1127 2270 1180 καὶ
2304 1125 2618 1197 βουλομένῳ
2644 1127 2890 1191 σκοπεῖν,
2913 1126 3121 1189 δίκαιος
3146 1126 3309 1191 αὐτὸς
3329 1123 3473 1198 ἦσθα
3496 1128 3641 1197 πρώ-

2070 1234 2179 1281 τως
2215 1219 2406 1288 ἄρχειν
2455 1219 2825 1289 γραμμάτων,
2889 1219 2918 1272 ὁ
2960 1220 3057 1273 καὶ
3090 1217 3327 1289 πρώτως
3388 1221 3531 1291 ἡμᾶς
3560 1221 3643 1273 διὰ

2071 1315 2171 1383 τῆς
2197 1313 2525 1382 θαυμαστῆς
2556 1314 2745 1383 φήμης
2791 1312 2871 1375 είς
2909 1313 3036 1376 τοὺς
3069 1312 3213 1367 κατὰ
3256 1312 3351 1367 σοῦ
3384 1314 3642 1383 θορύϐους

2072 1404 2319 1473 ἐκμήνας
2342 1419 2355 1432 ·
2389 1400 2418 1455 ὃ
2445 1402 2509 1473 δὴ
2533 1402 2627 1455 καὶ
2658 1400 2923 1471 πράττειν
2958 1400 3201 1467 ἠξίωσας
3234 1400 3298 1454 εὖ
3321 1401 3512 1467 ποιῶν,
3547 1404 3642 1455 καὶ

2072 1496 2206 1567 ἡμῖν
2240 1495 2387 1548 πάνυ
2442 1493 2822 1565 κεχαρισμένα
2852 1509 2865 1523 ⁸
2903 1493 2951 1545 εἰ
2989 1493 3098 1563 γὰρ
3121 1493 3185 1562 δὴ
3235 1493 3472 1563 πρόσθεν
3500 1495 3649 1564 law.

2077 1588 2242 1659 μενός
2262 1604 2323 1640 τε
2354 1588 2445 1640 καὶ
2474 1586 2806 1655 ἀκουόμενος
2837 1584 3009 1650 οὕτως
3057 1585 3411 1655 ἐξέπληττες,
3441 1585 3535 1642 νῦν
3564 1588 3651 1642 διὰ

2073 1683 2172 1752 τῆς
2207 1680 2502 1750 ἐπιστολῆς
2532 1680 2807 1750 ὁρώμενος
2829 1718 2845 1745 ,
2873 1679 2969 1731 καὶ
2999 1678 3066 1731 τὰ
3107 1678 3297 1731 εἰκότα
3331 1678 3522 1745 ξυνὼν,
3560 1680 3654 1733 πό-

2076 1787 2168 1826 σον
2197 1788 2250 1824 τι
2283 1770 2527 1840 νομίζεις
2556 1771 2692 1841 ἡμῖν
2714 1770 2796 1831 είς
2821 1769 2948 1832 τοὺς
2992 1768 3122 1831 σοὺς
3162 1768 3461 1838 εἰργάσθαι
3490 1771 3655 1824 παιᾶ-

391 1867 565 1919 abste
625 1864 743 1918 fieri
809 1862 1070 1917 debuisse
1125 1860 1434 1925 videretur,
1510 1859 1606 1930 qui
1650 1859 1806 1930 prior
1872 1873 1975 1913 nos

2081 1865 2195 1931 vd:,
2232 1863 2301 1917 τά
2323 1879 2383 1916 τε
2431 1861 2589 1927 ἄλλα,
2615 1861 2710 1916 καὶ
2739 1861 2824 1915 ὃτι
2843 1862 2914 1913 τὰ
2960 1858 3229 1914 κάλλιστά
3261 1876 3321 1914 τε
3345 1862 3443 1914 καὶ
3463 1861 3657 1930 ἥδιστα

394 1956 628 2010 mirifica
700 1954 860 2009 famae
918 1952 1404 2008 eonnnendatione
1440 1951 1496 2006 in
1555 1962 1678 2007 tuos
1740 1950 1978 2007 furiaras

394 2050 642 2117 plausus.
710 2045 867 2113 Quod
925 2045 1093 2100 etiam
1161 2043 1346 2101 facere
1396 2059 1617 2114 mquum
1666 2044 1975 2111 censuisti;

397 2141 601 2191 bonum
636 2136 823 2191 hercle
850 2134 1080 2198 factum,
1107 2143 1165 2188 et
1191 2134 1353 2204 longe
1384 2133 1547 2189 nobis
1577 2132 1977 2203 gratissimum.

389 2227 605 2297 Quippe
627 2227 673 2281 si
705 2229 780 2280 ita
802 2241 906 2280 nos
924 2235 1088 2279 antea
1151 2225 1208 2278 in
1247 2233 1532 2294 stuporem
1584 2224 1729 2278 fama
1759 2224 1981 2281 nuntia-

395 2329 484 2374 tus
513 2318 843 2387 auditusque
895 2315 1089 2381 dabas,
1136 2325 1403 2386 quantum
1431 2314 1692 2385 quiddam
1716 2314 1784 2370 ad
1841 2330 1981 2386 pra:-

394 2413 554 2466 conia
589 2418 681 2464 tua
713 2419 765 2465 te
797 2409 959 2464 nobis
989 2408 1315 2477 praestitisse
1365 2423 1515 2464 nunc
1543 2416 1820 2473 autumas,
1864 2408 1980 2477 ipse

394 2518 496 2571 per
524 2501 738 2556 litteras
769 2501 920 2556 risus
945 2509 1000 2555 et
1034 2502 1286 2570 loquens,
1313 2509 1370 2555 et
1401 2500 1581 2571 quoad
1630 2499 1752 2555 fieri
1784 2501 1979 2572 possit,

394 2608 660 2664 prmsens,
701 2592 867 2663 idque
891 2607 1017 2646 eum
1042 2593 1119 2646 ob
1144 2592 1273 2656 alia,
1337 2600 1454 2646 tum
1476 2594 1624 2661 quod
1673 2593 1879 2663 optima
1925 2601 1983 2648 et

391 2684 802 2754 jucundissima
855 2683 1154 2755 spectanda
1190 2682 1423 2753 praebes.
1462 2683 1667 2739 Partim
1717 2682 1980 2739 nimirum

397 2775 727 2845 gravitatem
759 2774 926 2828 animi
960 2772 1523 2844 generositatemque,
1552 2773 1700 2828 illam
1735 2773 1983 2843 philoso-

394 2865 542 2936 phiae
566 2865 971 2935 dignissimam,
1010 2874 1122 2929 tum
1149 2873 1413 2934 praterea
1460 2864 1662 2920 mentis
1700 2865 1982 2936 perspica-

397 2957 564 3018 ciam,
599 2964 655 3009 et
702 2948 1111 3019 excellentiam,
1161 2962 1216 3007 et
1259 2967 1516 3019 acumen,
1570 2963 1626 3010 et
1681 2953 1749 3007 ad
1794 2955 1981 3010 omnia

397 3044 822 3110 dexteritatem;
858 3046 1056 3114 partim
1093 3042 1235 3113 quod
1271 3059 1457 3099 musas
1495 3044 1634 3100 colis
1668 3045 1979 3111 universas,

2084 1957 2350 2027 παρέχεις
2375 1954 2544 2025 ὁρᾷν;
2599 1936 2760 2007 τοῦτο
2792 1953 2891 2023 μὲν
2922 1952 2984 2006 τὸ
3013 1953 3115 2023 τῆς
3146 1954 3246 2023 σῆς
3278 1954 3528 2019 διανοίας
3560 1956 3659 2025 ἐμ-

2084 2049 2274 2120 εριθὲς
2304 2048 2400 2102 καὶ
2429 2049 2682 2116 γενναῖον
2712 2046 3006 2118 φιλοσοφίᾳ
3038 2045 3278 2117 μάλιστα
3309 2049 3548 2119 πρέπον,
3571 2050 3662 2102 καὶ

2085 2140 2307 2212 προσέτ’
2359 2138 2619 2209 ἀγχίνουν
2652 2138 2747 2192 καὶ
2783 2138 3040 2210 περιττὸν
3062 2139 3156 2191 καὶ
3185 2137 3279 2203 ὀξὺ
3324 2140 3423 2194 καὶ
3445 2140 3664 2210 περιδέο

2083 2233 2198 2300 ξιον
2224 2231 2294 2285 τὰ
2328 2230 2367 2301 ἰ-
2390 2233 2448 2294 ἐς
2488 2228 2692 2296 πάντα,
2722 2230 2885 2284 τοῦτο
2920 2231 2967 2286 δ’
3015 2230 3091 2293 ὡς
3124 2231 3490 2296 παντοδαπῶς
3521 2232 3664 2303 ἔχεις

2082 2325 2183 2394 τῆς
2210 2324 2427 2397 μούσης
2448 2324 2544 2377 καὶ
2561 2324 2750 2396 φέρεις
2785 2324 3151 2396 ἑκασταχόσε,
3182 2325 3276 2379 καὶ
3305 2326 3412 2397 τῆς
3459 2326 3663 2399 Ἐρμοῦ

2080 2418 2306 2489 τελετῆς
2345 2421 2411 2492 ἣν
2463 2418 2531 2475 ἄν
2564 2436 2651 2482 τις
2679 2420 2772 2474 καὶ
2796 2420 2973 2491 φήσαι
3011 2420 3273 2492 δᾳδοῦχός
3298 2439 3393 2486 τις
3421 2421 3541 2493 εἴης
3578 2422 3666 2497 καὶ

2085 2512 2405 2583 θαυμαστὸς
2437 2510 2808 2580 σπουδαστὴς,
2851 2514 3121 2585 ῥητορικῇ
3158 2513 3491 2584 φιλοσοφίαν
3540 2498 3665 2568 συν-

2085 2603 2295 2667 άπτων,
2331 2604 2419 2657 καὶ
2443 2605 2611 2674 ἄμφω
2638 2620 2704 2673 γε
2737 2603 2913 2659 ταῦτα
2933 2609 3046 2670 τοῖς
3072 2608 3202 2678 περὶ
3228 2608 3469 2680 ούρανοῦ
3492 2610 3670 2680 πράγ-

2086 2712 2241 2765 μασι,
2278 2695 2372 2749 καὶ
2418 2696 2564 2750 οὕτω
2601 2696 2894 2767 κράτιστος
2923 2699 2980 2751 ἐν
3015 2699 3221 2754 ἆπασιν
3245 2698 3343 2767 ὢν,
3401 2702 3477 2766 ὡς
3502 2703 3583 2755 ἐνί
3608 2702 3672 2772 τί

2084 2804 2163 2857 τῳ
2194 2787 2305 2841 τῶν
2337 2788 2513 2842 ἄλλων
2548 2788 2749 2852 οὐδείς.
2802 2789 2969 2843 Ταῦτ’
3023 2791 3132 2861 ἄρα
3183 2794 3280 2846 καὶ
3317 2796 3667 2866 πανταχόθεν

2085 2878 2295 2940 πάντας
2325 2877 2469 2947 ἔχεις
2491 2878 2798 2946 ἐπάγεσθαι
2826 2881 2917 2933 καὶ
2953 2881 3294 2953 χειροῦσθαι,
3323 2888 3432 2940 καὶ
3455 2886 3551 2939 νῦν
3578 2886 3674 2957 μὲν

2084 2966 2439 3036 ἐκπλήττειν,
2474 2966 2570 3020 νῦν
2592 2968 2646 3021 δὲ
2681 2970 2870 3039 κηλεῖν
2900 2988 2959 3023 τε
2998 2971 3094 3024 καὶ
3134 2972 3390 3043 θέλγειν,
3419 2977 3517 3030 καὶ
3542 2976 3676 3039 ὅλως

2084 3064 2205 3124 ταῖς
2233 3062 2353 3124 σαῖς
2385 3061 2613 3125 ταύταις
2656 3062 3088 3134 καταγοητεύειν
3121 3063 3289 3135 ἴυγξι.
3326 3067 3414 3123 Σὺ
3448 3068 3549 3138 μὲν
3585 3066 3676 3123 οὖν

398 3148 453 3192 rt
504 3151 933 3207 quoquoversus
991 3134 1191 3200 tendis,
1248 3145 1301 3191 et
1332 3151 1675 3207 quatcunque
1722 3134 1976 3192 Mercurii

2085 3153 2237 3223 ἡμᾶς
2263 3153 2365 3207 οἴει
2402 3154 2471 3207 δι’
2501 3148 2577 3248 ὄιν
2602 3155 2705 3226 ήδη
2744 3157 3001 3226 γράφεις,
3038 3134 3197 3229 πρὸς
3221 3134 3484 3234 ἑταιρία-ν
3513 3161 3671 3232 μάλι-

398 3246 552 3286 sacra
602 3245 665 3284 ac
695 3230 850 3284 initia
874 3228 1145 3298 quispiam
1200 3229 1472 3295 nominet,
1520 3243 1715 3283 eorum
1765 3228 1876 3283 dux
1924 3238 1981 3284 et

399 3322 657 3395 signifer,
723 3330 781 3377 et
817 3321 997 3377 cultor
1035 3320 1382 3376 admirabilis
1434 3335 1534 3377 es:
1570 3321 1666 3391 qui
1724 3320 1979 3377 oratoria:

399 3416 826 3486 philosophiam,
882 3423 1250 3484 ctutramque
1282 3413 1406 3469 caeli
1447 3413 1800 3485 siderumque
1843 3430 1979 3470 con-

399 3508 765 3579 templationi,
791 3507 999 3579 jungis,
1030 3507 1282 3576 adeoque
1327 3507 1381 3560 in
1415 3506 1501 3561 his
1537 3507 1794 3562 omnibus
1818 3507 1978 3578 longe

400 3604 749 3672 multumque
803 3609 1050 3671 pra‘stas,
1097 3608 1157 3653 ut
1186 3613 1345 3653 nemo
1398 3598 1540 3654 alius
1564 3599 1620 3653 iu
1651 3614 1761 3655 uno
1795 3600 1979 3671 aliquo

398 3696 667 3749 doctrina:
697 3708 919 3763 genere.
954 3691 1151 3746 Merito
1202 3690 1367 3761 igitur
1396 3706 1590 3746 omnes
1620 3692 1975 3747 omnifariam

399 3786 655 3848 allicere,
691 3785 904 3853 tibique
941 3784 1258 3853 tuatieipare
1292 3793 1448 3853 potes
1476 3801 1490 3839 :
1520 3794 1577 3839 et
1624 3799 1774 3840 nunc
1801 3785 1980 3840 admi-

397 3878 612 3932 ratione
648 3876 972 3947 percellere,
1016 3889 1165 3928 nunc
1196 3867 1449 3929 'mulcer‘e
1490 3883 1655 3945 atque
1726 3875 1987 3944 delinire,

399 3971 622 4039 tuisque
677 3968 801 4022 istis
829 3965 1108 4045 illecebris
1150 3966 1372 4035 penitus
1428 3976 1746 4023 excantare.
1806 3968 1988 4039 Atque

400 4072 457 4115 tu
492 4060 718 4130 quidem
761 4060 863 4112 hac
892 4067 944 4112 te
979 4058 1330 4127 potissimum
1382 4058 1615 4128 epistola
1651 4060 1717 4113 ad
1750 4059 1989 4116 familia-

402 4154 624 4207 ritatem
681 4160 859 4207 tecum
908 4150 1252 4221 jungendam
1318 4164 1420 4204 nos
1460 4150 1743 4221 invitasse,
1778 4154 1989 4225 tibique

402 4244 621 4299 sodales
647 4253 704 4299 et
730 4244 939 4299 amicos
986 4242 1130 4297 haud
1170 4242 1341 4298 dubie
1365 4257 1737 4315 comparasse,
1768 4248 1974 4305 credis:

2090 3259 2191 3296 στα
2221 3241 2637 3314 προκαλεῖσθαι,
2692 3245 2789 3300 καὶ
2839 3245 3093 3313 συνήθεις
3126 3247 3220 3301 καὶ
3252 3248 3449 3318 φίλους
3482 3251 3672 3321 ἀμέλει

2086 3334 2537 3405 παρασκευάζειν
2563 3339 2769 3403 σαυτῷ,
2801 3337 3020 3409 καὶτῆς
3064 3341 3373 3409 παροιμίας
3407 3345 3563 3398 κοινὰ
3606 3345 3671 3397 τὰ

2085 3426 2195 3480 τῶν
2226 3425 2395 3494 φίλων
2417 3426 2843 3498 νομοθετούσης,
2876 3431 3040 3494 αὐτὸς
3072 3432 3172 3502 τὴν
3203 3432 3293 3487 διὰ
3327 3435 3672 3505 γραμμάτων

2086 3519 2379 3572 κοινωνίαν
2405 3520 2678 3589 προτέραν
2706 3520 2887 3589 λέγεις
2918 3523 3018 3591 τῆς
3056 3523 3241 3592 φιλίας
3273 3528 3580 3595 ποιεῖσθαι,
3599 3526 3671 3590 ὡς

2088 3612 2184 3664 καὶ
2213 3610 2419 3680 ταύτης
2448 3628 2510 3680 γε
2564 3612 2779 3676 πάντως
2813 3613 3091 3683 ἑψομένης
3130 3617 3358 3683 αὐτίκα,
3388 3620 3672 3682 λανθάνεις

2087 3704 2132 3757 δ’
2162 3702 2221 3757 εὖ
2256 3704 2367 3757 ἴσθι
2405 3705 2599 3758 σαυτὸν
2625 3705 2802 3775 φίλοις
2833 3708 2909 3770 ὡς
2937 3707 3155 3779 ἀληθῶς
3213 3712 3577 3778 ἐπιστέλλων,
3615 3713 3675 3766 ού

2087 3795 2231 3849 τοῦτ’
2260 3795 2328 3851 ἂν
2362 3797 2503 3849 κατᾶ
2560 3797 2619 3851 σὲ
2670 3800 3013 3870 γενομένοις,
3074 3802 3191 3856 ἀλλ’
3227 3803 3333 3874 ήδη
3393 3806 3678 3878 πόρρωθεν

2089 3887 2374 3954 γεγονόσιν
2433 3886 2493 3952 ἐξ
2555 3887 2663 3958 ἄρα
2721 3890 2894 3961 μόνης
2928 3892 3027 3963 τῆς
3073 3894 3266 3964 φήμης
3316 3898 3555 3952 καὶτῶν
3585 3899 3679 3967 τῆς

2094 3979 2283 4048 φήμης
2308 3978 2479 4048 βελῶν
2506 3996 2523 4012 ο
2573 3974 2655 4043 οἷς
2688 3982 2851 4051 ἡμεῖς
2901 3983 2993 4036 ἐπὶ
3023 3985 3285 4041 τοσοῦτον
3316 3987 3642 4062 ἐτρώθημεν
3664 4031 3678 4053 ,

2093 4074 2188 4123 καὶ
2212 4069 2384 4134 οὕτως
2413 4070 2674 4141 ἀξιοῦμεν
2721 4074 2974 4146 στέργειν
3002 4077 3072 4130 τὰ
3103 4080 3192 4143 σὰ,
3229 4079 3306 4142 ὡς
3345 4084 3445 4135 καὶ
3476 4085 3590 4146 τοῖς
3619 4083 3681 4134 ἐκ

2096 4160 2295 4212 πολλοῦ
2324 4177 2406 4213 σοι
2432 4166 2499 4215 τα
2522 4162 2715 4231 φιλικὰ
2738 4163 3110 4236 ξυνημμένοις
3137 4169 3520 4243 ἀμφισϐητεῖν
3540 4174 3682 4245 ἔχειν

2090 4251 2203 4306 τῶν
2239 4252 2393 4308 ἴσων.

402 4352 519 4408 tum
551 4340 655 4397 etsi
692 4339 1009 4396 communia
1058 4339 1360 4395 amicorum
1395 4342 1581 4398 omnia
1642 4358 1787 4408 esse,
1820 4346 1977 4415 quasi
2018 4346 2136 4418 lege
2203 4349 2439 4418 quadam
2481 4352 2690 4407 sanciat
2724 4354 3101 4424 proverbium,
3145 4357 3262 4429 ipse
3310 4359 3685 4418 nihilominus

401 4435 545 4492 hanc
599 4452 697 4507 per
754 4437 965 4493 litteras
1056 4436 1366 4493 institutam
1420 4441 1978 4496 communicationem
2020 4445 2279 4500 amicitiae
2336 4455 2391 4501 te
2440 4449 2774 4518 praemittere
2856 4451 3031 4517 dicis,
3103 4454 3310 4525 quippe
3379 4474 3507 4528 quae
3561 4472 3682 4512 mox

402 4529 551 4583 haud
583 4529 753 4584 dubie
781 4538 1145 4584 consecutura
1191 4531 1563 4602 esset._Atqui
1618 4534 1763 4587 scire
1812 4533 1983 4590 debes
2023 4543 2075 4590 te
2147 4536 2423 4607 ignarum,
2491 4555 2595 4596 nec
2630 4542 2948 4613 opinantem
2984 4547 3289 4604 verissimis
3342 4552 3545 4608 amicis
3576 4550 3685 4607 tuis

402 4623 505 4677 has
539 4621 759 4677 dedisse
781 4623 1016 4688 litteras,
1039 4639 1152 4678 non
1177 4625 1271 4693 qui
1295 4639 1445 4679 nunc
1487 4625 1734 4690 domum,
1798 4633 1857 4680 ut
1901 4628 2212 4695 arbitraris,
2258 4633 2421 4688 amici
2491 4633 2710 4701 ﬁerent,
2750 4635 2847 4691 sed
2883 4638 2978 4709 qui
3016 4640 3345 4708 jamdudum
3392 4644 3677 4701 fuissent:

404 4726 469 4765 ex
500 4713 615 4768 sola
649 4713 909 4769 nimirum
960 4714 1126 4778 fama,
1175 4713 1443 4783 famaeque
1508 4715 1651 4782 telis,
1716 4715 1877 4785 queis
1935 4717 1991 4773 in
2034 4728 2243 4776 tantum
2311 4723 2588 4779 vulnerati
2627 4741 2886 4782 eramus:
2951 4728 3200 4801 adeoque
3233 4718 3343 4788 tua
3372 4735 3561 4790 omnia
3588 4746 3686 4788 nos

404 4809 664 4862 adamare
684 4807 1028 4877 profitemur,
1062 4816 1123 4862 ut
1168 4822 1232 4862 ea
1266 4809 1321 4861 in
1371 4823 1429 4862 re
1462 4806 1601 4861 nihil
1641 4806 1725 4864 his
1762 4810 1989 4867 omnino
2027 4815 2415 4884 concedamus,
2492 4816 2823 4888 quibuscum
2871 4831 3087 4877 veteres
3156 4824 3256 4879 tibi
3306 4826 3683 4884 necessitudi-

404 4916 507 4956 nes
562 4901 933 4957 intercedunt.

404 5042 620 5138 1x21”
641 5039 973 5138 -:§i’"".’”i".’l‘.'
1015 5038 1507 5138 f9.‘.”’.'f‘...‘_‘i'9.‘“$.
1536 5049 1976 5138 €°"”’“'“i"‘.‘.‘""

2089 5048 2624 5138 9.7ATGi‘loa-rrézltp
2670 5054 2847 5138 πςιτρὶ
2901 5056 2998 5138 καὶ
3048 5058 3389 5138 φιᾳοςόφιιζ
3430 5060 3683 5138 Ἰῳσήξθς

471 5112 729 5201 expositio
783 5128 963 5193 rerum
1011 5127 1157 5201 ("lch
1180 5120 1412 5181 tempore
1459 5112 1725 5170 Italorum
1764 5127 1813 5170 et
1852 5118 1973 5172 Per-

2161 5112 2299 5188 περὶ
2364 5112 2487 5201 td)?
2533 5112 2733 5201 ἑκατιὶ
2773 5112 3020 5180 ’Ἰταλῶν
3048 5112 3158 5182 λαὶ
3181 5112 3471 5198 Περοίῶνᾴ

472 5180 659 5236 sarum
687 5182 980 5234 invasionis
1013 5180 1339 5236 acciderunt.

2162 5180 2374 5261 γεγνενη
2380 5193 2578 5260 μένων
2610 5196 2656 5264 (Ι
2668 5180 2711 5265 II

477 5273 616 5325 Dum
648 5271 739 5324 alii
781 5269 1016 5323 aliorum
1052 5269 1214 5334 facta,
1248 5281 1309 5325 ut
1338 5288 1555 5342 aequum
1583 5285 1692 5344 est,
1722 5276 1976 5334 laudibus

2169 5283 2381 5336 Ἀλλων
2403 5284 2597 5349 ἄλλους
2621 5288 2954 5354 διεξιόντων,
2979 5292 3077 5344 καὶ
3116 5294 3684 5366 μεγαλαυχουμένων,

409 5363 712 5425 celebrant,
765 5368 821 5414 tu
873 5359 1026 5414 solus
1070 5361 1492 5419 incantamentis
1520 5364 1854 5444 philtrisque
1884 5385 1976 5425 nos

2092 5372 2283 5444 ὥσπερ
2316 5376 2486 5442 είκὸς,
2541 5379 2637 5432 ἐπὶ
2683 5380 2925 5445 τούτοις.
2986 5386 3050 5436 σὺ
3110 5385 3277 5453 μόνος
3326 5388 3483 5456 ἡμᾶς
3520 5390 3685 5441 πᾶσιν

406 5452 728 5509 demulcens
781 5449 836 5505 id
888 5449 1060 5506 eﬂicis
1114 5461 1175 5508 ut
1216 5454 1313 5509 tibi
1341 5455 1441 5510 soli
1467 5456 1709 5513 animum
1741 5462 1976 5516 attenda-

2095 5466 2333 5536 ἐπῳδαῖς
2385 5467 2824 5539 ἀναδησάμενος,
2878 5449 3125 5544 φίλτροις
3167 5482 3264 5530 καὶ
3296 5449 3683 5550 καταγοητεύ-

407 5723 421 5733 ,
479 5652 724 5733 (Ι)Α.Μεινί,
775 5653 1025 5733 βμὶηίιίίοιίι,
1060 5675 1195 5733 nove
1245 5659 1535 5718 I’P..tom.
1578 5661 1665 5718 Vl.
1723 5664 1983 5721 Italorunt

407 5727 641 5796 irruptio
680 5727 1026 5796 intelligenda
1065 5730 1132 5784 de
1159 5730 1541 5787 Catalanorutn
1571 5750 1634 5788 ac
1677 5733 1979 5790 Tureornm

406 5806 506 5860 per
529 5792 895 5852 Macedoniam
923 5812 984 5853 ac
1004 5799 1339 5855 Thessaliam
1373 5803 1709 5869 incursione,
1745 5822 1979 5873 quorum

2091 5675 2429 5754 vastationes
2460 5685 2516 5730 et
2543 5678 2835 5754 immanem
2883 5679 3262 5737 crudelitatem
3285 5680 3402 5750 jam
3439 5681 3682 5738 narravit

2091 5748 2143 5796 in
2176 5748 2419 5800 oratione
2457 5763 2553 5816 pro
2577 5748 2927 5804 Cluutdreno.
