4018 6456
347 437 453 505 433

1752 443 2166 505 EPISTOL/E.

3505 439 3610 505 434

352 574 477 621 σας,
511 573 696 630 σαυτῳ
724 555 1016 628 προσέχειν
1048 555 1147 627 μὲν
1178 555 1271 610 τὸν
1303 552 1449 622 νοῦν,
1487 556 1587 630 οὐχ
1622 556 1797 632 ἑτέρῳ
1838 576 1927 627 γε,

2062 576 2155 617 nus
2181 567 2237 616 et
2275 559 2671 617 commercium
2722 566 2876 615 tuum
2926 558 3011 615 vel
3068 556 3281 629 Cinyrae
3338 556 3613 611 thesauris

352 650 584 715 πείθεις,
618 651 681 704 τὸ
709 650 766 704 δὲ
798 651 926 720 περὶ
973 649 1032 702 σὲ
1063 647 1367 720 διατρίϐειν
1398 652 1587 720 μεῖζον
1622 651 1728 706 τῶν
1761 654 1927 707 Κινὺ-

355 760 450 815 ρου
484 743 763 798 ταλάντων
799 744 877 816 (2)
917 742 1149 797 οἴεσθαι.
1183 741 1494 814 Τοιγαροῦν
1523 744 1617 798 οὔτ

349 835 459 890 τῶν
491 834 600 890 σῶν
631 834 824 908 σχολὴν
848 835 1057 905 ἄγομεν
1090 833 1202 891 οὐδ’
1235 836 1329 888 ἐπὶ
1387 836 1606 905 μικρὸν,
1630 836 1691 890 οὕ
1726 837 1929 907 μᾶλλον

352 926 384 997 ἢ
414 926 571 998 ἡμῶν
603 928 784 981 αὐτῶν
805 946 821 961 ο
872 927 984 982 οὐδ’
1011 928 1127 996 ἔχοι
1183 944 1269 992 τις
1308 926 1376 982 ἂν
1403 927 1564 981 ταυτὶ
1594 927 1928 998 ψεύσασθαι.

357 1019 475 1072 Καὶ
492 1019 667 1084 οὐδεὶς
689 1018 771 1086 δς,
807 1019 941 1090 ἡμῖν
966 1019 1235 1091 ὁμιλήσας
1257 1059 1274 1086 ,
1313 1020 1376 1074 οὐ
1421 1020 1554 1090 περὶ
1588 1019 1682 1073 σοῦ
1714 1021 1932 1091 πρῶτον

356 1112 614 1181 ἀκήκοεν,
644 1110 837 1165 ἔπειτα
865 1110 922 1165 δὲ
951 1111 1047 1164 καὶ
1075 1103 1150 1166 ὧν
1177 1109 1380 1178 ἔξεστι,
1405 1110 1483 1182 τῷ
1516 1111 1656 1183 μετὰ
1683 1112 1746 1167 σὲ
1771 1112 1932 1183 λόγου

355 1198 671 1269 τυγχάνειν,
702 1199 778 1263 ὡς
834 1197 999 1270 ἔγωγ’
1023 1195 1203 1271 οἶμαι,
1253 1201 1669 1270 κοσμουμένων.
1717 1202 1792 1257 Οὐ
1823 1206 1934 1276 γὰρ

357 1291 531 1361 δήπου
564 1292 624 1345 σὲ
657 1290 759 1361 μὲν
786 1292 894 1362 πρὸ
922 1290 1033 1348 τῶν
1055 1292 1234 1348 ἄλλων
1265 1293 1424 1364 ἄγειν
1452 1295 1601 1360 είκδς
1631 1296 1933 1367 αἱρεῖσθαι,

357 1384 467 1438 τῶν
491 1382 538 1437 δ’
589 1383 734 1456 ὑπὲρ
765 1384 860 1438 σοῦ
895 1384 1073 1454 λόγων
1122 1384 1367 1454 πρόσθεν
1409 1385 1623 1457 ἑτέροις
1666 1386 1934 1456 τίθεσθαι,

360 1477 450 1530 καὶ
484 1479 721 1549 μάλιστα
779 1479 998 1535 πάντων
1050 1479 1345 1550 φιλοῦντας
1400 1481 1461 1535 οὐ
1496 1483 1772 1553 συνῳδοὺς
1823 1485 1938 1548 τοῖς

361 1570 540 1642 ἔργοις
578 1573 896 1641 ἐπεισάγειν
943 1574 1072 1637 τοὺς
1110 1572 1328 1642 λόγους.
1381 1572 1543 1629 Ἀλλά
1596 1575 1689 1629 καὶ
1741 1575 1936 1628 τούτου

361 1662 614 1726 τοσοῦτος
637 1665 769 1735 ἡμῖν
796 1666 915 1720 ἐστι
941 1665 1122 1736 λόγος,
1161 1664 1295 1720 ὥστ’
1338 1667 1389 1720 εί
1431 1667 1601 1739 μηδὲν
1632 1667 1809 1721 ἐκεῖνό
1853 1684 1937 1732 τις

361 1747 521 1813 οἶδεν,
544 1752 608 1805 ἐκ
638 1752 829 1807 τούτου
848 1753 900 1823 γ’
930 1755 998 1808 ἂν
1028 1755 1228 1811 ἐνεῖναι
1259 1757 1694 1826 μαντεύσασθαι.

430 1841 692 1911 Θορύσων
714 1843 815 1913 μὲν
846 1840 941 1899 οῦν
971 1845 1031 1899 ἐν
1091 1846 1374 1918 συλλόγοις
1410 1848 1717 1920 συνέχειαν,
1744 1851 1840 1905 καὶ
1878 1850 1939 1905 τὸ

362 1935 559 1989 τείνειν
585 1937 873 2005 ἀπνευστὶ,
898 1938 994 1994 καὶ
1018 1941 1235 2011 κρότων
1287 1941 1618 2012 ὑπερϐολὴν,
1653 1942 1746 1995 καὶ
1773 1947 1937 1997 σπόυ.
1970 1929 2010 1980 Β

360 2024 456 2087 δάς
489 2024 594 2091 ἔξω
620 2030 1089 2100 παραδείγματος,
1120 2030 1249 2085 οἴων
1283 2034 1310 2086 ὁ
1346 2031 1624 2102 δαιμόνιος
1656 2034 1937 2106 παρ’ήμῖν

360 2114 680 2180 ἀπολαύεις,
724 2118 856 2183 ἴσως
901 2121 1003 2174 οὐκ
1053 2121 1296 2190 ἀγνοεῖς,
1341 2122 1499 2185 εἰδὼς
1530 2120 1607 2185 ὡς
1663 2123 1762 2176 οὐκ
1791 2119 1939 2181 εἰκὸς

363 2206 538 2270 ἄλλως
576 2209 721 2280 ἔχειν
749 2212 981 2278 ἀπόντος
1004 2214 1130 2279 τοὺς
1165 2214 1314 2286 μόνῳ
1344 2232 1426 2270 σοι
1454 2214 1563 2269 τῶν
1588 2215 1759 2270 ὄντων
1791 2213 1942 2285 φιλο-

363 2298 681 2365 νεικοῦντας
724 2305 1114 2374 προσκεῖσθαιο
1145 2306 1263 2360 ἀλλ’
1300 2309 1463 2380 ἡμεῖς
1494 2325 1556 2379 γε
1586 2309 1717 2381 (καὶ
1752 2307 1943 2382 μηδερς

364 2391 669 2468 δυσχεράνῃ
699 2395 798 2468 τὴν
837 2397 1111 2453 ἀτοπίαν⁸
1163 2398 1323 2467 ἀλλὰ,
1358 2401 1515 2456 ταῦθ’
1544 2401 1716 2466 οὕτως
1753 2402 1945 2473 ἔχοντα

365 2486 1096 2561 λσ.γιζόμενος,θαυμαζέτω
1134 2491 1230 2546 τοῦ
1262 2493 1517 2565 πάθους),
1565 2493 1827 2560 πολλάκις
1878 2493 1942 2565 δή

366 2596 512 2642 τινος
554 2581 690 2650 ἡμῖν
733 2583 1088 2656 καθεστώσης
1123 2584 1372 2658 ἀνάγκης
1404 2589 1544 2660 πρὸς
1585 2589 1946 2644 οὑστινασοῦν

366 2671 624 2739 διεξιέναι
649 2674 777 2745 περί
806 2694 926 2745 του,
950 2678 1238 2751 τοῖς-ὑπὲρ
1272 2680 1366 2734 σοῦ
1413 2680 1651 2752 πρόσθεν
1709 2680 1947 2747 διδόντες

369 2766 521 2831 (οὐδὲ
547 2768 658 2839 γὰρ
712 2767 827 2824 ἔσθ’
853 2770 890 2826 ἃ
929 2772 1134 2842 μᾶλλον
1179 2774 1603 2845 φροντίζομεν),
1662 2773 1948 2846 διατριϐὴν

371 2856 471 2925 μὲν
497 2857 657 2926 μόνον
684 2861 890 2933 ταύτην
926 2862 1189 2933 ἱστῶμεν,
1225 2865 1294 2919 τά
1331 2865 1388 2919 δὲ
1437 2866 1539 2935 τῆς
1567 2865 1759 2936 χρείας
1781 2867 1949 2937 ἀναρ-

368 2948 551 3019 τῶμεν
578 2952 659 3015 εἰς
678 2951 856 3021 αὖθις,
888 2956 982 3010 καὶ
1004 2955 1103 3026 τῆς
1134 2957 1431 3029 ὑστεραίας
1459 2960 1629 3014 ταυτὸ
1654 2959 1837 3025 τοῦτο,
1857 2959 1953 3014 καὶ

369 3041 469 3111 τῆς
496 3043 584 3095 ἐπ’
604 3044 799 3132 κὲκείνῃ
839 3046 994 3101 οὐδὲν
1016 3046 1108 3102 ἒτε
1118 3066 1231 3119 ρον,
1266 3050 1382 3104 ἀλλ’
1402 3050 1669 3123 ἀτεχνῶς,
1692 3051 1953 3123 καθάπερ

362 3132 432 3217 ,ὲν
458 3136 706 3205 περιόδου
748 3142 981 3211 στροφῇ,
1013 3140 1154 3213 πρὸς
1193 3141 1253 3195 ἓν
1284 3143 1372 3196 ἀεὶ
1415 3142 1667 3214 τείνομεν
1720 3143 1813 3197 καὶ
1839 3145 1954 3207 τοῖς

2038 678 2466 741 anteponamus.
2516 670 2587 725 Et
2645 683 2842 726 revera
2895 682 3061 725 nemo
3123 664 3346 735 negabit
3376 679 3474 718 nos
3512 661 3608 717 tibi

1621 745 1637 767 ’
1663 744 1822 854 ἔστίξί,
1837 764 1926 854 ῗτε
2030 783 2147 840 fere
2182 783 2442 854 majorem
2474 796 2639 853 quam
2665 781 2827 838 nobis
2859 780 2994 852 ipsis
3013 793 3239 851 operam
3270 774 3610 848 impenderet

2032 906 2088 953 et
2113 897 2433 969 quicunque
2464 895 2749 952 nobiscum
2802 908 3115 951 sermonem
3153 890 3455 954 conseruit,
3494 904 3612 945 me-

2037 1009 2280 1076 minerit,
2351 1024 2438 1065 me
2498 1019 2651 1066 tuam
2707 1016 2836 1064 ante
2899 1007 3149 1063 omnium
3182 1002 3401 1059 laudem
3428 999 3615 1056 verbis

2036 1124 2363 1181 celebrasse.
2412 1124 2459 1180 A
2512 1130 2567 1180 te
2623 1136 2861 1193 namque
2890 1136 3070 1178 sermo
3098 1112 3443 1175 inehoandus
3473 1130 3489 1183 ;
3522 1124 3614 1170 tua

2037 1241 2160 1296 laus
2205 1252 2334 1297 ante
2385 1238 2570 1297 omnia
2620 1235 2967 1309 praedicanda
3006 1243 3216 1290 etcum
3250 1230 3412 1287 factis
3442 1227 3621 1298 tequi-

2038 1351 2396 1423 ponderanda
2448 1360 2553 1418 est,
2612 1350 2688 1406 ita
2744 1358 2804 1405 ut
2850 1347 3073 1405 auditor
3132 1361 3199 1401 ex
3228 1342 3412 1400 verbis
3433 1354 3619 1398 rerum

2038 1471 2321 1534 gestarum
2358 1460 2797 1533 magnitudinem
2821 1457 3073 1515 divinare
3106 1456 3304 1530 possit.

2114 1868 2233 1927 Non
2274 1878 2329 1924 te
2377 1867 2518 1939 fugit
2562 1874 2700 1939 quot
2744 1875 2800 1924 et
2825 1865 3017 1938 quanti
3052 1865 3105 1919 in
3135 1863 3500 1920 concionibus
3531 1876 3627 1931 ap-

2042 1978 2286 2051 plausus,
2320 1986 2376 2034 et
2414 1977 2679 2033 clamores
2726 1974 3081 2045 ininterrupti
3139 1982 3301 2029 aures
3349 1982 3470 2029 tuas
3527 1971 3627 2028 ob-

2040 2097 2332 2160 strepunt;
2382 2089 2557 2160 probe
2610 2088 2813 2144 novisti
2838 2086 2985 2159 quod
3022 2085 3221 2158 singuli
3255 2084 3334 2140 tui
3366 2091 3630 2154 autprtem

2043 2204 2217 2262 sentis
2244 2212 2341 2259 aut
2367 2201 2617 2259 absentis
2662 2217 2851 2258 curam
2885 2211 3085 2273 agunt:
3117 2214 3217 2256 nos
3265 2198 3367 2270 ipsi
3400 2197 3623 2270 quidem

2045 2316 2211 2390 (quod
2249 2316 2453 2395 nemini
2487 2314 2808 2383 absurdum,
2846 2314 2959 2369 imo
2986 2314 3190 2368 mirum
3228 2310 3403 2367 videri
3458 2310 3627 2366 debe-

2046 2431 2194 2503 ibit),
2231 2445 2376 2502 saepe
2419 2430 2747 2487 necessitate
2783 2429 2965 2499 aliqua
2996 2426 3185 2485 nescio
3209 2441 3350 2498 quos
3380 2423 3627 2486 allocuti,

2048 2549 2230 2625 de'te
2276 2562 2388 2618 prae
2441 2545 2654 2603 caeteris
2725 2558 3045 2600 sermonem
3105 2541 3451 2598 instituimus
3500 2538 3629 2609 (hoc

2048 2660 2197 2714 enim
2239 2658 2425 2715 animo
2476 2666 2667 2714 nostro
2700 2655 2756 2713 in
2792 2655 2986 2728 primis
3013 2652 3368 2728 jucundum),
3400 2660 3630 2708 caeteras

2050 2791 2183 2834 vero
2229 2792 2319 2833 res
2349 2775 2416 2832 ad
2448 2775 2553 2832 alia
2584 2785 2641 2831 et
2678 2774 2784 2830 alia
2813 2772 3075 2843 deinceps
3109 2780 3359 2842 tempora
3388 2768 3629 2823 remitti~

2051 2902 2200 2953 mus,
2261 2886 2454 2943 iisdem
2490 2886 2657 2943 rebus
2696 2899 2983 2956 nttnquam
3012 2898 3126 2940 non
3169 2896 3391 2954 operam
3416 2881 3631 2935 dantes.

2054 3003 2124 3062 Ut
2155 3003 2304 3061 enim
2338 3003 2528 3061 furore
2558 3003 2747 3060 divino
2779 2999 3019 3067 incitati,
3050 3009 3114 3057 ut
3150 3005 3314 3071 poeta
3355 2997 3626 3067 loquitur,

2058 3137 2118 3178 se
2176 3122 2326 3194 ipsos
2381 3120 2669 3177 continere
2728 3134 2840 3175 non
2888 3117 3097 3185 valent,
3167 3116 3263 3173 sed
3328 3114 3641 3172 indesinen-

374 3226 557 3291 αὐτοῖς
590 3228 853 3283 ἑκάστοτε
875 3231 1333 3305 προσχωροῦμεν,
1366 3235 1621 3299 εἰκότως.
1665 3232 1803 3289 Οῦτε
1843 3234 1953 3305 γὰρ

2062 3247 2142 3294 ter
2179 3238 2552 3309 abripiuntur,
2602 3236 2683 3293 sic
2729 3250 2832 3292 nos
2884 3248 3128 3307 quoque,
3162 3232 3242 3290 tui
3274 3232 3641 3290 admiratione

373 3320 422 3373 οξ
447 3318 567 3393 θείᾳ
599 3323 769 3396 μανίᾳ
808 3325 1069 3380 σύναυλοι
1091 3366 1107 3394 ,
1144 3326 1373 3397 ποιητὴς
1408 3326 1483 3399 (3)
1519 3325 1587 3381 ἂν
1639 3321 1817 3390 εἶπεν,
1848 3320 1953 3381 οἷοί

374 3412 434 3465 τέ
462 3414 568 3467 εἱσι
618 3418 759 3484 σφᾶς
793 3417 1016 3484 αὐτοὺς,
1081 3419 1302 3473 ἐπειδάν
1357 3420 1647 3492 κινηοῶσι,
1679 3420 1950 3491 κατέχειν,

376 3505 515 3559 ἀλλά
571 3510 914 3584 συνείρουσιν
949 3511 1215 3565 ἀπνευστί
1240 3529 1256 3545 ’
1302 3511 1378 3576 ὣς
1406 3511 1465 3566 δὲ
1507 3513 1604 3566 καὶ
1634 3513 1822 3582 ἡμεῖς,
1853 3511 1958 3564 ὑπὸ

379 3594 475 3647 σοῦ
507 3595 675 3650 πάλαι
723 3596 1048 3668 πληγέντες,
1087 3599 1388 3671 ἡσυχάζειν
1434 3599 1535 3654 οὐκ
1562 3600 1781 3670 ἔχομεν,
1821 3596 1958 3652 ἀλλά

379 3687 480 3753 τήν
508 3705 565 3740 τε
597 3689 733 3760 πρὸς
752 3689 948 3755 ἄλλους
965 3691 1214 3755 ἅπαντας
1242 3690 1653 3763 μεγαλοψυχίαν
1674 3690 1958 3757 διεξιέναι»

384 3781 523 3849 μετά
546 3784 640 3837 καὶ
661 3782 876 3836 πολλῶν
910 3783 1115 3853 ἑτέρων
1148 3785 1184 3840 ἆ
1206 3801 1289 3838 σοι
1312 3785 1577 3856 πρόσεστι
1612 3785 1704 3837 καὶ
1727 3779 1802 3838 ὧν
1826 3783 1952 3837 θαυα

385 3876 595 3941 μαστάς
638 3875 897 3941 ἅπαντας
946 3877 1113 3949 ἔχεις,
1161 3878 1265 3949 τήν
1313 3895 1374 3934 τε
1405 3877 1543 3948 πρὸς
1591 3878 1740 3948 ἡμᾶς
1762 3876 1962 3940 αὐτοὺς

382 3962 594 4019 εὔνοιαν
617 3968 711 4020 καὶ
743 3968 982 4037 σπουδὴν
1009 3968 1283 4038 τοσαύτην
1313 3985 1375 4036 γε
1396 3968 1584 4033 οὖσαν,
1611 3967 1689 4031 ὡς
1718 3965 1965 4029 καὶτοὺς

382 4059 786 4128 γεγεννηκότας
841 4058 1078 4122 αὐτούς·
1129 4058 1253 4112 τίδ’
1297 4059 1364 4113 ἂν
1416 4059 1559 4112 εἴποι
1588 4073 1715 4121 τις;
1765 4056 1966 4124 Διεξιέ-

382 4161 472 4197 ναι
513 4145 592 4215 (4)
616 4144 693 4212 δὲ,
728 4148 825 4217 οὐχ
854 4147 882 4200 ὃ
903 4164 956 4200 τι
987 4143 1130 4200 τισὶν
1158 4146 1426 4217 ἠγνόηται
1451 4146 1604 4214 (πῶς
1637 4145 1744 4216 γάρ
1768 4164 1782 4210 ;
1806 4144 1842 4199 ἃ.
1867 4161 1965 4213 μο-

382 4238 536 4290 νονοὺ
562 4237 765 4302 πάντες
811 4237 987 4296 ἴσασι,
1018 4241 1114 4293 καὶ
1141 4238 1279 4309 πρὸς
1316 4238 1587 4308 ἀλλήλους
1629 4236 1817 4308 σφόδρ’
1848 4234 1965 4290 ἀντ’

382 4329 555 4394 ἄλλου⁴
577 4347 673 4384 του
705 4331 844 4401 μετὰ
875 4330 970 4385 τοῦ
995 4329 1303 4402 θαυμάζειν
1333 4330 1521 4401 βοῶσι,
1560 4328 1968 4401 μακαρίζοντες

388 4423 491 4492 μὲν
525 4424 645 4494 ἐμὲ,
702 4425 787 4478 σοὶ
824 4425 884 4480 δὲ
916 4425 1304 4495 συνευχόμενοι
1360 4424 1429 4478 τὰ
1479 4423 1697 4494 βελτίω,
1722 4423 1825 4493 τῆς
1868 4421 1970 4493 μὲν

385 4520 552 4586 τιμῆς
609 4516 731 4587 ἐμὲ,
792 4516 875 4570 σοι
905 4516 962 4571 δὲ
1012 4517 1285 4586 τοσαύτην
1330 4514 1602 4585 ὁσημέραι
1653 4512 1970 4584 παρέχειν),

2056 3354 2309 3424 abrepti,
2348 3368 2461 3408 non
2530 3352 2813 3422 potuimus
2870 3362 3021 3408 tuam
3064 3350 3121 3405 in
3168 3357 3397 3407 caeteros
3449 3364 3644 3406 omnes

2056 3466 2497 3523 benevolentiam
2546 3481 2656 3522 non
2696 3465 3000 3537 praedicare
3047 3481 3189 3538 quos
3234 3465 3313 3521 tui
3346 3465 3647 3521 admirato-

2059 3592 2148 3632 res
2194 3577 2398 3646 hahes;
2449 3594 2577 3634 nam
2634 3588 2727 3634 tua
2753 3595 2885 3651 erga
2907 3594 3008 3635 nos
3030 3594 3253 3650 quoque
3288 3577 3647 3650 magniﬁcen-

2062 3691 2132 3744 tia
2190 3706 2251 3746 ea
2314 3701 2418 3760 est,
2472 3701 2531 3747 ut
2596 3693 2684 3748 vix
2747 3702 2903 3763 pater
2932 3692 3049 3765 ipse
3091 3695 3352 3766 majorem
3384 3693 3647 3751 exhibere

2062 3808 2260 3878 possit.
2291 3808 2434 3874 Quid
2477 3809 2635 3880 plura
2661 3810 2685 3862 ?
2714 3808 2774 3864 ln
2809 3809 3009 3881 vulgus
3050 3817 3184 3865 nota
3215 3809 3399 3868 refero
3431 3809 3648 3880 (omnes

2063 3920 2213 3974 enim
2252 3919 2457 3987 sciunt,
2510 3928 2588 3987 et,
2616 3936 2815 3992 magno
2840 3918 3080 3978 clamore
3122 3922 3518 3989 vociferantes,
3558 3937 3646 3977 me

2066 4035 2290 4108 quidem
2317 4036 2540 4092 beatum
2573 4035 2802 4101 dicunt,
2838 4037 2935 4093 tibi
2970 4046 3154 4094 autem
3183 4038 3388 4109 optima
3414 4054 3649 4111 quaeque

2068 4160 2392 4220 precantur,
2431 4159 2486 4205 et
2514 4148 2594 4205 sic
2625 4147 2790 4205 nobis
2834 4151 3105 4208 ambobus
3135 4152 3437 4207 maximum
3467 4153 3656 4224 quoti-

2068 4261 2156 4318 die
2214 4262 2477 4318 honorem
2526 4261 2849 4337 tribuunt);
2894 4279 3019 4319 nam
3069 4280 3170 4335 ego
3211 4276 3267 4320 et
3294 4265 3477 4335 quivis
3516 4267 3657 4323 alius

2072 4393 2135 4433 re
2162 4377 2360 4433 merito
2395 4376 2776 4447 indignaretur
2807 4376 2877 4442 si,
2920 4377 3051 4433 dum
3083 4388 3139 4433 tu
3171 4380 3310 4434 nihil
3338 4395 3469 4445 non,
3506 4382 3655 4451 quod

2071 4493 2230 4550 nobis
2257 4494 2394 4549 utile
2417 4508 2537 4551 esse
2574 4496 2737 4564 posit,
2795 4495 2906 4551 imo
2940 4495 3067 4567 plus
3114 4511 3278 4566 quam
3310 4498 3455 4568 quod
3488 4497 3659 4554 debes

388 4609 505 4663 ἀλλ’
534 4611 618 4664 ὄτι
647 4610 757 4663 τῶν
788 4609 1158 4663 ἀτοπωτάτων
1188 4605 1329 4662 εἶναι
1365 4606 1596 4678 νομίζω,
1627 4606 1724 4660 καλ⁴
1751 4605 1860 4669 πᾶς
1885 4610 1953 4666 τις

2075 4609 2129 4664 in
2161 4624 2263 4665 nos
2295 4605 2538 4673 confers,
2569 4623 2671 4664 nos
2704 4607 2975 4665 beneficia
3004 4619 3096 4664 tua
3127 4625 3236 4666 non
3279 4617 3438 4681 grato
3469 4611 3657 4664 animo

391 4700 459 4754 ἂν
514 4698 735 4768 νομίσαι
794 4697 1043 4760 δικαίως,
1105 4697 1156 4750 εί
1188 4697 1254 4750 σὺ
1315 4694 1418 4767 μὲν
1451 4695 1709 4749 ἁπάντων
1759 4692 1973 4764 ὅσαπερ

393 4792 524 4861 ἡμῖν
579 4791 660 4854 είς
715 4789 907 4858 ὄνησιν
935 4781 1040 4859 ἦκε
1082 4786 1348 4857 πράττειν
1396 4785 1497 4839 οὐκ
1526 4785 1805 4847 ἀποκνεῖς,
1832 4781 1972 4837 ἀλλὰ

390 4883 485 4935 καὶ
507 4880 863 4951 ὑπερϐαίνεις
906 4877 1021 4932 ἐσθ’
1072 4879 1163 4932 ὅτε
1220 4876 1321 4949 τὴν
1353 4877 1565 4949 χρείαν,
1606 4876 1762 4929 αὐτοὶ
1801 4875 1845 4928 δ’
1872 4875 1973 4945 οὐχ

388 4977 513 5027 ὅσον
539 4974 739 5044 ἔχομεν
763 4972 950 5042 λέγειν
988 4970 1065 5035 ὡς
1094 4970 1185 5043 ἄρ’
1214 4965 1274 5024 εὖ
1307 4969 1658 5039 πεπόνθαμεν
1687 4968 1785 5023 καὶ
1808 4968 1973 5039 χάριν

390 5065 785 5134 ὁμολογοῦντες
819 5064 1141 5135 φαίνεσθαιο
1181 5061 1212 5116 δ
1249 5062 1324 5135 μὴ
1354 5060 1642 5124 ποιοῦντες
1673 5060 1972 5131 ἠδικοῦμεν

390 5158 479 5213 ἄν.
519 5158 632 5213 Νῦν
663 5158 721 5212 δὲ
753 5160 822 5212 τά
850 5157 1036 5211 εἰκότα
1065 5154 1324 5226 δρῶντες,
1350 5156 1450 5208 οὐκ
1480 5154 1547 5208 ἂν
1580 5152 1807 5207 ἐπαίνου
1832 5169 1970 5221 τυγ-

391 5253 656 5323 χάνοιμεν
677 5267 692 5283 ο
719 5251 854 5304 ἀλλά
876 5251 972 5305 καὶ
990 5248 1185 5303 τούτου
1218 5247 1282 5303 σύ
1328 5248 1383 5314 γ’
1409 5246 1575 5308 αὐτὸς
1604 5244 1813 5308 δίκαιος
1844 5245 1972 5298 ἁτε-

392 5344 554 5416 χνῶς,
585 5342 614 5395 δ
642 5341 740 5402 τὰς
768 5341 1024 5413 ἀφορμὰς
1049 5340 1160 5394 τῶν
1187 5338 1472 5406 τοιούτων,
1500 5336 1568 5390 δι’
1601 5330 1677 5392 ὧν
1707 5338 1785 5401 είς
1819 5338 1970 5409 ἡμᾶς

391 5435 655 5490 ἑκάστοτε
703 5425 987 5505 πράττεις,
1051 5430 1511 5503 παρασκευάζων.
1576 5428 1811 5498 Μεγάλα
1859 5431 1970 5500 γάρ

314 5560 321 5565 -
391 5530 479 5581 ἀεὶ
510 5526 893 5601 χαριζόμενος,
922 5525 1017 5579 καὶ
1044 5529 1159 5588 τοῖς
1181 5523 1460 5594 δευτέροις
1485 5522 1556 5576 τά
1579 5521 1825 5593 πρότερα
1856 5539 1967 5577 πα-

466 5684 544 5757 (ἳ)
582 5685 641 5740 1η
674 5684 1027 5757 proverbium
1072 5679 1574 5757 abierant‘flinyrae
1601 5677 1962 5757 Cyprii_divi-

398 5749 508 5812 tisi.
528 5749 941 5826 'Vide'Gregorii
963 5769 1058 5808 seu
1086 5752 1308 5875 Georgii
1333 5749 1515 5822 Cyprii
1545 5749 1967 5806 l‘rovcrbiorutn

398 5828 799 5875 collectionmn.
834 5835 965 5875 tom.
994 5823 1200 5875 CXLII.
1263 5837 1403 5874 ‘Dl'l’.

396 5823 965 5891 coiicctioncmflom.
994 5823 1200 5878 CXLII.
1245 5823 1403 5875 Enn.

473 5899 550 5967 (5)
588 5896 888 5967 Sophocles
920 5894 1132 5950 scilicet
1165 5893 1253 5963 Α).
1285 5893 1410 5947 ιλιι.

2075 4730 2241 4793 atque
2304 4735 2401 4777 ore
2455 4719 2874 4777 confiteremur.
2942 4720 3124 4790 Quare
3187 4723 3232 4778 si
3289 4722 3438 4793 quod
3487 4723 3661 4779 debe-

2084 4851 2232 4904 mus,
2287 4834 2545 4899 facimus,
2594 4834 2815 4891 laudem
2865 4835 3030 4892 nobis
3083 4837 3365 4894 vindicare
3397 4838 3523 4896 ideo
3548 4853 3660 4895 non

2074 4966 2367 5024 possumus
2396 4967 2413 5021 ;
2454 4959 2513 5006 tu
2543 4959 2755 5020 autem,
2783 4950 2877 5022 qui
2915 4958 3191 5009 tantorum
3237 4952 3290 5007 in
3322 4968 3424 5009 nos
3448 4954 3660 5011 beneﬁ-

2077 5065 2289 5122 ciorum
2347 5075 2544 5121 auctor
2593 5079 2678 5132 es,
2707 5066 2908 5121 merito
2959 5068 3109 5121 omni
3134 5066 3296 5123 laude
3339 5081 3398 5122 es
3436 5066 3659 5138 dignus.

2079 5175 2219 5233 Dum
2273 5178 2423 5236 enim
2482 5178 2696 5248 magnis
2747 5176 3039 5234 beneficiis
3086 5179 3294 5251 majora
3342 5192 3562 5248 semper
3606 5188 3663 5233 et

2084 5293 2473 5363 praestantiora
2527 5291 2764 5363 adjicis,
2810 5308 3095 5364 nunquam
3144 5305 3322 5349 tamen
3377 5293 3514 5348 satis
3561 5293 3659 5348 tibi

2079 5405 2278 5461 fecisse
2328 5414 2515 5476 putas,
2565 5406 2662 5463 sed
2710 5406 2963 5462 certatim
3011 5407 3296 5478 majorem,
3341 5421 3505 5475 quam
3558 5422 3662 5461 nos

2078 5503 2207 5592 ipsi,
2241 5522 2416 5578 nostri
2450 5537 2639 5578 curam
2690 5524 2872 5594 geris,
2901 5534 2956 5578 et
2998 5522 3234 5577 maximo
3261 5520 3460 5576 ardore
3493 5520 3659 5576 rebus

2144 5679 2223 5749 (4)
2264 5679 2355 5735 Sic
2378 5681 2540 5735 codd.
2567 5681 2749 5737 Locus
2767 5690 2851 5735 est
2869 5679 3119 5750 mutilus.
3151 5678 3361 5750 Sensus
3379 5677 3621 5750 postulat
3642 5696 3656 5731 :

2090 5750 2177 5813 Ὠς
2203 5748 2296 5804 καὶ
2316 5752 2441 5812 τοὺς
2472 5752 2877 5819 γεγεννηκότας
2898 5749 3096 5813 αὐτοὺς
3123 5750 3200 5820 (τί
3220 5748 3266 5802 δ’
3299 5748 3544 5804 ἂνήεῖποι
3580 5766 3660 5810 τις

2085 5823 2333 5894 psi-gem)
2368 5823 2429 5876 οὐ
2468 5822 2637 5892 μείζω
2671 5820 2960 5891 παρέχειν.
