4018 6420
396 394 509 459 435

1619 384 1932 451 TIIEODU
1944 384 2017 447 LI
2056 376 2413 446 MONACIII'

3539 376 3638 440 436

401 520 609 575 nostris
658 517 868 583 studes,
918 532 1018 579 nos
1044 514 1178 569 nihil
1218 513 1365 568 aliud
1413 525 1576 583 quam
1604 518 1759 580 grato
1790 506 1975 561 animo

2085 499 2237 565 ριὼν,
2281 496 2549 567 ὑστέρων,
2600 492 2787 562 φασιν,
2830 494 3152 564 ἀμεινόνων,
3199 494 3408 550 οὒδέπω
3432 491 3526 546 καὶ
3553 489 3642 542 νῦν

408 634 914 705 magnanimitatem
978 642 1123 686 tuam
1186 629 1487 700 praedicare
1540 635 1852 696 possumus.
1919 619 1976 675 Si

407 751 557 805 enim
603 748 873 804 beneficia
920 757 1011 801 tua
1074 745 1282 800 referre
1331 759 1442 799 non
1487 756 1807 815 possumus,
1835 740 1980 796 sicut

402 864 800 930 desideramus,
844 862 1092 932 utrisque
1123 862 1287 919 nobis
1329 860 1647 917 lcsﬁmom‘o
1674 869 1780 921 est,
1816 854 1978 912 nobis

404 978 625 1050 quidem
652 978 797 1049 quod
831 977 1114 1035 benefacta
1163 976 1376 1051 experti
1422 991 1634 1041 sumus,
1659 989 1834 1046 eaque
1864 987 1979 1027 ma—

406 1092 549 1151 xima
578 1091 1028 1150 benefactoribns
1063 1098 1263 1165 sponte
1292 1106 1361 1148 ea
1386 1088 1829 1146 conferentibus.

479 1794 588 1855 Sed
629 1806 709 1864 et,
752 1796 843 1853 bis
885 1796 1156 1860 contenti,
1201 1795 1440 1852 libenter
1466 1794 1758 1851 inferiores
1788 1794 1977 1850 haberi

397 1911 659 1974 velimus,
713 1910 845 1965 dum
908 1926 1008 1982 par
1036 1911 1153 1981 pari
1184 1910 1391 1966 referre
1417 1909 1564 1965 haud
1588 1909 1877 1971 valemus;
1914 1907 1969 1962 in

399 2039 510 2093 quo
533 2022 709 2091 magis
750 2037 1002 2078 amamus
1055 2031 1207 2077 tuam
1235 2022 1517 2092 iniuriam,
1543 2032 1707 2090 quam
1739 2020 1978 2075 benevo-

402 2140 629 2193 lentiam
660 2136 931 2208 experiri.
971 2137 1109 2192 Esse
1148 2138 1295 2192 enim
1323 2138 1378 2191 in
1404 2147 1638 2193 numero
1658 2150 1852 2191 eorum
1882 2134 1978 2207 qui

414 2254 516 2311 abs
573 2266 628 2309 te
688 2254 1060 2317 honorantur,
1100 2263 1158 2309 et
1196 2253 1401 2325 quibus
1431 2262 1489 2308 tu
1525 2252 1667 2309 bene
1701 2251 1860 2314 facis,
1888 2265 1977 2307 sa-

398 2369 511 2423 tius
551 2380 658 2432 est,
703 2368 776 2423 ob
821 2369 927 2424 tela
969 2383 1033 2423 ac
1067 2368 1271 2438 philtra
1316 2375 1431 2433 tua,
1465 2382 1632 2437 quam
1660 2367 1837 2421 sinos
1868 2365 1977 2435 ipsi

400 2486 633 2540 arborum
671 2483 1053 2540 benefactores
1096 2482 1428 2538 haberemur
1466 2482 1771 2550 praesertim
1803 2478 1875 2534 ob
1914 2494 1978 2533 ea

402 2615 527 2670 quae
546 2598 709 2653 modo
729 2598 990 2662 diximus,
1016 2612 1288 2659 memores
1309 2595 1582 2666 proverbii
1610 2593 1754 2665 quod
1774 2593 1979 2648 similes

410 2712 690 2768 similibus
723 2713 959 2767 associat
997 2711 1365 2782 aliquatenus.
1401 2710 1542 2778 Quid
1578 2724 1744 2780 porro
1765 2708 1977 2763 Laertis

407 2824 523 2881 lilio
563 2825 947 2881 honorabilius
985 2841 1107 2882 esse
1130 2835 1311 2890 potest
1350 2841 1514 2895 quam
1544 2826 1799 2880 Minerva:
1822 2825 1975 2880 favor

399 2950 457 2997 et
499 2940 764 3007 amicitia,
810 2952 866 2997 et
911 2956 1079 3012 quam
1127 2942 1243 3015 ipse
1273 2958 1387 3012 pra:
1424 2942 1639 3013 caeteris
1673 2941 1977 3001 divinitati-

397 3056 507 3112 bus
553 3058 696 3126 apud
752 3056 1077 3126 Sophoclem
1142 3046 1247 3113 sibi
1323 3058 1597 3114 faventem
1660 3057 1894 3133 judicat,
1946 3072 1975 3112 ιι

400 3166 510 3221 qua
562 3152 746 3206 omnia
801 3150 951 3205 omni
1010 3159 1260 3222 tempore
1308 3153 1706 3223 gubernantur,
1744 3153 1888 3208 sicut
1920 3161 1974 3207 tu

402 3266 521 3335 ipse
561 3280 664 3321 nos
695 3265 958 3335 majorem
999 3267 1053 3320 in
1088 3270 1310 3347 modum
1348 3272 1513 3340 regis.
1550 3268 1693 3336 Quin
1726 3269 1836 3325 imo
1871 3285 1980 3324 non

404 3393 532 3457 cr‘ga
584 3400 688 3441 nos
733 3385 836 3441 ista
894 3383 1271 3441 familiaritate
1329 3384 1523 3451 uteris,
1563 3400 1751 3440 curam
1788 3399 1980 3439 eorum

407 3501 671 3573 gerendo,
700 3502 797 3559 sed
820 3502 876 3557 in
912 3515 1128 3567 omnes,
1165 3503 1321 3572 quasi
1372 3502 1493 3574 lege
1532 3511 1630 3557 aut
1655 3501 1984 3558 necessitate

403 3621 585 3691 aliqua
635 3635 702 3676 eo
748 3620 1090 3691 perducaris,
1126 3627 1179 3676 te
1208 3618 1597 3677 accommodas
1627 3627 1681 3674 et
1701 3616 1985 3687 exemplar

401 3746 456 3791 te
512 3734 747 3806 prtebes,
815 3735 979 3806 idque
1034 3751 1145 3790 non
1198 3734 1388 3805 paucis
1418 3730 1770 3805 quibusdam.
1814 3731 1984 3803 Magis

399 3849 548 3904 enim
578 3857 632 3905 te
655 3848 808 3920 juvat
844 3849 890 3903 si
928 3849 1028 3921 tibi
1054 3846 1220 3903 datur
1243 3848 1367 3903 aliis
1397 3848 1537 3903 bene
1571 3846 1774 3913 facere,
1812 3860 1983 3914 quam

398 3967 444 4022 si
480 3966 574 4021 alii
600 3964 700 4019 tibi
727 3963 1003 4019 beneficia
1047 3963 1347 4019 conferunt
1376 3982 1391 4032 ;
1445 3977 1571 4017 nam
1607 3960 1832 4035 quando
1860 3963 1989 4032 das,-

400 4082 654 4152 aCcipere
731 4080 919 4150 potius
974 4079 1076 4134 tibi
1129 4079 1375 4142 videris;
1427 4095 1599 4149 quare
1658 4082 1752 4151 qui
1812 4081 1982 4138 induli

400 4206 508 4253 tum
553 4210 611 4251 se
648 4192 1086 4259 accommodant,
1110 4193 1432 4260 veneraris;
1470 4194 1565 4264 qui
1613 4195 1796 4249 minus
1822 4195 1874 4251 id
1909 4195 1986 4250 fa-

398 4308 593 4375 ciunt,
627 4314 687 4362 ut
722 4305 976 4361 inimicos
1014 4303 1419 4375 tergiversaris.
1462 4306 1635 4362 Nemo
1661 4307 1809 4363 enim
1845 4308 1984 4378 peti-

400 4419 568 4475 tionis
619 4417 687 4474 ad
739 4428 791 4474 te
838 4419 1033 4475 delaue
1080 4419 1356 4488 repulsam
1418 4420 1563 4487 tulit,
1605 4421 1720 4477 sive
1751 4421 1972 4495 dignus,

2088 589 2469 660 μεγαλοψυχίᾳ
2494 586 2719 659 γνώμης
2749 588 2850 641 οἴει
2881 605 2933 641 τι
2960 588 3070 641 τῶν
3087 589 3318 643 εἰκότων
3340 584 3639 656 είργάσθαι,

2084 683 2191 737 οὐδ’
2238 682 2439 751 ἐγγύςο
2479 679 2595 733 ἀλλ’
2622 679 2812 750 ὥσπερ
2863 679 2999 751 πρὸς
3045 680 3211 744 αὐτὸς
3264 677 3457 734 σαυτὸν
3511 675 3644 743 ὑπὲρ

2085 773 2243 844 ἡμῶν
2299 771 2703 842 ἁμιλλώμενος,
2751 769 2847 827 καὶ
2893 769 3096 838 μᾶλλόν
3123 769 3250 842 γεῆ
3306 771 3465 839 ἡμεῖς
3512 767 3646 832 ὑπὲρ

2083 866 2243 937 ἡμῶν
2270 865 2472 927 αὐτῶν,
2504 862 2645 917 οὕτω
2672 863 3002 933 φροντίζεις,
3031 863 3194 933 κόρον
3217 861 3409 916 οὐδένα
3438 859 3647 913 πώποτε

2082 957 2375 1028 δεχόμενος
2427 955 2527 1025 τῆς
2581 954 2840 1025 σπουδῆς,
2893 955 2961 1026 ἢν
3021 957 3183 1026 ἡμεῖς
3224 954 3649 1021 ἀντεισενεγκεῖν

2084 1052 2177 1105 ἐπὶ
2206 1052 2319 1114 τοῖς
2365 1050 2503 1113 ῐσοις
2534 1047 2632 1105 οὐκ
2693 1047 2933 1118 ἔχοντες,
2976 1047 3138 1111 δῆλον
3165 1047 3429 1117 ποιοῦμεν
3461 1047 3651 1101 ὁπόσον

2087 1141 2149 1196 εὖ
2182 1142 2468 1213 πάσχομεν
2489 1158 2502 1173 ·
2539 1140 2617 1211 τῷ
2638 1141 2695 1195 δὲ
2722 1140 2873 1211 αὑτῷ
2922 1140 3018 1197 καὶ
3050 1141 3198 1211 ἡμᾶς
3232 1141 3432 1203 αὐτοὺς
3456 1139 3549 1195 καὶ
3592 1138 3651 1190 τὸ

2086 1236 2230 1288 κατὰ
2263 1234 2322 1287 σὲ
2349 1235 2522 1302 δήπου
2554 1233 2846 1309 σεμνύνειν
2868 1232 3091 1303 ἔχομεν.
3166 1231 3234 1286 Ἥ
3285 1232 3398 1300 γὰρ
3454 1235 3512 1284 ὲν
3537 1233 3653 1292 ταῖς

2086 1325 2344 1396 ἀμοιϐαῖς
2396 1324 2602 1393 ἀπορία
2655 1324 2836 1379 καὶτὸ
2896 1323 3067 1392 μηδὲν
3097 1323 3245 1394 ἔχειν
3294 1324 3655 1394 ἀποχρώντως

2086 1417 2430 1471 ἐκτετικέναι
2486 1417 2789 1491 τεκμήριον
2844 1418 2937 1471 ἐπὶ
2981 1417 3128 1471 δυοῖν
3184 1418 3300 1471 τοῖν
3328 1416 3652 1479 καλλίστοιν,

2084 1509 2220 1579 ego;
2274 1509 2403 1572 τούς
2439 1524 2497 1561 τε
2560 1510 2866 1578 πάσχοντας
2919 1506 2979 1562 εὖ
3031 1509 3159 1572 τούς
3198 1525 3258 1563 τε
3285 1506 3346 1561 εὖ
3375 1505 3656 1569 ποιοῦντας

2084 1600 2350 1666 δεικνύον,
2382 1602 2511 1666 τοὺς
2539 1601 2641 1671 μὲν
2669 1600 2778 1656 τῶν
2806 1600 3083 1670 μεγίστων
3123 1600 3511 1671 τυγχάνοντας,
3538 1599 3658 1662 τοὺς

2084 1694 2143 1748 δὲ
2181 1695 2404 1749 τοιαῦτα
2444 1692 2857 1764 χαριζομένους.

2154 1787 2232 1840 Οὐ
2266 1788 2372 1857 μὴν
2407 1786 2542 1840 ἀλλὰ
2592 1785 2686 1839 καὶ⁵
2715 1783 2984 1838 τούτοισιν
3030 1783 3098 1840 ἃν
3122 1784 3528 1854 αὐταρκοῦντες
3554 1784 3660 1840 ἐδε-

2012 1838 2056 1899 B
2090 1838 2279 1948 ξάεᾷέθί
2313 1838 2384 1933 *ἀν
2415 1838 2657 1941 έκόντες,
2706 1870 2767 1930 εὖ
2803 1876 2937 1940 ἴσθι,
2964 1838 3294 1932 τὰτοιαῦτα
3335 1838 3538 1945 μᾶλλον
3572 1838 3659 1946 ητ-

2087 1968 2287 2025 τᾶσθαι
2318 1969 2543 2039 φέροντι
2594 1966 2671 2038 τῷ
2698 1966 2878 2039 θυμῷ,
2910 1967 2945 2039 ἢ
2997 1966 3283 2037 περαίνειν
3310 1967 3373 2036 ἐξ
3400 1967 3661 2035 ἀναλόγου

2087 2058 2372 2139 δύνασθαι,
2415 2062 2551 2116 ὅπου
2581 2078 2647 2130 γε
2692 2060 2787 2114 καὶ
2825 2059 2924 2130 τὴν
2958 2058 3107 2130 παρὰ
3168 2056 3265 2112 σοῦ
3315 2059 3521 2129 μᾶλλον
3570 2058 3660 2129 ζη-

2091 2155 2224 2229 μίαν
2258 2154 2353 2209 τοῦ
2381 2153 2515 2225 παρ’
2553 2150 2900 2208 ὡντινωνοῦν
2934 2146 2995 2206 εὖ
3027 2150 3385 2207 πεπονθέναι.
3431 2152 3505 2206 Τὸ
3556 2153 3662 2224 γὰρ

2086 2249 2197 2303 τῶν
2231 2249 2338 2304 ὑπὸ
2368 2246 2464 2302 σοῦ
2495 2245 2938 2315 κεκοσμημένων
2964 2244 3223 2314 ὁρᾶσθαι,
3265 2246 3365 2300 καὶ
3401 2247 3462 2300 σέ
3489 2246 3543 2314 γ’
3569 2246 3661 2299 αὖ·

2086 2342 2179 2394 τδν
2209 2344 2290 2406 εἰς
2330 2338 2630 2411 εὐεργέτας
2659 2337 2990 2408 ἐγγράφειν,
3029 2336 3148 2392 ἔστι
3201 2337 3304 2407 μὲν
3366 2339 3461 2392 καὶ
3495 2338 3662 2400 ἄλλως

2086 2434 2177 2486 διὰ
2204 2434 2273 2486 τὰ
2306 2433 2372 2485 σά
2406 2431 2534 2502 βέλη
2582 2430 2678 2483 καὶ
2715 2431 2917 2500 φίλτρα
2957 2429 3210 2493 πλείονος
3248 2431 3433 2497 ἄξιον,
3461 2431 3493 2503 ἦ
3520 2431 3665 2500 ἡμᾶς

2088 2524 2287 2585 αὐτοὺς
2328 2524 2408 2584 είς
2439 2518 2736 2590 εὐεργέτας
2762 2518 3065 2573 ὁτοισινοῢν
3110 2519 3452 2590 γράφεσθαι,
3487 2520 3663 2591 πολλῷ

2086 2616 2142 2683 δὲ
2182 2615 2387 2684 μᾶλλον
2417 2613 2484 2666 δι’
2518 2607 2705 2684 ὧνπερ
2756 2612 3088 2683 ἐμεμνήμην
3115 2612 3349 2682 ἀρτίως,
3408 2613 3583 2677 ἄλλως
3604 2628 3663 2664 τε

2086 2710 2183 2763 καὶ
2210 2709 2308 2779 τὴν
2335 2705 2644 2777 παροιμίαν
2676 2705 2911 2770 εἰδότας,
2938 2706 3050 2758 τῶν
3079 2706 3191 2773 τοῖς
3214 2706 3463 2777 ἑταίροις
3496 2722 3662 2778 προσο

2084 2799 2254 2852 όντων
2282 2798 2364 2859 εἰς
2405 2795 2695 2856 κοινωνοὺς
2733 2792 3073 2849 καθιστᾶσαν
3134 2793 3348 2863 τρόπον
3410 2794 3475 2865 δή
3520 2810 3661 2847 τινα.

2088 2890 2292 2954 Μεῖζον
2324 2887 2380 2941 δὲ
2413 2887 2508 2940 καὶ
2534 2885 2613 2952 τῷ
2643 2886 2893 2955 Λαέρτου
2935 2884 3075 2954 πρὸς
3108 2881 3266 2953 δόξαν
3312 2886 3446 2938 ὅτου
3494 2886 3574 2947 τίς
3602 2883 3665 2937 ἂν

2086 2983 2231 3035 εἴποι
2272 2977 2476 3041 παντὸς
2509 2978 2543 3047 ὴ
2574 2977 2728 3046 παρὰ
2764 2974 2865 3045 τῆς
2902 2974 3137 3045 Ἀθηνᾶς
3168 2974 3560 3047 φιλανθρωπία
3576 2976 3668 3029 καὶ

2085 3074 2251 3145 χᾶρις
2279 3072 2465 3126 καὶτὸ
2506 3072 2903 3142 συναιρόμενον
2941 3071 3003 3126 ἑν
3040 3071 3233 3137 παντὶ,
3302 3070 3382 3143 ἢν
3431 3072 3525 3127 καὶ
3553 3070 3669 3139 φιλδ

2086 3168 2262 3235 τὰτην
2295 3166 2392 3236 οὐχ
2419 3165 2545 3218 ὅσον
2601 3163 2767 3227 αὐτὸς
2809 3163 2961 3234 αὐτῷ
3005 3164 3384 3235 διαφερόντως
3424 3164 3535 3219 τῶν
3570 3164 3662 3218 ἆλ-

2086 3261 2195 3315 λων
2229 3260 2370 3313 θεῶν
2403 3259 2554 3326 παρὰ
2583 3256 2850 3326 Σοφοκλεῖ
2875 3260 3166 3329 μαρτυρεῖ,
3214 3258 3357 3312 ἀλλὰ
3388 3260 3483 3313 καὶ
3523 3257 3590 3312 τά
3615 3256 3661 3310 τ’

2085 3353 2182 3410 οὖν
2216 3355 2391 3423 πάρος
2438 3353 2509 3406 τά.
2548 3351 2595 3404 τ’
2634 3353 2714 3413 είς
2754 3350 2947 3405 ἔπειτα
2980 3351 3088 3404 ὑπὸ
3114 3353 3354 3419 ταυτησὶ
3396 3351 3657 3420 κυδερνᾶυ

2089 3446 2238 3509 σθαι,
2306 3445 2564 3516 καθάπερ
2620 3446 2787 3515 ἡμεῖς
2835 3443 2942 3497 ὑπὸ
3011 3442 3131 3509 σοῦ,
3200 3444 3298 3498 καὶ⁸
3348 3445 3553 3515 μᾶλλόν
3609 3442 3660 3510 γ’

2086 3540 2271 3610 ἡμεῖς.
2303 3537 2502 3591 Καίτοι
2556 3537 2609 3590 τί
2634 3537 2817 3606 λέγω;
2847 3536 2923 3589 Οὐ
2953 3535 3066 3608 γὰρ
3094 3538 3226 3606 ἡμῖν
3262 3538 3452 3600 αὐτοῖς
3483 3537 3665 3605 μόνοις

2086 3633 2262 3694 οὕτως
2287 3632 2507 3693 οἰκείως
2530 3629 2698 3700 ἔχεις,
2719 3629 2831 3682 οὐδ’
2867 3630 2961 3684 ἐπὶ
2989 3630 3247 3683 τοσοῦτον
3275 3630 3661 3699 μεμελέτηκας

2086 3725 2353 3799 χρῆσθαι,
2399 3722 2537 3779 ἀλλὰ
2574 3725 2712 3797 πρὸς
2752 3724 2878 3788 τοὺς
2928 3722 3123 3788 ἄλλους
3157 3723 3411 3788 ἅπαντας
3453 3724 3513 3788 ἐξ
3561 3726 3658 3793 ἀρα

2087 3818 2211 3889 χῆς,
2246 3817 2441 3888 ὥσπερ
2471 3816 2721 3885 ἀνάγκην
2757 3814 2897 3885 ἔχων
2944 3816 2977 3885 ἢ
3014 3817 3183 3886 νόμου
3226 3817 3658 3886 κεκρατηκότος.

2087 3904 2260 3970 οὕτως
2294 3907 2598 3976 ἐπικαίρως
2618 3908 2888 3977 ἦρμοςαι,
2919 3908 3017 3965 καὶ
3048 3908 3257 3971 πάντες
3274 3909 3375 3962 ἐπὶ
3412 3908 3499 3961 σοὶ
3533 3925 3658 3960 ταυ-

2089 3998 2218 4066 τησὶ
2265 3996 2571 4066 πειρῶνται
2593 3997 2694 4064 τῆς
2717 3995 2968 4065 γνώμης.
3010 3998 3150 4050 Ἀλλ’
3191 3999 3292 4052 οὐκ
3330 4000 3412 4061 εἰς
3444 3995 3661 4066 εὐαριθ-

2091 4089 2302 4160 μήτους
2345 4088 2570 4157 ὁρίζεις,
2627 4087 2738 4141 οὐδ’
2766 4089 2851 4155 ἐφ’
2890 4087 2985 4151 οὒς
3004 4088 3126 4158 μὲν,
3148 4090 3234 4157 ἐφ’
3265 4088 3365 4154 οὒς
3382 4091 3427 4143 δ’
3460 4089 3520 4142 οὔ
3541 4106 3554 4121 ο
3578 4084 3658 4148 οἷς

2086 4182 2196 4252 γὰρ
2226 4182 2351 4245 τοὺς
2385 4179 2583 4243 ἄλλους
2619 4178 2677 4232 εὖ
2713 4182 2888 4232 ποιεῖν
2906 4180 3071 4251 ἔχεις,
3098 4180 3313 4244 τούτοις
3330 4182 3496 4243 αὐτὸς
3527 4179 3657 4232 πολὺ

2089 4276 2293 4347 μᾶλλον
2325 4274 2579 4343 πέφυκας
2615 4273 2830 4342 χαίρειν
2865 4275 3058 4344 ὅτιπερ
3097 4268 3157 4327 εὖ
3191 4276 3372 4327 ποιεῖν
3392 4274 3535 4343 έχεις
3572 4272 3661 4324 καὶ

2083 4364 2410 4438 χαρίζεσθαι
2424 4364 2652 4435 μᾶλλον.
2669 4364 2704 4434 ἦ
2720 4362 2880 4419 τοῦτο
2901 4362 3180 4433 πάσχοντα
3204 4364 3512 4434 φαίνεσθαιο
3532 4362 3660 4432 μᾶλ-

2084 4462 2178 4514 λον
2209 4460 2265 4514 δὲ
2291 4460 2468 4521 διδοὺς
2496 4457 2659 4519 αὐτὸς
2689 4456 2795 4510 οἴει
2842 4456 3167 4525 λαμϐάνειν,
3203 4458 3298 4512 καὶ
3330 4460 3460 4521 τοὺς
3493 4460 3659 4521 ἐπαγ-

399 4535 516 4589 sive
555 4548 667 4589 non
703 4532 891 4595 fuerit,
946 4533 1220 4602 siquidem
1273 4533 1504 4590 aliorum
1532 4534 1808 4593 desideria
1837 4554 1977 4609 prte-

2085 4547 2447 4618 γελλομὲνους
2474 4544 2552 4608 ὡς
2602 4544 2991 4608 συντελοῦντας
3038 4547 3104 4615 τῇ
3157 4547 3221 4614 σῇ
3272 4545 3436 4612 φύσει
3467 4542 3659 4598 πολλοῦ

399 4649 583 4713 venis,
622 4648 749 4704 aliis
772 4649 913 4704 bene
943 4647 1179 4703 faciendi
1231 4649 1534 4718 cupiditate
1578 4659 1780 4704 motus.
1814 4651 1981 4707 Recte

400 4765 568 4833 igitur
624 4763 859 4819 diserim
928 4773 982 4819 te
1038 4764 1184 4818 notis
1237 4774 1293 4820 et
1351 4764 1554 4835 ignotis
1603 4764 1978 4831 benefacere,

402 4890 642 4946 quorum
675 4877 768 4932 alii
797 4878 907 4933 tuis
938 4878 1049 4950 jam
1081 4878 1368 4934 beneficiis
1400 4880 1680 4951 fruuntur,
1722 4881 1818 4935 alii
1869 4881 1978 4949 frui

400 4994 667 5059 gestiunt.
691 4990 828 5046 Nam
852 4992 947 5062 qui
969 4991 1145 5047 ultimi
1189 5004 1483 5059 venerunt,
1501 5012 1607 5051 non
1624 4994 1977 5076 minusacce-

396 5116 607 5178 perunt
635 5107 705 5163 iis
733 5108 829 5178 qui
854 5123 919 5162 ex
949 5109 1115 5179 longo
1150 5121 1397 5181 tempore
1428 5111 1484 5169 in
1508 5113 1977 5171 consuetudinem

396 5221 607 5293 recepti
665 5221 906 5278 fuerant.
976 5222 1181 5289 Quare,
1236 5233 1299 5280 ut
1360 5224 1554 5283 iisdem
1609 5227 1797 5283 verbis
1832 5237 1976 5294 utar,

396 5340 456 5384 et
488 5340 648 5386 notos
672 5338 727 5386 et
755 5333 971 5403 ignotos
1009 5333 1064 5388 in
1123 5337 1464 5397 consortium
1494 5347 1647 5393 tuum
1688 5314 1981 5412 recepisti.

470 5444 527 5499 Si
585 5459 750 5514 porro
788 5462 874 5501 me
893 5448 1050 5518 juvat
1105 5450 1227 5505 talia
1258 5452 1327 5507 de
1363 5460 1416 5508 te
1442 5453 1630 5512 dicere
1655 5493 1669 5522 ,
1696 5455 1801 5511 alia
1829 5471 1977 5526 (piae-

406 5558 521 5613 iam
557 5558 839 5628 aliquanto
869 5562 1050 5618 minus
1084 5563 1380 5619 delectant.

471 5806 526 5861 δί
593 5809 739 5864 enim
782 5822 990 5872 tantum
1018 5819 1282 5888 temporis
1308 5835 1338 5874 a
1376 5830 1445 5885 te,
1485 5835 1725 5890 quocum
1754 5834 1972 5891 semper

2084 4651 2228 4696 τινος
2279 4632 2520 4704 κρίνεις,
2549 4633 2676 4687 τοὺς
2706 4632 2764 4685 δὲ
2802 4631 2876 4700 μὴ
2909 4630 3069 4684 τοῦτο
3110 4628 3427 4697 ποιοῦντας,
3465 4626 3658 4684 σαυτοῦ

2086 4725 2326 4792 νομίζων
2357 4724 2607 4794 ἐχθροὺς,
2639 4721 2989 4801 ἀποστρέφῃ.
3014 4721 3090 4773 Οὐ
3113 4721 3223 4791 γάρ
3247 4721 3399 4777 ἐστιν
3428 4722 3490 4784 ὃς
3515 4721 3662 4786 αἰτή-

2085 4835 2186 4882 σας
2209 4815 2509 4887 ἠτύχηκεν,
2531 4816 2627 4869 ἐάν
2656 4816 2933 4881 τεξτοότου
2960 4813 3011 4881 γ’
3031 4813 3198 4877 ἀξίως
3226 4814 3349 4885 ἔχῃ,
3369 4815 3461 4869 ἐὰν
3486 4830 3544 4866 τε
3568 4810 3657 4865 καὶ

2088 4910 2199 4981 μή’
2239 4910 2379 4964 ἀλλὰ
2418 4909 2510 4963 καὶ
2552 4907 2781 4977 φθάνεις
2811 4907 2912 4968 τὰς
2958 4904 3257 4975 ὶπιθυμίας
3296 4906 3405 4960 τῶν
3467 4906 3526 4958 εὖ
3564 4919 3660 4955 πα-

2090 5003 2206 5055 θεῖν
2266 5001 2567 5069 δεομένων,
2599 4997 2791 5066 ὥσπερ
2817 4998 2970 5055 οὐδὲν
2999 4997 3188 5068 ἕτερον
3223 4997 3283 5062 ἐξ
3322 4997 3496 5067 ἀρχῆς
3530 4995 3561 5065 ἦ
3598 4994 3654 5047 εὖ

2083 5097 2263 5149 ποιεῖν
2320 5092 2736 5165 μεμελετηκώς.
2776 5090 2921 5147 Ἀνθ’
2980 5084 3056 5144 ὧν
3122 5089 3317 5145 ἔπεστί
3370 5107 3461 5160 μοι
3525 5087 3655 5155 θαρο

2086 5184 2326 5252 ρούντως
2354 5185 2558 5252 λέγειν,
2581 5185 2662 5239 ὅτι
2702 5183 2795 5236 καὶ
2828 5181 2921 5246 οὓς
2942 5178 3101 5236 οἶσθα
3123 5185 3218 5237 καὶ
3261 5182 3354 5246 οὓς
3379 5182 3479 5235 οὐκ
3506 5177 3655 5234 οἶσθα

2082 5278 2260 5340 ποιεῖς
2287 5272 2368 5343 εὖ,
2403 5276 2532 5337 τοὺς
2568 5276 2670 5345 μὲν
2702 5266 2784 5339 οἷς
2810 5272 2921 5326 τῶν
2950 5273 3058 5326 σῶν
3078 5271 3456 5334 ἀπολαύοντας
3488 5270 3650 5338 ἔχεις,

2078 5369 2207 5430 τοὺς
2237 5365 2283 5419 δ’
2317 5368 2441 5420 ὅσον
2470 5367 2579 5420 ἀπὸ
2608 5366 2704 5419 τοῦ
2731 5364 3041 5436 βούλεσθαι·
3079 5366 3303 5433 καὶγὰρ
3329 5364 3394 5434 δὴ
3418 5363 3653 5416 κάκεῖνοι

2079 5462 2189 5515 τῶν
2226 5462 2293 5515 ὲκ
2329 5461 2667 5515 παλαιτάτου
2700 5459 2945 5526 συνήθων
2997 5459 3100 5515 οὐκ
3128 5460 3195 5511 ἂν
3222 5457 3445 5511 ἔλαττον
3474 5453 3649 5521 ἔσχον,

2081 5555 2130 5605 εί
2155 5553 2316 5621 μόνον
2345 5552 2426 5614 εἰς
2456 5555 2654 5619 πεῖραν
2672 5552 2862 5621 ᾔεσαν.
2902 5551 3091 5614 Ὥστε,
3121 5549 3170 5600 εί
3196 5549 3279 5600 δεῖ
3306 5548 3419 5607 τοῖς
3472 5541 3649 5596 αὐτοῖς

2081 5642 2176 5693 καὶ
2208 5634 2366 5701 αὖθις
2404 5637 2910 5708 ὀνόμασιχρῆσθαι,
2934 5636 3187 5705 καθάπερ
3219 5637 3278 5687 ἐν
3323 5630 3467 5702 χορῷ
3492 5643 3646 5696 συνᾳ-

2076 5733 2303 5795 δόντων,
2333 5730 2426 5784 καὶ
2444 5729 2537 5793 οὓς
2557 5726 2719 5783 οἶσθα
2763 5729 2856 5783 καὶ
2901 5727 2994 5790 οὓς
3039 5727 3139 5780 οὐκ
3160 5720 3319 5779 οἶσθα
3368 5722 3646 5787 κέκτησαι.

2166 5820 2309 5892 Ἐγὼ
2380 5822 2440 5875 δὲ
2487 5817 2566 5886 οἷς
2610 5822 2749 5892 ὑπὲρ
2797 5821 2889 5876 σοῦ
2945 5820 3118 5889 λέγων
3170 5818 3394 5889 ἥδομαι,
3444 5810 3643 5868 τούτοις
3716 5836 3721 5839 -
