  <div class='ocr_page' id='page_1' title='image "/cluster/home/n/w/nwhite01/storage/ocr_20150623/145:no.1/coo.31924054870500/226.png"; bbox 0 0 4018 6416; ppageno 0'>
   <div class='ocr_carea' id='block_1_1' title="bbox 342 343 450 417">
    <p class='ocr_par' dir='ltr' id='par_1_1' title="bbox 342 343 450 417">
     <span class='ocr_line' id='line_1_1' title="bbox 342 343 450 417; baseline -0.009 -1"><span class='ocrx_word' id='word_1_1' title='bbox 342 343 450 417; x_wconf 67' lang='grc'><strong>437</strong></span> 
     </span>
    </p>
   </div>
   <div class='ocr_carea' id='block_1_2' title="bbox 1748 346 2162 418">
    <p class='ocr_par' dir='ltr' id='par_1_2' title="bbox 1748 346 2162 418">
     <span class='ocr_line' id='line_1_2' title="bbox 1748 346 2162 418; baseline 0.014 -10"><span class='ocrx_word' id='word_1_2' title='bbox 1748 346 2162 418; x_wconf 72' lang='lat' dir='ltr'><strong>EPISTOL‘E.</strong></span> 
     </span>
    </p>
   </div>
   <div class='ocr_carea' id='block_1_3' title="bbox 3209 235 3237 260">
    <p class='ocr_par' dir='ltr' id='par_1_3' title="bbox 3209 235 3237 260">
     <span class='ocr_line' id='line_1_3' title="bbox 3209 235 3237 260; baseline 0 0"><span class='ocrx_word' id='word_1_3' title='bbox 3209 235 3237 260; x_wconf 64' lang='grc' dir='ltr'>Ο</span> 
     </span>
    </p>
   </div>
   <div class='ocr_carea' id='block_1_4' title="bbox 3503 351 3608 413">
    <p class='ocr_par' dir='ltr' id='par_1_4' title="bbox 3503 351 3608 413">
     <span class='ocr_line' id='line_1_4' title="bbox 3503 351 3608 413; baseline -0.019 0"><span class='ocrx_word' id='word_1_4' title='bbox 3503 351 3608 413; x_wconf 73' lang='grc'><strong>438</strong></span> 
     </span>
    </p>
   </div>
   <div class='ocr_carea' id='block_1_5' title="bbox 339 456 1923 538">
    <p class='ocr_par' dir='ltr' id='par_1_5' title="bbox 339 456 1917 534">
     <span class='ocr_line' id='line_1_5' title="bbox 339 456 1917 534; baseline 0 -17"><span class='ocrx_word' id='word_1_5' title='bbox 339 464 490 525; x_wconf 80' lang='grc' dir='ltr'>ὅπως</span> <span class='ocrx_word' id='word_1_6' title='bbox 513 462 613 518; x_wconf 82' lang='grc' dir='ltr'><strong>οὐκ</strong></span> <span class='ocrx_word' id='word_1_7' title='bbox 640 462 790 532; x_wconf 82' lang='grc' dir='ltr'>ἀλγῶ</span> <span class='ocrx_word' id='word_1_8' title='bbox 828 462 1011 531; x_wconf 74' lang='grc' dir='ltr'>λέγειν</span> <span class='ocrx_word' id='word_1_9' title='bbox 1036 464 1137 518; x_wconf 81' lang='grc' dir='ltr'>οὐκ</span> <span class='ocrx_word' id='word_1_10' title='bbox 1171 463 1279 532; x_wconf 80' lang='grc' dir='ltr'>ἔχω</span> <span class='ocrx_word' id='word_1_11' title='bbox 1298 479 1313 496; x_wconf 78' lang='grc' dir='ltr'><strong>ο</strong></span> <span class='ocrx_word' id='word_1_12' title='bbox 1365 463 1435 517; x_wconf 75' lang='grc' dir='ltr'>δι’</span> <span class='ocrx_word' id='word_1_13' title='bbox 1465 456 1538 516; x_wconf 78' lang='grc' dir='ltr'><strong>ὧν</strong></span> <span class='ocrx_word' id='word_1_14' title='bbox 1570 456 1685 534; x_wconf 76' lang='grc' dir='ltr'>’γὰρ</span> <span class='ocrx_word' id='word_1_15' title='bbox 1710 462 1777 516; x_wconf 81' lang='grc' dir='ltr'>ἂν</span> <span class='ocrx_word' id='word_1_16' title='bbox 1807 463 1917 517; x_wconf 83' lang='grc' dir='ltr'><strong>τῶν</strong></span> 
     </span>
    </p>
   </div>
   <div class='ocr_carea' id='block_1_6' title="bbox 2032 456 3603 538">
    <p class='ocr_par' dir='ltr' id='par_1_6' title="bbox 2032 466 3603 538">
     <span class='ocr_line' id='line_1_6' title="bbox 2032 466 3603 538; baseline -0.001 -18"><span class='ocrx_word' id='word_1_17' title='bbox 2032 483 2130 522; x_wconf 87' lang='lat' dir='ltr'><strong>una</strong></span> <span class='ocrx_word' id='word_1_18' title='bbox 2165 483 2284 523; x_wconf 91' lang='lat' dir='ltr'><strong>csse</strong></span> <span class='ocrx_word' id='word_1_19' title='bbox 2317 467 2513 522; x_wconf 89' lang='lat' dir='ltr'><strong>melius</strong></span> <span class='ocrx_word' id='word_1_20' title='bbox 2552 475 2696 535; x_wconf 88' lang='lat' dir='ltr'><strong>erat,</strong></span> <span class='ocrx_word' id='word_1_21' title='bbox 2734 475 3022 538; x_wconf 88' lang='lat' dir='ltr'><strong>separatus</strong></span> <span class='ocrx_word' id='word_1_22' title='bbox 3053 466 3185 534; x_wconf 76' lang='lat' dir='ltr'><strong>vixi,</strong></span> <span class='ocrx_word' id='word_1_23' title='bbox 3223 481 3389 520; x_wconf 86' lang='lat' dir='ltr'><strong>unum</strong></span> <span class='ocrx_word' id='word_1_24' title='bbox 3420 476 3603 521; x_wconf 86' lang='lat' dir='ltr'><strong>tamen</strong></span> 
     </span>
    </p>
   </div>
   <div class='ocr_carea' id='block_1_7' title="bbox 342 555 1917 628">
    <p class='ocr_par' dir='ltr' id='par_1_7' title="bbox 342 555 1917 628">
     <span class='ocr_line' id='line_1_7' title="bbox 342 555 1917 628; baseline 0 -19"><span class='ocrx_word' id='word_1_25' title='bbox 342 556 688 627; x_wconf 79' lang='grc' dir='ltr'><strong>ἀτυχούντων</strong></span> <span class='ocrx_word' id='word_1_26' title='bbox 728 557 965 626; x_wconf 71' lang='grc' dir='ltr'>ἐμαυτὸν</span> <span class='ocrx_word' id='word_1_27' title='bbox 993 557 1280 628; x_wconf 80' lang='grc' dir='ltr'><strong>ἀποφήνω,</strong></span> <span class='ocrx_word' id='word_1_28' title='bbox 1311 556 1507 610; x_wconf 77' lang='grc' dir='ltr'>τούτου</span> <span class='ocrx_word' id='word_1_29' title='bbox 1535 555 1790 610; x_wconf 86' lang='grc' dir='ltr'>τοσοῦτον</span> <span class='ocrx_word' id='word_1_30' title='bbox 1815 556 1917 624; x_wconf 80' lang='grc' dir='ltr'><strong>ἁφ-</strong></span> 
     </span>
    </p>
   </div>
   <div class='ocr_carea' id='block_1_8' title="bbox 347 643 1912 719">
    <p class='ocr_par' dir='ltr' id='par_1_8' title="bbox 347 643 1912 719">
     <span class='ocr_line' id='line_1_8' title="bbox 347 643 1912 719; baseline 0 -19"><span class='ocrx_word' id='word_1_31' title='bbox 347 648 635 719; x_wconf 74' lang='grc' dir='ltr'>ιστόιμενος</span> <span class='ocrx_word' id='word_1_32' title='bbox 667 649 882 719; x_wconf 77' lang='grc' dir='ltr'>χρόνον,</span> <span class='ocrx_word' id='word_1_33' title='bbox 929 643 974 718; x_wconf 81' lang='grc' dir='ltr'>ᾧ</span> <span class='ocrx_word' id='word_1_34' title='bbox 1009 649 1099 703; x_wconf 80' lang='grc' dir='ltr'>διὰ</span> <span class='ocrx_word' id='word_1_35' title='bbox 1127 649 1331 713; x_wconf 83' lang='grc' dir='ltr'>παντὸς</span> <span class='ocrx_word' id='word_1_36' title='bbox 1372 651 1611 702; x_wconf 83' lang='grc' dir='ltr'>συνεῖναι</span> <span class='ocrx_word' id='word_1_37' title='bbox 1645 648 1912 718; x_wconf 83' lang='grc' dir='ltr'>προσῆκε,</span> 
     </span>
    </p>
   </div>
   <div class='ocr_carea' id='block_1_9' title="bbox 343 728 1918 811">
    <p class='ocr_par' dir='ltr' id='par_1_9' title="bbox 343 728 1918 811">
     <span class='ocr_line' id='line_1_9' title="bbox 343 728 1918 811; baseline -0.002 -16"><span class='ocrx_word' id='word_1_38' title='bbox 343 728 507 795; x_wconf 51' lang='lat' dir='ltr'><strong>satis&quot;</strong></span> <span class='ocrx_word' id='word_1_39' title='bbox 526 741 607 804; x_wconf 86' lang='grc' dir='ltr'><strong>είς</strong></span> <span class='ocrx_word' id='word_1_40' title='bbox 635 742 802 810; x_wconf 76' lang='grc' dir='ltr'>μέσον</span> <span class='ocrx_word' id='word_1_41' title='bbox 829 730 1098 811; x_wconf 81' lang='grc' dir='ltr'>παράγειν</span> <span class='ocrx_word' id='word_1_42' title='bbox 1141 741 1429 810; x_wconf 74' lang='grc' dir='ltr'><strong>αἱροῦμαι,</strong></span> <span class='ocrx_word' id='word_1_43' title='bbox 1472 740 1661 810; x_wconf 83' lang='grc' dir='ltr'>ὥσπερ</span> <span class='ocrx_word' id='word_1_44' title='bbox 1691 740 1786 793; x_wconf 77' lang='grc' dir='ltr'><strong>ἀπ’</strong></span> <span class='ocrx_word' id='word_1_45' title='bbox 1820 739 1918 792; x_wconf 76' lang='grc' dir='ltr'><strong>αὑ·-</strong></span> 
     </span>
    </p>
   </div>
   <div class='ocr_carea' id='block_1_10' title="bbox 342 831 1916 903">
    <p class='ocr_par' dir='ltr' id='par_1_10' title="bbox 342 831 1916 903">
     <span class='ocr_line' id='line_1_10' title="bbox 342 831 1916 903; baseline -0.002 -17"><span class='ocrx_word' id='word_1_46' title='bbox 342 834 434 897; x_wconf 81' lang='grc' dir='ltr'><strong>τὺς</strong></span> <span class='ocrx_word' id='word_1_47' title='bbox 464 832 706 901; x_wconf 78' lang='grc' dir='ltr'><strong>ἐμαυτοῦ</strong></span> <span class='ocrx_word' id='word_1_48' title='bbox 737 836 835 903; x_wconf 85' lang='grc' dir='ltr'><strong>τῆς</strong></span> <span class='ocrx_word' id='word_1_49' title='bbox 867 834 976 886; x_wconf 84' lang='grc' dir='ltr'><strong>τῶν</strong></span> <span class='ocrx_word' id='word_1_50' title='bbox 1008 833 1276 887; x_wconf 77' lang='grc' dir='ltr'><strong>παιδικῶν</strong></span> <span class='ocrx_word' id='word_1_51' title='bbox 1311 833 1577 896; x_wconf 82' lang='grc' dir='ltr'><strong>ἀπουσίας</strong></span> <span class='ocrx_word' id='word_1_52' title='bbox 1619 831 1916 901; x_wconf 80' lang='grc' dir='ltr'>λαμϐάνων</span> 
     </span>
    </p>
   </div>
   <div class='ocr_carea' id='block_1_11' title="bbox 340 923 1916 996">
    <p class='ocr_par' dir='ltr' id='par_1_11' title="bbox 340 923 1916 996">
     <span class='ocr_line' id='line_1_11' title="bbox 340 923 1916 996; baseline -0.001 -19"><span class='ocrx_word' id='word_1_53' title='bbox 340 924 435 977; x_wconf 76' lang='grc' dir='ltr'><strong>τὸν</strong></span> <span class='ocrx_word' id='word_1_54' title='bbox 463 924 706 994; x_wconf 75' lang='grc' dir='ltr'>ἔλεγχον,</span> <span class='ocrx_word' id='word_1_55' title='bbox 743 924 838 978; x_wconf 70' lang='grc' dir='ltr'>καὶ</span> <span class='ocrx_word' id='word_1_56' title='bbox 871 925 972 996; x_wconf 83' lang='grc' dir='ltr'>τὴν</span> <span class='ocrx_word' id='word_1_57' title='bbox 1017 923 1260 995; x_wconf 82' lang='grc' dir='ltr'>ἐμαυτοῦ</span> <span class='ocrx_word' id='word_1_58' title='bbox 1315 924 1611 994; x_wconf 75' lang='grc' dir='ltr'><strong>δυστυχίαν</strong></span> <span class='ocrx_word' id='word_1_59' title='bbox 1661 923 1916 995; x_wconf 77' lang='grc' dir='ltr'>ἐπίτηδες</span> 
     </span>
    </p>
   </div>
   <div class='ocr_carea' id='block_1_12' title="bbox 344 1015 1916 1090">
    <p class='ocr_par' dir='ltr' id='par_1_12' title="bbox 344 1015 1916 1090">
     <span class='ocr_line' id='line_1_12' title="bbox 344 1015 1916 1090; baseline -0.001 -19"><span class='ocrx_word' id='word_1_60' title='bbox 344 1019 638 1089; x_wconf 77' lang='grc' dir='ltr'>παριστὰς.</span> <span class='ocrx_word' id='word_1_61' title='bbox 670 1019 957 1073; x_wconf 87' lang='grc' dir='ltr'>Δείκνυται</span> <span class='ocrx_word' id='word_1_62' title='bbox 986 1019 1096 1090; x_wconf 77' lang='grc' dir='ltr'><strong>γὰρ</strong></span> <span class='ocrx_word' id='word_1_63' title='bbox 1122 1016 1183 1071; x_wconf 81' lang='grc' dir='ltr'><strong>τὸ</strong></span> <span class='ocrx_word' id='word_1_64' title='bbox 1225 1016 1415 1089; x_wconf 75' lang='grc' dir='ltr'>περιὸν</span> <span class='ocrx_word' id='word_1_65' title='bbox 1447 1019 1546 1087; x_wconf 85' lang='grc' dir='ltr'><strong>τῆς</strong></span> <span class='ocrx_word' id='word_1_66' title='bbox 1585 1015 1792 1088; x_wconf 82' lang='grc' dir='ltr'>ζημίας</span> <span class='ocrx_word' id='word_1_67' title='bbox 1821 1017 1916 1070; x_wconf 66' lang='grc' dir='ltr'>καὶ</span> 
     </span>
    </p>
   </div>
   <div class='ocr_carea' id='block_1_13' title="bbox 339 1103 1916 1178">
    <p class='ocr_par' dir='ltr' id='par_1_13' title="bbox 339 1103 1916 1178">
     <span class='ocr_line' id='line_1_13' title="bbox 339 1103 1916 1178; baseline -0.001 -18"><span class='ocrx_word' id='word_1_68' title='bbox 339 1108 472 1160; x_wconf 77' lang='grc' dir='ltr'>οἴων</span> <span class='ocrx_word' id='word_1_69' title='bbox 521 1110 846 1178; x_wconf 78' lang='grc' dir='ltr'><strong>ἐστέρημαι,</strong></span> <span class='ocrx_word' id='word_1_70' title='bbox 882 1103 986 1171; x_wconf 76' lang='grc' dir='ltr'>οἷς,</span> <span class='ocrx_word' id='word_1_71' title='bbox 1042 1110 1266 1161; x_wconf 69' lang='grc' dir='ltr'>ἐπειδᾶν</span> <span class='ocrx_word' id='word_1_72' title='bbox 1302 1107 1621 1178; x_wconf 79' lang='grc' dir='ltr'>μέμνωμαι,</span> <span class='ocrx_word' id='word_1_73' title='bbox 1652 1107 1916 1160; x_wconf 75' lang='grc' dir='ltr'>πέτεσθαι</span> 
     </span>
    </p>
   </div>
   <div class='ocr_carea' id='block_1_14' title="bbox 339 1199 1916 1271">
    <p class='ocr_par' dir='ltr' id='par_1_14' title="bbox 339 1199 1916 1271">
     <span class='ocr_line' id='line_1_14' title="bbox 339 1199 1916 1271; baseline -0.001 -19"><span class='ocrx_word' id='word_1_74' title='bbox 339 1201 607 1271; x_wconf 74' lang='grc' dir='ltr'>πάρεστιν</span> <span class='ocrx_word' id='word_1_75' title='bbox 630 1216 642 1231; x_wconf 79' lang='grc'><em>’</em></span> <span class='ocrx_word' id='word_1_76' title='bbox 702 1200 875 1271; x_wconf 84' lang='grc' dir='ltr'><strong>ἄμφω</strong></span> <span class='ocrx_word' id='word_1_77' title='bbox 904 1202 1063 1253; x_wconf 72' lang='grc' dir='ltr'>ταυτὶ</span> <span class='ocrx_word' id='word_1_78' title='bbox 1120 1201 1375 1270; x_wconf 77' lang='grc' dir='ltr'>βεϐαιῶν,</span> <span class='ocrx_word' id='word_1_79' title='bbox 1430 1201 1527 1253; x_wconf 82' lang='grc' dir='ltr'><strong>καί</strong></span> <span class='ocrx_word' id='word_1_80' title='bbox 1559 1217 1654 1251; x_wconf 82' lang='grc' dir='ltr'><strong>σου</strong></span> <span class='ocrx_word' id='word_1_81' title='bbox 1684 1199 1916 1251; x_wconf 79' lang='grc' dir='ltr'>δυσαπο-</span> 
     </span>
    </p>
   </div>
   <div class='ocr_carea' id='block_1_15' title="bbox 341 1290 1915 1362">
    <p class='ocr_par' dir='ltr' id='par_1_15' title="bbox 341 1290 1915 1362">
     <span class='ocr_line' id='line_1_15' title="bbox 341 1290 1915 1362; baseline 0.001 -20"><span class='ocrx_word' id='word_1_82' title='bbox 341 1292 594 1353; x_wconf 73' lang='grc' dir='ltr'>σπάστως</span> <span class='ocrx_word' id='word_1_83' title='bbox 625 1290 788 1362; x_wconf 70' lang='grc' dir='ltr'>ἔχειν,</span> <span class='ocrx_word' id='word_1_84' title='bbox 815 1292 911 1346; x_wconf 60' lang='grc' dir='ltr'><strong>καὶ</strong></span> <span class='ocrx_word' id='word_1_85' title='bbox 940 1293 1019 1346; x_wconf 80' lang='grc' dir='ltr'><strong>ὅτι</strong></span> <span class='ocrx_word' id='word_1_86' title='bbox 1039 1292 1133 1345; x_wconf 88' lang='grc' dir='ltr'>τοῦ</span> <span class='ocrx_word' id='word_1_87' title='bbox 1166 1291 1366 1354; x_wconf 80' lang='grc' dir='ltr'>παντὸς</span> <span class='ocrx_word' id='word_1_88' title='bbox 1387 1292 1536 1356; x_wconf 72' lang='grc' dir='ltr'>ἄξιος</span> <span class='ocrx_word' id='word_1_89' title='bbox 1563 1291 1681 1360; x_wconf 77' lang='grc' dir='ltr'>εἴης</span> <span class='ocrx_word' id='word_1_90' title='bbox 1703 1307 1717 1321; x_wconf 76' lang='grc' dir='ltr'><strong><em>ο</em></strong></span> <span class='ocrx_word' id='word_1_91' title='bbox 1744 1308 1915 1360; x_wconf 85' lang='grc' dir='ltr'>προσ-</span> 
     </span>
    </p>
   </div>
   <div class='ocr_carea' id='block_1_16' title="bbox 341 1382 1915 1457">
    <p class='ocr_par' dir='ltr' id='par_1_16' title="bbox 341 1382 1915 1457">
     <span class='ocr_line' id='line_1_16' title="bbox 341 1382 1915 1457; baseline 0 -22"><span class='ocrx_word' id='word_1_92' title='bbox 341 1382 458 1450; x_wconf 85' lang='grc' dir='ltr'>θείη</span> <span class='ocrx_word' id='word_1_93' title='bbox 493 1384 539 1436; x_wconf 79' lang='grc' dir='ltr'>δ’</span> <span class='ocrx_word' id='word_1_94' title='bbox 584 1383 650 1438; x_wconf 81' lang='grc' dir='ltr'>ἄν</span> <span class='ocrx_word' id='word_1_95' title='bbox 684 1402 767 1448; x_wconf 88' lang='grc' dir='ltr'><strong>τις</strong></span> <span class='ocrx_word' id='word_1_96' title='bbox 795 1384 939 1455; x_wconf 79' lang='grc' dir='ltr'>τάχα</span> <span class='ocrx_word' id='word_1_97' title='bbox 966 1385 1062 1438; x_wconf 78' lang='grc' dir='ltr'>καὶ</span> <span class='ocrx_word' id='word_1_98' title='bbox 1092 1385 1273 1457; x_wconf 81' lang='grc' dir='ltr'>τρίτον</span> <span class='ocrx_word' id='word_1_99' title='bbox 1314 1385 1374 1437; x_wconf 65' lang='lat' dir='ltr'><strong>ch</strong></span> <span class='ocrx_word' id='word_1_100' title='bbox 1432 1383 1915 1457; x_wconf 56' lang='lat' dir='ltr'><strong>«apeptpafvsapat</strong></span> 
     </span>
    </p>
   </div>
   <div class='ocr_carea' id='block_1_17' title="bbox 340 1475 1916 1547">
    <p class='ocr_par' dir='ltr' id='par_1_17' title="bbox 340 1475 1916 1547">
     <span class='ocr_line' id='line_1_17' title="bbox 340 1475 1916 1547; baseline 0 -22"><span class='ocrx_word' id='word_1_101' title='bbox 340 1478 508 1530; x_wconf 78' lang='grc' dir='ltr'>πᾶσιν</span> <span class='ocrx_word' id='word_1_102' title='bbox 547 1476 798 1530; x_wconf 78' lang='grc' dir='ltr'>ἐντεῦθεν</span> <span class='ocrx_word' id='word_1_103' title='bbox 840 1478 937 1531; x_wconf 79' lang='grc' dir='ltr'><strong>τὸν</strong></span> <span class='ocrx_word' id='word_1_104' title='bbox 962 1478 1072 1532; x_wconf 74' lang='grc' dir='ltr'><strong>ἀπὸ</strong></span> <span class='ocrx_word' id='word_1_105' title='bbox 1127 1476 1223 1530; x_wconf 83' lang='grc' dir='ltr'>τοῦ</span> <span class='ocrx_word' id='word_1_106' title='bbox 1258 1480 1502 1529; x_wconf 82' lang='grc' dir='ltr'>συνεῖναι</span> <span class='ocrx_word' id='word_1_107' title='bbox 1543 1475 1916 1547; x_wconf 70' lang='grc' dir='ltr'>πυῤῥιχισμὸν</span> 
     </span>
    </p>
   </div>
   <div class='ocr_carea' id='block_1_18' title="bbox 339 1567 748 1639">
    <p class='ocr_par' dir='ltr' id='par_1_18' title="bbox 339 1567 748 1639">
     <span class='ocr_line' id='line_1_18' title="bbox 339 1567 748 1639; baseline 0.012 -20"><span class='ocrx_word' id='word_1_108' title='bbox 339 1568 434 1620; x_wconf 72' lang='grc' dir='ltr'>καὶ</span> <span class='ocrx_word' id='word_1_109' title='bbox 461 1567 748 1639; x_wconf 79' lang='grc' dir='ltr'>βακχείαν.</span> 
     </span>
    </p>
   </div>
   <div class='ocr_carea' id='block_1_19' title="bbox 422 1659 1915 1735">
    <p class='ocr_par' dir='ltr' id='par_1_19' title="bbox 422 1659 1915 1735">
     <span class='ocr_line' id='line_1_19' title="bbox 422 1659 1915 1735; baseline 0 -22"><span class='ocrx_word' id='word_1_110' title='bbox 422 1659 642 1730; x_wconf 77' lang='grc' dir='ltr'>Ἀμέλει</span> <span class='ocrx_word' id='word_1_111' title='bbox 670 1663 767 1716; x_wconf 80' lang='grc' dir='ltr'>καὶ</span> <span class='ocrx_word' id='word_1_112' title='bbox 795 1662 896 1733; x_wconf 87' lang='grc' dir='ltr'><strong>τῆς</strong></span> <span class='ocrx_word' id='word_1_113' title='bbox 935 1664 1237 1735; x_wconf 80' lang='grc' dir='ltr'>παροιμίας</span> <span class='ocrx_word' id='word_1_114' title='bbox 1278 1663 1428 1734; x_wconf 85' lang='grc' dir='ltr'>φίλον</span> <span class='ocrx_word' id='word_1_115' title='bbox 1465 1662 1660 1731; x_wconf 75' lang='grc' dir='ltr'>ἔδαφος</span> <span class='ocrx_word' id='word_1_116' title='bbox 1682 1663 1782 1733; x_wconf 84' lang='grc' dir='ltr'>τὴν</span> <span class='ocrx_word' id='word_1_117' title='bbox 1813 1680 1915 1714; x_wconf 66' lang='grc' dir='ltr'>πα.</span> 
     </span>
    </p>
   </div>
   <div class='ocr_carea' id='block_1_20' title="bbox 340 1750 1916 1828">
    <p class='ocr_par' dir='ltr' id='par_1_20' title="bbox 340 1750 1916 1828">
     <span class='ocr_line' id='line_1_20' title="bbox 340 1750 1916 1828; baseline 0.007 -28"><span class='ocrx_word' id='word_1_118' title='bbox 340 1752 500 1822; x_wconf 75' lang='grc' dir='ltr'>τρίδα</span> <span class='ocrx_word' id='word_1_119' title='bbox 550 1754 976 1825; x_wconf 82' lang='grc' dir='ltr'>νομοθετούσης,</span> <span class='ocrx_word' id='word_1_120' title='bbox 1038 1758 1134 1811; x_wconf 78' lang='grc' dir='ltr'>καὶ</span> <span class='ocrx_word' id='word_1_121' title='bbox 1191 1757 1418 1827; x_wconf 77' lang='grc' dir='ltr'>γλύκιον</span> <span class='ocrx_word' id='word_1_122' title='bbox 1463 1756 1619 1809; x_wconf 77' lang='grc' dir='ltr'>οὐδὲν</span> <span class='ocrx_word' id='word_1_123' title='bbox 1672 1751 1741 1828; x_wconf 84' lang='grc' dir='ltr'><strong>ῆς</strong></span> <span class='ocrx_word' id='word_1_124' title='bbox 1775 1750 1916 1811; x_wconf 76' lang='grc' dir='ltr'>εἶναι</span> 
     </span>
    </p>
   </div>
   <div class='ocr_carea' id='block_1_21' title="bbox 342 1844 1915 1923">
    <p class='ocr_par' dir='ltr' id='par_1_21' title="bbox 342 1844 1915 1923">
     <span class='ocr_line' id='line_1_21' title="bbox 342 1844 1915 1923; baseline 0.005 -26"><span class='ocrx_word' id='word_1_125' title='bbox 342 1844 620 1915; x_wconf 81' lang='grc' dir='ltr'>πατρίδος,</span> <span class='ocrx_word' id='word_1_126' title='bbox 646 1848 769 1902; x_wconf 84' lang='grc' dir='ltr'>οὐδὲ</span> <span class='ocrx_word' id='word_1_127' title='bbox 790 1851 1014 1915; x_wconf 78' lang='grc' dir='ltr'>τοκέων,</span> <span class='ocrx_word' id='word_1_128' title='bbox 1046 1850 1141 1904; x_wconf 88' lang='grc' dir='ltr'><strong>τοῦ</strong></span> <span class='ocrx_word' id='word_1_129' title='bbox 1167 1850 1473 1922; x_wconf 75' lang='grc' dir='ltr'>Σμυρναίου</span> <span class='ocrx_word' id='word_1_130' title='bbox 1502 1849 1915 1923; x_wconf 80' lang='grc' dir='ltr'>μαρτυροῦντος</span> 
     </span>
    </p>
   </div>
   <div class='ocr_carea' id='block_1_22' title="bbox 340 1933 1915 2016">
    <p class='ocr_par' dir='ltr' id='par_1_22' title="bbox 340 1933 1915 2016">
     <span class='ocr_line' id='line_1_22' title="bbox 340 1933 1915 2016; baseline 0.005 -25"><span class='ocrx_word' id='word_1_131' title='bbox 340 1933 408 1992; x_wconf 79' lang='grc' dir='ltr'>αὖ</span> <span class='ocrx_word' id='word_1_132' title='bbox 440 1939 669 2010; x_wconf 85' lang='grc' dir='ltr'>ποιητοῦ</span> <span class='ocrx_word' id='word_1_133' title='bbox 704 1941 804 2013; x_wconf 84' lang='grc'><strong>(5),</strong></span> <span class='ocrx_word' id='word_1_134' title='bbox 827 1942 991 1997; x_wconf 72' lang='grc' dir='ltr'>ταυτὶ</span> <span class='ocrx_word' id='word_1_135' title='bbox 1017 1943 1062 1997; x_wconf 82' lang='grc' dir='ltr'>δ’</span> <span class='ocrx_word' id='word_1_136' title='bbox 1094 1943 1274 2016; x_wconf 76' lang='grc' dir='ltr'>ἔμοιγ’</span> <span class='ocrx_word' id='word_1_137' title='bbox 1310 1945 1404 1999; x_wconf 81' lang='grc' dir='ltr'><strong>οῦν</strong></span> <span class='ocrx_word' id='word_1_138' title='bbox 1440 1944 1659 1999; x_wconf 74' lang='grc' dir='ltr'>ἅπαντα</span> <span class='ocrx_word' id='word_1_139' title='bbox 1708 1944 1797 2000; x_wconf 85' lang='grc' dir='ltr'>διὰ</span> <span class='ocrx_word' id='word_1_140' title='bbox 1853 1944 1915 1999; x_wconf 85' lang='grc' dir='ltr'>σὲ</span> 
     </span>
    </p>
   </div>
   <div class='ocr_carea' id='block_1_23' title="bbox 342 2029 1914 2108">
    <p class='ocr_par' dir='ltr' id='par_1_23' title="bbox 342 2029 1914 2108">
     <span class='ocr_line' id='line_1_23' title="bbox 342 2029 1914 2108; baseline 0.003 -25"><span class='ocrx_word' id='word_1_141' title='bbox 342 2029 478 2100; x_wconf 78' lang='grc' dir='ltr'>πρὸς</span> <span class='ocrx_word' id='word_1_142' title='bbox 508 2030 727 2087; x_wconf 74' lang='grc' dir='ltr'>ἔλαττον</span> <span class='ocrx_word' id='word_1_143' title='bbox 748 2034 895 2104; x_wconf 80' lang='grc' dir='ltr'>ἄγει,</span> <span class='ocrx_word' id='word_1_144' title='bbox 923 2036 1016 2089; x_wconf 80' lang='grc' dir='ltr'>καὶ</span> <span class='ocrx_word' id='word_1_145' title='bbox 1043 2036 1340 2092; x_wconf 84' lang='grc' dir='ltr'>κινδυνεύω</span> <span class='ocrx_word' id='word_1_146' title='bbox 1365 2036 1443 2105; x_wconf 85' lang='grc' dir='ltr'>τῷ</span> <span class='ocrx_word' id='word_1_147' title='bbox 1473 2038 1605 2107; x_wconf 76' lang='grc' dir='ltr'>περὶ</span> <span class='ocrx_word' id='word_1_148' title='bbox 1622 2036 1681 2090; x_wconf 84' lang='grc' dir='ltr'>σὲ</span> <span class='ocrx_word' id='word_1_149' title='bbox 1708 2037 1914 2108; x_wconf 82' lang='grc' dir='ltr'>φίλτρῳ</span> 
     </span>
    </p>
   </div>
   <div class='ocr_carea' id='block_1_24' title="bbox 228 2118 1916 2199">
    <p class='ocr_par' dir='ltr' id='par_1_24' title="bbox 228 2118 1916 2199">
     <span class='ocr_line' id='line_1_24' title="bbox 228 2118 1916 2199; baseline 0.006 -28"><span class='ocrx_word' id='word_1_150' title='bbox 228 2118 241 2125; x_wconf 81' lang='grc'><strong>’</strong></span> <span class='ocrx_word' id='word_1_151' title='bbox 341 2119 597 2175; x_wconf 82' lang='grc' dir='ltr'>τάναντία</span> <span class='ocrx_word' id='word_1_152' title='bbox 651 2123 1011 2194; x_wconf 73' lang='grc' dir='ltr'>περὶτούτων</span> <span class='ocrx_word' id='word_1_153' title='bbox 1052 2124 1321 2193; x_wconf 78' lang='grc' dir='ltr'>δοξάζειν,</span> <span class='ocrx_word' id='word_1_154' title='bbox 1366 2126 1674 2198; x_wconf 72' lang='grc' dir='ltr'>ἡγούμενος</span> <span class='ocrx_word' id='word_1_155' title='bbox 1721 2127 1916 2199; x_wconf 80' lang='grc' dir='ltr'>ἑτέραν</span> 
     </span>
    </p>
   </div>
   <div class='ocr_carea' id='block_1_25' title="bbox 340 2206 1916 2289">
    <p class='ocr_par' dir='ltr' id='par_1_25' title="bbox 340 2206 1916 2289">
     <span class='ocr_line' id='line_1_25' title="bbox 340 2206 1916 2289; baseline 0.006 -29"><span class='ocrx_word' id='word_1_156' title='bbox 340 2206 542 2280; x_wconf 81' lang='grc' dir='ltr'><strong>ταύτης</strong></span> <span class='ocrx_word' id='word_1_157' title='bbox 568 2212 975 2283; x_wconf 77' lang='grc' dir='ltr'>προτιμοτέραν</span> <span class='ocrx_word' id='word_1_158' title='bbox 1014 2214 1113 2286; x_wconf 74' lang='grc' dir='ltr'><strong>τὴν</strong></span> <span class='ocrx_word' id='word_1_159' title='bbox 1166 2216 1477 2288; x_wconf 77' lang='grc' dir='ltr'>ἀλλοτρίαν,</span> <span class='ocrx_word' id='word_1_160' title='bbox 1535 2218 1632 2272; x_wconf 75' lang='grc' dir='ltr'><strong>καὶ</strong></span> <span class='ocrx_word' id='word_1_161' title='bbox 1656 2217 1724 2289; x_wconf 77' lang='grc' dir='ltr'>ἢν</span> <span class='ocrx_word' id='word_1_162' title='bbox 1753 2216 1916 2282; x_wconf 77' lang='grc' dir='ltr'>αὐτὸς</span> 
     </span>
    </p>
   </div>
   <div class='ocr_carea' id='block_1_26' title="bbox 342 2298 1918 2380">
    <p class='ocr_par' dir='ltr' id='par_1_26' title="bbox 342 2298 1918 2380">
     <span class='ocr_line' id='line_1_26' title="bbox 342 2298 1918 2380; baseline 0.008 -29"><span class='ocrx_word' id='word_1_163' title='bbox 342 2298 486 2371; x_wconf 72' lang='grc' dir='ltr'>ἔχεις</span> <span class='ocrx_word' id='word_1_164' title='bbox 541 2301 643 2372; x_wconf 86' lang='grc' dir='ltr'><strong>τῆς</strong></span> <span class='ocrx_word' id='word_1_165' title='bbox 690 2305 934 2373; x_wconf 72' lang='grc' dir='ltr'>ἐμαυτοῦ</span> <span class='ocrx_word' id='word_1_166' title='bbox 965 2306 1058 2360; x_wconf 78' lang='grc' dir='ltr'><strong>καὶ</strong></span> <span class='ocrx_word' id='word_1_167' title='bbox 1101 2307 1334 2370; x_wconf 81' lang='grc' dir='ltr'>οἰκείας.</span> <span class='ocrx_word' id='word_1_168' title='bbox 1371 2308 1588 2380; x_wconf 78' lang='grc' dir='ltr'>Ὥσπερ</span> <span class='ocrx_word' id='word_1_169' title='bbox 1619 2309 1730 2379; x_wconf 78' lang='grc' dir='ltr'>γὰρ</span> <span class='ocrx_word' id='word_1_170' title='bbox 1766 2308 1918 2380; x_wconf 77' lang='grc' dir='ltr'>ἡμᾶς</span> 
     </span>
    </p>
   </div>
   <div class='ocr_carea' id='block_1_27' title="bbox 343 2391 1916 2470">
    <p class='ocr_par' dir='ltr' id='par_1_27' title="bbox 343 2391 1916 2470">
     <span class='ocr_line' id='line_1_27' title="bbox 343 2391 1916 2470; baseline 0.008 -27"><span class='ocrx_word' id='word_1_171' title='bbox 343 2391 579 2461; x_wconf 84' lang='grc' dir='ltr'>πρόσθεν</span> <span class='ocrx_word' id='word_1_172' title='bbox 604 2394 797 2464; x_wconf 84' lang='grc' dir='ltr'>παρὼν</span> <span class='ocrx_word' id='word_1_173' title='bbox 828 2398 1085 2469; x_wconf 74' lang='grc' dir='ltr'>ὲκὸσμεις</span> <span class='ocrx_word' id='word_1_174' title='bbox 1133 2399 1208 2463; x_wconf 82' lang='grc' dir='ltr'>ὡς</span> <span class='ocrx_word' id='word_1_175' title='bbox 1242 2400 1483 2470; x_wconf 84' lang='grc' dir='ltr'>ἀληθῶς,</span> <span class='ocrx_word' id='word_1_176' title='bbox 1519 2402 1615 2454; x_wconf 81' lang='grc' dir='ltr'>καὶ</span> <span class='ocrx_word' id='word_1_177' title='bbox 1649 2400 1744 2455; x_wconf 89' lang='grc' dir='ltr'><strong>τοῦ</strong></span> <span class='ocrx_word' id='word_1_178' title='bbox 1771 2401 1916 2457; x_wconf 81' lang='grc' dir='ltr'>κατὰ</span> 
     </span>
    </p>
   </div>
   <div class='ocr_carea' id='block_1_28' title="bbox 344 2485 1920 2564">
    <p class='ocr_par' dir='ltr' id='par_1_28' title="bbox 344 2485 1920 2564">
     <span class='ocr_line' id='line_1_28' title="bbox 344 2485 1920 2564; baseline 0.009 -27"><span class='ocrx_word' id='word_1_179' title='bbox 344 2485 403 2537; x_wconf 78' lang='grc' dir='ltr'>σὲ</span> <span class='ocrx_word' id='word_1_180' title='bbox 437 2485 639 2550; x_wconf 82' lang='grc' dir='ltr'>πάντες</span> <span class='ocrx_word' id='word_1_181' title='bbox 662 2488 796 2559; x_wconf 77' lang='grc' dir='ltr'>ἡμῖν</span> <span class='ocrx_word' id='word_1_182' title='bbox 829 2489 1177 2564; x_wconf 80' lang='grc' dir='ltr'>ξυνέχαιρον,</span> <span class='ocrx_word' id='word_1_183' title='bbox 1215 2492 1387 2557; x_wconf 74' lang='grc' dir='ltr'>οὕτως</span> <span class='ocrx_word' id='word_1_184' title='bbox 1416 2496 1464 2546; x_wconf 89' lang='grc' dir='ltr'>οἱ</span> <span class='ocrx_word' id='word_1_185' title='bbox 1492 2494 1586 2548; x_wconf 89' lang='grc' dir='ltr'><strong>νῦν</strong></span> <span class='ocrx_word' id='word_1_186' title='bbox 1616 2495 1920 2552; x_wconf 76' lang='grc' dir='ltr'>ἀπολαῦον-</span> 
     </span>
    </p>
   </div>
   <div class='ocr_carea' id='block_1_29' title="bbox 341 2577 1913 2660">
    <p class='ocr_par' dir='ltr' id='par_1_29' title="bbox 341 2577 1913 2660">
     <span class='ocr_line' id='line_1_29' title="bbox 341 2577 1913 2660; baseline 0.013 -35"><span class='ocrx_word' id='word_1_187' title='bbox 341 2588 429 2639; x_wconf 85' lang='grc' dir='ltr'><strong>τες</strong></span> <span class='ocrx_word' id='word_1_188' title='bbox 463 2577 558 2648; x_wconf 79' lang='grc' dir='ltr'>οὐχ</span> <span class='ocrx_word' id='word_1_189' title='bbox 589 2578 774 2645; x_wconf 76' lang='grc' dir='ltr'>ἕξουσι</span> <span class='ocrx_word' id='word_1_190' title='bbox 816 2581 995 2651; x_wconf 82' lang='grc' dir='ltr'>λέγειν</span> <span class='ocrx_word' id='word_1_191' title='bbox 1025 2583 1101 2649; x_wconf 84' lang='grc' dir='ltr'><strong>ὡς</strong></span> <span class='ocrx_word' id='word_1_192' title='bbox 1151 2586 1213 2639; x_wconf 86' lang='grc' dir='ltr'>οὐ</span> <span class='ocrx_word' id='word_1_193' title='bbox 1247 2587 1307 2641; x_wconf 81' lang='grc' dir='ltr'><strong>τὸ</strong></span> <span class='ocrx_word' id='word_1_194' title='bbox 1354 2586 1642 2642; x_wconf 86' lang='grc' dir='ltr'>κάλλιστον</span> <span class='ocrx_word' id='word_1_195' title='bbox 1674 2589 1913 2660; x_wconf 78' lang='grc' dir='ltr'>ἔχουσιν.</span> 
     </span>
    </p>
   </div>
   <div class='ocr_carea' id='block_1_30' title="bbox 354 2666 1918 2752">
    <p class='ocr_par' dir='ltr' id='par_1_30' title="bbox 354 2666 1918 2752">
     <span class='ocr_line' id='line_1_30' title="bbox 354 2666 1918 2752; baseline 0.013 -35"><span class='ocrx_word' id='word_1_196' title='bbox 354 2666 516 2735; x_wconf 84' lang='grc' dir='ltr'><strong>Ἦμῖν</strong></span> <span class='ocrx_word' id='word_1_197' title='bbox 564 2669 667 2738; x_wconf 87' lang='grc' dir='ltr'>μὲν</span> <span class='ocrx_word' id='word_1_198' title='bbox 720 2669 835 2739; x_wconf 80' lang='grc' dir='ltr'>οῦν,</span> <span class='ocrx_word' id='word_1_199' title='bbox 871 2673 922 2727; x_wconf 84' lang='grc' dir='ltr'><strong>εί</strong></span> <span class='ocrx_word' id='word_1_200' title='bbox 956 2677 1052 2728; x_wconf 81' lang='grc' dir='ltr'>καὶ</span> <span class='ocrx_word' id='word_1_201' title='bbox 1088 2676 1189 2746; x_wconf 85' lang='grc' dir='ltr'><strong>τῆς</strong></span> <span class='ocrx_word' id='word_1_202' title='bbox 1240 2678 1588 2750; x_wconf 76' lang='grc' dir='ltr'>εἱμαρμένης</span> <span class='ocrx_word' id='word_1_203' title='bbox 1650 2682 1918 2752; x_wconf 81' lang='grc' dir='ltr'><strong>εὐμενοῦς</strong></span> 
     </span>
    </p>
   </div>
   <div class='ocr_carea' id='block_1_31' title="bbox 344 2760 1913 2845">
    <p class='ocr_par' dir='ltr' id='par_1_31' title="bbox 344 2760 1913 2845">
     <span class='ocr_line' id='line_1_31' title="bbox 344 2760 1913 2845; baseline 0.012 -35"><span class='ocrx_word' id='word_1_204' title='bbox 344 2760 635 2829; x_wconf 77' lang='grc' dir='ltr'>πειρᾶσθαι</span> <span class='ocrx_word' id='word_1_205' title='bbox 680 2766 886 2836; x_wconf 81' lang='grc' dir='ltr'>παρῆν,</span> <span class='ocrx_word' id='word_1_206' title='bbox 940 2768 1099 2823; x_wconf 73' lang='grc' dir='ltr'>οὐδὲν</span> <span class='ocrx_word' id='word_1_207' title='bbox 1148 2770 1216 2823; x_wconf 85' lang='grc' dir='ltr'>ἂν</span> <span class='ocrx_word' id='word_1_208' title='bbox 1263 2766 1332 2842; x_wconf 76' lang='grc' dir='ltr'>ἦν</span> <span class='ocrx_word' id='word_1_209' title='bbox 1361 2775 1597 2843; x_wconf 77' lang='grc' dir='ltr'>πρᾶγμα</span> <span class='ocrx_word' id='word_1_210' title='bbox 1636 2774 1913 2845; x_wconf 89' lang='grc' dir='ltr'>τοσοῦτον,</span> 
     </span>
    </p>
   </div>
   <div class='ocr_carea' id='block_1_32' title="bbox 339 2847 1918 2934">
    <p class='ocr_par' dir='ltr' id='par_1_32' title="bbox 339 2847 1918 2934">
     <span class='ocr_line' id='line_1_32' title="bbox 339 2847 1918 2934; baseline 0.012 -35"><span class='ocrx_word' id='word_1_211' title='bbox 339 2847 464 2901; x_wconf 80' lang='grc' dir='ltr'>ὅσον</span> <span class='ocrx_word' id='word_1_212' title='bbox 517 2866 581 2917; x_wconf 84' lang='grc' dir='ltr'><strong>γε</strong></span> <span class='ocrx_word' id='word_1_213' title='bbox 628 2852 722 2905; x_wconf 89' lang='grc' dir='ltr'><strong>σοῦ</strong></span> <span class='ocrx_word' id='word_1_214' title='bbox 780 2855 1071 2924; x_wconf 83' lang='grc' dir='ltr'>παρόντος,</span> <span class='ocrx_word' id='word_1_215' title='bbox 1121 2856 1326 2927; x_wconf 70' lang='grc' dir='ltr'>μᾶλλον</span> <span class='ocrx_word' id='word_1_216' title='bbox 1382 2861 1440 2914; x_wconf 82' lang='grc' dir='ltr'>δὲ</span> <span class='ocrx_word' id='word_1_217' title='bbox 1480 2862 1630 2916; x_wconf 73' lang='grc' dir='ltr'>οὐδὲν</span> <span class='ocrx_word' id='word_1_218' title='bbox 1661 2862 1727 2916; x_wconf 86' lang='grc' dir='ltr'>ἂν</span> <span class='ocrx_word' id='word_1_219' title='bbox 1758 2858 1827 2934; x_wconf 81' lang='grc' dir='ltr'><strong>ῆν</strong></span> <span class='ocrx_word' id='word_1_220' title='bbox 1856 2864 1918 2918; x_wconf 85' lang='grc' dir='ltr'><strong>τὸ</strong></span> 
     </span>
    </p>
   </div>
   <div class='ocr_carea' id='block_1_33' title="bbox 344 2941 1920 3026">
    <p class='ocr_par' dir='ltr' id='par_1_33' title="bbox 344 2941 1920 3026">
     <span class='ocr_line' id='line_1_33' title="bbox 344 2941 1920 3026; baseline 0.012 -34"><span class='ocrx_word' id='word_1_221' title='bbox 344 2941 627 3012; x_wconf 75' lang='grc' dir='ltr'>παράπαν,</span> <span class='ocrx_word' id='word_1_222' title='bbox 666 2946 740 3016; x_wconf 85' lang='grc' dir='ltr'>μὴ</span> <span class='ocrx_word' id='word_1_223' title='bbox 772 2948 867 3001; x_wconf 91' lang='grc' dir='ltr'><strong>σοῦ</strong></span> <span class='ocrx_word' id='word_1_224' title='bbox 898 2951 1189 3020; x_wconf 73' lang='grc' dir='ltr'>παρόντος.</span> <span class='ocrx_word' id='word_1_225' title='bbox 1222 2952 1322 3007; x_wconf 57' lang='lat' dir='ltr'><strong>Ara</strong></span> <span class='ocrx_word' id='word_1_226' title='bbox 1350 2952 1443 3019; x_wconf 89' lang='grc' dir='ltr'>τί;</span> <span class='ocrx_word' id='word_1_227' title='bbox 1476 2949 1545 3025; x_wconf 79' lang='grc' dir='ltr'><strong>ἧς</strong></span> <span class='ocrx_word' id='word_1_228' title='bbox 1570 2953 1637 3009; x_wconf 79' lang='grc' dir='ltr'>ἂν</span> <span class='ocrx_word' id='word_1_229' title='bbox 1670 2955 1920 3026; x_wconf 73' lang='grc' dir='ltr'>μετείχοο</span> 
     </span>
    </p>
   </div>
   <div class='ocr_carea' id='block_1_34' title="bbox 347 3036 1912 3119">
    <p class='ocr_par' dir='ltr' id='par_1_34' title="bbox 347 3036 1912 3119">
     <span class='ocr_line' id='line_1_34' title="bbox 347 3036 1912 3119; baseline 0.011 -32"><span class='ocrx_word' id='word_1_230' title='bbox 347 3050 447 3103; x_wconf 81' lang='grc' dir='ltr'><strong>μεν</strong></span> <span class='ocrx_word' id='word_1_231' title='bbox 471 3036 687 3108; x_wconf 77' lang='grc' dir='ltr'>ἡδονῆς,</span> <span class='ocrx_word' id='word_1_232' title='bbox 717 3042 767 3093; x_wconf 86' lang='grc' dir='ltr'><strong>εί</strong></span> <span class='ocrx_word' id='word_1_233' title='bbox 798 3042 1055 3112; x_wconf 83' lang='grc' dir='ltr'>παρῆσθα</span> <span class='ocrx_word' id='word_1_234' title='bbox 1078 3044 1275 3115; x_wconf 88' lang='grc' dir='ltr'>(τοῦτο</span> <span class='ocrx_word' id='word_1_235' title='bbox 1303 3045 1348 3099; x_wconf 86' lang='grc' dir='ltr'>δ’</span> <span class='ocrx_word' id='word_1_236' title='bbox 1372 3041 1442 3119; x_wconf 80' lang='grc' dir='ltr'>ἦν</span> <span class='ocrx_word' id='word_1_237' title='bbox 1469 3049 1912 3119; x_wconf 78' lang='grc' dir='ltr'>συναγωνιζομέ-</span> 
     </span>
    </p>
   </div>
   <div class='ocr_carea' id='block_1_35' title="bbox 2020 576 3604 650">
    <p class='ocr_par' dir='ltr' id='par_1_35' title="bbox 2020 576 3604 650">
     <span class='ocr_line' id='line_1_35' title="bbox 2020 576 3604 650; baseline 0 -19"><span class='ocrx_word' id='word_1_238' title='bbox 2020 577 2074 631; x_wconf 90' lang='lat' dir='ltr'><strong>in</strong></span> <span class='ocrx_word' id='word_1_239' title='bbox 2125 576 2367 633; x_wconf 86' lang='lat' dir='ltr'><strong>medium</strong></span> <span class='ocrx_word' id='word_1_240' title='bbox 2423 578 2722 649; x_wconf 83' lang='lat' dir='ltr'><strong>proferam,</strong></span> <span class='ocrx_word' id='word_1_241' title='bbox 2769 593 2798 632; x_wconf 93' lang='lat' dir='ltr'><strong>a</strong></span> <span class='ocrx_word' id='word_1_242' title='bbox 2839 594 2925 634; x_wconf 91' lang='lat' dir='ltr'><strong>me</strong></span> <span class='ocrx_word' id='word_1_243' title='bbox 2973 579 3092 650; x_wconf 92' lang='lat' dir='ltr'><strong>ipso</strong></span> <span class='ocrx_word' id='word_1_244' title='bbox 3121 578 3402 648; x_wconf 89' lang='lat' dir='ltr'><strong>specimen</strong></span> <span class='ocrx_word' id='word_1_245' title='bbox 3427 576 3604 632; x_wconf 74' lang='lat' dir='ltr'><strong>infau-</strong></span> 
     </span>
    </p>
   </div>
   <div class='ocr_carea' id='block_1_36' title="bbox 2021 687 3599 760">
    <p class='ocr_par' dir='ltr' id='par_1_36' title="bbox 2021 687 3599 760">
     <span class='ocr_line' id='line_1_36' title="bbox 2021 687 3599 760; baseline 0.001 -19"><span class='ocrx_word' id='word_1_246' title='bbox 2021 697 2164 742; x_wconf 90' lang='lat' dir='ltr'><strong>stum</strong></span> <span class='ocrx_word' id='word_1_247' title='bbox 2223 689 2513 744; x_wconf 88' lang='lat' dir='ltr'><strong>sumendo.</strong></span> <span class='ocrx_word' id='word_1_248' title='bbox 2565 687 2745 745; x_wconf 86' lang='lat' dir='ltr'><strong>Nimia</strong></span> <span class='ocrx_word' id='word_1_249' title='bbox 2810 689 2958 745; x_wconf 91' lang='lat' dir='ltr'><strong>enim</strong></span> <span class='ocrx_word' id='word_1_250' title='bbox 3018 698 3360 745; x_wconf 72' lang='lat' dir='ltr'><strong>monstratur</strong></span> <span class='ocrx_word' id='word_1_251' title='bbox 3413 704 3599 760; x_wconf 67' lang='lat' dir='ltr'><strong>paena,</strong></span> 
     </span>
    </p>
   </div>
   <div class='ocr_carea' id='block_1_37' title="bbox 2019 792 3601 875">
    <p class='ocr_par' dir='ltr' id='par_1_37' title="bbox 2019 792 3601 875">
     <span class='ocr_line' id='line_1_37' title="bbox 2019 792 3601 875; baseline 0.001 -19"><span class='ocrx_word' id='word_1_252' title='bbox 2019 810 2074 856; x_wconf 91' lang='lat' dir='ltr'><strong>et</strong></span> <span class='ocrx_word' id='word_1_253' title='bbox 2132 803 2178 857; x_wconf 90' lang='lat' dir='ltr'><strong>si</strong></span> <span class='ocrx_word' id='word_1_254' title='bbox 2224 803 2485 858; x_wconf 81' lang='lat' dir='ltr'><strong>referrem</strong></span> <span class='ocrx_word' id='word_1_255' title='bbox 2537 804 2741 875; x_wconf 85' lang='lat' dir='ltr'><strong>quibus</strong></span> <span class='ocrx_word' id='word_1_256' title='bbox 2800 804 2967 861; x_wconf 87' lang='lat' dir='ltr'><strong>rebus</strong></span> <span class='ocrx_word' id='word_1_257' title='bbox 3032 805 3263 874; x_wconf 75' lang='lat' dir='ltr'><strong>privor,</strong></span> <span class='ocrx_word' id='word_1_258' title='bbox 3316 792 3601 874; x_wconf 78' lang='lat' dir='ltr'><strong>stuporem</strong></span> 
     </span>
    </p>
   </div>
   <div class='ocr_carea' id='block_1_38' title="bbox 2019 913 3600 986">
    <p class='ocr_par' dir='ltr' id='par_1_38' title="bbox 2019 913 3600 986">
     <span class='ocr_line' id='line_1_38' title="bbox 2019 913 3600 986; baseline 0.001 -18"><span class='ocrx_word' id='word_1_259' title='bbox 2019 928 2150 968; x_wconf 85' lang='lat' dir='ltr'><strong>sane</strong></span> <span class='ocrx_word' id='word_1_260' title='bbox 2195 914 2528 981; x_wconf 81' lang='lat' dir='ltr'><strong>excitarem;</strong></span> <span class='ocrx_word' id='word_1_261' title='bbox 2596 913 2743 969; x_wconf 86' lang='lat' dir='ltr'><strong>unde</strong></span> <span class='ocrx_word' id='word_1_262' title='bbox 2805 914 2990 971; x_wconf 81' lang='lat' dir='ltr'><strong>videre</strong></span> <span class='ocrx_word' id='word_1_263' title='bbox 3029 926 3188 986; x_wconf 89' lang='lat' dir='ltr'><strong>potes</strong></span> <span class='ocrx_word' id='word_1_264' title='bbox 3215 915 3359 986; x_wconf 88' lang='lat' dir='ltr'><strong>quod</strong></span> <span class='ocrx_word' id='word_1_265' title='bbox 3383 930 3482 986; x_wconf 83' lang='lat' dir='ltr'><strong>ego</strong></span> <span class='ocrx_word' id='word_1_266' title='bbox 3513 914 3600 970; x_wconf 51' lang='lat' dir='ltr'><strong>in.</strong></span> 
     </span>
    </p>
   </div>
   <div class='ocr_carea' id='block_1_39' title="bbox 2019 1028 3600 1103">
    <p class='ocr_par' dir='ltr' id='par_1_39' title="bbox 2019 1028 3600 1103">
     <span class='ocr_line' id='line_1_39' title="bbox 2019 1028 3600 1103; baseline 0.001 -18"><span class='ocrx_word' id='word_1_267' title='bbox 2019 1028 2419 1086; x_wconf 86' lang='lat' dir='ltr'><strong>dissolubiliter</strong></span> <span class='ocrx_word' id='word_1_268' title='bbox 2474 1031 2575 1087; x_wconf 91' lang='lat' dir='ltr'><strong>tibi</strong></span> <span class='ocrx_word' id='word_1_269' title='bbox 2623 1032 2886 1100; x_wconf 70' lang='lat' dir='ltr'><strong>inlmreo,</strong></span> <span class='ocrx_word' id='word_1_270' title='bbox 2911 1032 3133 1102; x_wconf 88' lang='lat' dir='ltr'><strong>etquod</strong></span> <span class='ocrx_word' id='word_1_271' title='bbox 3168 1044 3223 1088; x_wconf 90' lang='lat' dir='ltr'><strong>tu</strong></span> <span class='ocrx_word' id='word_1_272' title='bbox 3258 1032 3374 1103; x_wconf 85' lang='lat' dir='ltr'><strong>ipse</strong></span> <span class='ocrx_word' id='word_1_273' title='bbox 3395 1032 3600 1102; x_wconf 82' lang='lat' dir='ltr'><strong>optima</strong></span> 
     </span>
    </p>
   </div>
   <div class='ocr_carea' id='block_1_40' title="bbox 2018 1146 3602 1217">
    <p class='ocr_par' dir='ltr' id='par_1_40' title="bbox 2018 1146 3602 1217">
     <span class='ocr_line' id='line_1_40' title="bbox 2018 1146 3602 1217; baseline 0.001 -18"><span class='ocrx_word' id='word_1_274' title='bbox 2018 1159 2255 1215; x_wconf 52' lang='lat' dir='ltr'><strong>qua‘que</strong></span> <span class='ocrx_word' id='word_1_275' title='bbox 2279 1147 2509 1201; x_wconf 88' lang='lat' dir='ltr'><strong>mereris</strong></span> <span class='ocrx_word' id='word_1_276' title='bbox 2537 1164 2551 1211; x_wconf 84' lang='lat'><strong>;</strong></span> <span class='ocrx_word' id='word_1_277' title='bbox 2589 1147 2787 1202; x_wconf 89' lang='lat' dir='ltr'><strong>tertius</strong></span> <span class='ocrx_word' id='word_1_278' title='bbox 2816 1146 3053 1217; x_wconf 85' lang='lat' dir='ltr'><strong>denique</strong></span> <span class='ocrx_word' id='word_1_279' title='bbox 3091 1149 3176 1203; x_wconf 72' lang='lat' dir='ltr'><strong>vel</strong></span> <span class='ocrx_word' id='word_1_280' title='bbox 3213 1146 3345 1202; x_wconf 87' lang='lat' dir='ltr'><strong>illud</strong></span> <span class='ocrx_word' id='word_1_281' title='bbox 3371 1148 3602 1201; x_wconf 88' lang='lat' dir='ltr'><strong>addide-</strong></span> 
     </span>
    </p>
   </div>
   <div class='ocr_carea' id='block_1_41' title="bbox 2019 1261 3599 1335">
    <p class='ocr_par' dir='ltr' id='par_1_41' title="bbox 2019 1261 3599 1335">
     <span class='ocr_line' id='line_1_41' title="bbox 2019 1261 3599 1335; baseline 0.003 -21"><span class='ocrx_word' id='word_1_282' title='bbox 2019 1261 2113 1328; x_wconf 87' lang='lat' dir='ltr'><strong>rit,</strong></span> <span class='ocrx_word' id='word_1_283' title='bbox 2146 1262 2293 1332; x_wconf 87' lang='lat' dir='ltr'><strong>quod</strong></span> <span class='ocrx_word' id='word_1_284' title='bbox 2330 1262 2398 1317; x_wconf 88' lang='lat' dir='ltr'><strong>ab</strong></span> <span class='ocrx_word' id='word_1_285' title='bbox 2433 1264 2548 1332; x_wconf 87' lang='lat' dir='ltr'><strong>ipsa</strong></span> <span class='ocrx_word' id='word_1_286' title='bbox 2580 1263 2784 1318; x_wconf 80' lang='lat' dir='ltr'><strong>unione</strong></span> <span class='ocrx_word' id='word_1_287' title='bbox 2851 1265 3216 1335; x_wconf 79' lang='lat' dir='ltr'><strong>pyrriohicam</strong></span> <span class='ocrx_word' id='word_1_288' title='bbox 3251 1265 3599 1319; x_wconf 80' lang='lat' dir='ltr'><strong>saltationem</strong></span> 
     </span>
    </p>
   </div>
   <div class='ocr_carea' id='block_1_42' title="bbox 2018 1372 2930 1449">
    <p class='ocr_par' dir='ltr' id='par_1_42' title="bbox 2018 1372 2930 1449">
     <span class='ocr_line' id='line_1_42' title="bbox 2018 1372 2930 1449; baseline -0.001 -17"><span class='ocrx_word' id='word_1_289' title='bbox 2018 1384 2075 1432; x_wconf 87' lang='lat' dir='ltr'><strong>et</strong></span> <span class='ocrx_word' id='word_1_290' title='bbox 2117 1372 2476 1433; x_wconf 77' lang='lat' dir='ltr'><strong>bacchanalia</strong></span> <span class='ocrx_word' id='word_1_291' title='bbox 2518 1378 2930 1449; x_wconf 85' lang='lat' dir='ltr'><strong>producuntur.</strong></span> 
     </span>
    </p>
   </div>
   <div class='ocr_carea' id='block_1_43' title="bbox 2091 1664 3591 1736">
    <p class='ocr_par' dir='ltr' id='par_1_43' title="bbox 2091 1664 3591 1736">
     <span class='ocr_line' id='line_1_43' title="bbox 2091 1664 3591 1736; baseline -0.001 -15"><span class='ocrx_word' id='word_1_292' title='bbox 2091 1665 2454 1722; x_wconf 83' lang='lat' dir='ltr'><strong>Proverbium</strong></span> <span class='ocrx_word' id='word_1_293' title='bbox 2511 1666 2689 1736; x_wconf 82' lang='lat' dir='ltr'><strong>ipsum</strong></span> <span class='ocrx_word' id='word_1_294' title='bbox 2754 1667 2946 1736; x_wconf 77' lang='lat' dir='ltr'><strong>patria:</strong></span> <span class='ocrx_word' id='word_1_295' title='bbox 3005 1665 3184 1720; x_wconf 87' lang='lat' dir='ltr'><strong>solum</strong></span> <span class='ocrx_word' id='word_1_296' title='bbox 3207 1664 3438 1719; x_wconf 82' lang='lat' dir='ltr'><strong>charum</strong></span> <span class='ocrx_word' id='word_1_297' title='bbox 3471 1679 3591 1720; x_wconf 87' lang='lat' dir='ltr'><strong>esse</strong></span> 
     </span>
    </p>
   </div>
   <div class='ocr_carea' id='block_1_44' title="bbox 2020 1779 3611 1857">
    <p class='ocr_par' dir='ltr' id='par_1_44' title="bbox 2020 1779 3611 1857">
     <span class='ocr_line' id='line_1_44' title="bbox 2020 1779 3611 1857; baseline 0.002 -25"><span class='ocrx_word' id='word_1_298' title='bbox 2020 1779 2299 1851; x_wconf 70' lang='lat' dir='ltr'><strong>prtedicat,</strong></span> <span class='ocrx_word' id='word_1_299' title='bbox 2360 1788 2416 1835; x_wconf 88' lang='lat' dir='ltr'><strong>et</strong></span> <span class='ocrx_word' id='word_1_300' title='bbox 2454 1779 2727 1836; x_wconf 81' lang='lat' dir='ltr'><strong>Homerus</strong></span> <span class='ocrx_word' id='word_1_301' title='bbox 2788 1779 2906 1850; x_wconf 88' lang='lat' dir='ltr'><strong>ipse</strong></span> <span class='ocrx_word' id='word_1_302' title='bbox 2962 1787 3197 1835; x_wconf 82' lang='lat' dir='ltr'><strong>testatur</strong></span> <span class='ocrx_word' id='word_1_303' title='bbox 3245 1780 3383 1833; x_wconf 85' lang='lat' dir='ltr'><strong>nihil</strong></span> <span class='ocrx_word' id='word_1_304' title='bbox 3417 1781 3611 1857; x_wconf 35' lang='lat' dir='ltr'><strong>patria‘</strong></span> 
     </span>
    </p>
   </div>
   <div class='ocr_carea' id='block_1_45' title="bbox 2018 1894 3592 1966">
    <p class='ocr_par' dir='ltr' id='par_1_45' title="bbox 2018 1894 3592 1966">
     <span class='ocr_line' id='line_1_45' title="bbox 2018 1894 3592 1966; baseline -0.001 -16"><span class='ocrx_word' id='word_1_305' title='bbox 2018 1905 2077 1950; x_wconf 91' lang='lat' dir='ltr'><strong>et</strong></span> <span class='ocrx_word' id='word_1_306' title='bbox 2135 1894 2462 1964; x_wconf 84' lang='lat' dir='ltr'><strong>parentibus</strong></span> <span class='ocrx_word' id='word_1_307' title='bbox 2513 1895 2731 1951; x_wconf 84' lang='lat' dir='ltr'><strong>dulcius</strong></span> <span class='ocrx_word' id='word_1_308' title='bbox 2784 1910 2936 1951; x_wconf 88' lang='lat' dir='ltr'><strong>esse:</strong></span> <span class='ocrx_word' id='word_1_309' title='bbox 2991 1906 3048 1951; x_wconf 88' lang='lat' dir='ltr'><strong>at</strong></span> <span class='ocrx_word' id='word_1_310' title='bbox 3076 1896 3193 1950; x_wconf 72' lang='lat' dir='ltr'><strong>haec</strong></span> <span class='ocrx_word' id='word_1_311' title='bbox 3219 1911 3329 1966; x_wconf 72' lang='lat' dir='ltr'><strong>przP</strong></span> <span class='ocrx_word' id='word_1_312' title='bbox 3367 1905 3417 1951; x_wconf 90' lang='lat' dir='ltr'><strong>te</strong></span> <span class='ocrx_word' id='word_1_313' title='bbox 3450 1895 3592 1950; x_wconf 74' lang='lat' dir='ltr'><strong>infe.</strong></span> 
     </span>
    </p>
   </div>
   <div class='ocr_carea' id='block_1_46' title="bbox 2017 2010 3603 2082">
    <p class='ocr_par' dir='ltr' id='par_1_46' title="bbox 2017 2010 3603 2082">
     <span class='ocr_line' id='line_1_46' title="bbox 2017 2010 3603 2082; baseline -0.001 -15"><span class='ocrx_word' id='word_1_314' title='bbox 2017 2013 2165 2068; x_wconf 87' lang='lat' dir='ltr'><strong>riora</strong></span> <span class='ocrx_word' id='word_1_315' title='bbox 2215 2010 2359 2080; x_wconf 82' lang='lat' dir='ltr'><strong>apud</strong></span> <span class='ocrx_word' id='word_1_316' title='bbox 2413 2026 2500 2066; x_wconf 91' lang='lat' dir='ltr'><strong>me</strong></span> <span class='ocrx_word' id='word_1_317' title='bbox 2555 2019 2684 2065; x_wconf 90' lang='lat' dir='ltr'><strong>sunt</strong></span> <span class='ocrx_word' id='word_1_318' title='bbox 2738 2020 2795 2067; x_wconf 91' lang='lat' dir='ltr'><strong>et</strong></span> <span class='ocrx_word' id='word_1_319' title='bbox 2861 2026 3054 2082; x_wconf 88' lang='lat' dir='ltr'><strong>parum</strong></span> <span class='ocrx_word' id='word_1_320' title='bbox 3099 2011 3259 2067; x_wconf 87' lang='lat' dir='ltr'><strong>abest</strong></span> <span class='ocrx_word' id='word_1_321' title='bbox 3313 2010 3444 2081; x_wconf 87' lang='lat' dir='ltr'><strong>quin</strong></span> <span class='ocrx_word' id='word_1_322' title='bbox 3483 2011 3603 2067; x_wconf 80' lang='lat' dir='ltr'><strong>istis</strong></span> 
     </span>
    </p>
   </div>
   <div class='ocr_carea' id='block_1_47' title="bbox 2025 2125 3603 2197">
    <p class='ocr_par' dir='ltr' id='par_1_47' title="bbox 2025 2125 3603 2197">
     <span class='ocr_line' id='line_1_47' title="bbox 2025 2125 3603 2197; baseline -0.001 -16"><span class='ocrx_word' id='word_1_323' title='bbox 2025 2126 2305 2182; x_wconf 86' lang='lat' dir='ltr'><strong>contraria</strong></span> <span class='ocrx_word' id='word_1_324' title='bbox 2361 2127 2620 2192; x_wconf 88' lang='lat' dir='ltr'><strong>sentiam,</strong></span> <span class='ocrx_word' id='word_1_325' title='bbox 2678 2125 2756 2181; x_wconf 89' lang='lat' dir='ltr'><strong>tui</strong></span> <span class='ocrx_word' id='word_1_326' title='bbox 2813 2141 3001 2182; x_wconf 86' lang='lat' dir='ltr'><strong>amore</strong></span> <span class='ocrx_word' id='word_1_327' title='bbox 3071 2126 3294 2195; x_wconf 87' lang='lat' dir='ltr'><strong>ductus,</strong></span> <span class='ocrx_word' id='word_1_328' title='bbox 3325 2134 3380 2180; x_wconf 90' lang='lat' dir='ltr'><strong>et</strong></span> <span class='ocrx_word' id='word_1_329' title='bbox 3411 2136 3603 2197; x_wconf 89' lang='lat' dir='ltr'><strong>putem</strong></span> 
     </span>
    </p>
   </div>
   <div class='ocr_carea' id='block_1_48' title="bbox 2018 2239 3605 2311">
    <p class='ocr_par' dir='ltr' id='par_1_48' title="bbox 2018 2239 3605 2311">
     <span class='ocr_line' id='line_1_48' title="bbox 2018 2239 3605 2311; baseline 0 -18"><span class='ocrx_word' id='word_1_330' title='bbox 2018 2249 2169 2294; x_wconf 90' lang='lat' dir='ltr'><strong>tuam</strong></span> <span class='ocrx_word' id='word_1_331' title='bbox 2206 2239 2441 2309; x_wconf 88' lang='lat' dir='ltr'><strong>patriam</strong></span> <span class='ocrx_word' id='word_1_332' title='bbox 2473 2240 2806 2309; x_wconf 61' lang='lat' dir='ltr'><strong>meatipsius</strong></span> <span class='ocrx_word' id='word_1_333' title='bbox 2832 2239 3233 2311; x_wconf 66' lang='lat' dir='ltr'><strong>praeferendam</strong></span> <span class='ocrx_word' id='word_1_334' title='bbox 3261 2254 3406 2295; x_wconf 89' lang='lat' dir='ltr'><strong>esse.</strong></span> <span class='ocrx_word' id='word_1_335' title='bbox 3444 2239 3605 2295; x_wconf 84' lang='lat' dir='ltr'><strong>Sicut</strong></span> 
     </span>
    </p>
   </div>
   <div class='ocr_carea' id='block_1_49' title="bbox 2018 2349 3600 2422">
    <p class='ocr_par' dir='ltr' id='par_1_49' title="bbox 2018 2349 3600 2422">
     <span class='ocr_line' id='line_1_49' title="bbox 2018 2349 3600 2422; baseline 0.001 -17"><span class='ocrx_word' id='word_1_336' title='bbox 2018 2350 2167 2405; x_wconf 90' lang='lat' dir='ltr'><strong>enim</strong></span> <span class='ocrx_word' id='word_1_337' title='bbox 2206 2349 2362 2421; x_wconf 86' lang='lat' dir='ltr'><strong>prius</strong></span> <span class='ocrx_word' id='word_1_338' title='bbox 2402 2350 2695 2422; x_wconf 71' lang='lat' dir='ltr'><strong>praesentia</strong></span> <span class='ocrx_word' id='word_1_339' title='bbox 2729 2358 2821 2406; x_wconf 91' lang='lat' dir='ltr'><strong>tua</strong></span> <span class='ocrx_word' id='word_1_340' title='bbox 2876 2351 3037 2406; x_wconf 89' lang='lat' dir='ltr'><strong>nobis</strong></span> <span class='ocrx_word' id='word_1_341' title='bbox 3069 2360 3395 2406; x_wconf 83' lang='lat' dir='ltr'><strong>ornamento</strong></span> <span class='ocrx_word' id='word_1_342' title='bbox 3426 2351 3600 2415; x_wconf 82' lang='lat' dir='ltr'><strong>fuisti,</strong></span> 
     </span>
    </p>
   </div>
   <div class='ocr_carea' id='block_1_50' title="bbox 2016 2464 3606 2535">
    <p class='ocr_par' dir='ltr' id='par_1_50' title="bbox 2016 2464 3606 2535">
     <span class='ocr_line' id='line_1_50' title="bbox 2016 2464 3606 2535; baseline -0.001 -14"><span class='ocrx_word' id='word_1_343' title='bbox 2016 2473 2074 2521; x_wconf 86' lang='lat' dir='ltr'><strong>et</strong></span> <span class='ocrx_word' id='word_1_344' title='bbox 2114 2474 2176 2519; x_wconf 85' lang='lat' dir='ltr'><strong>ut</strong></span> <span class='ocrx_word' id='word_1_345' title='bbox 2228 2480 2420 2520; x_wconf 89' lang='lat' dir='ltr'><strong>omnes</strong></span> <span class='ocrx_word' id='word_1_346' title='bbox 2467 2464 2545 2520; x_wconf 90' lang='lat' dir='ltr'><strong>tui</strong></span> <span class='ocrx_word' id='word_1_347' title='bbox 2586 2479 2750 2520; x_wconf 87' lang='lat' dir='ltr'><strong>causa</strong></span> <span class='ocrx_word' id='word_1_348' title='bbox 2811 2464 3098 2522; x_wconf 85' lang='lat' dir='ltr'><strong>nobiscum</strong></span> <span class='ocrx_word' id='word_1_349' title='bbox 3161 2464 3364 2535; x_wconf 79' lang='lat' dir='ltr'><strong>gaudio</strong></span> <span class='ocrx_word' id='word_1_350' title='bbox 3418 2464 3606 2520; x_wconf 82' lang='lat' dir='ltr'><strong>indul-</strong></span> 
     </span>
    </p>
   </div>
   <div class='ocr_carea' id='block_1_51' title="bbox 2019 2573 3604 2649">
    <p class='ocr_par' dir='ltr' id='par_1_51' title="bbox 2019 2573 3604 2649">
     <span class='ocr_line' id='line_1_51' title="bbox 2019 2573 3604 2649; baseline -0.002 -18"><span class='ocrx_word' id='word_1_351' title='bbox 2019 2579 2243 2649; x_wconf 80' lang='lat' dir='ltr'><strong>gebant,</strong></span> <span class='ocrx_word' id='word_1_352' title='bbox 2304 2576 2384 2632; x_wconf 90' lang='lat' dir='ltr'><strong>sic</strong></span> <span class='ocrx_word' id='word_1_353' title='bbox 2439 2576 2535 2647; x_wconf 85' lang='lat' dir='ltr'><strong>qui</strong></span> <span class='ocrx_word' id='word_1_354' title='bbox 2590 2590 2739 2630; x_wconf 91' lang='lat' dir='ltr'><strong>nunc</strong></span> <span class='ocrx_word' id='word_1_355' title='bbox 2801 2582 2852 2630; x_wconf 88' lang='lat' dir='ltr'><strong>te</strong></span> <span class='ocrx_word' id='word_1_356' title='bbox 2906 2573 3213 2644; x_wconf 77' lang='lat' dir='ltr'><strong>possident,</strong></span> <span class='ocrx_word' id='word_1_357' title='bbox 3253 2589 3457 2646; x_wconf 84' lang='lat' dir='ltr'><strong>negare</strong></span> <span class='ocrx_word' id='word_1_358' title='bbox 3494 2590 3604 2629; x_wconf 89' lang='lat' dir='ltr'><strong>non</strong></span> 
     </span>
    </p>
   </div>
   <div class='ocr_carea' id='block_1_52' title="bbox 2020 2689 3609 2762">
    <p class='ocr_par' dir='ltr' id='par_1_52' title="bbox 2020 2689 3609 2762">
     <span class='ocr_line' id='line_1_52' title="bbox 2020 2689 3609 2762; baseline 0.001 -17"><span class='ocrx_word' id='word_1_359' title='bbox 2020 2698 2302 2762; x_wconf 89' lang='lat' dir='ltr'><strong>poterunt,</strong></span> <span class='ocrx_word' id='word_1_360' title='bbox 2331 2690 2593 2760; x_wconf 80' lang='lat' dir='ltr'><strong>grandem</strong></span> <span class='ocrx_word' id='word_1_361' title='bbox 2627 2706 2687 2746; x_wconf 91' lang='lat' dir='ltr'><strong>se</strong></span> <span class='ocrx_word' id='word_1_362' title='bbox 2720 2690 3043 2746; x_wconf 81' lang='lat' dir='ltr'><strong>thesaurum</strong></span> <span class='ocrx_word' id='word_1_363' title='bbox 3096 2689 3401 2761; x_wconf 88' lang='lat' dir='ltr'><strong>possidere.</strong></span> <span class='ocrx_word' id='word_1_364' title='bbox 3437 2689 3609 2746; x_wconf 82' lang='lat' dir='ltr'><strong>Nobis</strong></span> 
     </span>
    </p>
   </div>
   <div class='ocr_carea' id='block_1_53' title="bbox 2018 2799 3608 2881">
    <p class='ocr_par' dir='ltr' id='par_1_53' title="bbox 2018 2799 3608 2881">
     <span class='ocr_line' id='line_1_53' title="bbox 2018 2799 3608 2881; baseline 0 -25"><span class='ocrx_word' id='word_1_365' title='bbox 2018 2802 2243 2881; x_wconf 77' lang='lat' dir='ltr'><strong>quidem</strong></span> <span class='ocrx_word' id='word_1_366' title='bbox 2296 2803 2417 2874; x_wconf 87' lang='lat' dir='ltr'><strong>ipsa</strong></span> <span class='ocrx_word' id='word_1_367' title='bbox 2480 2800 2724 2857; x_wconf 89' lang='lat' dir='ltr'><strong>secunda</strong></span> <span class='ocrx_word' id='word_1_368' title='bbox 2781 2799 3007 2857; x_wconf 80' lang='lat' dir='ltr'><strong>fortuna</strong></span> <span class='ocrx_word' id='word_1_369' title='bbox 3068 2801 3188 2856; x_wconf 87' lang='lat' dir='ltr'><strong>sine</strong></span> <span class='ocrx_word' id='word_1_370' title='bbox 3216 2811 3269 2856; x_wconf 89' lang='lat' dir='ltr'><strong>te</strong></span> <span class='ocrx_word' id='word_1_371' title='bbox 3312 2803 3496 2856; x_wconf 87' lang='lat' dir='ltr'><strong>minus</strong></span> <span class='ocrx_word' id='word_1_372' title='bbox 3520 2816 3608 2856; x_wconf 88' lang='lat' dir='ltr'><strong>se-</strong></span> 
     </span>
    </p>
   </div>
   <div class='ocr_carea' id='block_1_54' title="bbox 2021 2914 3600 2985">
    <p class='ocr_par' dir='ltr' id='par_1_54' title="bbox 2021 2914 3600 2985">
     <span class='ocr_line' id='line_1_54' title="bbox 2021 2914 3600 2985; baseline -0.003 -14"><span class='ocrx_word' id='word_1_373' title='bbox 2021 2916 2203 2971; x_wconf 88' lang='lat' dir='ltr'><strong>cunda</strong></span> <span class='ocrx_word' id='word_1_374' title='bbox 2244 2916 2552 2972; x_wconf 81' lang='lat' dir='ltr'><strong>videretur.</strong></span> <span class='ocrx_word' id='word_1_375' title='bbox 2582 2916 2769 2984; x_wconf 84' lang='lat' dir='ltr'><strong>Quare</strong></span> <span class='ocrx_word' id='word_1_376' title='bbox 2800 2915 3068 2970; x_wconf 83' lang='lat' dir='ltr'><strong>tandem?</strong></span> <span class='ocrx_word' id='word_1_377' title='bbox 3096 2915 3225 2985; x_wconf 83' lang='lat' dir='ltr'><strong>quia</strong></span> <span class='ocrx_word' id='word_1_378' title='bbox 3257 2914 3600 2984; x_wconf 85' lang='lat' dir='ltr'><strong>voluptatem</strong></span> 
     </span>
    </p>
   </div>
   <div class='ocr_carea' id='block_1_55' title="bbox 2022 3024 3606 3100">
    <p class='ocr_par' dir='ltr' id='par_1_55' title="bbox 2022 3024 3606 3100">
     <span class='ocr_line' id='line_1_55' title="bbox 2022 3024 3606 3100; baseline -0.004 -16"><span class='ocrx_word' id='word_1_379' title='bbox 2022 3045 2133 3100; x_wconf 87' lang='lat' dir='ltr'><strong>qua</strong></span> <span class='ocrx_word' id='word_1_380' title='bbox 2193 3038 2246 3085; x_wconf 87' lang='lat' dir='ltr'><strong>te</strong></span> <span class='ocrx_word' id='word_1_381' title='bbox 2307 3028 2621 3084; x_wconf 77' lang='lat' dir='ltr'><strong>frucremur</strong></span> <span class='ocrx_word' id='word_1_382' title='bbox 2676 3035 2948 3097; x_wconf 63' lang='lat' dir='ltr'><strong>praesente</strong></span> <span class='ocrx_word' id='word_1_383' title='bbox 3006 3025 3172 3099; x_wconf 84' lang='lat' dir='ltr'><strong>(quod</strong></span> <span class='ocrx_word' id='word_1_384' title='bbox 3231 3041 3355 3081; x_wconf 84' lang='lat' dir='ltr'><strong>cum</strong></span> <span class='ocrx_word' id='word_1_385' title='bbox 3384 3024 3606 3080; x_wconf 80' lang='lat' dir='ltr'><strong>fortuna</strong></span> 
     </span>
    </p>
   </div>
   <div class='ocr_carea' id='block_1_56' title="bbox 345 3123 1923 3213">
    <p class='ocr_par' dir='ltr' id='par_1_56' title="bbox 345 3130 1916 3213">
     <span class='ocr_line' id='line_1_56' title="bbox 345 3130 1916 3213; baseline 0.011 -33"><span class='ocrx_word' id='word_1_386' title='bbox 345 3145 437 3182; x_wconf 89' lang='grc' dir='ltr'><strong>νου</strong></span> <span class='ocrx_word' id='word_1_387' title='bbox 471 3130 568 3200; x_wconf 69' lang='lat'><strong>(5‘)</strong></span> <span class='ocrx_word' id='word_1_388' title='bbox 603 3135 667 3204; x_wconf 82' lang='grc' dir='ltr'><strong>τῇ</strong></span> <span class='ocrx_word' id='word_1_389' title='bbox 705 3134 845 3206; x_wconf 80' lang='grc' dir='ltr'>τύχῃ</span> <span class='ocrx_word' id='word_1_390' title='bbox 878 3139 971 3190; x_wconf 75' lang='grc' dir='ltr'>καὶ</span> <span class='ocrx_word' id='word_1_391' title='bbox 1024 3138 1090 3191; x_wconf 70' lang='grc' dir='ltr'><strong>τὰ</strong></span> <span class='ocrx_word' id='word_1_392' title='bbox 1119 3141 1255 3208; x_wconf 78' lang='grc' dir='ltr'>παρ’</span> <span class='ocrx_word' id='word_1_393' title='bbox 1301 3139 1520 3210; x_wconf 71' lang='grc' dir='ltr'>ἐκείνης</span> <span class='ocrx_word' id='word_1_394' title='bbox 1569 3142 1660 3195; x_wconf 75' lang='grc' dir='ltr'>ἐπὶ</span> <span class='ocrx_word' id='word_1_395' title='bbox 1727 3144 1916 3213; x_wconf 82' lang='grc' dir='ltr'>μεῖζον</span> 
     </span>
    </p>
   </div>
   <div class='ocr_carea' id='block_1_57' title="bbox 2032 3123 3609 3213">
    <p class='ocr_par' dir='ltr' id='par_1_57' title="bbox 2032 3137 3609 3213">
     <span class='ocr_line' id='line_1_57' title="bbox 2032 3137 3609 3213; baseline -0.006 -14"><span class='ocrx_word' id='word_1_396' title='bbox 2032 3151 2260 3205; x_wconf 82' lang='lat' dir='ltr'><strong>certare,</strong></span> <span class='ocrx_word' id='word_1_397' title='bbox 2312 3143 2423 3198; x_wconf 91' lang='lat' dir='ltr'><strong>imo</strong></span> <span class='ocrx_word' id='word_1_398' title='bbox 2475 3142 2649 3212; x_wconf 85' lang='lat' dir='ltr'><strong>ipsam</strong></span> <span class='ocrx_word' id='word_1_399' title='bbox 2723 3140 2779 3195; x_wconf 92' lang='lat' dir='ltr'><strong>in</strong></span> <span class='ocrx_word' id='word_1_400' title='bbox 2811 3147 2988 3213; x_wconf 70' lang='lat' dir='ltr'><strong>majus</strong></span> <span class='ocrx_word' id='word_1_401' title='bbox 3023 3139 3213 3194; x_wconf 90' lang='lat' dir='ltr'><strong>tollere</strong></span> <span class='ocrx_word' id='word_1_402' title='bbox 3246 3137 3349 3207; x_wconf 88' lang='lat' dir='ltr'><strong>est)</strong></span> <span class='ocrx_word' id='word_1_403' title='bbox 3382 3137 3609 3193; x_wconf 90' lang='lat' dir='ltr'><strong>absente</strong></span> 
     </span>
    </p>
   </div>
   <div class='ocr_carea' id='block_1_58' title="bbox 344 3222 1916 3304">
    <p class='ocr_par' dir='ltr' id='par_1_58' title="bbox 344 3222 1916 3304">
     <span class='ocr_line' id='line_1_58' title="bbox 344 3222 1916 3304; baseline 0.01 -29"><span class='ocrx_word' id='word_1_404' title='bbox 344 3222 636 3296; x_wconf 70' lang='grc' dir='ltr'>αἴροντος),</span> <span class='ocrx_word' id='word_1_405' title='bbox 663 3226 870 3299; x_wconf 85' lang='grc' dir='ltr'>ταύτην</span> <span class='ocrx_word' id='word_1_406' title='bbox 915 3230 1016 3284; x_wconf 83' lang='grc' dir='ltr'>οὐκ</span> <span class='ocrx_word' id='word_1_407' title='bbox 1050 3230 1118 3285; x_wconf 82' lang='grc' dir='ltr'>ἂν</span> <span class='ocrx_word' id='word_1_408' title='bbox 1159 3232 1383 3302; x_wconf 82' lang='grc' dir='ltr'>εἴχομεν</span> <span class='ocrx_word' id='word_1_409' title='bbox 1414 3233 1787 3304; x_wconf 84' lang='grc' dir='ltr'>καρποῦσθαι,</span> <span class='ocrx_word' id='word_1_410' title='bbox 1817 3237 1916 3304; x_wconf 83' lang='grc' dir='ltr'><strong>τῆς</strong></span> 
     </span>
    </p>
   </div>
   <div class='ocr_carea' id='block_1_59' title="bbox 346 3315 1919 3398">
    <p class='ocr_par' dir='ltr' id='par_1_59' title="bbox 346 3315 1919 3398">
     <span class='ocr_line' id='line_1_59' title="bbox 346 3315 1919 3398; baseline 0.01 -30"><span class='ocrx_word' id='word_1_411' title='bbox 346 3315 450 3384; x_wconf 84' lang='grc' dir='ltr'><strong>σῆς</strong></span> <span class='ocrx_word' id='word_1_412' title='bbox 482 3317 752 3383; x_wconf 81' lang='grc' dir='ltr'>ἀπουσίας</span> <span class='ocrx_word' id='word_1_413' title='bbox 783 3321 874 3375; x_wconf 69' lang='grc' dir='ltr'>τὸν</span> <span class='ocrx_word' id='word_1_414' title='bbox 895 3322 1161 3394; x_wconf 75' lang='grc' dir='ltr'>λογισμὸν</span> <span class='ocrx_word' id='word_1_415' title='bbox 1194 3325 1580 3398; x_wconf 79' lang='grc' dir='ltr'>συνθολούσης,</span> <span class='ocrx_word' id='word_1_416' title='bbox 1608 3327 1685 3393; x_wconf 82' lang='grc' dir='ltr'><strong>ὡς</strong></span> <span class='ocrx_word' id='word_1_417' title='bbox 1709 3329 1919 3384; x_wconf 80' lang='grc' dir='ltr'><strong>ἐλάττω</strong></span> 
     </span>
    </p>
   </div>
   <div class='ocr_carea' id='block_1_60' title="bbox 347 3411 1920 3490">
    <p class='ocr_par' dir='ltr' id='par_1_60' title="bbox 347 3411 1920 3490">
     <span class='ocr_line' id='line_1_60' title="bbox 347 3411 1920 3490; baseline 0.008 -29"><span class='ocrx_word' id='word_1_418' title='bbox 347 3411 527 3464; x_wconf 83' lang='grc' dir='ltr'>πᾶσαν</span> <span class='ocrx_word' id='word_1_419' title='bbox 563 3411 762 3483; x_wconf 74' lang='grc' dir='ltr'>τέρψιν</span> <span class='ocrx_word' id='word_1_420' title='bbox 823 3414 1094 3481; x_wconf 75' lang='grc' dir='ltr'>ἡγεῖσθαι.</span> <span class='ocrx_word' id='word_1_421' title='bbox 1142 3417 1257 3471; x_wconf 85' lang='grc' dir='ltr'><strong>Νῦν</strong></span> <span class='ocrx_word' id='word_1_422' title='bbox 1286 3417 1366 3481; x_wconf 80' lang='grc' dir='ltr'>δὲ,</span> <span class='ocrx_word' id='word_1_423' title='bbox 1425 3418 1585 3490; x_wconf 82' lang='grc' dir='ltr'>εἴπερ</span> <span class='ocrx_word' id='word_1_424' title='bbox 1637 3421 1788 3486; x_wconf 76' lang='grc' dir='ltr'>ποτὲ,</span> <span class='ocrx_word' id='word_1_425' title='bbox 1824 3420 1920 3476; x_wconf 74' lang='grc' dir='ltr'>καὶ</span> 
     </span>
    </p>
   </div>
   <div class='ocr_carea' id='block_1_61' title="bbox 345 3498 1921 3582">
    <p class='ocr_par' dir='ltr' id='par_1_61' title="bbox 345 3498 1921 3582">
     <span class='ocr_line' id='line_1_61' title="bbox 345 3498 1921 3582; baseline 0.009 -30"><span class='ocrx_word' id='word_1_426' title='bbox 345 3498 443 3552; x_wconf 85' lang='grc' dir='ltr'><strong>νῦν</strong></span> <span class='ocrx_word' id='word_1_427' title='bbox 473 3501 691 3570; x_wconf 83' lang='grc' dir='ltr'>μάλισθ’</span> <span class='ocrx_word' id='word_1_428' title='bbox 739 3504 850 3558; x_wconf 81' lang='grc' dir='ltr'><strong>τῶν</strong></span> <span class='ocrx_word' id='word_1_429' title='bbox 882 3503 958 3575; x_wconf 87' lang='grc'><strong>(6)</strong></span> <span class='ocrx_word' id='word_1_430' title='bbox 988 3506 1098 3560; x_wconf 80' lang='grc' dir='ltr'><strong>σῶν</strong></span> <span class='ocrx_word' id='word_1_431' title='bbox 1145 3506 1355 3577; x_wconf 80' lang='grc' dir='ltr'>ίμέρων</span> <span class='ocrx_word' id='word_1_432' title='bbox 1384 3525 1445 3563; x_wconf 87' lang='grc' dir='ltr'><strong>τε</strong></span> <span class='ocrx_word' id='word_1_433' title='bbox 1476 3510 1571 3563; x_wconf 76' lang='grc' dir='ltr'><strong>καὶ</strong></span> <span class='ocrx_word' id='word_1_434' title='bbox 1608 3512 1921 3582; x_wconf 83' lang='grc' dir='ltr'>φαρμάκων</span> 
     </span>
    </p>
   </div>
   <div class='ocr_carea' id='block_1_62' title="bbox 346 3594 1922 3673">
    <p class='ocr_par' dir='ltr' id='par_1_62' title="bbox 346 3594 1922 3673">
     <span class='ocr_line' id='line_1_62' title="bbox 346 3594 1922 3673; baseline 0.007 -24"><span class='ocrx_word' id='word_1_435' title='bbox 346 3594 444 3649; x_wconf 71' lang='grc' dir='ltr'>καὶ</span> <span class='ocrx_word' id='word_1_436' title='bbox 491 3594 591 3665; x_wconf 84' lang='grc' dir='ltr'><strong>τῆς</strong></span> <span class='ocrx_word' id='word_1_437' title='bbox 639 3596 730 3651; x_wconf 68' lang='grc' dir='ltr'>διὰ</span> <span class='ocrx_word' id='word_1_438' title='bbox 766 3596 989 3653; x_wconf 82' lang='grc' dir='ltr'>πάντων</span> <span class='ocrx_word' id='word_1_439' title='bbox 1033 3599 1110 3663; x_wconf 82' lang='grc' dir='ltr'>ὡς</span> <span class='ocrx_word' id='word_1_440' title='bbox 1138 3600 1359 3671; x_wconf 81' lang='grc' dir='ltr'>ἀληθῶς</span> <span class='ocrx_word' id='word_1_441' title='bbox 1412 3601 1777 3673; x_wconf 79' lang='grc' dir='ltr'>ψυχαγωγίας</span> <span class='ocrx_word' id='word_1_442' title='bbox 1824 3605 1922 3660; x_wconf 62' lang='grc' dir='ltr'><strong>καλ⁹</strong></span> 
     </span>
    </p>
   </div>
   <div class='ocr_carea' id='block_1_63' title="bbox 349 3683 1921 3761">
    <p class='ocr_par' dir='ltr' id='par_1_63' title="bbox 349 3683 1921 3761">
     <span class='ocr_line' id='line_1_63' title="bbox 349 3683 1921 3761; baseline 0.008 -27"><span class='ocrx_word' id='word_1_443' title='bbox 349 3683 638 3753; x_wconf 84' lang='grc' dir='ltr'>μουσικῆς,</span> <span class='ocrx_word' id='word_1_444' title='bbox 678 3684 769 3739; x_wconf 83' lang='grc' dir='ltr'>ὅτε</span> <span class='ocrx_word' id='word_1_445' title='bbox 797 3686 892 3739; x_wconf 83' lang='grc' dir='ltr'>καὶ</span> <span class='ocrx_word' id='word_1_446' title='bbox 915 3686 1155 3757; x_wconf 83' lang='grc' dir='ltr'>μέγιστα</span> <span class='ocrx_word' id='word_1_447' title='bbox 1191 3687 1301 3742; x_wconf 84' lang='grc' dir='ltr'><strong>τῶν</strong></span> <span class='ocrx_word' id='word_1_448' title='bbox 1323 3687 1545 3743; x_wconf 84' lang='grc' dir='ltr'>πώποτε</span> <span class='ocrx_word' id='word_1_449' title='bbox 1582 3708 1921 3761; x_wconf 72' lang='grc' dir='ltr'>μνημονευθε-</span> 
     </span>
    </p>
   </div>
   <div class='ocr_carea' id='block_1_64' title="bbox 349 3769 1921 3850">
    <p class='ocr_par' dir='ltr' id='par_1_64' title="bbox 349 3769 1921 3850">
     <span class='ocr_line' id='line_1_64' title="bbox 349 3769 1921 3850; baseline 0.008 -28"><span class='ocrx_word' id='word_1_450' title='bbox 349 3769 527 3839; x_wconf 78' lang='grc' dir='ltr'>μένων</span> <span class='ocrx_word' id='word_1_451' title='bbox 560 3772 932 3843; x_wconf 81' lang='grc' dir='ltr'>πεπόνθαμεν,</span> <span class='ocrx_word' id='word_1_452' title='bbox 958 3774 1148 3846; x_wconf 82' lang='grc' dir='ltr'>ὥσπερ</span> <span class='ocrx_word' id='word_1_453' title='bbox 1181 3777 1277 3831; x_wconf 88' lang='grc' dir='ltr'><strong>τοῦ</strong></span> <span class='ocrx_word' id='word_1_454' title='bbox 1298 3777 1579 3850; x_wconf 79' lang='grc' dir='ltr'>δαιμονίου</span> <span class='ocrx_word' id='word_1_455' title='bbox 1613 3779 1921 3848; x_wconf 86' lang='grc' dir='ltr'>φιλονεικό-</span> 
     </span>
    </p>
   </div>
   <div class='ocr_carea' id='block_1_65' title="bbox 346 3863 1925 3946">
    <p class='ocr_par' dir='ltr' id='par_1_65' title="bbox 346 3863 1925 3946">
     <span class='ocr_line' id='line_1_65' title="bbox 346 3863 1925 3946; baseline 0.01 -34"><span class='ocrx_word' id='word_1_456' title='bbox 346 3876 506 3932; x_wconf 83' lang='grc' dir='ltr'>τερον</span> <span class='ocrx_word' id='word_1_457' title='bbox 524 3863 653 3934; x_wconf 73' lang='grc' dir='ltr'>ήμῖν</span> <span class='ocrx_word' id='word_1_458' title='bbox 678 3866 1182 3936; x_wconf 80' lang='grc' dir='ltr'>εἰσκεκωμακότος,</span> <span class='ocrx_word' id='word_1_459' title='bbox 1227 3870 1304 3933; x_wconf 86' lang='grc' dir='ltr'>ὡς</span> <span class='ocrx_word' id='word_1_460' title='bbox 1355 3870 1430 3940; x_wconf 78' lang='grc' dir='ltr'>μὴ</span> <span class='ocrx_word' id='word_1_461' title='bbox 1458 3872 1620 3942; x_wconf 85' lang='grc' dir='ltr'>μόνον</span> <span class='ocrx_word' id='word_1_462' title='bbox 1653 3873 1712 3939; x_wconf 77' lang='grc' dir='ltr'><strong>ἐξ</strong></span> <span class='ocrx_word' id='word_1_463' title='bbox 1737 3875 1925 3946; x_wconf 76' lang='grc' dir='ltr'>ἀντιρο</span> 
     </span>
    </p>
   </div>
   <div class='ocr_carea' id='block_1_66' title="bbox 352 3954 1923 4034">
    <p class='ocr_par' dir='ltr' id='par_1_66' title="bbox 352 3954 1923 4034">
     <span class='ocr_line' id='line_1_66' title="bbox 352 3954 1923 4034; baseline 0.007 -28"><span class='ocrx_word' id='word_1_464' title='bbox 352 3954 519 4024; x_wconf 68' lang='grc' dir='ltr'>ρόπου</span> <span class='ocrx_word' id='word_1_465' title='bbox 548 3955 627 4027; x_wconf 83' lang='grc' dir='ltr'><strong>τῷ</strong></span> <span class='ocrx_word' id='word_1_466' title='bbox 653 3958 922 4028; x_wconf 85' lang='grc' dir='ltr'>πρότερον</span> <span class='ocrx_word' id='word_1_467' title='bbox 954 3959 1098 4016; x_wconf 75' lang='grc' dir='ltr'>οὕτω</span> <span class='ocrx_word' id='word_1_468' title='bbox 1140 3961 1241 4025; x_wconf 81' lang='grc' dir='ltr'>τὰς</span> <span class='ocrx_word' id='word_1_469' title='bbox 1276 3965 1567 4034; x_wconf 79' lang='grc' dir='ltr'>συμφορὰς</span> <span class='ocrx_word' id='word_1_470' title='bbox 1599 3965 1923 4030; x_wconf 77' lang='grc' dir='ltr'>ἀντιθεῖναι,</span> 
     </span>
    </p>
   </div>
   <div class='ocr_carea' id='block_1_67' title="bbox 349 4047 1928 4123">
    <p class='ocr_par' dir='ltr' id='par_1_67' title="bbox 349 4047 1928 4123">
     <span class='ocr_line' id='line_1_67' title="bbox 349 4047 1928 4123; baseline 0.004 -25"><span class='ocrx_word' id='word_1_471' title='bbox 349 4047 486 4099; x_wconf 74' lang='grc' dir='ltr'>ἀλλὰ</span> <span class='ocrx_word' id='word_1_472' title='bbox 516 4049 610 4101; x_wconf 79' lang='grc' dir='ltr'>καὶ</span> <span class='ocrx_word' id='word_1_473' title='bbox 633 4049 770 4117; x_wconf 75' lang='grc' dir='ltr'>μετᾶ</span> <span class='ocrx_word' id='word_1_474' title='bbox 810 4048 1057 4117; x_wconf 79' lang='grc' dir='ltr'>μείζονος</span> <span class='ocrx_word' id='word_1_475' title='bbox 1088 4053 1189 4119; x_wconf 78' lang='grc' dir='ltr'><strong>τῆς</strong></span> <span class='ocrx_word' id='word_1_476' title='bbox 1211 4056 1570 4121; x_wconf 81' lang='grc' dir='ltr'>παρασκευῆς</span> <span class='ocrx_word' id='word_1_477' title='bbox 1597 4053 1635 4123; x_wconf 68' lang='grc' dir='ltr'>ἦ</span> <span class='ocrx_word' id='word_1_478' title='bbox 1656 4053 1777 4107; x_wconf 86' lang='grc' dir='ltr'>καθ’</span> <span class='ocrx_word' id='word_1_479' title='bbox 1799 4053 1928 4107; x_wconf 81' lang='grc' dir='ltr'>ὅσον</span> 
     </span>
    </p>
   </div>
   <div class='ocr_carea' id='block_1_68' title="bbox 351 4137 1606 4215">
    <p class='ocr_par' dir='ltr' id='par_1_68' title="bbox 351 4137 1606 4215">
     <span class='ocr_line' id='line_1_68' title="bbox 351 4137 1606 4215; baseline 0.008 -27"><span class='ocrx_word' id='word_1_480' title='bbox 351 4138 496 4208; x_wconf 74' lang='grc' dir='ltr'>ἡμᾶς</span> <span class='ocrx_word' id='word_1_481' title='bbox 523 4137 668 4199; x_wconf 81' lang='grc' dir='ltr'>οἴους</span> <span class='ocrx_word' id='word_1_482' title='bbox 698 4156 755 4191; x_wconf 85' lang='grc' dir='ltr'><strong>τε</strong></span> <span class='ocrx_word' id='word_1_483' title='bbox 783 4138 943 4202; x_wconf 78' lang='grc' dir='ltr'>ὄντας</span> <span class='ocrx_word' id='word_1_484' title='bbox 970 4140 1315 4210; x_wconf 74' lang='grc' dir='ltr'>ὑπενεγκεῖν,</span> <span class='ocrx_word' id='word_1_485' title='bbox 1351 4141 1490 4215; x_wconf 75' lang='grc' dir='ltr'>ᾤετο</span> <span class='ocrx_word' id='word_1_486' title='bbox 1516 4140 1606 4211; x_wconf 78' lang='grc' dir='ltr'>δή.</span> 
     </span>
    </p>
   </div>
   <div class='ocr_carea' id='block_1_69' title="bbox 425 4229 1929 4306">
    <p class='ocr_par' dir='ltr' id='par_1_69' title="bbox 425 4229 1929 4306">
     <span class='ocr_line' id='line_1_69' title="bbox 425 4229 1929 4306; baseline 0.005 -25"><span class='ocrx_word' id='word_1_487' title='bbox 425 4230 487 4281; x_wconf 82' lang='lat' dir='ltr'><strong>Oi</strong></span> <span class='ocrx_word' id='word_1_488' title='bbox 517 4229 627 4299; x_wconf 82' lang='grc' dir='ltr'><strong>γὰρ</strong></span> <span class='ocrx_word' id='word_1_489' title='bbox 666 4232 761 4284; x_wconf 72' lang='grc' dir='ltr'><strong>ἐπὶ</strong></span> <span class='ocrx_word' id='word_1_490' title='bbox 813 4235 959 4304; x_wconf 75' lang='grc' dir='ltr'>κακῇ</span> <span class='ocrx_word' id='word_1_491' title='bbox 998 4233 1167 4306; x_wconf 81' lang='grc' dir='ltr'>μοίρᾳ</span> <span class='ocrx_word' id='word_1_492' title='bbox 1222 4233 1537 4306; x_wconf 83' lang='grc' dir='ltr'>Ῥωμαίων,</span> <span class='ocrx_word' id='word_1_493' title='bbox 1562 4236 1639 4301; x_wconf 82' lang='grc' dir='ltr'>ὡς</span> <span class='ocrx_word' id='word_1_494' title='bbox 1686 4237 1929 4300; x_wconf 78' lang='grc' dir='ltr'>ἅπαντες</span> 
     </span>
    </p>
   </div>
   <div class='ocr_carea' id='block_1_70' title="bbox 355 4319 1931 4399">
    <p class='ocr_par' dir='ltr' id='par_1_70' title="bbox 355 4319 1931 4399">
     <span class='ocr_line' id='line_1_70' title="bbox 355 4319 1931 4399; baseline 0.008 -28"><span class='ocrx_word' id='word_1_495' title='bbox 355 4319 558 4382; x_wconf 78' lang='grc' dir='ltr'>ἴσασιν,</span> <span class='ocrx_word' id='word_1_496' title='bbox 607 4323 672 4375; x_wconf 68' lang='grc' dir='ltr'>ἐκ</span> <span class='ocrx_word' id='word_1_497' title='bbox 703 4323 957 4389; x_wconf 83' lang='grc' dir='ltr'>Σικελίας</span> <span class='ocrx_word' id='word_1_498' title='bbox 994 4325 1088 4378; x_wconf 78' lang='grc' dir='ltr'><strong>ἐπὶ</strong></span> <span class='ocrx_word' id='word_1_499' title='bbox 1120 4328 1440 4399; x_wconf 84' lang='grc' dir='ltr'>συμμαχίαν</span> <span class='ocrx_word' id='word_1_500' title='bbox 1469 4329 1641 4392; x_wconf 74' lang='grc' dir='ltr'>ἰόντες</span> <span class='ocrx_word' id='word_1_501' title='bbox 1691 4327 1931 4399; x_wconf 70' lang='grc' dir='ltr'>Ἰταλικὴ</span> 
     </span>
    </p>
   </div>
   <div class='ocr_carea' id='block_1_71' title="bbox 354 4409 2010 4522">
    <p class='ocr_par' dir='ltr' id='par_1_71' title="bbox 354 4409 2010 4522">
     <span class='ocr_line' id='line_1_71' title="bbox 354 4409 2010 4522; baseline 0.01 -61"><span class='ocrx_word' id='word_1_502' title='bbox 354 4409 585 4522; x_wconf 70' lang='grc' dir='ltr'>δύναμις</span> <span class='ocrx_word' id='word_1_503' title='bbox 616 4412 718 4522; x_wconf 56' lang='grc' dir='ltr'><strong>ς’ἵ),</strong></span> <span class='ocrx_word' id='word_1_504' title='bbox 749 4415 957 4485; x_wconf 80' lang='grc' dir='ltr'>ήλίκως</span> <span class='ocrx_word' id='word_1_505' title='bbox 984 4418 1085 4487; x_wconf 81' lang='grc' dir='ltr'>μὲν</span> <span class='ocrx_word' id='word_1_506' title='bbox 1125 4420 1431 4488; x_wconf 75' lang='grc' dir='ltr'>ἐχρήσαντο</span> <span class='ocrx_word' id='word_1_507' title='bbox 1461 4420 1657 4494; x_wconf 78' lang='grc' dir='ltr'>Θρᾴκῃ</span> <span class='ocrx_word' id='word_1_508' title='bbox 1693 4421 1789 4475; x_wconf 63' lang='grc' dir='ltr'>καὶ</span> <span class='ocrx_word' id='word_1_509' title='bbox 1816 4423 1932 4486; x_wconf 69' lang='grc' dir='ltr'>τοῖς</span> <span class='ocrx_word' id='word_1_510' title='bbox 1961 4463 2010 4522; x_wconf 78' lang='lat' dir='ltr'><strong>D</strong></span> 
     </span>
    </p>
   </div>
   <div class='ocr_carea' id='block_1_72' title="bbox 356 4504 1932 4584">
    <p class='ocr_par' dir='ltr' id='par_1_72' title="bbox 356 4504 1932 4584">
     <span class='ocr_line' id='line_1_72' title="bbox 356 4504 1932 4584; baseline 0.008 -29"><span class='ocrx_word' id='word_1_511' title='bbox 356 4504 475 4556; x_wconf 70' lang='grc' dir='ltr'>ἐκεῖ</span> <span class='ocrx_word' id='word_1_512' title='bbox 522 4505 841 4577; x_wconf 83' lang='grc' dir='ltr'>πράγμασι,</span> <span class='ocrx_word' id='word_1_513' title='bbox 891 4509 988 4563; x_wconf 81' lang='grc' dir='ltr'>καὶ</span> <span class='ocrx_word' id='word_1_514' title='bbox 1020 4511 1099 4574; x_wconf 81' lang='grc' dir='ltr'>ὡς</span> <span class='ocrx_word' id='word_1_515' title='bbox 1132 4510 1233 4581; x_wconf 84' lang='grc' dir='ltr'>τὴν</span> <span class='ocrx_word' id='word_1_516' title='bbox 1283 4510 1511 4565; x_wconf 81' lang='grc' dir='ltr'>Σκυθῶν</span> <span class='ocrx_word' id='word_1_517' title='bbox 1567 4514 1804 4583; x_wconf 75' lang='grc' dir='ltr'>ἐρημίαν</span> <span class='ocrx_word' id='word_1_518' title='bbox 1853 4512 1932 4584; x_wconf 91' lang='lat'><strong>(.8)</strong></span> 
     </span>
    </p>
   </div>
   <div class='ocr_carea' id='block_1_73' title="bbox 357 4591 1939 4672">
    <p class='ocr_par' dir='ltr' id='par_1_73' title="bbox 357 4591 1939 4672">
     <span class='ocr_line' id='line_1_73' title="bbox 357 4591 1939 4672; baseline 0.008 -29"><span class='ocrx_word' id='word_1_519' title='bbox 357 4591 516 4645; x_wconf 77' lang='grc' dir='ltr'>ταυτὶ</span> <span class='ocrx_word' id='word_1_520' title='bbox 536 4595 885 4667; x_wconf 77' lang='grc' dir='ltr'>πεποίηνται,</span> <span class='ocrx_word' id='word_1_521' title='bbox 909 4597 965 4650; x_wconf 89' lang='grc' dir='ltr'><strong>τί</strong></span> <span class='ocrx_word' id='word_1_522' title='bbox 994 4615 1079 4662; x_wconf 87' lang='grc' dir='ltr'><strong>τις</strong></span> <span class='ocrx_word' id='word_1_523' title='bbox 1111 4597 1180 4651; x_wconf 82' lang='grc' dir='ltr'>ἂν</span> <span class='ocrx_word' id='word_1_524' title='bbox 1205 4600 1334 4662; x_wconf 72' lang='grc' dir='ltr'>τοὺς</span> <span class='ocrx_word' id='word_1_525' title='bbox 1374 4600 1589 4664; x_wconf 74' lang='grc' dir='ltr'>εἰδότας</span> <span class='ocrx_word' id='word_1_526' title='bbox 1614 4603 1939 4672; x_wconf 74' lang='grc' dir='ltr'>ἀναμιμνήο</span> 
     </span>
    </p>
   </div>
   <div class='ocr_carea' id='block_1_74' title="bbox 360 4685 1936 4764">
    <p class='ocr_par' dir='ltr' id='par_1_74' title="bbox 360 4685 1936 4764">
     <span class='ocr_line' id='line_1_74' title="bbox 360 4685 1936 4764; baseline 0.005 -26"><span class='ocrx_word' id='word_1_527' title='bbox 360 4702 506 4739; x_wconf 87' lang='grc' dir='ltr'>σκων</span> <span class='ocrx_word' id='word_1_528' title='bbox 535 4685 691 4752; x_wconf 82' lang='grc' dir='ltr'>αὖθις</span> <span class='ocrx_word' id='word_1_529' title='bbox 711 4691 969 4759; x_wconf 75' lang='grc' dir='ltr'>ταρᾶττοι</span> <span class='ocrx_word' id='word_1_530' title='bbox 989 4708 1007 4756; x_wconf 74' lang='grc' dir='ltr'><strong>ς</strong></span> <span class='ocrx_word' id='word_1_531' title='bbox 1030 4690 1066 4744; x_wconf 75' lang='grc' dir='ltr'>ἃ</span> <span class='ocrx_word' id='word_1_532' title='bbox 1097 4692 1209 4762; x_wconf 81' lang='grc' dir='ltr'>γὰρ</span> <span class='ocrx_word' id='word_1_533' title='bbox 1235 4692 1338 4745; x_wconf 85' lang='grc' dir='ltr'>οὐκ</span> <span class='ocrx_word' id='word_1_534' title='bbox 1366 4692 1434 4745; x_wconf 80' lang='grc' dir='ltr'>ἂν</span> <span class='ocrx_word' id='word_1_535' title='bbox 1474 4692 1575 4764; x_wconf 74' lang='grc' dir='ltr'>τὴν</span> <span class='ocrx_word' id='word_1_536' title='bbox 1612 4692 1789 4763; x_wconf 77' lang='grc' dir='ltr'>ἀρχὴν</span> <span class='ocrx_word' id='word_1_537' title='bbox 1826 4691 1936 4746; x_wconf 74' lang='grc' dir='ltr'>ἔδει</span> 
     </span>
    </p>
   </div>
   <div class='ocr_carea' id='block_1_75' title="bbox 358 4774 1941 4854">
    <p class='ocr_par' dir='ltr' id='par_1_75' title="bbox 358 4774 1941 4854">
     <span class='ocr_line' id='line_1_75' title="bbox 358 4774 1941 4854; baseline 0.007 -28"><span class='ocrx_word' id='word_1_538' title='bbox 358 4776 620 4845; x_wconf 83' lang='grc' dir='ltr'>συστῆναι</span> <span class='ocrx_word' id='word_1_539' title='bbox 648 4779 809 4850; x_wconf 83' lang='grc' dir='ltr'>(μηδ’</span> <span class='ocrx_word' id='word_1_540' title='bbox 832 4782 925 4844; x_wconf 82' lang='grc' dir='ltr'><strong>είς</strong></span> <span class='ocrx_word' id='word_1_541' title='bbox 950 4781 1312 4852; x_wconf 76' lang='grc' dir='ltr'>παράδειγμά</span> <span class='ocrx_word' id='word_1_542' title='bbox 1358 4797 1489 4838; x_wconf 83' lang='grc' dir='ltr'>ποτε</span> <span class='ocrx_word' id='word_1_543' title='bbox 1541 4783 1723 4848; x_wconf 76' lang='grc' dir='ltr'>πέσοι,</span> <span class='ocrx_word' id='word_1_544' title='bbox 1763 4784 1859 4854; x_wconf 83' lang='grc' dir='ltr'>μὴ,</span> <span class='ocrx_word' id='word_1_545' title='bbox 1892 4774 1941 4837; x_wconf 77' lang='grc' dir='ltr'>ὦ</span> 
     </span>
    </p>
   </div>
   <div class='ocr_carea' id='block_1_76' title="bbox 359 4864 1934 4945">
    <p class='ocr_par' dir='ltr' id='par_1_76' title="bbox 359 4864 1934 4945">
     <span class='ocr_line' id='line_1_76' title="bbox 359 4864 1934 4945; baseline 0.006 -26"><span class='ocrx_word' id='word_1_546' title='bbox 359 4867 563 4935; x_wconf 76' lang='grc' dir='ltr'>Σῶτερ,</span> <span class='ocrx_word' id='word_1_547' title='bbox 601 4870 699 4941; x_wconf 80' lang='grc' dir='ltr'>μὴ,</span> <span class='ocrx_word' id='word_1_548' title='bbox 732 4864 775 4925; x_wconf 78' lang='grc' dir='ltr'><strong>ὦ</strong></span> <span class='ocrx_word' id='word_1_549' title='bbox 806 4873 1119 4944; x_wconf 72' lang='grc' dir='ltr'>ἐλευθέριει</span> <span class='ocrx_word' id='word_1_550' title='bbox 1155 4876 1291 4937; x_wconf 79' lang='grc' dir='ltr'>ἀλλ’,</span> <span class='ocrx_word' id='word_1_551' title='bbox 1328 4873 1519 4945; x_wconf 65' lang='grc' dir='ltr'>ὥσπερ</span> <span class='ocrx_word' id='word_1_552' title='bbox 1561 4877 1679 4929; x_wconf 67' lang='grc' dir='ltr'><strong>ἐστὶ</strong></span> <span class='ocrx_word' id='word_1_553' title='bbox 1718 4876 1934 4941; x_wconf 82' lang='grc' dir='ltr'>πρῶτα,</span> 
     </span>
    </p>
   </div>
   <div class='ocr_carea' id='block_1_77' title="bbox 359 4961 1935 5036">
    <p class='ocr_par' dir='ltr' id='par_1_77' title="bbox 359 4961 1935 5036">
     <span class='ocr_line' id='line_1_77' title="bbox 359 4961 1935 5036; baseline 0.005 -25"><span class='ocrx_word' id='word_1_554' title='bbox 359 4961 456 5014; x_wconf 67' lang='grc' dir='ltr'>καὶ</span> <span class='ocrx_word' id='word_1_555' title='bbox 484 4961 618 5027; x_wconf 88' lang='grc' dir='ltr'>μόνα</span> <span class='ocrx_word' id='word_1_556' title='bbox 635 4963 906 5034; x_wconf 80' lang='grc' dir='ltr'>λέγοιτο),</span> <span class='ocrx_word' id='word_1_557' title='bbox 930 4965 1106 5019; x_wconf 86' lang='grc' dir='ltr'>ταῦτα</span> <span class='ocrx_word' id='word_1_558' title='bbox 1128 4965 1355 5034; x_wconf 76' lang='grc' dir='ltr'>κέρδους</span> <span class='ocrx_word' id='word_1_559' title='bbox 1388 4966 1638 5032; x_wconf 81' lang='grc' dir='ltr'>γίγνεται</span> <span class='ocrx_word' id='word_1_560' title='bbox 1668 4965 1729 5018; x_wconf 76' lang='grc' dir='ltr'>τὸ</span> <span class='ocrx_word' id='word_1_561' title='bbox 1751 4968 1935 5036; x_wconf 71' lang='grc' dir='ltr'>σιγᾷν.</span> 
     </span>
    </p>
   </div>
   <div class='ocr_carea' id='block_1_78' title="bbox 445 5051 1937 5127">
    <p class='ocr_par' dir='ltr' id='par_1_78' title="bbox 445 5051 1937 5127">
     <span class='ocr_line' id='line_1_78' title="bbox 445 5051 1937 5127; baseline 0.005 -23"><span class='ocrx_word' id='word_1_562' title='bbox 445 5051 605 5121; x_wconf 74' lang='grc' dir='ltr'><strong>²Δλλ’,</strong></span> <span class='ocrx_word' id='word_1_563' title='bbox 629 5054 817 5125; x_wconf 80' lang='grc' dir='ltr'>ὥσπερ</span> <span class='ocrx_word' id='word_1_564' title='bbox 865 5058 1114 5111; x_wconf 68' lang='grc' dir='ltr'>ὲκειιωνὶ</span> <span class='ocrx_word' id='word_1_565' title='bbox 1163 5058 1548 5125; x_wconf 77' lang='grc' dir='ltr'>καταγνόντες,</span> <span class='ocrx_word' id='word_1_566' title='bbox 1585 5057 1683 5111; x_wconf 73' lang='grc' dir='ltr'>καὶ</span> <span class='ocrx_word' id='word_1_567' title='bbox 1719 5058 1937 5127; x_wconf 80' lang='grc' dir='ltr'>ἀληθῶς</span> 
     </span>
    </p>
   </div>
   <div class='ocr_carea' id='block_1_79' title="bbox 360 5147 1938 5219">
    <p class='ocr_par' dir='ltr' id='par_1_79' title="bbox 360 5147 1938 5219">
     <span class='ocr_line' id='line_1_79' title="bbox 360 5147 1938 5219; baseline 0.001 -20"><span class='ocrx_word' id='word_1_568' title='bbox 360 5147 751 5215; x_wconf 80' lang='grc' dir='ltr'>καταγνόντες,</span> <span class='ocrx_word' id='word_1_569' title='bbox 805 5148 881 5211; x_wconf 82' lang='grc' dir='ltr'>ὡς</span> <span class='ocrx_word' id='word_1_570' title='bbox 938 5150 1036 5219; x_wconf 75' lang='grc' dir='ltr'>οὐχ</span> <span class='ocrx_word' id='word_1_571' title='bbox 1102 5148 1303 5202; x_wconf 74' lang='grc' dir='ltr'>ἱκανῶν</span> <span class='ocrx_word' id='word_1_572' title='bbox 1358 5149 1433 5201; x_wconf 75' lang='grc' dir='ltr'><strong>ἔτ’</strong></span> <span class='ocrx_word' id='word_1_573' title='bbox 1463 5149 1635 5217; x_wconf 78' lang='grc' dir='ltr'>ὄντων</span> <span class='ocrx_word' id='word_1_574' title='bbox 1688 5148 1938 5217; x_wconf 74' lang='grc' dir='ltr'>ἀντέχειν</span> 
     </span>
    </p>
   </div>
   <div class='ocr_carea' id='block_1_80' title="bbox 363 5233 1941 5306">
    <p class='ocr_par' dir='ltr' id='par_1_80' title="bbox 363 5233 1941 5306">
     <span class='ocr_line' id='line_1_80' title="bbox 363 5233 1941 5306; baseline 0.001 -19"><span class='ocrx_word' id='word_1_575' title='bbox 363 5233 600 5303; x_wconf 82' lang='grc' dir='ltr'>(μᾶλλον</span> <span class='ocrx_word' id='word_1_576' title='bbox 626 5237 685 5290; x_wconf 73' lang='grc' dir='ltr'>δὲ</span> <span class='ocrx_word' id='word_1_577' title='bbox 718 5238 873 5293; x_wconf 76' lang='grc' dir='ltr'>οὐδὲν</span> <span class='ocrx_word' id='word_1_578' title='bbox 902 5237 1016 5291; x_wconf 78' lang='grc' dir='ltr'>ἐσθ’</span> <span class='ocrx_word' id='word_1_579' title='bbox 1050 5238 1079 5291; x_wconf 81' lang='grc' dir='ltr'><strong>ὃ</strong></span> <span class='ocrx_word' id='word_1_580' title='bbox 1107 5239 1307 5303; x_wconf 75' lang='grc' dir='ltr'>δέξαιτ’</span> <span class='ocrx_word' id='word_1_581' title='bbox 1344 5238 1411 5292; x_wconf 84' lang='grc' dir='ltr'>ἂν</span> <span class='ocrx_word' id='word_1_582' title='bbox 1458 5237 1670 5306; x_wconf 80' lang='grc' dir='ltr'>φθορὰν</span> <span class='ocrx_word' id='word_1_583' title='bbox 1700 5235 1799 5289; x_wconf 89' lang='grc' dir='ltr'>τοῦ</span> <span class='ocrx_word' id='word_1_584' title='bbox 1822 5235 1941 5289; x_wconf 84' lang='grc' dir='ltr'>λοι-</span> 
     </span>
    </p>
   </div>
   <div class='ocr_carea' id='block_1_81' title="bbox 363 5328 1939 5406">
    <p class='ocr_par' dir='ltr' id='par_1_81' title="bbox 363 5328 1939 5406">
     <span class='ocr_line' id='line_1_81' title="bbox 363 5328 1939 5406; baseline -0.003 -21"><span class='ocrx_word' id='word_1_585' title='bbox 363 5330 496 5396; x_wconf 88' lang='grc' dir='ltr'>ποῦ,</span> <span class='ocrx_word' id='word_1_586' title='bbox 524 5332 787 5388; x_wconf 38' lang='grc' dir='ltr'>ἁπνάντων</span> <span class='ocrx_word' id='word_1_587' title='bbox 817 5333 988 5406; x_wconf 83' lang='grc' dir='ltr'>ἄρδην</span> <span class='ocrx_word' id='word_1_588' title='bbox 1009 5332 1429 5400; x_wconf 71' lang='grc' dir='ltr'>ἀπολωλότων),</span> <span class='ocrx_word' id='word_1_589' title='bbox 1473 5330 1728 5392; x_wconf 73' lang='grc' dir='ltr'>λαϐόντες</span> <span class='ocrx_word' id='word_1_590' title='bbox 1748 5328 1939 5398; x_wconf 80' lang='grc' dir='ltr'>Ἀχαι-</span> 
     </span>
    </p>
   </div>
   <div class='ocr_carea' id='block_1_82' title="bbox 435 5512 1118 5653">
    <p class='ocr_par' dir='ltr' id='par_1_82' title="bbox 435 5512 1118 5653">
     <span class='ocr_line' id='line_1_82' title="bbox 435 5512 1118 5653; baseline -0.006 -81"><span class='ocrx_word' id='word_1_591' title='bbox 435 5515 514 5653; x_wconf 50' lang='grc' dir='ltr'><strong>ἱδ)</strong></span> <span class='ocrx_word' id='word_1_592' title='bbox 542 5515 767 5572; x_wconf 81' lang='lat' dir='ltr'><strong>Homer.</strong></span> <span class='ocrx_word' id='word_1_593' title='bbox 796 5513 897 5570; x_wconf 85' lang='lat' dir='ltr'><strong>Od.</strong></span> <span class='ocrx_word' id='word_1_594' title='bbox 930 5512 994 5594; x_wconf 58' lang='lat'><strong>1,</strong></span> <span class='ocrx_word' id='word_1_595' title='bbox 1028 5514 1118 5568; x_wconf 74' lang='grc'><strong>⁵54.</strong></span> 
     </span>
     <span class='ocr_line' id='line_1_83' title="bbox 463 5584 1118 5653; baseline -0.008 -11"><span class='ocrx_word' id='word_1_596' title='bbox 463 5587 539 5653; x_wconf 79' lang='lat'><strong>5&#39;)</strong></span> <span class='ocrx_word' id='word_1_597' title='bbox 564 5589 729 5642; x_wconf 83' lang='lat' dir='ltr'><strong>Deest</strong></span> <span class='ocrx_word' id='word_1_598' title='bbox 756 5584 1034 5649; x_wconf 83' lang='lat' dir='ltr'><strong>nonnilul,</strong></span> <span class='ocrx_word' id='word_1_599' title='bbox 1071 5584 1118 5638; x_wconf 80' lang='lat' dir='ltr'><strong>fo</strong></span> 
     </span>
    </p>
   </div>
   <div class='ocr_carea' id='block_1_83' title="bbox 463 5577 1937 5657">
    <p class='ocr_par' dir='ltr' id='par_1_83' title="bbox 463 5577 1937 5657">
     <span class='ocr_line' id='line_1_84' title="bbox 463 5577 1937 5657; baseline -0.012 -14"><span class='ocrx_word' id='word_1_600' title='bbox 463 5577 539 5657; x_wconf 59' lang='lat'><strong>5‘)</strong></span> <span class='ocrx_word' id='word_1_601' title='bbox 564 5589 729 5642; x_wconf 83' lang='lat' dir='ltr'><strong>Deest</strong></span> <span class='ocrx_word' id='word_1_602' title='bbox 756 5584 1034 5649; x_wconf 85' lang='lat' dir='ltr'><strong>nonnihil,</strong></span> <span class='ocrx_word' id='word_1_603' title='bbox 1071 5582 1299 5638; x_wconf 80' lang='lat' dir='ltr'><strong>forsitan</strong></span> <span class='ocrx_word' id='word_1_604' title='bbox 1348 5577 1663 5634; x_wconf 80' lang='lat' dir='ltr'><strong>Chandrem</strong></span> <span class='ocrx_word' id='word_1_605' title='bbox 1714 5588 1937 5637; x_wconf 85' lang='lat' dir='ltr'><strong>nomen,</strong></span> 
     </span>
    </p>
   </div>
   <div class='ocr_carea' id='block_1_84' title="bbox 364 5658 836 5712">
    <p class='ocr_par' dir='ltr' id='par_1_84' title="bbox 364 5658 836 5712">
     <span class='ocr_line' id='line_1_85' title="bbox 364 5658 836 5712; baseline -0.008 0"><span class='ocrx_word' id='word_1_606' title='bbox 364 5658 453 5712; x_wconf 83' lang='lat' dir='ltr'><strong>vel</strong></span> <span class='ocrx_word' id='word_1_607' title='bbox 482 5658 641 5712; x_wconf 88' lang='lat' dir='ltr'><strong>ducis</strong></span> <span class='ocrx_word' id='word_1_608' title='bbox 675 5658 836 5711; x_wconf 86' lang='lat' dir='ltr'><strong>alius.</strong></span> 
     </span>
    </p>
   </div>
   <div class='ocr_carea' id='block_1_85' title="bbox 441 5719 1689 5789">
    <p class='ocr_par' dir='ltr' id='par_1_85' title="bbox 441 5719 1689 5789">
     <span class='ocr_line' id='line_1_86' title="bbox 441 5719 1689 5789; baseline -0.014 -1"><span class='ocrx_word' id='word_1_609' title='bbox 441 5728 517 5789; x_wconf 74' lang='lat' dir='ltr'><strong>(Gl</strong></span> <span class='ocrx_word' id='word_1_610' title='bbox 557 5727 649 5782; x_wconf 81' lang='lat' dir='ltr'><strong>Sic</strong></span> <span class='ocrx_word' id='word_1_611' title='bbox 678 5728 804 5782; x_wconf 77' lang='lat' dir='ltr'><strong>eod.</strong></span> <span class='ocrx_word' id='word_1_612' title='bbox 843 5725 1013 5780; x_wconf 76' lang='lat' dir='ltr'><strong>Elisie</strong></span> <span class='ocrx_word' id='word_1_613' title='bbox 1040 5725 1250 5779; x_wconf 81' lang='lat' dir='ltr'><strong>lacume</strong></span> <span class='ocrx_word' id='word_1_614' title='bbox 1280 5730 1365 5776; x_wconf 88' lang='lat' dir='ltr'><strong>est</strong></span> <span class='ocrx_word' id='word_1_615' title='bbox 1399 5719 1689 5774; x_wconf 84' lang='lat' dir='ltr'><strong>indicium.</strong></span> 
     </span>
    </p>
   </div>
   <div class='ocr_carea' id='block_1_86' title="bbox 446 5788 1728 5868">
    <p class='ocr_par' dir='ltr' id='par_1_86' title="bbox 446 5788 1728 5868">
     <span class='ocr_line' id='line_1_87' title="bbox 446 5788 1728 5868; baseline -0.01 -17"><span class='ocrx_word' id='word_1_616' title='bbox 446 5788 521 5868; x_wconf 68' lang='lat'><strong>(7)</strong></span> <span class='ocrx_word' id='word_1_617' title='bbox 543 5797 787 5852; x_wconf 80' lang='lat' dir='ltr'><strong>Catulani</strong></span> <span class='ocrx_word' id='word_1_618' title='bbox 811 5794 1091 5851; x_wconf 78' lang='lat' dir='ltr'><strong>historicis</strong></span> <span class='ocrx_word' id='word_1_619' title='bbox 1122 5794 1446 5865; x_wconf 71' lang='lat' dir='ltr'><strong>plerumque</strong></span> <span class='ocrx_word' id='word_1_620' title='bbox 1475 5789 1728 5844; x_wconf 85' lang='lat' dir='ltr'><strong>audiunt.</strong></span> 
     </span>
    </p>
   </div>
   <div class='ocr_carea' id='block_1_87' title="bbox 2029 3250 3607 3357">
    <p class='ocr_par' dir='ltr' id='par_1_87' title="bbox 2029 3250 3607 3357">
     <span class='ocr_line' id='line_1_88' title="bbox 2029 3250 3607 3357; baseline -0.006 -45"><span class='ocrx_word' id='word_1_621' title='bbox 2029 3266 2081 3313; x_wconf 88' lang='lat' dir='ltr'><strong>te</strong></span> <span class='ocrx_word' id='word_1_622' title='bbox 2109 3272 2219 3311; x_wconf 88' lang='lat' dir='ltr'><strong>non</strong></span> <span class='ocrx_word' id='word_1_623' title='bbox 2272 3264 2646 3357; x_wconf 66' lang='lat' dir='ltr'><strong>gustaremus,</strong></span> <span class='ocrx_word' id='word_1_624' title='bbox 2699 3254 2829 3323; x_wconf 85' lang='lat' dir='ltr'><strong>quia</strong></span> <span class='ocrx_word' id='word_1_625' title='bbox 2864 3253 2980 3323; x_wconf 88' lang='lat' dir='ltr'><strong>ipsa</strong></span> <span class='ocrx_word' id='word_1_626' title='bbox 3009 3250 3262 3307; x_wconf 86' lang='lat' dir='ltr'><strong>absentia</strong></span> <span class='ocrx_word' id='word_1_627' title='bbox 3304 3262 3395 3304; x_wconf 89' lang='lat' dir='ltr'><strong>tua</strong></span> <span class='ocrx_word' id='word_1_628' title='bbox 3422 3250 3607 3305; x_wconf 86' lang='lat' dir='ltr'><strong>omni-</strong></span> 
     </span>
    </p>
   </div>
   <div class='ocr_carea' id='block_1_88' title="bbox 2023 3364 3608 3441">
    <p class='ocr_par' dir='ltr' id='par_1_88' title="bbox 2023 3364 3608 3441">
     <span class='ocr_line' id='line_1_89' title="bbox 2023 3364 3608 3441; baseline -0.005 -16"><span class='ocrx_word' id='word_1_629' title='bbox 2023 3373 2245 3427; x_wconf 86' lang='lat' dir='ltr'><strong>modam</strong></span> <span class='ocrx_word' id='word_1_630' title='bbox 2279 3371 2624 3441; x_wconf 84' lang='lat' dir='ltr'><strong>voluptatem</strong></span> <span class='ocrx_word' id='word_1_631' title='bbox 2691 3368 3052 3426; x_wconf 88' lang='lat' dir='ltr'><strong>diminueret.</strong></span> <span class='ocrx_word' id='word_1_632' title='bbox 3089 3364 3248 3422; x_wconf 84' lang='lat' dir='ltr'><strong>Nune</strong></span> <span class='ocrx_word' id='word_1_633' title='bbox 3270 3375 3456 3420; x_wconf 90' lang='lat' dir='ltr'><strong>autem</strong></span> <span class='ocrx_word' id='word_1_634' title='bbox 3493 3380 3608 3418; x_wconf 82' lang='lat' dir='ltr'><strong>ma-</strong></span> 
     </span>
    </p>
   </div>
   <div class='ocr_carea' id='block_1_89' title="bbox 2025 3478 3611 3555">
    <p class='ocr_par' dir='ltr' id='par_1_89' title="bbox 2025 3478 3611 3555">
     <span class='ocr_line' id='line_1_90' title="bbox 2025 3478 3611 3555; baseline -0.004 -14"><span class='ocrx_word' id='word_1_635' title='bbox 2025 3487 2170 3541; x_wconf 68' lang='lat' dir='ltr'><strong>xime</strong></span> <span class='ocrx_word' id='word_1_636' title='bbox 2201 3485 2246 3540; x_wconf 93' lang='lat' dir='ltr'><strong>si</strong></span> <span class='ocrx_word' id='word_1_637' title='bbox 2278 3499 2520 3555; x_wconf 88' lang='lat' dir='ltr'><strong>unquam</strong></span> <span class='ocrx_word' id='word_1_638' title='bbox 2558 3484 2692 3539; x_wconf 85' lang='lat' dir='ltr'><strong>alias</strong></span> <span class='ocrx_word' id='word_1_639' title='bbox 2748 3481 3157 3537; x_wconf 87' lang='lat' dir='ltr'><strong>incantamenta</strong></span> <span class='ocrx_word' id='word_1_640' title='bbox 3204 3486 3260 3533; x_wconf 86' lang='lat' dir='ltr'><strong>et</strong></span> <span class='ocrx_word' id='word_1_641' title='bbox 3307 3478 3611 3548; x_wconf 74' lang='lat' dir='ltr'><strong>pliarmaca</strong></span> 
     </span>
    </p>
   </div>
   <div class='ocr_carea' id='block_1_90' title="bbox 2032 3595 3612 3670">
    <p class='ocr_par' dir='ltr' id='par_1_90' title="bbox 2032 3595 3612 3670">
     <span class='ocr_line' id='line_1_91' title="bbox 2032 3595 3612 3670; baseline -0.006 -15"><span class='ocrx_word' id='word_1_642' title='bbox 2032 3611 2124 3656; x_wconf 86' lang='lat' dir='ltr'><strong>tua</strong></span> <span class='ocrx_word' id='word_1_643' title='bbox 2176 3616 2274 3670; x_wconf 88' lang='lat' dir='ltr'><strong>per</strong></span> <span class='ocrx_word' id='word_1_644' title='bbox 2326 3599 2522 3653; x_wconf 79' lang='lat' dir='ltr'><strong>animae</strong></span> <span class='ocrx_word' id='word_1_645' title='bbox 2571 3597 2864 3653; x_wconf 88' lang='lat' dir='ltr'><strong>illecebras</strong></span> <span class='ocrx_word' id='word_1_646' title='bbox 2925 3605 2982 3651; x_wconf 90' lang='lat' dir='ltr'><strong>et</strong></span> <span class='ocrx_word' id='word_1_647' title='bbox 3011 3595 3242 3650; x_wconf 70' lang='lat' dir='ltr'><strong>artificia</strong></span> <span class='ocrx_word' id='word_1_648' title='bbox 3271 3595 3483 3665; x_wconf 84' lang='lat' dir='ltr'><strong>experti</strong></span> <span class='ocrx_word' id='word_1_649' title='bbox 3521 3608 3612 3648; x_wconf 86' lang='lat' dir='ltr'><strong>su-</strong></span> 
     </span>
    </p>
   </div>
   <div class='ocr_carea' id='block_1_91' title="bbox 2034 3707 3614 3779">
    <p class='ocr_par' dir='ltr' id='par_1_91' title="bbox 2034 3707 3614 3779">
     <span class='ocr_line' id='line_1_92' title="bbox 2034 3707 3614 3779; baseline -0.005 -10"><span class='ocrx_word' id='word_1_650' title='bbox 2034 3729 2178 3770; x_wconf 79' lang='lat' dir='ltr'><strong>mus.</strong></span> <span class='ocrx_word' id='word_1_651' title='bbox 2227 3711 2360 3767; x_wconf 86' lang='lat' dir='ltr'><strong>Nam</strong></span> <span class='ocrx_word' id='word_1_652' title='bbox 2411 3712 2587 3766; x_wconf 90' lang='lat' dir='ltr'><strong>malus</strong></span> <span class='ocrx_word' id='word_1_653' title='bbox 2651 3709 2863 3765; x_wconf 82' lang='lat' dir='ltr'><strong>daemon</strong></span> <span class='ocrx_word' id='word_1_654' title='bbox 2896 3725 2998 3764; x_wconf 90' lang='lat' dir='ltr'><strong>nos</strong></span> <span class='ocrx_word' id='word_1_655' title='bbox 3036 3708 3347 3779; x_wconf 81' lang='lat' dir='ltr'><strong>praecipites</strong></span> <span class='ocrx_word' id='word_1_656' title='bbox 3374 3708 3506 3778; x_wconf 80' lang='lat' dir='ltr'><strong>egit,</strong></span> <span class='ocrx_word' id='word_1_657' title='bbox 3534 3707 3614 3761; x_wconf 76' lang='lat' dir='ltr'><strong>sit:</strong></span> 
     </span>
    </p>
   </div>
   <div class='ocr_carea' id='block_1_92' title="bbox 2046 3819 3614 3896">
    <p class='ocr_par' dir='ltr' id='par_1_92' title="bbox 2046 3819 3614 3896">
     <span class='ocr_line' id='line_1_93' title="bbox 2046 3819 3614 3896; baseline -0.004 -18"><span class='ocrx_word' id='word_1_658' title='bbox 2046 3826 2344 3896; x_wconf 71' lang='lat' dir='ltr'><strong>pristinum</strong></span> <span class='ocrx_word' id='word_1_659' title='bbox 2381 3832 2581 3877; x_wconf 86' lang='lat' dir='ltr'><strong>statum</strong></span> <span class='ocrx_word' id='word_1_660' title='bbox 2609 3819 3018 3877; x_wconf 74' lang='lat' dir='ltr'><strong>calamitatibus</strong></span> <span class='ocrx_word' id='word_1_661' title='bbox 3074 3834 3437 3890; x_wconf 86' lang='lat' dir='ltr'><strong>compensare</strong></span> <span class='ocrx_word' id='word_1_662' title='bbox 3467 3829 3614 3875; x_wconf 78' lang='lat' dir='ltr'><strong>sata-</strong></span> 
     </span>
    </p>
   </div>
   <div class='ocr_carea' id='block_1_93' title="bbox 2029 3920 3616 4005">
    <p class='ocr_par' dir='ltr' id='par_1_93' title="bbox 2029 3920 3616 4005">
     <span class='ocr_line' id='line_1_94' title="bbox 2029 3920 3616 4005; baseline -0.003 -15"><span class='ocrx_word' id='word_1_663' title='bbox 2029 3950 2183 4005; x_wconf 76' lang='lat' dir='ltr'><strong>gens,</strong></span> <span class='ocrx_word' id='word_1_664' title='bbox 2232 3942 2287 3987; x_wconf 91' lang='lat' dir='ltr'><strong>et</strong></span> <span class='ocrx_word' id='word_1_665' title='bbox 2339 3945 2481 3985; x_wconf 87' lang='lat' dir='ltr'><strong>onus</strong></span> <span class='ocrx_word' id='word_1_666' title='bbox 2539 3930 2855 4000; x_wconf 89' lang='lat' dir='ltr'><strong>imponens,</strong></span> <span class='ocrx_word' id='word_1_667' title='bbox 2922 3930 3013 3985; x_wconf 90' lang='lat' dir='ltr'><strong>cui</strong></span> <span class='ocrx_word' id='word_1_668' title='bbox 3048 3930 3275 3987; x_wconf 84' lang='lat' dir='ltr'><strong>ferendo</strong></span> <span class='ocrx_word' id='word_1_669' title='bbox 3316 3946 3427 3985; x_wconf 92' lang='lat' dir='ltr'><strong>non</strong></span> <span class='ocrx_word' id='word_1_670' title='bbox 3456 3920 3616 4001; x_wconf 84' lang='lat' dir='ltr'><strong>pares</strong></span> 
     </span>
    </p>
   </div>
   <div class='ocr_carea' id='block_1_94' title="bbox 2028 4062 2271 4101">
    <p class='ocr_par' dir='ltr' id='par_1_94' title="bbox 2028 4062 2271 4101">
     <span class='ocr_line' id='line_1_95' title="bbox 2028 4062 2271 4101; baseline -0.008 0"><span class='ocrx_word' id='word_1_671' title='bbox 2028 4062 2271 4101; x_wconf 85' lang='lat' dir='ltr'><strong>eramus.</strong></span> 
     </span>
    </p>
   </div>
   <div class='ocr_carea' id='block_1_95' title="bbox 2102 4211 3614 4287">
    <p class='ocr_par' dir='ltr' id='par_1_95' title="bbox 2102 4211 3614 4287">
     <span class='ocr_line' id='line_1_96' title="bbox 2102 4211 3614 4287; baseline -0.003 -14"><span class='ocrx_word' id='word_1_672' title='bbox 2102 4219 2204 4287; x_wconf 86' lang='lat' dir='ltr'><strong>Qui</strong></span> <span class='ocrx_word' id='word_1_673' title='bbox 2270 4216 2419 4272; x_wconf 88' lang='lat' dir='ltr'><strong>enim</strong></span> <span class='ocrx_word' id='word_1_674' title='bbox 2483 4218 2545 4270; x_wconf 88' lang='lat' dir='ltr'><strong>in</strong></span> <span class='ocrx_word' id='word_1_675' title='bbox 2604 4215 2977 4271; x_wconf 78' lang='lat' dir='ltr'><strong>Rotnanorum</strong></span> <span class='ocrx_word' id='word_1_676' title='bbox 3028 4211 3385 4283; x_wconf 88' lang='lat' dir='ltr'><strong>pernicieme</strong></span> <span class='ocrx_word' id='word_1_677' title='bbox 3429 4212 3614 4269; x_wconf 84' lang='lat' dir='ltr'><strong>Sicilia</strong></span> 
     </span>
    </p>
   </div>
   <div class='ocr_carea' id='block_1_96' title="bbox 2033 4305 3616 4377">
    <p class='ocr_par' dir='ltr' id='par_1_96' title="bbox 2033 4305 3616 4377">
     <span class='ocr_line' id='line_1_97' title="bbox 2033 4305 3616 4377; baseline -0.005 -10"><span class='ocrx_word' id='word_1_678' title='bbox 2033 4312 2356 4367; x_wconf 75' lang='lat' dir='ltr'><strong>auxiliatum</strong></span> <span class='ocrx_word' id='word_1_679' title='bbox 2388 4308 2624 4377; x_wconf 77' lang='lat' dir='ltr'><strong>proiecti</strong></span> <span class='ocrx_word' id='word_1_680' title='bbox 2658 4316 2841 4370; x_wconf 87' lang='lat' dir='ltr'><strong>erant,</strong></span> <span class='ocrx_word' id='word_1_681' title='bbox 2880 4306 3086 4361; x_wconf 84' lang='lat' dir='ltr'><strong>cohors</strong></span> <span class='ocrx_word' id='word_1_682' title='bbox 3140 4305 3324 4359; x_wconf 85' lang='lat' dir='ltr'><strong>italiea</strong></span> <span class='ocrx_word' id='word_1_683' title='bbox 3354 4305 3616 4373; x_wconf 81' lang='lat' dir='ltr'><strong>inquam;</strong></span> 
     </span>
    </p>
   </div>
   <div class='ocr_carea' id='block_1_97' title="bbox 2035 4396 3617 4474">
    <p class='ocr_par' dir='ltr' id='par_1_97' title="bbox 2035 4396 3617 4474">
     <span class='ocr_line' id='line_1_98' title="bbox 2035 4396 3617 4474; baseline -0.008 -14"><span class='ocrx_word' id='word_1_684' title='bbox 2035 4401 2312 4474; x_wconf 85' lang='lat' dir='ltr'><strong>quomodo</strong></span> <span class='ocrx_word' id='word_1_685' title='bbox 2346 4399 2582 4455; x_wconf 84' lang='lat' dir='ltr'><strong>Thracia</strong></span> <span class='ocrx_word' id='word_1_686' title='bbox 2630 4407 2687 4454; x_wconf 89' lang='lat' dir='ltr'><strong>et</strong></span> <span class='ocrx_word' id='word_1_687' title='bbox 2739 4400 2908 4453; x_wconf 89' lang='lat' dir='ltr'><strong>rebus</strong></span> <span class='ocrx_word' id='word_1_688' title='bbox 2959 4396 3223 4452; x_wconf 91' lang='lat' dir='ltr'><strong>thracieis</strong></span> <span class='ocrx_word' id='word_1_689' title='bbox 3260 4396 3347 4451; x_wconf 88' lang='lat' dir='ltr'><strong>usi</strong></span> <span class='ocrx_word' id='word_1_690' title='bbox 3388 4398 3617 4463; x_wconf 75' lang='lat' dir='ltr'><strong>fuerint,</strong></span> 
     </span>
    </p>
   </div>
   <div class='ocr_carea' id='block_1_98' title="bbox 2038 4487 3615 4566">
    <p class='ocr_par' dir='ltr' id='par_1_98' title="bbox 2038 4487 3615 4566">
     <span class='ocr_line' id='line_1_99' title="bbox 2038 4487 3615 4566; baseline -0.006 -17"><span class='ocrx_word' id='word_1_691' title='bbox 2038 4496 2255 4566; x_wconf 88' lang='lat' dir='ltr'><strong>qualem</strong></span> <span class='ocrx_word' id='word_1_692' title='bbox 2304 4491 2584 4561; x_wconf 79' lang='lat' dir='ltr'><strong>regionem</strong></span> <span class='ocrx_word' id='word_1_693' title='bbox 2645 4488 2882 4558; x_wconf 74' lang='lat' dir='ltr'><strong>Scythiae</strong></span> <span class='ocrx_word' id='word_1_694' title='bbox 2941 4488 3214 4542; x_wconf 85' lang='lat' dir='ltr'><strong>desertam</strong></span> <span class='ocrx_word' id='word_1_695' title='bbox 3274 4487 3615 4551; x_wconf 84' lang='lat' dir='ltr'><strong>habuerint,</strong></span> 
     </span>
    </p>
   </div>
   <div class='ocr_carea' id='block_1_99' title="bbox 2036 4579 3611 4651">
    <p class='ocr_par' dir='ltr' id='par_1_99' title="bbox 2036 4579 3611 4651">
     <span class='ocr_line' id='line_1_100' title="bbox 2036 4579 3611 4651; baseline -0.006 -9"><span class='ocrx_word' id='word_1_696' title='bbox 2036 4586 2092 4642; x_wconf 87' lang='lat' dir='ltr'><strong>id</strong></span> <span class='ocrx_word' id='word_1_697' title='bbox 2151 4585 2336 4640; x_wconf 90' lang='lat' dir='ltr'><strong>denuo</strong></span> <span class='ocrx_word' id='word_1_698' title='bbox 2388 4581 2598 4636; x_wconf 82' lang='lat' dir='ltr'><strong>referre</strong></span> <span class='ocrx_word' id='word_1_699' title='bbox 2641 4581 2807 4651; x_wconf 85' lang='lat' dir='ltr'><strong>hujus</strong></span> <span class='ocrx_word' id='word_1_700' title='bbox 2853 4579 2962 4635; x_wconf 90' lang='lat' dir='ltr'><strong>loci</strong></span> <span class='ocrx_word' id='word_1_701' title='bbox 2992 4594 3103 4633; x_wconf 91' lang='lat' dir='ltr'><strong>non</strong></span> <span class='ocrx_word' id='word_1_702' title='bbox 3129 4590 3234 4635; x_wconf 88' lang='lat' dir='ltr'><strong>est.</strong></span> <span class='ocrx_word' id='word_1_703' title='bbox 3266 4579 3398 4646; x_wconf 63' lang='lat' dir='ltr'><strong>Quae</strong></span> <span class='ocrx_word' id='word_1_704' title='bbox 3428 4592 3611 4634; x_wconf 88' lang='lat' dir='ltr'><strong>autem</strong></span> 
     </span>
    </p>
   </div>
   <div class='ocr_carea' id='block_1_100' title="bbox 2036 4677 3615 4752">
    <p class='ocr_par' dir='ltr' id='par_1_100' title="bbox 2036 4677 3615 4752">
     <span class='ocr_line' id='line_1_101' title="bbox 2036 4677 3615 4752; baseline -0.006 -14"><span class='ocrx_word' id='word_1_705' title='bbox 2036 4692 2267 4752; x_wconf 74' lang='lat' dir='ltr'><strong>regnum</strong></span> <span class='ocrx_word' id='word_1_706' title='bbox 2329 4677 2670 4733; x_wconf 75' lang='lat' dir='ltr'><strong>constituere</strong></span> <span class='ocrx_word' id='word_1_707' title='bbox 2724 4691 2835 4730; x_wconf 86' lang='lat' dir='ltr'><strong>non</strong></span> <span class='ocrx_word' id='word_1_708' title='bbox 2900 4682 3157 4745; x_wconf 85' lang='lat' dir='ltr'><strong>poterant</strong></span> <span class='ocrx_word' id='word_1_709' title='bbox 3223 4678 3301 4743; x_wconf 88' lang='lat' dir='ltr'><strong>(et</strong></span> <span class='ocrx_word' id='word_1_710' title='bbox 3351 4677 3454 4730; x_wconf 81' lang='lat' dir='ltr'><strong>hoc</strong></span> <span class='ocrx_word' id='word_1_711' title='bbox 3504 4690 3615 4730; x_wconf 90' lang='lat' dir='ltr'><strong>non</strong></span> 
     </span>
    </p>
   </div>
   <div class='ocr_carea' id='block_1_101' title="bbox 2036 4765 3621 4842">
    <p class='ocr_par' dir='ltr' id='par_1_101' title="bbox 2036 4765 3621 4842">
     <span class='ocr_line' id='line_1_102' title="bbox 2036 4765 3621 4842; baseline -0.004 -13"><span class='ocrx_word' id='word_1_712' title='bbox 2036 4772 2272 4842; x_wconf 81' lang='lat' dir='ltr'><strong>exempli</strong></span> <span class='ocrx_word' id='word_1_713' title='bbox 2332 4784 2467 4840; x_wconf 81' lang='lat' dir='ltr'><strong>ergo</strong></span> <span class='ocrx_word' id='word_1_714' title='bbox 2511 4768 2768 4831; x_wconf 80' lang='lat' dir='ltr'><strong>dixerim,</strong></span> <span class='ocrx_word' id='word_1_715' title='bbox 2807 4782 2841 4823; x_wconf 88' lang='grc' dir='ltr'><strong>ο</strong></span> <span class='ocrx_word' id='word_1_716' title='bbox 2902 4778 3152 4821; x_wconf 79' lang='lat' dir='ltr'><strong>servator</strong></span> <span class='ocrx_word' id='word_1_717' title='bbox 3191 4777 3245 4821; x_wconf 88' lang='lat' dir='ltr'><strong>et</strong></span> <span class='ocrx_word' id='word_1_718' title='bbox 3266 4765 3498 4822; x_wconf 80' lang='lat' dir='ltr'><strong>liberale</strong></span> <span class='ocrx_word' id='word_1_719' title='bbox 3525 4785 3621 4824; x_wconf 85' lang='lat' dir='ltr'><strong>ea-</strong></span> 
     </span>
    </p>
   </div>
   <div class='ocr_carea' id='block_1_102' title="bbox 2040 4859 3620 4935">
    <p class='ocr_par' dir='ltr' id='par_1_102' title="bbox 2040 4859 3620 4935">
     <span class='ocr_line' id='line_1_103' title="bbox 2040 4859 3620 4935; baseline -0.003 -15"><span class='ocrx_word' id='word_1_720' title='bbox 2040 4875 2161 4935; x_wconf 90' lang='lat' dir='ltr'><strong>put,</strong></span> <span class='ocrx_word' id='word_1_721' title='bbox 2218 4864 2311 4919; x_wconf 84' lang='lat' dir='ltr'><strong>sed</strong></span> <span class='ocrx_word' id='word_1_722' title='bbox 2376 4863 2520 4917; x_wconf 88' lang='lat' dir='ltr'><strong>sicut</strong></span> <span class='ocrx_word' id='word_1_723' title='bbox 2583 4860 2752 4928; x_wconf 83' lang='lat' dir='ltr'><strong>priori</strong></span> <span class='ocrx_word' id='word_1_724' title='bbox 2799 4860 2918 4915; x_wconf 87' lang='lat' dir='ltr'><strong>loco</strong></span> <span class='ocrx_word' id='word_1_725' title='bbox 2967 4859 3110 4915; x_wconf 79' lang='lat' dir='ltr'><strong>facta</strong></span> <span class='ocrx_word' id='word_1_726' title='bbox 3157 4868 3309 4928; x_wconf 90' lang='lat' dir='ltr'><strong>sunt,</strong></span> <span class='ocrx_word' id='word_1_727' title='bbox 3364 4860 3444 4917; x_wconf 84' lang='lat' dir='ltr'><strong>sic</strong></span> <span class='ocrx_word' id='word_1_728' title='bbox 3473 4861 3620 4919; x_wconf 84' lang='lat' dir='ltr'><strong>dieta</strong></span> 
     </span>
    </p>
   </div>
   <div class='ocr_carea' id='block_1_103' title="bbox 2045 4950 3261 5025">
    <p class='ocr_par' dir='ltr' id='par_1_103' title="bbox 2045 4950 3261 5025">
     <span class='ocr_line' id='line_1_104' title="bbox 2045 4950 3261 5025; baseline -0.005 -13"><span class='ocrx_word' id='word_1_729' title='bbox 2045 4954 2256 5025; x_wconf 84' lang='lat' dir='ltr'><strong>sunto),</strong></span> <span class='ocrx_word' id='word_1_730' title='bbox 2290 4969 2352 5008; x_wconf 90' lang='lat' dir='ltr'><strong>ea</strong></span> <span class='ocrx_word' id='word_1_731' title='bbox 2386 4952 2559 5007; x_wconf 88' lang='lat' dir='ltr'><strong>satius</strong></span> <span class='ocrx_word' id='word_1_732' title='bbox 2587 4961 2675 5006; x_wconf 86' lang='lat' dir='ltr'><strong>est</strong></span> <span class='ocrx_word' id='word_1_733' title='bbox 2701 4952 2920 5005; x_wconf 86' lang='lat' dir='ltr'><strong>silentio</strong></span> <span class='ocrx_word' id='word_1_734' title='bbox 2953 4950 3261 5025; x_wconf 71' lang='lat' dir='ltr'><strong>pimterire.</strong></span> 
     </span>
    </p>
   </div>
   <div class='ocr_carea' id='block_1_104' title="bbox 2115 5042 3623 5112">
    <p class='ocr_par' dir='ltr' id='par_1_104' title="bbox 2115 5042 3623 5112">
     <span class='ocr_line' id='line_1_105' title="bbox 2115 5042 3623 5112; baseline -0.007 -8"><span class='ocrx_word' id='word_1_735' title='bbox 2115 5048 2233 5104; x_wconf 80' lang='lat' dir='ltr'><strong>Jam</strong></span> <span class='ocrx_word' id='word_1_736' title='bbox 2275 5060 2423 5109; x_wconf 78' lang='lat' dir='ltr'><strong>vero,</strong></span> <span class='ocrx_word' id='word_1_737' title='bbox 2459 5044 2763 5098; x_wconf 77' lang='lat' dir='ltr'><strong>secundum</strong></span> <span class='ocrx_word' id='word_1_738' title='bbox 2798 5058 2900 5096; x_wconf 86' lang='lat' dir='ltr'><strong>nos</strong></span> <span class='ocrx_word' id='word_1_739' title='bbox 2930 5043 3123 5112; x_wconf 86' lang='lat' dir='ltr'><strong>procul</strong></span> <span class='ocrx_word' id='word_1_740' title='bbox 3155 5042 3325 5097; x_wconf 87' lang='lat' dir='ltr'><strong>dubio</strong></span> <span class='ocrx_word' id='word_1_741' title='bbox 3362 5045 3623 5099; x_wconf 64' lang='lat' dir='ltr'><strong>resistere.</strong></span> 
     </span>
    </p>
   </div>
   <div class='ocr_carea' id='block_1_105' title="bbox 2044 5136 3623 5209">
    <p class='ocr_par' dir='ltr' id='par_1_105' title="bbox 2044 5136 3623 5209">
     <span class='ocr_line' id='line_1_106' title="bbox 2044 5136 3623 5209; baseline -0.004 -12"><span class='ocrx_word' id='word_1_742' title='bbox 2044 5156 2153 5197; x_wconf 88' lang='lat' dir='ltr'><strong>non</strong></span> <span class='ocrx_word' id='word_1_743' title='bbox 2189 5148 2417 5209; x_wconf 70' lang='lat' dir='ltr'><strong>possunt</strong></span> <span class='ocrx_word' id='word_1_744' title='bbox 2452 5136 2676 5206; x_wconf 83' lang='lat' dir='ltr'><strong>(quippe</strong></span> <span class='ocrx_word' id='word_1_745' title='bbox 2708 5136 2829 5205; x_wconf 82' lang='lat' dir='ltr'><strong>ejus</strong></span> <span class='ocrx_word' id='word_1_746' title='bbox 2861 5148 3087 5203; x_wconf 74' lang='lat' dir='ltr'><strong>prorsus</strong></span> <span class='ocrx_word' id='word_1_747' title='bbox 3123 5151 3341 5204; x_wconf 83' lang='lat' dir='ltr'><strong>pessum</strong></span> <span class='ocrx_word' id='word_1_748' title='bbox 3378 5137 3623 5201; x_wconf 76' lang='lat' dir='ltr'><strong>lverunt)</strong></span> 
     </span>
    </p>
   </div>
   <div class='ocr_carea' id='block_1_106' title="bbox 2049 5227 3624 5302">
    <p class='ocr_par' dir='ltr' id='par_1_106' title="bbox 2049 5227 3624 5302">
     <span class='ocr_line' id='line_1_107' title="bbox 2049 5227 3624 5302; baseline -0.005 -15"><span class='ocrx_word' id='word_1_749' title='bbox 2049 5233 2290 5302; x_wconf 87' lang='lat' dir='ltr'><strong>receptis</strong></span> <span class='ocrx_word' id='word_1_750' title='bbox 2317 5231 2372 5285; x_wconf 88' lang='lat' dir='ltr'><strong>in</strong></span> <span class='ocrx_word' id='word_1_751' title='bbox 2413 5228 2735 5283; x_wconf 79' lang='lat' dir='ltr'><strong>societatem</strong></span> <span class='ocrx_word' id='word_1_752' title='bbox 2781 5228 3189 5282; x_wconf 59' lang='lat' dir='ltr'><strong>Achaemenidis</strong></span> <span class='ocrx_word' id='word_1_753' title='bbox 3238 5227 3501 5281; x_wconf 74' lang='lat' dir='ltr'><strong>hostibus</strong></span> <span class='ocrx_word' id='word_1_754' title='bbox 3527 5244 3624 5279; x_wconf 85' lang='lat' dir='ltr'><strong>an-</strong></span> 
     </span>
    </p>
   </div>
   <div class='ocr_carea' id='block_1_107' title="bbox 2045 5318 3618 5396">
    <p class='ocr_par' dir='ltr' id='par_1_107' title="bbox 2045 5318 3618 5396">
     <span class='ocr_line' id='line_1_108' title="bbox 2045 5318 3618 5396; baseline -0.006 -15"><span class='ocrx_word' id='word_1_755' title='bbox 2045 5326 2232 5396; x_wconf 84' lang='lat' dir='ltr'><strong>liquis,</strong></span> <span class='ocrx_word' id='word_1_756' title='bbox 2253 5336 2483 5393; x_wconf 86' lang='lat' dir='ltr'><strong>quorum</strong></span> <span class='ocrx_word' id='word_1_757' title='bbox 2537 5319 2883 5375; x_wconf 70' lang='lat' dir='ltr'><strong>insolentiam</strong></span> <span class='ocrx_word' id='word_1_758' title='bbox 2928 5320 3146 5389; x_wconf 76' lang='lat' dir='ltr'><strong>propria</strong></span> <span class='ocrx_word' id='word_1_759' title='bbox 3180 5318 3409 5375; x_wconf 81' lang='lat' dir='ltr'><strong>audacia</strong></span> <span class='ocrx_word' id='word_1_760' title='bbox 3442 5334 3618 5373; x_wconf 79' lang='lat' dir='ltr'><strong>auxe-</strong></span> 
     </span>
    </p>
   </div>
   <div class='ocr_carea' id='block_1_108' title="bbox 2119 5498 3622 5571">
    <p class='ocr_par' dir='ltr' id='par_1_108' title="bbox 2119 5498 3622 5571">
     <span class='ocr_line' id='line_1_109' title="bbox 2119 5498 3622 5571; baseline 0 -15"><span class='ocrx_word' id='word_1_761' title='bbox 2119 5502 2195 5571; x_wconf 87' lang='lat'><strong>(8)</strong></span> <span class='ocrx_word' id='word_1_762' title='bbox 2238 5500 2596 5554; x_wconf 75' lang='lat' dir='ltr'><strong>Proverhium</strong></span> <span class='ocrx_word' id='word_1_763' title='bbox 2631 5509 2714 5571; x_wconf 82' lang='lat' dir='ltr'><strong>est</strong></span> <span class='ocrx_word' id='word_1_764' title='bbox 2743 5507 2954 5571; x_wconf 82' lang='lat' dir='ltr'><strong>notum.</strong></span> <span class='ocrx_word' id='word_1_765' title='bbox 2996 5498 3120 5571; x_wconf 66' lang='lat' dir='ltr'><strong>Nic.</strong></span> <span class='ocrx_word' id='word_1_766' title='bbox 3162 5498 3450 5571; x_wconf 78' lang='lat' dir='ltr'><strong>Gregoras.</strong></span> <span class='ocrx_word' id='word_1_767' title='bbox 3482 5501 3622 5557; x_wconf 69' lang='lat' dir='ltr'><strong>Hist.</strong></span> 
     </span>
    </p>
   </div>
   <div class='ocr_carea' id='block_1_109' title="bbox 2051 5568 3629 5641">
    <p class='ocr_par' dir='ltr' id='par_1_109' title="bbox 2051 5568 3629 5641">
     <span class='ocr_line' id='line_1_110' title="bbox 2051 5568 3629 5641; baseline 0 -14"><span class='ocrx_word' id='word_1_768' title='bbox 2051 5575 2105 5635; x_wconf 78' lang='lat' dir='ltr'><strong>i,</strong></span> <span class='ocrx_word' id='word_1_769' title='bbox 2136 5568 2192 5631; x_wconf 63' lang='grc' dir='ltr'><strong>εὶ.</strong></span> <span class='ocrx_word' id='word_1_770' title='bbox 2229 5572 2284 5631; x_wconf 80' lang='grc'>5,</span> <span class='ocrx_word' id='word_1_771' title='bbox 2320 5571 2388 5625; x_wconf 88' lang='lat' dir='ltr'><strong>de</strong></span> <span class='ocrx_word' id='word_1_772' title='bbox 2412 5571 2624 5625; x_wconf 82' lang='lat' dir='ltr'><strong>.Ioanne</strong></span> <span class='ocrx_word' id='word_1_773' title='bbox 2663 5570 2877 5641; x_wconf 80' lang='lat' dir='ltr'><strong>Asane,</strong></span> <span class='ocrx_word' id='word_1_774' title='bbox 2916 5568 3275 5641; x_wconf 67' lang='lat' dir='ltr'><strong>Bulgaroritm</strong></span> <span class='ocrx_word' id='word_1_775' title='bbox 3306 5585 3370 5625; x_wconf 86' lang='lat' dir='ltr'><strong>ae</strong></span> <span class='ocrx_word' id='word_1_776' title='bbox 3402 5570 3629 5641; x_wconf 74' lang='lat' dir='ltr'><strong>Srytha-</strong></span> 
     </span>
    </p>
   </div>
   <div class='ocr_carea' id='block_1_110' title="bbox 2052 5639 3629 5710">
    <p class='ocr_par' dir='ltr' id='par_1_110' title="bbox 2052 5639 3629 5710">
     <span class='ocr_line' id='line_1_111' title="bbox 2052 5639 3629 5710; baseline -0.003 -13"><span class='ocrx_word' id='word_1_777' title='bbox 2052 5659 2174 5697; x_wconf 85' lang='lat' dir='ltr'><strong>rum</strong></span> <span class='ocrx_word' id='word_1_778' title='bbox 2214 5643 2354 5694; x_wconf 70' lang='lat' dir='ltr'><strong>«luce</strong></span> <span class='ocrx_word' id='word_1_779' title='bbox 2386 5659 2399 5693; x_wconf 90' lang='lat'>:</span> <span class='ocrx_word' id='word_1_780' title='bbox 2432 5641 2615 5692; x_wconf 72' lang='grc' dir='ltr'>Πάντα</span> <span class='ocrx_word' id='word_1_781' title='bbox 2654 5639 2854 5710; x_wconf 77' lang='grc' dir='ltr'>ῥᾳδίως</span> <span class='ocrx_word' id='word_1_782' title='bbox 2887 5639 3299 5710; x_wconf 62' lang='grc' dir='ltr'>κατέδραμεν...</span> <span class='ocrx_word' id='word_1_783' title='bbox 3329 5639 3520 5710; x_wconf 6' lang='grc' dir='ltr'>,ὁπόσαι</span> <span class='ocrx_word' id='word_1_784' title='bbox 3567 5644 3629 5695; x_wconf 82' lang='grc' dir='ltr'>ὲν</span> 
     </span>
    </p>
   </div>
   <div class='ocr_carea' id='block_1_111' title="bbox 2054 5707 3629 5779">
    <p class='ocr_par' dir='ltr' id='par_1_111' title="bbox 2054 5707 3629 5779">
     <span class='ocr_line' id='line_1_112' title="bbox 2054 5707 3629 5779; baseline 0.001 -14"><span class='ocrx_word' id='word_1_785' title='bbox 2054 5715 2270 5779; x_wconf 72' lang='grc' dir='ltr'>κώμαις</span> <span class='ocrx_word' id='word_1_786' title='bbox 2318 5711 2411 5763; x_wconf 76' lang='grc' dir='ltr'>καὶ</span> <span class='ocrx_word' id='word_1_787' title='bbox 2455 5707 2663 5761; x_wconf 59' lang='grc' dir='ltr'>πόλεσι</span> <span class='ocrx_word' id='word_1_788' title='bbox 2700 5707 2792 5761; x_wconf 73' lang='grc' dir='ltr'><strong>καὶ</strong></span> <span class='ocrx_word' id='word_1_789' title='bbox 2826 5707 3105 5779; x_wconf 71' lang='grc' dir='ltr'>φρουρίοις</span> <span class='ocrx_word' id='word_1_790' title='bbox 3138 5707 3351 5779; x_wconf 86' lang='grc' dir='ltr'>μικροῦ</span> <span class='ocrx_word' id='word_1_791' title='bbox 3406 5707 3629 5767; x_wconf 81' lang='grc' dir='ltr'>Σκυθῶν</span> 
     </span>
    </p>
   </div>
   <div class='ocr_carea' id='block_1_112' title="bbox 2054 5776 3181 5853">
    <p class='ocr_par' dir='ltr' id='par_1_112' title="bbox 2054 5776 3181 5853">
     <span class='ocr_line' id='line_1_113' title="bbox 2054 5776 3181 5853; baseline -0.004 -18"><span class='ocrx_word' id='word_1_792' title='bbox 2054 5776 2321 5853; x_wconf 70' lang='grc' dir='ltr'>ἐρημίαν,</span> <span class='ocrx_word' id='word_1_793' title='bbox 2347 5781 2405 5831; x_wconf 79' lang='grc' dir='ltr'>τὸ</span> <span class='ocrx_word' id='word_1_794' title='bbox 2431 5780 2495 5849; x_wconf 80' lang='grc' dir='ltr'>δὴ</span> <span class='ocrx_word' id='word_1_795' title='bbox 2520 5780 2840 5849; x_wconf 81' lang='grc' dir='ltr'>λεγόμενον,</span> <span class='ocrx_word' id='word_1_796' title='bbox 2869 5776 3181 5845; x_wconf 77' lang='grc' dir='ltr'>ἀποδείξας.</span> 
     </span>
    </p>
   </div>
  </div>
