4018 6418
263 371 360 436 ιιι

1676 372 2086 438 EPISTOLE.

3445 373 3548 436 4'12

264 495 367 554 την
387 484 568 554 χεῖρα,
610 485 674 554 τῇ
709 480 1011 559 λειπομένη
1054 484 1323 558 μάχονται
1344 502 1358 517 ·
1387 504 1489 542 καν
1517 489 1687 557 ἄμφω
1721 487 1847 543 ταύ-

1961 489 2132 546 bundi
2183 504 2298 547 rem
2351 489 2592 546 martiali
2636 490 2823 544 furore
2877 496 3099 559 gerunt,
3132 504 3241 543 non
3272 488 3549 545 membro-

265 590 388 645 τας,
421 576 748 647 βακχεύουσι
790 581 903 643 τοῖς
938 582 1102 633 ποσὶν
1152 580 1425 645 ἐνυάλιον,
1463 582 1562 652 οὐχ
1590 579 1671 645 οἷς
1708 582 1852 653 ἀφῄ-

267 687 464 742 ρηνται
490 670 963 743 δυσχεραίνοντες,
981 672 1099 727 ἀλλ’
1122 672 1205 726 ὅτι
1232 674 1309 743 μὴ
1336 670 1446 727 οἶοί
1476 675 1536 728 τέ
1574 677 1683 728 εἰσι
1713 676 1851 745 χρῆ-

268 764 393 818 σθαι
425 766 495 834 τῇ
515 764 713 836 γνώμῃ
741 764 914 819 δεινὸν
945 765 1267 836 ἡγούμενοι,
1301 765 1437 830 ἴσως
1479 767 1851 837 Κυναιγείρου

270 854 613 926 μεμνημένοι
640 853 736 909 τοῦ
788 855 1027 926 πρόσθεν
1059 858 1157 910 καὶ
1208 857 1587 929 Καλλιμάχου,
1617 849 1692 912 ὧν
1746 860 1852 912 ὑπο

265 944 464 1018 Μήδων
492 950 523 1000 6
550 948 651 1017 μὲν
686 947 1095 1018 περιτοξευθεὶς
1124 947 1317 1020 ὥσπερ
1352 949 1622 1013 ἀθάνατος
1662 951 1853 1003 ἵστατο

264 1038 693 1109 τετελευτηκὼς,
720 1042 748 1093 6
776 1040 1155 1110 Καλλίμαχος,
1186 1044 1214 1094 6
1244 1042 1292 1095 δ’
1338 1041 1455 1112 ἄμα
1482 1042 1675 1113 χερσὶν
1702 1044 1817 1113 ἀφῃ
1835 1069 1852 1082 -

267 1132 399 1203 ρὲθη
426 1134 529 1203 τὴν
580 1131 826 1203 κεφαλὴν
876 1132 1086 1204 τριήρη
1123 1133 1252 1187 τινὰ
1309 1133 1638 1204 βουλόμενος
1682 1152 1851 1188 κατα-

264 1226 418 1294 σχεῖν
471 1223 774 1296 Περσικὴν,
827 1226 855 1278 ό
905 1225 1296 1297 Κυναίγειρος.
1350 1227 1463 1281 Καὶ
1512 1226 1727 1290 τούτοις
1773 1227 1849 1290 ὼς

262 1315 482 1387 ἀληθῶς
526 1317 608 1379 εἰς
646 1316 927 1386 αῐσχιστον
973 1317 1165 1370 πίπτει
1194 1319 1254 1371 τὸ
1293 1317 1369 1389 μὴ
1400 1317 1628 1390 πολέμῳ
1663 1317 1853 1373 τεθνά-
1890 1366 1893 1369 .

264 1423 377 1472 vat,
415 1406 551 1476 μηδὲ
572 1406 826 1459 τάκείνου
854 1407 1083 1478 βακχεῖα
1114 1411 1231 1472 τοῖς
1252 1407 1477 1479 σώμασι
1498 1410 1847 1481 τελεσθῆναι·

262 1495 361 1550 καί
385 1512 470 1560 τις
496 1495 597 1567 ἤδη
630 1494 792 1550 τοῦτο
822 1498 1087 1562 πολλάκις
1118 1498 1296 1571 ἑτέρῳ
1325 1502 1406 1564 είς
1436 1500 1643 1565 ὄνειδος
1679 1499 1849 1572 πρού-

262 1606 465 1644 τεινεν.
498 1588 666 1644 Ὅθεν
687 1592 834 1663 ὁρμῇ
857 1594 1165 1664 μαινομένῃ
1189 1585 1462 1665 χωροῦσιν
1482 1594 1848 1664 ἑκασταχόσε,

262 1680 495 1751 μηδενὸς
543 1682 917 1754 ἀνταίροντος,
982 1683 1104 1738 ἀλλ’
1152 1684 1342 1755 ῶσπερ
1400 1685 1492 1738 ὑπ’
1527 1685 1849 1754 ἐκπλήξεως

262 1775 485 1827 πάντων
510 1773 644 1845 πρὸς
673 1775 843 1846 μόνην
872 1775 1247 1847 ἐξισταμένων
1287 1777 1387 1849 τὴν
1426 1778 1621 1848 ἀκοὴν,
1654 1777 1850 1850 δῃοῦν-

1959 621 2080 661 rum
2105 606 2377 676 iacturam
2406 604 2782 675 deplorantes,
2836 604 2933 659 sed
2966 602 3368 674 indignabuudi
3396 604 3542 673 qutnd

1956 721 2258 777 inferiores
2286 721 2399 777 siut
2426 720 2701 792 Cynegiro
2722 727 2819 775 aut
2840 717 3202 784 Callimacho,
3235 733 3301 772 ex
3331 717 3537 786 quibus

1955 833 2134 900 hicee,
2216 832 2506 889 Medorum
2561 831 2686 887 telis
2733 831 3056 886 vulneratus
3126 838 3252 899 post
3306 837 3540 883 mortem

1962 947 2439 1003 immortalitatem
2480 956 2565 1001 est
2605 955 2926 1011 assecutus;
2973 944 3066 999 ille
3112 958 3240 998 cum
3284 943 3543 998 manibus

1954 1072 2125 1134 caput
2176 1079 2399 1134 quoque
2453 1062 2734 1118 abcissum
2790 1059 3009 1123 habuit,
3068 1058 3199 1113 dum
3251 1058 3538 1113 triremem

1953 1173 2236 1229 Persicam
2296 1173 2559 1230 dentibus
2616 1172 2858 1228 retinere
2923 1170 3162 1226 volebat.
3225 1168 3376 1224 Nihil
3452 1168 3538 1223 his

1956 1289 2092 1360 ipsis
2140 1289 2362 1360 turpius
2405 1287 2698 1344 videbatur
2724 1301 2888 1359 quam
2916 1293 3072 1340 extra
3102 1300 3337 1355 pugnam
3372 1284 3540 1338 vitam

1953 1405 2209 1461 amittere
2249 1413 2307 1460 et
2346 1403 2428 1459 sic
2472 1402 2776 1474 opprobrio
2827 1400 2972 1471 apud
3011 1410 3265 1471 posteros
3309 1400 3541 1469 exponi.

1951 1520 2107 1576 lianc
2148 1518 2219 1574 ob
2241 1532 2466 1574 causam
2498 1530 2923 1587 quoquoversus
2956 1513 3144 1568 furore
3184 1512 3372 1583 agitati
3420 1527 3544 1582 pro—

1951 1643 2144 1698 ruunt,
2180 1649 2244 1689 ac
2268 1632 2489 1688 nemine
2549 1631 2868 1693 resistente,
2910 1643 3013 1684 ceu
3057 1626 3240 1698 fulgur
3269 1640 3328 1681 se
3360 1623 3543 1690 prori-

1953 1751 2111 1819 piunt
2138 1758 2193 1803 et
2222 1747 2409 1802 onmia
2448 1753 2687 1811 vastant,
2710 1751 2922 1808 secant,
2959 1750 3149 1805 urunt,
3184 1739 3529 1811 praedantur,

259 1883 376 1933 τες,
430 1866 781 1938 πορθοῦντες,
836 1869 1153 1939 τέμνοντες,
1209 1867 1459 1934 κάοντες,
1510 1869 1847 1942 ληῖζόμενοι,

1958 1863 2013 1918 in
2042 1862 2370 1918 servitutem
2402 1859 2726 1931 abripiunt,
2763 1858 2872 1914 vita
2925 1857 3174 1928 privam,
3207 1853 3541 1909 cadaverum

261 1957 587 2030 ἀνθρώπους
610 1960 739 2024 τοὺς
767 1959 868 2031 μὲν
902 1959 1407 2031 δουλαγωγοῦντες,
1431 1962 1559 2027 τοὺς
1591 1963 1647 2017 δὲ
1672 1964 1849 2033 σφάτ-

259 2056 499 2114 τοντες,
535 2051 749 2122 νεκρῶν
799 2051 1071 2117 κολωνοὺς
1134 2053 1407 2121 ἱστάντες,
1463 2054 1758 2121 τοσούτους
1789 2057 1850 2111 τὸ

260 2142 487 2213 πλῆθος,
521 2143 599 2207 ὡς
652 2143 821 2214 μηδὲν
873 2139 1015 2199 εἶναι
1069 2146 1211 2215 πρὸς
1274 2146 1505 2213 τούτους
1552 2148 1689 2221 μηδὲ
1720 2151 1849 2215 τοὺς

258 2235 622 2306 Κερκυραίων
662 2237 914 2306 νεκροὺς,
961 2234 1055 2302 οὓς
1093 2238 1179 2306 ἐφ’
1222 2239 1454 2310 ἁμαξῶν
1481 2279 1498 2307 ,
1540 2240 1617 2305 ὼς
1666 2241 1848 2294 Θυκυο

260 2326 413 2395 δίδης
443 2327 607 2396 φησὶν
639 2326 779 2397 (ll),
813 2327 1010 2400 ἔφερον
1031 2344 1045 2359 ’
1072 2328 1191 2382 ἀλλ’
1235 2332 1488 2404 ἀποχρῆν
1524 2330 1626 2399 μὲν
1653 2331 1720 2385 ἂν
1758 2332 1849 2385 ἑν-

257 2412 452 2467 τεῦθεν
483 2415 578 2467 καὶ
607 2417 890 2486 ποταμοὺς
916 2418 1221 2489 γεφυροῦν,
1255 2419 1310 2473 εἰ
1349 2438 1435 2486 τις
1465 2422 1643 2475 ἑθέλει
1663 2437 1676 2451 ⁸
1711 2423 1847 2476 ἁπο-

259 2505 400 2576 χρῆν
438 2505 481 2559 δ’
513 2506 579 2562 ἂν
613 2507 736 2562 ἀντὶ
784 2510 1063 2579 φραγμῶν
1118 2512 1405 2580 γίγνεσθαι
1460 2516 1577 2579 τοῖς
1629 2516 1844 2586 ἀγροῖς.

260 2597 482 2650 Μᾶλλον
510 2598 566 2651 δὲ
594 2600 689 2653 καὶ
714 2598 938 2664 τούτους
970 2602 1067 2654 ἐπὶ
1095 2602 1356 2657 τοσοῦτον
1391 2606 1843 2677 στενοχωροῦσιν,

261 2688 340 2753 ώς
384 2690 520 2761 μηδὲ
554 2691 735 2764 ῥᾴδιον
792 2688 934 2748 εἶναι
988 2694 1281 2760 διεξελθεῖν
1330 2695 1420 2752 διὰ
1456 2697 1662 2752 τούτων
1690 2698 1844 2769 βαδί-

260 2783 420 2848 ζοντα
445 2801 459 2816 ·
493 2786 609 2840 ἀλλ’
639 2788 858 2858 ἀνάγκη
889 2789 1131 2857 πολλοῖς,
1168 2791 1218 2844 εἰ
1240 2784 1351 2845 οἷόν
1389 2791 1439 2844 τ’
1484 2794 1685 2860 εἰπεῖν,
1710 2795 1842 2847 ἑπο-

258 2875 524 2947 χούμενον
550 2879 815 2950 φέρεσθαι
836 2897 849 2910 ·
871 2880 1016 2935 οὓτω
1036 2883 1232 2937 πυκνοὶ
1264 2882 1581 2953 πίπτουσιν,
1615 2885 1812 2941 ἑστιῶν
1829 2918 1843 2927 -

256 2986 350 3034 τες
390 2973 489 3042 μὲν
516 2972 764 3040 οἰωνοὺς,
798 2976 1090 3041 ἑστιῶντες
1117 2977 1175 3031 δὲ
1205 2976 1402 3049 θῆρας,
1438 2978 1535 3032 καὶ
1562 2978 1624 3032 τὸ
1661 2979 1843 3036 κυνῶν

257 3061 432 3126 ἔθνος.
473 3064 538 3118 Ἡ
586 3066 695 3137 γὰρ
727 3067 837 3120 τῶν
868 3068 1104 3137 ἐχόντων
1136 3069 1335 3133 σπάνις
1367 3069 1493 3124 ἀντὶ
1534 3071 1841 3143 χειροήθων

259 3155 338 3218 εἰς
355 3156 666 3227 ἀνημέρους
700 3159 798 3213 καὶ
820 3158 1044 3223 τούτους
1068 3160 1302 3233 ἢγαγεν,
1338 3161 1836 3235 ἀπαναινομένους,
1866 3196 1911 3255 C

257 3243 314 3295 εἴ
340 3247 485 3309 τινές
507 3264 609 3300 που
637 3250 848 3304 τούτων
874 3255 1120 3321 φανεῖεν,
1146 3253 1416 3324 φυγόντες
1445 3259 1545 3326 μὲν
1574 3257 1634 3311 1:6
1664 3255 1840 3328 ξίφος,

258 3333 573 3408 βουλόμενοι
621 3339 687 3394 δι
726 3358 781 3395 τι
827 3340 1047 3413 νύκτωρ
1092 3343 1205 3397 τῶν
1256 3346 1535 3418 σφετέρων
1569 3348 1840 3420 ἁρπάσαι,

256 3426 345 3496 ἀφ’
381 3421 427 3499 ᾧ
455 3432 530 3501 μὴ
563 3431 706 3504 λιμῷ
749 3432 1123 3504 τεθνήξονται,
1179 3436 1416 3491 ἀϐίωτον
1444 3439 1722 3509 ’βιοῦντες
1750 3443 1842 3497 τὸν

257 3519 399 3589 βίον,
415 3522 633 3576 καὶτῶν
654 3524 1017 3580 ἀπολωλότων
1040 3526 1299 3582 τοσοῦτον
1324 3529 1701 3602 διαφέροντες,
1729 3535 1841 3605 ὅσῳ

265 3611 409 3677 μετά
463 3612 663 3675 πολλάς
695 3630 847 3679 τινας
881 3616 1196 3687 ἀςορήτους
1247 3616 1498 3687 ἀνάγκας
1523 3623 1656 3675 αὐτὸ
1680 3621 1843 3678 τοῦτο

260 3716 564 3757 πείσονται.

331 3798 535 3869 Καιρδς
564 3798 619 3851 δὲ
643 3801 740 3853 καὶ
774 3802 886 3862 τοῖς
908 3798 1156 3871 λῃσταῖς,
1183 3794 1301 3864 οἷος
1342 3798 1505 3854 οὖπω
1542 3804 1835 3874 πρὲτερον,

259 3891 352 3942 καὶ
380 3890 441 3944 ὃν
476 3889 714 3956 εὕξαιντ⁹
747 3892 815 3946 ἂν
863 3892 1048 3955 αὐτοῖς
1080 3893 1286 3963 μᾶλλον
1315 3894 1598 3964 γενέσθαι.
1633 3896 1699 3950 Οἱ
1727 3896 1837 3967 γὰρ

257 3983 356 4047 τὰς
379 3980 489 4036 τῶν
517 3984 791 4053 πολεμίων
823 3985 1320 4053 ἀποδιδράσκοντες
1351 3988 1563 4058 χεῖρας,
1594 3991 1716 4052 ταῖς
1742 3989 1841 4042 αύ-

258 4076 369 4129 τῶν
392 4076 552 4140 εὐθὺς
581 4076 1001 4147 περιπίπτουσι,
1038 4080 1154 4144 καὶ,
1194 4077 1421 4141 τούτους
1478 4078 1680 4143 ἄλλους
1722 4097 1838 4133 τοι·

258 4168 452 4232 ούτους
481 4169 853 4240 εὑρίσκοντες,
878 4168 948 4223 ἂν
978 4168 1081 4240 μὲν
1112 4170 1334 4235 ἑκόντες
1378 4170 1702 4237 ἑξιστῶνται
1728 4173 1839 4229 τῶν

256 4263 452 4328 ὄντων,
485 4260 593 4315 οὐδ’
618 4259 759 4316 οὕτω
785 4261 975 4317 κακῶν
995 4262 1236 4326 ἀπαθεῖς
1260 4263 1508 4329 ἀπίασιν,
1538 4264 1678 4319 ἀλλά
1707 4266 1838 4320 πολ-

257 4356 356 4419 λάς
406 4371 564 4419 τινας
618 4354 887 4425 πρότερον
933 4353 1253 4425 ἐκπλήξεως
1313 4355 1502 4409 εἵνεκα
1548 4356 1839 4428 δεξάμενοι

258 4448 399 4500 κατά
427 4448 620 4512 νώτου,
649 4445 744 4500 τοῦ
783 4446 860 4517 μὴ
882 4446 1139 4501 τεθνάναι
1163 4448 1326 4518 χάριν
1351 4447 1568 4521 ἔχοντες
1592 4466 1607 4482 ο
1645 4450 1837 4521 βουλό-

259 4556 413 4609 μενοι
445 4541 502 4592 δὲ
534 4541 741 4593 τούτων
773 4540 1147 4610 ὑπερμαχεῖν,
1171 4541 1650 4611 προσαπολλύουσι
1673 4544 1836 4612 σφᾶς,
1865 4532 1919 4593 D

256 4633 293 4688 ἃ.
328 4632 426 4702 μὲν
451 4631 685 4705 πρόσθεν
709 4631 946 4705 ἤλπισαν
977 4630 1040 4686 ού
1065 4633 1359 4698 παθόντες,
1380 4628 1456 4688 ὧν
1486 4635 1544 4689 δὲ
1571 4636 1630 4688 οὐ
1662 4653 1838 4707 προσ-

257 4724 524 4794 εδόκησαν
584 4723 756 4792 σφίσι,
814 4723 1021 4779 τούτων
1072 4725 1358 4796 κατάκρας
1396 4725 1690 4796 εἰληφότες
1740 4728 1839 4800 τὴν

260 4813 486 4881 πεῖρανο
523 4810 910 4882 παραπλήσιον
941 4810 1132 4883 ῶσπερ
1169 4810 1239 4867 ἂν
1267 4814 1339 4879 εί,
1366 4814 1456 4867 διά
1486 4816 1652 4870 τοῦτο
1677 4816 1843 4871 Σικε-

258 4902 410 4956 λικοῦ
435 4919 521 4967 τις
553 4903 824 4972 πελάζους
881 4904 1159 4969 διασώσας
1203 4905 1263 4959 τὸ
1318 4908 1549 4978 σκάφος,
1612 4910 1842 4979 ὑφάλοις

256 4997 399 5050 τισὶν
428 4997 672 5067 ἐνέτυχε,
703 4996 800 5049 καὶ
823 4995 1049 5051 σπιλάσι
1081 4999 1217 5053 πολὺ
1243 5000 1577 5073 ὄεινοτέραις
1603 5006 1712 5060 τῶν
1739 5006 1841 5078 τῆς

258 5087 502 5159 Σκύλλης
542 5088 816 5157 κεφαλῶν.

329 5179 799 5249 Παραπολέλαυκε
817 5180 861 5232 δ’
880 5180 1058 5252 οῖμοιῑ
1089 5182 1184 5238 καὶ
1215 5182 1396 5248 Ἀθως
1425 5184 1529 5254 τῆς
1551 5190 1840 5261 συμφορᾶς

257 5272 353 5322 καὶ
392 5269 493 5339 τῆς
523 5270 726 5324 ἀτόπου
753 5274 987 5342 ταυτησὶ
1008 5274 1118 5328 τῶν
1156 5275 1424 5343 κυμάτων
1460 5278 1750 5349 ἑπιρροῆς,
1779 5282 1841 5334 τὸ

261 5368 421 5433 μόνον
448 5361 525 5425 ὡς
556 5362 775 5432 ἀληθῶς
827 5364 1052 5436 ἀπάσης
1100 5366 1201 5437 τῆς
1240 5369 1448 5440 ἀρετῆς
1472 5368 1651 5422 κοινὸν
1678 5372 1844 5442 ἐργα-

259 5456 506 5527 στήριον,
540 5458 568 5510 6
594 5457 693 5527 τῆς
747 5458 1048 5530 ἑκασταχοῦ
1098 5460 1199 5531 τῆς
1222 5462 1555 5533 οἰκουμένης
1586 5461 1741 5534 (πῶς
1773 5466 1841 5521 ἂν

258 5548 547 5617 alterum)
626 5550 1080 5621 ὁμολογουμένως
1153 5554 1535 5626 ἑξειλεγμένος
1593 5558 1835 5629 μάλιστα

257 5641 461 5712 χῶρος,
510 5642 705 5713 ὥσπερ
741 5645 843 5699 οὐκ
900 5648 1311 5721 ἀνασχομένων,
1365 5645 1548 5723 οἶμαι,
1587 5653 1696 5707 τῶν
1721 5657 1843 5727 Μή-

332 5797 379 5870 (ι
395 5799 444 5865 l)
470 5798 717 5871 Thucyd.
763 5818 837 5860 iv.
874 5803 969 5860 48,

1952 1992 2179 2034 acervos
2224 1984 2446 2031 struunt
2488 1970 2726 2045 majdres
2783 1986 2950 2043 quam
3011 1978 3071 2024 ut
3098 1968 3542 2040 Corcyraeorum,

1953 2094 2094 2141 teste
2121 2083 2471 2155 Thucydide,
2493 2082 2547 2137 in
2579 2080 2846 2153 plaustris
2874 2085 3197 2134 avectorum
3219 2117 3236 2142 ,
3272 2074 3543 2131 cadavera

1949 2215 2076 2257 cum
2117 2200 2184 2255 iis
2237 2198 2547 2269 comparari
2616 2194 2873 2267 possint;
2909 2202 3095 2249 tantus
3145 2190 3295 2247 enim
3345 2206 3542 2247 eorum

1953 2315 2058 2372 fuit
2100 2329 2390 2377 numerus,
2434 2322 2494 2368 ut
2547 2310 2772 2367 ﬂumina
2810 2309 2967 2381 quasi
3014 2307 3278 2379 pontibus
3308 2307 3543 2379 jungere

1951 2441 2013 2486 ut
2079 2444 2307 2500 campos
2365 2429 2628 2484 humanis
2703 2425 2998 2499 aggeribus
3054 2424 3277 2496 cingere
3326 2436 3539 2494 posses.

1948 2536 2155 2597 Eorum
2221 2541 2521 2597 multitudo
2573 2539 2714 2595 adeo
2764 2539 2936 2594 densa
3009 2546 3116 2605 est,
3161 2547 3220 2592 ut
3278 2537 3543 2592 euntibus

1952 2653 2245 2711 obstaculo
2275 2655 2391 2711 sint
2412 2665 2468 2710 et
2504 2654 2598 2709 alii
2650 2654 2885 2708 aliorum
2929 2652 3088 2723 quasi
3109 2650 3357 2705 humeris
3406 2649 3541 2704 insi-

1946 2772 2114 2827 deant
2173 2779 2228 2826 et
2276 2772 2494 2837 avibus,
2537 2770 2690 2834 feris,
2730 2768 2965 2825 canibus
3011 2766 3228 2822 facilem
3290 2766 3534 2835 praulam

1944 2884 2202 2944 otl‘erant.
2258 2884 2379 2941 Huc
2419 2884 2636 2940 accedit
2673 2881 2824 2954 quod
2867 2882 2964 2949 qui
3014 2881 3144 2936 vita:
3167 2880 3531 2936 substantiam

1945 2997 2154 3054 habent
2204 3013 2235 3053 a
2286 2997 2427 3055 feris
2486 3007 2544 3054 et
2591 2996 2919 3053 inhumanis
2983 2996 3190 3052 misere
3240 3005 3541 3067 carpantur

1943 3124 2000 3167 et
2054 3127 2275 3183 semper
2339 3112 2581 3169 hostium
2630 3111 2812 3183 gladio
2867 3120 3240 3180 exponantur,
3295 3110 3342 3166 si
3395 3110 3540 3165 forte

1946 3241 2115 3286 noctu
2167 3230 2355 3287 cibum
2408 3230 2695 3301 quaesituri
2748 3237 2954 3285 exeunt
2990 3245 3061 3284 ne
3094 3228 3240 3284 fame
3280 3237 3534 3299 pereant,

1943 3353 1998 3400 et
2029 3345 2111 3400 sic
2150 3343 2412 3399 miseram
2443 3345 2730 3399 trahentes
2789 3345 2960 3399 vitam
2993 3343 3047 3398 id
3082 3358 3252 3398 unum
3283 3350 3538 3396 metuant

1945 3475 2014 3514 ne
2042 3468 2167 3530 post
2186 3458 2540 3529 gravissimas
2567 3472 2846 3513 aerumnas
2887 3464 2944 3513 et
3009 3456 3112 3525 ipsi
3170 3455 3409 3512 similem
3441 3469 3541 3510 nc-

1950 3587 2072 3627 cem
2099 3581 2389 3642 oppetant.

2022 3795 2129 3851 Sed
2182 3796 2494 3852 latronibus
2549 3810 2773 3867 quoque
2828 3794 2918 3851 illa
2970 3803 3271 3866 tempestas
3326 3794 3540 3866 gratior

1952 3927 2119 3982 quam
2173 3928 2423 3983 unquam
2475 3922 2638 3969 antea
2676 3911 2800 3968 fuit.
2839 3912 2942 3979 Qui
2970 3912 3119 3967 enim
3155 3910 3397 3967 hostium
3422 3927 3541 3964 ma‘

1944 4042 2049 4082 nus
2090 4027 2434 4099 effugerant,
2465 4028 2521 4083 in
2554 4027 2774 4083 illorum
2816 4028 2966 4083 illico
2988 4026 3330 4091 incidebant,
3361 4040 3391 4080 a
3417 4026 3539 4097 qui-

1943 4142 2050 4197 bus
2095 4142 2140 4196 si
2196 4157 2306 4197 non
2369 4151 2567 4211 sponte
2631 4157 2756 4214 qua:
2807 4141 3189 4213 possidebant,
3239 4142 3537 4208 cedebant,

1945 4256 2082 4311 diris
2136 4256 2468 4312 verberibus
2517 4258 2700 4314 allecti
2766 4266 2984 4314 tantum
3048 4274 3163 4312 non
3225 4258 3292 4313 ad
3339 4274 3538 4314 necem

1946 4385 2122 4441 usque
2171 4369 2588 4426 cruciabantur.
2662 4371 2766 4438 Qui
2795 4387 2960 4443 porro
2993 4373 3204 4428 amicos
3238 4372 3538 4430 calamito-

1944 4500 2036 4541 sos
2082 4485 2253 4541 armis
2278 4485 2579 4542 defendere
2609 4486 2869 4541 volebant
2898 4501 3004 4540 una
3035 4501 3164 4541 cum
3194 4486 3304 4543 illis
3329 4490 3382 4543 in
3415 4504 3539 4559 pcr-

1952 4599 2154 4654 niciem
2207 4598 2448 4655 ruebant
2478 4608 2536 4654 et
2563 4599 2833 4670 supplicia
2865 4599 3161 4655 durissima
3190 4615 3294 4655 nec
3328 4601 3539 4672 opinati

1952 4714 2321 4784 patiebantur,
2364 4715 2527 4784 plane
2579 4724 2638 4769 ut
2667 4713 2704 4769 ii
2738 4714 2833 4784 qui
2869 4713 2924 4768 in
2983 4714 3120 4768 mari
3162 4713 3347 4770 Siculo
3392 4715 3538 4771 Cha-

1954 4832 2153 4902 rybdin
2206 4831 2476 4897 vitantes,
2504 4830 2558 4884 in
2611 4829 2888 4886 tristiores
2933 4827 3129 4899 Scylla:
3172 4832 3432 4904 scopulos
3483 4841 3541 4889 et

1951 4963 2087 5003 saxa
2114 4946 2313 5003 misere
2335 4944 2606 5000 incidunt.

2028 5198 2171 5256 Casu
2229 5211 2470 5271 quedam
2511 5198 2660 5255 fatali
2688 5199 2864 5257 Athos
2886 5216 3128 5272 quoque,
3184 5202 3238 5257 in
3268 5217 3378 5273 quo
3417 5202 3538 5258 solo

1951 5314 2134 5371 virtus
2174 5324 2354 5370 tutum
2391 5315 2562 5371 habet
2603 5314 2975 5385 domicilium,
3025 5316 3121 5387 qui
3152 5316 3306 5373 solus
3329 5316 3536 5387 ubique

1951 5440 2223 5486 terrarum
2272 5440 2328 5487 et
2388 5435 2635 5487 omnium
2670 5446 2943 5488 consensu
2974 5446 3068 5486 vas
3095 5441 3181 5486 est
3212 5431 3527 5498 electionis,

1950 5560 2306 5604 communem
2360 5544 2755 5611 calamitatem,
2815 5555 2877 5602 ut
2932 5546 2988 5601 iu
3053 5545 3191 5600 mari
3242 5545 3544 5614 scopuloso

1949 5634 2216 5736 expertus
2276 5672 2384 5729 est,
2438 5662 2570 5717 licet
2627 5677 2731 5719 nec
2800 5677 2829 5717 a
2869 5660 3155 5717 Medorum
3200 5675 3327 5731 rege
3358 5659 3546 5719 Xerxe

2233 5917 2263 5924 -ο
