4018 6414
214 366 321 440 MS

1625 368 2038 437 EPIST’OLE.
3387 387 3494 450 iis

213 513 367 558 τινας
393 494 524 564 ἡμῖν
553 491 928 562 ἐκπέμπουσιν
955 492 1250 564 ὁσημέραι,
1276 492 1338 545 οὐ
1375 492 1479 561 γῆν
1508 493 1603 546 καλ.
1628 491 1795 561 ὕδωρ,

1903 491 1993 546 die
2026 490 2313 562 deputant,
2339 494 2433 565 qui
2471 509 2582 549 non
2615 504 2816 551 terram
2848 507 2899 551 et
2934 512 3157 568 aquam,
3191 510 3249 554 ut
3285 501 3485 556 Xerxis

212 587 466 655 καθάπερ
503 589 530 640 ό
558 585 650 638 τοῦ
677 585 773 639 νῦν
799 587 1012 655 Πέρσου
1048 584 1314 656 πρόγονος
1347 582 1484 655 (18),
1518 582 1653 635 ἀλλὰ
1680 582 1785 635 δει-

213 680 416 732 νότατα
471 679 691 732 πάντων
724 678 1037 741 αἰτοῦντας,
1081 677 1186 735 κᾶν
1218 678 1293 749 μὴ
1317 678 1386 735 τὰ
1421 676 1789 746 βουλευόμενα

212 775 390 843 πέρας
417 772 491 835 ὡς
515 771 747 842 τάχιστα
770 775 871 842 σχῇ
905 772 1103 844 (τοῦτο
1132 772 1179 824 δ’
1197 772 1346 825 ἐστὶν
1377 770 1604 831 ἑκόντας
1628 759 1792 831 ὄντας

211 856 659 936 παραδεῧιιικέναι
694 866 848 933 σφίσι
899 866 998 935 τὴν
1028 864 1182 918 πόλιν
1214 864 1333 933 (19)
1363 865 1457 918 καὶ
1496 862 1635 933 μετὰ
1683 860 1794 917 τῶν

214 960 674 1029 ὑποτεταγμένων
699 960 1023 1030 φέρεσθαι),
1045 961 1284 1024 ἀτόπους
1312 959 1469 1021 τινὰς
1499 956 1792 1017 ἀπειλοῦσι

213 1052 513 1124 πορθήσεις
551 1054 641 1106 καὶ
704 1056 1063 1123 κατασκαφὰς
1096 1057 1224 1125 γῆς,
1279 1054 1374 1106 καὶ
1426 1053 1638 1114 πόλεως
1664 1052 1795 1105 ἀνα-

219 1148 445 1209 στάσεις
475 1148 540 1200 ἐκ
567 1145 808 1218 βάθρων,
837 1149 932 1201 καὶ
978 1147 1090 1201 τῶν
1139 1147 1498 1199 ἐνοικούντων
1544 1144 1792 1219 ὄλεθρον,

216 1242 313 1295 καὶ
359 1238 572 1311 δάκρυα
632 1243 727 1293 καὶ
786 1241 998 1308 σφαγὰς
1026 1242 1119 1294 καὶ
1171 1234 1310 1308 αἷμα
1351 1242 1448 1292 καὶ
1479 1240 1660 1308 φόνον,
1698 1239 1794 1291 καὶ

213 1333 594 1405 αἰχμαλώτους
643 1334 893 1402 μυρίους,
927 1335 1024 1387 καὶ
1084 1335 1374 1405 τραύματα
1403 1333 1513 1387 τῶν
1538 1332 1794 1391 ἀνθισταμ-

218 1429 420 1498 μενων,
450 1428 543 1480 καὶ
567 1426 917 1490 ἀπολωλότας
946 1427 1088 1496 ὑπὲρ
1115 1426 1177 1480 τὸ
1206 1426 1428 1495 πλῆθος,
1458 1427 1551 1481 καὶ
1569 1424 1796 1494 ἀγωγήν

216 1520 632 1591 σκυλευμάτων,
684 1521 783 1575 καὶ
834 1521 1065 1591 καρπῶν
1118 1520 1376 1575 ἁπάντων
1425 1520 1671 1592 φθοράν,
1701 1522 1796 1575 καὶ

214 1613 358 1667 νεῶν
388 1614 477 1667 καὶ
506 1613 694 1678 οίκων,
734 1615 826 1668 καὶ
856 1614 1096 1684 λιμένων
1127 1614 1223 1669 καὶ
1252 1614 1463 1682 τάφων,
1498 1614 1596 1668 καὶ
1624 1615 1797 1668 στοῶν

216 1709 312 1760 καὶ
342 1705 609 1778 θεάτρων,
635 1710 730 1760 καὶ
759 1706 921 1761 πάνθ’
946 1707 1082 1778 ὁμοῦ
1117 1708 1187 1763 τὰ
1225 1709 1496 1781 φρικώδη.

290 1800 562 1869 Ἐστηκεν
622 1794 716 1852 οὗν
753 1802 885 1870 ἡμῖν
917 1802 949 1868 ἠ
982 1800 1139 1864 πόλις
1198 1801 1257 1853 ὲν
1289 1802 1570 1875 ἀγρυπνίᾳ
1598 1819 1657 1855 τε
1703 1804 1794 1858 καὶ

210 1891 488 1962 φροντίσι,
521 1892 614 1946 καὶ
650 1892 866 1963 πλήρης
890 1891 1130 1965 θορύϐου
1180 1892 1275 1949 καὶ
1325 1893 1499 1965 μεστὴ
1525 1896 1790 1967 ταραχῆς.

213 1989 292 2056 μὴ
323 1984 392 2038 τὰ
430 1984 716 2039 δεινότατα
752 1986 920 2040 πάλαι
966 1986 1106 2056 μόνη
1146 1988 1259 2047 τῶν
1305 1987 1398 2055 ὑφ’
1426 1987 1562 2063 ἡλίῳ
1601 1986 1795 2043 πασῶν

210 2076 394 2147 πεπλη
404 2095 442 2147 μ
451 2076 722 2148 μεληκυῖα
743 2077 879 2149 (ΞΟ),
899 2079 994 2132 καὶ
1020 2078 1115 2132 νῦν
1143 2076 1299 2133 οὐδὲν
1321 2079 1545 2134 ἔλαττον
1571 2081 1793 2152 ἔχουσα,

212 2168 354 2222 ἀλλὰ
386 2171 484 2224 καὶ
536 2169 675 2241 πρὶς
741 2169 1026 2239 κολοφῶνα
1080 2172 1190 2226 τῶν
1245 2172 1435 2225 κακῶν
1489 2173 1793 2244 ἀφιγμένη,

216 2262 402 2315 πᾶσαν
428 2261 523 2315 νῦν
554 2263 863 2332 ὲκτίσωμεν
889 2262 1037 2334 οἴμοι
1062 2264 1074 2318 ί
1108 2263 1208 2334 τὴν
1237 2261 1417 2333 δίκην,
1454 2263 1549 2316 καὶ
1571 2264 1797 2334 γένηταί

212 2369 267 2403 τι
295 2350 405 2405 τῶν
435 2353 825 2423 προσηκόντων
852 2357 916 2425 τῇ
944 2355 1138 2426 τοσῇδε
1165 2354 1361 2427 κακίᾳ..
1426 2354 1539 2418 Τὰς
1562 2355 1673 2424 γὰρ
1692 2372 1797 2409 κα-

209 2444 471 2508 κοποιοὺς
499 2446 704 2507 ταύτας
736 2448 832 2500 καὶ
865 2448 1163 2518 συμφορῶν
1182 2449 1501 2519 ἀπλήστους
1535 2448 1796 2516 δυνάμεις

210 2535 596 2606 ὑπηρετούσας
624 2539 785 2607 ἴσμεν
809 2539 1067 2606 καθάπαξ
1090 2543 1158 2611 τῇ
1190 2540 1315 2595 καθ’
1344 2542 1506 2613 ἡμῶν
1529 2543 1624 2596 τοῦ
1649 2542 1797 2597 θείου

212 2629 471 2699 βουλήσει
498 2632 588 2683 καὶ
613 2631 973 2696 συντελούσας
1004 2636 1070 2704 τῇ
1107 2634 1290 2705 χρείᾳ,
1321 2633 1426 2686 κᾶν
1458 2630 1576 2703 ζῶσι
1608 2637 1796 2706 θεομι-

215 2727 327 2787 σείς
345 2740 362 2755 ο
389 2724 484 2777 καὶ
508 2725 536 2777 ὁ
563 2724 671 2778 τῶν
697 2726 969 2795 μεγίστων
991 2726 1292 2789 ὑπεύθυνος
1312 2728 1526 2795 ὲςρεῖται
1557 2729 1798 2796 μάλιστα

216 2818 496 2882 ταυταισὶ,
546 2819 640 2870 καὶ⁸
674 2816 865 2870 τοῦτον
901 2809 1060 2870 αὗται
1091 2817 1436 2881 κολάζουσιν.
1487 2817 1641 2873 Ἵλατ’
1672 2822 1797 2891 ἐμοὶ

220 2911 319 2978 μὲν
349 2908 507 2962 ταῦθ’
532 2909 749 2980 ὁρῶντι,
787 2912 882 2964 καὶ
918 2910 1124 2965 τούτων
1158 2911 1562 2984 αἰσθανομένῳ,
1592 2916 1701 2966 τῶν
1739 2917 1799 2968 ὲν

218 3001 448 3070 πελάγει
475 3003 890 3074 χειμαζομένων
919 3002 1148 3073 γνώμην
1184 3005 1261 3067 ὡς
1289 3004 1509 3077 ἀληθῶς
1545 3008 1794 3074 εἰσιέναι,

215 3095 343 3149 ὅταν
399 3094 507 3149 ὑπό
554 3113 719 3150 τινων
754 3096 1078 3166 σκηπτῶνῆ
1122 3095 1420 3167 στροϐίλων
1450 3097 1510 3162 ἐξ
1563 3099 1796 3169 οὐρανοῦ

1898 605 2143 675 abnepos
2182 609 2276 677 qui
2304 625 2451 664 nunc
2480 620 2692 680 regnat,
2723 611 2818 667 sed
2859 612 3220 668 acerbissima
3247 629 3480 684 qumque

1899 730 2245 791 exposcunt,
2288 723 2543 791 quamvis
2596 740 2704 778 non
2758 739 2978 796 semper
3030 727 3489 797 promptissimos

1895 836 2200 890 voluntatis
2259 852 2373 892 suae
2439 839 2726 907 operarios
2776 840 3085 895 inveniant.
3139 839 3285 907 Quid
3335 841 3484 897 enim

1897 945 2137 1001 volunt?
2189 945 2259 1017 Ut
2313 957 2509 1016 sponte
2555 946 2692 1018 ipsis
2742 948 2947 1007 urbem
3001 948 3283 1005 tradamus
3346 959 3403 1004 et
3431 951 3495 1003 in‘

1895 1054 2247 1110 subditorum
2295 1070 2532 1110 numero
2586 1071 2878 1124 ponamur.
2936 1057 3018 1113 Ad
3049 1057 3167 1114 haec
3202 1058 3488 1112 minantur

1899 1167 2143 1235 regionis
2170 1166 2556 1230 vastationem,
2587 1166 2744 1221 urbis
2772 1167 3142 1233 eversionem,
3174 1166 3493 1221 incolarum

1897 1293 2111 1341 necem,
2135 1278 2426 1353 laerymas,
2459 1252 2686 1340 caedem:
2705 1278 3053 1348 sanguinem,
3087 1276 3483 1347 captivitatem,

1844 1418 1849 1427 -
1897 1390 2126 1447 vulnera
2187 1389 2579 1451 resiswntibus
2629 1387 3006 1458 impingenda,
3070 1386 3307 1455 praedam
3355 1387 3471 1441 abi-

1896 1495 2152 1565 gendam,
2184 1495 2562 1563 auferendam,
2631 1495 2880 1549 omnium
2946 1492 3163 1563 frugum
3189 1493 3485 1562 iacturam,

1898 1607 2144 1676 navium,
2214 1607 2613 1675 aedificiorum,
2679 1615 2986 1679 portuum,
3044 1605 3432 1675 sepulcrorum
3470 1646 3485 1672 ,

1899 1719 2235 1791 porticuum,
2282 1719 2625 1777 theatrorum
2650 1719 2835 1773 tristes
2860 1719 3052 1771 ruinas
3082 1714 3484 1771 annuntiando.

1826 1845 1869 1902 Β
1973 1836 2089 1889 Hoc
2115 1849 2298 1889 rerum
2321 1842 2467 1891 statu
2495 1832 2627 1889 urbs
2657 1841 2847 1889 nostra
2891 1833 3043 1889 curis
3072 1841 3129 1886 et
3158 1808 3488 1887 sollicitudi-

1895 1948 2059 2005 nibus
2118 1948 2319 2019 agitata
2366 1947 2732 2005 tumultuatur
2786 1955 3040 2003 metuens
3088 1959 3158 2000 ne
3218 1952 3339 2014 post
3370 1944 3484 1998 cri-

1896 2059 2044 2116 mina
2080 2059 2319 2116 nel‘anda
2349 2060 2415 2114 ad
2461 2073 2837 2114 mrumnarum
2885 2056 3163 2127 fastigium
3220 2054 3485 2125 propulsa

1903 2175 2169 2231 ultionem
2199 2172 2525 2228 acerrimam
2553 2171 2771 2226 subeat.
2820 2167 2941 2223 Non
2978 2168 3124 2223 enim
3159 2166 3491 2238 ignoramus-

1897 2283 2045 2354 quod
2100 2290 2403 2354 potestates
2460 2281 2577 2336 ista:
2620 2279 2950 2350 perniciosa:
2995 2275 3231 2331 consilio
3292 2274 3495 2328 divino

1898 2407 2096 2455 contra
2138 2411 2241 2454 nos
2283 2402 2545 2466 suscepto
2594 2392 2905 2449 inserviunt
2948 2399 3005 2445 et
3061 2388 3339 2460 piaculum
3394 2386 3483 2440 vel

1899 2511 2061 2567 nobis
2089 2509 2279 2565 invitis
2327 2510 2623 2579 imponunt
2654 2508 2773 2561 :sic
2819 2505 2971 2560 enim
3025 2502 3281 2558 homines
3314 2501 3487 2557 scele-

1897 2626 2126 2684 stissimi
2179 2634 2401 2696 peccata
2435 2640 2536 2680 sua
2584 2625 2828 2694 expiant.
2864 2622 2991 2675 llaec
3027 2618 3212 2674 omnia
3249 2628 3493 2673 eontem-

1898 2742 2071 2813 planti
2141 2740 2278 2795 mihi
2326 2747 2383 2796 et
2432 2739 2617 2794 animo
2674 2735 2917 2792 volventi
2987 2744 3170 2789 nauta:
3231 2733 3286 2786 in
3344 2746 3496 2787 men-

1901 2863 2014 2910 tem
2063 2854 2318 2920 veniunt,
2367 2866 2608 2923 quorum
2640 2850 2925 2920 navigium
2950 2846 3227 2902 imbribus
3259 2858 3494 2915 oppres-

1898 2981 2020 3022 sum
2067 2980 2099 3020 a
2147 2981 2366 3021 summo
2426 2964 2495 3020 ad
2528 2965 2636 3018 ima
2660 2975 2994 3018 concussum
3029 2971 3255 3015 omnem
3288 2955 3489 3011 salutis

1900 3096 2053 3153 spem
2091 3079 2352 3151 perdidit.
2386 3078 2441 3133 In
2477 3079 2580 3133 liae
2623 3077 2774 3133 enim
2824 3073 3216 3155 trepidatione,
3252 3084 3497 3125 summo-

216 3188 727 3259 κατενηνεγμένων,
757 3189 854 3242 καὶ
888 3189 948 3241 τὸ
1004 3188 1103 3260 μὲν
1131 3190 1338 3259 σκάφος
1377 3188 1490 3243 ἄνω
1517 3192 1613 3244 καὶ
1647 3192 1799 3246 κάτω

1904 3212 2013 3269 que
2059 3212 2244 3252 rerum
2296 3194 2618 3250 discrimine
2667 3191 2868 3246 mirum
2918 3205 3027 3245 non
3074 3186 3237 3244 estsi
3273 3186 3341 3241 de
3374 3184 3484 3238 vita

218 3281 513 3334 κυκώντων
548 3282 667 3342 ταῖς
698 3280 979 3350 ἐμϐολαῖς,
1041 3281 1193 3351 σφίσι
1222 3282 1279 3357 δὲ
1307 3283 1480 3337 δεινὸν
1510 3284 1802 3339 ἀπειλούν-

217 3389 325 3427 των
360 3374 437 3436 ὼς
465 3372 869 3427 καταδύσεσθαι
907 3373 1027 3445 μετ’
1078 3373 1282 3441 ὀλίγον,
1334 3376 1437 3430 οὐκ
1492 3375 1661 3446 ἔχωσι
1705 3379 1800 3448 μὲν

216 3468 367 3521 οῦδὲν
393 3467 726 3538 ἀντιπρᾶξαι
752 3468 887 3536 πρὸς
919 3465 1019 3536 τὴν
1040 3466 1263 3537 τοσήνδε
1297 3468 1472 3538 φορὰν
1492 3470 1586 3522 τοῦ
1622 3468 1804 3540 κύμα-

220 3573 306 3621 τος
340 3557 482 3629 ὑπὲρ
506 3558 755 3629 κορυψῆς
778 3559 1091 3631 αἰρομένου,
1114 3559 1212 3623 τὰς
1249 3559 1307 3613 δὲ
1351 3561 1586 3631 ἐσχάτας
1622 3562 1802 3630 ἀπηλ-

223 3651 442 3712 πικότες
479 3650 556 3712 εἰς
576 3650 970 3721 ἀπορωτάτους
1001 3650 1299 3714 πίπτωσιν,
1329 3652 1404 3715 ὡς
1437 3652 1545 3706 ἀπὸ
1577 3653 1801 3718 λεπτοῦ,

225 3744 373 3811 φασὶ,
413 3741 567 3811 μίτου
604 3744 666 3834 ἐδ
718 3744 819 3814 ζῇν
849 3746 1033 3806 αὐτοῖς
1070 3744 1404 3814 ἠρτημένον.
1441 3744 1507 3798 Τί
1533 3747 1641 3814 γὰρ
1675 3745 1801 3798 τος-

222 3851 331 3887 των
360 3836 429 3888 τὰ
462 3837 704 3905 παρόντα
729 3836 1016 3904 λείπεται;
1052 3836 1256 3908 μᾶλλον
1283 3838 1336 3891 δὲ
1368 3839 1464 3894 καὶ
1494 3837 1664 3891 ταῦτα
1690 3839 1802 3900 τοῖς

224 3924 488 3996 παροῦσιν
518 3929 770 3996 ἡττᾶται.

301 4019 424 4073 Ἐπὶ
456 4020 669 4085 τούτοις
721 4022 804 4074 δεῖ
838 4022 938 4091 μὲν
976 4023 1112 4093 ἡμῖν
1169 4018 1442 4093 δήπουθεν
1486 4022 1582 4077 καὶ
1621 4020 1806 4078 ὅπλων

222 4112 316 4164 καὶ
354 4113 668 4183 παρῤησίας
689 4113 787 4166 καὶ
815 4114 974 4187 λόχου
1008 4115 1231 4188 συχνοῦ,
1256 4117 1351 4170 καὶ
1384 4115 1668 4186 φάλαγγος
1708 4118 1805 4170 σὺν

224 4203 454 4273 σπουδῇ,
478 4205 567 4258 καὶ
591 4207 691 4273 τῆς
715 4205 822 4258 τῶν
841 4207 1184 4278 γιγνομὲνων
1204 4208 1487 4273 ἁπάντων,
1506 4208 1582 4273 ὡς
1605 4210 1805 4278 εἰπεῖν,

224 4293 557 4361 συντελείας,
594 4295 676 4360 οἷς
710 4296 997 4369 χρώμενος
1025 4298 1092 4354 ἂν
1125 4303 1152 4354 ὁ
1176 4303 1295 4356 νυνὶ
1329 4301 1637 4373 στρατηγὸς
1665 4302 1802 4375 (21),

224 4384 364 4455 ἀνὴρ
401 4383 463 4438 ὃν
504 4384 572 4439 ἂν
630 4385 755 4440 ἰδὼν
794 4388 1047 4462 Ὄμηρος
1079 4389 1186 4461 ἔφη
1234 4389 1433 4461 βουλάς
1460 4410 1519 4445 τε
1550 4392 1806 4465 ἐξάρχειν

223 4478 434 4545 ἀγαθάς
457 4478 694 4547 πόλεμόν
722 4497 783 4534 τε
821 4482 1114 4552 κορύσσειν
1154 4484 1374 4553 μάλισθ’
1406 4486 1665 4541 ἁπάντων
1709 4487 1803 4540 δύ-

1903 3311 2220 3382 desperant,
2255 3326 2420 3382 quam
2461 3309 2742 3366 levissimo
2800 3314 3080 3363 momento
3108 3305 3362 3360 amittere
3398 3302 3497 3356 de-

1902 3428 2036 3483 bere
2091 3426 2373 3482 videntur.
2432 3424 2575 3491 Quid
2624 3423 2772 3479 enim
2814 3422 2950 3492 ipsis
3000 3418 3298 3491 superest?
3348 3418 3507 3489 quod

1902 3541 2207 3614 periculum
2236 3555 2343 3595 non
2378 3546 2645 3610 perpetuo
2680 3535 2971 3591 imminet?

1980 4012 2096 4068 lluc
2149 4012 2363 4071 accedit
2413 4015 2561 4086 quod
2614 4013 2793 4086 copiis
2852 4013 2993 4072 bene
3036 4023 3291 4080 armatis,
3356 4015 3501 4071 bene

1907 4132 2223 4189 exercitatis
2253 4133 2417 4188 nobis
2441 4148 2581 4203 opus
2611 4133 2776 4188 estin
2813 4133 3072 4203 praesenti
3110 4147 3293 4194 rerum
3320 4142 3494 4196 statu,

1909 4264 2142 4319 quarum
2171 4247 2374 4302 auxilio
2406 4247 2628 4317 adjutus
2657 4246 2704 4300 is
2741 4246 2834 4316 qui
2867 4260 3020 4301 nunc
3048 4245 3313 4316 temporis
3343 4259 3507 4299 exer-

1910 4363 2046 4419 eitui
2104 4371 2294 4417 nostro
2336 4369 2554 4432 praeest,
2591 4369 2835 4431 etquem
2869 4361 2986 4430 ipse
3013 4358 3282 4415 llomerus
3317 4359 3509 4412 virum-

1909 4476 2063 4548 paeis
2112 4474 2355 4545 bellique
2377 4474 2592 4529 artibus
2647 4472 3503 4542 instructissimumpraedicaret

222 4573 440 4633 νασθαι,
478 4573 619 4643 μέγα
647 4592 741 4644 μοι
762 4575 912 4630 δοκεῖ
935 4577 1032 4630 καὶ
1066 4579 1319 4633 νεανικὸν
1358 4580 1481 4643 τοὺς
1510 4581 1799 4651 πολεμίους

1912 4588 2250 4645 adversariis
2309 4587 2446 4659 ipsis
2514 4585 2735 4641 virtutis
2794 4585 3110 4655 exemplum
3183 4584 3493 4639 exhiberet.

222 4667 512 4737 εἰργάσθαι
536 4682 554 4700 ⁸
587 4670 704 4733 καὶ,
743 4669 772 4722 ὃ
799 4669 895 4724 νῦν
920 4671 1067 4742 ἡμᾶς
1105 4672 1276 4727 οὑτοιὶ
1304 4672 1403 4745 οὐχ
1429 4674 1630 4745 ἥκιστα
1654 4676 1735 4742 δὲ,
1762 4679 1809 4732 εί

226 4758 302 4829 μὴ
335 4760 433 4813 καὶ
459 4758 682 4829 μᾶλλον,
712 4762 856 4815 εῐποι
888 4779 970 4824 τις
1002 4761 1090 4828 ἂν,
1117 4764 1227 4834 ὅσῳ
1252 4764 1347 4817 καὶ
1383 4765 1523 4833 μετὰ
1541 4765 1652 4817 τῶν
1679 4769 1809 4819 δυσ-

221 4850 534 4919 τυχούντων
575 4852 742 4923 ἐσμὲν
778 4854 874 4906 καὶ
921 4851 1161 4925 ψυχικῆς
1196 4854 1430 4926 ἐξῆπται
1463 4858 1533 4915 τὰ
1561 4859 1812 4927 παρόντα

222 4944 445 5008 κακίας,
480 4943 582 5015 τῆς
615 4944 717 5014 σῆς
749 4947 1012 5018 συνήθους
1035 4948 1373 5017 χειροτονίας
1410 4951 1549 5019 πρὸς
1578 4951 1809 5021 οὐρανὸν

224 5036 453 5088 καὶτῶν
484 5038 546 5088 ἐκ
574 5036 675 5105 τῆς
727 5038 893 5107 εὐχῆς
927 5037 1200 5108 ὲπῳδιῶν,
1235 5038 1312 5103 ὡς
1369 5040 1698 5105 διαλλάξοις,
1732 5041 1809 5105 ὡς

222 5128 547 5199 ὲπαρήξοις,
579 5128 656 5185 ὡς
680 5129 1013 5193 ἁπαλλάξοις
1046 5131 1283 5199 ταυτησὶ
1330 5132 1429 5202 τῆς
1468 5133 1688 5204 ἀχλύος.
1719 5134 1811 5188 Δί-

222 5238 380 5283 καιος
410 5221 456 5275 δ’
478 5221 597 5291 εἴης
618 5217 680 5275 εὖ
710 5224 889 5277 ποιεῖν
919 5222 1079 5277 πόλιν
1170 5225 1406 5295 μάλιστα
1443 5225 1677 5297 χαίρεις,
1713 5226 1810 5280 καὶ

221 5313 494 5386 ἢπολλέις
552 5312 650 5367 καὶ
711 5314 957 5383 μεγάλας
989 5315 1406 5386 φιλανθρωπίας
1461 5319 1559 5371 καὶ
1582 5319 1814 5389 πράξεις

223 5400 359 5478 πρός
393 5423 454 5459 τε
487 5405 663 5476 αὐτὴν
694 5407 788 5459 καὶ
817 5406 948 5471 τοὺς
980 5408 1376 5477 ἀστυγείτονας
1408 5407 1562 5480 παρὰ
1595 5409 1690 5463 σοῦ
1720 5427 1813 5478 γε-

225 5497 461 5567 νομένας
492 5495 694 5565 ξχουσα
729 5495 929 5567 λέγειν,
957 5498 1039 5551 ὅτι
1073 5499 1151 5568 μὴ
1185 5498 1279 5550 νῦν
1306 5498 1426 5570 εἴης
1462 5499 1597 5570 παρ’
1647 5486 1808 5572 αὑτῇ,

226 5590 385 5645 τοῦτο
418 5588 469 5642 δ’
490 5580 568 5642 ὧν
594 5590 797 5660 πάσχει
827 5590 1134 5662 δεινότερον
1161 5592 1305 5660 ἄγει.

290 5773 405 5837 (18)
440 5769 657 5826 Xerxes
680 5771 912 5831 scilicet,
940 5779 1001 5825 ut
1035 5785 1223 5841 supra.

291 5844 404 5914 (I9)
440 5841 749 5913 Philippos,
781 5853 932 5912 pulo.

1908 4702 2091 4770 Quare
2138 4716 2239 4757 nos
2287 4717 2397 4756 non
2450 4701 2634 4755 minus
2688 4716 2752 4754 ac
2787 4698 2970 4755 czeteri
3018 4715 3236 4764 omnes,
3262 4714 3499 4769 quorum

1910 4815 2132 4869 animus
2173 4815 2528 4885 praesentium
2599 4814 2978 4869 calamitatum
3026 4813 3275 4884 pondere
3307 4814 3500 4884 oppri-

1912 4926 2103 4992 mitur,
2157 4926 2409 4981 manibus
2462 4924 2830 4996 precabundis
2883 4925 2952 4980 ad
3006 4923 3209 4980 malum
3237 4923 3496 4990 sublatis,

1917 5044 1980 5089 ut
2031 5049 2133 5104 par
2185 5044 2291 5098 est,
2319 5033 2694 5104 supplicamus
2716 5043 2777 5089 ut
2800 5033 2955 5089 hisee
2988 5048 3089 5089 nos
3120 5033 3278 5088 malis
3312 5048 3501 5104 prom-

1918 5154 2011 5218 pte
2038 5161 2224 5211 eruas,
2262 5144 2491 5215 eripias,
2530 5144 2754 5211 liberes,
2777 5160 2842 5200 ac
2870 5144 3113 5215 denique
3146 5146 3340 5200 urbem
3370 5160 3492 5215 quae

1918 5255 2015 5313 tibi
2063 5255 2118 5310 in
2174 5255 2369 5326 primis
2419 5253 2572 5310 cordi
2629 5264 2711 5309 est
2754 5253 3041 5309 beneﬁciis
3068 5253 3349 5318 cumules;
3386 5259 3506 5303 tum

1911 5370 2060 5427 enim
2106 5387 2212 5427 una
2249 5387 2374 5426 cum
2401 5352 2673 5441 gentibus
2698 5367 2947 5422 ﬁnitimis
2975 5383 3077 5437 pro
3104 5362 3533 5449 benevolentia.

1913 5494 2005 5539 tua
2047 5490 2099 5537 te
2136 5479 2467 5552 gloriﬁeabit
2504 5489 2583 5547 et,
2619 5478 2751 5535 licet
2785 5478 2903 5550 ipse
2939 5477 3139 5532 absens
3166 5476 3264 5542 sis,
3301 5488 3504 5528 aerum-

1909 5609 2009 5650 nas
2039 5592 2238 5649 fortius
2263 5590 2538 5649 tolerabit.

1984 5770 2096 5841 (‘20)
2137 5770 2341 5841 Paulus
2367 5767 2649 5838 apostolus
2668 5767 2935 5839 Philippis
2968 5763 3071 5821 fuit
3090 5762 3260 5834 virgis
3284 5776 3495 5819 cmsus.

1982 5839 2091 5912 (2|)
2126 5839 2511 5909 Cbandrenus,
2544 5853 2695 5909 puto.
