4018 6418
557 408 660 472 417

1787 413 2179 476 THEODULI
2228 416 2575 478 MONACIII
3700 424 3788 492 458

614 562 2251 587 “M-

2258 575 3753 606 —_______________._________

1424 710 1563 767 ΤθΥ
1602 711 2010 769 ΣΟΦΩΤΑΤΟΥ
2059 715 2180 770 ΚΑΙ
2231 715 2672 773 ΛΟΓΙΩΤΔΤυΥ
2710 720 2952 776 ΚΥΡΟΥ

908 878 1975 1020 ΘΕΟΔΟΥΛΟΥ
2049 883 2401 1018 ΤΟΥ
2480 882 3460 1034 ΜΑΓΙΣΤΡΟΥ

2024 1140 2398 1232 ΛΟΓΟΣ

1455 1340 1818 1456 ΠΕΡΙ
1890 1341 2699 1465 ΒΑΣΙΛΕΙΑΣ
2778 1335 2862 1418 (η
2902 1434 2933 1465 .

1582 1735 2041 1786 εΑιιῐΕιςτιεεικι
2090 1740 2170 1787 ET
2222 1741 2655 1792 ERUDITISSIMI
2709 1747 2843 1793 VIBI

1185 1908 2185 2076 THEODULI
2265 1919 3198 2085 MAGISTRI

2046 2189 2346 2256 ORATIO
2854 2212 2867 2229 ‘

1500 2371 1683 2485 DE
1766 2374 2183 2491 REGIS
2261 2353 2880 2564 ornans

1617 2612 1702 2655 AD
1749 2613 2169 2661 ANDRONICUM
2220 2616 2267 2660 ll
2311 2615 2751 2665 PALEOLOGUM

1656 2738 1775 2800 (Mai
1808 2740 1992 2806 Script.
2018 2748 2110 2794 vel.
2145 2746 2267 2793 tom.
2289 2741 2422 2802 Vili,
2446 2747 2588 2804 parte
2612 2745 2711 2807 ιιι.)

614 3028 668 3086 1.
696 3029 884 3087 Talem
916 3031 1200 3104 tejudico,
1237 3035 1446 3104 Optime
1487 3036 1784 3108 imperator
1819 3043 1965 3110 (nam
1995 3044 2128 3099 satis

2304 3064 2379 3102 α.
2408 3044 2536 3102 οὖτ⁹
2574 3042 2751 3113 αὐτός’
2776 3066 2870 3120 μοι
2912 3049 3112 3119 δοκεῖς,
3146 3054 3416 3127 κράτιστε
3457 3054 3691 3126 βασιλεῦ,
3730 3054 3795 3119 ὥς

541 3152 596 3199 te
652 3145 935 3216 cognitum
993 3146 1171 3203 habeo
1230 3159 1291 3203 ut
1325 3150 1468 3207 hanc
1495 3155 1762 3210 rationem
1790 3157 1993 3228 ineam)
2026 3161 2121 3230 qui

536 3269 596 3313 et
623 3258 718 3315 tibi
742 3269 796 3315 et
818 3261 1051 3317 subditis
1078 3263 1175 3318 tibi
1200 3265 1416 3323 civibus
1444 3268 1649 3329 optima
1677 3280 1733 3326 et
1751 3272 2124 3343 pulcherrima

539 3388 773 3443 qnzeque
827 3376 1040 3445 precari
1072 3387 1238 3447 atque
1278 3378 1464 3437 fovere
1489 3383 1677 3439 animo
1710 3387 1928 3442 statuis.
1958 3387 2120 3455 Quod

538 3486 762 3556 quidem
821 3487 968 3542 factu
1029 3505 1138 3544 non
1197 3506 1427 3560 prorsus
1460 3492 1685 3552 diﬂicile
1717 3506 1821 3553 est.
1859 3497 1967 3554 Sed
1997 3516 2125 3555 cum

537 3615 629 3653 rex
666 3609 779 3654 tum
806 3600 1029 3656 demum
1055 3618 1247 3673 reapse
1284 3620 1508 3675 regnare
1538 3611 1846 3666 censendus
1868 3622 1972 3675 est.
2001 3628 2125 3668 cum

536 3721 594 3766 et
646 3713 759 3783 ipse
792 3723 849 3768 et
877 3715 972 3785 qui
1029 3716 1131 3771 sub
1171 3732 1239 3773 eo
1270 3729 1401 3774 sunt
1432 3722 1594 3776 rebus
1623 3721 1872 3779 honestis
1904 3740 2124 3779 manum

536 3827 857 3895 admovent,
905 3841 1056 3886 certe
1108 3834 1682 3902 peccarem,sileutio
1742 3836 2126 3905 praetereundo

534 3941 770 3994 virtutes
811 3950 953 4010 tuas,
978 3953 1033 3996 et
1079 3958 1200 4012 qua:
1248 3957 1356 3997 non
1401 3952 1611 3998 tantum
1659 3944 1946 4014 hucusque
1987 3962 2123 4016 prie-

537 4053 688 4108 clare
720 4053 895 4109 fecisti
926 4094 941 4118 ,
969 4058 1063 4111 sed
1104 4066 1160 4110 et
1195 4073 1317 4126 qua:
1358 4055 1528 4110 facies
1552 4067 1763 4127 postea.
1801 4058 1972 4144 Porro
2003 4060 2124 4129 qui-

541 4165 648 4219 bus
675 4165 844 4221 rebus
868 4165 953 4220 ﬁsi
987 4165 1172 4221 ewteri
1214 4165 1433 4221 laudem
1478 4166 1575 4221 tibi
1607 4148 1813 4238 jiigiter
1840 4180 2122 4237 astruuut,

536 4294 634 4334 eas
665 4294 767 4334 nos
792 4294 1015 4350 quoque
1046 4278 1462 4348 ainplectendas
1494 4294 1807 4337 censemus.
1846 4282 1940 4338 Sic
1969 4284 2120 4338 enim

533 4391 601 4445 de
643 4390 714 4446 its
745 4392 951 4460 quibus
973 4392 1149 4461 :reges
1187 4402 1316 4446 ante
1370 4406 1564 4448 omnes
1590 4408 1729 4464 Opus
1755 4395 1960 4451 habent
1990 4397 2103 4452 dis-
2154 4401 2198 4457 Β

532 4503 770 4557 serendo
827 4503 905 4556 nil
961 4505 1086 4558 novi
1150 4501 1247 4557 tibi
1307 4503 1489 4560 facere
1519 4506 1767 4571 videbor,
1805 4508 1851 4563 si
1887 4510 1955 4564 ab
1984 4510 2111 4565 aliis

533 4618 646 4686 jam
691 4617 860 4670 relata
883 4617 1001 4686 ipse
1033 4617 1215 4672 denuo
1269 4618 1470 4674 refero.
1495 4618 1636 4686 Quid
1668 4621 1864 4690 plura?
1897 4622 1952 4678 Si
1990 4640 2121 4694 per-

537 4743 762 4784 suasum
816 4729 1096 4797 haberem,
1130 4729 1385 4787 laudibus
1417 4741 1468 4788 te
1499 4735 1636 4790 meis
1666 4736 1945 4791 meliorem
1972 4738 2129 4793 reddi

532 4860 722 4915 posse,
786 4843 1021 4901 virtutes
1066 4862 1168 4918 ego
1229 4857 1379 4905 certe
1438 4857 1562 4906 tuas
1597 4851 1828 4907 vocibus
1861 4855 1999 4909 meis
2032 4869 2128 4908 au-

484 4961 491 4967 '
540 4974 730 5029 gerem
765 4959 917 5014 utilis
947 4959 1028 5016 sic
1067 4961 1166 5015 tibi
1214 4963 1455 5018 futurus.
1495 4964 1604 5019 Sed
1646 4974 1707 5019 ut
1735 4980 1929 5021 verum
1962 4966 2120 5023 dica-

536 5091 664 5130 mus
695 5093 709 5130 :
740 5073 961 5130 laudum
993 5076 1247 5133 nimietas
1286 5087 1341 5132 et
1365 5078 1701 5134 abundantia
1727 5079 1866 5137 adeo
1895 5092 2113 5136 tantum

525 5185 637 5256 jam
695 5184 792 5239 tibi
848 5186 1070 5241 mdium
1123 5189 1330 5242 creavit
1357 5197 1417 5242 ut
1449 5204 1551 5244 nec
1580 5203 1661 5244 ea;
1707 5206 1831 5260 qua:
1867 5207 2030 5246 verte
2057 5207 2123 5248 ac

530 5296 798 5353 liberales
830 5298 1227 5353 suntanimum
1286 5307 1439 5353 tuum
1467 5299 1663 5368 juvare
1705 5299 1941 5355 valeant.
1979 5300 2120 5367 Quia

535 5407 686 5462 enim
730 5418 785 5463 et
846 5423 936 5463 res
992 5408 1239 5479 pulchra:
1295 5418 1351 5466 et
1416 5411 1572 5466 mala:
1593 5409 1712 5466 sine
1743 5410 2123 5467 moderamine

536 5517 767 5587 prolata:
830 5527 981 5587 sunt,
1030 5519 1158 5575 boni
1215 5519 1351 5576 nihil
1392 5520 1637 5578 eﬂiciunt
1678 5533 1776 5578 aut
1806 5537 1906 5578 nos
1938 5538 2125 5579 emen-

611 5650 691 5724 (ᾳ)
734 5650 830 5724 _Sic
863 5652 1013 5718 cod.,
1053 5662 1111 5707 ut
1140 5652 1304 5717 infra.
1349 5654 1556 5724 p.167.

610 5723 688 5789 (i)
717 5722 968 5801 imitatio
984 5734 1068 5780 est
1094 5722 1370 5801 Isocratis.
1394 5725 1547 5781 Sicut
1566 5727 1830 5795 enimbic
1852 5729 1907 5784 in
1937 5729 2121 5801 priore

518 5776 1069 5871 ‘Nicoeleaorajione
1088 5794 1157 5850 de
1182 5796 1326 5864 regis
1347 5812 1573 5853 munere
1590 5785 1724 5871 agit;
1741 5800 1793 5855 in
1817 5776 2119 5871 posurniore

542 5866 614 5917 de
648 5865 831 5934 populi
872 5866 1116 5922 vicissim
1153 5880 1280 5937 erga
1328 5882 1511 5938 regem
1548 5865 1782 5939 oili'ciis;
1818 5865 1898 5927 ita
1928 5871 2115 5928 Theo-

2232 3154 2294 3206 γε
2331 3137 2441 3207 ἐγώ
2470 3156 2564 3193 σου
2605 3139 2754 3212 μάλα
2785 3140 2967 3207 ξυνεὶς
2995 3145 3121 3215 μάλ’
3152 3145 3261 3218 ἔχω
3289 3148 3619 3217 λογίζεσθαι,
3643 3148 3796 3201 ὁτιοῦν

2236 3230 2359 3284 πιτ⁹
2386 3231 2517 3286 ἄλλο
2550 3232 2660 3286 τῶν
2695 3234 2936 3300 πάντων,
2973 3238 3057 3291 ὅτι
3098 3238 3173 3310 μὴ
3213 3242 3275 3293 τὸ
3309 3242 3569 3297 κάλλιστα
3603 3242 3689 3296 καὶ
3714 3240 3792 3293 λυ·

2239 3323 2599 3378 σιτελέστατα
2629 3326 2725 3378 καὶ
2756 3326 2941 3397 σαυτῷ
2970 3331 3066 3383 καὶ
3102 3334 3216 3395 τοῖς
3247 3334 3575 3406 ἀρχομένοις
3602 3334 3796 3405 κρατεῖν

2232 3410 2347 3478 οἷός
2373 3416 2422 3469 τ’
2474 3411 2641 3483 εῖναι,
2676 3418 2772 3472 καὶ
2803 3418 3129 3494 θαυμαστήν
3170 3442 3300 3481 τινα
3350 3428 3441 3482 διὰ
3485 3431 3689 3482 πάντων
3714 3425 3796 3495 τὴν

2235 3507 2389 3576 παρὰ
2438 3508 2664 3562 πάντων
2711 3509 2979 3579 φέρεσθαι
3020 3513 3202 3585 ψῆφον
3253 3519 3318 3573 ὲν
3378 3520 3566 3591 εὐχαῖς
3610 3519 3672 3572 ἂν
3717 3532 3795 3567 πε·

2235 3602 2363 3670 ποιῆ
2375 3597 2499 3654 σθαι
2520 3617 2535 3631 ·
2558 3600 2719 3656 τοῦτο
2742 3603 2799 3657 δὲ
2831 3606 2925 3658 καὶ
2954 3607 3090 3660 πολὺ
3142 3610 3350 3679 μᾶλλον
3377 3613 3409 3683 ἢ
3436 3613 3542 3668 τῶν
3567 3611 3795 3666 ἁπάντων

2236 3694 2458 3745 πάντων
2491 3692 2571 3763 (a)
2622 3694 2753 3750 ἄνευ
2792 3695 2984 3752 τούτου
3035 3705 3295 3771 κρατεῖν·
3341 3706 3463 3758 ἐπεὶ
3508 3704 3562 3757 δὲ
3605 3702 3704 3755 τόθ’
3729 3699 3793 3760 ὡς

2231 3785 2452 3856 ἀληθῶς
2475 3787 2634 3857 ἄρχει
2657 3806 2762 3853 τις,
2792 3791 2920 3844 ὅταν
2953 3793 3117 3857 αὐτὸς
3151 3787 3312 3861 οὗτος
3337 3787 3653 3860 καθπάντες
3676 3790 3791 3861 ὁμοῦ

2233 3881 2350 3941 τοῖς
2384 3880 2572 3943 καλοῖς
2613 3883 2751 3953 χεῖρ’
2797 3885 3068 3959 ἐπιϐάλλῃ
3090 3903 3105 3917 ·
3138 3889 3251 3958 ἐγώ
3286 3910 3352 3945 τε
3384 3893 3483 3946 οὐκ
3531 3892 3596 3945 ἂν
3628 3887 3792 3942 είκότα

2235 3973 2471 4043 ποιοίην,
2502 3975 2552 4026 εί
2582 3973 2727 4029 οὕτω
2752 3976 2804 4039 γ’
2839 3977 3058 4047 ἔχοντος
3086 3980 3181 4034 σοῦ
3210 3984 3311 4037 καὶ
3349 3984 3653 4054 πεφυκότος
3676 3979 3794 4050 πρὶς

2232 4062 2460 4133 ἀρετὴν,
2513 4062 2686 4118 ἔπειτ’
2715 4066 2879 4131 αὐτὸς
2915 4068 2950 4121 ἃ
3002 4086 3063 4122 σε
3117 4072 3227 4126 τῶν
3257 4076 3405 4129 πάνυ
3442 4091 3523 4127 τοι
3563 4068 3794 4142 ζηλωτῶν

2231 4153 2331 4207 οὐκ
2375 4156 2435 4208 ἐν
2474 4154 2553 4224 τῷ
2613 4158 2846 4229 παρόντι
2897 4161 3083 4230 μόνον,
3138 4165 3274 4221 ἀλλὰ
3317 4169 3423 4222 κάν
3466 4170 3577 4230 τοῖς
3626 4165 3794 4218 ἔπειτα

2228 4246 2418 4313 δείξει,
2450 4248 2627 4302 ταῦτα
2669 4251 2770 4321 μὲν
2810 4252 2992 4323 λέγειν
3022 4255 3163 4328 ἔχων
3208 4259 3357 4315 ἐάσω
3381 4277 3399 4294 ·
3431 4260 3500 4326 ἐξ.
3533 4254 3605 4315 ὧν
3643 4257 3695 4310 δέ
3723 4272 3794 4307 σοι

2231 4335 2362 4397 τοὺς
2410 4336 2671 4401 ἐπαίνους
2720 4340 3053 4410 συνάγουσιν
3101 4344 3307 4416 ἕτεροι,
3353 4346 3564 4411 τούτοις
3600 4341 3795 4409 ἀξιώσω

2232 4428 2542 4500 κεχρῆσθαι
2560 4448 2575 4463 ο
2608 4431 2746 4502 πρὸς
2769 4434 2880 4505 γὰρ
2904 4435 2983 4505 τῷ
3026 4438 3200 4509 μηδὲν
3228 4440 3341 4496 τῶν
3363 4439 3695 4511 γιγνομένων
3716 4434 3798 4487 καὶ

2229 4512 2304 4572 ὧν
2339 4520 2560 4589 μάλιστ’
2593 4523 2821 4593 ἄρχουσι
2855 4526 2939 4579 δεῖ
2982 4527 3385 4597 ξυμϐουλεύειν
3410 4531 3646 4594 ἑλέσθαι,
3688 4523 3795 4580 οὐδὲ

2230 4614 2421 4664 καινόν
2452 4612 2536 4665 σοί
2571 4615 2623 4681 γ’
2655 4614 2808 4684 αὐτῷ
2850 4618 3184 4688 τοπαράπαν
3222 4620 3364 4687 δόξω
3411 4625 3605 4687 ποιεῖν,
3643 4613 3795 4671 ταυτᾶ

2230 4704 2345 4766 τοῖς
2397 4703 2581 4768 ἄλλοις
2614 4707 2712 4759 καὶ
2770 4709 3040 4779 περὶτῶν
3074 4711 3260 4768 αὐτῶν
3310 4715 3457 4786 ὑπὲρ
3508 4713 3600 4767 σοῦ
3640 4707 3794 4764 διιὼν.

2231 4795 2426 4850 Καίτοι
2486 4798 2537 4850 τί
2590 4798 2776 4868 ).έγω;
2823 4803 2871 4854 εἰ
2901 4803 3001 4873 μὲν
3030 4805 3140 4874 γὰρ
3170 4807 3384 4876 ἀμείνω
3432 4825 3493 4861 σε
3519 4807 3630 4868 τοῖς
3663 4797 3797 4855 ἐπαί-

2228 4906 2341 4951 νοις
2383 4890 2758 4962 ἐργασόμενος
2800 4893 2976 4966 ᾔδειν,
3025 4897 3125 4952 καὶ
3165 4902 3281 4963 τοῖς
3310 4902 3503 4965 καλοῖς
3552 4893 3630 4961 οἷς
3668 4893 3795 4964 ἔχεις

2228 4981 2378 5049 μάλα
2412 4984 2764 5054 προσθήσων,
2797 4988 2898 5040 οὐκ
2928 4988 2994 5043 ἄν
3044 4989 3167 5043 ποτ’
3194 4987 3254 5045 εὖ
3309 4992 3421 5045 ἴσθι
3457 4987 3679 5057 ταυτησὶ
3707 4982 3793 5049 τῆς

2225 5074 2491 5144 εἰσφορᾶς
2550 5076 2879 5148 ἀπεσχόμην
2905 5096 2919 5110 ·
2960 5080 3058 5135 νῦν
3087 5081 3133 5135 δ’
3175 5082 3231 5135 εἴ
3267 5101 3364 5152 μοι
3411 5083 3568 5146 δίδως
3614 5074 3790 5133 εἰπεῖν,

2223 5166 2397 5231 οὕτως
2438 5169 2582 5238 ἄγαν
2637 5171 2801 5242 ὑμεῖς
2833 5172 2940 5228 ὑπὸ
2968 5174 3063 5228 τοῦ
3111 5176 3356 5248 πὶήθους
3405 5177 3500 5230 καί
3547 5169 3792 5245 μεγέθους

2221 5261 2331 5312 τῶν
2371 5262 2618 5316 ἐπαίνων
2669 5264 2991 5336 διέφθαρθε,
3025 5268 3103 5334 ὡς
3158 5272 3259 5324 καὶ
3295 5271 3356 5324 τὸ
3403 5271 3514 5323 πᾶν
3560 5260 3790 5319 ἐντεῦθεν

2223 5353 2657 5425 κατωρθωκέναι
2682 5356 2993 5426 δοκοῦντες,
3018 5361 3174 5432 ὑμῶν
3195 5363 3376 5417 αὐτῶν
3400 5359 3615 5430 ἀμελῶς
3639 5357 3792 5424 ἴσχειν

2223 5443 2317 5496 καὶ
2348 5444 2815 5515 ρᾳστωνεύεσθαι,
2851 5449 2992 5518 μήτε
3034 5450 3130 5504 τοῦ
3167 5450 3338 5505 καλοῦ
3373 5450 3581 5522 μηδένα
3614 5438 3790 5515 μηκέθ’

2224 5532 2546 5603 αἱρούμενοι
2597 5536 2757 5605 λόγον
2800 5540 3100 5607 ποιεῖσθαι,
3165 5539 3294 5612 μήθ’
3346 5540 3384 5595 ὃ.
3431 5540 3539 5594 τῶν
3590 5531 3789 5605 φαύλων

2232 5663 2397 5720 dulus
2431 5666 2545 5747 sire
2568 5666 3030 5747 Thomasnoster
3055 5668 3109 5724 in
3137 5670 3238 5747 hac
3268 5668 3454 5747 priore
3470 5657 3784 5747 oratione-tie

2233 5751 2357 5811 rege
2387 5737 2597 5806 optimo
2637 5739 2883 5811 disserit,
2920 5741 2972 5795 in
3027 5737 3338 5811 posteriore
3362 5740 3431 5795 de
3464 5738 3667 5809 Optimo
3702 5744 3787 5800 νο·

2228 5807 2340 5875 puli
2372 5816 2517 5863 statu
2557 5824 2654 5864 seu
2683 5807 2896 5865 ciliciis.
