4018 6418
186 337 292 400 449

1273 338 1558 400 ORATIO
1598 340 1691 399 DE
1733 338 1966 399 REGIS
1997 337 2347 399 OFFICIIS.

3353 332 3460 395 450

190 452 447 522 πρόσεσθ’
483 453 634 521 ὑμῖν,
671 451 880 506 τούτων
910 452 1052 521 ὑμᾶς
1089 450 1287 514 αὐτοὺς
1318 452 1637 519 αφιστάναι,
1670 450 1756 503 καῖ

1873 448 2027 504 dant.
2082 449 2140 504 Si
2194 463 2326 503 vero
2364 461 2426 503 ea
2458 460 2580 516 qua:
2629 446 2847 516 plurimi
2884 443 3060 501 facitis
3109 443 3236 514 ipsi,
3268 445 3458 513 perni-

191 547 511 617 μεθιστάναι
536 548 674 618 πρὸς
703 547 738 601 δι
766 547 879 601 δεῖο
908 548 958 599 εἰ
992 545 1036 599 δ’
1062 545 1098 599 ἃ
1139 547 1270 616 περὶ
1306 545 1563 598 πλείστου
1595 545 1768 597 ποιεῖ-

190 639 306 702 σθοι,
347 638 498 692 ταῦθ’
546 640 676 709 ὑμῖν
729 640 811 703 εἰς
858 637 1065 709 βλάϐην
1114 638 1460 697 καθίσταται,
1514 635 1633 699 πῶς
1664 636 1764 690 οὐκ

187 732 338 797 ἄξων
369 731 581 801 ἑτέροις
618 731 851 796 ἀνιέναι,
883 731 953 785 δι’
994 725 1061 802 ἧς
1093 731 1574 799 εὐδαιμονέστατοι
1627 730 1763 784 πάν-

186 841 296 878 των
328 824 485 892 ὑμεῖς
518 822 711 875 ἔσεσθε
739 838 755 887 ;
794 822 1028 893 Ἢνγάρ
1065 839 1184 887 σου,
1218 822 1286 875 δι’
1317 815 1392 875 ὧν
1425 822 1491 874 ἂν
1512 819 1622 889 ἐγὼ
1661 820 1763 890 μὲν

1868 560 2020 615 ciosa
2084 569 2216 616 sunt
2265 559 2445 625 vobis,
2507 572 2618 628 quo
2673 566 2834 627 pacto
2885 556 2921 611 ii
2952 555 3251 625 spernendi
3283 566 3453 611 erunt

1869 672 2072 741 quibus
2106 684 2380 725 summum
2412 676 2659 725 vestrum
2728 669 2934 723 bonum
2971 667 3133 722 unice
3158 666 3312 721 cordi
3339 665 3461 721 est?

1869 783 2016 855 quod
2067 782 2113 839 si
2169 797 2234 838 ea
2285 788 2408 852 quae
2462 780 2562 835 tibi
2617 780 2862 835 dederim
2895 756 3126 834 censilia
3159 777 3458 832 observans

188 888 516 985 ὑποθείμην,
565 916 630 969 σὺ
658 916 715 969 δὲ
749 914 906 967 ταῦτ’
930 888 1180 977 aut...
1226 915 1305 977 είς
1346 912 1508 983 ἔργον
1548 888 1756 979 ἐξενεγη

1865 909 1923 955 et
1949 888 2219 953 dictorum
2255 911 2505 951 meorum
2537 894 2772 950 audiens
2803 894 2972 960 fores,
3030 909 3260 963 regnum
3300 902 3455 947 tuum

185 1010 302 1062 κεῖν
325 1007 630 1077 ἐθελήσαις,
659 1007 753 1059 τὸν
778 1005 975 1062 ἅπαντ’
1007 1007 1182 1059 αἰῶνα
1228 1005 1553 1077 Θαυμαστὴν
1583 1019 1764 1074 παρα-

189 1101 439 1155 σκευάσω
472 1098 730 1167 γενέσθαι
756 1100 850 1152 καὶ
875 1099 978 1168 τὴν
1008 1098 1184 1169 ἀρχὴν
1208 1100 1323 1160 τοῖς
1354 1097 1604 1160 ἐπαίνοις
1630 1095 1764 1149 ἀθά-

189 1208 365 1255 νατον,
396 1189 696 1260 χαριοῦμαί
743 1206 830 1242 σοι
875 1189 1012 1242 πολὺ
1046 1189 1273 1259 μᾶλλον,
1301 1189 1333 1258 ἢ
1378 1190 1429 1240 εί
1459 1188 1638 1241 πάντα
1668 1185 1761 1239 τὸν

190 1283 290 1336 ὑπὸ
321 1285 424 1352 γῆν
449 1282 544 1336 καὶ
572 1282 712 1352 ὑπὲρ
736 1280 844 1350 γῆν
878 1281 1103 1350 χρυσὸν,
1122 1282 1281 1349 εἴπερ
1303 1275 1416 1334 οἷόν
1433 1280 1480 1334 τ’
1507 1276 1598 1351 ἦν,
1629 1296 1757 1333 συν-

185 1375 409 1445 ειλοχὼς
459 1374 845 1442 παρεσχόμηνο
902 1374 1162 1442 χρήματα
1240 1372 1338 1442 μὲν
1401 1373 1512 1442 γὰρ
1568 1371 1761 1425 ἄλλοτε

183 1465 358 1526 ἄλλως
392 1463 552 1533 ἴσχει,
604 1462 773 1533 ἀρετὴ
815 1460 872 1514 δὲ
904 1459 1048 1514 οὕτω
1095 1460 1241 1515 κατὰ
1298 1461 1503 1524 παντὸς
1543 1459 1763 1514 ἵσταται

181 1558 397 1628 χρόνου,
425 1554 554 1607 ὥστ’
582 1555 686 1607 οὐκ
728 1552 879 1608 ἐστιν
912 1551 992 1606 ὅτ’
1018 1553 1207 1605 οὐκέτι
1260 1553 1417 1621 λόγος
1455 1552 1625 1622 αὐτῆς
1648 1567 1662 1581 ⁶
1690 1547 1759 1623 ἧς

181 1647 347 1717 ἔγωγ’
397 1646 458 1701 εὖ
513 1640 629 1699 οἶδα
668 1644 1002 1716 δημαγωγὸν
1051 1645 1128 1708 ὼς
1187 1645 1402 1716 τάχιστ’
1464 1645 1755 1714 ἀποφανῶ,

181 1742 364 1795 ὁποῖόν
391 1740 494 1793 τιν’
518 1734 660 1791 εἶναι
695 1739 775 1791 δεῖ
798 1741 888 1791 τὸν
936 1739 1246 1808 κρατοῦντα
1276 1736 1514 1803 διεξιὼν,
1549 1737 1644 1790 καί
1675 1754 1758 1791 σοι

179 1833 306 1896 δοὺς
335 1834 519 1902 ἁφορμ
530 1831 610 1896 ἃς,

182 1926 277 1979 καὶ
317 1918 427 1987 οἷος
459 1923 519 1977 οὐ
565 1922 660 1976 τού
704 1924 1099 1993 προσρῆματος
1131 1920 1314 1991 μόνον,
1349 1920 1488 1974 ἀλλὰ
1533 1919 1628 1974 καὶ
1660 1918 1756 1973 τοῦ

180 2016 537 2086 τετιμηκότος
585 2014 887 2085 ἀξιόχρεως
936 2009 1077 2067 εἶναι
1123 2011 1297 2066 Θεοῦο
1338 2011 1466 2076 τούς
1494 2029 1554 2065 τε
1592 2011 1760 2081 ἀρχο-

187 2110 379 2180 μένους
404 2107 674 2171 τοιούτους
697 2107 764 2176 δή
794 2122 946 2169 τινας
970 2105 1138 2172 ἕξεις,
1175 2104 1248 2168 ὡς
1284 2104 1370 2157 σοὶ
1405 2103 1505 2175 μὲν
1532 2086 1757 2167 τούτους

184 2200 270 2253 διὰ
299 2200 517 2253 πάντων
548 2197 871 2267 ξυμϐαίνειν
912 2194 1230 2266 πειρᾶσθαι,
1278 2196 1377 2249 καὶ
1408 2195 1550 2249 κατὰ
1590 2194 1757 2257 πόδας

187 2291 253 2351 ὡς
277 2286 389 2342 οἷόν
427 2307 487 2341 τε
522 2291 745 2359 χωρεῖν,
781 2287 994 2353 τούτοις
1037 2288 1082 2342 δ’
1111 2284 1179 2342 αὖ
1223 2288 1283 2340 σὲ
1330 2287 1502 2342 καλοῦ
1553 2285 1758 2349 παντὸς

185 2377 323 2435 εἶναι
355 2381 731 2452 παράδειγμα,
768 2382 844 2445 ὼς
870 2382 937 2435 ἂν
978 2383 1062 2452 εἴη
1102 2398 1162 2434 τε
1189 2381 1349 2450 σῶμα
1387 2379 1584 2434 πολλοῦ
1610 2397 1758 2444 τινος

183 2478 330 2546 ἄξιον
358 2478 422 2530 ὲκ
461 2475 704 2547 κεφαλῆς
747 2478 830 2539 είς
870 2477 1040 2539 πόδας
1078 2476 1252 2540 σῶζον
1300 2475 1358 2529 τὸ
1391 2474 1622 2539 κάλλος⁸
1666 2474 1755 2527 ὅτε

179 2573 360 2626 τοίνυν
394 2569 557 2635 αὐτὸς
607 2570 708 2640 μὲν
758 2570 981 2639 ἄριστος
1024 2568 1289 2638 γεγονὼς,
1338 2567 1759 2640 παραπλησίους

179 2666 237 2718 δὲ
262 2667 390 2727 τοὺς
435 2663 628 2724 ἄλλους
665 2661 875 2725 πάντας
919 2660 1092 2715 ἔπειτ’
1145 2662 1357 2734 ἐργάσῃ
1385 2678 1399 2692 ο
1450 2660 1658 2714 τούτων
1699 2659 1757 2713 δὲ

178 2753 355 2816 οὕτως
387 2750 700 2822 ἐσχηκότων
729 2751 813 2803 σοὶ
856 2750 978 2804 κατ’
1031 2750 1201 2819 ἄμφω
1236 2750 1413 2804 ταῦτα
1466 2747 1757 2820 περιέσται

179 2843 583 2911 Θαυμάζεσοπι,
621 2846 716 2898 καὶ
749 2838 816 2916 ἦς
846 2843 1007 2907 αὐτὸς
1037 2842 1186 2914 ἔχεις
1219 2841 1617 2914 χρηστότητος,
1661 2840 1757 2894 καὶ

176 2934 246 3012 ἧς
281 2940 394 3002 τοῖς
442 2935 619 3001 ἄλλοις
656 2935 980 2998 αἰτιώτατος
1015 2930 1087 3000 εἴ,
1139 2934 1255 2998 πῶς
1290 2933 1390 2988 οὐκ
1434 2933 1636 3004 ἀρετῆς
1667 2933 1756 2985 ὲνο

177 3029 370 3083 τεῦθεν
427 3022 784 3097 ἀντιληπτέον
837 3026 951 3080 ἔστ’
984 3023 1046 3091 ἐξ
1090 3027 1362 3096 ἀνάγκης,
1416 3024 1472 3078 ετ
1519 3041 1604 3078 σοι
1659 3023 1755 3077 τοῦ

176 3119 558 3191 θαυμάζεσθαι
589 3118 787 3189 τρόπον
809 3116 869 3170 ὃν
900 3117 1039 3187 ἔφην
1069 3116 1258 3188 μέλει;
1287 3114 1439 3185 μέλει
1468 3113 1525 3168 δὲ
1548 3108 1605 3167 εὖ
1641 3111 1756 3168 οἶδα

177 3213 384 3276 παντὸς
419 3210 641 3282 μᾶλλον,
684 3211 840 3282 εἴπερ
870 3208 966 3264 τοῦ
997 3209 1262 3264 κάλλιστα
1302 3208 1397 3263 καὶ
1420 3207 1496 3272 ὡς
1539 3207 1755 3279 ἀληθῶς

177 3306 370 3377 ἄρχειν
412 3304 649 3376 μάλιστα
682 3301 859 3371 μέλει.

248 3397 320 3469 β’.
360 3396 586 3468 Πρῶτον
636 3396 734 3466 μὲν
763 3389 857 3449 οὖν
894 3394 1152 3449 ἁπάντων
1202 3394 1378 3448 ἐκεῖνο
1421 3390 1755 3447 διανοεῖσθαί

177 3510 238 3547 σε
269 3491 397 3563 χρὴ,
426 3491 508 3543 ὅτι
543 3491 592 3542 εί
628 3489 723 3542 καὶ
750 3490 849 3559 τῆς
873 3487 974 3557 γῆς
1005 3486 1197 3558 ἔλαχες
1240 3489 1431 3559 ἄρχειν
1458 3488 1557 3540 καὶ
1585 3488 1755 3555 μέγε-

177 3583 273 3648 θος
298 3583 644 3655 πραγμάτων
690 3578 1043 3650 περικεῖσθαι
1076 3578 1316 3643 τοσόνδε,
1355 3576 1470 3632 ἀλλ’
1505 3575 1617 3648 ἄρα
1659 3576 1755 3629 καὶ

179 3675 377 3748 μοίρας
401 3674 599 3745 Θνητῆς
623 3673 811 3742 ἔλαχες
833 3666 995 3736 εἶναι,
1020 3672 1116 3725 καὶ
1143 3670 1239 3724 τοῦ
1269 3672 1390 3724 καθ’
1414 3672 1560 3742 ἡμᾶς
1582 3670 1754 3741 πρᾶγ·

179 3782 352 3837 ματος
372 3780 386 3795 ’
419 3766 495 3828 ὡς
529 3765 606 3835 μὴ
637 3763 824 3834 μεῖζον
860 3762 958 3816 τοῦ
990 3757 1133 3815 εἶναι
1173 3763 1394 3831 φρονεῖν
1428 3762 1593 3832 ἔχειν,
1629 3761 1754 3833 μηδ’

176 3858 320 3929 ὑπὲρ
345 3858 415 3912 τὰ
466 3855 795 3927 ἐσκαμμένα
842 3854 943 3926 τῆς
995 3854 1214 3923 φύσεως
1260 3854 1489 3924 βαίνειν.
1524 3852 1591 3907 Τί
1648 3852 1755 3924 γὰρ

176 3950 383 4022 μᾶλλον
414 3948 654 4020 ἀμείνων
707 3942 759 4001 εἴ
788 3946 992 4011 παντὸς
1045 3945 1256 4001 ἰδιώτου
1308 3946 1397 4001 διὰ
1436 3946 1497 4000 τὸ
1544 3946 1752 4017 σχῆμα,

178 4043 258 4116 μὴ
288 4041 384 4097 καὶ
436 4040 636 4113 μᾶλλον
666 4041 904 4113 χρηστὸς
934 4036 1046 4107 ὥν;
1078 4039 1214 4093 ἀλλ’
1263 4040 1495 4109 ἐπείπερ
1538 4040 1640 4093 οὐκ
1679 4037 1754 4091 ὢν

175 4133 481 4202 ὲγεγόνεις,
533 4133 630 4186 καὶ
657 4131 756 4204 τὴν
791 4130 972 4202 ἀρχὴν
1016 4129 1114 4186 τοῦ
1164 4131 1359 4198 γένους
1401 4131 1482 4196 είς
1522 4129 1652 4201 χοῦν
1693 4146 1755 4184 τε

176 4227 277 4283 καὶ
306 4227 365 4278 τὸ
396 4224 563 4296 μηδὲν
606 4222 923 4296 ἀναφέρων,
958 4223 1057 4295 οὐχ
1100 4208 1249 4289 ὅπως
1277 4225 1335 4289 ἐς
1383 4224 1533 4280 ἆπαν
1560 4227 1756 4294 διαμε-

176 4321 313 4384 νεῖς,
351 4319 487 4372 ἀλλὰ
518 4317 616 4384 τὴν
644 4317 819 4387 αὐτὴν
845 4318 959 4381 τοῖς
983 4317 1270 4388 προγόνοις
1307 4318 1403 4372 καὶ
1435 4318 1596 4382 αὐτὸς
1631 4318 1758 4383 ἐξα-

174 4406 689 4478 νύσεις,πειρᾶσθαι
718 4408 884 4462 παντὶ
910 4406 1261 4478 θυμῷ,τοῢτο
1284 4407 1385 4481 μὲν
1408 4408 1756 4479 μετριώτατα

1866 1026 1966 1083 per
1995 1024 2160 1067 omne
2192 1016 2411 1078 tempus
2459 1005 2725 1061 laudibus
2763 1005 2829 1059 ad
2863 1005 3059 1059 coelum
3095 1019 3267 1074 usque
3288 1005 3458 1059 eil‘crc

1873 1136 2013 1187 rem,
2057 1129 2222 1189 atque
2260 1119 2337 1173 ita
2362 1117 2587 1187 majoris
2613 1117 2713 1171 libi
2743 1116 3019 1171 felicitatis
3048 1126 3246 1172 auctor
3274 1133 3452 1172 essent

1869 1251 2038 1307 quam
2107 1235 2154 1292 si
2209 1232 2599 1304 tibiquidquid
2625 1230 2747 1287 auri
2772 1246 2942 1302 super
2982 1241 3039 1287 et
3069 1231 3225 1286 intra
3251 1242 3453 1288 terram

1867 1349 2065 1420 fulget,
2130 1346 2411 1403 oﬂ‘errem.
2448 1346 2584 1400 Dum
2620 1345 2765 1399 enim
2811 1360 2944 1415 opes
2973 1344 3136 1400 ﬂuxae
3160 1357 3307 1409 sunt,
3346 1346 3457 1399 vir-

1869 1469 1955 1515 tus
2020 1459 2160 1514 adeo
2193 1458 2442 1512 omnium
2492 1452 2807 1527 temporum
2850 1463 2955 1521 est,
2982 1468 3041 1512 ut
3071 1473 3353 1528 nunquam
3384 1461 3453 1513 ab

1864 1569 2159 1626 hominum
2188 1571 2453 1626 societate
2498 1570 2690 1626 abesse
2718 1571 2912 1641 possit.
2949 1572 3278 1643 Quicunque
3307 1575 3457 1627 enim

1864 1689 2084 1744 ueteris
2120 1688 2402 1759 imperare
2469 1703 2535 1745 ac
2598 1688 2864 1759 populum
2922 1703 3114 1757 regere
3170 1689 3460 1758 praesumit

655 1830 722 1883 δι’
761 1822 836 1883 ὧν
873 1803 1036 1893 αὑτός
1070 1846 1131 1883 τε
1162 1830 1261 1901 ἔσῃ
1290 1829 1455 1892 καλὸς
1492 1828 1756 1897 κάγαθὸς,

1863 1806 2135 1860 virtutum
2189 1805 2350 1860 laude
2400 1805 2718 1861 cumulatus
2771 1818 2897 1859 esse
2942 1803 3207 1871 debebit;
3251 1805 3456 1874 quibus

1867 1928 1921 1971 tu
1962 1917 2081 1988 ipse
2110 1929 2348 1972 ornatus
2376 1917 2522 1987 apud
2577 1916 2832 1971 homines
2865 1924 2920 1970 et
2947 1914 3127 1985 ipsum
3161 1917 3327 1971 Deum
3355 1918 3455 1971 ho-

1864 2048 2030 2089 nores
2093 2031 2476 2099 nancisceris,
2535 2030 2788 2088 subditos
2856 2040 3040 2088 autem
3125 2030 3356 2086 habebis
3401 2040 3453 2085 te

1866 2150 2067 2219 dignos
2116 2156 2173 2204 et
2242 2147 2338 2217 qui
2392 2148 2518 2202 vita:
2567 2155 2675 2202 tua:
2709 2147 3023 2203 institutum
3050 2147 3241 2203 sedula
3273 2147 3455 2202 ἰιιιίιεια
3524 2192 3537 2211 ,

1860 2263 2013 2317 tione
2060 2261 2316 2331 amplecti
2374 2268 2654 2331 satagent,
2703 2268 2760 2317 et
2812 2260 3073 2327 indolem,
3107 2278 3269 2332 quam
3304 2261 3359 2314 in
3401 2272 3454 2316 te

1859 2373 2245 2440 admirantur,
2302 2372 2608 2428 imitatione
2675 2373 3089 2443 exprimendam
3159 2373 3264 2429 sibi
3326 2389 3455 2445 pro-

1860 2496 2088 2561 ponent.
2157 2487 2298 2543 llinc
2350 2490 2445 2544 llet
2510 2499 2570 2543 ut
2616 2488 2835 2544 duabus
2887 2504 2955 2544 ex
2992 2489 3178 2546 causis
3202 2497 3254 2545 te
3281 2489 3455 2544 adrni-

1866 2612 2103 2669 rentur,
2165 2602 2238 2658 ob
2279 2613 2451 2667 tuam,
2481 2592 2733 2671 inquam,
2766 2600 3099 2672 probitatem
3127 2614 3185 2658 et
3219 2603 3457 2659 assecla-

1857 2728 1980 2768 rum
2038 2713 2238 2767 borum
2308 2712 2709 2783 integritatem.
2758 2711 2901 2780 Quid
2945 2715 3145 2769 :nirum
3175 2714 3243 2779 si,
3275 2726 3326 2771 te
3369 2716 3451 2770 iu-

1860 2827 2121 2896 stigante.
2184 2827 2409 2882 virtutis
2464 2827 2713 2883 studium
2774 2830 3019 2885 omnium
3055 2830 3260 2886 animis
3301 2831 3455 2903 inge-

1858 2940 2043 2996 ritur?
2081 2941 2162 2996 Tu
2188 2982 2202 3007 ,
2233 2951 2385 2998 certo
2415 2943 2558 3009 scio,
2593 2943 2893 3013 praeclaros
2932 2944 3055 3001 illos
3076 2945 3302 3000 virtutis
3340 2944 3456 2999 fru-

1859 3067 1982 3112 etus
2007 3065 2228 3126 gustare
2251 3058 2627 3130 maximopere
2660 3074 2813 3116 amas
2849 3068 2904 3117 et
2932 3060 3064 3117 boni
3118 3062 3264 3133 regis
3295 3061 3450 3118 laudi

1782 3148 1827 3207 θ
1859 3168 2175 3240 anteponis.

1930 3386 1986 3441 2.
2028 3387 2084 3442 ld
2124 3398 2253 3443 ante
2302 3388 2485 3444 omnia
2535 3387 2590 3444 in
2639 3398 2879 3444 mentem
2913 3390 3178 3449 inducere
3218 3394 3450 3454 debebis

1856 3479 2002 3549 quod
2026 3481 2073 3535 si
2109 3479 2263 3549 regni
2288 3478 2430 3532 vasti
2453 3486 2510 3532 et
2541 3478 2728 3547 pOpIIIi
2769 3493 2892 3534 sors
2926 3482 3192 3550 permissa
3221 3495 3324 3549 est,
3362 3488 3449 3543 ni-

1856 3571 2231 3627 hilominusin
2263 3569 2599 3633 mortalium.
2626 3571 2772 3645 sicut
2796 3586 2896 3627 nos
2922 3573 3049 3642 ipsi,
3087 3591 3147 3629 es
3190 3592 3448 3648 numero,

1857 3675 2030 3728 quare
2090 3659 2233 3713 altos
2310 3673 2535 3712 sumere
2586 3659 2818 3727 spiritus
2874 3671 3197 3732 natumque
3243 3666 3449 3724 limites

1857 3752 2167 3822 transgredi
2206 3751 2305 3805 tibi
2355 3765 2463 3809 non
2510 3751 2727 3807 licebit.
2782 3752 2921 3820 Quid
2958 3755 3104 3809 enim
3152 3758 3449 3827 prodestsi

1856 3842 2202 3898 extrinsecus
2272 3839 2420 3895 inter
2475 3856 2670 3896 onmes
2717 3842 2970 3904 excellis.
3030 3845 3087 3900 ni
3145 3847 3449 3906 intrinscus

1855 3949 2078 4006 quoque
2105 3933 2335 3989 anteis?
2373 3932 2480 3988 fuit
2511 3949 2707 3989 revera
2736 3948 2956 4005 tempus
2992 3953 3104 4006 quo
3138 3955 3245 3994 nou
3279 3944 3449 3997 exsti-

1857 4030 1994 4095 tisti,
2028 4038 2085 4084 et
2113 4033 2336 4100 generis
2372 4028 2449 4083 tui
2481 4027 2641 4083 initia
2688 4028 2888 4099 exigua
2918 4039 3083 4097 sunt;
3130 4040 3187 4087 tu
3223 4049 3447 4106 quoque

1855 4138 1966 4177 non
1994 4120 2046 4175 in
2076 4130 2347 4176 aeternum
2383 4118 2673 4184 manebis;
2711 4118 2811 4173 tibi
2845 4118 3068 4188 eadem,
3103 4137 3229 4191 qua:
3277 4128 3447 4194 majo-

1856 4213 2012 4268 ribus
2040 4211 2174 4277 tuis,
2208 4210 2462 4266 facienda
2489 4222 2545 4264 et
2575 4211 2938 4279 perpetienda
2966 4213 3234 4280 veniunt;
3277 4215 3376 4269 tibi
3415 4233 3446 4271 a

1857 4304 2122 4376 superbia
2156 4302 2552 4358 abstinendum
2584 4312 2691 4367 est,
2726 4311 2779 4357 ct
2809 4303 2855 4358 si
2886 4303 3055 4360 rebus
3087 4319 3189 4374 pro
3221 4307 3447 4377 ingenio

1856 4415 1921 4455 ac
1948 4397 2198 4452 moribus
2225 4394 2335 4450 tuis
2374 4392 2645 4449 inserrire
2684 4393 2955 4460 volueris,
2989 4410 3176 4450 rerum
3202 4396 3444 4451 admini-

175 4497 397 4551 πάντων
433 4494 757 4567 κεχρῆσθαι,
792 4499 888 4549 καὶ
917 4497 1061 4551 κατὰ
1093 4497 1316 4563 σαυτὸν,
1345 4496 1462 4551 ἀλλ’
1484 4498 1585 4568 οὐχ
1610 4497 1752 4567 ὑπὲρ

1862 4489 2109 4545 strationi
2166 4501 2380 4543 summa
2442 4500 2578 4540 cura
2625 4484 2943 4540 adhibenda
2998 4487 3097 4541 tibi
3150 4498 3235 4542 est
3296 4488 3442 4544 hami

175 4588 395 4656 σαυτὸν,
425 4592 539 4650 τοῖς
570 4589 893 4660 πράγμασιν
927 4588 1161 4660 ὁμιλεῖν,
1187 4588 1346 4643 τοῦτο
1369 4590 1428 4644 δὲ
1450 4591 1550 4660 τὴν
1574 4592 1753 4661 ἀρχὴν

172 4677 233 4734 εὖ
265 4696 329 4733 τε
359 4681 453 4733 καὶ
490 4681 563 4743 ὡς
588 4679 756 4749 ἐχρῆν
782 4679 1008 4734 διοικεῖν
1034 4696 1050 4712 ο
1078 4681 1173 4734 καὶ
1205 4681 1351 4751 μέγα
1378 4680 1623 4752 νομῖζειν
1651 4683 1755 4736 οὐκ

173 4774 223 4826 εί
292 4772 597 4845 βασιλεύεις
646 4772 859 4840 ἁπλῶς,
902 4772 1021 4827 ἀλλ’
1067 4774 1118 4826 εί
1167 4773 1349 4837 καλῶς
1405 4773 1751 4844 βασιλεύειςο

174 4862 284 4917 οὐδ’
314 4863 363 4914 εί
390 4862 491 4930 τῆς
538 4860 857 4931 ἁλουργίδος
887 4859 1123 4929 ἠξίωσαι
1156 4861 1253 4915 καὶ
1299 4860 1394 4915 τοῦ
1440 4864 1750 4933 σκήπτρου,

174 4952 289 5004 ἀλλ’
338 4954 386 5004 εί
441 4953 695 5014 κοινωνὸς
740 4950 843 5024 ἔσῃ
880 4951 992 5004 τῶν
1030 4951 1314 5023 Ὀλύμπου
1361 4953 1708 5023 πραγμάτοιν
1734 4967 1752 4986 '

174 5044 284 5096 οὐδ’
323 5045 373 5096 εί
415 5041 734 5113 θαυμαστὰς
782 5042 927 5113 ἔχεις
960 5043 1308 5115 ἀνθρώπους,
1340 5046 1456 5099 ἀλλ’
1507 5049 1557 5101 εί
1612 5046 1756 5119 μετὰ

173 5135 381 5190 τούτων
407 5136 504 5191 καὶ
532 5135 640 5207 πρὸ
670 5136 877 5189 τούτων
912 5136 1207 5209 ἐπαινέτην
1245 5137 1387 5203 ἔξεις
1413 5138 1549 5193 Θεόν
1569 5157 1584 5172 ·
1615 5140 1753 5209 πρὸς

173 5229 230 5284 ὃν
260 5229 338 5293 ὡς
377 5227 555 5282 κοινὸν
605 5228 860 5281 ἁπάντων
902 5228 1076 5300 δήπου
1122 5232 1403 5301 Δεσπότην
1442 5232 1539 5285 καὶ
1589 5233 1752 5303 κηδε-

176 5325 338 5393 μόνα,
382 5320 652 5389 τοσαύτην
704 5322 799 5376 καὶ
851 5323 1195 5396 τηλικαύτην
1243 5325 1487 5395 ὀφείλεις
1536 5325 1752 5383 εὔνοιαν

171 5417 370 5487 ἴσχειν,
400 5415 535 5485 ὅσην
569 5413 741 5479 ἀξιοῖς
770 5414 898 5479 τοὺς
925 5414 1121 5480 ἄλλους
1153 5419 1326 5487 ἴσχειν
1359 5406 1498 5490 πρδς
1526 5419 1617 5473 σέ·
1658 5423 1754 5475 καὶ

172 5508 346 5572 οὕτως
375 5506 719 5577 διακείμενος
748 5502 893 5562 εἶναι
934 5509 1010 5572 ὡς
1064 5509 1233 5580 μηδὲν
1269 5510 1379 5575 ἔξω
1408 5511 1518 5565 τῶν
1554 5512 1752 5585 ἐκείνῳ

170 5599 474 5655 δοκούντων
508 5597 634 5669 μήτ’
660 5594 753 5651 οὖν
785 5616 914 5653 ποτε
947 5600 1103 5671 δρᾷν,
1143 5603 1282 5672 μήτε
1301 5600 1582 5671 βουλεύειν
1613 5604 1753 5667 ὅλως

173 5691 474 5763 αἱρεῖσθαι,
503 5689 619 5744 ἀλλ’
637 5690 694 5742 ὲν
715 5690 918 5744 ἅπασιν
941 5693 1187 5762 ἡγεμόνα
1219 5692 1411 5747 τοῦτον
1455 5697 1749 5751 ποιεῖσθαι.

238 5791 309 5855 γ’.
344 5784 581 5838 Ἔπειτα
615 5783 749 5854 πρὶν
782 5783 814 5854 ἦ
850 5785 958 5837 τῶν
988 5785 1164 5839 ἄλλων
1196 5785 1529 5857 βασιλεύειν,
1563 5791 1749 5862 σαυτῷ

1854 4589 2123 4637 contento
2170 4577 2318 4649 quod
2368 4592 2587 4649 regnas,
2621 4577 2717 4632 sed
2768 4576 3117 4633 innitendum
3178 4590 3237 4635 ut
3282 4582 3442 4639 bene.

1853 4671 1972 4727 Non
2000 4670 2137 4725 satis
2171 4668 2281 4725 erit
2314 4667 2462 4738 quod
2497 4682 2747 4737 purpura
2782 4683 2848 4722 ac
2887 4679 3113 4738 sceptro
3144 4671 3348 4742 dignus
3367 4675 3446 4730 sis

1855 4761 2099 4827 habitus,
2137 4760 2235 4816 sed
2290 4759 2333 4814 it
2362 4760 2635 4830 agendum
2686 4768 2747 4814 ut
2776 4759 3066 4830 olympicis
3100 4762 3442 4832 honoribus;

1852 4870 1965 4909 non
2010 4865 2070 4909 ut
2099 4851 2249 4920 apud
2287 4861 2518 4906 caeteros
2563 4851 2619 4905 in
2660 4850 3038 4910 admiratione
3086 4855 3187 4921 sis,
3233 4856 3332 4912 sed
3386 4867 3446 4912 ut

1860 4946 2036 5001 Deum
2061 4944 2243 5014 ipsum
2295 4957 2520 5013 aequum
2560 4941 2768 4998 habeas
2814 4943 3083 5014 iudicem,
3134 4947 3224 5002 cui
3277 4959 3332 5005 tu
3386 4961 3445 5005 ut

1858 5033 2249 5089 universorum
2283 5032 2511 5088 domino
2539 5049 2603 5087 ac
2636 5035 2973 5090 moderatori
3016 5039 3252 5094 eandem
3275 5042 3445 5097 debes

1854 5126 2248 5182 verecundiam
2278 5141 2442 5196 quam
2473 5127 2592 5196 ipse
2621 5140 2650 5180 a
2674 5130 2892 5183 caeteris
2926 5131 3184 5200 exposcis
3209 5148 3224 5199 ;
3249 5147 3316 5187 eo
3346 5133 3441 5186 de-

1860 5218 2030 5290 nique
2062 5220 2250 5274 animo
2280 5232 2400 5274 esse
2424 5217 2656 5275 debebis
2681 5230 2739 5274 ut
2766 5221 2903 5276 nihil
2931 5239 3123 5278 eorum
3167 5238 3290 5294 qua:
3330 5223 3442 5278 Deo

1863 5312 2163 5382 displicent
2198 5311 2372 5369 facias
2421 5320 2517 5367 aut
2569 5312 2876 5380 mediteris,
2917 5315 3030 5371 imo
3084 5315 3144 5371 in
3181 5314 3443 5371 erunibus

1856 5406 2026 5463 unius
2056 5406 2151 5463 Dei
2183 5416 2320 5463 nutu
2368 5416 2534 5478 atque
2565 5407 2837 5479 auspiciis
2868 5407 3119 5465 incedas.

1940 5777 1994 5832 5.
2036 5776 2208 5850 Igitur
2228 5787 2521 5851 antequam
2555 5796 2613 5836 in
2646 5791 2875 5840 caeteros
2903 5780 3177 5839 dominari
3222 5795 3433 5854 ιιι-εοεα-
