4018 6420
237 363 342 426 433

1335 364 1624 427 ORATIO
1669 366 1766 426 DE
1813 366 2044 426 REGIS
2085 365 2441 428 OFFlCllS.
3421 378 3532 440 454

241 470 427 540 σαυτῷ
457 487 516 523 τε
554 469 830 534 κάκείνοις
862 469 1037 535 αἴτιος
1075 473 1359 541 γεγονέναι
1421 477 1517 528 καὶ
1563 474 1661 543 τῆς
1693 476 1837 528 ἁπα-

1943 477 2156 548 possiut
2200 490 2323 547 post
2352 489 2431 533 tot
2457 489 2514 534 et
2545 489 2695 536 tanta
2733 481 2790 536 in
2825 497 2922 538 eos
2955 485 3226 543 beneﬁcia
3262 488 3530 546 honoriﬁ-

239 566 351 618 σῶν
393 565 663 634 μεγίστης
721 565 1100 634 προσηγορίας
1147 569 1466 636 τυγχάνεις,
1521 566 1830 629 θεοείκελός

237 673 321 717 τις
352 655 448 708 καὶ
499 653 572 706 ὢν
600 655 696 706 καὶ
727 652 1024 723 βοώμενος.
1060 657 1172 708 Καὶ
1200 658 1253 710 τί
1286 658 1475 726 μεῖζον
1508 658 1574 711 ἂν
1609 659 1690 721 είς
1739 659 1832 710 εὖ-

237 747 527 816 δαιμονίαν
558 747 846 816 ζητήσαις,
884 747 916 817 ἢ
959 748 1092 800 Θεὸν
1124 749 1193 802 δι’
1221 743 1296 802 ὧν
1326 749 1473 804 οὕτω
1521 749 1826 819 φιλανθρώ-

241 858 364 903 πως
395 840 572 909 ἴσχεις
606 840 852 905 ἀκούειν,
893 839 1088 910 θνητὸς
1127 845 1422 911 πεφυκώςς
1454 845 1550 897 καὶ
1581 845 1681 914 τῆς
1709 843 1830 898 καφ

239 934 387 1002 ἡμᾶς
419 931 640 1000 φύσεως
679 932 945 1000 γεγονὼς,
979 931 1100 987 εἶτα
1136 936 1432 1006 περιουσίᾳ
1460 937 1832 1007 χρηστότητος

239 1025 400 1094 δόξης
433 1022 706 1076 ἀθανάτου
733 1023 1089 1094 κληρονομὼν
1111 1042 1125 1092 ;

311 1121 375 1167 ε’.
425 1115 536 1166 Καὶ
601 1115 841 1183 μάλιστα
890 1115 944 1166 εἴ
981 1134 1064 1169 σοι
1107 1119 1366 1170 τοσοῦτον
1418 1116 1832 1187 μεγαλοψυχίας

240 1204 544 1276 περίεστιν,
579 1206 654 1269 ὡς
685 1207 853 1275 μηδὲν
882 1207 1172 1276 μηδοτιοῦν
1200 1211 1350 1280 παρὰ
1381 1210 1612 1279 μηδενὸς
1645 1209 1831 1273 ἀξιοῦν

239 1297 568 1367 τοπαράπαν
619 1297 948 1368 λαμϐάνειν,
1004 1301 1138 1369 μηδὲ
1181 1302 1612 1371 δωροφορεῖσϐαι
1649 1302 1737 1355 διὰ
1773 1302 1835 1355 τὸ

243 1391 452 1459 σχῆμα,
512 1389 767 1460 καθάπερ
814 1393 865 1444 οί
912 1392 1175 1461 πρόσθεν,
1236 1394 1356 1446 ἀλλ’
1397 1396 1546 1459 ὅπως
1598 1395 1666 1448 δι’
1700 1394 1834 1448 αὐτὸ

236 1484 403 1536 τοῦτο
438 1484 638 1552 μᾶλλον
667 1482 916 1546 ἅπαντας
965 1487 1208 1550 εὐποιεῖς
1246 1503 1261 1516 ο
1303 1488 1464 1558 εἴπερ
1513 1488 1573 1542 τὸ
1606 1487 1706 1559 μὲν
1738 1488 1836 1558 βα-

241 1578 453 1630 σιλικόν
481 1594 541 1629 τε
570 1579 665 1631 καὶ
697 1577 1125 1646 μεγαλοπρεπὲς
1158 1580 1252 1632 καὶ
1292 1578 1392 1649 τῆς
1428 1580 1836 1650 ἐπαινουμένης

236 1671 316 1736 ὡς
351 1670 566 1741 ἀληθῶς
606 1670 842 1740 μάλιστα
895 1672 1130 1742 μοίρας’
1160 1673 1420 1739 ἀγεννοῦς
1469 1674 1526 1727 δὲ
1571 1675 1667 1726 καὶ
1698 1673 1837 1743 φαύ-

238 1763 344 1833 λης
377 1763 472 1818 καὶ
505 1766 710 1836 μικρᾶς
734 1763 976 1828 διανοίας
1020 1767 1114 1818 καὶ
1145 1759 1256 1818 οἷον
1291 1765 1684 1837 πλεονεκτικῆς
1717 1784 1836 1830 πως

240 1855 481 1926 ἐχούσης
508 1856 568 1909 τὸ
598 1856 826 1926 μηδενὸς
877 1857 1179 1925 λαμϐάνειν
1204 1858 1572 1928 χρῄζοντα.’0
1595 1858 1695 1928 μὲν
1720 1858 1832 1928 γὰρ

241 1941 321 1998 ἂν
354 1948 411 1999 ἐν
442 1947 601 2017 χρεία
644 1947 996 2012 καθίσταται,
1033 1949 1206 2002 ταῦτα
1243 1952 1561 2020 λαμϐάνων,
1598 1953 1831 2016 εἰκότως

239 2039 417 2108 δήπου
468 2039 736 2107 λαμϐάνει
762 2056 776 2070 ο
816 2044 842 2094 ό
869 2040 914 2093 δ’
950 2035 1026 2094 ὧν
1054 2042 1304 2112 εὐπόρως
1341 2044 1478 2114 ἔχει,
1521 2045 1695 2100 ταῦτα
1741 2049 1831 2100 δε·-

242 2135 473 2202 χὸμενος
526 2134 626 2185 οὐκ
658 2133 724 2184 ἂν
779 2133 1050 2205 δυναίμην
1085 2138 1282 2201 είπεῖν,
1325 2138 1396 2200 ὡς
1453 2140 1554 2191 οῦκ
1587 2142 1832 2211 ἀκρασίᾳ

241 2225 470 2296 γνώμης
499 2227 590 2278 ἐπὶ
620 2225 798 2280 ταῦτα
839 2229 1116 2297 προῆκται
1141 2245 1154 2258 ⁸
1185 2230 1268 2282 ἔτι
1303 2232 1486 2284 τοίνυν
1520 2230 1618 2301 μὲν
1646 2233 1831 2296 ἁπλῶς

244 2320 488 2372 εὐποιεῐν
525 2318 780 2389 καθαρῶς
821 2323 968 2373 ἐστιν
1009 2322 1271 2378 εῦποιεῖν.
1335 2325 1430 2396 Tot
1459 2324 1515 2376 δὲ
1555 2328 1694 2394 μετὰ
1726 2326 1822 2378 τοῦ

243 2411 676 2482 δωροφορεῖσθαι
727 2413 890 2466 τοῦτο
941 2417 1115 2468 ποιεῖν
1180 2419 1279 2470 οὐκ
1331 2419 1572 2470 εὐποιεῖν
1628 2419 1832 2487 μᾶλλον

247 2508 395 2557 ἐστὶν
431 2504 464 2572 ἣ
531 2505 882 2558 ἀποδιδόναι·
931 2507 1026 2560 καὶ
1069 2509 1294 2577 προσέτ’
1344 2511 1832 2579 εὐεργετούμενον,

247 2599 314 2649 ἶν’
343 2597 515 2659 οὕτως
550 2599 710 2665 εἴπω,
755 2599 845 2652 τὸν
879 2601 1277 2670 εὐεργετοῦντα
1308 2604 1722 2672 παρασκευάζει
1752 2620 1836 2656 νο-

251 2690 450 2759 μίζειν,
478 2689 503 2741 ὃ
533 2689 658 2760 μηδ’
697 2691 763 2744 ἂν
817 2687 898 2754 εἷς
946 2694 1165 2761 ἐνέγκοι
1221 2695 1420 2764 ῥαδίως
1457 2696 1532 2764 μὴ
1575 2695 1658 2748 ὅτι
1709 2712 1773 2763 γε
1806 2697 1834 2747 ὁ

249 2780 529 2848 βασιλεὺς,
561 2780 674 2834 ἀλλ’
709 2783 834 2836 οὐδὲ
870 2783 980 2836 τῶν
1009 2783 1187 2836 ἄλλων
1217 2801 1278 2851 γε
1317 2785 1570 2840 ὁστισοῦν
1597 2803 1612 2819 ο
1662 2788 1834 2856 χωρὶς

247 2871 304 2923 δὲ
332 2869 562 2935 τούτων,
590 2873 650 2924 τὸ
683 2875 784 2940 μὲν
807 2876 1050 2929 εῦποιεῖν
1090 2876 1252 2945 μόνου
1281 2878 1496 2940 πάντως
1518 2879 1636 2930 ἐστὶ
1670 2878 1831 2943 Θεοῦ,

248 2964 382 3035 παρ’
411 2962 470 3018 οὗ
500 2968 667 3018 πᾶσιν
698 2968 789 3021 τὸν
820 2969 1040 3022 ἅπαντα
1066 2971 1262 3037 χρόνον
1294 2968 1453 3022 πάντ’
1482 2972 1702 3042 ἐπιρρεῖ
1741 2972 1837 3022 τά-

248 3058 430 3126 γαθά·
456 3062 514 3110 τὸ
562 3058 606 3110 δ’
640 3054 701 3112 εὖ
744 3063 918 3113 ποιεῖν
949 3076 1008 3112 τε
1052 3064 1149 3114 καὶ
1192 3063 1428 3132 πάσχειν
1494 3062 1789 3132 ἀνθρώπου
1817 3077 1831 3092 ⁸

1936 572 2254 625 centissitua
2313 584 2364 626 te
2398 574 2770 642 appellatione
2815 580 3138 635 salutabant
3171 581 3285 636 Deo
3332 582 3434 653 ipsi
3475 597 3530 640 te

1934 661 2329 728 comparando.
2354 661 2496 727 Quid
2521 680 2653 719 sane
2686 668 2864 737 majus
2891 670 2957 722 ad
3007 671 3328 726 felicitatem
3377 690 3529 744 quae-

1935 751 2100 805 sieris
2127 752 2232 806 nisi
2274 757 2443 808 Deum
2479 758 2638 828 cujus
2671 760 2848 827 gratia
2883 770 2990 816 tam
3040 765 3334 834 magniﬁce
3379 784 3528 823 nunc

1935 844 2118 908 audis,
2149 855 2206 898 tu
2232 848 2326 915 qui
2359 864 2387 900 a
2420 851 2692 919 principio
2731 855 2979 909 mortalis
3019 857 3165 911 sicut
3209 873 3334 924 nos,
3384 875 3530 928 pra:-

1941 941 2093 995 clare
2143 942 2304 998 factis
2355 946 2420 998 ad
2479 955 2690 1001 tantum
2743 948 2934 1018 gloria:
2965 950 3245 1020 faStigium
3299 963 3532 1008 evectus

1939 1037 2042 1087 es!

2009 1127 2062 1182 5.
2093 1127 2160 1181 Ει
2186 1128 2290 1184 hoc
2323 1131 2544 1200 quidem
2581 1141 2692 1185 tum
2727 1136 3004 1204 pra-cipue
3056 1139 3280 1204 accidit,
3335 1140 3378 1194 si
3419 1150 3528 1194 tam

1938 1259 2136 1315 magno
2193 1256 2248 1301 et
2301 1263 2570 1318 generoso
2612 1265 2672 1303 es
2710 1253 2913 1316 animo,
2955 1267 3014 1308 ut
3051 1255 3190 1310 nihil
3235 1270 3464 1325 prorsus
3498 1274 3530 1311 a

1940 1373 2296 1428 quocumque
2350 1361 2479 1417 doni
2522 1366 2751 1420 nomine
2803 1368 3065 1438 accipias,
3119 1370 3263 1425 sicut
3302 1373 3528 1443 quidam

1940 1475 2060 1542 alii,
2097 1486 2157 1530 ut
2187 1477 2516 1532 econtrario
2551 1479 2817 1535 beneﬁcia
2855 1482 2908 1536 in
2950 1484 3089 1538 alios
3109 1496 3304 1553 sponte
3338 1487 3529 1541 conle-

1938 1607 2026 1646 ras
2055 1607 2070 1656 ;
2105 1591 2251 1661 quod
2281 1607 2412 1647 sane
2436 1593 2646 1664 regium
2695 1603 2749 1649 et
2781 1610 3110 1666 generosum
3152 1610 3207 1652 et
3241 1599 3378 1652 citra
3412 1615 3530 1652 om-

1942 1721 2070 1760 nem
2095 1705 2315 1760 laudem
2347 1717 2453 1773 est,
2496 1717 2556 1761 ut
2581 1719 2810 1763 econtra
2847 1710 3049 1767 indolis
3073 1721 3158 1766 est
3199 1713 3443 1767 sordidae
3476 1724 3531 1768 et

1861 1822 1908 1882 Β
1937 1819 2108 1874 animi
2134 1819 2336 1889 abjecti
2374 1821 2595 1891 signum
2651 1823 2933 1892 accipere,
2960 1823 3090 1877 dum
3118 1841 3323 1895 egenus
3371 1828 3531 1896 plane

1940 1942 2050 1981 non
2107 1928 2204 1982 sis.
2256 1927 2360 1994 Qui
2395 1931 2542 1983 enim
2589 1942 2875 2000 acceptum
2925 1934 3096 1990 relert
3132 1936 3183 1987 id
3227 1953 3336 2005 quo
3381 1953 3522 2006 opus

1935 2039 2104 2095 habet
2159 2051 2358 2110 etquo
2413 2051 2556 2113 eget,
2591 2053 2740 2100 recte
2791 2045 3026 2116 accipit;
3070 2048 3166 2119 qui
3202 2058 3384 2103 autem
3437 2065 3528 2111 ea,

1936 2152 2140 2221 qui-bus
2169 2153 2391 2223 jatnjam
2446 2154 2710 2221 abundat,
2741 2157 2964 2227 accipit,
2997 2159 3044 2213 is
3083 2172 3235 2214 certe
3281 2162 3529 2217 avaritia:

1937 2263 2172 2318 sordidae
2229 2264 2390 2333 culpa
2425 2281 2533 2319 non
2577 2277 2752 2321 vacat.
2799 2269 2917 2324 lluc
2965 2272 3178 2326 accedit
3225 2274 3371 2342 quod
3410 2275 3530 2329 sine

1936 2372 2305 2427 ostentatione
2357 2374 2498 2430 bene
2540 2375 2724 2432 facere
2760 2395 2886 2434 vera
2949 2394 3032 2436 εει
3078 2385 3438 2438 beneﬁt-entia
3474 2397 3532 2440 et

1937 2485 2108 2554 quod,
2140 2501 2264 2540 cum
2298 2503 2526 2543 munera
2564 2491 2660 2546 das
2691 2493 2923 2548 donator
2963 2497 3086 2566 plus
3129 2513 3293 2567 quam
3347 2515 3532 2554 romu-

1937 2610 2162 2654 uerator
2194 2602 2398 2658 videris
2425 2616 2480 2662 et
2509 2608 2654 2675 quod
2696 2609 2776 2664 sic
2812 2610 3130 2666 benet‘actor
3173 2630 3296 2667 cum
3329 2632 3392 2668 eo
3440 2617 3529 2670 cui

1937 2711 2077 2768 bene
2107 2719 2186 2782 lit,
2222 2717 2605 2785 confunditur,
2630 2737 2750 2791 qua:
2781 2739 2867 2778 res
2902 2741 3008 2779 non
3043 2729 3156 2795 regi
3191 2739 3404 2783 tantum
3431 2730 3527 2785 sed

1937 2830 2250 2900 cuicunque
2305 2834 2396 2887 alii
2471 2838 2791 2893 mortalium
2863 2842 3090 2898 minimc
3149 2855 3300 2914 grata
3365 2848 3525 2900 l'ort-t.

1939 2945 2083 3010 Quid
2115 2948 2436 3017 plura?Dei
2493 2953 2661 3006 unius
2709 2965 2794 3009 est
2843 2955 3227 3014 benefaciendi
3275 2977 3531 3017 munusa

1940 3077 2050 3132 quo
2111 3064 2380 3134 quidquid
2443 3067 2645 3123 bonum
2705 3081 2790 3125 est
2839 3087 3060 3144 semper
3125 3078 3525 3144 proﬁciscitur;

246 3152 309 3204 τὺ
360 3153 459 3220 μὲν
493 3154 631 3206 κατά
678 3152 863 3222 φύσιν,
893 3155 954 3205 τὸ
986 3154 1041 3206 δὲ
1074 3156 1216 3208 κατὰ
1258 3158 1516 3226 μίμησιν.
1548 3156 1714 3208 Ὅσον
1742 3153 1836 3208 οὖν

1942 3193 2167 3233 munera
2203 3190 2386 3235 autem
2421 3182 2552 3237 dare
2584 3195 2678 3240 aut
2716 3186 2905 3241 datum
2943 3189 3191 3259 accipere
3233 3189 3302 3244 ad
3354 3191 3533 3246 homi-

248 3243 538 3314 ἀνθρώπου
603 3245 736 3308 Θεὸς
795 3245 1051 3316 ὑπερέχει
1085 3249 1244 3315 τάγε
1302 3249 1556 3314 τοιαῦτα,
1610 3247 1838 3301 τοσοῦτο

248 3337 470 3392 πάντων
497 3337 924 3408 αὐτοκρατόρων
956 3339 1351 3409 βασιλεύτατός
1391 3341 1456 3394 ἂν
1486 3341 1574 3410 εἴη
1602 3343 1630 3394 ό
1675 3342 1838 3410 μόνον

249 3428 311 3480 τὸ
343 3426 406 3479 εὖ
453 3432 627 3481 ποιεῖν
672 3427 957 3504 ἠσκηκὼς.
1003 3424 1173 3492 Οὗτος
1221 3431 1401 3484 τοίνυν
1455 3431 1616 3492 αὐτὸς
1649 3431 1833 3497 γενοῦ,

249 3517 545 3589 λαμϐάνων
574 3519 672 3588 μὲν
702 3519 1003 3590 οὐδαμόθεν
1037 3519 1163 3590 μηδ’
1195 3519 1260 3572 ἂν
1291 3521 1509 3592 ἀνάγκη
1549 3538 1632 3583 τις
1655 3516 1732 3596 ᾖ,
1763 3521 1840 3573 οῖ-

251 3614 412 3666 κοΟεν
439 3613 496 3665 δὲ
523 3615 620 3666 καὶ
667 3615 820 3682 παρά
859 3613 1061 3666 σαυτοῦ
1099 3615 1238 3666 πᾶσι
1289 3613 1470 3665 πάντα
1513 3614 1713 3680 διδους,
1743 3615 1839 3666 καὶ

253 3707 418 3760 πλέον
447 3701 522 3760 ὧν
569 3707 805 3770 ἕκαστος
855 3707 1066 3761 δεῖταιο
1093 3708 1160 3759 ειν
1201 3707 1260 3760 οὲ
1295 3706 1393 3759 καὶ
1442 3707 1604 3769 αὐτὸς
1659 3706 1838 3760 ὁτιοῦν

252 3799 412 3869 παρὰ
431 3800 538 3851 τῶν
582 3798 841 3866 ὑπηκόων
873 3798 1139 3870 ἐθελήσῃς
1187 3798 1510 3868 λαμϐάνειν,
1543 3801 1606 3852 σὺ
1657 3799 1714 3851 δὲ
1745 3800 1840 3853 καὶ

252 3891 418 3944 τοῦτο
461 3892 602 3961 μετά
631 3891 826 3944 πολλοῦ
883 3889 979 3945 τοῦ
1031 3891 1343 3961 κρείττονος
1394 3891 1559 3955 ἕξεις,
1594 3890 1712 3944 ἀνθ’
1764 3885 1838 3944 ὦν

253 3985 399 4038 οῦτω
431 3985 584 4054 σφίσι
614 3987 898 4056 παρέχεις,
944 3985 1265 4046 εὐνοοῦντας
1299 3983 1546 4047 ἅπαντας
1572 3985 1710 4054 ἔχων
1747 3984 1840 4036 καὶ

253 4077 325 4130 τὰ
355 4077 424 4130 σὰ
474 4077 741 4131 πνέοντα⁶
770 4077 798 4129 ὂ
841 4077 1104 4147 μέγιστον
1149 4078 1372 4129 πάντων
1422 4077 1518 4129 καὶ
1562 4073 1842 4128 λυσιτελέ-

258 4186 455 4222 στατον
483 4169 578 4222 καὶ
609 4168 692 4221 σοὶ
725 4168 819 4222 καὶ
871 4171 986 4231 τοῖς
1036 4168 1142 4222 ὑπὸ
1193 4171 1376 4239 χεῖρα,
1408 4166 1504 4221 καὶ
1548 4169 1685 4232 ὅλως
1726 4169 1840 4230 τοῖς

256 4262 355 4332 τῆς
387 4261 564 4331 ἀρχῆς
620 4261 947 4331 πράγμασιν
973 4277 988 4291 ο
1021 4261 1168 4324 ὅπως
1219 4258 1340 4326 οὖν,
1371 4277 1417 4314 ω
1475 4260 1723 4330 βασιλεῦ,
1766 4260 1842 4330 μὴ

257 4355 352 4409 τοῦ
378 4351 439 4408 εῦ
476 4356 650 4408 ποιεῖν
693 4354 1049 4424 μηδοντινοῦν
1081 4355 1206 4423 ὅρον
1249 4356 1460 4424 ἡγήσῃ,
1491 4352 1608 4406 ἀλλ’
1638 4353 1726 4405 ἀεὶ
1749 4355 1843 4405 καὶ

257 4448 396 4517 πρὸς
434 4448 643 4511 πάντας
692 4449 787 4502 καὶ
823 4448 968 4502 κατὰ
1000 4449 1180 4500 πάντα
1215 4448 1279 4518 δή
1315 4464 1440 4499 τινα
1489 4445 1716 4515 τρόπον,
1748 4445 1844 4499 καὶ

1940 3308 2064 3349 nem
2117 3304 2362 3364 spectat;
2405 3312 2574 3352 unum
2622 3300 2928 3354 secundum
2962 3315 3237 3368 naturam,
3290 3305 3528 3359 alterum

1934 3407 2094 3478 juxta
2128 3410 2494 3466 imitationem
2549 3423 2654 3468 est.
2701 3413 2977 3480 Quantum
3023 3428 3208 3472 autem
3268 3421 3318 3473 in
3376 3419 3529 3477 histro

1943 3520 2090 3578 Deus
2122 3523 2340 3579 homini
2367 3529 2767 3596 snpereminct,
2817 3539 3026 3586 tantum
3055 3549 3121 3585 ex
3159 3535 3418 3588 omnibus
3447 3535 3530 3589 vi-

1940 3635 2018 3689 ris
2044 3635 2394 3707 principibus
2419 3639 2464 3694 is
2497 3641 2777 3710 praecipuo
2805 3643 2930 3712 jure
2964 3658 3058 3697 rex
3090 3655 3415 3699 censeretur
3433 3648 3528 3715 qui

1941 3750 2080 3803 nihil
2119 3751 2227 3805 nisi
2261 3751 2401 3806 bene
2436 3752 2649 3809 fecerit.
2688 3755 2837 3810 Talis
2867 3757 3034 3828 igitur
3082 3769 3138 3812 tu
3173 3759 3287 3829 ipse
3343 3761 3461 3826 llas,
3499 3777 3529 3817 a

1940 3863 2164 3918 nemine
2187 3865 2490 3936 quidquam
2524 3867 2630 3922 uisi
2657 3869 2956 3924 necessitas
2977 3870 3140 3939 adsit,
3178 3873 3528 3942 accipiendo,

1943 3989 2152 4043 egenos
2185 3988 2371 4030 autem
2407 3987 2674 4046 quantum
2713 3983 2926 4050 poteris
2980 3985 3125 4039 ultro
3184 3986 3525 4056 adjuvantlo.

1943 4085 2052 4142 Ubi
2105 4100 2238 4141 vero
2268 4088 2338 4142 ab
2367 4088 2730 4146 inferioribus
2759 4092 2877 4161 ipse
2937 4095 3188 4164 accipere
3218 4101 3529 4166 pra-sumis,

1945 4214 2072 4255 cum
2105 4202 2396 4256 commodo
2435 4203 2486 4255 id
2523 4212 2615 4258 tuo
2649 4204 2795 4260 feres
2823 4206 2988 4262 talem
3033 4218 3085 4262 te
3116 4225 3246 4280 erga
3270 4226 3368 4265 eos
3391 4227 3532 4281 prae-

1945 4316 2133 4372 bend-o
2183 4328 2243 4372 ut
2271 4318 2372 4371 tibi
2407 4318 2682 4386 rebusque
2712 4321 2820 4374 tuis
2870 4320 3091 4376 faveant
3135 4339 3199 4377 ac
3244 4327 3526 4392 studeant;

1950 4429 2026 4483 ita
2053 4429 2200 4483 enim
2237 4437 2290 4484 et
2331 4442 2385 4482 tu
2423 4431 2538 4499 ipse
2560 4440 2615 4484 et
2648 4447 2738 4484 res
2766 4431 2986 4500 publica
3021 4431 3312 4488 ﬁorebitis.
3363 4437 3527 4505 Igitur

259 4543 400 4612 μετά
436 4541 630 4594 πολλοῦ
673 4542 767 4594 τοῦ
815 4543 1088 4612 περιεῖναι
1139 4540 1209 4595 τά
1262 4540 1492 4592 τοιαῦτα
1552 4539 1837 4608 περαίνῃς,

1947 4557 1981 4596 o
2024 4557 2140 4608 rex,
2201 4543 2598 4597 benefaciendo
2655 4547 2952 4597 terminum
3005 4545 3288 4614 impmzere
3340 4550 3526 4613 nolito,

258 4638 355 4688 καὶ
401 4636 597 4707 χαίρῃς
639 4639 739 4705 μὲν
775 4635 837 4688 εὖ
894 4653 1066 4687 ποιων
1108 4635 1218 4686 τῶν
1248 4629 1326 4700 λεὖ
1375 4633 1694 4702 πασχόντων
1745 4630 1843 4699 οὐχ

255 4722 458 4795 ἦττον·
495 4725 698 4794 μᾶλλον
737 4725 796 4776 δὲ
822 4717 901 4787 οἷς
946 4722 1196 4785 ἅπαντας
1235 4716 1294 4774 εὖ
1334 4722 1534 4786 ποιεῖς,
1580 4719 1743 4780 αὐτὸς
1785 4715 1842 4772 εὖ

260 4821 493 4890 πάσχειν
523 4817 775 4890 νομίζῃς,
833 4819 1007 4888 ἀλγῇς
1037 4817 1093 4870 δὲ
1119 4812 1298 4880 αὖθις,
1344 4815 1422 4884 μὴ
1473 4814 1646 4865 ταῦτα
1673 4814 1846 4867 ποιεῖν

259 4913 421 4983 ἔχων,
447 4912 638 4984 ὥσπερ
681 4913 746 4966 ἂν
788 4912 937 4974 εἴτις
970 4909 1161 4980 βιαίως
1198 4909 1306 4961 τῶν
1338 4908 1653 4977 προσόντων
1692 4907 1848 4958 ἐκπί-

261 5026 438 5072 πτων,
465 5008 558 5060 καὶ
581 5008 681 5073 τὴν
716 5007 933 5075 ἡμέραν
965 5003 1184 5072 εκείνην
1232 5000 1452 5068 ἰδιώτης
1483 4999 1542 5050 οὐ
1587 4997 1847 5068 βασιλεὺς

261 5100 403 5156 εἶναι
427 5101 688 5171 νομίζῃς’
728 5099 978 5158 εἰκότως.
1033 5094 1127 5158 Οἱς
1157 5095 1266 5164 γάρ
1316 5094 1425 5146 τῶν
1457 5090 1516 5145 εὖ
1549 5093 1724 5143 ποιεῖν
1756 5092 1843 5143 δυο

263 5193 515 5264 ναμὲνων
550 5191 769 5259 ἐγένου,
817 5191 1028 5250 πάντας
1059 5183 1119 5239 εὖ
1163 5187 1338 5238 ποιεῖν
1372 5184 1581 5244 δίκαιος
1619 5178 1694 5232 ὢν
1721 5195 1734 5211 ⁸
1765 5173 1847 5243 οἷς

265 5287 364 5354 μὲν
393 5283 642 5344 ἅπαντας
667 5276 725 5334 εὖ
759 5283 956 5343 ποιεῖς,
982 5279 1089 5334 τῶν
1115 5274 1174 5332 εὖ
1206 5277 1382 5330 ποιεῖν
1413 5274 1730 5343 δυναμένων
1755 5272 1845 5339 βε-

263 5381 441 5441 ϐαιοῖς
480 5377 555 5440 ὼς
587 5374 800 5445 ἀληθῶς
825 5373 1112 5444 γεγονέναι
1138 5389 1151 5400 ·
1178 5366 1260 5432 οἷς
1290 5369 1332 5422 δ’
1363 5366 1401 5421 ἃ,
1434 5369 1542 5420 τῶν
1567 5361 1629 5418 εὖ
1672 5367 1846 5418 ποιεῖν

261 5471 582 5540 δυναμένων
600 5469 904 5538 ἐπειδήπερ
923 5466 1140 5533 ἐγένου,
1169 5466 1343 5517 ποιεῖν
1372 5461 1582 5520 δίκαιος
1607 5456 1674 5524 εἷ,
1695 5455 1844 5512 ταῦτ’

262 5568 322 5619 οὐ
354 5567 552 5628 ποιεῖς,
583 5562 690 5619 οὐδ’
731 5563 816 5616 ὃτι
849 5562 958 5615 τῶν
998 5561 1057 5614 εὑ
1087 5562 1265 5614 ποιεῖν
1291 5559 1606 5627 δυναμένων
1633 5554 1844 5622 ἐγένου,

263 5659 442 5728 λέγειν
483 5658 692 5720 δίκαιος
748 5652 820 5720 εί,
871 5654 938 5706 δι’
970 5648 1046 5708 ὧν
1078 5653 1343 5722 πράττεις
1403 5648 1845 5717 ἐξελεγχόμενος,

265 5757 359 5807 καὶ
386 5756 497 5816 τοῖς
535 5752 717 5823 ἔργοις
745 5749 1015 5819 αἰσχύνων
1042 5745 1079 5801 δι
1128 5743 1532 5816 προσειρῆσθαι
1577 5739 1845 5810 νομίζεις.

268 5850 326 5901 Εἰ
364 5843 459 5902 οὖν
498 5862 576 5899 σο⁹
612 5843 764 5912 μέλει
801 5844 896 5896 τοῦ
933 5841 1075 5896 κατὰ
1103 5842 1158 5894 σε
1189 5838 1538 5908 γίγνομένου,
1574 5835 1667 5887 καὶ
1698 5834 1846 5894 οπως

1950 4659 2062 4713 imo
2090 4659 2146 4712 in
2190 4658 2484 4714 universos
2519 4659 2839 4714 omnimoda
2871 4661 3122 4716 conferas
3169 4663 3439 4719 beneﬁcia
3470 4670 3530 4720 de

1949 4763 2127 4833 iisque
2150 4779 2259 4818 non
2293 4765 2474 4818 minus
2496 4781 2659 4834 quam
2682 4766 2716 4820 ii
2749 4769 2841 4837 qui
2863 4768 2962 4822 ista
2989 4779 3212 4839 accepta
3260 4774 3527 4838 referunt,

1949 4875 2191 4946 gaudeas
2235 4891 2299 4930 ac
2326 4877 2378 4928 iu
2414 4887 2653 4931 mentem
2711 4877 2942 4934 inducas
2983 4891 3034 4935 te
3068 4882 3412 4944 utaliorum,
3456 4887 3527 4938 si:

1897 5031 1904 5038 .
1950 4983 2032 5038 tui
2068 4984 2242 5053 ipsius
2269 4983 2652 5041 beniaetorem
2683 4999 2828 5041 esse.
2855 4987 2987 5042 item
3021 4988 3254 5056 dolebis,
3291 4993 3525 5046 ubibene

1949 5095 2374 5164 facienchopia
2396 5095 2594 5162 deerit,
2618 5105 2742 5152 ette
2771 5101 3069 5167 privatum,
3100 5118 3206 5155 non
3233 5117 3416 5171 regem
3441 5118 3526 5171 pu-

1953 5197 2094 5252 tabis
2117 5212 2263 5259 esse,
2294 5198 2458 5267 idque
2493 5208 2662 5252 recte.
2697 5200 2776 5253 Ex
2805 5216 2914 5270 quo
2941 5202 3092 5255 enim
3123 5203 3189 5257 iis
3223 5203 3528 5257 accenscri:

1951 5306 2046 5375 qui
2078 5306 2221 5360 bene
2253 5304 2439 5360 facere
2464 5314 2717 5374 possunt,
2747 5305 2869 5376 jure
2888 5307 3127 5376 quodam
3154 5317 3248 5362 tuo
3280 5305 3528 5360 omnibus

1952 5413 2098 5468 bene
2142 5413 2322 5467 facere
2351 5423 2510 5483 potes
2548 5424 2604 5468 et
2625 5414 2714 5483 jus
2745 5422 2898 5468 tuum
2925 5413 2975 5466 id
2997 5412 3237 5467 faciendi
3267 5427 3394 5466 vero
3419 5426 3521 5482 pro

1951 5519 2070 5576 bas.
2101 5520 2256 5587 Quod
2314 5519 2358 5574 si
2398 5520 2559 5574 aliter
2603 5520 2763 5584 lacis,
2812 5519 3198 5587 reprobaheris
3231 5530 3286 5574 et
3321 5519 3389 5573 de
3430 5519 3529 5573 tuis

1952 5625 2070 5696 ipse
2114 5624 2274 5679 factis
2300 5623 2617 5680 erubesces.
2668 5621 2874 5688 Quodsi
2916 5621 3014 5676 tibi
3050 5619 3200 5677 cordi
3236 5633 3319 5677 est
3348 5631 3408 5676 ut
3435 5624 3527 5675 im-

1956 5736 2110 5803 perio
2163 5732 2371 5801 optimc
2403 5746 2465 5784 ac
2491 5730 2795 5800 justissime
2827 5729 3192 5783 functusesse
3242 5730 3518 5799 reputeris

1955 5829 2008 5881 id
2067 5844 2165 5897 per
2219 5840 2442 5896 omnem
2486 5825 2650 5878 vitam
2704 5839 2800 5892 age
2846 5831 3042 5875 utnon
3077 5821 3240 5877 modo
3286 5837 3437 5892 spem
3471 5820 3526 5878 ai
