4018 6418
493 354 600 419 455

1722 355 2113 416 THEODULI
2162 358 2510 419 MONACHI

3629 367 3720 429 ἇὸθ

492 470 681 541 egenis
709 468 779 526 de
804 479 854 523 te
880 476 1200 539 conceptum
1230 483 1473 539 superes,
1506 485 1630 522 cutn
1667 471 1835 542 regali
1860 471 2059 526 libera-

2179 473 2277 546 τὴν
2304 476 2479 545 ἀρχὴν
2505 476 2580 539 ὡς
2601 476 2862 530 κάλλιστα
2884 479 2979 532 καὶ
3002 478 3317 531 δικαιότατα
3346 480 3553 537 πάντων
3572 484 3721 557 δοκῇς

493 584 648 638 litate
674 595 729 638 et
767 583 910 637 ultra
942 584 1322 637 necessitatem
1347 582 1526 637 dando
1554 582 1721 653 idque
1751 585 2071 657 priusquam

493 697 592 749 abs
649 704 701 749 te
743 702 934 764 petant
982 694 1266 748 auxilium.
1303 692 1393 750 Sic
1419 695 1565 749 enim
1611 694 1819 765 duplici
1873 696 2075 754 frueris

491 807 685 877 glosia,
718 822 843 862 cum
902 807 1183 876 largiendo
1234 821 1487 872 munera,
1541 816 1654 862 tum
1688 808 1924 881 benigne
1970 810 2075 865 hoc

497 920 780 987 faciendo,
811 919 955 974 unde
984 919 1063 973 tui
1097 919 1270 988 ipsius
1305 919 1809 976 simulbeuel‘actor
1843 922 2071 979 evades.

491 1031 627 1086 Dum
655 1032 803 1086 enim
836 1031 1023 1087 caeteri
1060 1044 1181 1088 tuas
1226 1032 1536 1102 respiciunt
1586 1050 1801 1100 manus,
1840 1046 1895 1091 tu
1953 1035 2072 1108 ipse

489 1161 619 1200 vero
647 1145 862 1201 divinas
889 1156 1126 1215 spectas,
1155 1162 1289 1202 sane
1320 1158 1404 1202 est
1435 1148 1580 1217 quod
1612 1164 1802 1219 speres
1845 1162 1898 1208 te
1932 1170 2071 1224 qua-

489 1264 554 1317 lis
584 1265 801 1320 civibus
832 1266 945 1321 tuis
996 1280 1119 1321 esse
1161 1265 1394 1330 videris,
1422 1268 1584 1324 talem
1621 1271 1867 1327 numinis
1897 1271 2071 1326 divini

489 1377 666 1431 ocuiis
690 1379 868 1433 visum
903 1380 996 1448 iri,
1030 1382 1187 1451 cujus
1225 1382 1589 1438 beneﬁcentia
1619 1393 1675 1438 et
1701 1387 1971 1455 possides,
2015 1398 2072 1443 et

491 1505 612 1557 quae
650 1491 897 1557 possides
925 1492 1146 1563 elargiri
1191 1502 1370 1564 potes.
1403 1494 1458 1550 ld
1494 1512 1660 1566 porro
1689 1513 1788 1567 pro
1830 1513 1958 1555 vero
1990 1509 2067 1555 te-

491 1613 620 1657 neto
654 1619 775 1672 quae
799 1605 960 1660 nobis
986 1606 1159 1662 donas
1187 1610 1296 1662 non
1324 1620 1439 1675 tua,
1473 1609 1583 1663 imo
1613 1621 1798 1665 nostra
1823 1612 2067 1682 ipsorum

492 1727 621 1771 sunt
673 1734 793 1787 quae
827 1729 881 1773 tu
929 1720 982 1774 in
1013 1730 1341 1778 nostramct
1391 1724 1708 1795 reipublicae
1749 1726 2065 1794 utilitatem,

2181 564 2516 633 ἀνῃρῆσθαι,
2545 567 2723 637 πειρῶ
2752 568 2839 620 διὰ
2866 567 3069 632 παντὸς
3097 569 3274 640 δήπου
3301 570 3395 623 τοῦ
3420 571 3528 641 βίου
3553 577 3608 627 οὐ
3641 579 3724 642 μό-

2179 673 2270 708 νον
2300 657 2398 719 τὰς
2428 658 2540 710 τῶν
2572 654 2633 712 εὖ
2685 660 2882 713 παθεῖν
2918 659 3190 728 δεομένων
3233 662 3546 734 ὑπεραίρειν
3591 668 3727 720 ἐλπίς

2176 748 2298 815 δας,
2334 750 2412 821 τῷ
2467 751 2684 821 μεγάλα
2724 751 2927 806 διδόναι
2971 753 3066 805 κού⁵
3125 752 3422 822 βασιλικῶς
3475 757 3726 830 μᾶλλονῆ

2180 842 2407 911 χρῄζειν
2440 841 2617 896 ἔνεστ’
2671 843 2880 909 αὐτοῖς,
2920 844 3056 899 ἀλλὰ
3106 846 3201 900 καὶ
3237 845 3316 916 τῷ
3347 849 3477 916 πρὶν
3516 850 3729 920 αίτηθῆ-

2178 950 2290 1001 ναι,
2336 935 2720 1007 μεγαλοψυχίᾳ
2761 936 2905 1008 πρὸς
2934 940 3146 1001 πάντας
3188 938 3524 1009 κεχρῆσθαιο
3569 941 3640 1003 ὡς
3669 943 3728 997 ἀν

2175 1026 2487 1097 εὐδοκιμεῖν
2521 1029 2867 1100 ἑκατέρωθεν
2890 1029 3041 1100 ἔχῃς,
3081 1031 3147 1084 ἐκ
3187 1047 3244 1084 τε
3271 1029 3345 1086 ὢν
3374 1032 3436 1086 εὖ
3466 1036 3651 1097 ποιεῖς,
3675 1035 3730 1087 ἐκ

2175 1137 2237 1173 τε
2263 1112 2338 1173 ὧν
2378 1121 2683 1192 φιλοτίμως
2708 1123 2867 1178 τοῦτο
2913 1126 3124 1188 ποιεῖς·
3159 1126 3282 1178 ἐπεὶ
3328 1128 3423 1181 καὶ
3464 1128 3651 1181 σαυτὸν
3678 1125 3729 1183 εὖ

2178 1214 2358 1266 ποιεῖν
2387 1213 2539 1266 ἐστιν
2566 1212 2843 1268 ἐντεῦθεν.
2877 1215 2939 1268 Εἰ
2967 1216 3075 1285 γὰρ
3099 1214 3163 1285 δὴ
3196 1216 3400 1279 πάντες
3429 1216 3526 1286 μὶν
3556 1218 3631 1281 είς
3646 1220 3733 1281 τὰς

2177 1304 2277 1367 σάς
2319 1298 2580 1375 βλέπουσι
2604 1309 2817 1378 χεῖρας,
2852 1308 2918 1362 σὺ
2948 1309 2993 1360 δ’
3021 1308 3186 1372 αὐτὸς
3213 1310 3296 1373 είς
3339 1309 3438 1373 τὰς
3469 1309 3560 1364 τοῦ
3587 1310 3732 1375 Θεοῦ,

2175 1394 2402 1465 εὔδηλον
2426 1395 2501 1459 ὡς
2528 1399 2713 1459 ὁποῖος
2739 1398 2807 1453 ἀν
2834 1415 2918 1462 τις
2939 1399 3151 1463 τούτοις
3186 1404 3386 1473 φανῇς,
3423 1400 3657 1455 τοιοῦτον
3675 1402 3735 1456 ἄν

2176 1503 2260 1541 σοι
2292 1488 2576 1557 προσδόκα
2626 1491 2959 1560 γεγενῆσθαι
2989 1493 3266 1560 κάκεῖνον,
3302 1494 3434 1564 παρ’
3477 1488 3538 1547 οὗ
3575 1510 3652 1546 σοι
3682 1496 3737 1546 τό

2170 1597 2231 1632 τε
2261 1584 2508 1652 κρατεῖν,
2536 1582 2597 1636 τό
2635 1598 2694 1633 τε
2721 1581 2870 1652 ἔχειν
2896 1584 2964 1637 τὰ
3002 1585 3233 1639 τοιαῦτα
3271 1585 3505 1640 διδόναι’
3554 1584 3737 1638 οὐκοῦν

2171 1670 2393 1739 ἀκριϐεῖ
2436 1671 2582 1742 λόγῳ
2624 1671 2733 1725 οὐδ’
2786 1671 2823 1726 ἃ
2855 1673 3012 1737 δίδως
3051 1677 3208 1744 ἡμῖν,
3250 1675 3403 1745 δῶρα
3467 1675 3534 1727 σὰ
3570 1674 3735 1737 δίδως,

2170 1761 2277 1815 οὐδ’
2306 1762 2519 1817 οἴκοθεν
2571 1764 2669 1817 καὶ
2713 1764 2865 1836 παρὰ
2917 1766 3118 1819 σαυτοῦ
3166 1768 3449 1837 χορηγεῖς,
3510 1766 3644 1822 ἀλλά
3676 1766 3737 1818 τὰ

492 1830 682 1883 eadem
735 1846 842 1899 qua
878 1832 1085 1901 regiam
1119 1843 1475 1903 potestatem,
1513 1837 1559 1891 si
1616 1852 1784 1908 parra
1851 1842 2059 1912 magnis

2174 1853 2402 1924 ἡμέτερ’
2441 1854 2624 1909 αὐτῶν
2655 1830 2807 1925 ἡμῖν-
2852 1856 3143 1921 ἀποδίδως,
3167 1830 3270 1911 Βὶοίι
3292 1830 3375 1911 διν
3425 1857 3547 1927 ἓνεχ
3592 1857 3735 1927 ἡμῶν

428 1960 433 1963 -
492 1957 821 2012 componere
846 1944 995 2010 licet,
1027 1946 1408 2005 administras.

563 2210 614 2269 6.
638 2211 813 2285 Hujus
836 2213 1020 2285 itaque
1046 2216 1223 2288 magni
1253 2217 1414 2273 oﬂicii
1446 2219 1593 2289 quod
1624 2220 1722 2275 tibi
1764 2221 2063 2287 incumbit,

489 2342 612 2380 cum
663 2329 986 2397 gravissima
1053 2333 1298 2387 omnium
1353 2332 1692 2390 Moderatori
1740 2336 1838 2393 abs
1865 2350 1915 2393 te
1944 2339 2065 2394 red-

491 2441 671 2496 denda
697 2442 802 2497 erit
827 2444 985 2510 ratio,
1021 2444 1072 2499 id
1103 2454 1155 2501 te
1181 2454 1307 2502 ante
1347 2449 1534 2504 omnia
1573 2451 1845 2506 monitum
1874 2455 2062 2519 velim,

493 2562 553 2606 ut
584 2568 692 2607 non
724 2555 903 2609 solum
942 2571 1070 2627 erga
1102 2573 1295 2614 omnes
1319 2560 1612 2615 maximam
1662 2562 2060 2622 humanitatem

489 2683 552 2724 ac
581 2669 634 2723 in
681 2669 863 2725 dando
902 2671 1210 2742 largitatem
1261 2674 1551 2741 adhibeas,
1588 2677 1684 2733 sed
1736 2678 1789 2733 id
1832 2696 1961 2750 agas
2006 2690 2067 2736 ut

489 2798 652 2836 nemo
708 2783 764 2837 in
801 2800 1148 2857 quacumque
1205 2805 1262 2842 re
1300 2805 1359 2845 se
1409 2790 1599 2845 lmsum
1651 2792 1839 2850 dicere
1870 2796 2062 2866 possit.

486 2895 957 2959 Quemadmodum
993 2899 1139 2953 enim
1180 2899 1315 2957 urbs
1343 2901 1462 2957 siue
1519 2904 1794 2959 moenibus
1818 2916 1874 2961 et
1908 2908 2064 2965 vallis

489 3006 543 3059 in
600 3017 716 3061 tuto
758 3013 904 3064 stare
961 3013 1174 3082 nequit,
1206 3013 1288 3068 sic
1325 3028 1429 3069 nec
1461 3031 1691 3085 regnum
1731 3018 1910 3089 ipsum
1943 3022 2063 3077 sine

480 3119 721 3190 justitia,
751 3130 844 3174 aut
872 3130 930 3176 ιιι
964 3138 1073 3178 uno
1115 3127 1281 3183 verbo
1307 3126 1508 3193 dicam,
1544 3129 1681 3184 urbs
1704 3131 1925 3200 quidem
1949 3149 2058 3189 non

487 3234 661 3288 stabit
689 3236 791 3290 etsi
817 3236 925 3293 lcci
961 3246 1018 3291 et
1045 3239 1411 3295 habitantium
1441 3241 1793 3311 fortitudine,
1831 3261 2061 3318 regnum

494 3359 701 3414 autem,
730 3352 834 3407 etsi
868 3353 1094 3409 tuilitari
1123 3356 1406 3424 praesidio,
1439 3359 1656 3426 castris,
1685 3360 1858 3415 armis
1902 3372 1957 3416 et
1990 3362 2065 3417 si-

484 3464 705 3519 milibus
743 3468 1076 3537 protegitur,
1109 3469 1218 3523 nisi
1252 3471 1469 3540 justitia
1500 3471 1664 3541 adsit,
1699 3489 1895 3544 parum
1918 3485 2063 3533 tecta

480 3589 738 3648 sartaque
792 3591 912 3647 est,
970 3594 1032 3637 ut
1060 3599 1186 3639 cum
1246 3587 1511 3659 Euripide
1560 3590 1790 3661 loquar;
1841 3593 2061 3664 ju5titia

477 3701 703 3749 econtra
747 3706 1011 3767 regnante
1050 3701 1132 3755 vel
1177 3701 1299 3757 sine
1329 3704 1604 3761 montibus
1647 3714 1814 3777 atque
1866 3710 2059 3773 armis,

479 3821 568 3861 res
618 3807 985 3867 nihilominus
1034 3813 1196 3868 salva:
1229 3825 1418 3872 erunt.
1452 3817 1715 3885 Quaenam
1761 3821 1930 3891 igitur
1966 3831 2057 3877 tua

484 3928 733 3988 potestas
767 3922 814 3976 si
848 3924 1118 3981 militibus
1146 3928 1383 3997 stipatus
1409 3931 1548 3986 nihil
1565 3941 1759 3989 contra
1796 3935 1948 4007 leges
1974 3936 2057 3992 {a-

477 4035 584 4098 cis,
618 4048 675 4091 et
703 4037 766 4093 in
798 4039 1067 4097 omnibus
1095 4058 1219 4111 qua:
1255 4043 1394 4101 dicis
1416 4045 1622 4103 facisve
1652 4048 1883 4119 justitite
1904 4052 2062 4108 exhi-

482 4144 579 4199 bes
603 4150 916 4219 eaemplum
938 4159 993 4204 et
1018 4152 1320 4223 specimen.
1349 4155 1403 4212 Si
1430 4160 1577 4214 enim
1607 4169 1659 4216 te
1678 4165 1845 4233 geris,
1872 4181 1905 4221 o
1932 4182 2053 4235 rex,

479 4261 730 4315 etomnia
753 4261 930 4332 legum
950 4266 1310 4326 moderamini
1334 4274 1656 4345 committis,
1677 4281 1867 4347 procul
1884 4279 2057 4337 dubio

483 4374 572 4429 [iet
605 4386 665 4431 ut
693 4380 786 4447 qui
820 4380 918 4435 tibi
945 4383 1154 4440 subditi
1187 4396 1316 4442 sunt
1344 4389 1486 4445 idem
1513 4406 1636 4461 qua:
1678 4402 1736 4448 tu
1790 4396 2053 4462 sentiant,

479 4495 535 4539 ct
565 4488 787 4557 quidem
831 4490 960 4549 boni
1008 4495 1077 4551 ab
1124 4497 1175 4553 id
1239 4498 1417 4569 ipsum
1477 4502 1625 4572 quod
1682 4501 1813 4558 boni
1876 4517 2047 4575 sunt;
2079 4536 2127 4596 ο
2156 4531 2283 4593 τοὺς

481 4602 649 4658 malos
686 4617 891 4678 autem,
944 4619 1004 4665 ut
1038 4612 1232 4669 olliciis
1262 4615 1629 4682 satisfaciant,
1663 4628 1846 4675 metus
1894 4621 2051 4678 iusti-

480 4719 641 4787 gubit.
679 4721 740 4776 ld
767 4728 913 4779 entut
938 4726 1101 4796 plane
1126 4744 1449 4799 persuasum
1477 4731 1655 4787 habeo
1683 4736 1833 4804 quod
1856 4751 2050 4797 onmes

480 4834 721 4891 incientes
756 4839 1001 4895 volentes
1033 4842 1133 4898 tibi
1159 4853 1317 4912 grato
1346 4860 1415 4900 ex
1442 4846 1630 4902 animo
1679 4849 1860 4908 oﬂlcia
1907 4870 2048 4925 pra:-

482 4949 718 5017 stibunt,
745 4962 802 5007 et
831 4963 886 5008 tu
912 4954 1030 5024 ipse
1060 4957 1136 5009 ita
1170 4956 1382 5027 agendo
1417 4960 1533 5015 veri
1562 4961 1706 5033 regis
1734 4973 1919 5034 partes
1947 4981 2047 5022 ex-

481 5067 645 5135 pbbis
674 5086 786 5124 non
817 5080 1030 5125 tantum
1081 5073 1331 5131 insontes
1360 5084 1417 5131 et
1446 5088 1674 5135 vexatos
1705 5082 1855 5137 omni
1909 5092 2049 5138 tem-

483 5198 599 5253 ptre
624 5200 679 5243 et
709 5188 830 5242 loco
860 5188 1197 5259 adjuvando,
1249 5194 1348 5249 sed
1390 5205 1447 5251 ct
1475 5211 1677 5254 manus
1710 5201 2048 5271 porrigendo

484 5302 542 5357 ita
577 5315 636 5358 ut
661 5305 858 5376 injuria
886 5307 1077 5376 procul
1105 5320 1390 5366 avertatur
1417 5316 1680 5385 quamdiu
1717 5327 1776 5374 tu
1815 5321 2038 5391 quidem

481 5420 902 5490 gtbernaculum
953 5432 1128 5479 tenes.
1176 5424 1520 5502 Quicumque
1548 5433 1696 5488 enim
1747 5434 1835 5490 vel
1865 5450 1897 5490 e
1938 5451 2045 5491 nu-

481 5550 618 5591 nero
665 5534 763 5592 tibi
814 5537 1372 5600 familiarissimorum
1417 5548 1629 5605 crimen
1672 5551 2037 5618 commiserit,

482 5664 663 5717 penes
695 5649 871 5720 dabit,
916 5670 1019 5712 nec
1058 5660 1348 5729 sanguinis
1369 5664 1741 5720 communitas
1769 5666 1822 5721 ei
1848 5667 2042 5736 prode-

482 5763 559 5845 τῇ.
595 5763 674 5819 lta
711 5766 800 5823 [let
827 5780 886 5826 ut
915 5776 1118 5830 nemini
1151 5777 1349 5849 injuria
1381 5778 1650 5835 inferatur
1677 5792 1812 5838 etut
1847 5794 1901 5839 tu
1931 5787 2046 5855 ipsc

2175 1947 2270 1999 καὶ
2286 1946 2387 2015 τῆς
2415 1948 2602 2016 κοινῆς
2626 1952 2905 2021 σωτηρίας
2932 1952 2995 2020 δη
3006 1952 3289 2019 μαγωγεῖς
3312 1951 3474 2016 αὖτῖς
3498 1951 3591 2003 καὶ
3614 1966 3736 2019 προ-

2178 2036 2401 2105 στάτης,
2440 2036 2632 2108 ὥσπερ
2686 2039 2744 2092 ἐν
2785 2041 3006 2109 μεγάλῳ
3053 2042 3214 2113 δήμῳ
3245 2042 3326 2111 τῷ
3361 2041 3463 2113 βίῳ
3514 2042 3609 2111 τὴν
3648 2042 3735 2112 τῆς

2175 2128 2507 2199 οἰκουμένης
2538 2130 2822 2185 πολιτείαν
2856 2131 3297 2203 πολιτευόμενος.

2248 2228 2324 2287 ς’.
2368 2223 2459 2287 Ὠς
2497 2220 2591 2278 οὖν
2621 2226 2719 2296 τῆς
2766 2229 3014 2298 μεγάλης
3044 2230 3140 2282 καὶ
3170 2230 3495 2301 θαυμαστῆς
3527 2229 3739 2296 ταυτησὶ

2173 2314 2559 2384 δημαγωγίας.
2597 2311 2642 2371 ὦ
2669 2316 2914 2388 βασιλεῦ,
2964 2320 3209 2391 μεγάλας
3239 2321 3337 2375 καὶ
3370 2321 3467 2385 τάς
3509 2319 3562 2389 γ’
3592 2319 3738 2372 εὐθύ·

2174 2422 2270 2469 νας
2306 2407 2538 2476 ὑφέξων,
2583 2411 2680 2463 καὶ
2728 2410 2949 2463 πάντων
2996 2412 3554 2483 είσπραχθησόμενος
3594 2411 3737 2478 λόγον

2172 2498 2251 2569 τῷ
2284 2501 2507 2555 πάντων
2544 2503 2833 2572 πρυτάνει,
2867 2506 2934 2559 σὺ
2978 2505 3027 2559 δ’
3059 2504 3203 2559 οὕτω
3231 2508 3351 2571 τοῖς
3383 2505 3614 2577 παροῦσι
3654 2521 3738 2557 κε-

2172 2590 2432 2661 Χρῆσθαι.
2492 2594 2589 2646 καὶ
2638 2593 2713 2664 μὴ
2769 2596 2934 2665 μόνον
2982 2596 3419 2669 φιλανθρώπως,
3468 2599 3543 2663 ὡς
3592 2596 3735 2668 ἔφην,

2173 2686 2312 2756 πρὸς
2345 2686 2558 2749 πάντας
2589 2686 2756 2758 ἔχειν,
2793 2691 2886 2742 καὶ
2929 2690 3068 2760 μετὰ
3099 2690 3299 2744 πολλοῦ
3351 2691 3446 2746 τοῦ
3476 2691 3739 2763 περιόντος

2170 2780 2271 2841 τὰς
2298 2779 2955 2851 εὐεργεσίαςποιεῖσθαι,
2990 2782 3127 2836 ἀλλὰ
3154 2784 3249 2836 καὶ
3282 2783 3436 2847 ὅπως
3467 2782 3740 2856 μηδεισοῦν

2170 2872 2490 2942 ἀδικήσεται
2532 2872 2641 2925 τῶν
2664 2872 2940 2940 ἁπάντων,
2971 2876 3099 2945 περὶ
3150 2874 3409 2930 πλείστου
3456 2876 3737 2930 ποιεῖσθαι.

2182 2963 2272 3026 Ὠς
2302 2965 2412 3031 γὰρ
2465 2963 2566 3035 οὐχ
2620 2961 2736 3018 οἶόν
2765 2983 2823 3019 τε
2856 2967 3014 3022 πόλιν
3064 2968 3261 3037 τειχῶν
3312 2969 3449 3024 ἄνευ
3495 2969 3586 3022 καὶ
3617 2983 3740 3037 προ-

2171 3054 2470 3124 6;.ημάτων
2506 3056 2804 3121 σεσῶσθαι,
2834 3059 2910 3122 ὡς
2942 3058 3000 3113 δὲ
3031 3060 3124 3113 καὶ
3148 3060 3430 3132 βασιλείαν
3456 3061 3640 3131 αὐτὴν,
3673 3058 3738 3127 μὴ

2170 3147 2522 3220 δικαιοσύνης
2577 3150 2913 3221 κρατούσης,
2975 3151 3178 3221 μᾶλλον
3207 3152 3266 3206 δὲ
3319 3155 3415 3207 καὶ
3471 3153 3738 3225 βασιλείαν

2168 3240 2264 3293 καὶ
2289 3241 2463 3309 πόλιν,
2478 3242 2581 3312 τὴν
2608 3244 2710 3309 μὲν
2761 3238 2840 3307 οἷς
2875 3243 3012 3313 ἔφην
3041 3244 3445 3318 ὠχυρωμένην,
3467 3248 3561 3302 καὶ
3586 3261 3739 3316 προσ-

2167 3333 2247 3386 έτι
2292 3332 2622 3402 θαυμαστῶν
2681 3337 3003 3407 οἰκητόρων,
3037 3340 3130 3392 καί
3156 3338 3365 3404 θέσεως
3401 3340 3739 3412 ὑπερηφάνου

2165 3425 2462 3495 λαχοῦσαν,
2496 3427 2602 3499 τὴν.
2636 3427 2692 3479 δὲ
2724 3428 3042 3497 δορυφόροις
3087 3430 3181 3482 καὶ
3225 3433 3611 3502 στρατοπέδοις
3654 3432 3741 3484 καὶ

2163 3518 2355 3580 ὅπλοις
2378 3519 2483 3584 καὶ
2514 3520 2654 3572 πᾶσι
2684 3520 2899 3584 τούτοις
2931 3524 3373 3594 κρατυνομένην,
3406 3525 3458 3579 εί
3486 3525 3560 3596 μὴ
3585 3525 3740 3594 πάρε-

2164 3627 2284 3663 στιν
2314 3612 2477 3681 αὕτη,
2517 3615 2588 3668 τά
2617 3613 2667 3681 γ’
2698 3615 2812 3669 ἄλλ’
2840 3615 2930 3668 ἐπ’
2957 3616 3219 3682 ἀσθενοῦς
3249 3620 3445 3691 ῥώμης
3472 3620 3703 3690 ὀχεῖσθαι
3723 3658 3738 3681 ,

2161 3704 2336 3755 ταῦτα
2367 3706 2493 3756 κατ’
2530 3705 2827 3776 Εὐριπίδην
2880 3708 3177 3769 συμϐαίνει
3202 3726 3219 3744 ο
3248 3710 3448 3783 ὥσπερ
3476 3711 3543 3767 αὖ
3597 3712 3738 3766 τούν-

2167 3792 2353 3843 αντίον
2392 3794 2681 3863 παρούσης
2714 3796 2815 3862 μὲν
2873 3796 3102 3868 ταύτης,
3139 3799 3374 3857 ἐκείνων
3401 3802 3448 3856 δ’
3481 3803 3737 3861 ἀπόντων,

2162 3884 2426 3949 ἀσφαλεῖς
2453 3885 2548 3938 καὶ
2582 3886 2808 3956 βεϐαίας
2829 3891 3181 3944 παντάπασιν
3210 3888 3378 3950 εἶναι.
3416 3894 3629 3948 Ἦλίκον
3655 3889 3738 3946 οὖν

2162 3976 2317 4029 ἔσται
2357 3993 2439 4029 σοι
2471 3978 2695 4047 κράτος,
2725 3980 2773 4030 εί
2807 3981 2947 4049 μετὰ
2985 3981 3080 4036 τοῦ
3113 3987 3511 4055 στρατοπέδοις
3548 3984 3737 4054 κεχρῆο

2164 4066 2288 4120 σθαι
2323 4068 2419 4121 καὶ
2473 4071 2639 4139 μηδὲν
2694 4070 2875 4124 ὁτιοῦν
2922 4071 3028 4139 ἔξω
3100 4074 3210 4128 τῶν
3258 4079 3447 4147 νόμων
3492 4081 3738 4149 πράττειν

2162 4161 2517 4226 σπουδάζεις·
2548 4164 2769 4234 πρῶτος
2794 4165 2842 4217 δ’
2860 4165 3024 4229 αὐτὸς
3052 4167 3121 4221 δι’
3147 4161 3225 4221 ὧν
3244 4168 3429 4240 λέγεις
3456 4173 3550 4227 καὶ
3578 4172 3739 4243 πράτ-

2160 4270 2276 4314 τεις
2313 4255 2535 4308 τουτοσὶ
2566 4255 2829 4325 βεσαιῶν,
2873 4259 3233 4330 παράδειγμα
3265 4262 3621 4335 δικαιοσύνης
3652 4264 3736 4316 καὶ

2158 4344 2255 4398 τοῦ
2286 4344 2339 4396 τί
2385 4344 2469 4397 δεῖ
2497 4347 2671 4399 ποιεῖν
2712 4348 2919 4402 ἅπασιν
2971 4344 3114 4403 εἶναι
3145 4366 3159 4381 ·
3192 4350 3256 4406 οὐ
3283 4352 3400 4425 γὰρ
3447 4354 3616 4420 ἔστιν,
3644 4354 3738 4408 οὐκ

2159 4436 2333 4501 ἔστιν,
2361 4431 2406 4491 ὦ
2460 4436 2708 4507 βασιλεῦ,
2744 4439 2837 4492 σοῦ
2862 4440 3040 4517 ταύτῃ
3085 4442 3462 4517 διακειμένου,
3501 4449 3736 4517 καὶπερὶ

2330 4532 2532 4601 νόμους
2562 4533 2631 4584 τὰ
2683 4534 2988 4603 γιγνόμενα
3033 4536 3322 4606 σώζοντος,
3366 4540 3446 4612 μὴ
3488 4539 3604 4611 ούχῖ
3648 4546 3737 4597 καὶ

2153 4624 2363 4686 πάντας
2392 4622 2461 4676 ἂν
2486 4623 2616 4689 τούς
2643 4626 2693 4693 γ’
2724 4626 2829 4679 ὑπὸ
2871 4629 3035 4699 χεῖρα
3059 4631 3234 4683 ταῦτα
3266 4636 3491 4703 φρονεῖν
3520 4633 3735 4704 προελέ-

2156 4715 2312 4767 σθαι*
2345 4715 2473 4779 τοὺς
2503 4716 2603 4786 μὲν
2630 4718 2988 4788 εὐγνώμονας
3053 4721 3120 4774 δι’
3155 4724 3289 4778 αὐτὸ
3329 4727 3519 4781 τοῦτο·
3550 4728 3658 4789 τοῖς
3682 4723 3735 4777 δὲ

2154 4806 2571 4877 πονηροτάτοις,
2626 4811 2764 4879 πρὸς
2817 4812 2878 4864 τὸ
2908 4814 2977 4866 τὰ
3019 4814 3207 4868 δέοντα
3256 4821 3461 4889 ποιεῖν,
3518 4822 3545 4873 ὁ
3580 4817 3735 4889 φόϐος

2152 4897 2382 4966 ἀρκέσει
2410 4912 2425 4926 ⁸
2475 4903 2628 4972 κοινῇ
2671 4901 2726 4953 δὲ
2758 4902 2962 4966 πάντες
2994 4899 3053 4957 εὖ
3103 4900 3226 4960 οἶδα
3254 4911 3351 4961 καὶ
3400 4911 3614 4972 ἑκόντες
3646 4910 3734 4962 καὶ

2153 4988 2382 5052 ἄκοντες
2428 4993 2577 5056 ὅπως
2623 4994 2842 5049 ἔσονταί
2875 5012 2959 5049 σοι
3013 5002 3433 5069 κεχαρισμένοι,
3476 5006 3613 5056 πάνυ
3656 5018 3730 5051 τοι

2154 5081 2504 5149 φροντιοῦσιν
2523 5099 2537 5113 ·
2570 5084 2769 5136 οὐκοῦν
2798 5087 3068 5149 κάκείνως
3095 5089 3162 5143 ἂν
3190 5091 3580 5160 εἰργασμένος,
3610 5106 3732 5161 χρη-

2155 5169 2288 5222 στοῦ
2320 5170 2590 5241 βασιλέως
2618 5174 2694 5237 ὡς
2728 5175 2945 5245 ἀληθῶς
2978 5180 3214 5254 ἐργάσῃ,
3246 5184 3343 5235 καὶ
3386 5178 3500 5236 οἷον
3531 5187 3558 5236 δ
3586 5184 3730 5248 λόγος

2154 5261 2431 5333 βούλεται,
2488 5265 2584 5319 τοῦ
2627 5268 2703 5338 μὴ
2736 5270 2898 5339 μόνον
2940 5274 3108 5325 πᾶσιν
3155 5274 3544 5344 ἀδικουμένοις
3580 5273 3729 5334 αὐτὸς

2153 5352 2248 5404 καὶ
2277 5354 2419 5408 κατά
2455 5358 2636 5410 πάντα
2663 5359 2862 5428 χρόνον
2888 5362 3198 5431 ἐκκεῖσθαι,
3232 5364 3328 5417 καὶ
3353 5365 3502 5418 οὕτω
3528 5360 3727 5434 τάχιστ’

2151 5442 2337 5507 αὐτοῖς
2372 5448 2532 5515 χεῖρα
2586 5448 2823 5517 ὀρέγειν,
2859 5450 2937 5515 ὡς
2985 5453 3049 5506 τὸ
3095 5453 3396 5525 λεγόμενον
3442 5456 3509 5527 δὴ
3555 5455 3723 5517 τοῦτον

2153 5533 2251 5604 ἅμ’
2288 5535 2432 5601 ἔπος·
2459 5539 2558 5592 au'
2608 5541 2774 5611 ἔργον
2807 5541 2973 5613 εἶναι,
3017 5549 3153 5604 ἀλλὰ
3189 5552 3283 5605 καὶ
3326 5554 3443 5615 τοῖς
3489 5553 3723 5605 ἑκάστων

2153 5631 2290 5681 πᾶσι
2324 5632 2562 5701 κηρύξαι
2606 5633 2859 5706 θαρρεῖν,
2902 5639 2978 5702 ὡς
3029 5642 3206 5705 οὐδεὶς
3257 5645 3585 5714 τοπαράπαν
3615 5640 3722 5693 ἀδι-

2152 5723 2419 5791 κούμενος
2453 5725 2627 5788 ἔσται,
2666 5728 2768 5791 ἓως
2799 5730 2866 5782 ἂν
2902 5731 3208 5801 βασιλεύων
3256 5737 3422 5798 αὐτὸς
3592 5733 3721 5786 ἀλλά

2157 5812 2259 5865 κᾶν
2291 5813 2401 5867 τῶν
2454 5817 2662 5887 σφόδρα
2714 5837 2795 5873 σοι
2846 5826 3187 5893 γιγνομὲνων
3234 5827 3352 5881 καθ’
3402 5822 3542 5898 αἷμα
3594 5839 3718 5895 τυγ·
