4018 6430
351 347 464 436 {Si

1449 337 1736 425 animo
1775 336 1874 423 DE
1917 336 2149 421 REots
2187 354 2532 423 OFFICIIS.

3521 351 3623 415 £38

362 487 505 559 χάνῃ
528 500 613 548 τις
639 480 861 549 ἀδικῶν,
904 472 1001 538 καὶ
1032 470 1188 543 οὗτος
1221 476 1440 541 πάντως
1483 468 1717 532 δώσεται
1762 478 1943 551 δίκην,

2068 462 2262 545 egibus
2313 477 2577 547 majorem
2609 472 2775 543 qua'm
2806 468 2903 526 tibi
2942 469 3045 542 ipsi
3078 470 3188 525 vim
3222 468 3533 526 attribuas:
3568 471 3629 522 tit

364 581 458 653 καί
482 578 639 632 οὐδὲν
666 577 726 630 τὸ
752 576 910 645 γένος
957 566 1358 646 προστήσεταισ
1388 571 1533 625 οὕτω
1575 572 1684 640 γὰρ
1722 570 1839 624 οὔτ’
1874 569 1943 623 ἂν

363 666 542 735 οὐδεὶς
573 672 649 724 ἔτ’
680 662 1039 742 ἀδικούμενος
1068 668 1177 738 εἴη,
1209 658 1273 720 σύ
1305 658 1362 719 τε
1389 665 1518 736 περὶ
1547 665 1790 727 πλείονος
1814 681 1945 718 σαυ-

365 763 459 837 τοῦ
487 763 616 827 τοὺς
640 762 836 832 νόμους
859 761 1033 831 δόξεις
1066 751 1378 813 ποιεῖσθαι·
1401 757 1527 820 τούς
1549 775 1610 809 τε
1626 756 1948 820 ἀδικοῦντας

366 857 567 919 αὐτοὺς
594 853 654 910 εὖ
694 850 967 924 ποιήσεις,
1006 842 1253 914 δικαίους
1295 846 1438 904 εἶναι
1487 844 1945 918 παρασκευάσας,

369 943 462 1023 καὶ
620 948 720 1017 τὴν
766 946 917 1013 σφῶν
953 936 1135 998 αὐτῶν
1177 936 1474 1013 μισοῦντας
1513 940 1695 1011 ψυχὴν
1727 939 1806 1010 τῷ
1852 942 1949 1011 τὴν

367 1042 599 1111 ἀδικίαν,
631 1043 705 1100 ὡς
733 1026 913 1106 λόγος,
946 1032 1153 1107 φιλεῖν⁶
1180 1034 1340 1089 τοῦτό
1358 1028 1439 1086 σοι
1462 1028 1523 1087 τὸ
1551 1025 1809 1103 ψήφισμα
1839 1033 1951 1085 τῶν

370 1131 460 1199 ὑφ’
526 1132 664 1202 ἡλίῳ
716 1131 938 1184 πάντων
1006 1120 1294 1183 κάλλιστον
1349 1127 1445 1179 καὶ
1501 1119 1951 1179 λυσιτελέστατον

368 1218 548 1283 ἔσται,
586 1211 809 1293 μήτιγε
841 1220 936 1285 οὓς
962 1221 1094 1291 περὶ
1136 1214 1229 1273 τοῦ
1260 1214 1473 1273 δικαίου
1525 1218 1750 1272 Πλάτων
1784 1217 1951 1288 ἔθηκε

369 1319 581 1385 λόγους.
876 1386 879 1389 ι
1085 1382 1091 1391 Ἴ
1332 1386 1333 1389 η
1574 1320 1579 1323 ’

443 1398 509 1477 Ci.
553 1413 664 1468 Καὶ
699 1396 804 1483 μήν
830 1386 931 1463 οῦκ
958 1398 1017 1462 ἒν
1047 1386 1238 1480 εἰρήνῃ
1272 1386 1457 1478 μόνον,
1484 1386 1607 1462 ούδὲ
1630 1407 1740 1461 τῶν
1768 1399 1952 1480 πραγ-

376 1509 562 1579 μάτων
592 1503 651 1577 εὖ
708 1492 1091 1564 καθεστώτων,
1129 1500 1476 1567 δικαιοσύνης
1525 1492 1609 1553 σοι
1660 1490 1764 1562 δεῖ,
1818 1499 1956 1563 ἀλλὰ

376 1602 478 1654 κάν
504 1582 627 1665 ταῖς
681 1597 885 1666 μάχαις
919 1584 1139 1663 μάλιστ’
1169 1586 1364 1654 αὐταῖς
1399 1582 1640 1644 τοιοῦτον
1672 1591 1836 1643 αὐτὸν
1877 1582 1956 1643 εἷς

378 1672 467 1746 ναί
505 1682 563 1744 σε
609 1690 727 1743 δεῖο
776 1678 1004 1756 ἐπείπερ
1056 1679 1218 1739 αὗται
1272 1683 1345 1754 μὴ
1398 1677 1539 1754 μετά
1592 1683 1689 1736 τοῦ
1738 1674 1953 1736 δικαίου

378 1782 638 1857 πολλάκις
679 1772 1002 1852 γιγνόμεναι
1050 1771 1222 1849 μείζω
1268 1775 1791 1846 παρασκευάζουσαι
1826 1766 1953 1845 βλά-

378 1864 502 1949 ϐην,
539 1879 573 1951 ἦ
620 1876 767 1929 τοῦτ’
815 1875 942 1927 ἰδεῖν
974 1860 1119 1925 ἔστιν
1162 1873 1221 1925 ὲν
1251 1870 1476 1940 εἰρήνῃ·
1507 1867 1574 1933 ἃς
1619 1868 1861 1922 κάλλιστ’
1889 1862 1955 1922 ἂν

378 1972 520 2028 οὕτω
555 1971 651 2024 atat
697 1967 993 2030 λυσιτελῶς
1037 1956 1345 2035 διενέγκῃς,
1393 1964 1486 2017 ἐὰν
1529 1952 1656 2034 μήθ’
1688 1964 1811 2041 ’ὑπὸ
1859 1958 1955 2017 τοῦ

384 2054 724 2118 πλεονεκτεῖν
769 2044 979 2137 ἐθέλειν
1006 2057 1190 2123 αὐτὸς,
1225 2044 1413 2133 ἀδίκου
1453 2052 1952 2137 μάχηςὺπάρχῃς.

380 2158 492 2211 ἀλλ’
520 2157 595 2218 ὡς
623 2145 860 2225 πρόσθεν
889 2128 1240 2221 ήδικημένος,
1270 2128 1443 2202 ἔπειτ’
1475 2128 1531 2214 ἐξ
1563 2132 1814 2219 ἀνάγκης
1838 2128 1953 2210 rei;

381 2236 703 2317 πράγμασιν
744 2235 1012 2311 ἀπαντᾷς,
1044 2232 1139 2294 καὶ
1171 2231 1297 2302 τοὺς
1344 2234 1696 2306 ὑπάρξαντας
1724 2308 1727 2311 δ
1752 2239 1958 2308 ἀμυνό-

385 2357 543 2411 μενος
571 2335 636 2415 ᾖς
677 2337 820 2390 κατά
854 2326 914 2387 τὸ
963 2335 1060 2387 τοῦ
1091 2332 1257 2397 νόμου
1291 2332 1532 2400 παρέχον
1554 2347 1568 2361 ο
1602 2322 1731 2401 μήθ’
1759 2330 1786 2381 ὃ
1831 2330 1959 2381 τού-

382 2452 476 2487 του
509 2433 777 2500 κρεῖττον,
812 2427 912 2501 τὰς
964 2416 1100 2494 πρὸς
1145 2415 1502 2501 οὑστινασοῦν
1553 2418 1960 2488 ξυμϐαινούσας

383 2496 649 2592 διαφορὰς
698 2512 847 2570 λύειν
877 2496 1058 2583 λόγοις
1097 2496 1239 2579 ἑξδν,
1286 2507 1349 2592 ab
1378 2503 1434 2563 δὲ
1475 2504 1778 2581 θρασύτητι
1817 2506 1962 2576 γνὼ-

388 2635 491 2688 μης
517 2595 681 2677 εὐθὺς
716 2616 799 2685 εἰς
823 2594 1284 2683 ὃπλαχωρήσῃς.
1326 2604 1362 2659 ἀ
1396 2594 1596 2675 μήποτ’
1626 2600 1804 2673 ὢφελε
1836 2600 1965 2688 κατ’

384 2686 706 2778 ἀνθρώπους
746 2702 806 2755 τό
849 2702 902 2770 γ’
936 2697 995 2765 ἐξ
1042 2697 1216 2769 ἀρχῆς
1250 2692 1606 2764 γεγενῆσθαι,
1657 2693 1794 2763 μηδὲ
1850 2686 1960 2744 πα-

388 2800 597 2871 ρελθεῖν
636 2789 1053 2869 μηδοπωστιοῦν
1082 2792 1163 2854 είς
1210 2782 1303 2841 τὸν
1337 2786 1471 2858 βίον,
1504 2782 1536 2857 ἢ
1583 2782 1827 2854 γεγονότ’
1858 2785 1959 2871 ati-

384 2868 511 2944 τίκα
564 2883 899 2949 πεπαῦσθαι,
953 2880 1028 2943 ὡς
1082 2871 1292 2949 ὄργανα
1347 2875 1683 2941 πλεονεξίας,
1720 2874 1814 2927 καὶ
1867 2868 1958 2927 τοῦ

384 2983 571 3046 κακῶς
606 2973 804 3045 ἐξεῖναι
836 2970 1012 3029 ποιεῖν
1040 2990 1054 3004 ⁸
1088 2973 1248 3042 φύσει
1296 2968 1394 3041 μὲν
1419 2969 1481 3023 τὸ
1512 2963 1648 3043 πρὸς
1695 2966 1962 3043 ἀλλήλους

388 3072 740 3145 κηδεμονικὸν
789 3064 1155 3139 κεκτημένοις
1200 3066 1294 3119 καὶ
1342 3058 1648 3128 πεφυκόσιν
1694 3060 1752 3114 ἓν
1796 3057 1958 3122 εἶναι,

387 3169 479 3224 καὶ
516 3158 691 3219 ταυτά
712 3156 800 3218 διὰ
823 3156 1041 3216 πάντων
1063 3156 1305 3229 φρονεῖν,
1349 3156 1454 3210 ὑπὸ
1476 3156 1533 3210 δὲ
1566 3155 1659 3209 τοῦ
1690 3154 1959 3208 πλειόνων
2067 3154 2190 3195 Ψ¹⁶⁶
2224 3154 2357 3194 Ψ³¹³
2387 3154 2614 3182 ¹¹¹⁶¹¹¹¹¹¹τ²
2631 3154 2994 3191 υυ¹¹νυ¹¹¹¹¹¹¹ιν
3022 3154 3081 3181 “"
3107 3154 3211 3182 “"U

387 3258 671 3296 ιε.ο....ςτυ
710 3255 806 3296 νηὶ
855 3254 1071 3296 νηῑηειν
1099 3244 1328 3296 ἐθέλειν.
1362 3243 1443 3296 οἷς
1486 3246 1693 3296 ἥκιστα.
1739 3246 1958 3296 πάντων
2066 3231 2273 3294 bellum
2307 3256 2419 3294 non
2453 3242 2559 3296 nisi
2593 3241 2649 3296 in
2678 3238 2927 3296 extremo
2956 3237 3146 3296 rerum
3178 3233 3211 3296 d

2106 3240 2273 3294 ellum
2307 3256 2419 3294 non
2453 3242 2559 3297 nisi
2593 3241 2649 3296 in
2678 3238 2927 3298 extremo
2956 3238 3146 3298 rerum
3178 3238 3505 3299 discrimine
3556 3241 3647 3297 in-

384 3258 671 3327 ἐπιθυμεῖν
710 3255 806 3308 καὶ
855 3254 1071 3323 χαίρειν
1099 3244 1329 3311 ἐθέλειν,
1362 3243 1443 3311 οἷς
1486 3246 1693 3318 ἥκιστα
1739 3246 1958 3300 πάντων

384 3344 591 3423 χαίρειν
647 3341 836 3419 ἐχρῆν,
866 3347 1040 3409 οὓτως
1076 3345 1223 3415 ἡμᾶς
1278 3342 1479 3404 αὐτοὺς
1530 3336 1839 3408 ἀγνοοῦσιν,
1884 3337 1959 3398 ὡς

385 3447 480 3500 καὶ
530 3443 785 3511 πολεμεῖν
824 3433 975 3507 παρά
1029 3436 1192 3506 φύσιν
1231 3430 1483 3504 ἀλλήλοις
1534 3432 1610 3494 ὡς
1656 3426 1960 3500 ἀλλοτρίοις

382 3530 700 3606 πειρᾶσθαι,
729 3529 822 3586 καὶ
848 3524 1007 3583 τοῦτο
1034 3521 1228 3581 πολλοῦ
1266 3530 1414 3589 τινος
1440 3520 1617 3589 ἄγειν.
1648 3520 1772 3576 Εἶεν
1799 3539 1813 3552 ο

455 3628 525 3698 η’.
570 3612 641 3680 Σὺ
669 3610 712 3679 δ⁴
756 3626 806 3678 εἰ
841 3623 941 3693 μὲν
993 3617 1292 3675 ἀπολαύειν
1339 3616 1569 3689 εἰρήνης
1597 3606 1679 3670 ὅτι
1724 3610 1959 3687 μάλιστα

384 3723 586 3794 βούλει,
630 3710 847 3787 ἀνάγκη
885 3708 1123 3785 μάλιστά
1154 3712 1373 3765 πάντων
1403 3708 1771 3778 φιλοπόλεμον
1797 3706 1958 3771 εἶναι,

382 3817 479 3870 καὶ
514 3814 656 3866 οὕτω
683 3806 766 3863 σοι
792 3804 995 3875 ταύτης
1035 3804 1334 3860 ἀπολαύειν
1376 3801 1592 3868 ἐξέσται
1620 3816 1634 3831 '
1668 3801 1729 3854 τό
1756 3818 1814 3853 τε
1850 3800 1959 3871 γὰρ

384 3910 681 3978 ἄπραγμον
710 3903 770 3957 οὐ
821 3896 1077 3965 σώζεται,
1109 3896 1274 3968 φασὶν
1308 3892 1357 3949 οἱ
1392 3897 1569 3965 σοφοὶ,
1605 3890 1678 3964 μή
1706 3892 1845 3963 μετά
1866 3892 1959 3945 τοῦ

384 3999 714 4071 δραστηρίου
762 3991 1099 4062 τεταγμένον
1121 4008 1133 4021 ·
1168 3992 1394 4061 εἰρήνης
1441 3984 1500 4040 τε
1536 3987 1836 4040 ἀπολαύειν
1862 3985 1962 4055 οὐχ

384 4089 497 4147 οἷόν
522 4110 604 4153 τε,
638 4092 712 4161 μὴ
762 4087 1126 4158 φιλοπόλεμον
1156 4084 1283 4135 ὄντα
1309 4097 1322 4109 ·
1356 4081 1546 4150 ὥσπερ
1573 4078 1695 4131 οὐδὲ
1740 4072 1963 4146 φιλοπό-

385 4180 549 4255 λεμον
579 4184 728 4247 ὄντα,
753 4180 989 4249 ταυτησὶ
1023 4176 1097 4246 μὴ
1123 4177 1407 4245 μετέχειν
1442 4175 1688 4235 εἰκότως.
1719 4172 1823 4224 Τὸν
1854 4171 1962 4242 γὰρ

387 4272 656 4349 μάχεσθαι
728 4267 1142 4344 μεμελετηκότα
1187 4269 1284 4321 καὶ
1340 4266 1599 4338 πολεμεῖν
1646 4262 1962 4336 ἠσκημένον

387 4368 495 4434 πᾶς
532 4362 780 4422 ὁστισοῦν
825 4359 1162 4433 ὑπέπτηχεν,
1197 4358 1373 4431 οἶμαι.
1420 4359 1629 4413 Οὐκοῦν
1662 4363 1709 4413 εἰ
1749 4354 1850 4430 μὲν
1886 4361 1964 4411 εἰ-

390 4469 559 4535 ρήνης
592 4460 869 4527 ἀντιποιῇ.
896 4454 991 4508 κάὶ
1019 4457 1274 4525 πολέμων
1317 4452 1718 4508 ἀντιποιεῖσθαι
1753 4450 1961 4515 δίκαιος

386 4549 438 4609 εἰ
464 4572 475 4585 ⁸
510 4559 558 4607 εἰ
584 4555 640 4608 δὲ
674 4547 768 4605 τοῦ
805 4554 903 4621 μὲν
930 4547 1142 4603 ἐλάττω
1162 4548 1320 4617 λόγον
1342 4544 1496 4619 ποιῇ,
1526 4548 1624 4617 οὐχ
1656 4547 1802 4607 ὅπως
1830 4546 1962 4600 ταύ-
1995 4551 2037 4605 D

384 4645 485 4716 της
513 4636 910 4699 οὐδοπωστιοῦν
965 4638 1275 4712 ἀπολαύσῃ,
1324 4639 1460 4693 ἀλλά
1513 4638 1611 4693 καὶ
1666 4640 1962 4707 πολεμίους

384 4732 674 4799 τοσούτὸυς
706 4732 793 4790 8ιᾶ
823 4733 1028 4804 ταύτην
1064 4730 1404 4806 προσκτήσῃ,
1436 4733 1510 4793 ὡς
1547 4728 1963 4798 ἀναγκασθῆναι

386 4828 480 4883 καὶ
508 4830 659 4883 ἄκων
686 4823 1049 4897 φιλοπόλεμος
1081 4820 1244 4887 εἶναι,
1275 4825 1436 4895 εἴπερ
1460 4824 1535 4885 ὡς
1563 4822 1785 4892 ἀληθῶς
1815 4820 1967 4892 εἰρή-

385 4942 480 4992 νης
512 4941 593 4975 σοι
627 4911 799 4992 μέλει,
838 4914 902 4973 Et
932 4919 976 4973 δ’
1013 4920 1076 4971 ἐκ
1110 4920 1207 4989 μὲν
1238 4917 1333 4970 τοῦ
1364 4916 1459 4986 τῆς
1489 4914 1713 4987 εἰρήνης
1743 4916 1963 4986 ἔχεσθαι

389 5016 577 5083 μόνης,
618 5010 976 5079 πολεμεῖσθαι
1015 5007 1327 5079 συμϐαίνει,
1365 5006 1424 5059 τὸ
1454 5000 1509 5059 δέ
1558 5008 1691 5077 πρὸς
1728 5006 1826 5069 τὰς
1858 5006 1965 5074 μά-

385 5112 485 5176 κας
530 5108 747 5174 ἕτοιμον
780 5099 919 5156 εἶναι
975 5103 1067 5154 καὶ
1114 5098 1562 5170 παρεσκευάσθαι
1617 5102 1732 5161 τοῖς
1779 5100 1962 5162 ὅπλοις

386 5200 614 5269 χορηγεῖ
643 5198 743 5268 τὴν
784 5197 1033 5277 εἰρήνην,
1070 5190 1133 5265 ἧς
1172 5196 1325 5246 οὐδὲν
1363 5197 1475 5255 τοῖς
1516 5192 1781 5263 κρατοῦσι
1810 5194 1964 5245 λυσιη

385 5293 727 5359 τελέστερον,
767 5289 889 5342 ἑλοῦ
929 5290 1131 5358 μᾶλλον
1164 5289 1305 5359 ὑπὲρ
1348 5287 1448 5355 τῆς
1482 5286 1699 5339 ἐσάπαν
1732 5287 1964 5356 εἰρήνης

387 5382 747 5453 φιλοπόλεμος
780 5378 946 5446 εἶναι,
1062 5383 1293 5450 ταυτηνὶ
1343 5381 1514 5449 μόνην
1545 5376 1781 5443 διώκων,
1826 5376 1964 5448 μήτε

386 5476 589 5544 ταύτης
647 5474 917 5545 μετέχειν,
952 5473 1048 5526 καὶ
1101 5470 1329 5542 προσέτι
1383 5470 1665 5541 πράγματ’
1704 5469 1851 5539 ἔχειν
1900 5472 1964 5521 ἐκ

386 5566 682 5635 πολεμίων.
757 5567 911 5619 Ἐπεὶ
971 5565 1026 5617 δὲ
1081 5566 1173 5617 τὸν
1247 5563 1389 5616 οὕτω
1443 5560 1965 5630 παρεσκευασμένον

386 5659 603 5727 ἀνάγκη
636 5660 788 5712 πᾶσα
822 5658 916 5711 καὶ
950 5652 1025 5711 ὧν
1068 5656 1506 5727 παρεσκεύαστο,
1534 5653 1742 5706 τούτων
1773 5646 1969 5723 πρότεὶ

394 5768 485 5821 ρον
539 5753 848 5822 ἐπιστήμην
891 5750 1213 5817 κεκτῆσθαι,
1275 5750 1335 5800 σὲ
1387 5748 1432 5799 δ’
1481 5745 1622 5800 εἶναι
1669 5746 1964 5816 πολεμικὸν

388 5844 550 5914 ἡμεῖς
604 5844 884 5914 ἀξιοῦμεν,
922 5843 989 5897 ἵν’
1048 5844 1164 5911 εἴης
1218 5840 1514 5912 εἰρηνικὸς,
1569 5838 1865 5908 πολεμικὸς
1904 5839 1961 5891 δὲ

752 5942 1021 6001 ΡΑτιιοιη
1063 5937 1178 5999 Gtt.
1224 5935 1455 5999 CXLV.
1726 5954 1729 5955 '

2051 591 2104 646 in
2139 598 2326 646 sontes
2352 590 2500 660 ipsos
2543 587 2858 643 beneficum
2896 594 2950 639 te
2978 574 3251 655 praebeas,
3272 582 3503 653 iustitiae
3537 598 3630 637 re-

2050 700 2175 776 gula
2202 719 2300 760 eos
2325 696 2649 766 imbuendo,
2676 702 2750 756 ita
2779 708 2840 754 ut
2864 698 3067 770 injuste
3093 694 3349 753 faciendo
3384 697 3629 752 animam

2051 814 2209 874 suam
2252 819 2434 874 odisse
2483 825 2719 873 cessent.
2748 800 2874 872 Haec
2896 798 2964 870 de
3001 822 3052 869 te
3085 807 3333 869 omnium
3373 804 3636 866 honoriﬁ-

2051 934 2369 989 centissima
2396 941 2452 986 et
2479 932 2907 1003 praeclarissima
2938 930 3213 985 sententia
3239 924 3368 992 erit,
3392 926 3494 983 nec
3519 928 3637 995 ipse

2050 1020 2207 1101 i’lato
2237 1046 2305 1101 de
2325 1046 2539 1119 justitia
2574 1046 2775 1102 melius
2804 1046 3060 1101 senserit.

2129 1382 2180 1460 ἧ.
2208 1384 2314 1460 Sed
2348 1396 2461 1459 non
2492 1378 2647 1475 pacis
2682 1412 2900 1459 tantum
2934 1404 3186 1474 tempere
3218 1408 3274 1457 et
3302 1398 3524 1471 quando
3548 1414 3641 1452 res

2053 1519 2217 1573 salvae
2253 1527 2402 1581 sunt,
2436 1518 2533 1572 sed
2576 1518 2719 1572 inter
2759 1518 2878 1587 ipsa
2908 1495 3041 1572 belli
3085 1514 3385 1571 certamina
3426 1495 3636 1584 justum

2056 1637 2109 1682 te
2141 1624 2262 1683 esse
2298 1636 2557 1698 oportet;
2592 1628 2865 1698 siquidem
2911 1642 3054 1698 saepe
3085 1622 3185 1696 per
3237 1623 3641 1681 nefas.certata

2056 1738 2230 1812 magis
2255 1741 2419 1796 noxia
2439 1738 2753 1812 suntquam
2782 1757 2905 1812 quae
2935 1741 2989 1796 in
3018 1756 3204 1795 rerum
3238 1730 3641 1809 tranquillitate

2057 1857 2381 1915 obveniunt.
2404 1857 2622 1928 Optime
2645 1860 2828 1913 autem
2858 1873 2923 1913 ac
2947 1857 3067 1913 Sine
3087 1850 3277 1912 labore
3311 1850 3501 1911 isthmc
3526 1870 3642 1909 om-

2062 1969 2151 2023 nia
2176 1969 2379 2035 obibis,
2421 1970 2514 2025 ubi
2548 1970 2668 2025 sine
2717 1960 3020 2024 ambitiOne
3074 1984 3183 2023 non
3216 1962 3389 2023 armis
3419 1966 3643 2037 injustis

2063 2089 2290 2155 pugnas,
2328 2083 2426 2141 sed
2483 2068 2642 2156 prius
2682 2085 2886 2157 injusta
2925 2084 3122 2154 passus
3172 2080 3271 2154 pro
3305 2079 3641 2163 necessitate

2063 2194 2230 2257 rebus
2267 2194 2498 2258 inservis
2529 2212 2586 2258 et
2617 2217 2712 2260 cos
2741 2202 2835 2272 qui
2877 2199 3211 2270 superstites
3247 2200 3379 2254 sun‘t
3423 2195 3597 2251 tueris
3626 2214 3640 2255 :

2064 2318 2159 2373 ubi
2193 2318 2260 2371 ad
2291 2316 2420 2373 lites
2452 2326 2509 2372 et
2553 2308 2783 2372 dissidia
2822 2315 3078 2371 evitanda
3110 2311 3322 2378 verbis,
3374 2310 3487 2366 non
3520 2309 3645 2364 telis

2063 2419 2251 2504 pacem
2269 2433 2551 2489 concilias.
2572 2420 2863 2501 Nunquam
2891 2432 3039 2487 enim
3064 2429 3205 2485 bella
3226 2422 3374 2484 inter
3389 2421 3646 2481 heminas

2062 2546 2131 2601 ad
2165 2538 2597 2601 internecionem
2621 2536 2735 2601 fieri
2758 2542 3179 2610 debuissent,et
3208 2538 3301 2599 ubi
3321 2540 3645 2597 eorumdem

2064 2665 2245 2720 causae
2271 2650 2635 2730 exsistebant,
2664 2678 2944 2734 nunquam
2977 2656 3237 2717 diuturna
3267 2660 3389 2715 ease
3415 2651 3649 2714 decebat

2065 2772 2129 2834 ut
2160 2770 2409 2834 auaritiae
2432 2789 2489 2834 et
2522 2758 2884 2851 malignitatis
2927 2770 3319 2832 inatrumenta.
3358 2763 3462 2840 Qui
3494 2771 3645 2827 enim

2064 2906 2263 2951 natura
2281 2888 2471 2952 eadem
2497 2888 2742 2951 sentiunt
2775 2890 2839 2950 ac
2865 2890 3065 2950 curant
3099 2884 3155 2947 et
3187 2887 3553 2955 meditantur,
3576 2888 3648 2942 ab

2070 3004 2305 3065 ararilia
2333 3011 2494 3080 longe
2525 3010 2725 3065 remoti
2748 3024 2868 3065 esse
2887 3001 3095 3064 debent
3122 2998 3178 3063 et
3208 3005 3277 3061 ad
3307 3014 3371 3079 ea
3400 3003 3650 3074 aspirare

2067 3139 2190 3195 qua
2224 3126 2357 3194 ipsis
2386 3122 2614 3182 minime
2631 3128 2994 3191 conveniunt,
3019 3136 3081 3181 ut
3105 3124 3217 3182 uno
3245 3124 3415 3181 verbo
3439 3124 3644 3189 dicam,

2064 3347 2208 3414 ferre
2239 3348 2537 3414 debebunt;

2132 3590 2185 3664 8.
2223 3610 2488 3678 Quocirca
2537 3611 2582 3666 si
2629 3625 2761 3681 pace
2789 3594 2894 3667 irui
2921 3589 3020 3669 tibi
3062 3606 3119 3667 in
3156 3613 3343 3670 animo
3370 3622 3475 3679 est,
3504 3614 3648 3669 bello

2062 3726 2290 3798 operam
2325 3726 2458 3781 dare
2486 3726 2693 3795 debes;
2726 3727 2808 3810 sic
2837 3728 2986 3782 enim
3020 3728 3123 3784 ista
3154 3728 3263 3784 frui
3310 3730 3519 3786 licebit.
3553 3731 3647 3785 ln-

2067 3841 2307 3898 dolentia
2327 3843 2498 3924 enim,
2524 3851 2583 3898 ut
2601 3843 2791 3898 dicunt
2824 3844 3371 3915 philosophi,parum
3397 3848 3646 3917 prodest,

2062 3956 2168 4009 nisi
2187 3956 2352 4011 simul
2379 3956 2646 4026 operaris.
2669 3955 2726 4011 ld
2743 3964 2893 4013 certe
2918 3969 3157 4023 constat,
3174 3975 3302 4015 eum
3329 3962 3423 4033 qui
3452 3977 3642 4031 pacem

2063 4072 2202 4136 vult,
2224 4071 2426 4128 bellum
2460 4073 2716 4143 amplecti
2744 4074 2974 4139 debere,
3002 4087 3056 4131 et
3080 4077 3225 4146 quod
3253 4077 3302 4133 is
3318 4079 3413 4148 qui
3444 4093 3474 4133 a
3505 4079 3650 4136 beilo

2066 4198 2179 4243 stat
2219 4186 2370 4258 pacis
2395 4188 2620 4244 tandem
2646 4190 2939 4245 commoda
2967 4200 3299 4261 assequetur
3325 4210 3341 4262 ;
3374 4209 3483 4263 quo
3510 4194 3649 4249 nihil

2066 4303 2274 4357 Verius.
2308 4304 2392 4360 Me
2420 4305 2645 4374 quidem
2671 4305 2909 4372 arbitro,
2942 4321 3069 4360 eum
3106 4309 3203 4377 qui
3231 4316 3407 4366 artem
3439 4311 3649 4365 milita-

2066 4426 2182 4465 rem
2217 4412 2382 4467 callet
2421 4422 2478 4467 et
2522 4422 2770 4478 exercet,
2803 4429 2997 4469 omnes
3031 4424 3311 4472 metuunt.
3374 4416 3559 4482 Quare
3600 4419 3646 4474 si

2068 4534 2255 4589 pacem
2281 4528 2515 4589 spectas,
2543 4520 2683 4574 bella
2700 4520 2940 4589 eﬂ‘ugere
2956 4536 3066 4576 non
3096 4524 3336 4591 poteris;
3361 4539 3644 4594 nunquam

2066 4624 2213 4678 enim
2257 4625 2402 4679 illam
2435 4627 2557 4680 sine
2592 4625 2680 4681 his
2711 4627 3246 4695 consequeris;'imo
3290 4629 3362 4684 ob
3409 4631 3646 4701 idipsum

2067 4735 2307 4790 hostium
2347 4707 2638 4789 num’ertmi
2669 4735 2920 4807 augebis,
2951 4745 3009 4790 et
3036 4736 3241 4793 invitus
3278 4754 3427 4794 arma
3458 4755 3650 4811 capes-

2066 4851 2188 4898 sere
2222 4841 2474 4908 debebis,
2503 4844 2547 4899 si
2579 4859 2682 4914 pax
2715 4845 2817 4899 tibi
2846 4846 3002 4903 cordi
3035 4856 3139 4902 est.
3172 4849 3346 4919 Igitur
3376 4851 3422 4905 si
3445 4854 3650 4915 bellum

2067 4953 2312 5022 gerimus
2347 4958 2403 5007 ut
2442 4969 2632 5022 pacem
2680 4955 3019 5024 habeamus;
3058 4959 3104 5012 si
3145 4959 3216 5015 ob
3245 4976 3369 5016 eam
3419 4978 3644 5019 causam

2069 5068 2268 5136 quovis
2302 5077 2585 5124 momento
2616 5084 2768 5124 arma
2798 5086 3090 5141 capessere
3122 5076 3298 5144 parati
3329 5089 3545 5145 sumus,
3578 5080 3653 5134 si-

2066 5178 2291 5246 quidem
2331 5179 2468 5233 nihil
2503 5196 2636 5248 pace
2691 5182 2881 5238 utilius
2906 5193 3011 5251 est,
3043 5185 3252 5240 bellum
3296 5187 3482 5257 potius
3529 5203 3646 5242 am-

2069 5288 2344 5358 plectere;
2382 5290 2459 5344 sic
2486 5291 2633 5344 enim
2670 5292 2764 5347 (iet
2801 5303 2861 5347 ut
2902 5294 3039 5364 pace
3068 5311 3179 5350 non
3223 5296 3514 5352 frustrcris
3540 5311 3648 5353 nec

2068 5400 2257 5455 hostes
2290 5412 2341 5456 te
2372 5403 2540 5458 nimis
2582 5404 2882 5461 lacessant.
2914 5406 3021 5462 Sed
3060 5422 3187 5462 cum
3217 5422 3443 5464 necesse
3476 5408 3551 5464 sit
3585 5415 3653 5467 ut

2068 5509 2113 5562 is
2153 5510 2247 5578 qui
2296 5515 2540 5565 animum
2593 5513 2661 5567 ad
2711 5513 2894 5569 simile
2926 5514 3061 5584 quid
3092 5514 3233 5569 bene
3278 5526 3649 5584 praeparatum

2069 5618 2237 5673 habet
2263 5619 2403 5673 bene
2440 5617 2700 5691 fungendi
2733 5616 2911 5679 ofﬁcio
2942 5634 3115 5679 artem
3149 5624 3309 5691 sciat,
3337 5634 3393 5679 et
3423 5638 3554 5678 eum
3591 5637 3645 5679 te

2068 5724 2389 5779 bellicosum
2419 5741 2540 5779 esse
2569 5726 2735 5780 velim
2769 5738 2826 5781 ut
2861 5743 2995 5797 pace
3030 5728 3256 5795 fruaris,
3300 5740 3359 5787 et
3383 5746 3507 5785 cum
3530 5730 3653 5784 bel-

2069 5842 2271 5893 licosus
2303 5853 2421 5891 esse
2462 5854 2623 5890 nemo
2663 5841 2835 5908 possit
2866 5840 2957 5907 qui
2986 5854 3096 5893 non
3133 5841 3186 5893 in
3216 5857 3498 5893 armorum
3544 5856 3647 5896 usu

3260 5939 3334 5997 15
