4018 6440
503 388 610 450 459

1608 346 1616 351 ’
1714 390 2130 455 'TIIEODULI
2168 394 2520 458 nomen!

3636 406 3726 469 460

505 516 566 559 se
594 500 927 569 exercuerit,
949 500 1003 559 id
1029 500 1126 559 tibi
1143 501 1426 574 praecipio,
1446 508 1506 558 ut
1526 499 1770 559 animum
1793 520 1858 561 ac
1886 519 2041 578 corpt

2147 514 2165 570 ι
2192 509 2292 565 οὐκ
2319 508 2386 564 ἂν
2410 510 2546 576 ὅλως
2579 511 2687 582 εἴη,
2716 511 2793 585 μὴ
2828 512 3105 585 μάχεσθαι
3124 513 3548 595 ςμεμελετηκὼς,
3573 519 3726 594 ἀσκη-

486 616 788 691 ,ειετοὶιίἰε
820 617 1155 674 militaribus
1192 617 1404 693 jugiter
1440 617 1658 689 fatiges,
1701 634 1889 687 ursus,
1917 636 2041 694 apro

2185 605 2306 656 τέυν
2346 600 2412 656 ἂν
2444 604 2529 674 εἴη
2564 620 2646 656 σοι
2688 604 2928 673 μάλιστα
2962 605 3050 659 διὰ
3078 605 3253 660 ταῦτα
3283 607 3383 678 τήν
3411 622 3466 661 τε
3494 607 3658 682 ψυχὴν
3675 614 3728 666 τό

500 728 756 787 venando
785 728 877 784 ubi
895 727 1051 799 copia
1084 729 1273 817 datur,
1291 738 1387 784 aut
1415 743 1544 786 cum
1571 729 1705 787 viris
1731 729 1875 788 bello
1892 746 2084 789 assue-

478 840 571 897 tis
606 856 801 900 manus
832 841 1198 898 conserendo.
1232 841 1341 898 Sed
1365 843 1613 899 animum
1643 858 1869 916 quoque
1897 859 2074 918 gene-

470 967 686 1010 .rosum
725 968 792 1010 ac
821 953 1069 1010 nobilem
1103 955 1322 1012 creabis
1349 965 1407 1013 et
1436 970 1632 1029 magna
1673 956 2000 1029 spirantem,
2029 959 2076 1014 si

491 1084 616 1124 eum
645 1069 893 1139 quotidia
924 1070 995 1125 ad
1035 1071 1387 1143 antiquorum
1436 1074 1752 1144 exemplum
1790 1072 2073 1141 eﬂ’ormas,

470 1185 584 1256 .qui
615 1186 1067 1256 magnanimitate
1111 1195 1169 1243 et
1207 1187 1471 1258 praeclare
1500 1188 1658 1244 factis
1689 1188 2074 1257 eminuerunt,

486 1300 600 1357 etsi
633 1300 1001 1359 concionibus
1029 1285 1304 1361 interesse
1322 1320 1494 1372 amas,
1524 1304 1620 1360 ubi
1645 1306 1805 1377 iustae
1827 1306 2070 1377 ipsorum

484 1415 681 1472 laudes
738 1414 1114 1474 celebrantur.
1170 1418 1546 1477 Alexandrum
1596 1419 1835 1492 Philippi
1894 1420 2070 1477 tilium

456 1541 765 1587 memento
792 1528 1090 1588 iiomerum
1137 1534 1376 1591 cubiculi
1423 1544 1736 1591 consortem
1782 1535 2065 1593 habuisse.

483 1650 597 1708 Hac
617 1651 827 1707 ratione
844 1650 1041 1723 hisque
1063 1651 1277 1709 artibus
1298 1650 1443 1707 circa
1458 1652 1648 1708 omnia
1672 1650 1811 1708 bene
1832 1651 2065 1720 valebis,

464 1765 561 1820 rei
588 1765 841 1823 militaris
863 1767 1109 1839 apprime
1131 1782 1335 1838 gnarus
1362 1781 1465 1824 nec
1487 1766 1673 1825 minus
1700 1767 1880 1824 bonus
1906 1766 2066 1824 miles

2183 712 2241 749 τε
2275 695 2461 765 σῶμα,
2496 695 2558 748 τὸ
2612 695 2713 765 μὲν
2744 697 2997 767 συνεχέσι
3060 699 3244 763 πόνοις
3292 700 3388 752 καὶ
3437 706 3727 769 γυμνασίοις

2183 785 2527 857 πολεμικοῖς,
2576 785 2672 841 νῦν
2732 788 2832 858 μὲν
2891 788 2986 842 ἐπὶ
3032 789 3207 859 θήρας
3241 789 3432 857 έξίοντι
3463 793 3558 845 «καὶ
3608 810 3732 861 συμ-

2180 878 2389 942 πλοκὰς
2426 876 2646 950 ἄρκτων
2681 897 2741 933 τε
2786 881 2881 936 καὶ
2928 880 3073 935 συῶν
3094 885 3199 938 καὶ
3229 876 3306 937 ὧν
3338 883 3542 949 ἔξεστι·
3569 886 3656 939 νῦν
3681 886 3732 939 δὲ

2183 971 2306 1043 μετ’
2338 969 2551 1041 ἀνδρῶν
2576 970 2636 1024 εὖ
2660 970 2880 1031 εἰδότων
2913 970 3117 1046 μάχης,
3165 974 3261 1029 καὶ
3287 976 3556 1041 τοιούτους
3578 978 3636 1049 δή
3661 996 3732 1032 τι-

2179 1079 2277 1127 νας
2315 1062 2565 1127 καὶτοὺς
2587 1063 2782 1128 ἄλλους
2821 1059 2881 1119 εῦ
2917 1067 3066 1136 μάλα
3096 1069 3273 1121 ποιεῖν
3310 1068 3628 1140 δυναμένων,
3668 1073 3728 1125 τὰ

2177 1155 2413 1209 τακτικὰ
2463 1155 2760 1225 μελετῶντι
2786 1174 2802 1187 ’
2836 1157 2973 1210 ἀλλὰ
3011 1159 3112 1229 μὲν
3158 1158 3253 1213 καὶ
3285 1160 3398 1231 τὴν
3439 1161 3607 1233 ψυχὴν
3636 1167 3731 1232 μὰο

2135 1252 2142 1259 ’
2175 1245 2313 1301 λιστ’
2341 1249 2407 1303 ἂν
2430 1249 2691 1317 ἐργάσαιο
2716 1249 2887 1320 καλὴν
2914 1252 3008 1304 καὶ
3029 1253 3307 1320 γενναίαν,
3336 1256 3429 1307 καὶ
3453 1255 3591 1309 τοῦτ’
3613 1257 3732 1311 αὐτὸ

2178 1339 2342 1411 μένος
2374 1340 2671 1394 πνείουσαν
2698 1345 2792 1395 καὶ
2824 1343 2962 1407 ὅλως
2992 1345 3262 1415 ἡρωϊκὴν,
3295 1346 3390 1400 ἐὰν
3422 1346 3514 1410 οὓς
3544 1348 3626 1401 ἐπ’
3648 1349 3732 1401 εὖ·

2170 1429 2343 1503 ψυχίᾳ
2374 1432 2467 1489 καὶ
2500 1431 2684 1502 ἔργοις
2724 1433 2971 1498 ἀρίστοις
3005 1452 3065 1488 τε
3098 1437 3194 1491 καὶ
3230 1430 3731 1515 μεγίστοιςθαυμά-

2171 1520 2287 1586 ζειν
2347 1522 2545 1594 ἔχομεν
2603 1525 2713 1578 τῶν
2769 1527 3034 1597 ἀρχαίων,
3095 1529 3231 1598 πρὸς
3280 1530 3504 1592 τούτους
3554 1531 3733 1585 σαυτὸν

2169 1613 2482 1687 ἀπευθύνῃς
2511 1616 2576 1687 τῇ
2607 1616 2933 1689 καθημέραν
2963 1619 3188 1693 μελέτῃ,
3226 1623 3320 1674 καὶ
3350 1622 3429 1694 τῷ
3458 1624 3579 1686 ’τοῖς
3606 1623 3733 1692 ὑπὲρ

2168 1705 2347 1761 αὐτῶν
2388 1708 2572 1777 λόγοις
2622 1708 2796 1781 ἡδέως
2829 1712 3070 1766 συνεῖναί
3120 1730 3179 1766 τε
3212 1713 3306 1767 καὶ
3352 1715 3518 1784 συζῇν
3542 1731 3557 1747 ο
3599 1713 3734 1767 Ἀλέ-

2169 1792 2390 1868 ξανδρον
2415 1786 2847 1866 γοῦνΦιλίππου
2869 1804 2965 1855 καὶ¹
2996 1804 3395 1870 συγκαθεύδειν
3425 1808 3532 1871 τοῖς
3557 1805 3732 1859 ἔπεσιν

430 1920 435 1925 .
477 1895 640 1949 quam
670 1881 707 1939 ii
729 1880 823 1952 qui
849 1882 905 1937 in
928 1883 1124 1939 castris
1150 1894 1474 1940 senuerunt.
1501 1883 1606 1943 Sed
1641 1901 1751 1941 non
1777 1884 1830 1941 in
1856 1886 2041 1957 pugni:

2174 1886 2422 1959 Ὀμήρου
2457 1892 2644 1963 φασίν.
2700 1893 2860 1948 Οὕτω
2898 1896 3007 1967 γὰρ
3035 1897 3102 1951 ἂν
3127 1898 3216 1951 διὰ
3255 1899 3477 1953 πάντων
3513 1901 3724 1960 τούτων,

475 1998 657 2056 solum
700 1998 1076 2066 terrestribus,
1121 1999 1215 2055 sed
1251 1999 1542 2055 navalibus
1593 2016 1814 2072 quoque
1841 2013 1959 2061 arte
1991 2019 2059 2062 ac

458 2112 699 2168 solertia
733 2112 1068 2184 praestabis;
1117 2114 1324 2185 quibus
1383 2118 1647 2174 omnibus
1687 2120 1858 2175 animi
1903 2119 2058 2192 vigor

470 2230 676 2291 mirum
711 2232 765 2285 in
788 2229 1015 2287 modum
1045 2242 1295 2302 augetur.
1325 2232 1462 2288 Nam
1494 2235 1541 2291 si
1577 2244 1737 2291 terra:
1760 2235 2056 2293 continen-

440 2345 544 2403 .,tis
563 2344 762 2412 solius,
794 2353 892 2403 aut
913 2347 1086 2407 solius
1103 2349 1271 2407 maris
1296 2364 1532 2419 regnum
1559 2360 1798 2414 teneres,
1823 2350 2054 2404 alterius

439 2460 766 2532 .utriusque
785 2468 999 2522 tantum
1025 2477 1218 2518 curam
1244 2462 1509 2531 haberes;
1531 2462 1627 2519 sed
1640 2463 1735 2519 ubi
1758 2463 1812 2519 in
1841 2473 2053 2520 utrum-

444 2587 583 2644 -que
616 2572 943 2640 dominaris,
975 2574 1027 2629 id
1059 2576 1160 2630 tibi
1192 2560 1504 2632 faciendum
1527 2577 1637 2632 erit
1670 2589 1728 2633 ut
1761 2579 2049 2651 utriusque

438 2686 779 2747 .ntoderator
828 2704 951 2745 esse
1003 2684 1440 2749 videarisXNam
1482 2693 1529 2748 si
1581 2709 1753 2749 unum
1798 2695 2049 2753 curando

461 2805 694 2862 alterum
722 2782 977 2885 negligis,
1009 2808 1228 2863 medico
1254 2808 1453 2866 similis
1495 2825 1557 2866 es
1610 2811 1779 2868 unius
1804 2821 2047 2868 tantum-

440 2921 626 2983 ,modo
661 2923 920 2997 corporis
940 2902 1144 2979 curam
1168 2922 1408 2996 gerenti.
1441 2924 1558 2981 lmo
1580 2938 1731 2989 eum,
1765 2940 1931 2995 quem
1953 2923 2044 2980 ni-

461 3037 541 3093 hil
573 3052 757 3103 curas,
782 3037 1207 3121 subigere'velle
1229 3039 1545 3107 videberis;
1576 3048 1631 3095 at
1658 3049 1716 3095 tu
1745 3047 2045 3112 utrumque

458 3151 567 3209 sub
600 3161 655 3207 te
688 3152 899 3213 habere
934 3151 1137 3209 tendis.
1166 3152 1442 3224 Equidem
1477 3161 1529 3210 te
1553 3153 1858 3212 absurdum
1887 3155 2043 3212 dice-

2167 1979 2302 2046 ὀμοῦ
2345 1981 2444 2049 μὲν
2496 1983 2811 2054 ἐρρωμένος
2848 1987 2968 2054 εἴης
3020 1989 3117 2042 καὶ.
3158 1992 3272 2047 τοῖς
3318 1991 3460 2054 ὅλοις
3490 1990 3547 2044 ei:
3582 1991 3727 2064 ἔχων,

2165 2069 2301 2140 ὁμοῦ
2335 2071 2390 2125 δὲ
2423 2073 2516 2127 καὶ
2565 2074 2673 2127 τῶν
2718 2075 3035 2145 πολεμικῶν
3085 2078 3273 2148 ἄκρως
3326 2081 3595 2153 τεχνίτης,
3643 2085 3727 2133 καὶ

2166 2162 2335 2232 μηδὲν
2366 2164 2590 2220 ἔλαττον
2634 2169 2774 2239 ἔχων
2805 2170 2914 2224 τῶν
2953 2172 3355 2243 γεγηρακότων
3408 2177 3467 2229 έν
3499 2176 3689 2248 μάχαις
3712 2189 3725 2205 ·

2166 2256 2507 2323 στρατόπεδα
2548 2257 2604 2310 δὲ
2638 2261 2734 2313 καὶ
2777 2261 2922 2316 κατᾶ
2956 2263 3229 2318 θάλατταν
3257 2267 3490 2321 πλεῖστα
3531 2268 3628 2337 μέν
3653 2284 3728 2320 σοι

2162 2346 2257 2401 καὶ
2311 2347 2582 2404 κάλλιστα
2613 2351 2771 2419 ἔστω,
2832 2356 2927 2409 καὶ
2978 2356 3287 2429 πολεμικῆς
3320 2359 3401 2424 ὡς
3455 2360 3623 2413 εἰπεῖν
3672 2358 3725 2411 εὖ

2158 2438 2364 2510 ἥκοντα
2393 2441 2589 2513 τέχνης
2638 2444 2728 2503 καὶ
2761 2447 2959 2519 πείρας
2984 2462 3001 2483 ⁸
3046 2449 3106 2501 ὲν
3139 2449 3315 2521 τούτῳ
3339 2451 3451 2522 γάρ
3488 2451 3604 2504 ἔστι
3635 2452 3727 2505 καὶ

2158 2532 2217 2586 τὺ
2252 2533 2388 2606 πρὸς
2442 2535 2709 2608 εὐψυχίαν
2751 2538 2828 2603 ὡς
2877 2542 3112 2612 μάλιστα
3162 2542 3586 2599 διακεῖσθαινΕί
3637 2543 3726 2614 μὲν

2156 2626 2264 2696 γὰρ
2296 2628 2464 2697 μόνης
2493 2630 2595 2700 γῆς
2622 2632 2654 2699 ἦ
2698 2631 2973 2706 θαλάττης
2998 2630 3189 2710 ἦρχες,
3224 2638 3402 2708 μόνης
3430 2638 3496 2692 ἂν
3533 2637 3726 2707 ταύτης

2155 2719 2473 2791 ἐφρόντιζες
2499 2738 2512 2752 ·
2533 2723 2717 2795 ἄρχων
2745 2725 2802 2778 δὲ
2828 2727 3127 2798 ἑκατέρων,
3158 2730 3370 2796 δίκαιος
3404 2733 3470 2787 ἂν
3497 2734 3630 2803 εἴης,
3657 2732 3724 2793 ὥς

2154 2812 2220 2864 ἂν
2255 2813 2349 2866 καὶ
2380 2814 2572 2884 ἄρχειν
2602 2814 2888 2889 ἑκατέρων
2913 2818 3105 2891 δοκῇς.
3134 2822 3196 2875 Ei
3230 2820 3285 2877 δὲ
3314 2824 3414 2877 τοῦ
3444 2824 3543 2890 μὲν
3572 2840 3724 2892 φρον-

2152 2904 2344 2969 τίζεις,
2392 2904 2487 2959 τοῦ
2540 2906 2599 2962 δὲ
2653 2911 2750 2978 μὴ,
2791 2911 2985 2983 πρῶτα
3035 2912 3155 2982 μὲν,
3184 2907 3237 2968 ὦ
3281 2914 3529 2987 βασιλεῦ,
3555 2916 3723 2976 ἔοικας

2156 2996 2325 3066 ίατρῷ
2354 2998 2473 3062 ένός
2513 3014 2661 3065 τινος
2696 3001 2973 3073 σώματος,
3000 3006 3062 3060 τὸ
3094 3004 3195 3076 μὲν
3233 3008 3389 3073 ὅπως
3433 3010 3563 3064 αὐτὸ
3605 3009 3724 3062 κάλ-

2150 3086 2306 3142 λιστα
2353 3088 2466 3159 ἔξει
2500 3093 2683 3148 πάντα
2727 3094 2993 3160 ποιοῦντι,
3043 3099 3275 3170 θατέρου
3331 3100 3398 3157 δὲ
3429 3101 3723 3175 μηδοντινο-

2152 3179 2279 3232 σοῦν
2306 3186 2636 3254 τοπαράπαν
2688 3184 2867 3255 ἔχοντι
2920 3187 3112 3256 λόγον’
3159 3190 3359 3244 ἔπειτα.
3412 3194 3505 3246 καὶ
3542 3191 3721 3258 δόξεις,

460 3278 575 3318 rem
607 3262 675 3330 si,
713 3273 774 3319 ut
801 3266 1067 3323 utriusvis
1094 3264 1354 3325 dominus
1377 3267 1498 3336 ﬁas,
1529 3266 1626 3341 qui
1651 3283 1800 3324 nunc
1820 3268 2041 3340 quidem

2323 3233 2328 3234 ν
2420 3233 2431 3235 ἡ
2455 3233 2626 3254 ,ηρ-τη
2690 3233 2803 3255 ην.
2826 3233 2866 3240 --
2922 3233 3075 3256 --ην-
3159 3233 3359 3244 wn..-
3413 3233 3505 3246 η..-
3543 3233 3721 3258 νυν-υτ,

2147 3270 2208 3324 οῦ
2245 3271 2347 3343 μὲν
2369 3277 2701 3345 φροντίζεις,
2728 3277 2920 3334 τούτου
2950 3283 3045 3337 καὶ
3074 3280 3266 3355 ἄρχειν
3297 3284 3512 3339 ἐθέλειν
3535 3301 3549 3317 ⁸
3588 3278 3645 3338 οὗ
3670 3285 3722 3338 δὲ

436 3374 707 3435 ,nondum
761 3390 844 3444 es,
904 3392 1185 3435 summum
1248 3380 1544 3438 adhiberes
1586 3382 1855 3449 studmm,
1885 3391 1942 3438 et
1996 3382 2041 3438 si

2150 3363 2247 3435 μὴ,
2279 3365 2471 3421 τούτου
2527 3368 2655 3440 μηδ’
2682 3368 2911 3444 ἄρχειν·
2959 3372 3023 3426 σὺ
3059 3372 3116 3427 δὲ
3164 3375 3507 3448 ἀμφοτέρων
3547 3376 3722 3447 ἄρχειν

2147 3457 2355 3523 ἐθέλεις
2378 3475 2395 3491 ο
2433 3459 2639 3516 ἄτοπον
2676 3463 2733 3515 δέ
2784 3480 2880 3526 μοι
2910 3463 3058 3519 δοκεῖ
3088 3467 3186 3520 καὶ
3224 3467 3466 3538 ἀλογίας
3515 3468 3720 3540 μεστὸν.

455 3472 749 3543 amborum
793 3488 1050 3548 dominus
1078 3506 1160 3561 es,
1200 3496 1367 3549 unius
1390 3503 1605 3551 tantum
1641 3510 1832 3553 curam
1875 3510 2041 3568 gere-

455 3614 547 3629 non
611 3601 736 3629 dum
784 3601 973 3629 Α...Ιισ.ρ
1023 3604 1210 3629 ,ΑΔ-..-
1257 3604 1533 3629 Δειε---.ε-
1587 3609 1840 3629 -..,-ΙΑ-.Ξ
1884 3618 2035 3629 anu..-

2147 3472 2355 3523 ευεΑεις
2378 3475 2395 3491 ο
2433 3472 2639 3516 ατοπον
2676 3472 2733 3515 δε
2784 3480 2880 3526 μοι
2910 3472 3058 3519 δοκεῖ
3088 3472 3186 3520 καὶ
3224 3472 3466 3538 ἀλογίας
3515 3472 3720 3540 μεστὸν.

2147 3547 2379 3619 θατέρου
2414 3550 2515 3622 μὲν
2549 3551 2711 3625 εἴπερ
2761 3554 2861 3609 οὐκ
2904 3551 3054 3624 ἦσθα
3098 3556 3312 3629 κύριος,
3364 3564 3544 3616 πᾶσαν
3592 3559 3723 3629 ῠπὶρ

436 3614 569 3665 .res,
610 3601 737 3661 dum
783 3601 973 3660 ambos
1019 3604 1211 3663 eadem
1253 3604 1538 3683 diligentia
1584 3609 1842 3682 amplecti
1883 3618 2039 3669 tuum

451 3724 556 3775 est.

454 4054 461 4055 ί
522 4063 588 4125 9.
633 4062 848 4120 Idcirco
898 4065 1183 4137 copiarum
1222 4075 1278 4122 et
1306 4064 1644 4135 pedestrium
1672 4074 1731 4121 et
1753 4065 2032 4124 navalium

449 4188 662 4230 summa
694 4174 836 4230 ratio
854 4186 940 4232 est
970 4175 1221 4233 habenda
1254 4186 1311 4231 et
1329 4176 1384 4231 id
1414 4176 1711 4248 agendum,
1739 4187 1802 4235 ut
1828 4188 2031 4236 nostra

448 4280 674 4350 quidem
691 4294 820 4335 cum
844 4281 1057 4338 viribus
1084 4281 1296 4337 nostris
1316 4290 1376 4336 et
1390 4282 1659 4352 dignitate
1686 4294 1777 4340 tua
1795 4301 2032 4344 concor-

432 4392 601 4459 ‘dent,
632 4389 706 4445 ita
744 4399 925 4446 tamen
961 4398 1023 4450 ut
1049 4396 1365 4446 exterarum
1420 4400 1477 4447 et
1514 4394 1906 4454 eontinentise
1942 4408 2029 4454 re-

443 4498 607 4565 gione
638 4497 785 4552 ratio
829 4497 978 4553 nulla
1008 4498 1302 4566 habeatur,
1337 4500 1502 4571 idque
1527 4516 1638 4559 non
1664 4505 1843 4561 solum
1890 4507 2023 4578 quia

441 4606 720 4663 exercitus
766 4620 863 4663 res
888 4605 1271 4678 pulcherrima
1314 4618 1374 4665 et
1403 4611 1723 4709 utilissima,
1775 4625 1836 4672 ut
1864 4616 2020 4674 brevi

438 4716 643 4780 dicunt,
677 4718 884 4786 optima
926 4732 1054 4773 cum
1085 4719 1162 4774 sit
1191 4733 1461 4777 summam
1501 4738 1692 4780 curam
1733 4727 1906 4798 exigit
1939 4737 2019 4784 ut-

437 4834 565 4896 pote
585 4826 681 4896 qui
720 4824 1059 4884 nostratibus
1092 4843 1159 4886 ac
1188 4829 1256 4886 iis
1281 4833 1376 4902 qui
1403 4832 1572 4891 rebus
1601 4837 1811 4895 nostris
1829 4839 2021 4897 favent

430 4936 732 5004 consistit;
765 4936 861 4994 sed
895 4938 1063 4995 etiam
1093 4940 1242 5013 quod
1265 4943 1403 5000 socii
1432 4960 1499 5002 ac
1528 4950 1855 5006 mercenarii
1879 4967 2023 5023 quos

434 5045 496 5101 in
528 5044 848 5101 exercitum
893 5055 1143 5104 nostrum
1179 5050 1500 5122 recipimus,
1518 5055 1648 5126 quia
1690 5055 2021 5117 fortitudine

430 5157 641 5227 pollere
661 5157 935 5228 videntur,
963 5177 1071 5217 non
1104 5164 1298 5235 utique
1324 5172 1455 5221 sunt
1483 5168 1577 5237 qui
1597 5184 1721 5227 esse
1740 5171 2020 5242 videntur,

421 5271 641 5324 nedum
666 5271 803 5325 satis
838 5270 997 5327 bona
1027 5272 1153 5330 ﬁdei
1190 5287 1323 5333 sunt
1350 5293 1479 5350 erga
1512 5295 1635 5347 nos,
1683 5293 1746 5340 ut
1766 5282 2007 5341 fortuna:

430 5387 634 5434 nostrae
653 5378 868 5434 sincere
890 5382 1185 5455 participes
1202 5401 1323 5442 esse
1352 5388 1544 5457 velint,
1581 5390 1719 5460 imo,
1753 5396 2009 5464 quamvis

430 5504 524 5546 res
557 5500 775 5547 nostras
801 5494 1088 5567 adjuturos
1114 5514 1236 5557 sese
1273 5502 1643 5574 polliceantur
1676 5505 1844 5578 idque
1889 5525 2014 5580 gra-

427 5598 670 5657 vissimis
692 5604 960 5664 afﬁrmare
982 5610 1276 5669 videantur
1308 5615 1663 5685 iuramentis,
1689 5620 1866 5677 nihilo
1895 5637 2014 5678 ma-

426 5708 509 5780 gis
555 5711 619 5768 iis
671 5717 1055 5778 conﬁdendum
1111 5725 1241 5781 erit.
1301 5724 1440 5782 Cum
1490 5731 1639 5786 enim
1695 5730 1837 5789 nihil
1896 5738 2003 5793 nisi

424 5823 704 5891 proprium
769 5832 1121 5890 commodum
1156 5834 1228 5891 ob
1256 5836 1447 5895 oculos
1485 5839 1712 5913 habent,
1763 5846 2006 5918 quandiu

2102 3708 2107 3711 1
2142 3639 2237 3693 τοῦ
2265 3644 2517 3709 γενέσθαι
2582 3645 2772 3716 κύριον
2825 3648 3034 3704 οῐεσθαι
3073 3650 3187 3706 δεῖν
3231 3653 3521 3724 είσςρέρειν
3567 3671 3723 3709 σπου-

2140 3732 2262 3804 δὴν,
2288 3734 2532 3807 ἄρχοντα
2559 3737 2616 3791 δὲ
2646 3739 2996 3811 ἀμφοτέρων,
3028 3744 3260 3814 θατέρου
3314 3748 3482 3816 μόνον
3516 3747 3607 3802 καὶ
3643 3746 3713 3817 μὴ

2142 3823 2474 3898 ἀμφοτέρων
2507 3828 2754 3885 τίθεσθαι
2799 3831 2982 3903 λόγον,
3026 3837 3121 3889 καὶ
3148 3837 3248 3908 τὴν
3277 3842 3414 3913 περὶ
3444 3839 3553 3894 τῶν
3589 3822 3715 3893 ὅλων

2141 3915 2334 3987 σκέψιν
2368 3919 2427 3972 ὲν
2470 3919 2650 3992 τούτῳ
2700 3923 2849 3996 μόνῳ
2886 3925 3150 3996 χωλεύειν
3182 3929 3300 4003 έᾷν,
3359 3934 3454 3988 καὶ
3502 3932 3570 3986 τὰ
3618 3930 3710 4000 τῆς

2139 4004 2401 4078 προνοίας
2428 4010 2490 4078 ἐξ
2522 4013 2782 4085 ἡμισείας
2815 4017 2994 4073 δοκεῖν
3024 4019 3333 4091 γίγνεσθαι.

2209 4098 2273 4155 θ’.
2320 4102 2559 4176 ’Δνάγκη
2584 4107 2765 4161 τοίνυν
2788 4110 2881 4166 καὶ
2916 4110 3086 4185 πεζῆς
3113 4114 3208 4170 καὶ
3243 4120 3514 4190 ναυτικῆς
3553 4116 3704 4173 δυνά-

2141 4206 2293 4261 μεως
2325 4193 2506 4250 πάντα
2547 4199 2823 4254 ποιεῖσθαι
2884 4200 3042 4272 λόγον
3063 4219 3081 4236 ο
3115 4205 3331 4272 οίκείας
3366 4212 3555 4280 μέντοι
3586 4209 3709 4263 ταύ-

2131 4300 2232 4349 της
2257 4283 2352 4339 καὶ
2381 4286 2478 4341 τοῦ
2520 4289 2647 4343 καθ’
2671 4292 2822 4363 ἡμᾶς
2854 4295 3183 4365 καταλόγου,
3220 4300 3319 4353 καὶ
3354 4302 3493 4366 ὅλως
3517 4300 3595 4373 τῷ
3631 4301 3704 4370 σῷ

2129 4374 2325 4446 κράτει
2366 4380 2607 4448 μάλιστα
2644 4386 3035 4459 προσηκούσης
3060 4406 3074 4420 ·
3101 4389 3324 4462 ξενικῆς
3353 4393 3413 4448 δὲ
3460 4395 3702 4465 οῦδηστι·

2129 4466 2323 4523 νοσοῦν
2348 4469 2461 4525 οὐδ’
2484 4473 2550 4527 ἐκ
2579 4475 2680 4546 τῆς
2709 4479 3011 4550 ἀντιπέρας
3038 4481 3273 4557 ἠπείρου
3298 4501 3314 4516 ο
3343 4488 3405 4541 οὐ
3436 4489 3597 4560 μόνον
3624 4487 3702 4542 ὅτι

2057 4577 2101 4635 ο
2131 4560 2190 4613 τὸ
2219 4562 2318 4632 τῆς
2355 4568 2617 4637 στρατιᾶς
2643 4569 2912 4639 δήπουθεν
2947 4574 3144 4647 χρῆμα
3174 4578 3469 4638 κάλλιστον
3502 4584 3592 4636 καὶ
3620 4583 3706 4634 λυ-

2130 4654 2508 4744 σιτελέστατον
2530 4661 2622 4716 καὶ
2652 4666 3003 4735 κοινωφελὲς,
3029 4670 3078 4722 εί
3098 4669 3180 4723 δεῖ
3199 4673 3373 4742 φάναι
3406 4676 3700 4744 συντόμως.

2126 4743 2184 4800 ὃν
2213 4748 2347 4817 ἡμῖν
2375 4750 2601 4819 ἀγαθὸν,
2632 4754 2897 4827 μεγίστης
2938 4757 3020 4811 δτι
3055 4759 3293 4826 μάλιστα
3325 4763 3543 4831 καὶτῆς
3572 4743 3703 4834 παρ’

2125 4838 2282 4908 ήμῶν
2307 4840 2482 4895 δεῖται
2512 4846 2791 4915 προνοίας,
2825 4848 2901 4913 ὡς
2931 4849 2990 4916 ἐξ
3013 4853 3303 4925 ἡμετέρων
3330 4873 3392 4909 τε
3426 4857 3524 4910 καὶ
3548 4857 3705 4923 συνή-

2126 4930 2235 4983 θων
2261 4932 2358 4985 καὶ
2381 4933 2513 4989 οἴων
2535 4935 2679 5008 ὑπὲρ
2698 4939 2808 4992 τῶν
2838 4943 2971 5012 ἡμῖν
2999 4947 3394 5017 συμφερόντων
3421 4948 3546 5003 ὅσαι
3569 4941 3701 5015 ὧραι

2125 5022 2438 5090 φροντίζειν
2471 5029 2705 5101 ταυτηνὶ
2735 5031 3097 5103 καθεστάναι,
3131 5037 3251 5091 ἀλλ’
3291 5040 3379 5093 ὅτι
3413 5040 3508 5095 καὶ
3529 5038 3622 5102 οὓς
3643 5039 3697 5090 έν

2124 5113 2236 5177 τοῖς
2269 5116 2567 5188 ἡμετέροις
2598 5125 2982 5194 στρατεύμασι
3025 5130 3482 5202 προσλαμϐάνειν
3511 5131 3701 5185 εἰώθα-

2126 5221 2225 5275 μεν
2253 5206 2438 5273 ξένους
2470 5210 2563 5264 ὲπὶ
2593 5213 2671 5286 τῷ
2697 5215 2871 5285 μείζω
2898 5218 3078 5275 δοκεῖν
3103 5222 3249 5293 ἔχειν
3280 5226 3536 5296 δύναμιν,
3561 5221 3697 5279 οὗτοι

2125 5297 2325 5362 πάντες
2354 5301 2451 5373 οὐχ
2480 5302 2509 5357 δ
2539 5305 2787 5374 λέγονται
2822 5310 3158 5383 δείκνυνται,
3199 5317 3323 5371 οὐδὲ
3368 5321 3481 5382 τοίς
3514 5316 3700 5386 ἑλομέ-

2122 5404 2232 5453 νοις
2272 5392 2537 5461 ἀσφαλεῖς
2571 5399 2711 5451 εἰσιν
2750 5400 2915 5467 εὖνοι,
2950 5405 3026 5471 ὡς
3056 5408 3287 5465 καὶτῶν
3345 5410 3435 5478 ἐφ’
3464 5409 3696 5478 ἑκάτερα

2122 5485 2437 5552 μεταῦολῶν
2469 5496 2749 5547 κοινωνεῖν
2779 5495 2992 5563 τούτοις
3024 5500 3255 5565 ἐθέλειν,
3282 5501 3423 5557 ἀλλὰ
3454 5500 3558 5557 κᾶν
3593 5520 3694 5573 μυ·

2120 5574 2303 5642 ριάκις
2334 5579 2402 5632 τά
2448 5579 2501 5648 γ’
2529 5581 2781 5654 ἡμέτερα
2834 5587 2979 5655 φῶσι
3019 5592 3368 5660 πρεσϐεύειν,
3423 5596 3529 5648 κᾶν
3584 5590 3692 5652 τοῖς

2119 5667 2585 5734 φρικωδεστάτοις
2616 5674 2723 5727 τῶν
2744 5677 2923 5747 ὅρκων
2943 5681 3280 5751 χρήσωνται,
3308 5682 3466 5737 οὐδὲν
3496 5682 3691 5755 μᾶζιιλον

2116 5757 2228 5810 ἔστ’
2246 5759 2429 5825 αὐτοῖς
2461 5769 2817 5836 προσεκτέον,
2847 5772 3028 5826 πάντα
3056 5774 3258 5844 μᾶλλον
3283 5770 3487 5845 οὖσινῆ
3517 5772 3688 5826 τοῦτο.

2122 5852 2261 5921 Πρθρς
2318 5853 2427 5926 γὰρ
2474 5857 2531 5908 τὸ
2587 5861 2770 5928 σφίσιν
2822 5864 3009 5930 αύτςῖς
3059 5865 3376 5924 λυσιτελοῦν
3437 5860 3689 5930 καθάπαξ
