4018 6412
294 416 394 500 ιιι

1385 422 1671 502 ORATIO
1711 426 1808 502 DE
1855 423 2089 501 necis
2129 431 2480 502 OFFICIIS.

3465 422 3572 502 462

297 548 657 615 σκοποῦντες,
713 547 818 613 ἕως
861 531 959 620 μὲν
993 548 1060 602 ἂν
1103 549 1252 620 ἡμᾶς
1295 549 1356 602 εῦ
1413 552 1754 622 πράττοντας
1785 551 1880 605 καὶ

1990 565 2072 606 res
2095 558 2312 605 nostras
2333 549 2535 615 salvas,
2556 550 2767 618 nosque
2793 545 2946 618 ipsos
2969 547 3226 606 hostibus
3254 547 3575 618 superiores

294 645 402 700 τῶν
433 643 713 714 πολεμίων
745 643 1032 714 κρείττους
1076 646 1272 713 ὁρῶσι,
1293 646 1393 716 τήν
1423 647 1757 716 γιγνομένην
1785 647 1882 698 καὶ

293 735 441 791 οῦτοι
479 731 919 798 σώζουσιτάξιν.
969 733 1139 787 Ἐπὰν
1173 735 1231 788 δέ
1266 752 1399 789 ποτε
1429 735 1572 808 τύχῃ
1603 736 1708 788 τινὶ
1741 752 1880 804 σιρα-

296 829 499 899 λῶμεν,
532 827 629 880 καὶ
680 828 950 881 τάκείνων
994 827 1269 901 ὑπέρσχῃ,
1301 827 1465 892 εὐθὺς
1507 828 1698 896 ὥσπερ
1755 829 1882 882 τινὰ

298 919 668 991 κρουσάμενοι
727 919 1012 990 πρύμναν,
1071 919 1469 989 αὐτομολοῦσιν
1525 922 1731 986 ἐκεῖσε,
1786 922 1883 975 καὶ

301 1017 436 1087 πρὸς
468 1015 564 1078 οὓς
625 1015 746 1085 μεθ’
801 1015 962 1086 ἡμῶν
995 1015 1426 1086 παρετάττοντο,
1479 1017 1620 1086 μετὰ
1675 1017 1883 1072 τούτων

301 1113 431 1181 ἡμῖν
465 1111 706 1176 ἐπίασιν,
759 1107 898 1179 ὁμοῦ
934 1109 1034 1180 μὲν
1083 1109 1462 1182 θρασυτέρους
1510 1110 1758 1174 ἐκείνους
1797 1113 1884 1166 ἑνο

303 1200 490 1254 τεῦθεν
540 1200 1062 1271 παρασκευάζοντες
1117 1201 1244 1255 καθ’
1283 1202 1466 1272 ήμῶν,
1513 1204 1651 1272 ὁμοῦ
1700 1203 1758 1257 δὲ
1788 1205 1884 1257 καὶ

302 1295 409 1356 τοῖς
438 1295 735 1364 ἡμετέροις
761 1293 968 1347 δειλίαν
1008 1295 1244 1358 ἐνιέντες
1280 1296 1378 1348 καὶ
1425 1295 1616 1364 φόϐον,
1669 1297 1764 1351 καὶ
1798 1297 1885 1351 ἵνα

305 1385 380 1455 μὴ
406 1385 566 1452 λέγω,
601 1385 870 1449 πολλάκις
898 1386 999 1439 καὶ
1043 1386 1290 1440 κίνδυνον
1311 1403 1327 1419 ·
1359 1373 1602 1456 ἐπίδοξοί
1623 1407 1766 1454 τινες
1797 1390 1885 1444 ὅν·

301 1493 394 1538 τες
425 1477 524 1528 οὐκ
570 1475 824 1545 ὀλιγάκις
860 1477 927 1531 ἂν
958 1477 1110 1530 ταῦτ’
1140 1479 1438 1551 εἰργάσθαι
1479 1483 1621 1536 κατὰ
1654 1483 1714 1536 τὺ
1743 1483 1885 1553 ξυμ-

301 1567 488 1620 ϐαῖνον
535 1567 636 1638 τῆς
687 1567 859 1638 τύχης
889 1583 904 1598 °
953 1569 1129 1633 οὕτως
1182 1569 1445 1635 ἀπιστίας
1499 1572 1597 1626 καὶ
1645 1573 1886 1638 πίστεως

300 1661 540 1732 ἔχοντες,
593 1661 710 1725 πῶς
757 1662 858 1733 τὴν
897 1663 1181 1734 ἡμετέραν
1231 1667 1496 1734 στρατιὰν
1542 1667 1609 1722 ἐκ
1651 1666 1882 1734 τούτων,

301 1755 418 1810 ἀλλ’
450 1755 548 1808 οὐκ
579 1754 638 1819 ἐξ
667 1750 743 1809 ὧν
771 1754 912 1826 ἔφην
947 1748 1096 1821 εἰκὸς
1123 1759 1550 1829 συγκροτεῖσθαι
1578 1776 1593 1826 ;
1631 1761 1744 1815 Καὶ
1775 1761 1884 1831 μὴν

297 1849 352 1914 εί
379 1848 729 1920 πολυχειρίαν
759 1848 860 1918 μὲν
895 1849 1163 1920 εὐψυχίας
1191 1852 1436 1921 ἀκούσης
1481 1853 1583 1925 οὐχ
1611 1855 1760 1917 ὅπως
1793 1855 1886 1908 οὒ-
1912 1897 1921 1925 ε

1912 1909 2096 1975 Blem
2149 1921 2440 1978 victricem
2481 1923 2823 1994 praedicabit,
2881 1923 2994 1978 imo
3038 1935 3217 1993 usque
3266 1930 3582 1993 superatam

301 1940 473 2010 διμοῦ
522 1941 748 1995 πώποτε
815 1944 1256 2012 περιγενομένην
1311 1945 1424 1998 οὐδ’
1475 1945 1542 2000 ἂν
1594 1942 1676 2009 εἷς
1707 1949 1884 2000 εἰπεῖν

297 2019 438 2103 ἔχοι,
492 2033 628 2088 ἀλλὰ
671 2034 768 2088 καὶ
793 2035 904 2088 πᾶν
933 2035 1250 2090 τούναντίον
1291 2036 1604 2112 ἐπασταχοῦ
1649 2040 1886 2108 νικωμέ-

302 2144 438 2198 νην·
466 2128 730 2199 εὐψυχίας
756 2129 838 2192 δὲ,
881 2129 979 2183 καὶ
1027 2130 1130 2200 τῆς
1162 2131 1375 2188 ἐκεῖθεν
1409 2135 1733 2207 συμμαχίας
1777 2154 1887 2207 χω-

306 2221 426 2291 ρίς·
457 2221 923 2291 παραδειγμάτων
958 2222 1102 2288 ἄπας
1137 2225 1165 2276 ὁ
1213 2223 1330 2292 βίος
1368 2228 1598 2296 μεστόςο
1648 2229 1772 2282 οὐδὲ
1803 2231 1886 2283 συί

302 2311 356 2381 γ’
382 2313 553 2384 αὐτῷ,
587 2312 836 2384 βασιλεῦ,
869 2315 1009 2385 πρὸς
1048 2314 1130 2381 οἷς
1163 2319 1312 2389 ἔχεις
1355 2320 1758 2393 στρατεύμασι,
1791 2323 1888 2377 καὶ

303 2404 518 2470 ξενικοῦ
553 2424 702 2468 τινος
732 2409 943 2479 ,ἐτέρου
995 2413 1255 2482 προσδεῖο
1292 2413 1613 2485 ἀποχρῶσιν
1661 2414 1722 2470 εῦ
1768 2412 1888 2470 οἶδα

299 2497 516 2562 τούτοις
563 2501 659 2554 καὶ
711 2501 954 2573 πλήθους
994 2505 1184 2559 εἵνεκα
1229 2507 1326 2560 καὶ
1381 2510 1747 2581 παρασκευῆς
1793 2512 1890 2564 καὶ

297 2590 403 2660 τῆς
427 2593 558 2660 περὶ
587 2591 687 2656 τὰς
712 2593 894 2664 μάχας
923 2595 1190 2666 εὐψυχίας
1217 2597 1312 2650 καὶ
1343 2599 1550 2670 τόλμης
1576 2601 1704 2666 τοὺς
1732 2602 1890 2656 πολε-

305 2684 468 2752 μίους
491 2686 822 2760 ἐκπλήττειν
857 2706 918 2742 τε
961 2691 1058 2746 καὶ
1084 2691 1294 2762 φοσεῖν.

379 2851 433 2903 ι’.
467 2847 576 2901 Καὶ
612 2848 836 2919 μάλιστ’
863 2852 996 2905 ὅταν
1016 2852 1091 2922 ,ὲκ
1112 2855 1436 2924 περιουσίας
1459 2858 1684 2923 τούτους
1724 2853 1888 2926 αὐτὸς

299 2932 363 2992 εὖ
397 2941 569 2993 ποιῶν
601 2938 700 3014 ᾖς·
738 2943 883 2997 οὕτω
906 2945 1018 3017 γὰρ
1041 2946 1109 2999 ἂν
1141 2948 1590 3022 προθυμοτέρους
1621 2953 1889 3022 ἐργάσαιο

301 3035 433 3103 περὶ
459 3034 641 3105 μάχας
669 3036 1048 3120 καὶχρῆσθαι
1095 3041 1352 3106 καλλίους
1376 3057 1392 3073 ⁶
1429 3043 1523 3106 οὓς
1549 3046 1687 3115 χρῆν
1708 3049 1764 3100 ἐν
1790 3050 1889 3118 μὲν

298 3125 498 3198 εἰρήνῃ
547 3128 622 3199 μὴ
664 3129 806 3198 σφᾶς
838 3131 1036 3196 αὐτοὺς
1077 3134 1316 3216 ἀγνοεῖν,
1365 3138 1494 3207 μηδ’
1520 3139 1746 3208 ἀμελεῖν
1793 3141 1887 3194 τοῦ

300 3222 724 3321 προσρήματος,
754 3225 844 3292 ἐφ’
893 3224 929 3279 ἃ
965 3225 1040 3297 μὴ
1085 3229 1334 3300 προσῆκε
1364 3230 1686 3301 χωροῦντας
1712 3249 1727 3266 ⁸
1772 3235 1886 3288 ἀλλ’
1915 3260 1961 3321 c

300 3313 442 3386 ὅπερ
469 3317 608 3368 εἰσὶν
636 3317 980 3384 ἐννοοῦντας,
1010 3322 1280 3389 πράττειν
1305 3321 1516 3378 ἐθέλειν
1547 3327 1747 3392 αὐτοὺς
1779 3346 1891 3381 τοι.

298 3404 494 3470 ούτους
534 3409 704 3474 είκὺς,
749 3409 1069 3482 πολεμικῶς
1105 3415 1506 3486 ἀσκουμένους,
1543 3421 1641 3472 καὶ
1676 3422 1891 3490 μετιόν-

299 3515 402 3564 τας
449 3502 518 3555 τὰ
568 3504 843 3558 τακτικά·
883 3507 980 3558 καὶ¹
1028 3509 1090 3559 τὸ
1124 3507 1352 3578 σύμπαν
1408 3512 1609 3576 εἰπεῖν,
1667 3512 1756 3566 διὰ
1789 3516 1888 3584 τῆς

302 3597 565 3664 συνεχοῦς
618 3597 756 3669 πρὸς
784 3599 1053 3670 ἀλλήλους
1099 3602 1359 3673 ἁμίλλης,
1389 3604 1451 3656 τὸ
1480 3604 1716 3674 θυμικὸν
1759 3606 1890 3658 ἀνά-
1945 3641 1950 3645 ι

302 3706 540 3755 τιτοντας
571 3694 747 3761 σφίσι,
781 3697 880 3748 καὶ
907 3696 1071 3749 οἱονεὶ¹
1105 3695 1251 3766 πρὸς
1293 3698 1617 3766 συμπλοκὰς
1655 3701 1889 3771 ἑτοίμως

301 3783 448 3854 ἐχειν
481 3785 859 3850 διανιστάντας
885 3803 900 3819 ⁸
931 3788 1064 3841 ὅταν
1091 3787 1136 3842 δ’
1171 3785 1238 3842 αὖ
1285 3789 1523 3860 πόλεμος
1553 3793 1754 3863 ἐπιστῇ
1792 3793 1888 3846 καὶ

305 3875 576 3948 μάχεσθαι
601 3877 716 3950 δέῃ,
749 3869 896 3933 οὕτω
926 3882 1289 3951 παρασκευῆς
1333 3885 1430 3935 καὶ
1457 3882 1686 3953 γνώμης
1731 3886 1886 3956 ἐχόν-

299 3981 435 4032 των,
481 3969 555 4032 ὡς
587 3971 782 4042 πρῶτα
808 3972 910 4042 μὲν
937 3967 1064 4044 μηδ’
1114 3973 1182 4028 ἂν
1213 3975 1268 4028 εί
1305 3991 1358 4027 τι
1388 3975 1482 4028 καὶ
1513 3974 1741 4030 πάθοιεν
1786 3977 1887 4049 τὴν

299 4061 455 4128 τάξιν
484 4063 666 4129 λιπεῖν
695 4063 974 4136 ἐθελῆσαι,
1005 4067 1145 4122 ἀλλὰ
1179 4071 1277 4124 καὶ
1305 4068 1570 4133 πολλάκις
1601 4071 1651 4123 εί
1683 4065 1798 4124 οἷόν
1825 4089 1886 4126 τε

302 4157 400 4209 καὶ
447 4157 545 4228 τῆς
569 4157 753 4228 ψυχῆς
795 4159 968 4230 αὐτῆς
1015 4162 1276 4215 ἐκπεσεῖν
1316 4164 1443 4233 μηδ’
1495 4163 1562 4218 ἂν
1612 4167 1886 4237 παραιτή-

303 4249 504 4302 σασθαι
526 4267 539 4281 ·
574 4251 766 4306 ἔπειτα
797 4255 865 4307 τὰ
901 4253 1002 4323 μὲν
1031 4255 1141 4309 τῶν
1182 4256 1460 4324 πολεμίων
1519 4259 1698 4313 οἰκεῖα
1733 4260 1884 4329 σφίσι

300 4339 566 4410 νομίζειν,
600 4343 636 4398 ἃ
671 4343 728 4396 δὲ
756 4331 1017 4416 πρόσεστ’
1049 4349 1256 4410 αὐτοῖς,
1296 4347 1502 4418 μηδένα
1532 4350 1740 4404 τούτων
1769 4369 1889 4405 ποι-

301 4433 480 4486 εῖσθαι
531 4435 725 4502 λόγον’
762 4438 836 4500 ὡς
868 4437 935 4491 ἂν
975 4439 1110 4509 μήτε
1162 4439 1250 4492 διὰ
1302 4439 1476 4494 ταῦτα
1519 4441 1883 4512 φιλοψυχῶσι,

299 4526 572 4580 κάκείνων
595 4528 744 4592 ὅπως
768 4530 1015 4598 γένοιντο
1036 4530 1242 4599 κύριοι,
1269 4534 1383 4594 τοῖς
1409 4532 1694 4602 πολεμίοις
1720 4536 1884 4604 ὁμόσε

1985 663 2276 731 videbunt,
2317 675 2501 733 partes
2526 671 2745 717 nostras
2768 673 2955 734 agent.
3001 661 3101 718 Ubi
3133 664 3375 733 primum
3391 669 3574 716 autem

1984 771 2214 834 adversa
2245 788 2466 834 utemur
2496 777 2741 843 fortuna,
2767 779 3068 852 hostesque
3101 778 3344 833 victores
3385 785 3572 840 erunt,

1998 893 2150 949 iilico
2173 908 2393 964 proram
2425 901 2643 949 vertent
2668 901 2725 950 et
2749 895 2816 948 ad
2851 908 2948 949 eos
2973 894 3150 948 transf
3153 891 3362 963 ugient,
3382 899 3574 946 contra

1992 1024 2132 1080 quos
2167 1010 2331 1081 paulo
2363 1018 2527 1065 antea
2560 1016 2968 1080 pugnaverant,
2997 1018 3192 1064 contra
3226 1022 3326 1061 nos
3348 1005 3575 1077 jamjam

1987 1124 2306 1194 pugnaturi.
2355 1121 2447 1179 Sic
2470 1123 2619 1177 enim
2664 1121 2758 1178 fiet
2778 1131 2838 1178 ut
2871 1132 2928 1178 et
2960 1122 3076 1177 illis
3095 1121 3312 1174 animos
3342 1128 3582 1190 augeant

1985 1251 2054 1293 ac
2091 1238 2299 1294 nostris
2350 1245 2560 1294 metum
2602 1251 2668 1294 ac
2701 1251 2964 1310 pavorem
3009 1236 3263 1307 injiciant
3305 1234 3580 1304 nobisque

1988 1350 2236 1421 pericula
2269 1351 2597 1422 gravissima
2635 1361 2854 1407 creent.
2886 1351 3028 1405 Ilinc
3078 1351 3228 1408 enim
3261 1365 3385 1404 cum
3430 1357 3582 1404 recte

1991 1464 2267 1535 suspicari
2298 1465 2480 1536 possis
2508 1478 2607 1522 eos
2639 1473 2831 1536 postea
2854 1479 3077 1536 quoque
3111 1464 3194 1520 sic
3239 1463 3584 1536 temporibus

1988 1581 2137 1637 bona
2194 1581 2408 1637 malave
2448 1581 2555 1638 ride
2603 1582 2978 1638 inservituros
3019 1593 3182 1638 esse:
3217 1582 3334 1651 qui,
3372 1594 3583 1650 quaeso,

1989 1695 2309 1768 huiusmodi
2359 1696 2682 1753 hominibus
2728 1696 3035 1753 esercitum
3087 1705 3346 1752 constare
3386 1695 3582 1751 voles?

1987 1804 2122 1872 Quae
2153 1821 2279 1861 cum
2314 1805 2388 1861 ita
2415 1809 2549 1874 sint,
2585 1821 2750 1862 nemo
2777 1821 2912 1862 sane
2940 1805 3360 1861 multitudinem
3389 1805 3583 1860 imbel-

1993 2035 2352 2091 confitebitur
2382 2055 2396 2105 ;
2431 2037 2589 2110 cujus
2620 2040 2700 2093 rei
2726 2037 2838 2092 vita
2860 2035 3041 2092 omnis
3069 2036 3309 2092 humana
3331 2036 3585 2107 exempla

1989 2151 2213 2208 exhibet
2249 2153 2561 2210 innumera.
2605 2151 2691 2208 Tu
2719 2153 2941 2224 quidem
2962 2193 2978 2220 ,
3018 2166 3136 2216 rex,
3165 2166 3276 2206 non
3307 2126 3407 2222 est;
3436 2150 3586 2221 quod

1990 2266 2055 2321 ad
2107 2267 2297 2337 copias
2340 2280 2480 2336 quas
2527 2266 2784 2338 possides
2819 2307 2836 2332 ,
2887 2265 3268 2323 mercenaries
3311 2263 3580 2336 adiicias;

1992 2382 2128 2438 satis
2161 2380 2308 2436 enim
2349 2394 2662 2438 numerosas
2713 2396 2780 2437 ac
2824 2381 2964 2437 bene
3010 2381 3293 2437 instructa:
3337 2387 3488 2446 sunt,
3530 2389 3588 2433 et

1990 2495 2047 2549 in
2081 2493 2374 2565 pugnando
2417 2493 2550 2550 satis
2574 2492 2744 2549 fortes
2768 2503 2930 2564 atque
2961 2491 3220 2559 audaces,
3242 2499 3303 2547 ut
3329 2488 3586 2547 hostibus

1994 2621 2262 2668 terrorem
2299 2623 2364 2664 ac
2388 2619 2599 2664 metum
2636 2609 2914 2682 injiciant.

2063 2858 2154 2919 l0.
2187 2857 2348 2931 Quod
2376 2859 2603 2934 quidem
2636 2861 2948 2930 praesertim
2974 2860 3286 2930 continget,
3309 2857 3358 2917 si
3385 2857 3455 2914 de
3485 2871 3584 2913 su-

1991 2971 2202 3043 perﬂuo
2227 2981 2322 3028 tuo
2362 2971 2638 3029 beneficia
2669 2973 2726 3028 in
2764 2973 2914 3044 ipsos
2953 2972 3194 3037 confers,
3227 2983 3409 3040 eoque
3457 2965 3582 3022 anl-

1991 3085 2264 3141 mosiores
2295 3084 2445 3157 ipsos
2485 3095 2550 3140 ac
2579 3099 2745 3140 manu
2803 3082 3067 3138 fortiores
3118 3082 3188 3137 ad
3223 3078 3577 3151 pugnandum

1992 3183 2206 3251 reddis.
2231 3194 2332 3252 Hic
2358 3205 2512 3254 certe
2533 3197 2592 3253 in
2616 3211 2750 3267 pace
2775 3197 2820 3252 si
2852 3211 2912 3252 se
2937 3195 3191 3267 cognitos
3226 3192 3574 3260 habuissent,

1993 3323 2091 3364 eos
2122 3322 2230 3364 non
2269 3309 2576 3366 audiissent
2597 3309 2692 3380 qui
2722 3295 2835 3382 quo
2853 3325 2962 3365 non
2994 3310 3292 3380 oportebat
3322 3306 3580 3378 progredi

1994 3417 2385 3473 hortabantur.
2427 3417 2545 3474 [mo
2569 3417 2604 3473 ii
2635 3417 2740 3490 ipsi
2768 3417 2904 3488 quid
2926 3419 3147 3473 valeant
3177 3415 3396 3472 humeri
3431 3414 3580 3470 haud

1992 3528 2314 3601 ignorantes
2356 3543 2458 3600 pro
2487 3529 2720 3585 militari
2764 3543 2875 3599 qua
2913 3528 3203 3600 pollebant
3235 3524 3581 3597 experientia

1991 3639 2194 3710 pugnis
2233 3653 2293 3695 se
2324 3652 2389 3695 ac
2413 3637 2820 3694 certaminibus
2869 3639 3105 3694 miscere
3152 3637 3474 3702 debebunt;
3522 3644 3584 3689 ut

1989 3749 2184 3819 paucis
2251 3748 2476 3811 dicam.
2536 3748 2819 3804 continuis
2872 3747 3108 3804 invicem
3180 3746 3586 3803 certaminibus

1991 3858 2213 3914 animus
2242 3859 2312 3915 iis
2335 3868 2624 3931 augescet,
2658 3867 2716 3916 et
2745 3874 2945 3915 manus
2971 3873 3268 3914 conserere
3300 3871 3582 3927 nunquam

1992 3985 2103 4024 non
2133 3972 2316 4041 parati
2358 3981 2547 4028 erunt.
2593 3970 2724 4026 Dein
2749 3971 2843 4026 ubi
2879 3969 3026 4026 bello
3061 3975 3259 4024 exorto
3301 3967 3583 4039 pugnandi

1989 4079 2296 4136 necessitas
2320 4080 2523 4147 aderit,
2544 4081 2616 4138 ita
2632 4080 2862 4136 animati
2884 4089 3049 4136 erunt
3079 4089 3138 4135 ut
3162 4095 3266 4135 nec
3293 4079 3346 4132 in
3367 4093 3583 4134 summo

1990 4201 2176 4242 rerum
2213 4187 2539 4244 discrimine
2563 4199 2743 4245 catra
2765 4190 3043 4255 deserant,
3085 4188 3198 4244 imo
3228 4190 3400 4244 vitam
3450 4203 3577 4244 cum

1991 4298 2262 4369 sanguine
2287 4297 2476 4354 efﬂare
2524 4299 2718 4355 velint.
2749 4300 2870 4356 Huc
2909 4300 3132 4355 accedit
3167 4299 3316 4369 quod
3350 4315 3438 4353 res
3481 4300 3583 4353 ho-

1993 4408 2161 4462 stium
2202 4423 2333 4465 suas
2371 4422 2494 4465 esse
2553 4421 2808 4476 censent,
2865 4425 3090 4468 suarum
3131 4419 3317 4464 autem
3366 4411 3576 4464 nullam

1993 4520 2265 4575 rationem
2317 4520 2577 4575 habeant.
2621 4520 2815 4592 Neque
2841 4535 2909 4576 eo
2944 4521 3117 4591 magis
3165 4519 3330 4574 vitam
3371 4533 3581 4586 amant,

298 4618 593 4688 χωροῦσιν,
646 4621 706 4674 οὐ
744 4623 1056 4692 φρονήματι
1097 4624 1280 4694 μόνον,
1306 4623 1444 4677 ἀλλὰ
1477 4625 1574 4678 καὶ
1605 4643 1887 4696 καταφρο-

1991 4628 2088 4684 sed
2123 4628 2308 4682 hostes
2347 4634 2410 4680 ut
2464 4625 2722 4698 subigant
2773 4626 3194 4697 aggrediuntur,
3231 4637 3465 4683 mortem
3516 4644 3585 4684 ac

276 4709 542 4776 -νήματιδ
592 4711 873 4775 τοιούτους
905 4714 962 4765 δέ
1006 4731 1162 4777 τινας
1197 4713 1422 4778 τούτους
1463 4714 1606 4780 ἕξεις
1634 4717 1730 4771 καὶ
1757 4717 1887 4770 πολ-

273 4799 396 4851 -λοῦ
434 4818 496 4869 γε
529 4803 805 4870 καλλίους,
855 4806 953 4859 ἐὰν
997 4804 1058 4860 εὖ
1086 4807 1324 4873 εἰδῶσιν,
1373 4808 1449 4870 ὡς
1477 4807 1514 4862 ἃ
1546 4810 1646 4878 μὲν
1675 4811 1885 4864 ἀποσα-

301 4892 489 4947 λοῦσιν
520 4899 578 4947 ἐν
608 4899 686 4966 τῷ
713 4898 960 4968 πολέμῳ,
996 4898 1173 4952 ταῦτα
1207 4900 1373 4963 αὐτὸς
1411 4901 1520 4954 ἀπὸ
1551 4901 1750 4955 πολλοῦ
1785 4901 1884 4956 τοῦ

301 4988 610 5056 κρείττονος
659 4991 1155 5064 ἀντικαταστήσεις
1201 4993 1411 5058 αὐτοῖς.
1443 4994 1505 5046 Εἰ
1550 4994 1608 5048 δὲ
1640 4995 1736 5048 καὶ
1761 4996 1886 5049 τού·

299 5098 415 5145 τοις
446 5087 632 5136 πεσεῖν
681 5085 920 5139 ἐνταῦθα
952 5085 1322 5156 ξυμϐήσεται,
1367 5085 1432 5139 σὺ
1464 5086 1521 5139 δὲ
1552 5089 1746 5158 πρῶτα
1783 5090 1884 5160 μὲν

300 5175 526 5239 τούτους
559 5177 636 5240 ὡς
661 5181 890 5249 νικητὰς
927 5183 1159 5252 νομιεῖς,
1197 5178 1345 5234 οὓτω
1371 5181 1601 5253 γνώμης
1636 5182 1884 5254 ἔχοντας,

303 5265 400 5318 καὶ
429 5266 571 5320 οὔτω
600 5271 1183 5342 παρεσκευασμένους,
1228 5276 1297 5344 τῇ
1331 5273 1490 5342 φύσει
1535 5274 1592 5326 δὲ
1618 5274 1695 5339 ὡς
1736 5275 1887 5342 εἰκὸς

301 5358 554 5425 εῐξαντας
579 5377 593 5390 ⁸
623 5362 792 5416 ἔπειτ’
822 5364 903 5426 είς
941 5366 1066 5427 τοὺς
1104 5365 1284 5419 αὐτῶν
1316 5367 1514 5429 παῖδας
1552 5367 1884 5440 ἀπομνημο-

301 5454 513 5515 νεύσεις
566 5456 665 5527 τὴν
697 5458 882 5527 χάριν,
930 5459 1027 5510 καὶ⁷
1075 5457 1282 5512 τούτων
1333 5459 1410 5523 ὡς
1460 5460 1682 5514 οἰκείων
1739 5465 1886 5516 ἀντι-

301 5547 526 5617 ποιήσῃ,
553 5544 612 5601 εῦ
648 5550 817 5603 ποιῶν
842 5549 909 5603 τά
935 5567 995 5604 τε
1015 5551 1152 5623 ἄλλα
1183 5554 1277 5605 καὶ
1306 5552 1404 5624 τὴν
1431 5551 1698 5624 πατρῴαν
1727 5554 1886 5618 τάξιν

301 5642 623 5705 ἀποδιδούς’
660 5644 914 5715 καθάπερ
956 5645 1210 5714 Ἀθήναις
1266 5647 1376 5699 τῶν
1421 5647 1481 5698 ἐν
1535 5647 1612 5714 τῷ
1662 5647 1887 5716 πολέμῳ

299 5735 774 5806 τετελευτηκότων
821 5741 946 5802 τοὺς
981 5741 1180 5803 παῖδας
1224 5740 1465 5806 ἐποίουν,
1499 5740 1737 5810 δημοσίᾳ
1763 5741 1885 5809 τρέ-

301 5843 494 5894 φοντες
535 5831 691 5899 ἄχρις
725 5830 887 5902 ἥϐης,
937 5833 1032 5885 καὶ
1075 5833 1186 5886 τότ’
1231 5832 1405 5885 οἴκαδ’
1452 5832 1882 5900 ἀποπέμποντες

303 5925 441 5991 μετὰ
473 5923 580 5977 τῶν
604 5927 916 5981 πανοπλιῶν
938 5944 955 5960 ο
985 5927 1182 5991 καὶτίς
1211 5929 1312 5979 οὐκ
1342 5928 1406 5980 ἂν
1436 5926 1750 5996 ἁφειδήσειε
1781 5926 1880 5994 τῆς

1989 4737 2159 4793 vitam
2182 4739 2339 4809 juxta
2363 4734 2655 4792 habentes.
2687 4734 2852 4792 Tales
2872 4750 2970 4792 eos
3001 4748 3059 4793 et
3088 4739 3265 4794 multo
3311 4741 3576 4796 meliores

1987 4851 2240 4917 habebis,
2293 4851 2386 4907 ubi
2435 4850 2677 4921 primum
2737 4865 3063 4922 persuasum
3131 4853 3201 4909 iis
3261 4854 3372 4911 erit
3429 4857 3577 4925 quod

1959 4963 2044 5017 ‘in
2072 4963 2218 5019 bello
2246 4962 2630 5033 perdiderunt,
2658 4973 2749 5018 tua
2782 4978 2950 5034 opera
2981 4964 3119 5035 ipsis
3155 4964 3210 5020 in
3238 4966 3438 5022 melius
3490 4983 3582 5022 re~

1991 5075 2249 5129 stitutum
2289 5073 2382 5129 iri.
2403 5073 2610 5142 Quodsi
2637 5089 2767 5131 casu
2793 5076 2944 5132 fatali
2975 5088 3336 5148 superantur,
3371 5089 3426 5135 tu
3458 5081 3583 5150 qui--

1989 5180 2115 5236 dem
2155 5195 2254 5238 eos
2289 5197 2398 5237 non
2433 5182 2618 5238 minus
2652 5198 2755 5254 pro
2782 5185 3096 5241 victoribus
3133 5186 3394 5252 habebis,
3425 5187 3584 5241 forti-

1990 5288 2198 5344 tudinis
2230 5303 2421 5344 corum
2467 5288 2679 5345 ratione
2731 5289 2917 5346 habita
2944 5332 2960 5358 ,
2995 5307 3310 5363 quanquam
3369 5292 3423 5347 in
3455 5293 3584 5348 fatis

1986 5399 2148 5456 aliter
2179 5399 2304 5463 fuit,
2335 5409 2391 5455 et
2413 5385 2720 5456 liberorum
2741 5404 2812 5459 ab
2843 5403 2980 5473 ipsis
3006 5403 3332 5460 relictorum
3366 5420 3580 5460 memor

1987 5521 2083 5562 eos
2121 5519 2178 5564 ut
2240 5517 2362 5564 tuos
2414 5508 2702 5588 a‘doptabis
2740 5518 2796 5564 et
2844 5511 3086 5567 honores
3137 5510 3342 5580 quibus
3394 5521 3580 5582 patres

1987 5613 2138 5668 fruiti
2185 5613 2426 5679 fuerant,
2459 5613 2514 5669 in
2548 5621 2653 5670 eos
2695 5616 2972 5682 conferes,
3012 5617 3157 5672 sicut
3185 5616 3577 5686 Athenienses,

1985 5716 2078 5784 qui
2112 5717 2166 5770 in
2219 5717 2364 5771 bello
2396 5731 2666 5772 caesorum
2698 5727 2857 5774 natos
2907 5719 2975 5774 ad
3014 5719 3365 5790 pubertatem
3399 5737 3576 5794 usque

1987 5821 2220 5892 publicis
2270 5824 2535 5893 impensis
2580 5823 2884 5887 educatos,
2940 5834 3220 5896 postremo
3262 5830 3434 5884 armis
3497 5832 3580 5885 ine

1987 5940 2226 5985 Sll'thlOS
2281 5931 2347 5986 ad
2396 5947 2529 5986 suos
2587 5933 2959 5990 remittebant.
3014 5933 3151 6000 Quis
3197 5937 3414 5993 tandem
3467 5952 3579 5992 non
