4018 6416
501 413 628 479 t"463

1729 411 2112 477 TIIEODUL‘

2211 419 2528 483 [ONACHI
3663 434 3754 497 4⁸64

523 526 696 579 vitam
727 532 1068 590 contemnet,
1100 524 1260 595 cujus
1287 525 1508 582 animus
1537 525 1606 582 de
1634 526 1838 584 talibus
1870 544 2101 599 persua-

2211 534 2388 607 ψυχῆς
2437 537 2577 607 μετὰ
2605 536 2868 591 τοιούτων
2907 540 3387 611 παραταττόμενος
3431 542 3752 613 μάλισταλοο

525 631 646 671 sum
681 617 891 672 habet?

604 709 688 762 ll.
725 709 870 774 Quid
898 709 1102 778 plura?
1149 707 1259 764 Hos
1288 720 1344 764 et
1378 720 1612 765 caeteros
1653 726 1849 768 omnes
1885 713 2108 769 univer-

525 823 628 877 sim
670 835 726 878 et
765 822 1043 893 sigillatim
1071 823 1250 894 magni
1272 823 1544 879 aestimare
1560 839 1662 879 nec
1685 825 1919 881 minoris
1943 843 2106 897 quam

525 950 578 994 te
610 939 790 1010 ipsum
821 937 1028 1003 facere,
1061 953 1160 1008 pro
1189 937 1456 1009 dignitate
1491 939 1878 1005 cohonestare,
1929 940 2109 1008 iisque

523 1067 636 1108 non
667 1060 729 1106 ut
758 1050 1000 1106 subditis
1031 1049 1130 1105 sed
1181 1059 1242 1104 ut
1287 1048 1544 1106 amnibus
1582 1051 1684 1118 uti,
1717 1051 1974 1122 benignis
2013 1066 2110 1106 eos

521 1163 877 1218 sermonibus
936 1162 1144 1233 alloqui
1189 1171 1246 1218 et
1293 1162 1590 1234 benignum
1636 1171 1808 1219 temet
1856 1162 1910 1218 in
1959 1165 2110 1234 ipsos

522 1285 806 1344 praestare,
828 1274 992 1346 plane
1015 1279 1178 1329 tuum
1217 1274 1346 1329 erit.
1385 1273 1476 1330 Sic
1513 1289 1646 1330 sane
1675 1273 1820 1330 bene
1859 1273 2110 1332 faciendo

521 1404 646 1444 cum
680 1388 949 1459 dignitate
973 1397 1029 1443 et
1061 1389 1329 1458 gravitate
1355 1387 1410 1443 id
1450 1387 1654 1444 etﬁcies
1686 1398 1748 1445 ut
1772 1397 1828 1446 te
1849 1405 1962 1447 non
2003 1392 2111 1449 mi-

522 1521 628 1561 nus
657 1519 830 1574 quam
857 1512 1039 1560 semet
1068 1503 1217 1574 ipsos
1247 1503 1498 1574 diligant,
1549 1515 1610 1560 ut
1643 1504 1744 1560 tibi
1780 1520 1888 1560 non
1919 1508 2104 1564 minus

517 1636 688 1692 quam
720 1619 828 1675 sibi
862 1617 997 1690 ipsis
1041 1619 1224 1675 omnia
1276 1617 1454 1674 fausta
1488 1630 1805 1690 precentur.
1837 1619 2102 1678 Subditos

523 1749 764 1803 namque
822 1730 1250 1802 gubernantium
1301 1729 1580 1785 felicitatis
1642 1731 1942 1802 participes
1989 1745 2108 1788 esse

521 1854 760 1917 oportet.
785 1845 891 1900 Tui
919 1845 1084 1916 igitur
1112 1854 1163 1899 te
1193 1858 1304 1898 non
1336 1851 1444 1898 tam
1471 1850 1532 1898 ut
1561 1859 1768 1915 regem,
1794 1844 1892 1899 sed
1923 1853 1982 1899 ut
2010 1859 2106 1914 pa-
2136 1885 2179 1940 Β

525 1971 664 2015 trem
706 1959 1014 2013 amicumve
1060 1956 1442 2022 bonorabunt,
1491 1969 1658 2028 atque
1689 1961 1762 2014 ita
1811 1971 1871 2014 ut
1902 1976 2001 2031 pro
2052 1971 2104 2016 te

518 2074 699 2129 lmtius
725 2089 886 2144 quam
927 2089 1030 2144 pro
1062 2089 1132 2128 se
1160 2073 1295 2143 ipsis
1340 2084 1572 2129 mortem
1605 2085 1868 2144 Oppetere
1912 2075 2100 2131 velint.

520 2187 734 2242 Interea
766 2186 949 2240 autem
981 2200 1090 2239 non
1117 2184 1316 2239 sullicit
1345 2193 1404 2238 ut
1443 2185 1520 2240 sis
1552 2185 1836 2255 paciﬁcus,
1865 2195 1963 2240 aut
1993 2187 2109 2242 bel-

519 2300 634 2354 lum
667 2299 796 2364 alio,
835 2311 1002 2368 quam
1045 2311 1155 2366 quo
1197 2295 1334 2362 dixi,
1375 2296 1541 2351 modo
1573 2311 1755 2366 geras,
1790 2306 1847 2352 et
1893 2299 2107 2354 caeteris

517 2412 763 2468 excellas
817 2410 1159 2477 virtutibus;
1217 2411 1314 2466 sed
1351 2411 1404 2464 id
1444 2410 1544 2465 tibi
1601 2410 1872 2480 agendum
1927 2421 2009 2466 est
2049 2421 2110 2467 ut

520 2525 782 2579 omnibus
832 2530 1021 2594 gratus
1047 2531 1103 2577 et
1149 2532 1411 2591 acceptus
1453 2521 1639 2592 populi
1689 2522 1918 2591 gratiam
1969 2522 2108 2576 adeo

519 2647 731 2710 captes,
763 2646 822 2693 ut
894 2636 952 2692 in
1003 2636 1252 2692 omnium
1301 2635 1514 2689 animas
1565 2633 1870 2689 domineris
1929 2635 2109 2704 potius

519 2767 684 2820 quam
730 2765 1011 2820 corpore;
1053 2749 1201 2805 unde
1248 2747 1335 2803 ﬁet
1377 2759 1435 2803 ut
1463 2758 1515 2803 te
1563 2748 1742 2817 ipsum
1775 2748 1897 2818 plus
1945 2763 2107 2817 quam

521 2879 622 2933 pro
651 2875 703 2918 te
729 2871 962 2918 metuas.
1001 2861 1288 2932 Delegatos
1312 2875 1477 2930 porro
1510 2876 1650 2930 quos
1675 2869 1770 2914 aut
1794 2861 1909 2930 ipse
1935 2861 2108 2915 alior-

520 2991 650 3036 sum
683 2974 857 3029 mittis
885 2983 982 3028 aut
1013 2987 1152 3042 quos
1177 2974 1248 3028 ab
1283 2971 1488 3027 exteris
1536 2970 1794 3041 gentibus
1837 2971 1902 3024 ad
1937 2980 1989 3024 te
2015 2985 2110 3024 ve-

507 3089 742 3144 mientes
764 3086 996 3156 excipis,
1018 3099 1296 3155 nunquam
1322 3083 1416 3137 diu
1451 3083 1597 3136 circa
1642 3092 1702 3138 te
1740 3083 1944 3138 habeas
2000 3084 2110 3138 imo

2214 629 2428 699 γισμῶν
2458 630 2555 684 καὶ
2591 629 2687 684 τοῦ
2716 632 2857 684 πάνυ
2892 631 3223 697 πεπεῖσθαι;

2285 720 2377 778 ια’.
2417 723 2613 776 Καίτοι
2664 723 2719 775 τί
2778 723 2956 790 λέγως
2986 724 3078 777 καὶ
3117 724 3343 788 τούτους
3375 725 3480 796 γάρ
3507 728 3596 781 καὶ
3631 731 3746 783 πάν-

2211 833 2310 880 τας
2337 817 2463 880 τοὺς
2489 815 2684 878 ἄλλους
2714 817 2810 870 καὶ
2836 819 2991 888 κοινῇ
3035 823 3129 871 καὶ
3158 820 3281 872 καθ’
3315 819 3409 874 ἕνα
3438 823 3560 886 περὶ
3589 827 3756 877 τοσού-

2210 925 2304 962 του
2333 909 2608 962 ποιεῖσθαι
2638 909 2849 973 δίκαιος
2873 911 2940 965 ἂν
2967 910 3109 981 εἴης,
3146 913 3222 974 ὡς
3252 913 3348 965 καὶ
3375 913 3565 968 σαυτού
3605 916 3755 986 μηδὲν

2209 995 2372 1073 ἦττον
2406 1001 2634 1065 τούτους
2681 1003 2877 1070 φιλεῖν,
2921 1003 3143 1070 καὶτῆς
3182 1006 3507 1077 γιγνομένης
3545 1008 3758 1061 ἕκαστον

2209 1093 2378 1164 τιμῆς
2404 1093 2613 1160 ἀξιοῦν,
2669 1096 2761 1148 καὶ
2785 1095 2921 1158 ὅλως
2960 1097 3059 1165 οὐχ
3105 1097 3180 1161 ὼς
3221 1097 3480 1166 ὐπηκέοις
3515 1099 3754 1170 μᾶλλονῆ

2211 1188 2286 1252 ὡς
2319 1190 2717 1258 γνησιωτάτοις
2750 1189 3078 1258 κεχρῆσθαι,
3107 1191 3202 1242 καὶ
3231 1190 3301 1242 τὰ
3323 1191 3506 1243 εἰκότα
3543 1194 3758 1244 συνεῖναι

2211 1284 2304 1335 καὶ
2334 1281 2698 1348 διαλέγεσθαι,
2736 1281 2832 1335 καὶ
2865 1282 2954 1335 διὰ
2995 1283 3216 1336 πάντων
3246 1283 3449 1337 τούτων
3477 1281 3533 1336 εὖ
3562 1285 3721 1336 ποιεῖν
3743 1299 3756 1316 σ

2213 1373 2419 1444 μᾶλλον
2469 1374 2525 1427 δὲ
2565 1375 2704 1443 μετὰ
2731 1375 2951 1428 πάντων
2982 1375 3188 1429 τούτων
3225 1377 3321 1429 καὶ
3355 1380 3524 1429 ποιεῖν
3554 1372 3632 1436 εὖ,
3675 1377 3761 1430 καὶ

2208 1467 2268 1519 τὸ
2299 1465 2496 1534 σεμνὸν
2527 1467 2626 1535 τῆς
2656 1467 2830 1537 ἀρχῆς
2850 1465 3156 1531 διασώζων,
3187 1468 3360 1536 δῆμον
3384 1465 3523 1521 εἶναι
3550 1471 3612 1539 τῇ
3636 1468 3760 1535 γνώ-

2211 1574 2288 1630 μῃ
2328 1559 2426 1612 καὶ
2450 1558 2525 1628 τῷ
2555 1558 2898 1628 προσίεσθαι,
2937 1559 3022 1612 ἵνα
3051 1561 3146 1612 καὶ
3177 1554 3324 1614 οὗτοί
3347 1578 3405 1614 σε
3432 1562 3578 1628 σφῶν
3599 1563 3761 1613 αὐτῶν

2213 1650 2415 1720 μᾶλλον
2451 1650 2626 1719 φιλεῖν
2667 1651 2852 1720 ἔχωσι,
2877 1655 2971 1707 καί
3020 1671 3102 1706 σοι
3142 1655 3209 1705 τὰ
3256 1653 3488 1723 βέλτιστ’
3523 1653 3606 1704 ἀεὶ
3653 1670 3762 1706 συν-

2208 1743 2477 1810 εύχωνται
2533 1741 2701 1797 πλέον
2747 1742 2780 1810 ἢ
2812 1743 3000 1811 σφίσιν
3044 1743 3260 1803 αὐτοῖς⁹
3291 1742 3496 1810 μᾶλλον
3543 1742 3586 1794 δ’
3615 1743 3668 1794 ἐν
3693 1741 3760 1806 τῷ

2211 1833 2295 1886 σοὶ
2334 1833 2510 1886 ταῦτα
2563 1834 2945 1904 συνεύχεσθαι,
2998 1835 3093 1888 καὶ
3151 1834 3338 1903 σφίσιν
3389 1835 3570 1896 αὐτοῖς
3622 1834 3764 1886 οὐδὲν

2208 1920 2373 1996 ἦττον
2405 1923 2579 1980 ταῦτα
2609 1926 3000 1995 συνεύχωνται.
3029 1925 3142 1994 Τῆς
3162 1925 3271 1994 γὰρ
3299 1926 3407 1979 τῶν
3438 1925 3762 1995 κρατούντων

2206 2017 2559 2087 εὐδαιμονίας
2618 2021 2899 2071 κοινωνεῖν
2963 2018 3180 2088 ἀνάγκη
3233 2020 3363 2082 τοὺς
3417 2019 3519 2072 ὑπὸ
3575 2021 3756 2088 χεῖρα·

2205 2107 2350 2162 οὓτω
2381 2108 2427 2162 δ’
2455 2108 2691 2178 ἔχοντες,
2724 2108 2815 2161 καί
2849 2125 2908 2161 σε
2953 2107 3027 2179 μὴ
3059 2109 3219 2178 μόνον
3241 2109 3317 2172 ὡς
3348 2109 3583 2179 ἄρχοντα
3623 2108 3759 2176 σφῶν
3833 2128 3842 2139 ·

2206 2202 2476 2272 τιμῶντες
2505 2200 2642 2253 ἀλλὰ
2678 2201 2769 2253 καὶ
2798 2201 3012 2270 πατέρα
3038 2201 3180 2254 κατὰ
3227 2201 3288 2253 τὸ
3327 2200 3457 2263 ἔπος
3494 2201 3564 2262 ὡς
3590 2201 3756 2269 ήπιον,

2207 2298 2301 2348 καὶ
2332 2293 2516 2347 θανεῖν
2547 2292 2738 2344 ἓληιντ’
2767 2291 2834 2345 ἂν
2869 2293 3009 2362 ὑπὲρ
3036 2292 3130 2345 σοῦ
3173 2293 3379 2362 μᾶλλον
3403 2294 3436 2362 ἢ
3466 2293 3604 2364 ὑπὲρ
3627 2292 3763 2360 σφῶν

2208 2386 2409 2439 αὐτῶν.
2458 2384 2648 2448 Οὕτως
2687 2384 2787 2438 οὐκ
2836 2384 3053 2454 ἀπόχρη
3105 2386 3271 2453 μόνον
3310 2385 3587 2455 εἰρηνικὸν
3617 2381 3764 2445 εἶναι,

2211 2479 2305 2530 καὶ
2336 2471 2415 2538 οἷς
2446 2476 2583 2544 ἔφην
2618 2475 2995 2545 στρατεύμασι
3034 2475 3296 2546 χρῆσθαι,
3338 2477 3435 2530 καὶ
3461 2477 3592 2546 πρός
3620 2479 3664 2544 γ’
3696 2475 3767 2528 ἔτι

2210 2571 2346 2622 πᾶσι
2381 2570 2491 2630 τοῖς
2530 2567 2710 2630 ἄλλοις
2763 2567 3108 2637 κοσμεῖσθαι.
3141 2567 3258 2621 ἀλλ’
3286 2568 3442 2632 ὅπως
3485 2585 3768 2638 συγκεκρο-

2208 2663 2444 2731 τημένος
2492 2661 2764 2720 πάντοθεν
2794 2659 2896 2732 ἔσῃ
2948 2660 3039 2712 καὶ⁸
3093 2661 3414 2730 μηδαμόθεν
3463 2661 3767 2730 τοπαράπαν

2210 2751 2560 2816 ἐλλελοιπὼς,
2593 2752 2674 2804 δεῖ
2721 2751 2860 2822 πρὸς
2893 2751 3070 2822 τούτῳ
3119 2753 3213 2805 καὶ
3245 2753 3540 2823 δημοτικὸν
3587 2752 3769 2812 παντὸς

2215 2846 2416 2916 μᾶλλον
2442 2846 2533 2898 καὶ
2558 2847 2673 2908 τοῖς
2705 2846 2843 2898 πᾶσι
2895 2845 3205 2898 κοινότατον
3240 2841 3406 2910 εἷναι,
3455 2847 3538 2915 ἐφ’
3563 2839 3604 2913 ᾧ
3633 2845 3771 2915 βασι-

2211 2939 2390 2991 λεύειν
2422 2937 2566 3006 ἔχειν
2607 2939 2667 2990 ὲν
2700 2939 2821 3000 ταῖς
2853 2938 3112 2992 ἁπάντων
3141 2939 3370 3009 ψυχαῖς,
3403 2941 3498 2994 καὶ
3531 2941 3633 3010 πρὸ
3673 2936 3768 2989 τῶν

2212 3031 2482 3100 σωμάτων
2511 3029 2611 3089 τὰς
2642 3029 2870 3100 γνώμας
2914 3030 3258 3100 χειροῦσθαι,
3297 3032 3400 3084 καὶ
3435 3029 3772 3102 παρασκευά-

2212 3119 2325 3182 ζειν
2355 3117 2430 3179 ὡς
2455 3118 2675 3188 ἀληθῶς
2709 3118 2782 3189 μὴ
2817 3119 2876 3172 σὲ
2906 3120 3109 3188 μᾶλλον
3147 3121 3180 3185 ἢ
3217 3120 3368 3188 ὑπὲρ
3398 3120 3491 3174 σοῦ
3523 3119 3767 3172 δεδιέναι·

520 3203 854 3276 quantocius
882 3204 1150 3258 dimittas.
1192 3201 1298 3256 Alii
1333 3201 1479 3254 enim
1533 3200 1765 3255 consilia
1802 3209 1895 3254 tua
1919 3197 2106 3253 'divulo

2213 3205 2477 3276 πρέσϐεις
2507 3207 2694 3276 μέντοι
2724 3208 2820 3260 καὶ
2845 3206 2937 3268 οὒς
2969 3208 3134 3270 αὐτὸς
3179 3209 3438 3262 ἑκάστοτ’
3465 3208 3770 3277 ἐκπέμπεις,

490 3319 771 3391 .gabunt;
822 3317 916 3372 alii
945 3315 1096 3386 quod
1129 3315 1234 3370 sibi
1284 3322 1623 3385 proponunt,
1667 3313 1961 3382 attingent,
1997 3327 2106 3381 quo

2211 3300 2305 3354 καὶ
2332 3298 2425 3362 οὓς
2465 3297 2595 3368 παρ’
2645 3299 2822 3353 ἄλλων
2867 3300 3100 3369 ἥκοντας
3136 3299 3288 3370 δέχῃ,
3351 3304 3428 3370 μὴ
3479 3300 3640 3353 πολύν
3669 3314 3773 3350 τινα

2210 3393 2405 3463 χρόνον
2437 3391 2589 3460 παρὰ
2647 3391 2830 3460 σαυτῷ
2863 3390 3136 3462 κατέχειν,
3192 3392 3308 3444 ἀλλ’
3358 3393 3507 3455 ὅπως
3564 3391 3774 3444 ἀπίωσιν

501 3435 579 3488 in
606 3431 929 3488 discrimine
965 3429 1327 3485 metuendum
1364 3437 1450 3484 est
1485 3443 1557 3482 ne
1589 3426 1768 3481 nostri
1796 3425 1974 3480 olﬁcio
2000 3425 2107 3478 mi-

2209 3484 2420 3537 ὲνθένδε
2446 3484 2542 3554 τὴν
2595 3483 2861 3552 ταχίστην
2908 3483 3395 3553 παρασκευάζεινο
3433 3485 3482 3536 οἱ
3537 3483 3631 3553 μὲν
3665 3479 3774 3548 περὶ

498 3561 628 3601 ,nus
653 3545 1033 3609 satisfaciant;
1071 3543 1276 3610 caeteri,
1311 3558 1379 3597 ne
1417 3527 1584 3597 rebus
1617 3540 1824 3596 nostris
1881 3536 2108 3608 petituri

518 3661 670 3727 justo
707 3659 831 3729 plus
861 3656 1189 3728 investigent
1214 3663 1270 3710 et
1303 3655 1386 3710 sic
1431 3652 1726 3710 commodo
1777 3667 1880 3707 suo
1932 3654 2112 3707 inser-

494 3774 695 3828 viant.
729 3771 864 3826 Nam
893 3772 938 3826 si
983 3783 1328 3842 quaecunque
1372 3769 1516 3823 infra
1544 3767 1714 3822 solem
1746 3776 1895 3832 sunt,
1947 3781 2111 3821 occu-

501 3901 654 3956 “pare
685 3885 852 3953 idque
898 3887 1118 3938 nemine
1164 3883 1481 3946 resistente,
1539 3878 1641 3932 tibi
1670 3877 1985 3946 contigerit,
2009 3891 2114 3932 nec

525 3997 792 4068 delegatis
824 4011 927 4052 nec
951 3995 1341 4052 defensoribus
1385 3991 1487 4046 tibi
1511 4004 1651 4060 Opus
1683 4000 1832 4046 esset
1861 4007 1875 4045 :
1910 3992 1954 4046 si
2009 4006 2112 4046 au-

527 4125 634 4168 tem
661 4113 847 4168 hostes
870 4110 928 4166 in
952 4120 1002 4166 te
1019 4111 1394 4179 insurgerent,
1414 4120 1540 4160 cum
1564 4103 1712 4158 omni
1740 4118 2110 4161 aerumnarum

498 4203 723 4294 genere
754 4224 850 4279 tibi
887 4219 1300 4292 conﬂigendum
1335 4215 1502 4272 foret.

598 4577 681 4633 12.
714 4575 770 4633 Si
793 4574 939 4636 .dein
961 4572 1121 4644 probi
1155 4571 1303 4642 regis
1327 4569 1697 4642 industriigue
1720 4578 1807 4627 est
1838 4580 2107 4627 utomnes
2139 4608 2184 4666 υ

521 4695 573 4750 ei
606 4693 871 4765 subjectae
905 4667 1161 4746 civitates
1187 4703 1353 4760 quam
1386 4689 1596 4759 optime
1619 4688 2106 4752 administrentur,

521 4808 660 4863 scito
688 4806 792 4861 hoc
815 4804 932 4860 ﬁeri
957 4817 1067 4858 non
1101 4816 1284 4871 posse,
1302 4801 1407 4857 nisi
1435 4803 1788 4880 magistratus
1811 4803 1960 4855 omni
1991 4800 2112 4855 .vir-

526 4926 701 4970 tutum
720 4929 921 4986 genere
939 4913 1245 4978 emineant;
1269 4913 1430 4968 aliter
1449 4913 1593 4968 enim
1615 4915 1732 4967 istae
1754 4910 1947 4966 ﬂorere
1968 4927 2110 4965 nra-

523 5044 688 5099 quam
721 5037 1006 5099 poterunt,
1025 5027 1154 5082 licet
1174 5043 1269 5082 rex
1291 5027 1595 5098 sitoptimae
1616 5024 1852 5081 ‘indolis.
1886 5024 2098 5080 Idcirco

524 5141 940 5210 magistratuum
971 5137 1266 5192 electiones
1283 5153 1408 5192 cum
1431 5152 1642 5192 summa
1663 5152 1795 5192 cura
1819 5136 2116 5190 instituen-

525 5254 610 5307 (ιω
649 5261 802 5317 sunt,
823 5252 1024 5322 .quippe
1050 5268 1079 5306 a
1103 5251 1308 5321 quibus
1342 5265 1430 5304 res
1467 5247 1722 5304 secunda:
1745 5257 1846 5303 aut
1873 5247 2112 5302 adversae

529 5369 795 5439 pendent.
833 5366 1124 5438 Nunquam
1176 5369 1343 5437 igitur
1370 5365 1560 5420 amnes
1597 5373 1723 5419 tuos
1757 5363 1959 5417 illustri
1992 5364 2110 5418 loco

530 5493 709 5548 natos,
737 5483 831 5538 sed
868 5498 963 5537 eos
986 5482 1341 5552 .potissimum
1387 5481 1579 5550 eliges,
1613 5492 1850 5548 quorum
1889 5475 2102 5530 indoles

529 5606 587 5652 et
625 5611 806 5651 mores
844 5611 1027 5650 veram
1057 5595 1386 5664 dignitatem
1433 5593 1801 5649 constituunt.
1846 5589 1954 5642 llos
1981 5601 2111 5657 ergo

533 5710 702 5764 rebus
737 5708 1192 5765 administrandis
1213 5705 1503 5778 praeficies,
1529 5715 1584 5762 et
1608 5707 1690 5761 sic
1723 5704 1976 5759 felicibus
2001 5701 2112 5755 tuis

607 5894 687 5966 (a)
717 5893 829 5950 Cod
880 5897 1010 5957 τοῖς.

2208 3570 2282 3629 ὧν
2312 3575 2474 3639 αὐτὸς
2496 3574 2673 3642 «ἔγνως
2703 3573 3169 3643 ἀπαγγελοῦντες,
3207 3575 3257 3626 οἰ
3293 3573 3337 3625 δ’
3379 3569 3454 3629 ὧν
3478 3574 3633 3644 εἵνεχ’
3657 3565 3775 3644 ἧκον

2210 3667 2385 3722 ταῦτα
2423 3667 2854 3738 διαπραξάμενοι
2883 3683 2965 3731 τε,
3001 3669 3096 3722 καὶ
3141 3667 3241 3737 μὴ,
3277 3667 3364 3730 ὡς
3411 3667 3526 3720 ἔστι
3569 3668 3678 3727 δέος
3697 3663 3771 3733 μὴ

2210 3761 2500 3831 διατριόἧς
2539 3762 2747 3830 ἀμφοῖν
2783 3761 3136 3830 γιγνομένης,
3170 3761 3218 3812 οἱ
3270 3761 3376 3829 μὲν
3406 3761 3660 3833 ἡμέτεροι
3686 3753 3768 3807 τοῦ

2212 3851 2420 3910 δέοντος
2461 3851 2859 3918 ὑστερήσωσιν,
2884 3850 2933 3900 οἱ
2966 3847 3010 3899 δ’
3041 3848 3191 3910 ὅπως
3239 3847 3420 3918 εχοιεν
3449 3850 3517 3900 τά
3549 3849 3769 3914 ἡμέτερα

2213 3943 2735 4012 περιεργασάμενοι,
2787 3941 3151 4010 καταμάθωσί
3180 3957 3239 3993 τε
3270 3939 3309 3994 ἃ.
3361 3943 3435 4012 μὴ
3486 3941 3656 4010 θέμις,
3691 3935 3772 3990 καὶ

2214 4034 2437 4105 προσέτ’
2467 4034 2504 4088 ἃ
2553 4034 2742 4102 σφίσιν
2794 4032 2925 4096 ἴσως
2975 4033 3253 4094 λυσιτελὲς
3309 4034 3769 4088 συσκευάσωνται’

2212 4128 2261 4178 εἱ
2300 4125 2538 4194 μὲνγὰρ
2588 4128 2686 4195 τῆς
2717 4123 2802 4194 .(a)
2842 4123 2932 4192 ὑφ’
2972 4123 3107 4194 ἡλίῳ
3164 4125 3352 4195 πάσης
3400 4126 3664 4196 ἐκράτεις,
3691 4121 3772 4173 καὶ

2214 4211 2552 4274 οὖδοντινοῦν
2589 4219 2693 4271 τὸν
2747 4217 3166 4284 ἐναντιούμενον
3205 4213 3380 4286 εἶχες,
3431 4218 3542 4272 οὔτ’
3593 4217 3654 4268 ἄν
3701 4229 3772 4265 σοι

2214 4301 2525 4382 πρεσϐειῶν
2567 4312 2698 4374 ἔδει,
2736 4311 2862 4364 οὔτε
2916 4311 3014 4380 τῆς
3061 4309 3192 4380 περὶ
3228 4311 3404 4364 ταῦτα
3447 4307 3770 4378 ,ἀσφαλείαςο

2212 4405 2352 4475 ἔχων
2383 4405 2438 4458 δὲ
2475 4404 2788 4475 πολεμίους,
2825 4404 2890 4458 σὺ
2919 4403 2976 4456 δὲ
3008 4404 3102 4456 καὶ
3133 4402 3208 4458 ὧν
3247 4402 3414 4473 ἔφην,
3455 4403 3516 4468 ἐξ
3546 4401 3774 4468 ἀνάγκης

2217 4496 2388 4567 ῐσχεις
2423 4497 2691 4566 ἀνάγκην.

2288 4589 2362 4657 ιβ.
2403 4590 2510 4642 Καὶ
2545 4590 2652 4660 μὴν
2704 4591 2752 4641 εἰ
2806 4587 3049 4660 χρηστοῦ
3093 4588 3194 4656 μὲν
3229 4587 3348 4644 ἔστι
3385 4586 3644 4659 βασιλέως
3690 4580 3775 4634 καὶ

2217 4681 2342 4752 μάλ’
2377 4681 2652 4746 ἀπόδειξις
2694 4682 2931 4751 ἐναργὴς
2967 4681 3028 4734 τὸ
3060 4682 3242 4743 πάσας
3289 4681 3478 4744 πόλεις
3525 4679 3599 4741 ὠς
3653 4674 3772 4728 κάλ-

2213 4773 2370 4826 λιστα
2403 4772 2750 4833 διοικεῖσθαι,
2786 4773 2946 4824 τοῦτο
2975 4771 3031 4823 δὲ
3063 4772 3164 4824 οὐκ
3208 4772 3276 4824 ἂν
3305 4772 3416 4840 εἴη,
3455 4769 3530 4838 μὴ
3560 4767 3662 4820 τῶν
3689 4765 3776 4830 ἄρ-

2213 4883 2330 4935 χειν
2356 4865 2631 4934 λαχόντων
2659 4864 2793 4934 πρὸς
2821 4863 3022 4934 ἀρετὴν
3054 4860 3112 4917 εὖ
3150 4864 3518 4934 ἡρμοσμένων
3541 4875 3554 4890 ⁸
3583 4860 3656 4920 ὡς
3692 4855 3773 4910 ἆ).-

2213 4960 2317 5020 λως
2348 4976 2411 5026 γε
2446 4958 2700 5026 ἑχόντων,
2731 4957 2854 5008 οὐδὲ
2894 4956 3098 5016 ταύτας
3127 4953 3529 5008 οὐδοπωστιοῦν
3554 4947 3612 5005 εὖ
3638 4950 3769 5018 ἔχειν

2212 5046 2322 5102 οἷόν
2350 5068 2428 5114 τε,
2459 5051 2563 5103 κᾶν
2589 5053 2616 5103 ὁ
2645 5048 2946 5119 βασιλεύων
2995 5047 3152 5102 πάντ’
3179 5047 3401 5116 ἄριστος
3491 5061 3505 5077 ο
3539 5041 3671 5115 μετὰ
3691 5056 3769 5092 το-

2216 5141 2417 5208 σαύτης
2447 5141 2735 5211 ἀκριϐείας
2773 5140 2870 5201 τὰς
2898 5141 3261 5211 ἀρχαιρεσίας
3294 5130 3562 5192 ποιεῖσθαι
3595 5135 3688 5195 δεῖ,
3717 5130 3767 5180 ἐν

2213 5231 2301 5294 αἷς
2352 5234 2413 5284 τό
2442 5249 2500 5283 τε
2536 5232 2740 5300 χεῖρον,
2791 5232 2851 5283 τό
2884 5233 2934 5284 τ’
2979 5230 3208 5299 ἄμεινον
3261 5229 3659 5283 κινδυνεύεταιο
3702 5219 3770 5280 ὡς

2217 5325 2291 5396 μὴ
2320 5326 2402 5377 ὅτι
2458 5326 2585 5387 τοὺς
2617 5325 2758 5378 κατὰ
2785 5325 2944 5392 γένος
2982 5341 3066 5376 σοι
3093 5325 3472 5394 διαφέροντας,
3501 5319 3618 5372 οὐδὲ
3657 5315 3770 5370 τοὺς

2214 5418 2320 5469 ἀπὸ
2371 5418 2624 5486 μεγάλων
2660 5419 2991 5486 τιμημάτων
3037 5419 3132 5471 καὶ
3176 5415 3384 5486 βαθέων
3433 5414 3614 5473 οἴκων,
3647 5403 3769 5458 ἀλλὰ

2213 5513 2339 5573 τοὺς
2376 5511 2822 5572 ἐπιεικεστάτους
2853 5509 2954 5572 τὰς
2994 5509 3208 5578 φύσεις,
3243 5509 3333 5561 καὶ
3371 5506 3466 5559 τοῦ
3509 5499 3667 5557 καλοῦ
3689 5492 3768 5547 διὰ

2217 5603 2395 5672 πάσης
2431 5603 2570 5664 ἰδέας
2597 5602 2835 5672 ἥκοντας
2861 5602 2918 5666 ἐξ
2938 5603 3185 5671 ἀνάγκης
3216 5599 3514 5672 αἱρεῖσθαι,
3543 5593 3634 5647 καὶ
3656 5582 3770 5640 τού⁹

2213 5711 2336 5757 τους
2366 5698 2480 5758 τοῖς
2509 5698 2829 5766 πράγμασιν
2856 5694 3163 5763 ἐφιστάναι,
3192 5691 3266 5756 ὡς
3297 5691 3362 5744 ἂν
3390 5690 3482 5743 καὶ
3511 5685 3572 5740 τδ
3605 5671 3775 5750 γιγνό-
