  <div class='ocr_page' id='page_1' title='image "/cluster/home/n/w/nwhite01/storage/ocr_20150623/145:no.1/coo.31924054870500/240.png"; bbox 0 0 4018 6416; ppageno 0'>
   <div class='ocr_carea' id='block_1_1' title="bbox 646 277 674 322">
    <p class='ocr_par' dir='ltr' id='par_1_1' title="bbox 646 277 674 322">
     <span class='ocr_line' id='line_1_1' title="bbox 646 277 674 322; baseline 0 0"><span class='ocrx_word' id='word_1_1' title='bbox 646 277 674 322; x_wconf 72' lang='lat' dir='ltr'><strong>‘t</strong></span> 
     </span>
    </p>
   </div>
   <div class='ocr_carea' id='block_1_2' title="bbox 310 379 417 445">
    <p class='ocr_par' dir='ltr' id='par_1_2' title="bbox 310 379 417 445">
     <span class='ocr_line' id='line_1_2' title="bbox 310 379 417 445; baseline -0.019 0"><span class='ocrx_word' id='word_1_2' title='bbox 310 379 417 445; x_wconf 77' lang='grc'><strong>465</strong></span> 
     </span>
    </p>
   </div>
   <div class='ocr_carea' id='block_1_3' title="bbox 1408 378 2497 445">
    <p class='ocr_par' dir='ltr' id='par_1_3' title="bbox 1408 378 2497 445">
     <span class='ocr_line' id='line_1_3' title="bbox 1408 378 2497 445; baseline -0.001 0"><span class='ocrx_word' id='word_1_3' title='bbox 1408 380 1699 445; x_wconf 75' lang='lat' dir='ltr'><strong>ORATIO</strong></span> <span class='ocrx_word' id='word_1_4' title='bbox 1745 382 1839 444; x_wconf 89' lang='lat' dir='ltr'><strong>DE</strong></span> <span class='ocrx_word' id='word_1_5' title='bbox 1878 378 2110 444; x_wconf 73' lang='lat' dir='ltr'><strong>REGIS</strong></span> <span class='ocrx_word' id='word_1_6' title='bbox 2147 379 2497 444; x_wconf 85' lang='lat' dir='ltr'><strong>OFFICIlS.</strong></span> 
     </span>
    </p>
   </div>
   <div class='ocr_carea' id='block_1_4' title="bbox 3480 377 3580 444">
    <p class='ocr_par' dir='ltr' id='par_1_4' title="bbox 3480 377 3580 444">
     <span class='ocr_line' id='line_1_4' title="bbox 3480 377 3580 444; baseline 0.02 -2"><span class='ocrx_word' id='word_1_7' title='bbox 3480 377 3580 444; x_wconf 67' lang='lat'><strong>£66</strong></span> 
     </span>
    </p>
   </div>
   <div class='ocr_carea' id='block_1_5' title="bbox 319 492 1904 571">
    <p class='ocr_par' dir='ltr' id='par_1_5' title="bbox 319 493 1900 571">
     <span class='ocr_line' id='line_1_5' title="bbox 319 493 1900 571; baseline 0 -19"><span class='ocrx_word' id='word_1_8' title='bbox 319 516 482 571; x_wconf 84' lang='grc' dir='ltr'><strong>μενον</strong></span> <span class='ocrx_word' id='word_1_9' title='bbox 511 493 600 551; x_wconf 73' lang='grc' dir='ltr'>διὰ</span> <span class='ocrx_word' id='word_1_10' title='bbox 638 495 859 553; x_wconf 79' lang='grc' dir='ltr'><strong>πάντων</strong></span> <span class='ocrx_word' id='word_1_11' title='bbox 897 495 1165 566; x_wconf 77' lang='grc' dir='ltr'><strong>σώζηται,</strong></span> <span class='ocrx_word' id='word_1_12' title='bbox 1205 498 1299 551; x_wconf 86' lang='grc' dir='ltr'>σοῦ</span> <span class='ocrx_word' id='word_1_13' title='bbox 1331 515 1389 552; x_wconf 90' lang='grc' dir='ltr'><strong>τε</strong></span> <span class='ocrx_word' id='word_1_14' title='bbox 1412 500 1566 563; x_wconf 73' lang='grc' dir='ltr'><strong>ὄντος</strong></span> <span class='ocrx_word' id='word_1_15' title='bbox 1598 499 1900 570; x_wconf 71' lang='grc' dir='ltr'><strong>βελτίστου,</strong></span> 
     </span>
    </p>
   </div>
   <div class='ocr_carea' id='block_1_6' title="bbox 2008 492 3582 571">
    <p class='ocr_par' dir='ltr' id='par_1_6' title="bbox 2008 492 3582 566">
     <span class='ocr_line' id='line_1_6' title="bbox 2008 492 3582 566; baseline 0.001 -16"><span class='ocrx_word' id='word_1_16' title='bbox 2008 496 2266 566; x_wconf 80' lang='lat' dir='ltr'><strong>auspiciis</strong></span> <span class='ocrx_word' id='word_1_17' title='bbox 2312 511 2400 550; x_wconf 91' lang='lat' dir='ltr'><strong>res</strong></span> <span class='ocrx_word' id='word_1_18' title='bbox 2444 494 2608 549; x_wconf 69' lang='lat' dir='ltr'><strong>salvae</strong></span> <span class='ocrx_word' id='word_1_19' title='bbox 2666 502 2851 560; x_wconf 89' lang='lat' dir='ltr'><strong>erunt,</strong></span> <span class='ocrx_word' id='word_1_20' title='bbox 2884 492 3047 549; x_wconf 88' lang='lat' dir='ltr'><strong>urbes</strong></span> <span class='ocrx_word' id='word_1_21' title='bbox 3081 501 3138 548; x_wconf 90' lang='lat' dir='ltr'><strong>et</strong></span> <span class='ocrx_word' id='word_1_22' title='bbox 3188 502 3383 566; x_wconf 86' lang='lat' dir='ltr'><strong>gentes</strong></span> <span class='ocrx_word' id='word_1_23' title='bbox 3421 494 3582 552; x_wconf 81' lang='lat' dir='ltr'><strong>bonis</strong></span> 
     </span>
    </p>
   </div>
   <div class='ocr_carea' id='block_1_7' title="bbox 307 588 1893 662">
    <p class='ocr_par' dir='ltr' id='par_1_7' title="bbox 307 588 1893 662">
     <span class='ocr_line' id='line_1_7' title="bbox 307 588 1893 662; baseline 0.001 -18"><span class='ocrx_word' id='word_1_24' title='bbox 307 590 583 644; x_wconf 76' lang='grc' dir='ltr'><strong>κάκείνων</strong></span> <span class='ocrx_word' id='word_1_25' title='bbox 611 590 704 642; x_wconf 67' lang='grc' dir='ltr'><strong>επὶ</strong></span> <span class='ocrx_word' id='word_1_26' title='bbox 736 588 812 660; x_wconf 84' lang='grc' dir='ltr'><strong>τῷ</strong></span> <span class='ocrx_word' id='word_1_27' title='bbox 837 589 1109 654; x_wconf 73' lang='grc' dir='ltr'><strong>σώζεσθαι</strong></span> <span class='ocrx_word' id='word_1_28' title='bbox 1145 591 1240 643; x_wconf 83' lang='grc' dir='ltr'><strong>καὶ</strong></span> <span class='ocrx_word' id='word_1_29' title='bbox 1281 591 1468 654; x_wconf 88' lang='grc' dir='ltr'><strong>πόλεις</strong></span> <span class='ocrx_word' id='word_1_30' title='bbox 1491 595 1586 646; x_wconf 75' lang='grc' dir='ltr'><strong>καὶ</strong></span> <span class='ocrx_word' id='word_1_31' title='bbox 1615 592 1768 662; x_wconf 75' lang='grc' dir='ltr'><strong>ἔθνη,</strong></span> <span class='ocrx_word' id='word_1_32' title='bbox 1798 595 1893 648; x_wconf 86' lang='grc' dir='ltr'><strong>καί</strong></span> 
     </span>
    </p>
   </div>
   <div class='ocr_carea' id='block_1_8' title="bbox 307 683 1892 754">
    <p class='ocr_par' dir='ltr' id='par_1_8' title="bbox 307 683 1892 754">
     <span class='ocr_line' id='line_1_8' title="bbox 307 683 1892 754; baseline 0.002 -18"><span class='ocrx_word' id='word_1_33' title='bbox 307 684 408 754; x_wconf 83' lang='grc' dir='ltr'><strong>τῆς</strong></span> <span class='ocrx_word' id='word_1_34' title='bbox 433 683 642 751; x_wconf 79' lang='grc' dir='ltr'><strong>ἀγαθῆς</strong></span> <span class='ocrx_word' id='word_1_35' title='bbox 693 683 768 747; x_wconf 86' lang='grc' dir='ltr'>ὡς</span> <span class='ocrx_word' id='word_1_36' title='bbox 797 683 972 738; x_wconf 79' lang='grc' dir='ltr'>εἰπεῖν</span> <span class='ocrx_word' id='word_1_37' title='bbox 1003 685 1174 754; x_wconf 83' lang='grc' dir='ltr'><strong>τύχης</strong></span> <span class='ocrx_word' id='word_1_38' title='bbox 1227 684 1368 754; x_wconf 85' lang='grc' dir='ltr'><strong>μετά</strong></span> <span class='ocrx_word' id='word_1_39' title='bbox 1415 685 1613 738; x_wconf 82' lang='grc' dir='ltr'><strong>πολλοῦ</strong></span> <span class='ocrx_word' id='word_1_40' title='bbox 1663 688 1758 740; x_wconf 72' lang='grc' dir='ltr'><strong>τοῦ</strong></span> <span class='ocrx_word' id='word_1_41' title='bbox 1792 705 1892 739; x_wconf 87' lang='grc' dir='ltr'><strong>πε-</strong></span> 
     </span>
    </p>
   </div>
   <div class='ocr_carea' id='block_1_9' title="bbox 312 771 1940 848">
    <p class='ocr_par' dir='ltr' id='par_1_9' title="bbox 312 771 1940 848">
     <span class='ocr_line' id='line_1_9' title="bbox 312 771 1940 848; baseline 0.003 -20"><span class='ocrx_word' id='word_1_42' title='bbox 312 775 522 848; x_wconf 74' lang='grc' dir='ltr'><strong>ριόντος</strong></span> <span class='ocrx_word' id='word_1_43' title='bbox 570 771 709 828; x_wconf 79' lang='grc' dir='ltr'><strong>πᾶσι</strong></span> <span class='ocrx_word' id='word_1_44' title='bbox 749 777 1016 844; x_wconf 83' lang='grc' dir='ltr'><strong>μετεῖναι.</strong></span> <span class='ocrx_word' id='word_1_45' title='bbox 1051 775 1226 828; x_wconf 82' lang='grc' dir='ltr'><strong>Ὅταν</strong></span> <span class='ocrx_word' id='word_1_46' title='bbox 1277 775 1338 829; x_wconf 86' lang='grc' dir='ltr'>δὲ</span> <span class='ocrx_word' id='word_1_47' title='bbox 1389 777 1454 830; x_wconf 80' lang='grc' dir='ltr'><strong>σὺ</strong></span> <span class='ocrx_word' id='word_1_48' title='bbox 1509 777 1612 846; x_wconf 83' lang='grc' dir='ltr'><strong>μὲν</strong></span> <span class='ocrx_word' id='word_1_49' title='bbox 1645 777 1723 848; x_wconf 84' lang='grc' dir='ltr'><strong>τῷ</strong></span> <span class='ocrx_word' id='word_1_50' title='bbox 1778 780 1894 832; x_wconf 62' lang='lat' dir='ltr'><strong>om</strong></span> <span class='ocrx_word' id='word_1_51' title='bbox 1937 796 1940 800; x_wconf 85' lang='lat'>&#39;</span> 
     </span>
    </p>
   </div>
   <div class='ocr_carea' id='block_1_10' title="bbox 313 863 1897 942">
    <p class='ocr_par' dir='ltr' id='par_1_10' title="bbox 313 863 1897 942">
     <span class='ocr_line' id='line_1_10' title="bbox 313 863 1897 942; baseline 0.004 -22"><span class='ocrx_word' id='word_1_52' title='bbox 313 868 594 939; x_wconf 75' lang='grc' dir='ltr'><strong>βέλτιστος</strong></span> <span class='ocrx_word' id='word_1_53' title='bbox 633 863 723 938; x_wconf 85' lang='grc' dir='ltr'><strong>ᾗς,</strong></span> <span class='ocrx_word' id='word_1_54' title='bbox 769 869 818 920; x_wconf 82' lang='grc' dir='ltr'>οἱ</span> <span class='ocrx_word' id='word_1_55' title='bbox 871 869 925 921; x_wconf 79' lang='grc' dir='ltr'>δὲ</span> <span class='ocrx_word' id='word_1_56' title='bbox 983 871 1092 921; x_wconf 82' lang='grc' dir='ltr'>πᾶν</span> <span class='ocrx_word' id='word_1_57' title='bbox 1151 870 1507 934; x_wconf 79' lang='grc' dir='ltr'>τούναντίον,</span> <span class='ocrx_word' id='word_1_58' title='bbox 1565 874 1744 924; x_wconf 79' lang='grc' dir='ltr'>νοσεῖν</span> <span class='ocrx_word' id='word_1_59' title='bbox 1799 874 1897 942; x_wconf 67' lang='grc' dir='ltr'><strong>μὲν</strong></span> 
     </span>
    </p>
   </div>
   <div class='ocr_carea' id='block_1_11' title="bbox 311 960 1893 1035">
    <p class='ocr_par' dir='ltr' id='par_1_11' title="bbox 311 960 1893 1035">
     <span class='ocr_line' id='line_1_11' title="bbox 311 960 1893 1035; baseline 0.001 -19"><span class='ocrx_word' id='word_1_60' title='bbox 311 961 526 1029; x_wconf 83' lang='grc' dir='ltr'><strong>ἀνάγκη</strong></span> <span class='ocrx_word' id='word_1_61' title='bbox 566 961 666 1022; x_wconf 76' lang='grc' dir='ltr'><strong>τὰς</strong></span> <span class='ocrx_word' id='word_1_62' title='bbox 699 960 884 1024; x_wconf 89' lang='grc' dir='ltr'><strong>πόλεις</strong></span> <span class='ocrx_word' id='word_1_63' title='bbox 914 963 1008 1013; x_wconf 79' lang='grc' dir='ltr'><strong>καὶ</strong></span> <span class='ocrx_word' id='word_1_64' title='bbox 1038 962 1174 1028; x_wconf 84' lang='grc' dir='ltr'><strong>πρὸς</strong></span> <span class='ocrx_word' id='word_1_65' title='bbox 1213 963 1273 1014; x_wconf 82' lang='grc' dir='ltr'><strong>τὸ</strong></span> <span class='ocrx_word' id='word_1_66' title='bbox 1327 963 1499 1033; x_wconf 84' lang='grc' dir='ltr'><strong>μηδὲν</strong></span> <span class='ocrx_word' id='word_1_67' title='bbox 1543 964 1643 1034; x_wconf 76' lang='grc' dir='ltr'><strong>ήδη</strong></span> <span class='ocrx_word' id='word_1_68' title='bbox 1672 969 1893 1035; x_wconf 84' lang='grc' dir='ltr'><strong>χωρεῖν,</strong></span> 
     </span>
    </p>
   </div>
   <div class='ocr_carea' id='block_1_12' title="bbox 317 1054 1897 1125">
    <p class='ocr_par' dir='ltr' id='par_1_12' title="bbox 317 1054 1897 1125">
     <span class='ocr_line' id='line_1_12' title="bbox 317 1054 1897 1125; baseline 0.004 -18"><span class='ocrx_word' id='word_1_69' title='bbox 317 1055 375 1107; x_wconf 64' lang='lat' dir='ltr'><strong>ch</strong></span> <span class='ocrx_word' id='word_1_70' title='bbox 401 1055 456 1106; x_wconf 80' lang='grc' dir='ltr'>δὲ</span> <span class='ocrx_word' id='word_1_71' title='bbox 489 1055 570 1117; x_wconf 82' lang='grc' dir='ltr'><strong>εὶς</strong></span> <span class='ocrx_word' id='word_1_72' title='bbox 609 1054 840 1123; x_wconf 74' lang='grc' dir='ltr'><strong>αἴνιγμα</strong></span> <span class='ocrx_word' id='word_1_73' title='bbox 875 1055 1120 1118; x_wconf 85' lang='grc' dir='ltr'><strong>πίπτειν,</strong></span> <span class='ocrx_word' id='word_1_74' title='bbox 1157 1054 1248 1108; x_wconf 81' lang='grc' dir='ltr'>διὰ</span> <span class='ocrx_word' id='word_1_75' title='bbox 1290 1057 1392 1125; x_wconf 80' lang='grc' dir='ltr'><strong>μὲν</strong></span> <span class='ocrx_word' id='word_1_76' title='bbox 1421 1059 1621 1112; x_wconf 79' lang='grc' dir='ltr'><strong>σαυτὸν</strong></span> <span class='ocrx_word' id='word_1_77' title='bbox 1653 1060 1746 1111; x_wconf 77' lang='grc' dir='ltr'><strong>καὶ</strong></span> <span class='ocrx_word' id='word_1_78' title='bbox 1768 1060 1897 1113; x_wconf 76' lang='grc' dir='ltr'><strong>ὄντα</strong></span> 
     </span>
    </p>
   </div>
   <div class='ocr_carea' id='block_1_13' title="bbox 318 1146 1898 1224">
    <p class='ocr_par' dir='ltr' id='par_1_13' title="bbox 318 1146 1898 1224">
     <span class='ocr_line' id='line_1_13' title="bbox 318 1146 1898 1224; baseline 0.005 -26"><span class='ocrx_word' id='word_1_79' title='bbox 318 1147 596 1215; x_wconf 84' lang='grc' dir='ltr'><strong>βέλτιστον</strong></span> <span class='ocrx_word' id='word_1_80' title='bbox 627 1148 720 1200; x_wconf 74' lang='grc' dir='ltr'><strong>καὶ</strong></span> <span class='ocrx_word' id='word_1_81' title='bbox 753 1147 1069 1216; x_wconf 80' lang='grc' dir='ltr'><strong>λεγόμενον,</strong></span> <span class='ocrx_word' id='word_1_82' title='bbox 1099 1146 1187 1201; x_wconf 87' lang='grc' dir='ltr'>διὰ</span> <span class='ocrx_word' id='word_1_83' title='bbox 1215 1147 1272 1201; x_wconf 79' lang='grc' dir='ltr'>δὲ</span> <span class='ocrx_word' id='word_1_84' title='bbox 1309 1148 1437 1224; x_wconf 79' lang='grc' dir='ltr'><strong>τοὺς</strong></span> <span class='ocrx_word' id='word_1_85' title='bbox 1479 1150 1540 1202; x_wconf 86' lang='grc' dir='ltr'><strong>οὐ</strong></span> <span class='ocrx_word' id='word_1_86' title='bbox 1574 1151 1756 1214; x_wconf 89' lang='grc' dir='ltr'><strong>καλῶς</strong></span> <span class='ocrx_word' id='word_1_87' title='bbox 1787 1155 1898 1206; x_wconf 75' lang='grc' dir='ltr'><strong>τῶν</strong></span> 
     </span>
    </p>
   </div>
   <div class='ocr_carea' id='block_1_14' title="bbox 318 1239 1901 1316">
    <p class='ocr_par' dir='ltr' id='par_1_14' title="bbox 318 1239 1901 1316">
     <span class='ocr_line' id='line_1_14' title="bbox 318 1239 1901 1316; baseline 0.007 -28"><span class='ocrx_word' id='word_1_88' title='bbox 318 1239 661 1307; x_wconf 77' lang='grc' dir='ltr'><strong>πραγμάτων</strong></span> <span class='ocrx_word' id='word_1_89' title='bbox 711 1239 1165 1303; x_wconf 69' lang='grc' dir='ltr'><strong>ἐπιστατοῦντας,</strong></span> <span class='ocrx_word' id='word_1_90' title='bbox 1200 1240 1237 1294; x_wconf 79' lang='grc' dir='ltr'>ἃ</span> <span class='ocrx_word' id='word_1_91' title='bbox 1275 1239 1349 1312; x_wconf 81' lang='grc' dir='ltr'><strong>μὴ</strong></span> <span class='ocrx_word' id='word_1_92' title='bbox 1387 1246 1634 1313; x_wconf 84' lang='grc' dir='ltr'><strong>προσῆκε</strong></span> <span class='ocrx_word' id='word_1_93' title='bbox 1682 1246 1901 1316; x_wconf 77' lang='grc' dir='ltr'>νομιζό-</span> 
     </span>
    </p>
   </div>
   <div class='ocr_carea' id='block_1_15' title="bbox 317 1329 1899 1409">
    <p class='ocr_par' dir='ltr' id='par_1_15' title="bbox 317 1329 1899 1409">
     <span class='ocr_line' id='line_1_15' title="bbox 317 1329 1899 1409; baseline 0.006 -28"><span class='ocrx_word' id='word_1_94' title='bbox 317 1347 477 1398; x_wconf 85' lang='grc' dir='ltr'><strong>μενον</strong></span> <span class='ocrx_word' id='word_1_95' title='bbox 503 1331 598 1383; x_wconf 79' lang='grc' dir='ltr'><strong>καὶ</strong></span> <span class='ocrx_word' id='word_1_96' title='bbox 629 1331 949 1401; x_wconf 85' lang='grc' dir='ltr'><strong>λεγόμενον.</strong></span> <span class='ocrx_word' id='word_1_97' title='bbox 993 1332 1057 1384; x_wconf 77' lang='grc' dir='ltr'>Εἰ</span> <span class='ocrx_word' id='word_1_98' title='bbox 1091 1333 1192 1402; x_wconf 73' lang='grc' dir='ltr'><strong>μὲν</strong></span> <span class='ocrx_word' id='word_1_99' title='bbox 1231 1333 1342 1404; x_wconf 83' lang='grc' dir='ltr'><strong>γὰρ</strong></span> <span class='ocrx_word' id='word_1_100' title='bbox 1371 1329 1484 1388; x_wconf 78' lang='grc' dir='ltr'><strong>οἷόν</strong></span> <span class='ocrx_word' id='word_1_101' title='bbox 1529 1335 1579 1388; x_wconf 88' lang='grc' dir='ltr'><strong>τ’</strong></span> <span class='ocrx_word' id='word_1_102' title='bbox 1607 1331 1677 1406; x_wconf 83' lang='grc' dir='ltr'><strong>ἦν</strong></span> <span class='ocrx_word' id='word_1_103' title='bbox 1707 1336 1899 1409; x_wconf 86' lang='grc' dir='ltr'><strong>ῶσπερ</strong></span> 
     </span>
    </p>
   </div>
   <div class='ocr_carea' id='block_1_16' title="bbox 317 1421 1898 1500">
    <p class='ocr_par' dir='ltr' id='par_1_16' title="bbox 317 1421 1898 1500">
     <span class='ocr_line' id='line_1_16' title="bbox 317 1421 1898 1500; baseline 0.007 -27"><span class='ocrx_word' id='word_1_104' title='bbox 317 1421 626 1493; x_wconf 77' lang='grc' dir='ltr'><strong>ὑπόπτερον</strong></span> <span class='ocrx_word' id='word_1_105' title='bbox 671 1424 1009 1494; x_wconf 78' lang='grc' dir='ltr'><strong>ἑκασταχόσε</strong></span> <span class='ocrx_word' id='word_1_106' title='bbox 1051 1428 1273 1496; x_wconf 84' lang='grc' dir='ltr'><strong>χωρεῖν,</strong></span> <span class='ocrx_word' id='word_1_107' title='bbox 1303 1426 1399 1480; x_wconf 73' lang='grc' dir='ltr'><strong>καὶ</strong></span> <span class='ocrx_word' id='word_1_108' title='bbox 1446 1427 1538 1482; x_wconf 82' lang='grc' dir='ltr'>διὰ</span> <span class='ocrx_word' id='word_1_109' title='bbox 1579 1429 1686 1499; x_wconf 84' lang='grc' dir='ltr'><strong>γῆς</strong></span> <span class='ocrx_word' id='word_1_110' title='bbox 1714 1431 1898 1500; x_wconf 84' lang='grc' dir='ltr'>πάσης</span> 
     </span>
    </p>
   </div>
   <div class='ocr_carea' id='block_1_17' title="bbox 317 1513 1901 1592">
    <p class='ocr_par' dir='ltr' id='par_1_17' title="bbox 317 1513 1901 1592">
     <span class='ocr_line' id='line_1_17' title="bbox 317 1513 1901 1592; baseline 0.005 -26"><span class='ocrx_word' id='word_1_111' title='bbox 317 1513 454 1566; x_wconf 69' lang='grc' dir='ltr'><strong>ξέναι</strong></span> <span class='ocrx_word' id='word_1_112' title='bbox 486 1514 635 1577; x_wconf 81' lang='grc' dir='ltr'>οἴους</span> <span class='ocrx_word' id='word_1_113' title='bbox 669 1516 796 1578; x_wconf 80' lang='grc' dir='ltr'>τοὺς</span> <span class='ocrx_word' id='word_1_114' title='bbox 832 1515 1248 1587; x_wconf 85' lang='grc' dir='ltr'><strong>Τριπτολέμους</strong></span> <span class='ocrx_word' id='word_1_115' title='bbox 1277 1518 1530 1582; x_wconf 78' lang='grc' dir='ltr'><strong>διαύλους</strong></span> <span class='ocrx_word' id='word_1_116' title='bbox 1575 1521 1712 1589; x_wconf 73' lang='grc' dir='ltr'>φασὶ</span> <span class='ocrx_word' id='word_1_117' title='bbox 1741 1539 1901 1592; x_wconf 85' lang='grc' dir='ltr'><strong>ποιη·</strong></span> 
     </span>
    </p>
   </div>
   <div class='ocr_carea' id='block_1_18' title="bbox 315 1603 1901 1682">
    <p class='ocr_par' dir='ltr' id='par_1_18' title="bbox 315 1603 1901 1682">
     <span class='ocr_line' id='line_1_18' title="bbox 315 1603 1901 1682; baseline 0.006 -24"><span class='ocrx_word' id='word_1_118' title='bbox 315 1608 426 1670; x_wconf 72' lang='grc' dir='ltr'><strong>ταὶ,</strong></span> <span class='ocrx_word' id='word_1_119' title='bbox 463 1606 616 1659; x_wconf 80' lang='grc' dir='ltr'>οὐδὲν</span> <span class='ocrx_word' id='word_1_120' title='bbox 671 1608 740 1661; x_wconf 85' lang='grc' dir='ltr'>ἂν</span> <span class='ocrx_word' id='word_1_121' title='bbox 786 1603 854 1678; x_wconf 83' lang='grc' dir='ltr'><strong>ἦν</strong></span> <span class='ocrx_word' id='word_1_122' title='bbox 886 1610 1141 1680; x_wconf 84' lang='grc' dir='ltr'><strong>πρᾶγμα,</strong></span> <span class='ocrx_word' id='word_1_123' title='bbox 1194 1610 1313 1664; x_wconf 75' lang='grc' dir='ltr'><strong>ἀλλ’</strong></span> <span class='ocrx_word' id='word_1_124' title='bbox 1353 1610 1555 1666; x_wconf 77' lang='grc' dir='ltr'><strong>ἅπαντ’</strong></span> <span class='ocrx_word' id='word_1_125' title='bbox 1601 1612 1669 1666; x_wconf 83' lang='grc' dir='ltr'><strong>ἂν</strong></span> <span class='ocrx_word' id='word_1_126' title='bbox 1726 1615 1901 1682; x_wconf 80' lang='grc' dir='ltr'><strong>ῥᾷστα</strong></span> 
     </span>
    </p>
   </div>
   <div class='ocr_carea' id='block_1_19' title="bbox 316 1701 1900 1772">
    <p class='ocr_par' dir='ltr' id='par_1_19' title="bbox 316 1701 1900 1772">
     <span class='ocr_line' id='line_1_19' title="bbox 316 1701 1900 1772; baseline 0.006 -20"><span class='ocrx_word' id='word_1_127' title='bbox 316 1702 411 1753; x_wconf 70' lang='grc' dir='ltr'>καὶ</span> <span class='ocrx_word' id='word_1_128' title='bbox 465 1701 602 1768; x_wconf 86' lang='grc' dir='ltr'><strong>μετά</strong></span> <span class='ocrx_word' id='word_1_129' title='bbox 637 1703 838 1762; x_wconf 65' lang='grc' dir='ltr'><strong>παντὸς</strong></span> <span class='ocrx_word' id='word_1_130' title='bbox 885 1702 982 1756; x_wconf 79' lang='grc' dir='ltr'><strong>τοῦ</strong></span> <span class='ocrx_word' id='word_1_131' title='bbox 1023 1703 1350 1772; x_wconf 81' lang='grc' dir='ltr'><strong>γιγνομένου</strong></span> <span class='ocrx_word' id='word_1_132' title='bbox 1391 1705 1459 1758; x_wconf 86' lang='grc' dir='ltr'><strong>δι’</strong></span> <span class='ocrx_word' id='word_1_133' title='bbox 1504 1705 1669 1759; x_wconf 79' lang='grc' dir='ltr'><strong>αὐτὸν</strong></span> <span class='ocrx_word' id='word_1_134' title='bbox 1705 1708 1900 1762; x_wconf 79' lang='grc' dir='ltr'><strong>σαυτὸν</strong></span> 
     </span>
    </p>
   </div>
   <div class='ocr_carea' id='block_1_20' title="bbox 317 1791 1899 1870">
    <p class='ocr_par' dir='ltr' id='par_1_20' title="bbox 317 1791 1899 1870">
     <span class='ocr_line' id='line_1_20' title="bbox 317 1791 1899 1870; baseline 0.005 -24"><span class='ocrx_word' id='word_1_135' title='bbox 317 1791 710 1863; x_wconf 75' lang='grc' dir='ltr'><strong>κατειργάζου,</strong></span> <span class='ocrx_word' id='word_1_136' title='bbox 738 1794 834 1848; x_wconf 80' lang='grc' dir='ltr'><strong>καὶ</strong></span> <span class='ocrx_word' id='word_1_137' title='bbox 879 1796 1235 1867; x_wconf 82' lang='grc' dir='ltr'><strong>μηδεντινοῦν</strong></span> <span class='ocrx_word' id='word_1_138' title='bbox 1265 1800 1330 1868; x_wconf 83' lang='grc' dir='ltr'><strong>τῇ</strong></span> <span class='ocrx_word' id='word_1_139' title='bbox 1378 1799 1548 1870; x_wconf 79' lang='grc' dir='ltr'>κακία</span> <span class='ocrx_word' id='word_1_140' title='bbox 1580 1799 1764 1870; x_wconf 78' lang='grc' dir='ltr'><strong>χώραν</strong></span> <span class='ocrx_word' id='word_1_141' title='bbox 1792 1817 1899 1853; x_wconf 90' lang='grc' dir='ltr'><strong>πα-</strong></span> 
     </span>
    </p>
   </div>
   <div class='ocr_carea' id='block_1_21' title="bbox 1995 608 3584 677">
    <p class='ocr_par' dir='ltr' id='par_1_21' title="bbox 1995 608 3584 677">
     <span class='ocr_line' id='line_1_21' title="bbox 1995 608 3584 677; baseline 0.001 -12"><span class='ocrx_word' id='word_1_142' title='bbox 1995 611 2259 666; x_wconf 85' lang='lat' dir='ltr'><strong>omnibus</strong></span> <span class='ocrx_word' id='word_1_143' title='bbox 2291 608 2814 665; x_wconf 83' lang='lat' dir='ltr'><strong>circumﬂuentibus</strong></span> <span class='ocrx_word' id='word_1_144' title='bbox 2861 608 3162 665; x_wconf 84' lang='lat' dir='ltr'><strong>ﬂorebunt.</strong></span> <span class='ocrx_word' id='word_1_145' title='bbox 3190 608 3400 677; x_wconf 84' lang='lat' dir='ltr'><strong>Quodsi</strong></span> <span class='ocrx_word' id='word_1_146' title='bbox 3447 626 3584 666; x_wconf 89' lang='lat' dir='ltr'><strong>vero</strong></span> 
     </span>
    </p>
   </div>
   <div class='ocr_carea' id='block_1_22' title="bbox 1999 718 3581 792">
    <p class='ocr_par' dir='ltr' id='par_1_22' title="bbox 1999 718 3581 792">
     <span class='ocr_line' id='line_1_22' title="bbox 1999 718 3581 792; baseline 0.001 -17"><span class='ocrx_word' id='word_1_147' title='bbox 1999 729 2057 775; x_wconf 92' lang='lat' dir='ltr'><strong>tu</strong></span> <span class='ocrx_word' id='word_1_148' title='bbox 2089 718 2314 789; x_wconf 87' lang='lat' dir='ltr'><strong>quidem</strong></span> <span class='ocrx_word' id='word_1_149' title='bbox 2347 720 2595 790; x_wconf 87' lang='lat' dir='ltr'><strong>optimus</strong></span> <span class='ocrx_word' id='word_1_150' title='bbox 2627 734 2709 785; x_wconf 89' lang='lat' dir='ltr'><strong>es,</strong></span> <span class='ocrx_word' id='word_1_151' title='bbox 2733 719 2886 776; x_wconf 78' lang='lat' dir='ltr'><strong>cives</strong></span> <span class='ocrx_word' id='word_1_152' title='bbox 2914 729 3102 776; x_wconf 90' lang='lat' dir='ltr'><strong>autem</strong></span> <span class='ocrx_word' id='word_1_153' title='bbox 3134 735 3165 776; x_wconf 92' lang='lat' dir='ltr'><strong>e</strong></span> <span class='ocrx_word' id='word_1_154' title='bbox 3196 730 3386 777; x_wconf 88' lang='lat' dir='ltr'><strong>contra</strong></span> <span class='ocrx_word' id='word_1_155' title='bbox 3425 723 3581 792; x_wconf 88' lang='lat' dir='ltr'><strong>pravi</strong></span> 
     </span>
    </p>
   </div>
   <div class='ocr_carea' id='block_1_23' title="bbox 1995 832 3586 905">
    <p class='ocr_par' dir='ltr' id='par_1_23' title="bbox 1995 832 3586 905">
     <span class='ocr_line' id='line_1_23' title="bbox 1995 832 3586 905; baseline 0.002 -19"><span class='ocrx_word' id='word_1_156' title='bbox 1995 840 2149 898; x_wconf 79' lang='lat' dir='ltr'><strong>sunt,</strong></span> <span class='ocrx_word' id='word_1_157' title='bbox 2187 832 2440 887; x_wconf 72' lang='lat' dir='ltr'><strong>civitates</strong></span> <span class='ocrx_word' id='word_1_158' title='bbox 2488 832 2738 888; x_wconf 84' lang='lat' dir='ltr'><strong>labantes</strong></span> <span class='ocrx_word' id='word_1_159' title='bbox 2783 833 2839 888; x_wconf 90' lang='lat' dir='ltr'><strong>in</strong></span> <span class='ocrx_word' id='word_1_160' title='bbox 2865 834 3098 889; x_wconf 78' lang='lat' dir='ltr'><strong>exitium</strong></span> <span class='ocrx_word' id='word_1_161' title='bbox 3128 844 3333 903; x_wconf 89' lang='lat' dir='ltr'><strong>ruent;</strong></span> <span class='ocrx_word' id='word_1_162' title='bbox 3377 842 3435 888; x_wconf 91' lang='lat' dir='ltr'><strong>tu</strong></span> <span class='ocrx_word' id='word_1_163' title='bbox 3467 837 3586 905; x_wconf 81' lang='lat' dir='ltr'><strong>ipse</strong></span> 
     </span>
    </p>
   </div>
   <div class='ocr_carea' id='block_1_24' title="bbox 1998 949 3585 1023">
    <p class='ocr_par' dir='ltr' id='par_1_24' title="bbox 1998 949 3585 1023">
     <span class='ocr_line' id='line_1_24' title="bbox 1998 949 3585 1023; baseline 0.002 -19"><span class='ocrx_word' id='word_1_164' title='bbox 1998 958 2181 1005; x_wconf 86' lang='lat' dir='ltr'><strong>autem</strong></span> <span class='ocrx_word' id='word_1_165' title='bbox 2211 965 2312 1020; x_wconf 92' lang='lat' dir='ltr'><strong>per</strong></span> <span class='ocrx_word' id='word_1_166' title='bbox 2341 949 2628 1005; x_wconf 88' lang='lat' dir='ltr'><strong>hominum</strong></span> <span class='ocrx_word' id='word_1_167' title='bbox 2649 966 2746 1006; x_wconf 90' lang='lat' dir='ltr'><strong>ora</strong></span> <span class='ocrx_word' id='word_1_168' title='bbox 2767 951 2875 1008; x_wconf 85' lang='lat' dir='ltr'><strong>ibis</strong></span> <span class='ocrx_word' id='word_1_169' title='bbox 2901 951 3204 1008; x_wconf 88' lang='lat' dir='ltr'><strong>dicentium</strong></span> <span class='ocrx_word' id='word_1_170' title='bbox 3230 963 3283 1010; x_wconf 88' lang='lat' dir='ltr'><strong>te</strong></span> <span class='ocrx_word' id='word_1_171' title='bbox 3309 953 3585 1023; x_wconf 89' lang='lat' dir='ltr'><strong>optimum</strong></span> 
     </span>
    </p>
   </div>
   <div class='ocr_carea' id='block_1_25' title="bbox 1999 1065 3586 1139">
    <p class='ocr_par' dir='ltr' id='par_1_25' title="bbox 1999 1065 3586 1139">
     <span class='ocr_line' id='line_1_25' title="bbox 1999 1065 3586 1139; baseline 0.001 -18"><span class='ocrx_word' id='word_1_172' title='bbox 1999 1067 2224 1138; x_wconf 89' lang='lat' dir='ltr'><strong>quidem</strong></span> <span class='ocrx_word' id='word_1_173' title='bbox 2252 1065 2436 1121; x_wconf 84' lang='lat' dir='ltr'><strong>virum</strong></span> <span class='ocrx_word' id='word_1_174' title='bbox 2469 1065 2834 1123; x_wconf 91' lang='lat' dir='ltr'><strong>inﬁrmiorem</strong></span> <span class='ocrx_word' id='word_1_175' title='bbox 2862 1081 2983 1122; x_wconf 87' lang='lat' dir='ltr'><strong>esse</strong></span> <span class='ocrx_word' id='word_1_176' title='bbox 3009 1082 3173 1137; x_wconf 84' lang='lat' dir='ltr'><strong>quam</strong></span> <span class='ocrx_word' id='word_1_177' title='bbox 3206 1076 3267 1123; x_wconf 89' lang='lat' dir='ltr'><strong>ut</strong></span> <span class='ocrx_word' id='word_1_178' title='bbox 3297 1070 3586 1139; x_wconf 84' lang='lat' dir='ltr'><strong>magistra-</strong></span> 
     </span>
    </p>
   </div>
   <div class='ocr_carea' id='block_1_26' title="bbox 2001 1177 3588 1251">
    <p class='ocr_par' dir='ltr' id='par_1_26' title="bbox 2001 1177 3588 1251">
     <span class='ocr_line' id='line_1_26' title="bbox 2001 1177 3588 1251; baseline 0.003 -19"><span class='ocrx_word' id='word_1_179' title='bbox 2001 1185 2091 1232; x_wconf 89' lang='lat' dir='ltr'><strong>tus</strong></span> <span class='ocrx_word' id='word_1_180' title='bbox 2121 1193 2152 1232; x_wconf 91' lang='lat' dir='ltr'><strong>a</strong></span> <span class='ocrx_word' id='word_1_181' title='bbox 2177 1177 2592 1249; x_wconf 72' lang='lat' dir='ltr'><strong>praevaricando</strong></span> <span class='ocrx_word' id='word_1_182' title='bbox 2625 1177 2919 1249; x_wconf 83' lang='lat' dir='ltr'><strong>impedias.</strong></span> <span class='ocrx_word' id='word_1_183' title='bbox 2965 1179 3022 1235; x_wconf 91' lang='lat' dir='ltr'><strong>Si</strong></span> <span class='ocrx_word' id='word_1_184' title='bbox 3064 1180 3215 1235; x_wconf 91' lang='lat' dir='ltr'><strong>enim</strong></span> <span class='ocrx_word' id='word_1_185' title='bbox 3252 1180 3370 1236; x_wconf 84' lang='lat' dir='ltr'><strong>ﬁeri</strong></span> <span class='ocrx_word' id='word_1_186' title='bbox 3399 1191 3588 1251; x_wconf 84' lang='lat' dir='ltr'><strong>posset</strong></span> 
     </span>
    </p>
   </div>
   <div class='ocr_carea' id='block_1_27' title="bbox 1999 1287 3598 1363">
    <p class='ocr_par' dir='ltr' id='par_1_27' title="bbox 1999 1287 3598 1363">
     <span class='ocr_line' id='line_1_27' title="bbox 1999 1287 3598 1363; baseline 0.001 -18"><span class='ocrx_word' id='word_1_187' title='bbox 1999 1300 2062 1345; x_wconf 90' lang='lat' dir='ltr'><strong>ut</strong></span> <span class='ocrx_word' id='word_1_188' title='bbox 2081 1291 2290 1348; x_wconf 74' lang='lat' dir='ltr'><strong>semitas</strong></span> <span class='ocrx_word' id='word_1_189' title='bbox 2319 1306 2457 1362; x_wconf 87' lang='lat' dir='ltr'><strong>quas</strong></span> <span class='ocrx_word' id='word_1_190' title='bbox 2484 1300 2658 1362; x_wconf 64' lang='lat' dir='ltr'><strong>poetae</strong></span> <span class='ocrx_word' id='word_1_191' title='bbox 2684 1287 3008 1363; x_wconf 86' lang='lat' dir='ltr'><strong>Triptolemi</strong></span> <span class='ocrx_word' id='word_1_192' title='bbox 3040 1295 3265 1350; x_wconf 88' lang='lat' dir='ltr'><strong>nomine</strong></span> <span class='ocrx_word' id='word_1_193' title='bbox 3297 1294 3598 1360; x_wconf 63' lang='lat' dir='ltr'><strong>decorant,</strong></span> 
     </span>
    </p>
   </div>
   <div class='ocr_carea' id='block_1_28' title="bbox 2002 1407 3590 1482">
    <p class='ocr_par' dir='ltr' id='par_1_28' title="bbox 2002 1407 3590 1482">
     <span class='ocr_line' id='line_1_28' title="bbox 2002 1407 3590 1482; baseline 0.003 -21"><span class='ocrx_word' id='word_1_194' title='bbox 2002 1413 2174 1462; x_wconf 91' lang='lat' dir='ltr'><strong>totam</strong></span> <span class='ocrx_word' id='word_1_195' title='bbox 2206 1419 2412 1462; x_wconf 88' lang='lat' dir='ltr'><strong>terram</strong></span> <span class='ocrx_word' id='word_1_196' title='bbox 2442 1407 2834 1478; x_wconf 86' lang='lat' dir='ltr'><strong>pervaderent.</strong></span> <span class='ocrx_word' id='word_1_197' title='bbox 2867 1410 3020 1464; x_wconf 90' lang='lat' dir='ltr'><strong>nulla</strong></span> <span class='ocrx_word' id='word_1_198' title='bbox 3043 1410 3155 1482; x_wconf 87' lang='lat' dir='ltr'><strong>jam</strong></span> <span class='ocrx_word' id='word_1_199' title='bbox 3179 1409 3472 1466; x_wconf 82' lang='lat' dir='ltr'><strong>diﬁlcultas</strong></span> <span class='ocrx_word' id='word_1_200' title='bbox 3497 1425 3590 1466; x_wconf 84' lang='lat' dir='ltr'><strong>es-</strong></span> 
     </span>
    </p>
   </div>
   <div class='ocr_carea' id='block_1_29' title="bbox 2001 1521 3591 1596">
    <p class='ocr_par' dir='ltr' id='par_1_29' title="bbox 2001 1521 3591 1596">
     <span class='ocr_line' id='line_1_29' title="bbox 2001 1521 3591 1596; baseline 0.004 -20"><span class='ocrx_word' id='word_1_201' title='bbox 2001 1529 2107 1587; x_wconf 87' lang='lat' dir='ltr'><strong>set,</strong></span> <span class='ocrx_word' id='word_1_202' title='bbox 2135 1522 2232 1576; x_wconf 91' lang='lat' dir='ltr'><strong>sed</strong></span> <span class='ocrx_word' id='word_1_203' title='bbox 2269 1521 2455 1577; x_wconf 85' lang='lat' dir='ltr'><strong>omnia</strong></span> <span class='ocrx_word' id='word_1_204' title='bbox 2490 1521 2727 1593; x_wconf 88' lang='lat' dir='ltr'><strong>pedibus</strong></span> <span class='ocrx_word' id='word_1_205' title='bbox 2765 1523 3037 1579; x_wconf 86' lang='lat' dir='ltr'><strong>subderes</strong></span> <span class='ocrx_word' id='word_1_206' title='bbox 3089 1523 3223 1590; x_wconf 85' lang='lat' dir='ltr'><strong>tuis,</strong></span> <span class='ocrx_word' id='word_1_207' title='bbox 3266 1525 3591 1596; x_wconf 86' lang='lat' dir='ltr'><strong>nullumque</strong></span> 
     </span>
    </p>
   </div>
   <div class='ocr_carea' id='block_1_30' title="bbox 2000 1635 3591 1705">
    <p class='ocr_par' dir='ltr' id='par_1_30' title="bbox 2000 1635 3591 1705">
     <span class='ocr_line' id='line_1_30' title="bbox 2000 1635 3591 1705; baseline 0.003 -13"><span class='ocrx_word' id='word_1_208' title='bbox 2000 1635 2196 1692; x_wconf 84' lang='lat' dir='ltr'><strong>sceleri</strong></span> <span class='ocrx_word' id='word_1_209' title='bbox 2222 1636 2404 1692; x_wconf 90' lang='lat' dir='ltr'><strong>locum</strong></span> <span class='ocrx_word' id='word_1_210' title='bbox 2442 1637 2620 1705; x_wconf 86' lang='lat' dir='ltr'><strong>dares,</strong></span> <span class='ocrx_word' id='word_1_211' title='bbox 2651 1639 2794 1693; x_wconf 88' lang='lat' dir='ltr'><strong>sicut</strong></span> <span class='ocrx_word' id='word_1_212' title='bbox 2825 1647 2985 1695; x_wconf 82' lang='lat' dir='ltr'><strong>antea</strong></span> <span class='ocrx_word' id='word_1_213' title='bbox 3020 1640 3292 1694; x_wconf 90' lang='lat' dir='ltr'><strong>bonarum</strong></span> <span class='ocrx_word' id='word_1_214' title='bbox 3335 1650 3388 1696; x_wconf 89' lang='lat' dir='ltr'><strong>te</strong></span> <span class='ocrx_word' id='word_1_215' title='bbox 3419 1643 3591 1698; x_wconf 86' lang='lat' dir='ltr'><strong>actio-</strong></span> 
     </span>
    </p>
   </div>
   <div class='ocr_carea' id='block_1_31' title="bbox 2002 1752 3592 1827">
    <p class='ocr_par' dir='ltr' id='par_1_31' title="bbox 2002 1752 3592 1827">
     <span class='ocr_line' id='line_1_31' title="bbox 2002 1752 3592 1827; baseline 0.004 -21"><span class='ocrx_word' id='word_1_216' title='bbox 2002 1766 2134 1806; x_wconf 91' lang='lat' dir='ltr'><strong>num</strong></span> <span class='ocrx_word' id='word_1_217' title='bbox 2168 1752 2450 1822; x_wconf 80' lang='lat' dir='ltr'><strong>exemplar</strong></span> <span class='ocrx_word' id='word_1_218' title='bbox 2479 1753 2808 1809; x_wconf 87' lang='lat' dir='ltr'><strong>exhibuisti.</strong></span> <span class='ocrx_word' id='word_1_219' title='bbox 2832 1754 2940 1810; x_wconf 88' lang='lat' dir='ltr'><strong>Sed</strong></span> <span class='ocrx_word' id='word_1_220' title='bbox 2966 1771 3089 1810; x_wconf 94' lang='lat' dir='ltr'><strong>cum</strong></span> <span class='ocrx_word' id='word_1_221' title='bbox 3116 1755 3171 1810; x_wconf 92' lang='lat' dir='ltr'><strong>id</strong></span> <span class='ocrx_word' id='word_1_222' title='bbox 3199 1756 3318 1812; x_wconf 90' lang='lat' dir='ltr'><strong>ﬁeri</strong></span> <span class='ocrx_word' id='word_1_223' title='bbox 3344 1757 3454 1827; x_wconf 87' lang='lat' dir='ltr'><strong>jam</strong></span> <span class='ocrx_word' id='word_1_224' title='bbox 3481 1772 3592 1812; x_wconf 85' lang='lat' dir='ltr'><strong>non</strong></span> 
     </span>
    </p>
   </div>
   <div class='ocr_carea' id='block_1_32' title="bbox 320 1851 1904 1962">
    <p class='ocr_par' dir='ltr' id='par_1_32' title="bbox 320 1851 1899 1962">
     <span class='ocr_line' id='line_1_32' title="bbox 320 1851 1899 1962; baseline 0.008 -27"><span class='ocrx_word' id='word_1_225' title='bbox 320 1851 970 1958; x_wconf 47' lang='grc' dir='ltr'><strong>ρεῖχες,’ἀλ).ὰ’πρὸς,τῶ</strong></span> <span class='ocrx_word' id='word_1_226' title='bbox 1005 1889 1166 1945; x_wconf 87' lang='grc' dir='ltr'><strong>πάνθ’</strong></span> <span class='ocrx_word' id='word_1_227' title='bbox 1218 1889 1255 1944; x_wconf 78' lang='grc' dir='ltr'>ἃ</span> <span class='ocrx_word' id='word_1_228' title='bbox 1287 1851 1536 1962; x_wconf 56' lang='grc' dir='ltr'><strong>προσῆκε</strong></span> <span class='ocrx_word' id='word_1_229' title='bbox 1570 1851 1770 1962; x_wconf 49' lang='grc' dir='ltr'><strong>ποιεῖν,</strong></span> <span class='ocrx_word' id='word_1_230' title='bbox 1801 1851 1899 1948; x_wconf 45' lang='grc' dir='ltr'><strong>νει</strong></span> 
     </span>
    </p>
   </div>
   <div class='ocr_carea' id='block_1_33' title="bbox 2008 1851 3588 1962">
    <p class='ocr_par' dir='ltr' id='par_1_33' title="bbox 2008 1863 3588 1940">
     <span class='ocr_line' id='line_1_33' title="bbox 2008 1863 3588 1940; baseline 0.003 -22"><span class='ocrx_word' id='word_1_231' title='bbox 2008 1864 2196 1934; x_wconf 82' lang='lat' dir='ltr'><strong>possit,</strong></span> <span class='ocrx_word' id='word_1_232' title='bbox 2220 1863 2384 1920; x_wconf 85' lang='lat' dir='ltr'><strong>bonis</strong></span> <span class='ocrx_word' id='word_1_233' title='bbox 2413 1865 2514 1919; x_wconf 84' lang='lat' dir='ltr'><strong>tibi</strong></span> <span class='ocrx_word' id='word_1_234' title='bbox 2555 1879 2634 1930; x_wconf 84' lang='lat' dir='ltr'><strong>re,</strong></span> <span class='ocrx_word' id='word_1_235' title='bbox 2658 1879 2768 1920; x_wconf 90' lang='lat' dir='ltr'><strong>non</strong></span> <span class='ocrx_word' id='word_1_236' title='bbox 2797 1865 3022 1921; x_wconf 85' lang='lat' dir='ltr'><strong>nomine</strong></span> <span class='ocrx_word' id='word_1_237' title='bbox 3056 1874 3269 1921; x_wconf 86' lang='lat' dir='ltr'><strong>tantum</strong></span> <span class='ocrx_word' id='word_1_238' title='bbox 3297 1867 3588 1940; x_wconf 84' lang='lat' dir='ltr'><strong>magistra-</strong></span> 
     </span>
    </p>
   </div>
   <div class='ocr_carea' id='block_1_34' title="bbox 319 1975 1898 2051">
    <p class='ocr_par' dir='ltr' id='par_1_34' title="bbox 319 1975 1898 2051">
     <span class='ocr_line' id='line_1_34' title="bbox 319 1975 1898 2051; baseline 0.008 -26"><span class='ocrx_word' id='word_1_239' title='bbox 319 1975 516 2027; x_wconf 74' lang='grc' dir='ltr'><strong>σαυτὸν</strong></span> <span class='ocrx_word' id='word_1_240' title='bbox 544 1979 660 2039; x_wconf 89' lang='grc' dir='ltr'><strong>τοῖς</strong></span> <span class='ocrx_word' id='word_1_241' title='bbox 687 1979 788 2031; x_wconf 84' lang='grc' dir='ltr'><strong>οὐκ</strong></span> <span class='ocrx_word' id='word_1_242' title='bbox 816 1978 1016 2032; x_wconf 80' lang='grc' dir='ltr'><strong>εἰδόσιν</strong></span> <span class='ocrx_word' id='word_1_243' title='bbox 1043 1980 1307 2049; x_wconf 81' lang='grc' dir='ltr'><strong>ὲδείκνυς,</strong></span> <span class='ocrx_word' id='word_1_244' title='bbox 1343 1982 1453 2036; x_wconf 85' lang='grc' dir='ltr'><strong>ἀπὸ</strong></span> <span class='ocrx_word' id='word_1_245' title='bbox 1481 1984 1646 2051; x_wconf 87' lang='grc' dir='ltr'><strong>μόνου</strong></span> <span class='ocrx_word' id='word_1_246' title='bbox 1680 1982 1774 2038; x_wconf 81' lang='grc' dir='ltr'><strong>νῦν</strong></span> <span class='ocrx_word' id='word_1_247' title='bbox 1802 1983 1898 2038; x_wconf 83' lang='grc' dir='ltr'><strong>τοῦ</strong></span> 
     </span>
    </p>
   </div>
   <div class='ocr_carea' id='block_1_35' title="bbox 320 2068 1898 2146">
    <p class='ocr_par' dir='ltr' id='par_1_35' title="bbox 320 2068 1898 2146">
     <span class='ocr_line' id='line_1_35' title="bbox 320 2068 1898 2146; baseline 0.01 -29"><span class='ocrx_word' id='word_1_248' title='bbox 320 2068 713 2136; x_wconf 84' lang='grc' dir='ltr'><strong>προσρήματος</strong></span> <span class='ocrx_word' id='word_1_249' title='bbox 764 2074 1234 2143; x_wconf 82' lang='grc' dir='ltr'><strong>γιγνωσκόμενος,</strong></span> <span class='ocrx_word' id='word_1_250' title='bbox 1277 2077 1584 2146; x_wconf 82' lang='grc' dir='ltr'><strong>τηνικαῦτα</strong></span> <span class='ocrx_word' id='word_1_251' title='bbox 1631 2077 1680 2131; x_wconf 87' lang='grc' dir='ltr'>δ’</span> <span class='ocrx_word' id='word_1_252' title='bbox 1731 2078 1898 2144; x_wconf 80' lang='grc' dir='ltr'><strong>αὐτὸς</strong></span> 
     </span>
    </p>
   </div>
   <div class='ocr_carea' id='block_1_36' title="bbox 318 2155 1899 2238">
    <p class='ocr_par' dir='ltr' id='par_1_36' title="bbox 318 2155 1899 2238">
     <span class='ocr_line' id='line_1_36' title="bbox 318 2155 1899 2238; baseline 0.009 -30"><span class='ocrx_word' id='word_1_253' title='bbox 318 2155 621 2227; x_wconf 79' lang='grc' dir='ltr'><strong>ὁρώμενος·</strong></span> <span class='ocrx_word' id='word_1_254' title='bbox 653 2161 745 2213; x_wconf 84' lang='grc' dir='ltr'><strong>ὅτε</strong></span> <span class='ocrx_word' id='word_1_255' title='bbox 773 2160 834 2214; x_wconf 79' lang='grc' dir='ltr'>δὲ</span> <span class='ocrx_word' id='word_1_256' title='bbox 877 2162 1040 2216; x_wconf 81' lang='grc' dir='ltr'><strong>τοῦτο</strong></span> <span class='ocrx_word' id='word_1_257' title='bbox 1090 2166 1192 2217; x_wconf 84' lang='grc' dir='ltr'><strong>οὐκ</strong></span> <span class='ocrx_word' id='word_1_258' title='bbox 1233 2165 1334 2231; x_wconf 78' lang='grc' dir='ltr'><strong>ἔνι,</strong></span> <span class='ocrx_word' id='word_1_259' title='bbox 1366 2168 1649 2238; x_wconf 85' lang='grc' dir='ltr'><strong>ἀρχόντων</strong></span> <span class='ocrx_word' id='word_1_260' title='bbox 1699 2168 1783 2221; x_wconf 73' lang='grc' dir='ltr'>δεῖ</span> <span class='ocrx_word' id='word_1_261' title='bbox 1813 2185 1899 2222; x_wconf 91' lang='grc' dir='ltr'><strong>σοι</strong></span> 
     </span>
    </p>
   </div>
   <div class='ocr_carea' id='block_1_37' title="bbox 319 2245 1901 2329">
    <p class='ocr_par' dir='ltr' id='par_1_37' title="bbox 319 2245 1901 2329">
     <span class='ocr_line' id='line_1_37' title="bbox 319 2245 1901 2329; baseline 0.011 -35"><span class='ocrx_word' id='word_1_262' title='bbox 319 2245 594 2313; x_wconf 85' lang='grc' dir='ltr'><strong>χρηστῶν,</strong></span> <span class='ocrx_word' id='word_1_263' title='bbox 626 2249 722 2302; x_wconf 77' lang='grc' dir='ltr'><strong>καὶ</strong></span> <span class='ocrx_word' id='word_1_264' title='bbox 751 2248 830 2320; x_wconf 85' lang='grc' dir='ltr'><strong>μὴ</strong></span> <span class='ocrx_word' id='word_1_265' title='bbox 857 2250 1209 2324; x_wconf 79' lang='grc' dir='ltr'>ψευδομένων</span> <span class='ocrx_word' id='word_1_266' title='bbox 1238 2254 1502 2327; x_wconf 77' lang='grc' dir='ltr'><strong>τοῦνομα,</strong></span> <span class='ocrx_word' id='word_1_267' title='bbox 1536 2258 1662 2329; x_wconf 82' lang='grc' dir='ltr'><strong>μηδ’</strong></span> <span class='ocrx_word' id='word_1_268' title='bbox 1694 2254 1778 2323; x_wconf 77' lang='grc' dir='ltr'>οἷς</span> <span class='ocrx_word' id='word_1_269' title='bbox 1807 2259 1901 2312; x_wconf 80' lang='grc' dir='ltr'><strong>ἀν·</strong></span> 
     </span>
    </p>
   </div>
   <div class='ocr_carea' id='block_1_38' title="bbox 323 2333 1901 2420">
    <p class='ocr_par' dir='ltr' id='par_1_38' title="bbox 323 2333 1901 2420">
     <span class='ocr_line' id='line_1_38' title="bbox 323 2333 1901 2420; baseline 0.012 -34"><span class='ocrx_word' id='word_1_270' title='bbox 323 2333 559 2404; x_wconf 82' lang='grc' dir='ltr'><strong>θρώπων</strong></span> <span class='ocrx_word' id='word_1_271' title='bbox 589 2338 778 2409; x_wconf 81' lang='grc' dir='ltr'><strong>ἄρχειν</strong></span> <span class='ocrx_word' id='word_1_272' title='bbox 807 2340 1078 2410; x_wconf 82' lang='grc' dir='ltr'><strong>δοκοῦσιν,</strong></span> <span class='ocrx_word' id='word_1_273' title='bbox 1109 2345 1292 2400; x_wconf 82' lang='grc' dir='ltr'><strong>αὐτῶν</strong></span> <span class='ocrx_word' id='word_1_274' title='bbox 1319 2347 1426 2400; x_wconf 82' lang='grc' dir='ltr'><strong>ὑπὸ</strong></span> <span class='ocrx_word' id='word_1_275' title='bbox 1467 2348 1780 2420; x_wconf 86' lang='grc' dir='ltr'><strong>λημμάτων</strong></span> <span class='ocrx_word' id='word_1_276' title='bbox 1806 2351 1901 2404; x_wconf 79' lang='grc' dir='ltr'><strong>καὶ</strong></span> 
     </span>
    </p>
   </div>
   <div class='ocr_carea' id='block_1_39' title="bbox 320 2429 1900 2513">
    <p class='ocr_par' dir='ltr' id='par_1_39' title="bbox 320 2429 1900 2513">
     <span class='ocr_line' id='line_1_39' title="bbox 320 2429 1900 2513; baseline 0.011 -32"><span class='ocrx_word' id='word_1_277' title='bbox 320 2429 383 2482; x_wconf 75' lang='grc' dir='ltr'><strong>οὔ</strong></span> <span class='ocrx_word' id='word_1_278' title='bbox 427 2431 608 2486; x_wconf 82' lang='grc' dir='ltr'><strong>καλῶν</strong></span> <span class='ocrx_word' id='word_1_279' title='bbox 654 2435 968 2506; x_wconf 79' lang='grc' dir='ltr'><strong>ἐπιθυμιῶν</strong></span> <span class='ocrx_word' id='word_1_280' title='bbox 1009 2439 1262 2504; x_wconf 77' lang='grc' dir='ltr'>ἐλεεινῶς</span> <span class='ocrx_word' id='word_1_281' title='bbox 1313 2442 1656 2513; x_wconf 82' lang='grc' dir='ltr'><strong>ἀρχομένων,</strong></span> <span class='ocrx_word' id='word_1_282' title='bbox 1715 2445 1803 2498; x_wconf 82' lang='grc' dir='ltr'><strong>ῐνα</strong></span> <span class='ocrx_word' id='word_1_283' title='bbox 1831 2446 1900 2498; x_wconf 89' lang='grc' dir='ltr'>δι’</span> 
     </span>
    </p>
   </div>
   <div class='ocr_carea' id='block_1_40' title="bbox 320 2522 1901 2608">
    <p class='ocr_par' dir='ltr' id='par_1_40' title="bbox 320 2522 1901 2608">
     <span class='ocr_line' id='line_1_40' title="bbox 320 2522 1901 2608; baseline 0.012 -34"><span class='ocrx_word' id='word_1_284' title='bbox 320 2522 499 2576; x_wconf 83' lang='grc' dir='ltr'><strong>αὐτῶν</strong></span> <span class='ocrx_word' id='word_1_285' title='bbox 528 2524 722 2598; x_wconf 85' lang='grc' dir='ltr'><strong>ὥσπερ</strong></span> <span class='ocrx_word' id='word_1_286' title='bbox 747 2529 912 2582; x_wconf 85' lang='grc' dir='ltr'><strong>τινῶν</strong></span> <span class='ocrx_word' id='word_1_287' title='bbox 957 2529 1226 2600; x_wconf 83' lang='grc' dir='ltr'><strong>ὀμμάτων</strong></span> <span class='ocrx_word' id='word_1_288' title='bbox 1255 2533 1396 2588; x_wconf 75' lang='grc' dir='ltr'>οἴκοι</span> <span class='ocrx_word' id='word_1_289' title='bbox 1439 2537 1773 2608; x_wconf 85' lang='grc' dir='ltr'><strong>καθήμενος,</strong></span> <span class='ocrx_word' id='word_1_290' title='bbox 1805 2539 1901 2594; x_wconf 77' lang='grc' dir='ltr'><strong>καὶ</strong></span> 
     </span>
    </p>
   </div>
   <div class='ocr_carea' id='block_1_41' title="bbox 318 2615 1902 2704">
    <p class='ocr_par' dir='ltr' id='par_1_41' title="bbox 318 2615 1902 2704">
     <span class='ocr_line' id='line_1_41' title="bbox 318 2615 1902 2704; baseline 0.012 -37"><span class='ocrx_word' id='word_1_291' title='bbox 318 2615 388 2668; x_wconf 82' lang='grc' dir='ltr'><strong>τὰ</strong></span> <span class='ocrx_word' id='word_1_292' title='bbox 413 2617 555 2670; x_wconf 85' lang='grc' dir='ltr'><strong>πάνυ</strong></span> <span class='ocrx_word' id='word_1_293' title='bbox 585 2635 670 2672; x_wconf 90' lang='grc' dir='ltr'><strong>τοι</strong></span> <span class='ocrx_word' id='word_1_294' title='bbox 701 2620 891 2692; x_wconf 79' lang='grc' dir='ltr'><strong>πόρῤω</strong></span> <span class='ocrx_word' id='word_1_295' title='bbox 921 2624 1102 2678; x_wconf 78' lang='grc' dir='ltr'><strong>πάντα</strong></span> <span class='ocrx_word' id='word_1_296' title='bbox 1129 2626 1366 2702; x_wconf 83' lang='grc' dir='ltr'>διορώῃς</span> <span class='ocrx_word' id='word_1_297' title='bbox 1397 2645 1478 2696; x_wconf 88' lang='grc' dir='ltr'><strong>τε,</strong></span> <span class='ocrx_word' id='word_1_298' title='bbox 1507 2633 1604 2683; x_wconf 77' lang='grc' dir='ltr'><strong>καὶ</strong></span> <span class='ocrx_word' id='word_1_299' title='bbox 1633 2635 1902 2704; x_wconf 76' lang='grc' dir='ltr'><strong>κοσμοίης</strong></span> 
     </span>
    </p>
   </div>
   <div class='ocr_carea' id='block_1_42' title="bbox 320 2707 1903 2793">
    <p class='ocr_par' dir='ltr' id='par_1_42' title="bbox 320 2707 1903 2793">
     <span class='ocr_line' id='line_1_42' title="bbox 320 2707 1903 2793; baseline 0.011 -33"><span class='ocrx_word' id='word_1_300' title='bbox 320 2707 558 2761; x_wconf 75' lang='grc' dir='ltr'><strong>ἐπαίνων</strong></span> <span class='ocrx_word' id='word_1_301' title='bbox 581 2709 788 2777; x_wconf 79' lang='grc' dir='ltr'><strong>ἀξίους,</strong></span> <span class='ocrx_word' id='word_1_302' title='bbox 816 2715 908 2766; x_wconf 75' lang='grc' dir='ltr'><strong>καὶ</strong></span> <span class='ocrx_word' id='word_1_303' title='bbox 935 2714 1011 2778; x_wconf 86' lang='grc' dir='ltr'><strong>ὼς</strong></span> <span class='ocrx_word' id='word_1_304' title='bbox 1036 2716 1102 2770; x_wconf 84' lang='grc' dir='ltr'><strong>ἀν</strong></span> <span class='ocrx_word' id='word_1_305' title='bbox 1127 2734 1212 2780; x_wconf 90' lang='grc' dir='ltr'><strong>τις</strong></span> <span class='ocrx_word' id='word_1_306' title='bbox 1238 2719 1430 2789; x_wconf 88' lang='grc' dir='ltr'><strong>παρὼν</strong></span> <span class='ocrx_word' id='word_1_307' title='bbox 1463 2723 1557 2775; x_wconf 78' lang='grc' dir='ltr'><strong>καὶ</strong></span> <span class='ocrx_word' id='word_1_308' title='bbox 1584 2723 1692 2776; x_wconf 93' lang='grc' dir='ltr'><strong>τῶν</strong></span> <span class='ocrx_word' id='word_1_309' title='bbox 1721 2741 1903 2793; x_wconf 58' lang='grc' dir='ltr'><strong>γιγνω</strong></span> 
     </span>
    </p>
   </div>
   <div class='ocr_carea' id='block_1_43' title="bbox 323 2802 1900 2886">
    <p class='ocr_par' dir='ltr' id='par_1_43' title="bbox 323 2802 1900 2886">
     <span class='ocr_line' id='line_1_43' title="bbox 323 2802 1900 2886; baseline 0.011 -33"><span class='ocrx_word' id='word_1_310' title='bbox 323 2802 498 2870; x_wconf 79' lang='grc' dir='ltr'><strong>μένων</strong></span> <span class='ocrx_word' id='word_1_311' title='bbox 522 2803 728 2858; x_wconf 75' lang='grc' dir='ltr'><strong>ἕκαστα</strong></span> <span class='ocrx_word' id='word_1_312' title='bbox 753 2807 969 2876; x_wconf 84' lang='grc' dir='ltr'><strong>βλέπων</strong></span> <span class='ocrx_word' id='word_1_313' title='bbox 995 2825 1010 2840; x_wconf 79' lang='grc'><em>’</em></span> <span class='ocrx_word' id='word_1_314' title='bbox 1040 2809 1102 2862; x_wconf 85' lang='grc' dir='ltr'><strong>οὐ</strong></span> <span class='ocrx_word' id='word_1_315' title='bbox 1134 2811 1242 2882; x_wconf 78' lang='grc' dir='ltr'><strong>μὴν</strong></span> <span class='ocrx_word' id='word_1_316' title='bbox 1257 2813 1471 2878; x_wconf 85' lang='grc' dir='ltr'><strong>τούτοις</strong></span> <span class='ocrx_word' id='word_1_317' title='bbox 1493 2815 1900 2886; x_wconf 82' lang='grc' dir='ltr'><strong>ὲπιτετραφότα</strong></span> 
     </span>
    </p>
   </div>
   <div class='ocr_carea' id='block_1_44' title="bbox 319 2893 1898 2978">
    <p class='ocr_par' dir='ltr' id='par_1_44' title="bbox 319 2893 1898 2978">
     <span class='ocr_line' id='line_1_44' title="bbox 319 2893 1898 2978; baseline 0.011 -30"><span class='ocrx_word' id='word_1_318' title='bbox 319 2893 381 2948; x_wconf 85' lang='grc' dir='ltr'><strong>τὺ</strong></span> <span class='ocrx_word' id='word_1_319' title='bbox 430 2899 558 2963; x_wconf 84' lang='grc' dir='ltr'><strong>πᾶν,</strong></span> <span class='ocrx_word' id='word_1_320' title='bbox 595 2898 973 2972; x_wconf 67' lang='grc' dir='ltr'><strong>ῥᾳθυμότερόν</strong></span> <span class='ocrx_word' id='word_1_321' title='bbox 1023 2919 1141 2966; x_wconf 88' lang='grc' dir='ltr'><strong>πως</strong></span> <span class='ocrx_word' id='word_1_322' title='bbox 1195 2904 1362 2959; x_wconf 84' lang='grc' dir='ltr'><strong>αὐτὸν</strong></span> <span class='ocrx_word' id='word_1_323' title='bbox 1410 2906 1515 2978; x_wconf 81' lang='grc' dir='ltr'><strong>χρὴ</strong></span> <span class='ocrx_word' id='word_1_324' title='bbox 1564 2907 1898 2978; x_wconf 79' lang='grc' dir='ltr'><strong>διακεῖσθαι,</strong></span> 
     </span>
    </p>
   </div>
   <div class='ocr_carea' id='block_1_45' title="bbox 314 2983 1898 3070">
    <p class='ocr_par' dir='ltr' id='par_1_45' title="bbox 314 2983 1898 3070">
     <span class='ocr_line' id='line_1_45' title="bbox 314 2983 1898 3070; baseline 0.01 -32"><span class='ocrx_word' id='word_1_325' title='bbox 314 2983 427 3038; x_wconf 74' lang='grc' dir='ltr'>οὐδ’</span> <span class='ocrx_word' id='word_1_326' title='bbox 457 2985 630 3048; x_wconf 80' lang='grc' dir='ltr'><strong>οὕτως</strong></span> <span class='ocrx_word' id='word_1_327' title='bbox 660 2989 1200 3062; x_wconf 75' lang='grc' dir='ltr'><strong>έρῤᾳστωνευμένως</strong></span> <span class='ocrx_word' id='word_1_328' title='bbox 1226 2993 1296 3047; x_wconf 89' lang='grc' dir='ltr'><strong>δι’</strong></span> <span class='ocrx_word' id='word_1_329' title='bbox 1329 2995 1532 3060; x_wconf 78' lang='grc' dir='ltr'><strong>αὐτοὺς</strong></span> <span class='ocrx_word' id='word_1_330' title='bbox 1571 2999 1687 3062; x_wconf 83' lang='grc' dir='ltr'><strong>τοῖς</strong></span> <span class='ocrx_word' id='word_1_331' title='bbox 1718 2999 1898 3070; x_wconf 88' lang='grc' dir='ltr'><strong>πράγ-</strong></span> 
     </span>
    </p>
   </div>
   <div class='ocr_carea' id='block_1_46' title="bbox 319 3079 1899 3165">
    <p class='ocr_par' dir='ltr' id='par_1_46' title="bbox 319 3079 1899 3165">
     <span class='ocr_line' id='line_1_46' title="bbox 319 3079 1899 3165; baseline 0.012 -36"><span class='ocrx_word' id='word_1_332' title='bbox 319 3094 454 3146; x_wconf 89' lang='grc' dir='ltr'>μασι</span> <span class='ocrx_word' id='word_1_333' title='bbox 481 3079 740 3150; x_wconf 78' lang='grc' dir='ltr'><strong>χρῆσθαι,</strong></span> <span class='ocrx_word' id='word_1_334' title='bbox 760 3082 835 3146; x_wconf 85' lang='grc' dir='ltr'>ὡς</span> <span class='ocrx_word' id='word_1_335' title='bbox 861 3087 1000 3154; x_wconf 79' lang='grc' dir='ltr'><strong>μήτε</strong></span> <span class='ocrx_word' id='word_1_336' title='bbox 1031 3085 1215 3155; x_wconf 87' lang='grc' dir='ltr'><strong>λόγοις</strong></span> <span class='ocrx_word' id='word_1_337' title='bbox 1250 3088 1378 3159; x_wconf 82' lang='grc' dir='ltr'><strong>μήτ’</strong></span> <span class='ocrx_word' id='word_1_338' title='bbox 1409 3088 1594 3160; x_wconf 77' lang='grc' dir='ltr'><strong>ἔργοις</strong></span> <span class='ocrx_word' id='word_1_339' title='bbox 1623 3093 1750 3165; x_wconf 86' lang='grc' dir='ltr'><strong>μηδ’</strong></span> <span class='ocrx_word' id='word_1_340' title='bbox 1781 3090 1899 3149; x_wconf 82' lang='grc' dir='ltr'><strong>οἶσ-</strong></span> 
     </span>
    </p>
   </div>
   <div class='ocr_carea' id='block_1_47' title="bbox 313 3174 1975 3254">
    <p class='ocr_par' dir='ltr' id='par_1_47' title="bbox 313 3174 1975 3254">
     <span class='ocr_line' id='line_1_47' title="bbox 313 3174 1975 3254; baseline 0.012 -31"><span class='ocrx_word' id='word_1_341' title='bbox 313 3189 457 3224; x_wconf 90' lang='grc' dir='ltr'><strong>τισιν</strong></span> <span class='ocrx_word' id='word_1_342' title='bbox 513 3174 846 3245; x_wconf 84' lang='grc' dir='ltr'>τοπαράπαν</span> <span class='ocrx_word' id='word_1_343' title='bbox 885 3180 1022 3247; x_wconf 76' lang='grc' dir='ltr'>πρδς</span> <span class='ocrx_word' id='word_1_344' title='bbox 1078 3181 1283 3252; x_wconf 76' lang='grc' dir='ltr'><strong>ἀρετὴν</strong></span> <span class='ocrx_word' id='word_1_345' title='bbox 1327 3182 1536 3239; x_wconf 77' lang='grc' dir='ltr'><strong>ἐθέλειν</strong></span> <span class='ocrx_word' id='word_1_346' title='bbox 1579 3186 1678 3250; x_wconf 86' lang='grc' dir='ltr'><strong>τὰς</strong></span> <span class='ocrx_word' id='word_1_347' title='bbox 1720 3187 1904 3254; x_wconf 89' lang='grc' dir='ltr'>πόλεις</span> <span class='ocrx_word' id='word_1_348' title='bbox 1930 3185 1975 3245; x_wconf 81' lang='lat' dir='ltr'><strong><em>C</em></strong></span> 
     </span>
    </p>
   </div>
   <div class='ocr_carea' id='block_1_48' title="bbox 315 3269 1894 3352">
    <p class='ocr_par' dir='ltr' id='par_1_48' title="bbox 315 3269 1894 3352">
     <span class='ocr_line' id='line_1_48' title="bbox 315 3269 1894 3352; baseline 0.011 -31"><span class='ocrx_word' id='word_1_349' title='bbox 315 3271 668 3339; x_wconf 79' lang='grc' dir='ltr'><strong>προτρέπειν,</strong></span> <span class='ocrx_word' id='word_1_350' title='bbox 714 3269 833 3323; x_wconf 84' lang='grc' dir='ltr'><strong>ἀλλ’</strong></span> <span class='ocrx_word' id='word_1_351' title='bbox 856 3271 1047 3343; x_wconf 83' lang='grc' dir='ltr'><strong>ὥσπερ</strong></span> <span class='ocrx_word' id='word_1_352' title='bbox 1075 3273 1143 3327; x_wconf 86' lang='grc' dir='ltr'><strong>ἂν</strong></span> <span class='ocrx_word' id='word_1_353' title='bbox 1167 3278 1216 3329; x_wconf 81' lang='grc' dir='ltr'>ει</span> <span class='ocrx_word' id='word_1_354' title='bbox 1250 3275 1326 3348; x_wconf 77' lang='grc' dir='ltr'><strong>μὴ</strong></span> <span class='ocrx_word' id='word_1_355' title='bbox 1369 3277 1578 3334; x_wconf 90' lang='grc' dir='ltr'><strong>τούτων</strong></span> <span class='ocrx_word' id='word_1_356' title='bbox 1607 3282 1894 3352; x_wconf 86' lang='grc' dir='ltr'><strong>παρόντων</strong></span> 
     </span>
    </p>
   </div>
   <div class='ocr_carea' id='block_1_49' title="bbox 314 3361 1895 3445">
    <p class='ocr_par' dir='ltr' id='par_1_49' title="bbox 314 3361 1895 3445">
     <span class='ocr_line' id='line_1_49' title="bbox 314 3361 1895 3445; baseline 0.011 -35"><span class='ocrx_word' id='word_1_357' title='bbox 314 3361 562 3432; x_wconf 85' lang='grc' dir='ltr'><strong>ἀνάγκην</strong></span> <span class='ocrx_word' id='word_1_358' title='bbox 589 3362 749 3433; x_wconf 79' lang='grc' dir='ltr'><strong>ἔσχες</strong></span> <span class='ocrx_word' id='word_1_359' title='bbox 787 3365 970 3431; x_wconf 80' lang='grc' dir='ltr'><strong>αὐτὸς,</strong></span> <span class='ocrx_word' id='word_1_360' title='bbox 1002 3365 1194 3437; x_wconf 87' lang='grc' dir='ltr'><strong>ὥσπερ</strong></span> <span class='ocrx_word' id='word_1_361' title='bbox 1221 3364 1316 3423; x_wconf 85' lang='grc' dir='ltr'><strong>οὖν</strong></span> <span class='ocrx_word' id='word_1_362' title='bbox 1342 3370 1438 3424; x_wconf 75' lang='grc' dir='ltr'><strong>καὶ</strong></span> <span class='ocrx_word' id='word_1_363' title='bbox 1464 3371 1561 3426; x_wconf 82' lang='grc' dir='ltr'>νῦν</span> <span class='ocrx_word' id='word_1_364' title='bbox 1601 3372 1767 3445; x_wconf 78' lang='grc' dir='ltr'><strong>ἔχεις,</strong></span> <span class='ocrx_word' id='word_1_365' title='bbox 1798 3374 1895 3428; x_wconf 85' lang='grc' dir='ltr'><strong>όιτε</strong></span> 
     </span>
    </p>
   </div>
   <div class='ocr_carea' id='block_1_50' title="bbox 315 3454 1896 3536">
    <p class='ocr_par' dir='ltr' id='par_1_50' title="bbox 315 3454 1896 3536">
     <span class='ocr_line' id='line_1_50' title="bbox 315 3454 1896 3536; baseline 0.008 -28"><span class='ocrx_word' id='word_1_366' title='bbox 315 3454 511 3519; x_wconf 84' lang='grc' dir='ltr'><strong>κοινὼς</strong></span> <span class='ocrx_word' id='word_1_367' title='bbox 541 3456 800 3510; x_wconf 85' lang='grc' dir='ltr'><strong>ἁπάντων</strong></span> <span class='ocrx_word' id='word_1_368' title='bbox 847 3458 1147 3528; x_wconf 70' lang='grc' dir='ltr'><strong>μελεδωνός</strong></span> <span class='ocrx_word' id='word_1_369' title='bbox 1175 3462 1272 3516; x_wconf 77' lang='grc' dir='ltr'><strong>καὶ</strong></span> <span class='ocrx_word' id='word_1_370' title='bbox 1313 3463 1628 3536; x_wconf 81' lang='grc' dir='ltr'><strong>προστάτης</strong></span> <span class='ocrx_word' id='word_1_371' title='bbox 1667 3467 1896 3530; x_wconf 86' lang='grc' dir='ltr'><strong>ταύταις</strong></span> 
     </span>
    </p>
   </div>
   <div class='ocr_carea' id='block_1_51' title="bbox 317 3549 1899 3628">
    <p class='ocr_par' dir='ltr' id='par_1_51' title="bbox 317 3549 1899 3628">
     <span class='ocr_line' id='line_1_51' title="bbox 317 3549 1899 3628; baseline 0.008 -28"><span class='ocrx_word' id='word_1_372' title='bbox 317 3550 661 3617; x_wconf 84' lang='grc' dir='ltr'><strong>εἰσηγεῖσθαι</strong></span> <span class='ocrx_word' id='word_1_373' title='bbox 690 3549 753 3602; x_wconf 86' lang='grc' dir='ltr'><strong>τὸ</strong></span> <span class='ocrx_word' id='word_1_374' title='bbox 778 3549 898 3603; x_wconf 87' lang='grc' dir='ltr'>δέον</span> <span class='ocrx_word' id='word_1_375' title='bbox 926 3554 1024 3607; x_wconf 74' lang='grc' dir='ltr'><strong>καὶ</strong></span> <span class='ocrx_word' id='word_1_376' title='bbox 1055 3552 1236 3607; x_wconf 85' lang='grc' dir='ltr'><strong>πάντα</strong></span> <span class='ocrx_word' id='word_1_377' title='bbox 1265 3555 1470 3624; x_wconf 89' lang='grc' dir='ltr'><strong>τρόπον</strong></span> <span class='ocrx_word' id='word_1_378' title='bbox 1498 3559 1657 3628; x_wconf 87' lang='grc' dir='ltr'><strong>χεῖρα</strong></span> <span class='ocrx_word' id='word_1_379' title='bbox 1689 3557 1899 3623; x_wconf 77' lang='grc' dir='ltr'><strong>σώζου-</strong></span> 
     </span>
    </p>
   </div>
   <div class='ocr_carea' id='block_1_52' title="bbox 320 3641 1898 3723">
    <p class='ocr_par' dir='ltr' id='par_1_52' title="bbox 320 3641 1898 3723">
     <span class='ocr_line' id='line_1_52' title="bbox 320 3641 1898 3723; baseline 0.006 -27"><span class='ocrx_word' id='word_1_380' title='bbox 320 3659 423 3697; x_wconf 88' lang='grc' dir='ltr'><strong>σαν</strong></span> <span class='ocrx_word' id='word_1_381' title='bbox 478 3641 817 3713; x_wconf 81' lang='grc' dir='ltr'><strong>ὑπερίσχειν.</strong></span> <span class='ocrx_word' id='word_1_382' title='bbox 849 3641 1006 3697; x_wconf 73' lang='grc' dir='ltr'><strong>Οὕτω</strong></span> <span class='ocrx_word' id='word_1_383' title='bbox 1055 3645 1342 3716; x_wconf 90' lang='grc' dir='ltr'><strong>παρόντων</strong></span> <span class='ocrx_word' id='word_1_384' title='bbox 1394 3649 1488 3702; x_wconf 76' lang='grc' dir='ltr'><strong>καὶ</strong></span> <span class='ocrx_word' id='word_1_385' title='bbox 1539 3649 1664 3718; x_wconf 86' lang='grc' dir='ltr'><strong>μάλ’</strong></span> <span class='ocrx_word' id='word_1_386' title='bbox 1704 3651 1898 3723; x_wconf 82' lang='grc' dir='ltr'><strong>ἄρχειν</strong></span> 
     </span>
    </p>
   </div>
   <div class='ocr_carea' id='block_1_53' title="bbox 322 3735 1899 3816">
    <p class='ocr_par' dir='ltr' id='par_1_53' title="bbox 322 3735 1899 3816">
     <span class='ocr_line' id='line_1_53' title="bbox 322 3735 1899 3816; baseline 0.007 -27"><span class='ocrx_word' id='word_1_387' title='bbox 322 3735 562 3800; x_wconf 77' lang='grc' dir='ltr'>εἰδότων,</span> <span class='ocrx_word' id='word_1_388' title='bbox 595 3737 690 3789; x_wconf 63' lang='grc' dir='ltr'><strong>κοιλ⁵</strong></span> <span class='ocrx_word' id='word_1_389' title='bbox 740 3735 905 3790; x_wconf 79' lang='grc' dir='ltr'><strong>αὑτὸν</strong></span> <span class='ocrx_word' id='word_1_390' title='bbox 935 3736 1007 3790; x_wconf 82' lang='grc' dir='ltr'><strong>τὰ</strong></span> <span class='ocrx_word' id='word_1_391' title='bbox 1047 3738 1202 3809; x_wconf 84' lang='grc' dir='ltr'><strong>παρά</strong></span> <span class='ocrx_word' id='word_1_392' title='bbox 1256 3741 1462 3794; x_wconf 83' lang='grc' dir='ltr'><strong>σαυτοῦ</strong></span> <span class='ocrx_word' id='word_1_393' title='bbox 1515 3746 1899 3816; x_wconf 81' lang='grc' dir='ltr'><strong>συνεισφέρειν</strong></span> 
     </span>
    </p>
   </div>
   <div class='ocr_carea' id='block_1_54' title="bbox 321 3830 1900 3907">
    <p class='ocr_par' dir='ltr' id='par_1_54' title="bbox 321 3830 1900 3907">
     <span class='ocr_line' id='line_1_54' title="bbox 321 3830 1900 3907; baseline 0.005 -22"><span class='ocrx_word' id='word_1_394' title='bbox 321 3832 417 3885; x_wconf 81' lang='grc' dir='ltr'><strong>καὶ</strong></span> <span class='ocrx_word' id='word_1_395' title='bbox 449 3830 879 3900; x_wconf 78' lang='grc' dir='ltr'><strong>συμφροντίζείν</strong></span> <span class='ocrx_word' id='word_1_396' title='bbox 934 3830 1126 3902; x_wconf 86' lang='grc' dir='ltr'><strong>ῶσπερ</strong></span> <span class='ocrx_word' id='word_1_397' title='bbox 1161 3833 1330 3897; x_wconf 74' lang='grc' dir='ltr'><strong>εἰκὸς,</strong></span> <span class='ocrx_word' id='word_1_398' title='bbox 1357 3836 1454 3888; x_wconf 82' lang='grc' dir='ltr'><strong>νῦν</strong></span> <span class='ocrx_word' id='word_1_399' title='bbox 1500 3836 1602 3907; x_wconf 86' lang='grc' dir='ltr'><strong>μὲν</strong></span> <span class='ocrx_word' id='word_1_400' title='bbox 1639 3841 1762 3903; x_wconf 86' lang='grc' dir='ltr'><strong>ταῖς</strong></span> <span class='ocrx_word' id='word_1_401' title='bbox 1798 3840 1900 3893; x_wconf 82' lang='grc' dir='ltr'><strong>πό-</strong></span> 
     </span>
    </p>
   </div>
   <div class='ocr_carea' id='block_1_55' title="bbox 321 3923 1904 4000">
    <p class='ocr_par' dir='ltr' id='par_1_55' title="bbox 321 3923 1904 4000">
     <span class='ocr_line' id='line_1_55' title="bbox 321 3923 1904 4000; baseline 0.005 -22"><span class='ocrx_word' id='word_1_402' title='bbox 321 3923 441 3978; x_wconf 88' lang='grc' dir='ltr'>λεσι</span> <span class='ocrx_word' id='word_1_403' title='bbox 469 3923 537 3976; x_wconf 80' lang='grc' dir='ltr'><strong>δι’</strong></span> <span class='ocrx_word' id='word_1_404' title='bbox 571 3923 874 3978; x_wconf 80' lang='grc' dir='ltr'><strong>ἐπιστολῶν</strong></span> <span class='ocrx_word' id='word_1_405' title='bbox 923 3924 1173 3992; x_wconf 77' lang='grc' dir='ltr'><strong>ὁμονοεῖν</strong></span> <span class='ocrx_word' id='word_1_406' title='bbox 1225 3927 1762 4000; x_wconf 85' lang='grc' dir='ltr'>παρακελευόμενον,</span> <span class='ocrx_word' id='word_1_407' title='bbox 1807 3933 1904 3986; x_wconf 76' lang='grc' dir='ltr'>καὶ</span> 
     </span>
    </p>
   </div>
   <div class='ocr_carea' id='block_1_56' title="bbox 323 4014 1903 4090">
    <p class='ocr_par' dir='ltr' id='par_1_56' title="bbox 323 4014 1903 4090">
     <span class='ocr_line' id='line_1_56' title="bbox 323 4014 1903 4090; baseline 0.006 -20"><span class='ocrx_word' id='word_1_408' title='bbox 323 4019 438 4080; x_wconf 81' lang='grc' dir='ltr'><strong>τοῖς</strong></span> <span class='ocrx_word' id='word_1_409' title='bbox 476 4017 901 4088; x_wconf 80' lang='grc' dir='ltr'><strong>προϊσταμένοις</strong></span> <span class='ocrx_word' id='word_1_410' title='bbox 933 4014 1010 4080; x_wconf 80' lang='grc' dir='ltr'>ὡς</span> <span class='ocrx_word' id='word_1_411' title='bbox 1057 4017 1276 4087; x_wconf 83' lang='grc' dir='ltr'><strong>μάλιστ’</strong></span> <span class='ocrx_word' id='word_1_412' title='bbox 1313 4019 1586 4088; x_wconf 84' lang='grc' dir='ltr'>ὑπείκειν,</span> <span class='ocrx_word' id='word_1_413' title='bbox 1637 4025 1734 4077; x_wconf 68' lang='grc' dir='ltr'><strong>καὶ</strong></span> <span class='ocrx_word' id='word_1_414' title='bbox 1763 4024 1903 4090; x_wconf 82' lang='grc' dir='ltr'><strong>ὅλως</strong></span> 
     </span>
    </p>
   </div>
   <div class='ocr_carea' id='block_1_57' title="bbox 322 4103 1901 4183">
    <p class='ocr_par' dir='ltr' id='par_1_57' title="bbox 322 4103 1901 4183">
     <span class='ocr_line' id='line_1_57' title="bbox 322 4103 1901 4183; baseline 0.006 -18"><span class='ocrx_word' id='word_1_415' title='bbox 322 4106 397 4166; x_wconf 83' lang='grc' dir='ltr'><strong>ῶν</strong></span> <span class='ocrx_word' id='word_1_416' title='bbox 441 4110 540 4182; x_wconf 78' lang='grc' dir='ltr'><strong>μὲν</strong></span> <span class='ocrx_word' id='word_1_417' title='bbox 567 4109 790 4180; x_wconf 75' lang='grc' dir='ltr'><strong>ἔχεσθαι</strong></span> <span class='ocrx_word' id='word_1_418' title='bbox 823 4109 954 4181; x_wconf 77' lang='grc' dir='ltr'><strong>χρὴ,</strong></span> <span class='ocrx_word' id='word_1_419' title='bbox 985 4103 1060 4164; x_wconf 83' lang='grc' dir='ltr'><strong>ὧν</strong></span> <span class='ocrx_word' id='word_1_420' title='bbox 1089 4110 1134 4164; x_wconf 80' lang='grc' dir='ltr'>δ’</span> <span class='ocrx_word' id='word_1_421' title='bbox 1162 4113 1482 4183; x_wconf 86' lang='grc' dir='ltr'><strong>ἀπέχεσθαι,</strong></span> <span class='ocrx_word' id='word_1_422' title='bbox 1520 4113 1616 4169; x_wconf 80' lang='grc' dir='ltr'>νῦν</span> <span class='ocrx_word' id='word_1_423' title='bbox 1642 4116 1702 4172; x_wconf 80' lang='grc' dir='ltr'>δὲ</span> <span class='ocrx_word' id='word_1_424' title='bbox 1732 4120 1901 4174; x_wconf 80' lang='grc' dir='ltr'><strong>σπεύ-</strong></span> 
     </span>
    </p>
   </div>
   <div class='ocr_carea' id='block_1_58' title="bbox 323 4201 1908 4278">
    <p class='ocr_par' dir='ltr' id='par_1_58' title="bbox 323 4201 1908 4278">
     <span class='ocr_line' id='line_1_58' title="bbox 323 4201 1908 4278; baseline 0.003 -20"><span class='ocrx_word' id='word_1_425' title='bbox 323 4205 512 4266; x_wconf 79' lang='grc' dir='ltr'>δόντας</span> <span class='ocrx_word' id='word_1_426' title='bbox 542 4205 640 4256; x_wconf 76' lang='grc' dir='ltr'><strong>καὶ</strong></span> <span class='ocrx_word' id='word_1_427' title='bbox 665 4201 864 4265; x_wconf 79' lang='grc' dir='ltr'><strong>αὐτοὺς</strong></span> <span class='ocrx_word' id='word_1_428' title='bbox 888 4205 1028 4256; x_wconf 80' lang='grc' dir='ltr'><strong>κατά</strong></span> <span class='ocrx_word' id='word_1_429' title='bbox 1059 4203 1120 4256; x_wconf 79' lang='grc' dir='ltr'><strong>τὸ</strong></span> <span class='ocrx_word' id='word_1_430' title='bbox 1143 4203 1272 4265; x_wconf 75' lang='grc' dir='ltr'><strong>ἔπος</strong></span> <span class='ocrx_word' id='word_1_431' title='bbox 1301 4203 1618 4276; x_wconf 78' lang='grc' dir='ltr'><strong>ὀτρύνοντα,</strong></span> <span class='ocrx_word' id='word_1_432' title='bbox 1648 4209 1744 4262; x_wconf 71' lang='grc' dir='ltr'><strong>καὶ</strong></span> <span class='ocrx_word' id='word_1_433' title='bbox 1774 4228 1908 4278; x_wconf 92' lang='grc' dir='ltr'><strong>προ-</strong></span> 
     </span>
    </p>
   </div>
   <div class='ocr_carea' id='block_1_59' title="bbox 327 4293 1906 4368">
    <p class='ocr_par' dir='ltr' id='par_1_59' title="bbox 327 4293 1906 4368">
     <span class='ocr_line' id='line_1_59' title="bbox 327 4293 1906 4368; baseline 0.004 -19"><span class='ocrx_word' id='word_1_434' title='bbox 327 4295 664 4366; x_wconf 84' lang='grc' dir='ltr'><strong>θυμοτέρους</strong></span> <span class='ocrx_word' id='word_1_435' title='bbox 698 4293 850 4363; x_wconf 83' lang='grc' dir='ltr'><strong>σφῶν</strong></span> <span class='ocrx_word' id='word_1_436' title='bbox 878 4294 1060 4368; x_wconf 76' lang='grc' dir='ltr'><strong>αὐτῶν</strong></span> <span class='ocrx_word' id='word_1_437' title='bbox 1110 4295 1449 4350; x_wconf 73' lang='grc' dir='ltr'><strong>καθιστάντα</strong></span> <span class='ocrx_word' id='word_1_438' title='bbox 1474 4314 1488 4328; x_wconf 79' lang='grc' dir='ltr'>ο</span> <span class='ocrx_word' id='word_1_439' title='bbox 1520 4300 1646 4353; x_wconf 74' lang='grc' dir='ltr'><strong>ἐπεὶ</strong></span> <span class='ocrx_word' id='word_1_440' title='bbox 1687 4300 1745 4354; x_wconf 91' lang='grc' dir='ltr'>δὲ</span> <span class='ocrx_word' id='word_1_441' title='bbox 1778 4305 1906 4367; x_wconf 76' lang='grc' dir='ltr'><strong>τοὺς</strong></span> 
     </span>
    </p>
   </div>
   <div class='ocr_carea' id='block_1_60' title="bbox 325 4387 1907 4464">
    <p class='ocr_par' dir='ltr' id='par_1_60' title="bbox 325 4387 1907 4464">
     <span class='ocr_line' id='line_1_60' title="bbox 325 4387 1907 4464; baseline 0.004 -22"><span class='ocrx_word' id='word_1_442' title='bbox 325 4388 575 4461; x_wconf 73' lang='grc' dir='ltr'><strong>ἡνιόχους</strong></span> <span class='ocrx_word' id='word_1_443' title='bbox 611 4387 829 4459; x_wconf 86' lang='grc' dir='ltr'><strong>ὁρῶμεν</strong></span> <span class='ocrx_word' id='word_1_444' title='bbox 857 4388 918 4440; x_wconf 85' lang='grc' dir='ltr'><strong>οὐ</strong></span> <span class='ocrx_word' id='word_1_445' title='bbox 952 4390 1073 4452; x_wconf 86' lang='grc' dir='ltr'><strong>ταῖς</strong></span> <span class='ocrx_word' id='word_1_446' title='bbox 1114 4388 1222 4441; x_wconf 89' lang='grc' dir='ltr'><strong>τῶν</strong></span> <span class='ocrx_word' id='word_1_447' title='bbox 1256 4391 1439 4444; x_wconf 80' lang='grc' dir='ltr'><strong>ἵππων</strong></span> <span class='ocrx_word' id='word_1_448' title='bbox 1474 4393 1702 4461; x_wconf 82' lang='grc' dir='ltr'>ἀρεταῖς</span> <span class='ocrx_word' id='word_1_449' title='bbox 1745 4396 1907 4464; x_wconf 88' lang='grc' dir='ltr'>μόνον</span> 
     </span>
    </p>
   </div>
   <div class='ocr_carea' id='block_1_61' title="bbox 325 4479 1908 4555">
    <p class='ocr_par' dir='ltr' id='par_1_61' title="bbox 325 4479 1908 4555">
     <span class='ocr_line' id='line_1_61' title="bbox 325 4479 1908 4555; baseline -0.003 -20"><span class='ocrx_word' id='word_1_450' title='bbox 325 4483 666 4553; x_wconf 79' lang='grc' dir='ltr'><strong>χρωμένους,</strong></span> <span class='ocrx_word' id='word_1_451' title='bbox 719 4479 858 4534; x_wconf 85' lang='grc' dir='ltr'><strong>ἀλλὰ</strong></span> <span class='ocrx_word' id='word_1_452' title='bbox 887 4483 983 4536; x_wconf 78' lang='grc' dir='ltr'><strong>καὶ</strong></span> <span class='ocrx_word' id='word_1_453' title='bbox 1020 4481 1164 4551; x_wconf 83' lang='grc' dir='ltr'><strong>λόγῳ</strong></span> <span class='ocrx_word' id='word_1_454' title='bbox 1205 4481 1298 4534; x_wconf 82' lang='grc' dir='ltr'><strong>καὶ</strong></span> <span class='ocrx_word' id='word_1_455' title='bbox 1337 4482 1487 4553; x_wconf 78' lang='grc' dir='ltr'><strong>ἔργῳ</strong></span> <span class='ocrx_word' id='word_1_456' title='bbox 1521 4485 1590 4540; x_wconf 80' lang='grc' dir='ltr'><strong>τὰ</strong></span> <span class='ocrx_word' id='word_1_457' title='bbox 1615 4486 1747 4555; x_wconf 85' lang='grc' dir='ltr'><strong>παρ’</strong></span> <span class='ocrx_word' id='word_1_458' title='bbox 1781 4488 1908 4540; x_wconf 72' lang='grc' dir='ltr'><strong>ἑαυ-</strong></span> 
     </span>
    </p>
   </div>
   <div class='ocr_carea' id='block_1_62' title="bbox 327 4573 1738 4644">
    <p class='ocr_par' dir='ltr' id='par_1_62' title="bbox 327 4573 1738 4644">
     <span class='ocr_line' id='line_1_62' title="bbox 327 4573 1738 4644; baseline 0.002 -16"><span class='ocrx_word' id='word_1_459' title='bbox 327 4576 436 4628; x_wconf 87' lang='grc' dir='ltr'><strong>τῶν</strong></span> <span class='ocrx_word' id='word_1_460' title='bbox 468 4573 886 4642; x_wconf 81' lang='grc' dir='ltr'><strong>προστιθέντας.</strong></span> <span class='ocrx_word' id='word_1_461' title='bbox 924 4573 1037 4627; x_wconf 72' lang='grc' dir='ltr'><strong>Καὶ</strong></span> <span class='ocrx_word' id='word_1_462' title='bbox 1065 4573 1224 4626; x_wconf 83' lang='grc' dir='ltr'><strong>τοῦτο</strong></span> <span class='ocrx_word' id='word_1_463' title='bbox 1258 4574 1356 4644; x_wconf 85' lang='grc' dir='ltr'><strong>μὲν</strong></span> <span class='ocrx_word' id='word_1_464' title='bbox 1385 4574 1449 4644; x_wconf 83' lang='grc' dir='ltr'>δὴ</span> <span class='ocrx_word' id='word_1_465' title='bbox 1474 4575 1738 4637; x_wconf 82' lang='grc' dir='ltr'><strong>τοιοῦτον.</strong></span> 
     </span>
    </p>
   </div>
   <div class='ocr_carea' id='block_1_63' title="bbox 403 4666 1909 4739">
    <p class='ocr_par' dir='ltr' id='par_1_63' title="bbox 403 4666 1909 4739">
     <span class='ocr_line' id='line_1_63' title="bbox 403 4666 1909 4739; baseline 0.002 -19"><span class='ocrx_word' id='word_1_466' title='bbox 403 4673 493 4736; x_wconf 77' lang='grc' dir='ltr'><strong>ιγ’.</strong></span> <span class='ocrx_word' id='word_1_467' title='bbox 528 4667 843 4738; x_wconf 78' lang='grc' dir='ltr'><strong>Χρημάτων</strong></span> <span class='ocrx_word' id='word_1_468' title='bbox 872 4666 929 4720; x_wconf 82' lang='grc' dir='ltr'>δὲ</span> <span class='ocrx_word' id='word_1_469' title='bbox 975 4669 1102 4738; x_wconf 84' lang='grc' dir='ltr'><strong>πέρι</strong></span> <span class='ocrx_word' id='word_1_470' title='bbox 1149 4667 1266 4730; x_wconf 79' lang='grc' dir='ltr'><strong>πῶς</strong></span> <span class='ocrx_word' id='word_1_471' title='bbox 1298 4669 1365 4720; x_wconf 83' lang='grc' dir='ltr'><strong>ἂν</strong></span> <span class='ocrx_word' id='word_1_472' title='bbox 1415 4666 1564 4738; x_wconf 80' lang='grc' dir='ltr'><strong>ἔχειν</strong></span> <span class='ocrx_word' id='word_1_473' title='bbox 1611 4668 1813 4739; x_wconf 79' lang='grc' dir='ltr'><strong>χρῆναί</strong></span> <span class='ocrx_word' id='word_1_474' title='bbox 1848 4686 1909 4723; x_wconf 86' lang='grc' dir='ltr'><strong>σε</strong></span> 
     </span>
    </p>
   </div>
   <div class='ocr_carea' id='block_1_64' title="bbox 330 4757 1911 4831">
    <p class='ocr_par' dir='ltr' id='par_1_64' title="bbox 330 4757 1911 4831">
     <span class='ocr_line' id='line_1_64' title="bbox 330 4757 1911 4831; baseline 0.001 -18"><span class='ocrx_word' id='word_1_475' title='bbox 330 4761 548 4830; x_wconf 86' lang='grc' dir='ltr'><strong>φῶμεν,</strong></span> <span class='ocrx_word' id='word_1_476' title='bbox 579 4761 613 4830; x_wconf 85' lang='grc' dir='ltr'>ἢ</span> <span class='ocrx_word' id='word_1_477' title='bbox 645 4758 891 4828; x_wconf 87' lang='grc' dir='ltr'><strong>δηλονότι</strong></span> <span class='ocrx_word' id='word_1_478' title='bbox 927 4757 1224 4828; x_wconf 81' lang='grc' dir='ltr'><strong>βασιλικῶς</strong></span> <span class='ocrx_word' id='word_1_479' title='bbox 1255 4775 1316 4812; x_wconf 85' lang='grc' dir='ltr'><strong>τε</strong></span> <span class='ocrx_word' id='word_1_480' title='bbox 1342 4761 1437 4814; x_wconf 70' lang='lat' dir='ltr'><strong>xai</strong></span> <span class='ocrx_word' id='word_1_481' title='bbox 1471 4760 1911 4831; x_wconf 85' lang='grc' dir='ltr'><strong>μεγαλοπρεπῶς</strong></span> 
     </span>
    </p>
   </div>
   <div class='ocr_carea' id='block_1_65' title="bbox 329 4849 1911 4923">
    <p class='ocr_par' dir='ltr' id='par_1_65' title="bbox 329 4849 1911 4923">
     <span class='ocr_line' id='line_1_65' title="bbox 329 4849 1911 4923; baseline 0.001 -15"><span class='ocrx_word' id='word_1_482' title='bbox 329 4856 426 4908; x_wconf 65' lang='grc' dir='ltr'><strong>καὶ⁸</strong></span> <span class='ocrx_word' id='word_1_483' title='bbox 448 4853 525 4916; x_wconf 88' lang='grc' dir='ltr'><strong>ὼς</strong></span> <span class='ocrx_word' id='word_1_484' title='bbox 554 4851 702 4914; x_wconf 75' lang='grc' dir='ltr'>εἰκὸς</span> <span class='ocrx_word' id='word_1_485' title='bbox 744 4852 986 4923; x_wconf 84' lang='grc' dir='ltr'><strong>ἄρχοντα</strong></span> <span class='ocrx_word' id='word_1_486' title='bbox 1019 4851 1226 4919; x_wconf 83' lang='grc' dir='ltr'><strong>ἀγαθὸν</strong></span> <span class='ocrx_word' id='word_1_487' title='bbox 1270 4854 1366 4906; x_wconf 76' lang='grc' dir='ltr'><strong>καὶ</strong></span> <span class='ocrx_word' id='word_1_488' title='bbox 1393 4849 1622 4922; x_wconf 82' lang='grc' dir='ltr'><strong>γνώμης</strong></span> <span class='ocrx_word' id='word_1_489' title='bbox 1652 4854 1739 4921; x_wconf 75' lang='grc' dir='ltr'><strong>ἐφ’</strong></span> <span class='ocrx_word' id='word_1_490' title='bbox 1767 4853 1911 4908; x_wconf 70' lang='grc' dir='ltr'><strong>οὕτω</strong></span> 
     </span>
    </p>
   </div>
   <div class='ocr_carea' id='block_1_66' title="bbox 327 4943 1909 5015">
    <p class='ocr_par' dir='ltr' id='par_1_66' title="bbox 327 4943 1909 5015">
     <span class='ocr_line' id='line_1_66' title="bbox 327 4943 1909 5015; baseline -0.001 -15"><span class='ocrx_word' id='word_1_491' title='bbox 327 4965 412 5000; x_wconf 90' lang='grc' dir='ltr'><strong>τοι</strong></span> <span class='ocrx_word' id='word_1_492' title='bbox 437 4948 533 5000; x_wconf 77' lang='grc' dir='ltr'><strong>καὶ</strong></span> <span class='ocrx_word' id='word_1_493' title='bbox 569 4945 805 5015; x_wconf 81' lang='grc' dir='ltr'><strong>σπουδῆς</strong></span> <span class='ocrx_word' id='word_1_494' title='bbox 833 4945 1060 5015; x_wconf 73' lang='grc' dir='ltr'><strong>ἥκοντα,</strong></span> <span class='ocrx_word' id='word_1_495' title='bbox 1094 4943 1170 5006; x_wconf 84' lang='grc' dir='ltr'><strong>ὡς</strong></span> <span class='ocrx_word' id='word_1_496' title='bbox 1198 4945 1366 4996; x_wconf 78' lang='grc' dir='ltr'><strong>πᾶσιν</strong></span> <span class='ocrx_word' id='word_1_497' title='bbox 1388 4944 1617 5012; x_wconf 79' lang='grc' dir='ltr'><strong>ἀγαθοῖς</strong></span> <span class='ocrx_word' id='word_1_498' title='bbox 1653 4946 1820 4999; x_wconf 85' lang='grc' dir='ltr'><strong>αὐτόν</strong></span> <span class='ocrx_word' id='word_1_499' title='bbox 1849 4963 1909 4999; x_wconf 90' lang='grc' dir='ltr'><strong>τε</strong></span> 
     </span>
    </p>
   </div>
   <div class='ocr_carea' id='block_1_67' title="bbox 330 5036 1910 5110">
    <p class='ocr_par' dir='ltr' id='par_1_67' title="bbox 330 5036 1910 5110">
     <span class='ocr_line' id='line_1_67' title="bbox 330 5036 1910 5110; baseline -0.001 -15"><span class='ocrx_word' id='word_1_500' title='bbox 330 5040 728 5110; x_wconf 78' lang='grc' dir='ltr'><strong>κεκοσμῆσθαι,</strong></span> <span class='ocrx_word' id='word_1_501' title='bbox 770 5040 882 5100; x_wconf 80' lang='grc' dir='ltr'><strong>τοῖς</strong></span> <span class='ocrx_word' id='word_1_502' title='bbox 905 5055 963 5088; x_wconf 87' lang='grc' dir='ltr'>τε</span> <span class='ocrx_word' id='word_1_503' title='bbox 997 5036 1180 5100; x_wconf 84' lang='grc' dir='ltr'><strong>ἀλλοις</strong></span> <span class='ocrx_word' id='word_1_504' title='bbox 1207 5036 1432 5099; x_wconf 71' lang='grc' dir='ltr'><strong>καὶτοῖς</strong></span> <span class='ocrx_word' id='word_1_505' title='bbox 1458 5038 1731 5109; x_wconf 82' lang='grc' dir='ltr'><strong>παροῦσιν</strong></span> <span class='ocrx_word' id='word_1_506' title='bbox 1766 5039 1910 5110; x_wconf 87' lang='grc' dir='ltr'><strong>λέγω</strong></span> 
     </span>
    </p>
   </div>
   <div class='ocr_carea' id='block_1_68' title="bbox 331 5129 1910 5200">
    <p class='ocr_par' dir='ltr' id='par_1_68' title="bbox 331 5129 1910 5200">
     <span class='ocr_line' id='line_1_68' title="bbox 331 5129 1910 5200; baseline -0.001 -13"><span class='ocrx_word' id='word_1_507' title='bbox 331 5135 428 5190; x_wconf 73' lang='grc' dir='ltr'><strong>καὶ</strong></span> <span class='ocrx_word' id='word_1_508' title='bbox 458 5134 571 5195; x_wconf 91' lang='grc' dir='ltr'><strong>τοῖς</strong></span> <span class='ocrx_word' id='word_1_509' title='bbox 620 5131 1062 5200; x_wconf 72' lang='grc' dir='ltr'><strong>ἐπιγιγνομένοις</strong></span> <span class='ocrx_word' id='word_1_510' title='bbox 1095 5129 1261 5184; x_wconf 79' lang='grc' dir='ltr'>καλοῦ</span> <span class='ocrx_word' id='word_1_511' title='bbox 1301 5130 1502 5194; x_wconf 75' lang='grc' dir='ltr'><strong>παντὸς</strong></span> <span class='ocrx_word' id='word_1_512' title='bbox 1531 5131 1598 5184; x_wconf 82' lang='grc' dir='ltr'><strong>ἂν</strong></span> <span class='ocrx_word' id='word_1_513' title='bbox 1653 5132 1910 5200; x_wconf 83' lang='grc' dir='ltr'><strong>γενέσθαι</strong></span> 
     </span>
    </p>
   </div>
   <div class='ocr_carea' id='block_1_69' title="bbox 335 5221 1910 5298">
    <p class='ocr_par' dir='ltr' id='par_1_69' title="bbox 335 5221 1910 5298">
     <span class='ocr_line' id='line_1_69' title="bbox 335 5221 1910 5298; baseline -0.004 -18"><span class='ocrx_word' id='word_1_514' title='bbox 335 5227 729 5298; x_wconf 85' lang='grc' dir='ltr'><strong>παράδειγμα;</strong></span> <span class='ocrx_word' id='word_1_515' title='bbox 759 5223 1008 5280; x_wconf 82' lang='grc' dir='ltr'><strong>τουτέστι</strong></span> <span class='ocrx_word' id='word_1_516' title='bbox 1042 5223 1118 5293; x_wconf 82' lang='grc' dir='ltr'><strong>μὴ</strong></span> <span class='ocrx_word' id='word_1_517' title='bbox 1167 5223 1248 5284; x_wconf 76' lang='grc' dir='ltr'><strong>εἰς</strong></span> <span class='ocrx_word' id='word_1_518' title='bbox 1278 5221 1598 5286; x_wconf 78' lang='grc' dir='ltr'><strong>πλεονεξίας</strong></span> <span class='ocrx_word' id='word_1_519' title='bbox 1644 5224 1740 5276; x_wconf 75' lang='grc' dir='ltr'><strong>καὶ</strong></span> <span class='ocrx_word' id='word_1_520' title='bbox 1777 5240 1910 5293; x_wconf 76' lang='grc' dir='ltr'><strong>τρυ-</strong></span> 
     </span>
    </p>
   </div>
   <div class='ocr_carea' id='block_1_70' title="bbox 331 5313 1911 5389">
    <p class='ocr_par' dir='ltr' id='par_1_70' title="bbox 331 5313 1911 5389">
     <span class='ocr_line' id='line_1_70' title="bbox 331 5313 1911 5389; baseline -0.003 -17"><span class='ocrx_word' id='word_1_521' title='bbox 331 5320 436 5389; x_wconf 70' lang='grc' dir='ltr'><strong>φὰς</strong></span> <span class='ocrx_word' id='word_1_522' title='bbox 464 5318 556 5370; x_wconf 71' lang='grc' dir='ltr'><strong>καὶ</strong></span> <span class='ocrx_word' id='word_1_523' title='bbox 587 5317 686 5378; x_wconf 85' lang='grc' dir='ltr'><strong>τὰς</strong></span> <span class='ocrx_word' id='word_1_524' title='bbox 713 5316 814 5369; x_wconf 85' lang='grc' dir='ltr'><strong>οὐκ</strong></span> <span class='ocrx_word' id='word_1_525' title='bbox 836 5315 1243 5384; x_wconf 74' lang='grc' dir='ltr'><strong>ἐπαινουμένας</strong></span> <span class='ocrx_word' id='word_1_526' title='bbox 1272 5313 1466 5384; x_wconf 82' lang='grc' dir='ltr'>ήδονάς</span> <span class='ocrx_word' id='word_1_527' title='bbox 1494 5315 1757 5384; x_wconf 85' lang='grc' dir='ltr'><strong>χρήματα</strong></span> <span class='ocrx_word' id='word_1_528' title='bbox 1791 5316 1911 5368; x_wconf 85' lang='grc' dir='ltr'>διώ-</span> 
     </span>
    </p>
   </div>
   <div class='ocr_carea' id='block_1_71' title="bbox 332 5405 1911 5481">
    <p class='ocr_par' dir='ltr' id='par_1_71' title="bbox 332 5405 1911 5481">
     <span class='ocr_line' id='line_1_71' title="bbox 332 5405 1911 5481; baseline -0.002 -16"><span class='ocrx_word' id='word_1_529' title='bbox 332 5429 449 5465; x_wconf 88' lang='grc' dir='ltr'><strong>κειν</strong></span> <span class='ocrx_word' id='word_1_530' title='bbox 479 5409 776 5481; x_wconf 65' lang='grc' dir='ltr'><strong>αἱρεῖσθαι,</strong></span> <span class='ocrx_word' id='word_1_531' title='bbox 805 5411 902 5462; x_wconf 73' lang='grc' dir='ltr'><strong>καὶ</strong></span> <span class='ocrx_word' id='word_1_532' title='bbox 927 5405 1040 5476; x_wconf 77' lang='grc' dir='ltr'><strong>βίον</strong></span> <span class='ocrx_word' id='word_1_533' title='bbox 1077 5405 1176 5477; x_wconf 80' lang='grc' dir='ltr'><strong>ζῇν</strong></span> <span class='ocrx_word' id='word_1_534' title='bbox 1201 5405 1370 5476; x_wconf 87' lang='grc' dir='ltr'><strong>ὑγρόν</strong></span> <span class='ocrx_word' id='word_1_535' title='bbox 1404 5423 1465 5458; x_wconf 88' lang='grc' dir='ltr'><strong>τε</strong></span> <span class='ocrx_word' id='word_1_536' title='bbox 1499 5407 1594 5460; x_wconf 82' lang='grc' dir='ltr'><strong>καὶ</strong></span> <span class='ocrx_word' id='word_1_537' title='bbox 1623 5408 1911 5477; x_wconf 86' lang='grc' dir='ltr'><strong>ἀνειμένον</strong></span> 
     </span>
    </p>
   </div>
   <div class='ocr_carea' id='block_1_72' title="bbox 330 5497 1910 5574">
    <p class='ocr_par' dir='ltr' id='par_1_72' title="bbox 330 5497 1910 5574">
     <span class='ocr_line' id='line_1_72' title="bbox 330 5497 1910 5574; baseline 0.006 -29"><span class='ocrx_word' id='word_1_538' title='bbox 330 5505 425 5559; x_wconf 64' lang='grc' dir='ltr'><strong>καὶ</strong></span> <span class='ocrx_word' id='word_1_539' title='bbox 448 5503 667 5574; x_wconf 72' lang='grc' dir='ltr'><strong>χαμᾶζε</strong></span> <span class='ocrx_word' id='word_1_540' title='bbox 698 5501 935 5570; x_wconf 84' lang='grc' dir='ltr'><strong>φέροντα</strong></span> <span class='ocrx_word' id='word_1_541' title='bbox 954 5513 970 5530; x_wconf 84' lang='grc'><strong>·</strong></span> <span class='ocrx_word' id='word_1_542' title='bbox 999 5499 1116 5553; x_wconf 85' lang='grc' dir='ltr'><strong>ἀλλ’</strong></span> <span class='ocrx_word' id='word_1_543' title='bbox 1151 5497 1293 5552; x_wconf 86' lang='grc' dir='ltr'><strong>ὥστε</strong></span> <span class='ocrx_word' id='word_1_544' title='bbox 1339 5498 1409 5551; x_wconf 76' lang='grc' dir='ltr'>δι’</span> <span class='ocrx_word' id='word_1_545' title='bbox 1442 5498 1622 5552; x_wconf 81' lang='grc' dir='ltr'><strong>αὐτῶν</strong></span> <span class='ocrx_word' id='word_1_546' title='bbox 1661 5499 1910 5563; x_wconf 79' lang='grc' dir='ltr'><strong>ἅπαντας</strong></span> 
     </span>
    </p>
   </div>
   <div class='ocr_carea' id='block_1_73' title="bbox 331 5589 1908 5663">
    <p class='ocr_par' dir='ltr' id='par_1_73' title="bbox 331 5589 1908 5663">
     <span class='ocr_line' id='line_1_73' title="bbox 331 5589 1908 5663; baseline -0.008 -13"><span class='ocrx_word' id='word_1_547' title='bbox 331 5593 391 5650; x_wconf 83' lang='grc' dir='ltr'>εὖ</span> <span class='ocrx_word' id='word_1_548' title='bbox 446 5597 620 5648; x_wconf 81' lang='grc' dir='ltr'>ποιεῖν</span> <span class='ocrx_word' id='word_1_549' title='bbox 654 5593 800 5663; x_wconf 76' lang='grc' dir='ltr'><strong>ἔχειν</strong></span> <span class='ocrx_word' id='word_1_550' title='bbox 851 5590 1180 5662; x_wconf 77' lang='grc' dir='ltr'><strong>θαυμαστῆς</strong></span> <span class='ocrx_word' id='word_1_551' title='bbox 1229 5589 1545 5661; x_wconf 73' lang='grc' dir='ltr'><strong>ἐλευθερίας</strong></span> <span class='ocrx_word' id='word_1_552' title='bbox 1588 5591 1685 5645; x_wconf 78' lang='grc' dir='ltr'><strong>καὶ</strong></span> <span class='ocrx_word' id='word_1_553' title='bbox 1738 5609 1908 5662; x_wconf 84' lang='grc' dir='ltr'><strong>μεγα.</strong></span> 
     </span>
    </p>
   </div>
   <div class='ocr_carea' id='block_1_74' title="bbox 329 5683 1910 5760">
    <p class='ocr_par' dir='ltr' id='par_1_74' title="bbox 329 5683 1910 5760">
     <span class='ocr_line' id='line_1_74' title="bbox 329 5683 1910 5760; baseline -0.002 -18"><span class='ocrx_word' id='word_1_554' title='bbox 329 5683 592 5757; x_wconf 64' lang='grc' dir='ltr'><strong>λοψυχίᾰς</strong></span> <span class='ocrx_word' id='word_1_555' title='bbox 638 5685 850 5756; x_wconf 78' lang='grc' dir='ltr'>ἑφόδιον</span> <span class='ocrx_word' id='word_1_556' title='bbox 891 5683 1217 5760; x_wconf 79' lang='grc' dir='ltr'><strong>ποιούμενον</strong></span> <span class='ocrx_word' id='word_1_557' title='bbox 1246 5683 1442 5749; x_wconf 83' lang='grc' dir='ltr'><strong>ταῦτα,</strong></span> <span class='ocrx_word' id='word_1_558' title='bbox 1492 5685 1588 5738; x_wconf 71' lang='grc' dir='ltr'><strong>καὶ</strong></span> <span class='ocrx_word' id='word_1_559' title='bbox 1628 5684 1910 5756; x_wconf 76' lang='grc' dir='ltr'><strong>χρώμενον</strong></span> 
     </span>
    </p>
   </div>
   <div class='ocr_carea' id='block_1_75' title="bbox 332 5763 1906 5851">
    <p class='ocr_par' dir='ltr' id='par_1_75' title="bbox 332 5763 1906 5851">
     <span class='ocr_line' id='line_1_75' title="bbox 332 5763 1906 5851; baseline 0.001 -19"><span class='ocrx_word' id='word_1_560' title='bbox 332 5781 468 5851; x_wconf 79' lang='grc' dir='ltr'><strong>πρὸς</strong></span> <span class='ocrx_word' id='word_1_561' title='bbox 497 5777 534 5833; x_wconf 77' lang='grc' dir='ltr'><strong>ἃ.</strong></span> <span class='ocrx_word' id='word_1_562' title='bbox 557 5778 664 5832; x_wconf 84' lang='grc' dir='ltr'><strong>δεῖ.</strong></span> <span class='ocrx_word' id='word_1_563' title='bbox 689 5778 753 5831; x_wconf 75' lang='lat' dir='ltr'><strong>Et</strong></span> <span class='ocrx_word' id='word_1_564' title='bbox 789 5779 887 5846; x_wconf 79' lang='grc' dir='ltr'><strong>μὲν</strong></span> <span class='ocrx_word' id='word_1_565' title='bbox 917 5763 1012 5831; x_wconf 83' lang='grc' dir='ltr'><strong>οὖν</strong></span> <span class='ocrx_word' id='word_1_566' title='bbox 1056 5775 1359 5846; x_wconf 86' lang='grc' dir='ltr'><strong>χρημάτων</strong></span> <span class='ocrx_word' id='word_1_567' title='bbox 1387 5775 1532 5830; x_wconf 75' lang='grc' dir='ltr'><strong>οὕτω</strong></span> <span class='ocrx_word' id='word_1_568' title='bbox 1572 5777 1729 5844; x_wconf 86' lang='grc' dir='ltr'><strong>λόγον</strong></span> <span class='ocrx_word' id='word_1_569' title='bbox 1757 5783 1906 5849; x_wconf 80' lang='grc' dir='ltr'><strong>ποιῇ,</strong></span> 
     </span>
    </p>
   </div>
   <div class='ocr_carea' id='block_1_76' title="bbox 328 5867 1909 5955">
    <p class='ocr_par' dir='ltr' id='par_1_76' title="bbox 328 5867 1909 5955">
     <span class='ocr_line' id='line_1_76' title="bbox 328 5867 1909 5955; baseline -0.002 -25"><span class='ocrx_word' id='word_1_570' title='bbox 328 5872 390 5930; x_wconf 80' lang='grc' dir='ltr'><strong>οὐ</strong></span> <span class='ocrx_word' id='word_1_571' title='bbox 424 5870 585 5944; x_wconf 80' lang='grc' dir='ltr'><strong>μόνον</strong></span> <span class='ocrx_word' id='word_1_572' title='bbox 632 5869 859 5955; x_wconf 79' lang='grc' dir='ltr'><strong>ἀγαθῶν</strong></span> <span class='ocrx_word' id='word_1_573' title='bbox 899 5867 1158 5955; x_wconf 78' lang='grc' dir='ltr'><strong>ἁπάντων</strong></span> <span class='ocrx_word' id='word_1_574' title='bbox 1213 5869 1564 5953; x_wconf 24' lang='grc' dir='ltr'><strong>ἀντιποιήσῃε,</strong></span> <span class='ocrx_word' id='word_1_575' title='bbox 1612 5872 1751 5955; x_wconf 81' lang='grc' dir='ltr'><strong>ἀλλά</strong></span> <span class='ocrx_word' id='word_1_576' title='bbox 1803 5874 1909 5929; x_wconf 81' lang='grc' dir='ltr'><strong>κὰν</strong></span> 
     </span>
    </p>
   </div>
   <div class='ocr_carea' id='block_1_77' title="bbox 2007 1979 3594 2052">
    <p class='ocr_par' dir='ltr' id='par_1_77' title="bbox 2007 1979 3594 2052">
     <span class='ocr_line' id='line_1_77' title="bbox 2007 1979 3594 2052; baseline 0.001 -18"><span class='ocrx_word' id='word_1_577' title='bbox 2007 1979 2155 2034; x_wconf 88' lang='lat' dir='ltr'><strong>tibus</strong></span> <span class='ocrx_word' id='word_1_578' title='bbox 2183 1993 2324 2048; x_wconf 89' lang='lat' dir='ltr'><strong>opus</strong></span> <span class='ocrx_word' id='word_1_579' title='bbox 2354 1987 2464 2046; x_wconf 86' lang='lat' dir='ltr'><strong>est,</strong></span> <span class='ocrx_word' id='word_1_580' title='bbox 2503 1987 2562 2034; x_wconf 91' lang='lat' dir='ltr'><strong>et</strong></span> <span class='ocrx_word' id='word_1_581' title='bbox 2599 1979 2697 2050; x_wconf 88' lang='lat' dir='ltr'><strong>qui</strong></span> <span class='ocrx_word' id='word_1_582' title='bbox 2753 1979 3014 2036; x_wconf 88' lang='lat' dir='ltr'><strong>homines</strong></span> <span class='ocrx_word' id='word_1_583' title='bbox 3043 1980 3356 2050; x_wconf 77' lang='lat' dir='ltr'><strong>gubernare</strong></span> <span class='ocrx_word' id='word_1_584' title='bbox 3384 1997 3558 2052; x_wconf 84' lang='lat' dir='ltr'><strong>praesu</strong></span> <span class='ocrx_word' id='word_1_585' title='bbox 3577 2009 3594 2022; x_wconf 92' lang='lat'><strong>-</strong></span> 
     </span>
    </p>
   </div>
   <div class='ocr_carea' id='block_1_78' title="bbox 2004 2077 3591 2166">
    <p class='ocr_par' dir='ltr' id='par_1_78' title="bbox 2004 2077 3591 2166">
     <span class='ocr_line' id='line_1_78' title="bbox 2004 2077 3591 2166; baseline 0.002 -18"><span class='ocrx_word' id='word_1_586' title='bbox 2004 2103 2186 2159; x_wconf 87' lang='lat' dir='ltr'><strong>munt,</strong></span> <span class='ocrx_word' id='word_1_587' title='bbox 2218 2093 2350 2149; x_wconf 86' lang='lat' dir='ltr'><strong>dum</strong></span> <span class='ocrx_word' id='word_1_588' title='bbox 2390 2092 2494 2164; x_wconf 87' lang='lat' dir='ltr'><strong>ipsi</strong></span> <span class='ocrx_word' id='word_1_589' title='bbox 2527 2077 2716 2164; x_wconf 81' lang='lat' dir='ltr'><strong>pravis</strong></span> <span class='ocrx_word' id='word_1_590' title='bbox 2744 2095 3158 2166; x_wconf 89' lang='lat' dir='ltr'><strong>cupiditatibus</strong></span> <span class='ocrx_word' id='word_1_591' title='bbox 3182 2095 3384 2151; x_wconf 89' lang='lat' dir='ltr'><strong>misere</strong></span> <span class='ocrx_word' id='word_1_592' title='bbox 3410 2096 3591 2151; x_wconf 78' lang='lat' dir='ltr'><strong>laces-</strong></span> 
     </span>
    </p>
   </div>
   <div class='ocr_carea' id='block_1_79' title="bbox 2003 2206 3590 2279">
    <p class='ocr_par' dir='ltr' id='par_1_79' title="bbox 2003 2206 3590 2279">
     <span class='ocr_line' id='line_1_79' title="bbox 2003 2206 3590 2279; baseline 0.001 -19"><span class='ocrx_word' id='word_1_593' title='bbox 2003 2215 2224 2273; x_wconf 89' lang='lat' dir='ltr'><strong>suntur,</strong></span> <span class='ocrx_word' id='word_1_594' title='bbox 2267 2206 2399 2261; x_wconf 91' lang='lat' dir='ltr'><strong>dum</strong></span> <span class='ocrx_word' id='word_1_595' title='bbox 2431 2215 2491 2261; x_wconf 91' lang='lat' dir='ltr'><strong>tu</strong></span> <span class='ocrx_word' id='word_1_596' title='bbox 2525 2207 2646 2277; x_wconf 89' lang='lat' dir='ltr'><strong>ipse</strong></span> <span class='ocrx_word' id='word_1_597' title='bbox 2680 2207 2862 2262; x_wconf 86' lang='lat' dir='ltr'><strong>bonos</strong></span> <span class='ocrx_word' id='word_1_598' title='bbox 2895 2207 3072 2279; x_wconf 65' lang='lat' dir='ltr'><strong>aequis</strong></span> <span class='ocrx_word' id='word_1_599' title='bbox 3111 2207 3292 2263; x_wconf 90' lang='lat' dir='ltr'><strong>oculis</strong></span> <span class='ocrx_word' id='word_1_600' title='bbox 3315 2207 3590 2263; x_wconf 75' lang='lat' dir='ltr'><strong>discernis</strong></span> 
     </span>
    </p>
   </div>
   <div class='ocr_carea' id='block_1_80' title="bbox 2001 2297 3592 2378">
    <p class='ocr_par' dir='ltr' id='par_1_80' title="bbox 2001 2297 3592 2378">
     <span class='ocr_line' id='line_1_80' title="bbox 2001 2297 3592 2378; baseline 0.002 -5"><span class='ocrx_word' id='word_1_601' title='bbox 2001 2329 2062 2374; x_wconf 89' lang='lat' dir='ltr'><strong>et</strong></span> <span class='ocrx_word' id='word_1_602' title='bbox 2095 2297 2357 2376; x_wconf 85' lang='lat' dir='ltr'><strong>laudibus</strong></span> <span class='ocrx_word' id='word_1_603' title='bbox 2405 2318 2592 2376; x_wconf 79' lang='lat' dir='ltr'><strong>cll‘ers.</strong></span> <span class='ocrx_word' id='word_1_604' title='bbox 2648 2320 2770 2377; x_wconf 88' lang='lat' dir='ltr'><strong>Non</strong></span> <span class='ocrx_word' id='word_1_605' title='bbox 2822 2320 2972 2376; x_wconf 91' lang='lat' dir='ltr'><strong>enim</strong></span> <span class='ocrx_word' id='word_1_606' title='bbox 3031 2321 3345 2378; x_wconf 89' lang='lat' dir='ltr'><strong>committes</strong></span> <span class='ocrx_word' id='word_1_607' title='bbox 3399 2329 3458 2377; x_wconf 90' lang='lat' dir='ltr'><strong>ut</strong></span> <span class='ocrx_word' id='word_1_608' title='bbox 3501 2335 3592 2376; x_wconf 88' lang='lat' dir='ltr'><strong>res</strong></span> 
     </span>
    </p>
   </div>
   <div class='ocr_carea' id='block_1_81' title="bbox 2005 2431 3593 2504">
    <p class='ocr_par' dir='ltr' id='par_1_81' title="bbox 2005 2431 3593 2504">
     <span class='ocr_line' id='line_1_81' title="bbox 2005 2431 3593 2504; baseline 0.002 -18"><span class='ocrx_word' id='word_1_609' title='bbox 2005 2432 2148 2486; x_wconf 91' lang='lat' dir='ltr'><strong>male</strong></span> <span class='ocrx_word' id='word_1_610' title='bbox 2181 2447 2242 2487; x_wconf 88' lang='lat' dir='ltr'><strong>se</strong></span> <span class='ocrx_word' id='word_1_611' title='bbox 2300 2431 2558 2500; x_wconf 87' lang='lat' dir='ltr'><strong>habeant,</strong></span> <span class='ocrx_word' id='word_1_612' title='bbox 2607 2447 2942 2504; x_wconf 88' lang='lat' dir='ltr'><strong>semperque</strong></span> <span class='ocrx_word' id='word_1_613' title='bbox 2975 2432 3031 2488; x_wconf 88' lang='lat' dir='ltr'><strong>id</strong></span> <span class='ocrx_word' id='word_1_614' title='bbox 3069 2447 3197 2504; x_wconf 85' lang='lat' dir='ltr'><strong>ages</strong></span> <span class='ocrx_word' id='word_1_615' title='bbox 3234 2439 3295 2488; x_wconf 93' lang='lat' dir='ltr'><strong>ut</strong></span> <span class='ocrx_word' id='word_1_616' title='bbox 3336 2431 3593 2489; x_wconf 82' lang='lat' dir='ltr'><strong>civitates</strong></span> 
     </span>
    </p>
   </div>
   <div class='ocr_carea' id='block_1_82' title="bbox 2007 2543 3589 2616">
    <p class='ocr_par' dir='ltr' id='par_1_82' title="bbox 2007 2543 3589 2616">
     <span class='ocr_line' id='line_1_82' title="bbox 2007 2543 3589 2616; baseline 0.001 -18"><span class='ocrx_word' id='word_1_617' title='bbox 2007 2559 2146 2600; x_wconf 84' lang='lat' dir='ltr'><strong>voce</strong></span> <span class='ocrx_word' id='word_1_618' title='bbox 2165 2553 2222 2598; x_wconf 89' lang='lat' dir='ltr'><strong>et</strong></span> <span class='ocrx_word' id='word_1_619' title='bbox 2257 2546 2514 2614; x_wconf 83' lang='lat' dir='ltr'><strong>exemplo</strong></span> <span class='ocrx_word' id='word_1_620' title='bbox 2543 2544 2614 2600; x_wconf 86' lang='lat' dir='ltr'><strong>ad</strong></span> <span class='ocrx_word' id='word_1_621' title='bbox 2646 2543 2874 2601; x_wconf 86' lang='lat' dir='ltr'><strong>virtutis</strong></span> <span class='ocrx_word' id='word_1_622' title='bbox 2911 2545 3243 2600; x_wconf 84' lang='lat' dir='ltr'><strong>exercitium</strong></span> <span class='ocrx_word' id='word_1_623' title='bbox 3289 2545 3589 2616; x_wconf 78' lang='lat' dir='ltr'><strong>prOpellas,</strong></span> 
     </span>
    </p>
   </div>
   <div class='ocr_carea' id='block_1_83' title="bbox 2002 2658 3593 2729">
    <p class='ocr_par' dir='ltr' id='par_1_83' title="bbox 2002 2658 3593 2729">
     <span class='ocr_line' id='line_1_83' title="bbox 2002 2658 3593 2729; baseline 0.002 -18"><span class='ocrx_word' id='word_1_624' title='bbox 2002 2658 2327 2728; x_wconf 83' lang='lat' dir='ltr'><strong>persuasum</strong></span> <span class='ocrx_word' id='word_1_625' title='bbox 2350 2659 2560 2714; x_wconf 84' lang='lat' dir='ltr'><strong>habens</strong></span> <span class='ocrx_word' id='word_1_626' title='bbox 2591 2659 2827 2729; x_wconf 89' lang='lat' dir='ltr'><strong>quod,si</strong></span> <span class='ocrx_word' id='word_1_627' title='bbox 2874 2660 3216 2714; x_wconf 89' lang='lat' dir='ltr'><strong>contrarium</strong></span> <span class='ocrx_word' id='word_1_628' title='bbox 3247 2658 3471 2724; x_wconf 86' lang='lat' dir='ltr'><strong>accidit,</strong></span> <span class='ocrx_word' id='word_1_629' title='bbox 3499 2674 3593 2714; x_wconf 86' lang='lat' dir='ltr'><strong>re-</strong></span> 
     </span>
    </p>
   </div>
   <div class='ocr_carea' id='block_1_84' title="bbox 2003 2771 3594 2843">
    <p class='ocr_par' dir='ltr' id='par_1_84' title="bbox 2003 2771 3594 2843">
     <span class='ocr_line' id='line_1_84' title="bbox 2003 2771 3594 2843; baseline 0.003 -20"><span class='ocrx_word' id='word_1_630' title='bbox 2003 2784 2122 2823; x_wconf 91' lang='lat' dir='ltr'><strong>rum</strong></span> <span class='ocrx_word' id='word_1_631' title='bbox 2143 2771 2410 2839; x_wconf 76' lang='lat' dir='ltr'><strong>angustiis</strong></span> <span class='ocrx_word' id='word_1_632' title='bbox 2426 2771 2780 2840; x_wconf 89' lang='lat' dir='ltr'><strong>premereris,</strong></span> <span class='ocrx_word' id='word_1_633' title='bbox 2804 2781 2865 2826; x_wconf 92' lang='lat' dir='ltr'><strong>ut</strong></span> <span class='ocrx_word' id='word_1_634' title='bbox 2884 2785 3032 2828; x_wconf 92' lang='lat' dir='ltr'><strong>nunc</strong></span> <span class='ocrx_word' id='word_1_635' title='bbox 3064 2772 3322 2843; x_wconf 83' lang='lat' dir='ltr'><strong>quidem;</strong></span> <span class='ocrx_word' id='word_1_636' title='bbox 3345 2773 3594 2828; x_wconf 88' lang='lat' dir='ltr'><strong>omnium</strong></span> 
     </span>
    </p>
   </div>
   <div class='ocr_carea' id='block_1_85' title="bbox 2002 2883 3596 2960">
    <p class='ocr_par' dir='ltr' id='par_1_85' title="bbox 2002 2883 3596 2960">
     <span class='ocr_line' id='line_1_85' title="bbox 2002 2883 3596 2960; baseline 0.002 -19"><span class='ocrx_word' id='word_1_637' title='bbox 2002 2883 2153 2941; x_wconf 89' lang='lat' dir='ltr'><strong>enim</strong></span> <span class='ocrx_word' id='word_1_638' title='bbox 2185 2893 2243 2940; x_wconf 94' lang='lat' dir='ltr'><strong>tu</strong></span> <span class='ocrx_word' id='word_1_639' title='bbox 2265 2894 2546 2956; x_wconf 90' lang='lat' dir='ltr'><strong>protector</strong></span> <span class='ocrx_word' id='word_1_640' title='bbox 2579 2902 2647 2942; x_wconf 89' lang='lat' dir='ltr'><strong>ac</strong></span> <span class='ocrx_word' id='word_1_641' title='bbox 2678 2896 2867 2944; x_wconf 88' lang='lat' dir='ltr'><strong>custos</strong></span> <span class='ocrx_word' id='word_1_642' title='bbox 2900 2901 3098 2943; x_wconf 90' lang='lat' dir='ltr'><strong>omnes</strong></span> <span class='ocrx_word' id='word_1_643' title='bbox 3119 2887 3254 2958; x_wconf 91' lang='lat' dir='ltr'><strong>quid</strong></span> <span class='ocrx_word' id='word_1_644' title='bbox 3285 2889 3486 2960; x_wconf 88' lang='lat' dir='ltr'><strong>cuique</strong></span> <span class='ocrx_word' id='word_1_645' title='bbox 3515 2889 3596 2944; x_wconf 50' lang='lat' dir='ltr'><strong>fa-</strong></span> 
     </span>
    </p>
   </div>
   <div class='ocr_carea' id='block_1_86' title="bbox 2009 2998 3597 3075">
    <p class='ocr_par' dir='ltr' id='par_1_86' title="bbox 2009 2998 3597 3075">
     <span class='ocr_line' id='line_1_86' title="bbox 2009 2998 3597 3075; baseline 0.003 -20"><span class='ocrx_word' id='word_1_646' title='bbox 2009 2998 2278 3057; x_wconf 89' lang='lat' dir='ltr'><strong>ciendum</strong></span> <span class='ocrx_word' id='word_1_647' title='bbox 2316 3000 2391 3056; x_wconf 88' lang='lat' dir='ltr'><strong>sit</strong></span> <span class='ocrx_word' id='word_1_648' title='bbox 2423 3000 2652 3058; x_wconf 89' lang='lat' dir='ltr'><strong>docebis</strong></span> <span class='ocrx_word' id='word_1_649' title='bbox 2684 3017 3023 3074; x_wconf 89' lang='lat' dir='ltr'><strong>manumque</strong></span> <span class='ocrx_word' id='word_1_650' title='bbox 3054 3003 3377 3060; x_wconf 86' lang='lat' dir='ltr'><strong>auxiliarem</strong></span> <span class='ocrx_word' id='word_1_651' title='bbox 3415 3007 3597 3075; x_wconf 83' lang='lat' dir='ltr'><strong>porri-</strong></span> 
     </span>
    </p>
   </div>
   <div class='ocr_carea' id='block_1_87' title="bbox 2008 3111 3597 3188">
    <p class='ocr_par' dir='ltr' id='par_1_87' title="bbox 2008 3111 3597 3188">
     <span class='ocr_line' id='line_1_87' title="bbox 2008 3111 3597 3188; baseline 0.003 -20"><span class='ocrx_word' id='word_1_652' title='bbox 2008 3128 2124 3184; x_wconf 81' lang='lat' dir='ltr'><strong>ges.</strong></span> <span class='ocrx_word' id='word_1_653' title='bbox 2159 3111 2318 3180; x_wconf 87' lang='lat' dir='ltr'><strong>Quod</strong></span> <span class='ocrx_word' id='word_1_654' title='bbox 2360 3114 2408 3169; x_wconf 91' lang='lat' dir='ltr'><strong>si</strong></span> <span class='ocrx_word' id='word_1_655' title='bbox 2445 3129 2535 3170; x_wconf 91' lang='lat' dir='ltr'><strong>res</strong></span> <span class='ocrx_word' id='word_1_656' title='bbox 2566 3114 2642 3170; x_wconf 87' lang='lat' dir='ltr'><strong>ita</strong></span> <span class='ocrx_word' id='word_1_657' title='bbox 2687 3131 2747 3171; x_wconf 87' lang='lat' dir='ltr'><strong>se</strong></span> <span class='ocrx_word' id='word_1_658' title='bbox 2782 3115 3014 3183; x_wconf 88' lang='lat' dir='ltr'><strong>habent,</strong></span> <span class='ocrx_word' id='word_1_659' title='bbox 3067 3126 3125 3172; x_wconf 90' lang='lat' dir='ltr'><strong>tu</strong></span> <span class='ocrx_word' id='word_1_660' title='bbox 3159 3132 3275 3172; x_wconf 90' lang='lat' dir='ltr'><strong>rem</strong></span> <span class='ocrx_word' id='word_1_661' title='bbox 3317 3117 3597 3188; x_wconf 88' lang='lat' dir='ltr'><strong>publicam</strong></span> 
     </span>
    </p>
   </div>
   <div class='ocr_carea' id='block_1_88' title="bbox 2011 3229 3598 3302">
    <p class='ocr_par' dir='ltr' id='par_1_88' title="bbox 2011 3229 3598 3302">
     <span class='ocr_line' id='line_1_88' title="bbox 2011 3229 3598 3302; baseline 0.001 -18"><span class='ocrx_word' id='word_1_662' title='bbox 2011 3244 2112 3300; x_wconf 89' lang='lat' dir='ltr'><strong>pro</strong></span> <span class='ocrx_word' id='word_1_663' title='bbox 2136 3229 2284 3285; x_wconf 87' lang='lat' dir='ltr'><strong>virili</strong></span> <span class='ocrx_word' id='word_1_664' title='bbox 2314 3238 2466 3300; x_wconf 91' lang='lat' dir='ltr'><strong>parte</strong></span> <span class='ocrx_word' id='word_1_665' title='bbox 2495 3230 2928 3298; x_wconf 86' lang='lat' dir='ltr'><strong>administrabis,</strong></span> <span class='ocrx_word' id='word_1_666' title='bbox 2954 3231 3103 3288; x_wconf 85' lang='lat' dir='ltr'><strong>cives</strong></span> <span class='ocrx_word' id='word_1_667' title='bbox 3123 3231 3346 3302; x_wconf 89' lang='lat' dir='ltr'><strong>quidem</strong></span> <span class='ocrx_word' id='word_1_668' title='bbox 3368 3231 3434 3286; x_wconf 90' lang='lat' dir='ltr'><strong>ad</strong></span> <span class='ocrx_word' id='word_1_669' title='bbox 3461 3247 3598 3287; x_wconf 62' lang='lat' dir='ltr'><strong>con.</strong></span> 
     </span>
    </p>
   </div>
   <div class='ocr_carea' id='block_1_89' title="bbox 2001 3343 3595 3415">
    <p class='ocr_par' dir='ltr' id='par_1_89' title="bbox 2001 3343 3595 3415">
     <span class='ocr_line' id='line_1_89' title="bbox 2001 3343 3595 3415; baseline 0.001 -17"><span class='ocrx_word' id='word_1_670' title='bbox 2001 3343 2247 3398; x_wconf 89' lang='lat' dir='ltr'><strong>cordiam</strong></span> <span class='ocrx_word' id='word_1_671' title='bbox 2286 3354 2344 3400; x_wconf 84' lang='lat' dir='ltr'><strong>et</strong></span> <span class='ocrx_word' id='word_1_672' title='bbox 2378 3343 2446 3399; x_wconf 89' lang='lat' dir='ltr'><strong>ad</strong></span> <span class='ocrx_word' id='word_1_673' title='bbox 2489 3343 2817 3414; x_wconf 89' lang='lat' dir='ltr'><strong>obsequium</strong></span> <span class='ocrx_word' id='word_1_674' title='bbox 2857 3358 2960 3415; x_wconf 91' lang='lat' dir='ltr'><strong>per</strong></span> <span class='ocrx_word' id='word_1_675' title='bbox 2991 3345 3208 3401; x_wconf 89' lang='lat' dir='ltr'><strong>litteras</strong></span> <span class='ocrx_word' id='word_1_676' title='bbox 3228 3344 3595 3406; x_wconf 85' lang='lat' dir='ltr'><strong>exhortando.</strong></span> 
     </span>
    </p>
   </div>
   <div class='ocr_carea' id='block_1_90' title="bbox 2002 3451 3600 3524">
    <p class='ocr_par' dir='ltr' id='par_1_90' title="bbox 2002 3451 3600 3524">
     <span class='ocr_line' id='line_1_90' title="bbox 2002 3451 3600 3524; baseline -0.001 -15"><span class='ocrx_word' id='word_1_677' title='bbox 2002 3461 2060 3509; x_wconf 88' lang='lat' dir='ltr'><strong>et</strong></span> <span class='ocrx_word' id='word_1_678' title='bbox 2085 3469 2209 3524; x_wconf 71' lang='lat' dir='ltr'><strong>qua:</strong></span> <span class='ocrx_word' id='word_1_679' title='bbox 2261 3454 2630 3522; x_wconf 89' lang='lat' dir='ltr'><strong>observanda,</strong></span> <span class='ocrx_word' id='word_1_680' title='bbox 2681 3469 2808 3524; x_wconf 56' lang='lat' dir='ltr'><strong>quas</strong></span> <span class='ocrx_word' id='word_1_681' title='bbox 2847 3451 3108 3510; x_wconf 80' lang='lat' dir='ltr'><strong>evitanda</strong></span> <span class='ocrx_word' id='word_1_682' title='bbox 3140 3452 3374 3508; x_wconf 85' lang='lat' dir='ltr'><strong>veniunt</strong></span> <span class='ocrx_word' id='word_1_683' title='bbox 3411 3465 3600 3508; x_wconf 84' lang='lat' dir='ltr'><strong>osten-</strong></span> 
     </span>
    </p>
   </div>
   <div class='ocr_carea' id='block_1_91' title="bbox 2005 3564 3611 3654">
    <p class='ocr_par' dir='ltr' id='par_1_91' title="bbox 2005 3564 3611 3654">
     <span class='ocr_line' id='line_1_91' title="bbox 2005 3564 3611 3654; baseline 0 -34"><span class='ocrx_word' id='word_1_684' title='bbox 2005 3565 2215 3634; x_wconf 89' lang='lat' dir='ltr'><strong>dendo,</strong></span> <span class='ocrx_word' id='word_1_685' title='bbox 2243 3582 2391 3622; x_wconf 91' lang='lat' dir='ltr'><strong>nunc</strong></span> <span class='ocrx_word' id='word_1_686' title='bbox 2415 3564 2774 3631; x_wconf 87' lang='lat' dir='ltr'><strong>stimulando,</strong></span> <span class='ocrx_word' id='word_1_687' title='bbox 2819 3575 2875 3621; x_wconf 92' lang='lat' dir='ltr'><strong>et</strong></span> <span class='ocrx_word' id='word_1_688' title='bbox 2913 3566 3162 3621; x_wconf 89' lang='lat' dir='ltr'><strong>animum</strong></span> <span class='ocrx_word' id='word_1_689' title='bbox 3199 3565 3268 3620; x_wconf 91' lang='lat' dir='ltr'><strong>iis</strong></span> <span class='ocrx_word' id='word_1_690' title='bbox 3302 3565 3611 3654; x_wconf 30' lang='lat' dir='ltr'><strong>.augendo,‘</strong></span> 
     </span>
    </p>
   </div>
   <div class='ocr_carea' id='block_1_92' title="bbox 2009 3679 3603 3752">
    <p class='ocr_par' dir='ltr' id='par_1_92' title="bbox 2009 3679 3603 3752">
     <span class='ocr_line' id='line_1_92' title="bbox 2009 3679 3603 3752; baseline -0.001 -16"><span class='ocrx_word' id='word_1_691' title='bbox 2009 3679 2283 3750; x_wconf 86' lang='lat' dir='ltr'><strong>siquidem</strong></span> <span class='ocrx_word' id='word_1_692' title='bbox 2302 3679 2524 3752; x_wconf 83' lang='lat' dir='ltr'><strong>aurigas</strong></span> <span class='ocrx_word' id='word_1_693' title='bbox 2550 3695 2773 3752; x_wconf 89' lang='lat' dir='ltr'><strong>quoque</strong></span> <span class='ocrx_word' id='word_1_694' title='bbox 2787 3695 2898 3736; x_wconf 93' lang='lat' dir='ltr'><strong>non</strong></span> <span class='ocrx_word' id='word_1_695' title='bbox 2920 3688 3130 3735; x_wconf 89' lang='lat' dir='ltr'><strong>tantum</strong></span> <span class='ocrx_word' id='word_1_696' title='bbox 3142 3693 3411 3750; x_wconf 90' lang='lat' dir='ltr'><strong>equorum</strong></span> <span class='ocrx_word' id='word_1_697' title='bbox 3426 3679 3603 3734; x_wconf 87' lang='lat' dir='ltr'><strong>virtu-</strong></span> 
     </span>
    </p>
   </div>
   <div class='ocr_carea' id='block_1_93' title="bbox 2011 3790 3592 3864">
    <p class='ocr_par' dir='ltr' id='par_1_93' title="bbox 2011 3790 3592 3864">
     <span class='ocr_line' id='line_1_93' title="bbox 2011 3790 3592 3864; baseline 0.002 -19"><span class='ocrx_word' id='word_1_698' title='bbox 2011 3793 2163 3848; x_wconf 84' lang='lat' dir='ltr'><strong>tibus</strong></span> <span class='ocrx_word' id='word_1_699' title='bbox 2199 3795 2277 3849; x_wconf 90' lang='lat' dir='ltr'><strong>uti</strong></span> <span class='ocrx_word' id='word_1_700' title='bbox 2301 3792 2573 3860; x_wconf 85' lang='lat' dir='ltr'><strong>videmus,</strong></span> <span class='ocrx_word' id='word_1_701' title='bbox 2599 3792 2808 3864; x_wconf 89' lang='lat' dir='ltr'><strong>quippe</strong></span> <span class='ocrx_word' id='word_1_702' title='bbox 2837 3791 2935 3863; x_wconf 90' lang='lat' dir='ltr'><strong>qui</strong></span> <span class='ocrx_word' id='word_1_703' title='bbox 2966 3790 3137 3849; x_wconf 91' lang='lat' dir='ltr'><strong>verbo</strong></span> <span class='ocrx_word' id='word_1_704' title='bbox 3165 3805 3231 3848; x_wconf 89' lang='lat' dir='ltr'><strong>ac</strong></span> <span class='ocrx_word' id='word_1_705' title='bbox 3256 3805 3316 3848; x_wconf 89' lang='lat' dir='ltr'><strong>re</strong></span> <span class='ocrx_word' id='word_1_706' title='bbox 3343 3790 3592 3848; x_wconf 76' lang='lat' dir='ltr'><strong>adhibita</strong></span> 
     </span>
    </p>
   </div>
   <div class='ocr_carea' id='block_1_94' title="bbox 2011 3904 2962 3980">
    <p class='ocr_par' dir='ltr' id='par_1_94' title="bbox 2011 3904 2962 3980">
     <span class='ocr_line' id='line_1_94' title="bbox 2011 3904 2962 3980; baseline -0.002 -17"><span class='ocrx_word' id='word_1_707' title='bbox 2011 3907 2344 3980; x_wconf 90' lang='lat' dir='ltr'><strong>procedunt.</strong></span> <span class='ocrx_word' id='word_1_708' title='bbox 2372 3904 2480 3963; x_wconf 88' lang='lat' dir='ltr'><strong>Sed</strong></span> <span class='ocrx_word' id='word_1_709' title='bbox 2520 3905 2640 3963; x_wconf 71' lang='lat' dir='ltr'><strong>haec</strong></span> <span class='ocrx_word' id='word_1_710' title='bbox 2668 3905 2962 3962; x_wconf 88' lang='lat' dir='ltr'><strong>hactenus.</strong></span> 
     </span>
    </p>
   </div>
   <div class='ocr_carea' id='block_1_95' title="bbox 2090 4653 3600 4727">
    <p class='ocr_par' dir='ltr' id='par_1_95' title="bbox 2090 4653 3600 4727">
     <span class='ocr_line' id='line_1_95' title="bbox 2090 4653 3600 4727; baseline -0.001 -19"><span class='ocrx_word' id='word_1_711' title='bbox 2090 4655 2178 4710; x_wconf 79' lang='grc'><strong>15.</strong></span> <span class='ocrx_word' id='word_1_712' title='bbox 2215 4654 2336 4711; x_wconf 73' lang='lat' dir='ltr'><strong>1am</strong></span> <span class='ocrx_word' id='word_1_713' title='bbox 2370 4653 2669 4711; x_wconf 86' lang='lat' dir='ltr'><strong>dicendum</strong></span> <span class='ocrx_word' id='word_1_714' title='bbox 2699 4663 2786 4711; x_wconf 89' lang='lat' dir='ltr'><strong>est</strong></span> <span class='ocrx_word' id='word_1_715' title='bbox 2809 4655 3028 4726; x_wconf 89' lang='lat' dir='ltr'><strong>qualem</strong></span> <span class='ocrx_word' id='word_1_716' title='bbox 3054 4665 3105 4713; x_wconf 91' lang='lat' dir='ltr'><strong>te</strong></span> <span class='ocrx_word' id='word_1_717' title='bbox 3136 4656 3280 4713; x_wconf 88' lang='lat' dir='ltr'><strong>circa</strong></span> <span class='ocrx_word' id='word_1_718' title='bbox 3310 4654 3600 4727; x_wconf 83' lang='lat' dir='ltr'><strong>pecuniam</strong></span> 
     </span>
    </p>
   </div>
   <div class='ocr_carea' id='block_1_96' title="bbox 2013 4767 3604 4840">
    <p class='ocr_par' dir='ltr' id='par_1_96' title="bbox 2013 4767 3604 4840">
     <span class='ocr_line' id='line_1_96' title="bbox 2013 4767 3604 4840; baseline 0 -18"><span class='ocrx_word' id='word_1_719' title='bbox 2013 4767 2278 4824; x_wconf 83' lang='lat' dir='ltr'><strong>exhibere</strong></span> <span class='ocrx_word' id='word_1_720' title='bbox 2310 4767 2517 4824; x_wconf 82' lang='lat' dir='ltr'><strong>debeas</strong></span> <span class='ocrx_word' id='word_1_721' title='bbox 2548 4787 2562 4827; x_wconf 86' lang='lat'><strong>:</strong></span> <span class='ocrx_word' id='word_1_722' title='bbox 2603 4768 2814 4840; x_wconf 82' lang='lat' dir='ltr'><strong>regium</strong></span> <span class='ocrx_word' id='word_1_723' title='bbox 2844 4768 3057 4826; x_wconf 90' lang='lat' dir='ltr'><strong>scilicet</strong></span> <span class='ocrx_word' id='word_1_724' title='bbox 3077 4777 3133 4825; x_wconf 90' lang='lat' dir='ltr'><strong>et</strong></span> <span class='ocrx_word' id='word_1_725' title='bbox 3171 4769 3522 4840; x_wconf 87' lang='lat' dir='ltr'><strong>magniﬁcum</strong></span> <span class='ocrx_word' id='word_1_726' title='bbox 3543 4777 3604 4822; x_wconf 90' lang='lat' dir='ltr'><strong>ut</strong></span> 
     </span>
    </p>
   </div>
   <div class='ocr_carea' id='block_1_97' title="bbox 2013 4881 3666 4953">
    <p class='ocr_par' dir='ltr' id='par_1_97' title="bbox 2013 4881 3666 4953">
     <span class='ocr_line' id='line_1_97' title="bbox 2013 4881 3666 4953; baseline 0.001 -18"><span class='ocrx_word' id='word_1_727' title='bbox 2013 4881 2253 4951; x_wconf 88' lang='lat' dir='ltr'><strong>probum</strong></span> <span class='ocrx_word' id='word_1_728' title='bbox 2292 4896 2480 4953; x_wconf 81' lang='lat' dir='ltr'><strong>regem</strong></span> <span class='ocrx_word' id='word_1_729' title='bbox 2523 4881 2796 4938; x_wconf 89' lang='lat' dir='ltr'><strong>condecet</strong></span> <span class='ocrx_word' id='word_1_730' title='bbox 2829 4881 2925 4952; x_wconf 90' lang='lat' dir='ltr'><strong>qui</strong></span> <span class='ocrx_word' id='word_1_731' title='bbox 2960 4897 3027 4938; x_wconf 90' lang='lat' dir='ltr'><strong>ea</strong></span> <span class='ocrx_word' id='word_1_732' title='bbox 3063 4881 3292 4949; x_wconf 90' lang='lat' dir='ltr'><strong>sentire,</strong></span> <span class='ocrx_word' id='word_1_733' title='bbox 3325 4882 3392 4938; x_wconf 92' lang='lat' dir='ltr'><strong>iis</strong></span> <span class='ocrx_word' id='word_1_734' title='bbox 3439 4883 3608 4938; x_wconf 81' lang='lat' dir='ltr'><strong>rebus</strong></span> <span class='ocrx_word' id='word_1_735' title='bbox 3653 4900 3666 4912; x_wconf 62' lang='grc' dir='ltr'>ν</span> 
     </span>
    </p>
   </div>
   <div class='ocr_carea' id='block_1_98' title="bbox 2014 4995 3604 5068">
    <p class='ocr_par' dir='ltr' id='par_1_98' title="bbox 2014 4995 3604 5068">
     <span class='ocr_line' id='line_1_98' title="bbox 2014 4995 3604 5068; baseline -0.001 -16"><span class='ocrx_word' id='word_1_736' title='bbox 2014 4995 2242 5052; x_wconf 87' lang='lat' dir='ltr'><strong>studere</strong></span> <span class='ocrx_word' id='word_1_737' title='bbox 2273 4995 2442 5051; x_wconf 88' lang='lat' dir='ltr'><strong>debet</strong></span> <span class='ocrx_word' id='word_1_738' title='bbox 2469 5012 2592 5067; x_wconf 69' lang='lat' dir='ltr'><strong>qua:</strong></span> <span class='ocrx_word' id='word_1_739' title='bbox 2625 4999 2807 5068; x_wconf 90' lang='lat' dir='ltr'><strong>ipsum</strong></span> <span class='ocrx_word' id='word_1_740' title='bbox 2824 5007 3100 5052; x_wconf 82' lang='lat' dir='ltr'><strong>exornant</strong></span> <span class='ocrx_word' id='word_1_741' title='bbox 3132 5007 3188 5052; x_wconf 89' lang='lat' dir='ltr'><strong>et</strong></span> <span class='ocrx_word' id='word_1_742' title='bbox 3211 4995 3414 5068; x_wconf 87' lang='lat' dir='ltr'><strong>quibus</strong></span> <span class='ocrx_word' id='word_1_743' title='bbox 3437 5005 3604 5050; x_wconf 68' lang='lat' dir='ltr'><strong>caete-</strong></span> 
     </span>
    </p>
   </div>
   <div class='ocr_carea' id='block_1_99' title="bbox 2014 5107 3606 5178">
    <p class='ocr_par' dir='ltr' id='par_1_99' title="bbox 2014 5107 3606 5178">
     <span class='ocr_line' id='line_1_99' title="bbox 2014 5107 3606 5178; baseline -0.002 -15"><span class='ocrx_word' id='word_1_744' title='bbox 2014 5110 2090 5163; x_wconf 89' lang='lat' dir='ltr'><strong>ris</strong></span> <span class='ocrx_word' id='word_1_745' title='bbox 2117 5109 2454 5178; x_wconf 80' lang='lat' dir='ltr'><strong>exemplaris</strong></span> <span class='ocrx_word' id='word_1_746' title='bbox 2488 5108 2612 5165; x_wconf 93' lang='lat' dir='ltr'><strong>loco</strong></span> <span class='ocrx_word' id='word_1_747' title='bbox 2652 5109 2780 5165; x_wconf 89' lang='lat' dir='ltr'><strong>erit.</strong></span> <span class='ocrx_word' id='word_1_748' title='bbox 2809 5107 2866 5164; x_wconf 87' lang='lat' dir='ltr'><strong>ld</strong></span> <span class='ocrx_word' id='word_1_749' title='bbox 2912 5107 3033 5175; x_wconf 86' lang='lat' dir='ltr'><strong>ﬁet,</strong></span> <span class='ocrx_word' id='word_1_750' title='bbox 3070 5107 3117 5165; x_wconf 90' lang='lat' dir='ltr'><strong>si</strong></span> <span class='ocrx_word' id='word_1_751' title='bbox 3148 5108 3219 5164; x_wconf 90' lang='lat' dir='ltr'><strong>ab</strong></span> <span class='ocrx_word' id='word_1_752' title='bbox 3276 5107 3505 5162; x_wconf 87' lang='lat' dir='ltr'><strong>avaritia</strong></span> <span class='ocrx_word' id='word_1_753' title='bbox 3550 5114 3606 5160; x_wconf 92' lang='lat' dir='ltr'><strong>et</strong></span> 
     </span>
    </p>
   </div>
   <div class='ocr_carea' id='block_1_100' title="bbox 2014 5214 3606 5290">
    <p class='ocr_par' dir='ltr' id='par_1_100' title="bbox 2014 5214 3606 5290">
     <span class='ocr_line' id='line_1_100' title="bbox 2014 5214 3606 5290; baseline -0.006 -15"><span class='ocrx_word' id='word_1_754' title='bbox 2014 5220 2234 5275; x_wconf 84' lang='lat' dir='ltr'><strong>luxurie</strong></span> <span class='ocrx_word' id='word_1_755' title='bbox 2260 5234 2417 5289; x_wconf 78' lang='lat' dir='ltr'><strong>:rque</strong></span> <span class='ocrx_word' id='word_1_756' title='bbox 2444 5228 2692 5275; x_wconf 88' lang='lat' dir='ltr'><strong>remotus</strong></span> <span class='ocrx_word' id='word_1_757' title='bbox 2722 5219 2911 5290; x_wconf 83' lang='lat' dir='ltr'><strong>pravis</strong></span> <span class='ocrx_word' id='word_1_758' title='bbox 2945 5217 3325 5290; x_wconf 84' lang='lat' dir='ltr'><strong>voluptatibus</strong></span> <span class='ocrx_word' id='word_1_759' title='bbox 3365 5231 3475 5269; x_wconf 88' lang='lat' dir='ltr'><strong>non</strong></span> <span class='ocrx_word' id='word_1_760' title='bbox 3521 5214 3606 5268; x_wconf 86' lang='lat' dir='ltr'><strong>in-</strong></span> 
     </span>
    </p>
   </div>
   <div class='ocr_carea' id='block_1_101' title="bbox 2015 5319 3602 5398">
    <p class='ocr_par' dir='ltr' id='par_1_101' title="bbox 2015 5319 3602 5398">
     <span class='ocr_line' id='line_1_101' title="bbox 2015 5319 3602 5398; baseline -0.007 -16"><span class='ocrx_word' id='word_1_761' title='bbox 2015 5327 2234 5398; x_wconf 87' lang='lat' dir='ltr'><strong>dulges,</strong></span> <span class='ocrx_word' id='word_1_762' title='bbox 2268 5343 2392 5397; x_wconf 70' lang='lat' dir='ltr'><strong>quae</strong></span> <span class='ocrx_word' id='word_1_763' title='bbox 2415 5335 2671 5382; x_wconf 90' lang='lat' dir='ltr'><strong>naturam</strong></span> <span class='ocrx_word' id='word_1_764' title='bbox 2703 5325 3001 5381; x_wconf 89' lang='lat' dir='ltr'><strong>humanam</strong></span> <span class='ocrx_word' id='word_1_765' title='bbox 3038 5325 3340 5395; x_wconf 87' lang='lat' dir='ltr'><strong>depravant</strong></span> <span class='ocrx_word' id='word_1_766' title='bbox 3367 5335 3430 5375; x_wconf 88' lang='lat' dir='ltr'><strong>ac</strong></span> <span class='ocrx_word' id='word_1_767' title='bbox 3447 5319 3602 5373; x_wconf 88' lang='lat' dir='ltr'><strong>humi</strong></span> 
     </span>
    </p>
   </div>
   <div class='ocr_carea' id='block_1_102' title="bbox 2013 5431 3604 5507">
    <p class='ocr_par' dir='ltr' id='par_1_102' title="bbox 2013 5431 3604 5507">
     <span class='ocr_line' id='line_1_102' title="bbox 2013 5431 3604 5507; baseline -0.007 -11"><span class='ocrx_word' id='word_1_768' title='bbox 2013 5450 2293 5507; x_wconf 89' lang='lat' dir='ltr'><strong>sternunt,</strong></span> <span class='ocrx_word' id='word_1_769' title='bbox 2327 5440 2438 5494; x_wconf 90' lang='lat' dir='ltr'><strong>imo</strong></span> <span class='ocrx_word' id='word_1_770' title='bbox 2469 5440 2524 5495; x_wconf 93' lang='lat' dir='ltr'><strong>in</strong></span> <span class='ocrx_word' id='word_1_771' title='bbox 2556 5438 2821 5494; x_wconf 90' lang='lat' dir='ltr'><strong>omnibus</strong></span> <span class='ocrx_word' id='word_1_772' title='bbox 2867 5437 3176 5495; x_wconf 89' lang='lat' dir='ltr'><strong>liberaliter</strong></span> <span class='ocrx_word' id='word_1_773' title='bbox 3220 5451 3285 5492; x_wconf 87' lang='lat' dir='ltr'><strong>ac</strong></span> <span class='ocrx_word' id='word_1_774' title='bbox 3321 5431 3604 5504; x_wconf 79' lang='lat' dir='ltr'><strong>magnani-</strong></span> 
     </span>
    </p>
   </div>
   <div class='ocr_carea' id='block_1_103' title="bbox 2015 5536 3604 5614">
    <p class='ocr_par' dir='ltr' id='par_1_103' title="bbox 2015 5536 3604 5614">
     <span class='ocr_line' id='line_1_103' title="bbox 2015 5536 3604 5614; baseline -0.005 -16"><span class='ocrx_word' id='word_1_775' title='bbox 2015 5545 2178 5598; x_wconf 81' lang='lat' dir='ltr'><strong>ntiter</strong></span> <span class='ocrx_word' id='word_1_776' title='bbox 2203 5545 2472 5614; x_wconf 82' lang='lat' dir='ltr'><strong>agendum</strong></span> <span class='ocrx_word' id='word_1_777' title='bbox 2495 5551 2579 5598; x_wconf 88' lang='lat' dir='ltr'><strong>est</strong></span> <span class='ocrx_word' id='word_1_778' title='bbox 2599 5552 2658 5598; x_wconf 91' lang='lat' dir='ltr'><strong>ct</strong></span> <span class='ocrx_word' id='word_1_779' title='bbox 2693 5555 2753 5598; x_wconf 91' lang='lat' dir='ltr'><strong>ut</strong></span> <span class='ocrx_word' id='word_1_780' title='bbox 2784 5558 2917 5598; x_wconf 86' lang='lat' dir='ltr'><strong>sana</strong></span> <span class='ocrx_word' id='word_1_781' title='bbox 2945 5543 3086 5598; x_wconf 90' lang='lat' dir='ltr'><strong>ratio</strong></span> <span class='ocrx_word' id='word_1_782' title='bbox 3108 5539 3382 5611; x_wconf 61' lang='lat' dir='ltr'><strong>praecipit.</strong></span> <span class='ocrx_word' id='word_1_783' title='bbox 3411 5539 3469 5594; x_wconf 92' lang='lat' dir='ltr'><strong>Si</strong></span> <span class='ocrx_word' id='word_1_784' title='bbox 3497 5536 3604 5591; x_wconf 85' lang='lat' dir='ltr'><strong>hoc</strong></span> 
     </span>
    </p>
   </div>
   <div class='ocr_carea' id='block_1_104' title="bbox 2015 5644 3603 5720">
    <p class='ocr_par' dir='ltr' id='par_1_104' title="bbox 2015 5644 3603 5720">
     <span class='ocr_line' id='line_1_104' title="bbox 2015 5644 3603 5720; baseline -0.006 -12"><span class='ocrx_word' id='word_1_785' title='bbox 2015 5655 2182 5709; x_wconf 91' lang='lat' dir='ltr'><strong>modo</strong></span> <span class='ocrx_word' id='word_1_786' title='bbox 2221 5668 2338 5707; x_wconf 91' lang='lat' dir='ltr'><strong>rem</strong></span> <span class='ocrx_word' id='word_1_787' title='bbox 2363 5651 2744 5720; x_wconf 89' lang='lat' dir='ltr'><strong>pecuniariam</strong></span> <span class='ocrx_word' id='word_1_788' title='bbox 2774 5649 3060 5715; x_wconf 89' lang='lat' dir='ltr'><strong>tractabis,</strong></span> <span class='ocrx_word' id='word_1_789' title='bbox 3083 5663 3190 5703; x_wconf 93' lang='lat' dir='ltr'><strong>non</strong></span> <span class='ocrx_word' id='word_1_790' title='bbox 3225 5648 3390 5702; x_wconf 90' lang='lat' dir='ltr'><strong>modo</strong></span> <span class='ocrx_word' id='word_1_791' title='bbox 3413 5644 3603 5701; x_wconf 84' lang='lat' dir='ltr'><strong>omnia</strong></span> 
     </span>
    </p>
   </div>
   <div class='ocr_carea' id='block_1_105' title="bbox 2019 5755 3601 5832">
    <p class='ocr_par' dir='ltr' id='par_1_105' title="bbox 2019 5755 3601 5832">
     <span class='ocr_line' id='line_1_105' title="bbox 2019 5755 3601 5832; baseline -0.006 -13"><span class='ocrx_word' id='word_1_792' title='bbox 2019 5765 2166 5819; x_wconf 84' lang='lat' dir='ltr'><strong>bona</strong></span> <span class='ocrx_word' id='word_1_793' title='bbox 2198 5763 2578 5832; x_wconf 81' lang='lat' dir='ltr'><strong>consequeris,</strong></span> <span class='ocrx_word' id='word_1_794' title='bbox 2604 5759 2700 5816; x_wconf 88' lang='lat' dir='ltr'><strong>sed</strong></span> <span class='ocrx_word' id='word_1_795' title='bbox 2735 5761 2902 5815; x_wconf 90' lang='lat' dir='ltr'><strong>etiam</strong></span> <span class='ocrx_word' id='word_1_796' title='bbox 2936 5759 2991 5814; x_wconf 92' lang='lat' dir='ltr'><strong>in</strong></span> <span class='ocrx_word' id='word_1_797' title='bbox 3023 5755 3311 5829; x_wconf 76' lang='lat' dir='ltr'><strong>exigendis</strong></span> <span class='ocrx_word' id='word_1_798' title='bbox 3342 5757 3412 5813; x_wconf 86' lang='lat' dir='ltr'><strong>ab</strong></span> <span class='ocrx_word' id='word_1_799' title='bbox 3445 5755 3601 5824; x_wconf 66' lang='lat' dir='ltr'><strong>urbi,-</strong></span> 
     </span>
    </p>
   </div>
   <div class='ocr_carea' id='block_1_106' title="bbox 2015 5869 3604 5946">
    <p class='ocr_par' dir='ltr' id='par_1_106' title="bbox 2015 5869 3604 5946">
     <span class='ocr_line' id='line_1_106' title="bbox 2015 5869 3604 5946; baseline -0.006 -15"><span class='ocrx_word' id='word_1_800' title='bbox 2015 5874 2120 5932; x_wconf 85' lang='lat' dir='ltr'><strong>bus</strong></span> <span class='ocrx_word' id='word_1_801' title='bbox 2153 5873 2516 5946; x_wconf 74' lang='lat' dir='ltr'><strong>vectigalibus</strong></span> <span class='ocrx_word' id='word_1_802' title='bbox 2544 5871 2848 5929; x_wconf 82' lang='lat' dir='ltr'><strong>humanum</strong></span> <span class='ocrx_word' id='word_1_803' title='bbox 2879 5879 2931 5928; x_wconf 89' lang='lat' dir='ltr'><strong>te</strong></span> <span class='ocrx_word' id='word_1_804' title='bbox 2964 5869 3242 5941; x_wconf 76' lang='lat' dir='ltr'><strong>praebebis</strong></span> <span class='ocrx_word' id='word_1_805' title='bbox 3271 5880 3324 5927; x_wconf 89' lang='lat' dir='ltr'><strong>et</strong></span> <span class='ocrx_word' id='word_1_806' title='bbox 3367 5869 3604 5925; x_wconf 68' lang='lat' dir='ltr'><strong>minime</strong></span> 
     </span>
    </p>
   </div>
  </div>
