4018 6416
488 343 594 409 ιω
1066 445 1071 446 ν
1733 363 2060 431 raucum

2170 370 2518 435 MONACHI
3028 397 3032 400 '
3631 381 3727 446 468

483 473 765 520 severum.
807 463 864 520 Si
910 445 1314 526 vero'animus
1353 481 1482 528 tuus
1516 475 1835 544 possidendi
1881 482 2060 538 studio

2179 489 2295 551 ταῖς
2321 489 2430 542 τῶν
2475 489 2754 561 δημοσίων
2785 488 3107 563 είσπράξεσι
3153 493 3247 547 καὶ
3288 493 3495 548 πόλεων
3549 498 3720 564 είσφοο

477 576 652 650 magis
709 595 877 650 quam
941 599 1038 653 par
1088 595 1437 655 csttenetur,
1477 599 1607 648 ante
1662 596 1851 652 omnia
1901 600 2060 657 miror

2175 584 2298 652 ραῖς
2352 584 2740 654 φιλάνθρωπος
2776 586 2916 653 ἄγαν
2952 585 3074 659 ἔσῃ,
3108 587 3202 641 καὶ
3231 587 3366 642 πολὺ
3396 587 3490 640 τοῦ
3531 586 3722 651 δέοντος

476 706 589 763 quo
661 702 822 762 pacto
885 712 1009 754 cum
1072 702 1322 769 pecunia:
1391 705 1468 762 sis
1530 723 1764 776 servus,
1815 713 2060 771 homines

2171 675 2386 744 ύφιείς·
2419 677 2470 729 εί
2510 676 2566 729 δὲ
2591 676 2777 740 δοῦλος
2809 673 2861 731 εί
2892 678 3118 742 τούτων,
3151 679 3243 734 καί
3293 696 3386 732 σου
3420 678 3723 748 κατέχουσιν

476 806 788 877 gubernare
839 827 1174 881 prmsumere
1230 818 1457 876 audeas.
1520 819 1612 878 Sic
1658 826 1808 880 enim
1867 827 1957 882 ﬁet
2009 838 2060 886 ul

2170 767 2270 832 τήν
2295 767 2498 838 ψυχὴν,
2537 767 2754 838 πρῶτον
2786 769 2886 838 μὲν
2919 769 3264 842 θαυμάσαιμ’
3300 770 3368 825 ἂν
3401 773 3450 824 εἰ
3475 772 3605 833 ὅλως
3636 772 3725 823 ἀν-

2170 858 2405 925 θρώπων
2433 864 2659 925 κρατεῖν
2688 860 2970 925 ἀξιώσαις,
3013 864 3313 925 χρημάτων
3342 880 3404 925 γε
3430 862 3608 925 δοῦλος
3638 863 3727 915 αὑ·-

477 923 774 991 proborum
851 930 1098 999 nullam,
1156 933 1535 1006 improborum
1619 953 1837 996 omnem
1896 943 2060 999 ratio‘

2170 877 2405 929 υρωπων
2433 877 2659 932 κρατειν
2688 877 2970 928 αςιωσαις,
3013 877 3313 934 χρημάτων
3342 880 3404 931 γε
3430 877 3608 926 οουλος
3638 877 3727 915 ao-

2167 952 2260 1014 τὸς
2288 950 2365 1007 ὥν
2390 969 2404 982 ·
2438 951 2633 1012 ἔπειτα
2664 951 2839 1018 δόξεις
2868 954 3076 1021 ἀγαθοῦ
3108 955 3210 1024 μὲν
3235 955 3545 1009 οὐδοτουοῦν
3573 973 3727 1010 τοπα-

477 1048 602 1089 nem
670 1034 924 1105 habeas;
962 1057 1035 1101 ne
1085 1043 1264 1102 dicam
1315 1049 1463 1118 quod
1527 1054 1792 1121 pecunias
1837 1056 2060 1112 tributa-

2172 1045 2377 1116 ράπαν,
2415 1045 2620 1115 μᾶλλον
2649 1046 2705 1100 δὲ
2740 1049 2964 1106 πάντων
2999 1048 3075 1112 ὡς
3103 1049 3281 1102 εἰπεῖν
3307 1048 3422 1102 τῶν⁵
3447 1048 3726 1118 αἰσχίστων

476 1145 588 1200 rias
653 1161 778 1204 cum
838 1149 1045 1209 duritia
1096 1157 1324 1228 exiges,
1357 1160 1510 1230 quod
1556 1167 1884 1236 corruptelae
1932 1169 2060 1224 sub-

2166 1139 2328 1208 λόγον
2369 1140 2664 1206 ποιεῖσθαι,
2712 1141 3110 1211 φορολογήσεις
3149 1140 3208 1193 δέ
3241 1140 3482 1210 ἀγεννῶς
3513 1140 3604 1193 καὶ
3630 1139 3726 1192 δώ-

470 1259 677 1328 jectum
719 1272 771 1318 te
831 1271 1166 1325 monstrabis
1218 1281 1279 1328 et
1325 1273 1394 1329 ad
1444 1276 1615 1332 malas
1671 1289 1819 1334 artes
1873 1279 2060 1336 contus

2171 1250 2282 1302 ρων
2312 1233 2679 1304 ἐπιθυμήσεις
2728 1235 2823 1288 καὶ
2852 1233 2977 1286 ὅθεν
3007 1232 3070 1289 οὐ
3108 1233 3191 1287 δεῖ
3217 1231 3625 1304 μάλισταλήψῃ
3647 1247 3662 1265 ·
3693 1232 3727 1285 ἃ

473 1370 633 1439 gics:
667 1389 791 1444 quae
851 1380 1036 1436 Omnia
1081 1398 1190 1438 non
1247 1385 1445 1443 decent
1505 1404 1688 1458 regem
1733 1407 2064 1461 generosum

476 1485 573 1553 qui
602 1485 657 1543 in
696 1491 957 1549 omnibus
1006 1495 1216 1564 primas
1271 1507 1480 1567 tenere,
1509 1504 1603 1572 qui
1647 1504 1701 1560 in
1736 1519 1933 1565 carnes
1961 1508 2060 1564 do.-

478 1596 677 1656 minari
721 1610 780 1656 ut
822 1603 1123 1668 imbecilles
1171 1613 1342 1668 animi
1396 1616 1696 1682 praesumit.
1733 1619 1848 1679 imo
1889 1636 1920 1676 a
1952 1636 2064 1677 ma-

477 1710 836 1778 gnanimitate
861 1730 984 1785 quae
1012 1720 1160 1790 regia
1190 1722 1366 1783 virtus
1413 1724 1649 1780 habetur
1672 1726 1812 1784 adeo
1850 1742 2060 1787 remota

474 1833 630 1892 sunt,
647 1835 707 1881 ut
734 1823 1120 1901 quemcunque
1142 1835 1246 1890 ista
1274 1837 1569 1898 facientem
1608 1841 2058 1912 deprehendunt,
2088 1829 2135 1890 Β

474 1956 696 1998 summo
748 1944 878 2001 odio
919 1960 1332 2020 prosequantur
1389 1971 1454 2012 ac
1514 1957 1620 2012 tale
1670 1974 1900 2029 regnum
1958 1975 2058 2030 pro

474 2056 890 2117 abominatione
914 2062 1142 2124 habent.
1175 2065 1317 2136 Quid
1341 2071 1490 2124 enim
1508 2066 1532 2122 ‘i
1551 2071 1645 2139 qui
1671 2072 1743 2132 ob
1763 2074 2056 2142 pecuniam

473 2172 615 2232 altos
631 2175 860 2244 spiritus
882 2178 1074 2245 sumit,
1105 2179 1248 2238 nihil
1272 2191 1468 2250 praeter
1491 2182 1852 2244 ambitionem
1874 2188 2060 2245 studio

477 2287 705 2356 dignum
742 2292 1012 2358 censebit,
1040 2304 1100 2348 et
1133 2294 1214 2348 sic
1233 2295 1308 2350 ob
1334 2310 1630 2364 pravarum
1666 2299 1870 2358 artium
1901 2316 2060 2359 usuin

474 2401 721 2458 omnium
747 2403 940 2459 odium
973 2414 1449 2478 accontemptum
1491 2407 1762 2470 incurret.
1785 2409 1964 2476 Quare
1999 2421 2058 2471 tu

473 2515 700 2585 quidem
755 2526 991 2577 conatus
1049 2520 1449 2591 gloriabundos
1497 2532 1711 2584 sectare
1757 2533 1814 2581 et
1870 2525 2060 2585 inania

472 2633 728 2694 cncomia
743 2650 1085 2706 aspernare;
1118 2655 1241 2711 quae
1273 2640 1447 2712 proba
1469 2654 1599 2699 sunt
1627 2646 1979 2717 amplectere,
2004 2657 2060 2710 et

473 2748 701 2810 humilis
720 2753 1082 2824 negotiatoris
1101 2757 1277 2813 instar
1302 2775 1391 2814 res
1418 2759 1658 2818 abhorre
1689 2765 2054 2832 spernendas,

473 2877 612 2933 quas
652 2879 754 2922 nec
804 2867 1045 2923 maximo
1073 2870 1301 2928 inimico
1343 2873 1562 2942 precari
1621 2877 1889 2932 volueris.
1932 2877 2058 2935 Tibi

473 2979 725 3050 quidem,
761 2997 880 3050 rex,
899 2985 1074 3041 satius
1103 2986 1232 3055 erit,
1260 2989 1383 3044 auri
1403 2991 1742 3062 argentique.
1767 2992 2058 3048 thesauros

2169 1327 2246 1397 μὴ
2275 1328 2359 1380 ὅτι
2394 1343 2458 1395 γε
2504 1325 2824 1397 θαυμαστοῦ
2857 1326 3124 1396 βασιλέως
3167 1326 3284 1379 ἐστὶ
3325 1325 3418 1380 καὶ
3461 1326 3570 1378 οἴου
3604 1325 3730 1379 πάν-

2165 1436 2277 1475 των
2327 1419 2426 1489 μέν
2482 1419 2539 1472 ὲν
2589 1419 2766 1473 ἀπασι
2827 1420 3086 1489 κρατέειν
3139 1417 3346 1472 ἐθέλειν
3403 1418 3657 1478 πάντεσσι
3687 1416 3728 1469 δ’

2163 1510 2446 1576 ἀνάσσειν,
2494 1512 2612 1565 ἀλλ’
2650 1513 2772 1566 οὐδὲ
2813 1512 2926 1565 τῶν
2966 1512 3291 1582 ἀρχομένων
3333 1510 3477 1571 τινὸς
3507 1505 3566 1562 εὖ
3608 1525 3731 1577 φροο

2163 1607 2277 1658 νεῖν
2340 1605 2658 1670 ἀξιοῦντος’
2722 1605 2924 1675 μᾶλλον
2969 1604 3014 1657 δ’
3049 1603 3193 1664 οὕτω
3234 1602 3404 1656 ταῦτα
3457 1599 3731 1671 βασιλικῆς

2167 1693 2643 1764 μεγαλοπρεπείας
2659 1694 2937 1764 ἀλλότρια,
2957 1693 3099 1747 ῶστε
3142 1694 3238 1746 καὶ
3265 1693 3396 1746 ὅταν
3417 1708 3500 1754 τις
3519 1689 3730 1749 τῶνὺπδ

2162 1787 2325 1853 χεῖρα
2349 1783 2527 1838 ταῦτα
2543 1786 2798 1855 πράττων
2821 1786 2956 1855 ἀλῷ,
2981 1785 3177 1839 τοῦτον.
3189 1786 3620 1854 ἀποστρέφονται
3641 1780 3732 1844 καὶ

2164 1877 2410 1945 μισοῦσι,
2437 1876 2645 1948 καὶτῆς
2672 1877 2850 1949 ἀρχῆς
2869 1877 3059 1947 ῶσπερ
3085 1877 3218 1946 ἄγος
3247 1877 3362 1930 οὐδ’
3382 1878 3514 1947 ὁρᾷν
3536 1877 3728 1930 οἴονται

2160 1971 2308 2025 δεῖν’
2343 1971 2598 2024 τοσοῦτον
2647 1972 2834 2035 αὐτοῖς
2886 1971 3227 2040 φαυλότητος
3281 1971 3568 2041 μέτεστιν*
3615 1965 3727 2021 εἶτα

2161 2062 2338 2132 παρὸν
2357 2063 2444 2116 διὰ
2472 2063 2575 2130 μὲν
2599 2063 2692 2115 τοῦ
2713 2065 3037 2134 χρημάτων,
3057 2066 3132 2126 ὡς
3162 2067 3323 2134 ἔφην,
3357 2066 3731 2135 ὑπερφρονεῖν,

2161 2156 2320 2209 πάντ’
2355 2157 2580 2224 ἄριστον
2618 2151 2760 2208 εἶναι
2789 2154 2884 2208 καὶ⁵
2912 2157 3026 2218 τοῖς
3060 2157 3195 2212 πᾶσι
3226 2155 3546 2225 ζηλοῦσθαι,
3576 2157 3659 2208 διὰ
3679 2156 3731 2208 δέ

2161 2249 2255 2302 τοῦ
2291 2249 2467 2302 ταῦτα
2516 2249 2647 2319 περὶ
2673 2247 2922 2312 πλείονος
2964 2249 3123 2318 ἀγειν
3178 2251 3272 2303 καὶ
3313 2248 3526 2312 τούτοις
3555 2248 3731 2314 διαφε-

2165 2341 2369 2411 ρόντως
2396 2340 2690 2411 ἡττᾶσθαι,
2725 2342 2916 2405 κακῶς
2947 2341 3170 2398 ἀκούειν
3200 2343 3296 2396 καὶ
3333 2343 3489 2412 μῖσος
3515 2345 3571 2394 ὲν
3599 2341 3733 2394 ἅπαν

2167 2453 2251 2489 σιν
2281 2434 2430 2506 ἔχειν
2452 2452 2468 2466 ο
2503 2436 2568 2489 σὺ
2593 2436 2640 2489 δ’
2664 2436 2692 2488 δ
2727 2435 2829 2506 μὲν
2879 2436 3021 2491 κατά
3054 2436 3147 2489 σοῦ
3179 2436 3272 2489 καὶ
3311 2436 3417 2504 τῆς
3449 2435 3546 2504 σῆς
3588 2433 3732 2501 δόξης

2163 2533 2301 2598 ἐστὶ,
2325 2531 2477 2585 τοῦθ’
2506 2533 2860 2603 ἡγησάμενος
2889 2533 2999 2586 τῶν
3049 2532 3255 2601 σφόδρα
3294 2530 3611 2590 λυσιτελῶν.
3638 2529 3664 2582 ὃ
3682 2529 3732 2582 δέ

2163 2643 2246 2679 σοι
2278 2629 2559 2696 μεγίστων
2611 2626 2706 2680 καὶ
2755 2625 3088 2696 θαυμαστῶν
3141 2625 3440 2696 ἐγκωμίων
3494 2626 3732 2686 ὑπόθεσις

2161 2703 2344 2786 ἔσται,
2372 2719 2534 2772 τοῦτο
2562 2719 2659 2773 τοῦ
2689 2719 2922 2788 μηδενὸς
2953 2719 3105 2786 ἀξιον
3127 2719 3376 2790 χρῆσθαι
3403 2721 3648 2790 νομίσας,
3678 2719 3733 2771 τὸ

2163 2812 2264 2883 μὲν
2317 2812 2601 2883 ἐθελήσεις
2629 2812 2918 2884 προέσθαι,
2980 2810 3043 2863 τὸ
3083 2812 3140 2866 δὲ
3187 2812 3458 2877 καθάπαξ
3508 2811 3731 2876 ἑλέσθαι,

2161 2906 2256 2962 καὶ
2286 2923 2392 2976 χρη
2403 2908 2669 2978 ματιστὴς
2695 2906 2925 2977 ἀγεννὴς
2955 2906 3191 2960 ἀκοῦσαι
3224 2907 3454 2976 μᾶλλον,
3485 2907 3517 2977 ἢ
3542 2905 3732 2960 τούτων

2163 2999 2347 3053 αὐτῶν
2410 2999 2748 3067 ὑπερόπτης,
2789 2998 2816 3050 δ
2865 2997 2990 3066 μηδ’
3025 2997 3091 3051 ἂν
3123 2993 3206 3060 είς
3247 2999 3362 3054 τῶν
3403 2998 3610 3070 ἐχθρῶν
3643 2993 3728 3047 σοῦ

472 3095 709 3164 perdere
743 3112 910 3160 quam
936 3098 1098 3158 Mida
1128 3101 1350 3159 divitias
1381 3117 1642 3175 superare
1665 3106 1789 3162 sine
1825 3108 2054 3172 decore.

2162 3107 2219 3159 γε
2256 3091 2585 3156 κατεύξαιτο
2610 3107 2630 3157 ;ν
2658 3092 2750 3160 Μὴ
2794 3091 2860 3143 σύ
2896 3108 2959 3159 γε
2982 3108 2996 3122 ο
3028 3091 3165 3146 ἀλλά
3211 3091 3405 3162 βούλου
3450 3090 3664 3162 μᾶλλον,
3690 3082 3730 3140 ὦ

479 3211 710 3268 interim
774 3223 990 3270 tantum
1043 3216 1203 3274 abest
1252 3227 1315 3273 ut
1379 3218 1558 3275 dicam
1595 3228 1648 3277 te
1686 3221 1923 3292 pecunia
1959 3238 2056 3280 ca-

473 3341 604 3384 rere
640 3343 823 3398 posse.
882 3330 1131 3398 Minime,
1185 3334 1300 3390 imo
1336 3348 1447 3392 non
1504 3350 1671 3405 parva
1705 3338 1803 3393 tibi
1844 3353 2058 3396 summa

472 3457 616 3512 opus
637 3452 744 3509 est,
780 3459 891 3501 non
919 3455 1134 3503 tantum
1175 3450 1306 3519 quia
1331 3465 1682 3522 nequaquam
1709 3462 1873 3509 nocet
1897 3454 2059 3525 eiqui

477 3566 630 3612 recte
662 3572 726 3613 ea
759 3559 838 3614 uti
869 3560 1046 3625 nevit,
1071 3569 1129 3618 et
1157 3561 1305 3632 quod
1337 3563 1459 3634 ejus
1484 3562 1758 3620 beneﬁcio
1786 3578 1876 3618 res
1915 3579 2059 3634 pra:-

471 3667 636 3723 clarae
661 3677 720 3724 et
745 3670 914 3728 utiles
937 3671 1074 3731 allici
1102 3683 1350 3744 queunt;
1384 3686 1443 3732 tu
1487 3685 1676 3734 autem
1716 3678 1785 3735 ad
1828 3693 2056 3750 regnum

473 3783 982 3844 administrandum
1016 3789 1230 3859 magnis
1277 3790 1478 3860 opibus
1521 3791 1762 3863 indiges,
1814 3793 1910 3849 sed
1957 3794 2056 3860 ita,

476 3908 539 3964 ut
573 3903 771 3956 nonin.
809 3901 1011 3959 decore
1043 3906 1286 3961 tenearis
1319 3907 1502 3975 potius
1535 3923 1704 3978 quam
1734 3916 1949 3972 teneas,
2001 3917 2056 3964 et

477 4016 538 4062 ut
558 4025 670 4064 non
695 4009 941 4080 privatae,
970 4013 1066 4068 sed
1086 4013 1323 4083 publica:
1351 4017 1572 4070 utilitati
1595 4017 1881 4084 adhibeas,
1913 4018 2060 4075 sicut

475 4121 765 4190 Aristides,
793 4122 1104 4193 Lysimachi
1144 4125 1312 4192 ﬁlius,
1358 4135 1418 4181 ut
1446 4126 1685 4183 Pericles
1734 4126 2059 4201 Xanthippi,

477 4235 572 4306 qui
595 4235 838 4306 quidem,
874 4236 1194 4310 Thucydide
1219 4245 1383 4306 teste,
1405 4239 1543 4296 adeo
1571 4241 1781 4312 integer
1809 4241 2060 4312 incorru-

478 4361 715 4423 ptusque
746 4352 874 4418 fuit,
911 4361 974 4406 ut
1003 4352 1260 4424 proprios
1291 4366 1455 4422 agros
1486 4354 1804 4426 reipublicae
1831 4355 2057 4412 cederet

482 4483 592 4522 non
627 4477 736 4522 tam
789 4469 1122 4527 calumniam
1174 4465 1418 4524 evitandi
1471 4469 1668 4539 gratia,
1707 4469 1800 4525 sed
1849 4483 1920 4525 ne
1955 4484 2053 4524 eos

479 4581 776 4636 retinendo
839 4582 1053 4637 caeteris
1106 4582 1368 4653 prodesse
1408 4583 1556 4639 nolle
1593 4583 1896 4641 videretur.
1935 4585 2057 4639 Ari-

479 4695 655 4752 stides
673 4696 766 4768 qui
799 4697 1056 4756 omnibus
1087 4701 1246 4757 bonis
1274 4699 1558 4758 abundare
1597 4702 1886 4772 potuisset,
1920 4705 2057 4758 adeo

367 4831 370 4834 ’
480 4823 686 4880 pauper
715 4809 820 4868 fuit
843 4819 900 4866 ut
932 4810 1070 4868 tilias
1094 4812 1286 4868 dotare
1314 4813 1591 4878 nequiret,
1622 4813 1694 4868 ita
1727 4824 1787 4868 ut
1816 4813 2062 4869 Athena—

481 4938 604 4978 rum
632 4923 827 4980 civitas
846 4939 1033 4982 carum
1059 4925 1270 4996 nuptiis
1299 4926 1530 4995 pecunia
1557 4926 1684 4981 data
1713 4927 1770 4980 in
1790 4928 2056 4983 honorem

480 5041 654 5110 patris
719 5041 1049 5098 nobilissimi
1100 5043 1464 5114 prospexerit.
1503 5043 1595 5098 Sic
1650 5059 1759 5098 non
1830 5043 2060 5113 simplex

481 5158 731 5226 pecuniae
781 5173 938 5222 usus,
979 5167 1039 5212 ut
1086 5159 1201 5229 ipsa
1231 5172 1334 5214 vox
1369 5157 1568 5228 χρῆμα
1602 5158 1829 5226 indicat,
1865 5173 2057 5230 repre-

481 5272 650 5328 hendi
674 5280 876 5343 potest,
909 5272 1007 5327 sed
1035 5288 1168 5327 usus
1195 5272 1478 5329 illiberalis
1515 5283 1572 5330 et
1598 5275 1696 5343 qui
1720 5289 1830 5328 non
1865 5273 1932 5330 ad
1956 5274 2058 5329 ho-

483 5387 695 5442 minum
736 5387 1028 5443 utilitatem
1054 5397 1291 5458 spectat.
1317 5445 1322 5454 '

562 5570 651 5624 14.
688 5569 830 5636 Quid
876 5579 1060 5625 autem
1086 5570 1154 5626 de
1213 5573 1446 5642 pecunia
1481 5582 1693 5628 tantum
1753 5573 1914 5628 nobis
1946 5590 2062 5629 ser-

486 5662 622 5718 mo?
651 5661 1034 5735 Quodcunque
1067 5681 1161 5720 rex
1201 5668 1337 5720 citra
1372 5682 1726 5722 communem
1765 5667 2060 5722 utilitatem

484 5752 640 5816 faeit,
669 5763 728 5808 ut
781 5757 1043 5825 privatus,
1079 5775 1187 5812 non
1241 5775 1346 5828 qua
1403 5775 1496 5813 rex
1547 5759 1708 5826 facit;
1757 5760 1848 5815 hic
1911 5761 2058 5815 enim

488 5846 674 5911 smnia
700 5862 890 5911 curare
919 5849 1100 5920 debet,
1134 5852 1229 5909 ille
1255 5866 1417 5908 suum
1444 5850 1710 5912 duntaxat
1770 5862 1898 5910 ante
1932 5869 2066 5911 ocu-

2087 4515 2134 4572 θ

2164 3182 2412 3253 βασιλεῦ,
2465 3184 2658 3246 κενοὺς
2706 3185 2754 3236 εἰ
2811 3179 2924 3238 οἷόν
2965 3199 3025 3236 τε
3070 3183 3354 3238 ταλάντων
3409 3184 3578 3254 ἴσχειν
3615 3183 3730 3244 τοὺς

2163 3275 2496 3348 θησαυροὺς,
2524 3275 2558 3346 ἢ
2593 3275 2890 3346 παρελθεῖν
2933 3276 3309 3345 ἀνελευθέρως
3337 3277 3623 3346 περιουσίᾳ
3646 3274 3729 3326 τὸν

2159 3368 2338 3424 Μίδαν
2360 3408 2377 3435 ,
2416 3370 2540 3422 ἐπεὶ
2581 3369 2678 3423 καὶ⁵
2709 3369 2875 3432 αὐτὸς
2915 3369 3016 3423 οὐκ
3050 3369 3356 3440 ἀπέχεσθαί
3391 3387 3448 3422 σε
3490 3363 3730 3429 καθάπαξ

2161 3462 2464 3534 χρημάτων
2509 3462 2676 3535 φημί.
2709 3459 2915 3530 Πόθεν;
2947 3462 3144 3517 πολλοῦ
3182 3479 3245 3531 γε
3281 3464 3378 3517 καὶ
3407 3463 3519 3516 δείο
3550 3462 3610 3514 οὐ
3641 3460 3730 3529 μό-

2161 3573 2252 3611 νον
2286 3559 2370 3610 ὄτι
2415 3556 2593 3614 ταῦτα
2612 3559 2724 3620 τοῖς
2765 3557 2943 3628 ὀρθῶς
2972 3557 3278 3628 χρωμένοις
3333 3555 3602 3610 οὐδοτιοῦν
3642 3553 3729 3604 λυ-

2165 3649 2458 3719 μαίνεσθαι
2493 3648 2729 3719 πέφυκε,
2766 3650 2966 3720 μᾶλλον
2993 3650 3052 3703 δὲ
3079 3649 3177 3702 καὶ
3207 3649 3486 3704 πλείστων
3522 3646 3731 3716 ἀγαθῶν

2162 3738 2427 3801 πολλάκις
2453 3738 2605 3792 αἴτια
2635 3738 2942 3808 γίγνεσθαι,
2975 3737 3094 3792 ἀλλ’
3135 3738 3218 3793 ὅτι
3250 3741 3388 3792 πᾶσι
3435 3739 3534 3809 μὲν
3561 3739 3633 3798 ὡς
3659 3735 3728 3786 εἰ-

2164 3835 2310 3897 πεῖν,
2344 3831 2566 3886 πάντων
2597 3830 2654 3885 δέ
2689 3831 2929 3899 μάλιστα
2962 3830 3045 3884 σοὶ
3071 3829 3159 3884 διὰ
3188 3831 3288 3900 τὴν
3321 3830 3497 3902 ἀρχὴν
3529 3829 3730 3889 καὶτὰς

2161 3924 2414 3978 ἐντεῦθεν
2467 3923 2740 3991 ἀνάγκας,
2787 3923 2994 3976 τούτων
3039 3922 3223 3978 αὐτῶν
3265 3923 3384 3978 δεῖ·
3427 3925 3543 3978 ἀλλ’
3572 3923 3730 3982 οὕτως

2162 4016 2385 4088 ἔχεσθαι
2437 4018 2668 4083 τούτων,
2697 4015 2773 4079 ὥς
2818 4015 2892 4086 μὴ
2922 4015 3224 4086 ἐνέχεσθαι,
3249 4018 3396 4087 μηδ”
3426 4019 3593 4071 είκειν
3620 4017 3732 4068 alo-

2161 4110 2330 4180 χρῶς,
2368 4110 2506 4180 μηδὲ
2571 4109 2772 4163 σαυτοῦ
2805 4109 2989 4178 χάριν,
3032 4108 3168 4163 άλλά
3216 4109 3315 4162 τοῦ
3346 4113 3501 4180 κοινῇ
3534 4110 3731 4162 λυσιτε-

2160 4203 2387 4267 λοῦντος
2419 4203 2595 4259 ταῦτα
2642 4203 2985 4272 κεκτῆσθαιο
3036 4205 3291 4275 καθάπερ
3338 4203 3670 4274 Ἀριστείδης
3705 4201 3730 4251 ό

2160 4297 2510 4367 Λυσιμάχου,
2539 4300 2634 4350 καὶ
2686 4296 2958 4366 Περικλῆς
2986 4298 3014 4350 ὁ
3046 4296 3388 4362 Ξανθίππου,
3414 4300 3444 4351 ὁ
3473 4297 3572 4367 μὲν
3600 4292 3730 4347 οὕτω

2161 4390 2464 4461 χρημάτων
2492 4389 2786 4459 διαφανῶς,
2807 4389 2882 4452 ὡς
2903 4389 3230 4460 Θουκυδίδης
3260 4393 3448 4460 φησὶν,
3468 4390 3729 4459 ἀδωρότα-

2161 4501 2251 4547 τος
2276 4483 2537 4553 γεγονὼς,
2565 4481 2709 4536 ὥστε
2743 4482 2839 4536 καὶ
2871 4483 2998 4545 τοὺς
3033 4483 3237 4553 ἀγροὺς
3267 4481 3420 4552 ἠφίει
3463 4485 3527 4553 τῇ
3561 4480 3725 4540 πόλει,

2163 4578 2224 4631 οὐ
2266 4576 2420 4646 φόϐῳ
2465 4567 2740 4646 διαϐολῆς,
2780 4575 2916 4629 ἀλλά
2947 4576 3024 4646 τῷ
3062 4577 3138 4646 μὴ
3184 4576 3401 4641 τούτοις
3444 4576 3724 4647 ﬁndebat.

2159 4671 2282 4724 ἐπεὶ
2308 4670 2617 4741 βουλομένῳ
2647 4670 2920 4740 κατέχειν,
2951 4669 3061 4723 οὐδ’
3082 4670 3152 4723 ἂν
3189 4664 3291 4733 εἷς,
3329 4665 3505 4740 οἶμαι,
3538 4666 3728 4738 προσέ-

2160 4780 2263 4833 στη
2287 4780 2303 4794 ·
2351 4763 2694 4833 Ἀριστείδης
2717 4762 2775 4816 δέ
2812 4763 2918 4817 ὑπὸ
2943 4763 3037 4816 τοῦ
3074 4763 3242 4834 μηδὲν
3275 4765 3445 4834 ἔχειν,
3472 4765 3610 4834 ἔχων
3639 4759 3728 4813 καὶ

2156 4857 2314 4910 ταῦθ’
2342 4857 2426 4912 ὅτι
2457 4857 2737 4921 πλείστοις
2767 4859 2927 4929 εἴπερ
2966 4856 3225 4912 ἐϐούλετο
3252 4860 3507 4930 χρήμασι
3541 4856 3725 4924 περιρο

2161 4952 2398 5021 ῥεῖσθαι,
2429 4953 2457 5004 ὁ
2483 4951 2529 5004 δ’
2561 4951 2683 5006 οὐδὲ
2717 4951 2816 5011 τὰς
2841 4951 3148 5022 θυγατέρας
3189 4947 3300 5015 οἷός
3335 4969 3392 5004 τε
3424 4950 3500 5007 ὢν
3537 4946 3724 5018 ἀνδρά-

2162 5059 2249 5094 σιν
2305 5043 2577 5106 ἐκδοῦναι,
2611 5043 2747 5096 am
2790 5043 2994 5107 ταύτας
3022 5045 3056 5114 ή
3090 5044 3244 5102 πόλις
3281 5045 3393 5096 τῶν
3440 5041 3724 5111 Ἀθηναίων

2163 5129 2304 5198 μετά
2333 5131 2434 5200 τὴν
2462 5131 2676 5184 ἐκείνου
2725 5132 2983 5202 τελευτὴν
3045 5133 3378 5203 θαυμαστῶν
3406 5133 3602 5202 ἠξίωσε
3631 5127 3725 5196 γά·

2163 5238 2281 5290 μων
2315 5221 2402 5274 διὰ
2429 5223 2530 5291 τὴν
2559 5223 2652 5276 τοῦ
2685 5224 2894 5291 πατρὸς
2927 5225 3151 5295 ἀρετήν.
3209 5225 3400 5287 Οὕτως
3428 5226 3489 5278 οὐ
3513 5225 3570 5277 τὸ
3597 5221 3721 5292 χρή-

2164 5328 2353 5381 μασιν,
2405 5312 2474 5365 ἵν’
2530 5313 2706 5376 οὕτως
2755 5317 2916 5380 εἴπω,
2965 5317 3268 5387 κεχρῆσθαι
3315 5317 3490 5371 δεινὸν
3535 5313 3721 5382 (τοῦτο

2159 5404 2270 5472 γὰρ
2314 5403 2407 5457 καὶ
2448 5404 2686 5475 τοῦνομα
2716 5406 3023 5477 βούλεται),
3052 5407 3112 5460 τὸ
3159 5409 3216 5462 δὲ
3252 5408 3465 5470 τούτοις
3513 5407 3720 5461 ἀνελευ-

2161 5492 2338 5562 θέρως
2370 5496 2693 5565 κεχρῆσθαι,
2727 5498 2824 5551 κα)⁴
2880 5498 2957 5568 μὴ
2999 5500 3139 5570 πρὸς
3183 5499 3487 5570 ἀνθρώπων
3523 5499 3716 5568 ὄνησιν.

2231 5581 2312 5639 ιδ’.
2350 5585 2458 5637 Καὶ
2504 5588 2555 5638 τί
2594 5587 2736 5655 λέγω
2776 5590 3106 5658 χρημάτωνς
3150 5593 3261 5644 πᾶν
3299 5589 3409 5660 γὰρ
3442 5590 3472 5643 ὅ
3513 5606 3563 5642 τι
3607 5583 3717 5638 ποτ’

2161 5674 2359 5738 ἀνέξω
2408 5678 2509 5746 τῆς
2542 5680 2728 5748 κοινῆς
2781 5679 3053 5748 ὠφελείας
3100 5683 3404 5752 ἐργάσηται
3454 5679 3713 5751 βασιλεὺς,

2159 5767 2236 5830 ὡς
2275 5767 2514 5836 ἰδιώτης,
2565 5772 2663 5841 οὺχ
2709 5772 2786 5836 ὡς
2835 5773 3093 5842 βασιλεὺς
3121 5775 3458 5845 ἐργάσεται·
3516 5769 3715 5839 είπερό

2159 5859 2258 5930 μὲν
2303 5861 2546 5934 ἀνάγκην
2599 5865 2736 5937 ίσχει
2767 5866 2987 5925 πάντων
3031 5868 3358 5939 φροντίζειν,
3392 5870 3418 5924 ὁ
3445 5867 3501 5922 δέ
3545 5882 3600 5936 γε
3629 5860 3712 5916 τοῦ
