4018 6418
339 368 446 433 469

1404 366 1694 429 ΟΒΑΤῙΟ
1734 362 1835 429 ΒΕ
1872 366 2110 432 REGIS
2152 366 2553 434 OFFICllS.~

3509 364 3661 431 ne"
3692 336 3711 399 τ

341 483 469 539 καθ’
499 482 664 537 αὐτόν
691 498 705 511 ο
735 482 829 535 καὶ
860 482 886 535 δ
925 480 1025 551 μὲν
1056 480 1157 535 οὐκ
1190 481 1257 535 ἂν
1285 482 1364 546 είς
1400 482 1637 554 εὐθύνην
1666 484 1812 554 ἥκοι,
1853 482 1932 555 τῷ

2045 487 2120 542 los
2146 487 2334 544 habet.
2370 490 2508 553 Rex,
2542 502 2647 558 qua
2680 490 2799 551 rex,
2836 486 3104 539 ratiOnem
3132 481 3628 538 administrationis

340 576 388 631 δ’
421 577 545 629 ἐπεὶ
580 576 803 630 πάντων
853 576 1209 646 προΐσταται,
1252 576 1346 629 καὶ
1402 576 1606 641 πάντες
1640 578 1722 639 εἰς
1769 578 1935 634 αὐτὸν

345 669 615 739 ἀφορῶσι,
650 670 758 731 πᾶς
790 684 874 732 τις
907 669 973 723 ἂν
1005 669 1303 737 ἐγκαλέσαι
1327 669 1575 735 δικαίως,
1601 671 1681 724 ὅτι
1708 672 1769 723 τὸ
1799 673 1936 726 πάν-

340 779 451 815 των
481 761 792 833 φροντίζειν
826 762 1007 829 ἀφεὶς,
1027 763 1054 815 ὁ
1075 761 1129 814 δὲ
1153 760 1443 815 τῶναύτοῦ
1475 763 1634 830 λόγον
1658 766 1897 817 ποιεῖται
1917 779 1932 793 ο

338 845 441 910 κεῖ
465 855 562 927 τὴν
593 855 780 927 κοινὴν
802 855 1059 909 ἁπάντων
1079 856 1340 925 πρόνοιαν
1363 855 1699 928 ἀπορρίψας,
1740 854 1822 920 οἷς
1846 859 1937 911 ἀν-

336 951 564 1031 τέχῃται
579 950 688 1005 τῶν
707 950 945 1015 οἰκείων,
965 951 1211 1018 ἀρνεῖται
1226 946 1469 1020 τοῦνομα
1490 965 1506 980 ⁸
1528 951 1817 1006 καλεῖσθαι
1837 952 1937 1022 μὲν

342 1043 595 1113 βασιλεὺς
612 1043 803 1110 ἀξιῶν,
827 1042 1083 1115 πράττων
1110 1044 1168 1098 δὲ
1194 1043 1230 1099 ἃ.
1257 1043 1332 1114 μὴ
1361 1044 1455 1097 τὸν
1476 1045 1721 1098 τοιοῦτον
1740 1045 1890 1108 εἰκός
1917 1060 1931 1073 °

339 1136 460 1190 οὐδὲ
507 1138 617 1207 γὰρ
646 1138 768 1192 οὐδὲ
798 1140 891 1192 τὸν
923 1138 1270 1210 κυϐερνήτην
1296 1139 1436 1207 μετὰ
1468 1138 1596 1203 τοὺς
1620 1138 1815 1201 οἴακας
1841 1137 1937 1191 καὶ

338 1230 396 1281 τὸ
425 1228 667 1298 χρῆσθαι
719 1231 785 1300 τῇ
823 1231 1012 1302 τέχνῃ,
1036 1230 1335 1284 τοῦτάὑτδ
1358 1232 1609 1302 φήσομεν
1660 1228 1802 1286 εἶναι
1826 1246 1839 1262 ⁸
1875 1233 1936 1284 ού

345 1322 548 1390 μᾶλλόν
584 1339 647 1390 γε
684 1321 717 1393 ἢ
748 1323 821 1392 μὴ
849 1324 1117 1393 τρέχοντα
1153 1324 1244 1376 τὸν
1275 1324 1481 1395 δρομέα
1506 1341 1519 1355 ⁸
1555 1325 1670 1379 ἀλλ’
1703 1325 1808 1388 ἕως
1839 1326 1939 1395 μὲν

343 1414 409 1467 ἂν
437 1415 531 1469 καί⁵
561 1408 716 1477 οὗτος
755 1416 1012 1479 κάκεῖνος
1053 1409 1206 1481 ὦσιν,
1237 1420 1264 1471 ὁ
1298 1417 1399 1487 μὲν
1431 1419 1666 1489 τρέχων,
1689 1420 1716 1471 ὁ
1746 1419 1793 1473 δ’
1818 1419 1938 1490 ἐχό-

343 1526 508 1581 μενος
534 1508 645 1561 τῶν
670 1508 895 1571 οἰάκων,
928 1511 1023 1562 καὶ
1060 1510 1410 1582 κυϐερνήτην
1440 1513 1535 1564 καὶ
1570 1511 1778 1584 δρομέα
1809 1530 1937 1567 του-

338 1600 496 1653 τουσὶ
528 1599 933 1671 προσεροῦμεν.
982 1601 1151 1655 Ἐπὰν
1197 1602 1256 1656 δὲ
1293 1602 1389 1656 τοῦ
1430 1608 1607 1657 ταῦτα
1667 1604 1937 1674 πράττειν

339 1693 599 1759 ἐκστῶσι,
634 1693 729 1747 καὶ
763 1692 859 1746 τοῦ
891 1693 1045 1748 ταῦτ’
1073 1696 1220 1767 ἔχειν
1253 1696 1480 1750 ἀκούειν
1541 1698 1940 1768 προσεξίσταν·

340 1804 431 1840 ται
469 1786 644 1858 δήπου
670 1803 684 1818 ·
720 1789 816 1839 καὶ
844 1787 1103 1856 βασιλεὺς
1142 1787 1326 1843 τοίνυν
1357 1791 1511 1844 οὐδὲν
1544 1791 1690 1860 ζάλλο
1724 1792 1937 1861 τυγχά-

340 1901 420 1937 νει
447 1899 512 1952 γε
535 1881 611 1936 ὢν
665 1882 699 1953 ἢ
731 1884 951 1938 πάντων
974 1883 1282 1957 ἀνθρώπων
1302 1880 1379 1941 ὧν
1404 1887 1598 1959 ἔλαχεν
1619 1892 1939 1960 προστάτης

343 1978 438 2029 καὶ
465 1976 797 2048 φροντιστὴς
826 1979 1004 2043 ἐσαεὶ,
1032 1978 1290 2050 καθάπερ
1318 1981 1369 2034 οἰ
1398 1981 1508 2035 τῶν
1543 1982 1668 2036 καθ’
1692 1984 1789 2037 ἕνα
1834 1985 1936 2038 πό-

340 2071 478 2123 λεων
516 2061 664 2123 οὗτοι
693 2069 1020 2139 δημαγωγοί
1046 2087 1060 2102 ο
1090 2071 1207 2125 οὔτ’
1232 2067 1326 2126 οὖν
1350 2074 1479 2134 τοὺς
1503 2074 1581 2146 μὴ
1603 2075 1765 2129 πάνθ’
1791 2077 1933 2149 ὑπὲρ

339 2164 434 2216 τοῦ
468 2163 643 2233 δήμου
669 2164 766 2218 τὸν
789 2166 878 2218 ἀεὶ
905 2165 1097 2235 χρόνον
1130 2166 1228 2219 καὶ
1273 2166 1456 2236 λέγειν
1490 2170 1586 2222 καὶ
1631 2172 1805 2224 ποιεῖν
1844 2171 1935 2224 αι-

342 2257 642 2327 ρουμένους
693 2260 776 2323 είς
819 2259 1193 2330 δημαγωγοὺς
1244 2256 1400 2332 οἶμαι
1451 2262 1660 2329 θετέον,
1707 2263 1825 2318 οὔτ’
1864 2265 1935 2320 ἂν

341 2349 427 2418 εἴη
463 2350 795 2420 κεκλῆσθαι,
828 2343 873 2419 ᾧ
929 2351 1004 2421 μὴ
1044 2351 1141 2405 τοῦ
1196 2355 1354 2424 κοινῇ
1415 2354 1760 2420 συνοίσοντος
1801 2356 1935 2411 ἐκά-

344 2457 501 2494 στοτε
533 2442 686 2512 μέλει
712 2458 726 2474 ο
758 2443 855 2497 καὶ
878 2443 1131 2515 Ὄμηρος
1158 2446 1256 2515 οὐχ
1282 2443 1473 2509 ἁπλῶς
1497 2449 1765 2515 ποιμένας
1786 2448 1936 2503 λαῶν

342 2534 490 2603 λέγει
516 2536 643 2598 τοὺς
675 2535 955 2606 βασιλέας,
989 2537 1107 2590 ἀλλ’
1136 2537 1280 2592 ὥστε
1314 2539 1374 2591 τὸ
1404 2539 1688 2609 ἄγρυπνον
1716 2540 1806 2593 καὶ
1834 2557 1937 2611 κη-

343 2626 631 2698 δεμονικὸν
658 2628 839 2681 αὐτῶν
873 2628 1223 2700 ἐνδεδεῖχθαι,
1258 2629 1355 2685 καὶ
1380 2633 1504 2685 ὅσον
1532 2632 1674 2699 ὑπὲρ
1694 2625 1769 2685 ὧν
1804 2650 1937 2702 προ-

346 2720 636 2774 στατοῦσιν
672 2720 984 2787 ὀφείλουσιν
1024 2721 1191 2792 ἔχειν.
1230 2721 1333 2776 Καὶ
1378 2722 1433 2776 τί
1487 2723 1630 2793 χρῆν
1674 2723 1920 2793 Ὀμήρου

342 2829 401 2865 τε
442 2812 534 2865 καὶ
567 2813 817 2877 εἰκόνων,
845 2811 968 2879 ἐξὸν
995 2813 1090 2867 τοῦ
1126 2814 1368 2882 μεγάλου
1412 2813 1682 2884 βασιλέως
1718 2812 1953 2886 μεμνῆέ

347 2902 490 2969 σθαι,
520 2902 580 2966 ὃς
637 2903 707 2956 δι’
737 2903 1004 2958 ἑκάστοτε
1035 2905 1255 2959 πάντων
1306 2904 1405 2976 τὴν
1449 2905 1621 2977 αὐτὴν
1672 2909 1937 2977 πρόνοιαν

347 2999 487 3066 ῖσχει
510 3014 524 3062 ;
562 2995 917 3067 δεικνύμενος
971 2996 1224 3052 ἐντεῦθεν
1260 2997 1598 3068 δημιουργὸς
1639 2998 1733 3052 καὶ
1778 3000 1940 3068 κηδε-

347 3089 463 3160 μὼν
497 3090 615 3159 ἅμα
645 3091 740 3146 καὶ
771 3090 1048 3161 βασιλεὺς,
1089 3090 1253 3162 εἴπερ
1285 3085 1367 3155 οἷς
1395 3092 1564 3154 αἴτιος
1588 3092 1685 3163 τῆς
1709 3094 1789 3152 εἰς
1820 3092 1936 3160 φῶς

345 3184 575 3252 προόδου
620 3185 889 3255 κατέστη,
923 3185 1133 3240 τούτων
1164 3186 1285 3256 μεθ’
1316 3186 1444 3239 ὅσου
1481 3185 1577 3240 καὶ
1624 3184 1939 3257 ὑπερφυοῦς
1966 3215 2010 3274 C

347 3278 626 3347 φροντίζει
663 3279 759 3332 τοῦ
807 3281 1071 3349 κράτους.
1112 3280 1215 3333 Διά
1255 3279 1415 3333 τοῦτο
1455 3280 1551 3332 καὶ
1602 3280 1812 3342 πάντας
1845 3277 1940 3343 οὓς

346 3371 582 3439 ἠξίωσεν
626 3372 840 3443 ἄρχειν,
873 3373 955 3436 είς
982 3371 1147 3443 ζῆλον
1176 3374 1277 3442 τῆς
1325 3372 1494 3427 αὐτοῦ
1526 3372 1783 3443 προνοίας
1813 3372 1945 3425 ἐνά-

348 3480 458 3531 γει.
507 3464 671 3535 Ὁρᾷς
702 3464 853 3527 ὅπως
904 3480 963 3515 σε
1008 3464 1070 3516 τὸ
1103 3464 1205 3535 μὲν
1246 3463 1355 3517 τῶν
1398 3464 1546 3516 ἰδίων
1577 3482 1637 3516 τε
1684 3465 1780 3516 καὶ
1812 3478 1945 3514 σαυ-

349 3555 441 3610 τοῦ
495 3554 809 3626 φροντίζειν
862 3554 1094 3620 ἐθέλειν,
1138 3557 1234 3610 καὶ
1278 3556 1377 3626 οὐχ
1436 3558 1580 3626 άπερ
1606 3558 1683 3618 ὡς
1724 3556 1944 3628 ἀληθῶς

351 3649 467 3701 ἐστι
494 3650 592 3716 τῆς
628 3645 824 3717 ἀρχῆς,
849 3645 1098 3715 ἐξίστησι
1130 3646 1231 3715 τῆς
1261 3644 1463 3716 ἀρχῆς,
1500 3645 1561 3699 τὸ
1589 3644 1633 3698 δ’
1667 3643 1704 3699 ἃ
1726 3644 1944 3697 δίδωσιν

351 3740 515 3812 αὕτη,
549 3740 703 3795 ταῦτ’
733 3739 797 3793 ὲκ
824 3737 1028 3800 παντὸς
1058 3738 1265 3808 τρόπου
1298 3737 1653 3803 σκοπεῖσθαι,
1678 3737 1740 3789 οὑ
1782 3737 1943 3806 μόνον

354 3854 438 3891 σοι
473 3838 756 3906 συνίστητι
786 3834 1019 3905 ταύτην,
1046 3832 1183 3888 ἀλλὰ
1228 3831 1325 3886 καλ⁵
1359 3830 1605 3903 μιμητὴν
1647 3829 1944 3901 ἀποφαίνει

351 3930 489 3984 Θεοῦ
513 3948 529 3996 ;

426 4020 508 4077 ιε’.
539 4021 652 4074 Καὶ
680 4019 789 4090 μὴν
839 4018 934 4072 καὶ
956 4017 1107 4072 τοῦθ’
1141 4017 1170 4071 ὅ
1221 4017 1403 4088 μέλλω
1437 4016 1644 4085 λέγειν,
1688 4015 1749 4069 ού
1780 4017 1944 4086 μόνον

356 4114 515 4185 εἴπερ
560 4131 611 4167 τι
650 4112 763 4165 τῶν
827 4112 1074 4173 πάντων,
1124 4110 1264 4164 ἀλλά
1294 4111 1389 4162 καὶ
1432 4108 1509 4174 ὡς
1548 4109 1705 4163 οὐδέν
1747 4127 1803 4163 τι
1836 4108 1944 4163 τῶν

356 4209 615 4273 πάντων,
680 4203 894 4276 βασιλεῖ
944 4203 1345 4257 σπουδαστέον⁹
1384 4203 1590 4273 μᾶλλον
1640 4202 1699 4257 δὲ
1751 4204 1943 4274 ἐπειδὴ

357 4303 518 4358 τοῦτο
553 4302 714 4372 μόνον
747 4299 858 4352 τῶν
884 4298 1107 4353 πάντων
1152 4296 1369 4350 ἅπαντα
1401 4297 1588 4360 σώζει,
1637 4297 1721 4350 σοὶ
1749 4295 1805 4359 δὲ
1841 4294 1943 4367 μό-

358 4414 435 4467 νῳ
464 4395 574 4448 τῶν
610 4394 830 4448 πάντων
859 4386 939 4454 οἷς
968 4390 1160 4461 ἄρχειν
1190 4390 1356 4459 ἔχεις,
1397 4390 1582 4457 μέλειν
1608 4388 1667 4451 ἐξ
1696 4388 1945 4457 ἀνάγκης

357 4490 509 4542 ἐστιν
540 4487 798 4542 ἁπάντων
826 4500 841 4516 ·
871 4485 954 4537 δεῖ
976 4484 1073 4535 καὶ
1103 4482 1164 4535 σὲ
1191 4481 1324 4552 περὶ
1348 4481 1595 4543 πλείονος
1622 4480 1784 4534 τοῦτο
1809 4480 1946 4534 πάν·
1992 4492 1997 4499 ’

2038 605 2269 660 reddere
2299 620 2409 658 non
2441 604 2642 668 debet;
2673 602 2768 658 sed
2798 601 2933 672 quia
2957 614 3140 655 rerum
3160 613 3432 655 summam
3461 596 3627 668 regit,

2041 722 2293 777 omnium
2325 719 2474 775 oculi
2510 720 2566 773 in
2599 734 2728 775 eum
2752 716 2951 773 directi
2972 724 3124 779 sunt.
3151 722 3213 773 et
3245 714 3631 791 unusquisque

2035 836 2161 906 jure
2188 848 2317 889 eum
2350 832 2685 905 ohjurgabit,
2716 833 2763 887 si
2803 846 2864 893 re
2913 830 3140 902 publica
3201 829 3453 901 neglecta
3507 842 3629 883 rem
3690 862 3695 869 -

2042 948 2387 1021 peculiarem
2418 955 2634 1005 tantum
2657 946 3010 1005 administrat
3035 964 3051 1015 ;
3072 947 3184 1003 imo
3206 945 3355 1017 quod
3385 960 3512 1001 cum
3540 946 3643 1021 rei;
3676 960 3685 967 “

2049 1065 2287 1136 publica:
2314 1063 2656 1121 detrimento
2684 1064 2801 1121 suis
2833 1065 2999 1122 unice
3051 1064 3221 1121 rebus
3254 1063 3463 1131 studet,
3527 1077 3632 1117 no-

2041 1162 2170 1234 men
2197 1178 2313 1250 jam
2339 1193 2453 1234 non
2486 1191 2652 1235 suum
2686 1175 2980 1241 mentitur,
3039 1176 3201 1246 regis
3225 1189 3430 1230 nomen
3462 1189 3630 1228 usur-

2044 1293 2233 1364 pando
2264 1301 2321 1349 et
2356 1308 2468 1350 non
2531 1292 2685 1365 regio
2716 1291 2943 1348 nomine
2976 1292 3141 1360 digna
3199 1289 3478 1345 faciendo.
3540 1287 3631 1344 Sic

2041 1409 2197 1466 navis
2220 1408 2658 1479 gubernatorem
2690 1407 2815 1463 sine
2845 1404 3225 1477 gubernaculo
3268 1413 3325 1459 et
3381 1415 3630 1473 tempore

2041 1537 2155 1591 quo
2183 1533 2361 1579 artem
2388 1537 2544 1577 suam
2572 1529 2820 1586 exercet,
2839 1520 3037 1576 eodem
3053 1518 3283 1576 nomine
3305 1517 3631 1582 salutamus,

2041 1648 2104 1693 ut
2130 1651 2236 1693 nec
2264 1651 2551 1693 cursorem
2578 1650 2708 1691 eum
2743 1636 2839 1705 qui
2875 1648 2989 1691 non
3016 1632 3218 1698 currit,
3244 1630 3341 1688 sed
3371 1629 3428 1685 in
3454 1644 3634 1700 quan-

2040 1763 2159 1810 tum
2198 1763 2434 1824 uterque
2463 1768 2695 1809 munere
2741 1767 2845 1810 suo
2905 1750 3177 1823 fungitur,
3236 1748 3482 1805 naucleri
3538 1755 3638 1803 aut

1967 1850 2013 1906 Β
2041 1869 2296 1927 curroris
2326 1884 2529 1927 nomen
2558 1869 2839 1926 dabimus.
2875 1868 3108 1937 Quando
3139 1876 3327 1923 autem
3376 1865 3523 1922 istud
3552 1863 3637 1920 of-

2039 1986 2153 2043 ﬁcii
2185 2000 2450 2058 peragere
2490 1992 2732 2051 cessant,
2762 1999 2968 2040 nomen
3000 1984 3182 2053 ipsum
3213 1980 3479 2036 amittunt
3506 1995 3521 2045 ;
3580 1988 3638 2033 et

2037 2116 2135 2158 rex
2162 2101 2275 2173 jam
2304 2115 2419 2156 non
2460 2110 2549 2156 est
2602 2099 2713 2155 nisi
2754 2096 3334 2164 curator-hominum,
3369 2096 3515 2152 sicut
3576 2105 3635 2149 et

2039 2216 2384 2288 singularum
2417 2216 2640 2271 urbium
2672 2215 3001 2286 agitatores.
3042 2214 3157 2271 Nec
3215 2223 3400 2269 tamen
3440 2213 3631 2268 dema-

2045 2333 2199 2404 gogis
2232 2346 2530 2388 accensere
2561 2332 2740 2387 ausim
2774 2330 2884 2386 nisi
2919 2346 3018 2386 eos
3043 2331 3138 2401 qui
3166 2329 3320 2386 omni
3376 2338 3631 2399 tempore

2043 2462 2144 2518 pro
2178 2447 2338 2516 plebe
2367 2461 2532 2518 agere
2556 2454 2614 2502 et
2642 2445 2810 2502 verba
2841 2445 3023 2502 facere
3047 2454 3397 2516 satagunt,et
3428 2444 3636 2514 quibus

2043 2579 2135 2620 res
2178 2564 2370 2634 populi
2411 2563 2568 2619 cordi
2618 2573 2724 2618 est.
2788 2562 2972 2628 Quare
3027 2571 3084 2617 et
3154 2561 3425 2617 llomerus
3476 2575 3636 2628 reges

2040 2688 2296 2749 pastores
2322 2678 2653 2748 populorum
2685 2677 2957 2743 nominat,
2980 2684 3040 2731 ut
3066 2676 3233 2731 vitam
3265 2690 3460 2731 eorum
3480 2675 3629 2731 curis

2037 2808 2166 2864 erga
2198 2791 2452 2848 subditos
2482 2792 2749 2861 repletam
2773 2790 3046 2862 designet.
3075 2789 3219 2857 Quid
3241 2806 3373 2845 vero
3392 2790 3637 2845 llomcro

2040 2920 2099 2966 et
2128 2909 2399 2980 exemplis
2431 2923 2574 2980 opus
2622 2908 2894 2964 habemus
2920 2947 2936 2973 ,
2975 2907 3071 2963 ubi
3110 2923 3368 2977 magnum
3425 2923 3636 2977 regem,

2043 3025 2137 3095 qui
2172 3024 2422 3080 omnium
2454 3038 2677 3094 semper
2704 3038 2895 3079 curam
2941 3020 3075 3092 agit,
3113 3030 3240 3078 ante
3278 3021 3469 3077 oculos
3533 3035 3633 3090 po-

2046 3154 2178 3196 nere
2208 3140 2375 3194 licet?
2432 3140 2688 3211 quicum
2753 3153 2945 3194 rerum
3003 3135 3387 3193 moderamine
3431 3134 3639 3205 regiam

2046 3255 2371 3327 dignitatem
2401 3256 2668 3318 ostendit,
2707 3254 2802 3325 qui
2852 3268 2949 3309 eos
2986 3266 3126 3322 quos
3159 3252 3231 3308 ad
3288 3252 3469 3307 lucem
3506 3267 3633 3320 pro-

2012 3375 2019 3383 '
2046 3370 2227 3438 ducit,
2257 3379 2534 3441 potestate
2561 3384 2662 3424 sua
2686 3367 2954 3439 protegit?
2988 3366 3140 3422 Hanc
3179 3365 3253 3421 ob
3278 3380 3503 3420 causam
3524 3380 3642 3418 om-

2046 3498 2147 3539 nes
2176 3483 2432 3539 subditos
2461 3483 2517 3538 in
2574 3483 2662 3538 sui
2700 3479 3034 3551 obsequium
3099 3478 3264 3547 rapit.
3300 3476 3467 3533 Vides
3502 3491 3641 3545 quo-

2047 3599 2213 3655 modo
2238 3610 2292 3655 te
2324 3608 2415 3654 tua
2443 3612 2639 3653 curare
2668 3596 2812 3662 vult,
2846 3590 3417 3650 administrandarum
3452 3605 3640 3645 rerum

2046 3728 2267 3783 semper
2296 3710 2485 3766 habita
2522 3692 2759 3772 ratione,
2816 3707 2971 3778 regni
3018 3720 3154 3760 cura
3189 3703 3272 3760 sic
3334 3703 3636 3759 commissa

2050 3836 2114 3883 ut
2147 3826 2246 3884 Dei
2283 3825 2576 3897 imaginem
2625 3823 2856 3879 referas.

2127 4013 2217 4069 15.
2260 4009 2417 4079 Quod
2443 4010 2703 4079 deinceps
2736 4007 2982 4062 dicturus
3021 4019 3171 4072 sum,
3210 4018 3308 4058 rex
3349 4001 3552 4057 mirum
3582 3999 3639 4055 in

2048 4128 2270 4185 modum
2300 4133 2485 4181 mente
2517 4123 2800 4179 revolvere
2834 4120 3055 4176 debebit
3081 4136 3098 4189 ;
3126 4128 3209 4175 est
3232 4117 3380 4175 enim
3415 4132 3504 4173 res
3536 4116 3643 4171 mi-

2049 4248 2201 4302 nime
2231 4243 2496 4314 vulgaris,
2528 4249 2584 4295 et
2628 4238 2884 4309 apprime
2915 4236 3200 4302 salutaris,
3241 4244 3299 4289 ct
3331 4250 3439 4305 qua
3476 4245 3531 4289 tu
3582 4234 3642 4288 in

2049 4361 2245 4434 primis
2277 4359 2367 4413 vix
2397 4371 2589 4413 carere
2621 4352 2819 4423 possis,
2842 4359 3043 4422 utpote
3065 4350 3132 4405 ad
3167 4349 3511 4420 regnandum
3537 4363 3637 4405 vo-

2050 4485 2242 4535 catus.,
2280 4470 2337 4525 ιιι
2397 4470 2507 4526 hoc
2541 4482 2733 4529 rerum
2789 4474 2939 4522 statu
2998 4478 3346 4535 quaecunque
3406 4463 3637 4519 consilia

357 4596 469 4634 των
494 4576 792 4641 ποιεῖσθαι,
827 4575 924 4628 καὶ
958 4575 1105 4636 ὅπως
1135 4572 1200 4627 ἄν
1230 4588 1313 4624 σοι
1342 4571 1608 4625 κάλλιστα
1639 4574 1733 4626 καὶ
1766 4572 1943 4640 ἀσφα-

2052 4586 2265 4652 inieris,
2324 4598 2607 4655 nunquam
2661 4582 2793 4639 huic
2848 4579 3091 4637 cautioni
3136 4578 3552 4650 supersedehis,
3584 4590 3642 4635 et

357 4671 592 4725 λέστατα
618 4671 713 4725 καὶ
743 4668 820 4732 ὡς
846 4668 947 4720 οὐκ
982 4666 1051 4721 ἂν
1075 4664 1252 4729 ἄλλως
1291 4665 1443 4728 εἰκὸς
1476 4659 1546 4735 ἦν
1576 4664 1633 4718 αί
1675 4663 1809 4733 περὶ
1838 4662 1947 4716 τῶν

361 4767 500 4822 ὅλων
531 4767 795 4821 ἑκάστοτε
834 4764 1110 4833 γίγνοιντο
1136 4761 1327 4832 βουλαί
1349 4778 1408 4814 τε
1453 4762 1549 4815 καὶ
1579 4759 1825 4831 σκέψεις,
1848 4761 1950 4814 ’καὶ

366 4855 656 4929 μηδοτιοῢν
683 4852 794 4909 τῶν
818 4853 1077 4908 ἁπάντων
1112 4850 1245 4908 ἄνευ
1290 4852 1527 4922 ταυτησὶ
1556 4850 1660 4921 τῆς
1690 4848 1949 4920 προνοίας

364 4952 443 5014 εἰς
471 4949 634 5021 ἔργον
659 4946 876 5015 ἐξάγοις
917 4943 1290 5014 διαφερόντως
1321 4943 1653 5014 φροντίζειν,
1702 4941 1948 5012 συμόού-

366 5042 476 5105 λοις
511 5043 610 5111 μὲν
643 5038 933 5112 χρώμενον
976 5039 1092 5100 τοῖς
1132 5035 1400 5106 ἀρίστοις,
1444 5036 1540 5090 καὶ
1569 5030 1652 5098 οἷς
1682 5035 1779 5088 καὶ
1822 5050 1950 5088 συν-

365 5134 535 5196 έσεως
564 5132 751 5185 εἵνεκα
790 5131 936 5199 λέγω
986 5128 1085 5183 καὶ
1111 5125 1309 5198 χρόνου
1342 5126 1438 5181 καὶ
1467 5126 1667 5195 πείρας
1695 5123 1953 5191 ξύνοισθά

366 5227 434 5279 τὰ
460 5225 688 5279 τοιαῦτα
726 5223 1038 5293 τεχνίταις⁹
1082 5221 1414 5290 εἰσφέροντα
1454 5218 1514 5273 δὲ
1550 5219 1645 5272 καὶ
1677 5219 1843 5273 αὐτὸν
1885 5218 1952 5270 τὰ

369 5315 523 5385 παρὰ
552 5312 787 5368 σαυτοῦο
831 5312 931 5383 οὐχ
956 5311 1032 5375 ὼς
1084 5311 1446 5365 ἐπιτάττοντα
1488 5308 1685 5378 δήπου,
1733 5307 1851 5361 ἀλλ’
1877 5307 1952 5371 ὡς

369 5408 431 5461 τὸ
459 5411 613 5478 κοινῇ
653 5410 923 5472 συνοῖσον,
957 5404 1098 5475 μετά
1121 5404 1232 5457 τῶν
1279 5402 1455 5457 ἄλλων
1486 5401 1819 5465 σκοποῦντα,
1858 5401 1954 5454 καὶ

374 5499 641 5554 πάντοθεν
681 5498 977 5565 ἐκλέγοντα
1004 5494 1184 5557 τοῦτο,
1226 5494 1323 5548 ἐάν
1356 5510 1417 5547 τε
1454 5491 1519 5546 σύ
1548 5494 1601 5562 γ’
1630 5492 1815 5555 αὐτὸς,
1861 5492 1955 5544 ἐάν

373 5592 424 5646 θ’
453 5589 707 5645 ὁστισοῦν
747 5589 906 5652 ἄλλος
931 5587 1153 5658 ἐξεύρῃ.
1188 5588 1264 5640 Οὐ
1305 5586 1415 5657 γὰρ
1444 5585 1504 5639 τὸ
1531 5586 1640 5649 τοῖς
1670 5583 1761 5637 ὑπ’
1791 5583 1955 5639 ἄλλου

371 5686 672 5754 γνωσθεῖσι
702 5684 1022 5751 πεπεῖσθαι,
1062 5680 1229 5736 τοῦτό
1254 5682 1305 5750 γ’
1337 5679 1587 5751 αἰσχρὸν,
1616 5679 1752 5732 ἀλλὰ

382 5799 571 5865 Οὗτος
624 5797 738 5869 μὲν
761 5796 1157 5869 πανάριστος,
1204 5794 1273 5869 ὃς
1295 5795 1455 5869 αἰέτῷ
1491 5796 1689 5849 πάντα
1730 5794 1953 5869 νοήσῃ.

392 5864 649 5937 Ἐσθλὸζπ
673 5868 725 5923 δ’
754 5865 830 5924 αὗ
858 5864 1157 5937 κάκεῖνος,
1204 5867 1270 5938 ὃς
1307 5864 1375 5923 εὖ
1402 5869 1647 5922 εἰπόντα
1689 5866 1955 5936 πίθηταιο

2050 4704 2380 4777 priusquam
2417 4712 2572 4770 agas,
2627 4698 2870 4772 optimos
2908 4695 3257 4753 consiliarios
3313 4694 3631 4761 adhibebis,

2048 4829 2287 4889 quorum
2324 4820 2458 4869 aetas
2508 4819 2675 4881 atque
2724 4811 3071 4880 experientia
3138 4806 3238 4862 tibi
3305 4805 3636 4876 proderunt.

2049 4927 2171 4984 lluc
2199 4925 2428 4983 accedet
2452 4931 2545 4978 tua
2579 4922 2755 4992 ipsius
2791 4925 3159 4994 experientia,
3195 4938 3317 4994 qua;
3354 4922 3503 4979 bono
3536 4937 3640 4994 pu-

2051 5041 2197 5097 blico
2222 5051 2503 5109 nunquam
2532 5048 2644 5090 non
2665 5034 2914 5090 studehit
2942 5044 2999 5090 et
3026 5036 3236 5108 optima
3289 5050 3510 5107 semper
3537 5051 3637 5092 ex-

2052 5156 2329 5229 sequitur,
2349 5149 2602 5220 sive‘ipse
2626 5147 2742 5205 sive
2777 5147 2916 5205 alius
2942 5148 3233 5205 invenerit.
3259 5150 3396 5205 Nam
3429 5150 3498 5206 iis
3526 5166 3637 5206 non

2056 5274 2219 5329 [idem
2250 5269 2453 5325 habere
2484 5264 2621 5336 quae;
2660 5264 2730 5321 ab
2760 5262 2883 5320 aliis
2915 5265 3222 5336 excogitata
3255 5275 3407 5334 sunt,
3442 5267 3638 5323 absur-

2054 5386 2185 5442 dum
2220 5393 2307 5441 est
2363 5381 2493 5452 quia

2138 5791 2440 5848 Prwclarus
2484 5796 2563 5843 est
2614 5789 2706 5861 qui
2750 5791 2965 5860 proprio
3002 5798 3171 5843 marte
3210 5805 3291 5843 res
3335 5791 3643 5856 cogitascil;

2062 5864 2165 5921 ὅσα
2232 5864 2274 5917 is
2322 5877 2526 5932 quoque
2590 5862 2822 5932 prudens
2880 5873 2952 5918 est
2998 5865 3088 5933 qui
3143 5862 3274 5917 bona
3334 5861 3671 5921 consiliarias
