4018 6420
463 406 564 469 4⁸71

1695 349 2093 464 Turonum
2137 405 2487 486 uomunt

3614 409 3710 472 479

467 515 771 596 obedit.Se_¢1
817 519 908 596 qui
951 533 1044 579 per
1087 534 1141 596 se
1188 531 1374 596 parant
1434 517 1703 596 intelligit,
1757 536 1849 574 nec
1915 519 2033 574 alte-

2156 519 2260 596 :Qc
2291 517 2345 570 δ’
2375 514 2454 596 σιξ
2485 518 2822 596 μήθ’Ααύτῷ
2871 518 3012 596 νοέῃ
3044 518 3412 596 ίιτξτίᾶλυζον
3461 521 3711 596 ᾀκούωνρ

463 607 583 644 rum
613 589 789 655 a'udt't,
825 590 872 642 is
901 604 1030 642 sane
1056 589 1136 642 uir
1174 598 1250 642 est
1279 587 1595 644 imbecillus.

465 703 528 762 In
556 705 874 761 universum
907 718 1128 774 semper
1165 717 1198 758 e
1226 702 1390 758 bonis
1423 703 1674 759 consiliis
1703 704 1915 760 utilitas
1944 703 2046 758 ali-

465 837 576 892 qua
606 820 662 876 in
694 821 914 892 negotia
961 818 1270 887 redundat,
1305 819 1437 875 dum
1469 835 1500 876 ο
1528 819 1687 876 falsis
1735 820 2046 878 ratiociniis

461 937 646 991 omnia
677 936 991 992 necessario
1017 935 1295 1007 perditum
1328 945 1486 992 eunt.
1521 937 1616 994 Sic
1664 938 1902 993 militum
1937 937 2044 993 du-

461 1064 575 1116 ccs,
608 1049 690 1105 sic
720 1049 879 1105 navis
915 1057 1160 1106 rectores
1183 1091 1199 1115 ,
1233 1049 1316 1106 sic
1342 1050 1662 1121 quicunque
1691 1051 1855 1117 alius,
1888 1059 2044 1108 ante-

457 1180 623 1232 quam
647 1180 788 1236 opus
809 1165 1232 1238 aggrediuntur,
1256 1164 1590 1230 deliberant,
1612 1166 1743 1222 licet
1765 1166 1834 1221 de
1857 1167 2044 1236 parvis

457 1293 606 1348 smpe
632 1279 852 1349 agitur;
880 1279 980 1335 tibi
1001 1290 1189 1336 autem
1216 1281 1390 1336 totius
1406 1279 1562 1335 orbis
1579 1295 1714 1335 cura
1745 1281 2037 1336 incumbit.

461 1392 544 1446 Τιι
593 1391 762 1448 urbes
806 1407 873 1450 ac
902 1391 1137 1462 populos
1178 1408 1245 1448 ac
1283 1394 1574 1450 thesauros
1603 1393 1731 1466 jure
1759 1394 2040 1466 subjectos

457 1507 556 1561 tibi
583 1506 786 1574 habes;
821 1522 996 1578 quare
1023 1517 1202 1564 tecum
1223 1509 1492 1574 delibera,
1515 1525 1620 1566 nec
1643 1526 1886 1581 unquam
1909 1527 2039 1574 cum

457 1621 618 1675 bonis
639 1621 774 1676 viris
799 1623 1116 1678 conversari
1142 1623 1364 1689 desiste,
1398 1634 1456 1678 et
1475 1639 1574 1692 pro
1607 1635 1699 1681 tua
1724 1637 1877 1696 parte
1905 1641 2038 1696 ope-

455 1747 576 1786 ram
609 1732 678 1787 da
714 1744 775 1788 ut
805 1750 1034 1806 scopum
1070 1737 1311 1807 attingas
1336 1737 1709 1808 propositum,
1748 1749 1802 1794 te
1837 1739 1893 1793 in
1924 1741 2040 1810 pri-

456 1848 563 1903 mis
616 1847 798 1918 ipsum
835 1849 1132 1906 vincendo.
1165 1852 1274 1912 Sed
1333 1853 1641 1909 deliberare
1673 1854 1742 1910 de
1776 1855 2039 1926 gravissi-
2072 1858 2112 1912 Β

451 1960 560 2015 mis
603 1960 772 2016 rebus
802 1978 914 2018 non
973 1954 1266 2030 satis‘est,
1306 1966 1402 2021 sed
1463 1983 1587 2037 quae
1626 1966 1809 2023 facere
1847 1968 2034 2024 animo

447 2079 718 2144 statuisti,
754 2091 986 2136 ceteros
1033 2081 1206 2136 latere
1261 2081 1544 2148 conducit,
1598 2082 1653 2136 id
1712 2083 1858 2153 quod
1916 2082 2035 2143 sine

451 2209 650 2264 magna
679 2193 975 2264 prudentia
1011 2194 1129 2249 ﬁeri
1167 2196 1397 2265 nequit;
1428 2212 1556 2250 nam
1613 2196 1841 2252 consilia
1867 2206 2034 2263 atque

447 2323 619 2378 opera
653 2315 810 2362 arcto
844 2307 1066 2362 vinculo
1091 2308 1282 2377 juncta
1309 2322 1430 2362 esse
1459 2307 1685 2371 debent,
1718 2307 1848 2378 quia
1895 2308 2034 2374 alte-,

446 2437 572 2476 rum
613 2423 846 2486 alterius
873 2433 1017 2490 eget.
1049 2422 1226 2478 (liniue
1256 2421 1446 2492 utique
1475 2421 1645 2477 animi
1665 2422 2034 2498 propositum,

449 2540 582 2595 licet
610 2537 1033 2596 callidissimum
1077 2538 1169 2604 sit,
1199 2547 1256 2592 et
1279 2553 1311 2592 e
1341 2535 1620 2607 profundo
1644 2535 1853 2606 judicio
1875 2551 2034 2594 exor-

451 2665 595 2717 tum,
627 2653 844 2709 caeteris
877 2653 1126 2723 ignotum
1164 2651 1240 2708 sit
1282 2666 1512 2708 necesse
1568 2661 1676 2732 est,
1709 2652 1755 2708 si
1789 2651 2033 2716 fructum

451 2772 586 2846 inde
618 2771 907 2842 percipere
931 2770 1038 2827 vis.
1091 2769 1195 2827 Ubi
1227 2772 1468 2840 primum
1497 2779 1682 2824 autem
1727 2770 1798 2825 .in
1834 2767 2034 2838 vulgus

445 2886 606 2952 exiit,
652 2887 1008 2942 metuendum
1046 2896 1134 2942 est
1178 2900 1252 2940 ne
1297 2901 1408 2941 non
1435 2887 1846 2945 succedatetad
1870 2885 2034 2944 tinem

447 3002 739 3082 perveniat
769 3001 1136 3072 propositum.
1162 2999 1284 3066 Quo
1309 3009 1369 3055 ut
1402 2999 1716 3070 pervenias,
1738 2998 2033 3070 prudentia

447 3137 665 3193 summa
694 3135 836 3192 opus
865 3128 969 3176 est.
1011 3119 1182 3190 Igitur
1199 3119 1246 3176 si
1275 3128 1472 3176 contra
1496 3118 1692 3174 Persas
1721 3116 2026 3174 exercitum

445 3240 652 3307 ducere
689 3239 745 3294 in
809 3239 996 3301 animo
1038 3238 1232 3306 habes,
1265 3235 1562 3305 Ethiopas
1596 3238 1927 3315 prastexito;
1980 3235 2028 3292 si

451 3353 615 3423 Mysis
639 3353 844 3417 bellum
877 3355 962 3409 vis
990 3352 1215 3420 inferre,
1245 3361 1436 3414 contra
1465 3351 1736 3406 Triballos
1760 3351 1815 3405 id
1842 3349 2027 3406 facere

446 3467 589 3524 velle
621 3467 816 3528 simula
856 3485 870 3522 :
903 3467 984 3524 sic
1006 3468 1210 3523 etenim
1231 3467 1377 3537 quod
1415 3467 1638 3536 quaeris,
1670 3465 1828 3521 facile
1847 3465 2032 3530 obtin-,

445 3599 564 3658 ges.
593 3595 650 3639 et
685 3583 833 3648 felici
864 3599 1049 3662 rerum
1081 3593 1298 3660 tuarum
1331 3597 1590 3640 successu
1621 3582 1851 3661 frueris.

518 4008 607 4065 16.
653 4009 711 4064 Id
741 4010 796 4064 in
835 4011 1032 4079 primis
1056 4025 1190 4066 cura
1242 4025 1338 4080 ne,
1380 4025 1524 4081 quos
1574 4010 1785 4067 amicos
1821 4009 2026 4088 credis,

443 4137 542 4186 eos
568 4117 878 4190 adulatores
906 4121 1130 4190 habeas,
1163 4135 1222 4194 et
1253 4137 1351 4179 eos
1371 4123 1430 4195 in
1459 4124 1857 4180 commercium
1887 4124 2030 4181 deli-

444 4253 540 4308 gas
563 4237 657 4308 qui
683 4253 750 4294 eo
784 4238 995 4294 honore
1015 4238 1243 4310 minime
1275 4238 1426 4310 digni
1457 4247 1608 4295 sunt.
1640 4240 1759 4295 Non
1790 4241 1938 4296 enim
1961 4241 2032 4296 iis

399 4327 402 4330 i
443 4355 540 4429 qui
575 4354 746 4409 rebus
773 4354 883 4410 tuis
921 4353 1150 4409 student
1217 4354 1428 4425 tibique
1458 4355 1824 4424 blandiuntur
1851 4357 2026 4423 conﬁ-

445 4437 687 4543 dendum
721 4477 807 4522 est
836 4477 1001 4537 atque
1032 4468 1450 4542 adhmrendum.
1473 4469 1581 4526 Sed
1611 4471 1703 4526 ubi
1730 4471 2024 4542 quemdam

2162 586 2266 640 Ἐν
2293 588 2458 658 θυμῷ
2488 585 2820 656 βάλληται,
2855 592 2889 642 ό
2914 585 2967 640 δ’
3001 585 3136 645 αὕτ’
3172 590 3422 660 ἀκρήτος
3452 593 3625 662 ἀνήρ.

2145 701 2330 770 Χωρὶς
2357 702 2415 754 δέ
2435 701 2666 769 τούτων,
2703 705 2758 756 ἐν
2793 703 2893 774 μὲν
2919 705 2996 774 τῷ
3026 705 3293 764 κάλλιστα
3321 706 3415 759 καὶ
3455 707 3528 770 ὡς
3554 708 3712 779 ἐχρῆν

2147 790 2539 864 βεϐουλεῦσθαι
2585 793 2819 866 μεγίστη
2873 797 2958 867 τίς
2991 799 3110 868 ἐστι
3132 798 3247 867 τοῖς
3289 797 3579 869 πράγμασι
3611 817 3713 862 cui—

2143 885 2310 954 τηρία
2332 900 2346 916 ο
2378 888 2436 939 ἐν
2464 886 2520 938 δέ
2555 887 2633 957 τῷ
2664 890 2790 951 τοὺς
2809 876 3119 962 ’λογισμοὺς
3174 892 3524 964 ἡμαρτῆσθαι
3567 894 3715 948 πάντ’

2144 975 2206 1042 ἐξ
2240 978 2486 1049 ἀνάγκης
2513 980 2816 1049 ἐφθάρθαι·
2853 982 2998 1053 οὓτω
3027 986 3122 1036 καὶ
3154 986 3453 1054 στρατηγοὶ
3496 986 3588 1038 καὶ
3616 1004 3711 1046 κυ-

2145 1069 2411 1141 σερνῆται
2443 1071 2658 1125 ποιοῦσι
2693 1074 2789 1125 καὶ
2829 1076 2937 1136 πᾶς
2967 1092 3050 1138 τις
3100 1074 3287 1144 ἔτερος
3307 1092 3322 1108 ο
3351 1076 3557 1149 τούτων
3588 1078 3710 1148 Exn:

2145 1179 2272 1226 στος
2301 1165 2362 1216 ού
2408 1167 2541 1235 πρὶν
2568 1166 2744 1220 ὁτιοῦν
2776 1167 3020 1236 ἀξιοῦσιν
3058 1168 3344 1238 εἰργάσθαι
3373 1169 3502 1237 πρὶν
3533 1169 3564 1240 ἢ
3613 1187 3707 1223 και

2141 1253 2250 1324 λῶς
2283 1257 2670 1330 βεϐουλεῦσθαι
2700 1272 2715 1286 ⁸
2747 1258 2929 1331 καίτοι
2967 1260 3014 1311 οἱ
3046 1259 3146 1328 μὲν
3201 1259 3342 1327 ὑπὲρ
3370 1261 3619 1331 σμικρῶν
3645 1261 3705 1338 δή

2141 1360 2305 1398 τινων
2329 1348 2556 1417 καὶτῶν
2584 1349 2642 1401 ἐν
2669 1349 2829 1427 μέρει
2864 1350 3229 1422 πραγμάτων,
3261 1349 3344 1402 σοὶ
3388 1339 3445 1402 δὲ
3476 1345 3554 1420 εἷς
3577 1351 3709 1422 ὑπὲρ

2144 1436 2365 1508 ἀπάσης
2411 1441 2512 1508 τῆς
2560 1439 2888 1506 οἰκουμένης
2941 1441 3200 1510 ἔρριπται
3245 1440 3412 1504 κύϐος
3439 1446 3459 1471 ”
3509 1441 3582 1504 ὡς
3627 1440 3715 1503 οὖν

2144 1527 2336 1594 κύριος
2363 1525 2440 1579 ὢν
2469 1526 2528 1580 εὖ
2560 1546 2619 1582 τε
2638 1529 2734 1581 καὶ
2755 1528 2830 1591 ὠς
2861 1531 3064 1603 ἐτέρως
3089 1531 3186 1601 καὶ
3217 1531 3402 1594 πόλεις
3429 1531 3598 1598 [σχειν
3624 1532 3714 1585 καὶ

2142 1616 2269 1687 ἔθνη
2302 1621 2396 1670 καὶ
2431 1617 2609 1672 πάντα
2646 1621 2926 1689 χρήματα,
2962 1620 3143 1673 πάντα
3179 1621 3248 1673 τά
3295 1621 3530 1689 βέλτιστ’
3560 1621 3714 1682 αὐτὸς

2142 1712 2237 1762 καὶ
2289 1709 2550 1779 βουλεύου
2603 1713 2698 1764 καὶ
2733 1713 2970 1782 πρᾶττε,
3025 1714 3121 1766 καὶ¹
3153 1714 3290 1782 μήτε
3333 1717 3450 1772 τοῖς
3499 1712 3712 1784 ἀγαθοῖς

2142 1801 2370 1870 ἀνδράσι
2417 1802 2600 1873 παύσῃ
2654 1803 2848 1868 ξυνὼν,
2909 1805 3035 1875 μήτ’
3089 1806 3306 1861 οῖκοθεν,
3356 1805 3518 1868 αὐτὸς
3565 1806 3713 1858 ἀνευ-

2141 1894 2346 1964 ρίσκων
2373 1895 2435 1948 τὸ
2480 1895 2599 1948 δέον
2630 1896 2724 1948 καὶ
2764 1896 3264 1966 κατεργαζόμενος,
3308 1899 3406 1950 καὶ
3442 1897 3632 1953 σαυτὸν
3660 1898 3714 1948 ἐν

2135 1987 2352 2050 τούτοις
2388 1988 2513 2040 ὅσαι
2558 1981 2698 2055 ὧραι
2732 1988 2924 2041 νικῶν.
2963 1989 3072 2041 Καὶ
3106 1988 3214 2058 μὴν
3245 1990 3315 2042 ού
3357 1989 3421 2041 τδ
3473 1987 3714 2058 βουλεύε-

2140 2078 2266 2131 σθαι
2301 2081 2463 2149 μόνον
2500 2079 2761 2151 περὶτῶν
2794 2079 3067 2148 μεγίστων
3102 2081 3344 2150 ἀπόχρη,
3379 2080 3518 2135 ἀλλά
3543 2081 3634 2133 καὶ
3655 2079 3711 2140 τὸ

2136 2170 2206 2222 τὰ
2235 2170 2637 2240 βεϐουλευμένα
2668 2172 2798 2241 πρὶν
2836 2167 2886 2242 η
2907 2172 3226 2241 πεπρᾶχθαι
3283 2171 3570 2227 λανθάνειν
3593 2173 3712 2234 τοὺς

2137 2263 2330 2325 ἄλλους
2359 2266 2645 2332 προσεῖναι
2682 2264 2781 2327 δεῖ,
2834 2264 2932 2316 καὶ
2961 2266 3188 2318 σκοπεῖν
3233 2264 3337 2334 οὐχ
3363 2265 3510 2328 ὅπως
3544 2265 3711 2326 ἐκεῖνο

2141 2355 2344 2421 μᾶλλον
2373 2353 2546 2421 ἔσται,
2573 2354 2607 2424 ἦ
2638 2354 2787 2418 ὅπως
2812 2355 3004 2425 ἐκείνῳ
3031 2354 3189 2417 τοῦτο
3230 2356 3564 2426 προσέσται,
3591 2356 3712 2410 κάνο

2135 2444 2328 2496 τεῦθεν
2353 2444 2513 2499 τοῦτο
2549 2447 2798 2515 μείζονος
2829 2444 3016 2511 ἀξιοῦν
3049 2448 3152 2517 τῆς
3182 2449 3444 2518 προνοίας
3467 2464 3482 2478 ο
3520 2447 3594 2512 ὡς
3623 2449 3710 2501 ἐὰν

2141 2538 2242 2607 μὲν
2287 2539 2444 2590 τοῦτο
2494 2541 2694 2608 προσῇ,
2728 2541 2952 2593 κάκεῖνο
3012 2539 3208 2592 πολλοῦ
3245 2556 3396 2603 τινος
3442 2539 3588 2604 ἀξιον
3621 2539 3706 2591 ίὶν⁹

2136 2629 2330 2682 τούτου
2361 2629 2406 2682 δ’
2437 2629 2690 2696 ἀπόντος,
2729 2630 2832 2684 κᾶν
2859 2631 3124 2701 μυριάκις
3155 2632 3331 2684 ἐκεῖνο
3362 2633 3535 2700 παρῇ,
3564 2628 3708 2684 οὐδὲν

2139 2721 2341 2790 μᾶλλον
2371 2720 2416 2774 δ’
2446 2721 2660 2784 οὐδενὸς
2700 2721 2852 2788 ἀξιον
2880 2723 2942 2775 δν
2968 2737 2985 2753 ο
3017 2723 3266 2785 ιίκότως.
3297 2723 3460 2776 Πᾶσα
3489 2722 3596 2792 γάρ
3619 2721 3705 2790 6i)-

2136 2827 2244 2864 που
2281 2811 2466 2882 βουλὴ.
2499 2813 2605 2873 κᾶν
2637 2811 2712 2876 ὡς
2741 2815 2942 2883 ἄριστα
2973 2813 3095 2886 ἔχῃ,
3123 2813 3230 2867 κᾶν
3261 2815 3328 2866 ἐκ
3361 2813 3580 2883 βαθείας
3606 2813 3709 2882 ἥκῃ

2137 2903 2357 2973 φρενὸς,
2399 2907 2514 2966 τοῖς
2544 2903 2645 2974 μέν
2677 2906 2894 2968 πολλοῖς
2921 2905 3202 2974 ἄγνωστος
3225 2903 3391 2970 οὖσα,
3413 2905 3482 2959 τά
3507 2903 3704 2975 μέγιστ’

2133 2995 2344 3064 ὀνίνησι
2375 2997 2502 3059 τοὺς
2527 2997 2876 3068 χρωμένουςο
2908 2999 3004 3051 καὶ
3034 2997 3329 3068 θαυμαστή
3365 3015 3449 3062 τις
3491 2997 3624 3069 πρὸς
3648 2997 3704 3048 τὸ

2137 3088 2440 3159 κατορθοῦν
2473 3090 2592 3141 ἐστι
2646 3088 2788 3160 ῥοπὴ
2821 3092 2882 3142 τὸ
2914 3091 3121 3160 μηδένα
3177 3090 3286 3143 τῶν
3334 3092 3547 3145 πολλῶν
3582 3108 3708 3144 ταυο

2012 3234 2026 3258 2
2054 3199 2100 3258 c
2135 3179 2262 3248 τηνὶ
2319 3177 2626 3243 ξυνειδέναι
2653 3195 2668 3210 °
2701 3179 2926 3248 ἔκδηλος
2953 3181 3011 3233 δὲ
3055 3181 3363 3252 γενομένη,
3409 3182 3602 3236 πολλοῦ
3648 3197 3708 3251 γε

2134 3272 2231 3324 καὶ
2260 3269 2354 3325 τοῦ
2383 3272 2596 3334 παντὸς
2642 3272 2723 3325 δεῖ
2751 3273 2888 3342 πρὸς
2918 3273 3080 3342 ἔργον
3110 3273 3368 3344 ἀφῖχθαι,
3410 3279 3508 3330 καὶ
3547 3276 3603 3329 τὸ
3625 3291 3708 3342 γι·

2134 3361 2400 3430 γνόμενον
2430 3361 2686 3428 δέξασθαι
2731 3362 2927 3433 πέρας,
2971 3363 3131 3432 εἰπερ
3163 3365 3257 3418 τοῦ
3303 3367 3569 3437 πράττειν
3615 3365 3707 3434 μὲν

2133 3451 2318 3504 εἵνεκα
2352 3451 2718 3520 βουλευόμεθα
2744 3465 2762 3501 °.
2787 3452 2945 3505 τοῦτο
2966 3450 3010 3504 δ’
3058 3453 3158 3506 οὐκ
3202 3452 3269 3506 ἂν
3311 3452 3496 3516 ἄλλως
3524 3454 3605 3522 εἴη
3639 3461 3707 3522 μη

2133 3543 2242 3601 τῶν
2269 3542 2732 3613 βεϐουλευμένων,
2764 3543 2955 3612 ὥσπερ
2991 3544 3151 3614 ἔφην,
3175 3545 3525 3614 προϐάντων.
3554 3544 3706 3598 Ὅθεν

2135 3637 2230 3690 ἐπὶ
2265 3637 2483 3708 Πέρσας
2516 3635 2782 3703 ἐλαύνων,
2833 3636 3097 3699 Αἰθίοπας
3125 3635 3377 3708 προύχει)
3404 3655 3416 3669 ο
3452 3635 3706 3709 μάχεσθαι

2135 3730 2192 3783 δὲ
2221 3731 2431 3794 Μυσοῖς
2466 3728 2688 3795 ἐθέλων,
2722 3730 2787 3783 σὺ
2817 3729 2874 3782 δὲ
2918 3729 2996 3792 ὡς
3034 3729 3177 3783 κατὰ
3211 3729 3536 3799 Τριϐαλλῶν
3571 3729 3702 3802 ἐτοι-

2137 3822 2313 3892 μάςου
2339 3836 2356 3854 ·
2408 3820 2553 3885 οὕτω
2579 3822 2690 3891 γάρ
2735 3821 2764 3873 ὃ
2811 3819 3016 3892 βούλει,
3050 3822 3250 3893 ῥαδίως
3295 3823 3572 3895 ἐργάζοιο,
3614 3819 3700 3885 καὶ

2135 3913 2258 3989 κατ’
2287 3913 2455 3985 εὐχὴν
2483 3916 2595 3977 τοῖς
2619 3915 2912 3984 πράγμασι
2940 3914 3110 3984 χρῷο.

2207 4007 2308 4071 ις’.
2343 4008 2544 4060 Σκόπει
2572 4008 2652 4072 δὲ,
2684 4009 2784 4079 ὅση
2814 4024 2897 4060 σοι
2923 4007 3180 4078 δύναμις.
3220 4009 3374 4076 ὅπως
3407 4010 3482 4080 μὴ
3522 4007 3698 4077 φίλους

2131 4094 2388 4171 οἰόμενος
2429 4099 2595 4171 ἔχειν,
2626 4100 2821 4154 ἔπειτα
2871 4101 3042 4171 λάθῃς
3094 4103 3550 4172 κολακευόμενος,
3611 4099 3696 4154 καὶ

2132 4195 2328 4250 σαυτὸν
2359 4189 2441 4259 οἷς
2471 4196 2571 4248 οὐκ
2597 4194 2706 4248 ἔδει
2729 4194 2924 4259 διδοὺς,
2953 4196 3012 4248 ἐν
3041 4195 3119 4266 τῷ
3146 4197 3328 4250 δοκεῖν
3357 4196 3394 4254 ἃ
3431 4195 3695 4264 προσῆκεν

2131 4289 2427 4358 αἱρεῖσθαι.
2460 4288 2592 4340 Οὐδὲ
2635 4288 2743 4355 γὰρ
2773 4289 2884 4347 τοῖς
2919 4287 2989 4340 τὰ
3030 4287 3098 4341 σὰ
3128 4289 3302 4360 δήπου
3352 4291 3600 4362 στέργειν
3639 4299 3694 4346 τε

2130 4381 2225 4436 καὶ
2250 4381 2426 4448 φιλεῖν
2463 4379 2700 4449 μάλιστα
2729 4377 3174 4448 διατεινομένοις,
3212 4381 3493 4434 πιστεύειν
3520 4376 3693 4436 ἁπλῶς

2132 4474 2307 4526 ἆπασι
2335 4474 2464 4545 χρὴ,
2497 4473 2593 4524 καὶ
2633 4472 2733 4542 τὴν
2762 4472 2935 4542 αὐτὴν
2967 4472 3096 4541 περὶ
3138 4472 3350 4529 τούτων
3409 4471 3565 4536 δόξαν
3605 4483 3692 4528 κειτ

443 4585 668 4661 pbvium
711 4585 974 4652 habueris
1004 4587 1098 4658 qui
1139 4586 1208 4643 de
1245 4587 1413 4644 rebus
1441 4589 1551 4654 tuis
1598 4565 1856 4645 secundis
1886 4605 2023 4662 gau-

2134 4541 2408 4634 κτῆσθαιίο
2431 4541 2567 4618 ’ἀλλ’
2598 4541 2699 4626 οὒς
2721 4564 2822 4633 μὲν
2868 4541 2935 4617 ἀν
2985 4563 3104 4634 ἴδῃς
3147 4564 3245 4616 ἐπὶ
3281 4563 3382 4633 μὲν
3438 4563 3550 4623 τοῖς
3585 4560 3692 4620 σοῖς

444 4700 558 4766 det,
592 4699 658 4754 de
715 4699 964 4779 adversis
1008 4711 1229 4776 moeret,
1264 4702 1358 4772 qui
1391 4703 1667 4759 laudanda
1696 4705 1910 4771 laudat,
1941 4705 2026 4760 vi-

447 4814 752 4894 tuperanda
776 4815 1075 4893 vituperat,
1099 4816 1194 4888 qui
1214 4816 1440 4872 consilia
1459 4814 1552 4871 dat
1573 4816 1858 4882 salutaria,
1877 4831 1941 4872 ac
1967 4815 2024 4872 in

445 4932 724 5002 loquendo
774 4933 1052 5004 agendove
1087 4934 1366 5012 sincerum
1413 4943 1590 4990 semet
1615 4934 1846 5004 praebet,
1895 4947 2023 4989 eum

444 5047 684 5102 amicum
715 5064 779 5124 ac
810 5048 1137 5125 familiarem
1163 5065 1402 5127 assume.
1429 5050 1532 5117 Qui
1560 5060 1745 5106 autem
1777 5066 1900 5122 quae
1928 5060 2022 5105 tua

441 5172 590 5238 sunt,
627 5179 692 5218 eo
732 5165 853 5235 ipso
893 5179 1112 5240 semper
1147 5164 1462 5243 collaudant
1514 5165 2019 5232 indiscriminatim,

442 5278 648 5346 quique
672 5279 1002 5335 muneribus
1020 5277 1357 5349 accipiendis
1387 5278 1624 5357 inhiant,
1657 5295 1754 5335 eos
1777 5295 1930 5352 aeque
1960 5295 2024 5355 ac

442 5392 764 5450 adulatores
791 5395 1164 5464 tergiversare
1200 5410 1268 5451 ac
1294 5395 1426 5452 odio
1454 5395 1618 5452 habe.
1653 5397 1832 5452 Probe
1870 5395 2018 5452 enim

441 5507 592 5564 nosti
623 5509 768 5577 quod
791 5508 884 5562 alii
905 5508 1126 5578 quidem
1159 5525 1304 5580 aegre
1339 5509 1524 5565 ferunt
1551 5510 1599 5565 si
1631 5524 1742 5564 non
1772 5505 2020 5578 quotidie

440 5617 714 5675 beneﬁcia
740 5621 1034 5691 recipiunt,
1057 5621 1173 5689 alii,
1197 5623 1325 5678 licet
1348 5637 1560 5676 summa
1587 5620 1788 5693 injuria
1815 5619 2020 5696 allecti,

442 5731 674 5790 minime
724 5746 1077 5806 queruntur,
1114 5737 1226 5793 imo
1260 5737 1419 5807 quasi
1475 5735 1743 5792 beneﬁcia
1804 5735 2018 5804 experti

443 5854 603 5925 ιιιωιι
632 5852 1022 5930 commercium
1053 5853 1216 5923 inire,
1249 5861 1430 5909 tecum
1464 5852 1666 5910 bonam
1725 5867 1790 5908 ac
1822 5851 2020 5939 malam

2127 4656 2355 4726 ἀγαθοῖς
2404 4657 2722 4728 ἡδομένους,
2759 4656 2855 4711 ἐπὶ
2898 4655 2955 4708 δέ
3002 4658 3117 4718 τοῖς
3160 4656 3261 4726 οὐχ
3285 4655 3463 4717 οὕτως
3484 4655 3689 4723 ἔχουσιν

2126 4749 2486 4820 ἀχθομένους,
2518 4749 2615 4803 καὶ
2658 4748 2728 4804 τὰ
2771 4748 2871 4818 μὲν
2905 4748 3292 4813 ἐπαινοῦντας,
3320 4751 3434 4812 τοῖς
3471 4747 3517 4800 δ’
3547 4745 3692 4806 ἐλευτ

2127 4840 2301 4911 θέρως
2324 4841 2701 4910 ἐπιτιμῶντας
2737 4841 2834 4893 καὶ
2875 4839 3354 4909 συμϐουλεύοντας
3385 4839 3455 4894 τὰ
3486 4828 3707 4908 βελτίω,

2125 4934 2222 4986 καὶ
2277 4933 2414 4997 ὅλως
2467 4933 2606 5003 μετὰ
2664 4930 2763 5000 τοῦ
2827 4931 3225 5000 λελογισμένον
3269 4933 3366 4986 καὶ
3425 4931 3690 4998 σώφρονος

2126 5025 2306 5078 πάντα
2355 5025 2449 5078 καὶ
2483 5025 2667 5093 λέγειν
2708 5025 2805 5079 καὶ
2839 5025 3016 5079 ποιεῖν
3060 5025 3451 5094 αἱρουμένους,
3477 5021 3688 5079 τούτους

2125 5117 2220 5171 καὶ
2253 5116 2440 5185 φίλους
2481 5118 2702 5180 πάντως
2743 5117 3022 5188 ἡγεῖσθαι,
3057 5118 3154 5170 καὶ
3201 5117 3277 5179 ὡς
3328 5111 3686 5184 ἐταιροτάτοις

2123 5210 2193 5262 τὰ
2225 5208 2480 5262 πλείστου
2520 5211 2686 5279 φησιν
2709 5209 2836 5274 ἀξια
2868 5209 3108 5281 χρῆσθαι
3128 5222 3142 5238 °
3175 5207 3270 5272 οὓς
3299 5208 3345 5261 δ’
3371 5206 3502 5260 αὐτὸ
3536 5201 3685 5256 τοῦτο

2127 5303 2290 5371 μόνον
2348 5301 2568 5354 πάντων
2619 5301 2918 5365 ἐπαινέτας
2979 5301 3089 5356 τῶν
3138 5301 3269 5365 σῶν,
3301 5299 3414 5356 καὶ,
3442 5296 3517 5368 μὴ
3559 5294 3685 5347 διαι-

2129 5393 2353 5462 ροῦντας
2377 5395 2493 5448 ἃττ’
2534 5395 2767 5459 ἔξεστιν,
2805 5395 2902 5447 ἆτε
2936 5392 3033 5464 μὴ,
3060 5393 3196 5449 ἀλλά
3240 5393 3366 5456 τοὺς
3405 5393 3598 5450 αὐτοὺς
3625 5387 3679 5436 ἐν

2123 5485 2330 5538 ἅπασιν
2371 5485 2555 5549 ὄντας,
2587 5485 2683 5538 καὶ
2738 5485 2877 5555 πρὸς
2917 5486 2980 5536 τὸ
3019 5483 3210 5537 λαὸεῖν
3257 5483 3571 5536 παντάπασι
3595 5490 3678 5534 κε-

2123 5580 2373 5647 χηνότας,
2402 5579 2624 5641 τούτους
2675 5574 2916 5646 ἀτεχνῶς
2961 5574 3100 5646 μετά
3128 5575 3238 5628 τῶν
3276 5573 3523 5628 κολάκων
3548 5569 3677 5621 ἀπο-

2124 5669 2455 5738 στρέφεσθαι
2509 5670 2602 5722 καὶ
2653 5671 2858 5738 μισεῖν,
2919 5667 3018 5720 καὶ
3063 5667 3164 5736 τῆς
3213 5663 3389 5736 ἀρχῆς
3440 5659 3670 5730 νομίζειν

2119 5759 2398 5814 δεκέλειαν
2427 5775 2443 5790 ο
2476 5760 2598 5814 ἐπεί
2634 5777 2720 5813 τοι
2748 5759 2840 5812 καὶ
2883 5757 3062 5820 ἄλλως
3103 5757 3358 5812 τοσοῦτον
3385 5753 3530 5806 ἐστὶν
3551 5749 3672 5801 ἑκα-

2119 5853 2294 5926 τέρων
2333 5853 2394 5908 τὸ
2446 5853 2723 5924 διάφορον,
2759 5851 2891 5908 ὥσθ’
2944 5850 2994 5906 oi
3036 5851 3138 5922 μὲν
3181 5851 3275 5906 raw
3327 5846 3400 5919 μὴ
3450 5835 3672 5915 καθεδᾴτ
