4018 6420
1483 247 1559 268 λεδ·-

315 379 434 457 Η3

1410 367 1699 430 ORATIO
1746 366 1844 424 DE
1885 365 2121 429 REGIS
2163 365 2515 427 OFFlCllS.

3490 348 3597 415 474

290 506 473 559 νστην,
510 486 588 550 ὡς
635 486 831 544 εἰπεῖν.
874 483 934 537 ab
979 484 1289 552 πάσχωσιν,
1340 479 1458 532 οὐχ’
1496 480 1817 548 ἀνέχονται·
1849 475 1900 528 οἱ
1930 489 1946 537 λ

2048 483 2286 529 πιιιηαιη
2334 471 2668 543 participare
2700 466 2910 531 volent,
2943 466 3106 521 aliter
3138 478 3300 534 quam
3338 461 3592 523 adulato-

314 581 363 635 δ’
408 579 523 633 οὐδ’
558 575 993 648 ἐπηρεασθέντες
1037 574 1127 638 ἂν,
1168 569 1348 643 οἶμαι,
1382 572 1476 625 καὶ
1505 570 1577 624 τὰ
1614 568 1904 623 δεινότατα

316 670 677 734 πεπονθότες,
704 666 1151 737 δυσχερανοῦσιν,
1181 664 1299 718 ἁλλ’
1330 665 1573 717 οἴσουσιν
1617 661 1771 714 οὐδὲν
1808 654 1907 730 ἦτ-

317 782 434 833 τον,
458 763 493 833 ἢ
518 764 567 815 εί
601 755 661 815 εῦ
695 762 997 830 πάσχοντες
1022 754 1164 829 ἦσαν
1214 757 1307 809 τὸν
1348 756 1570 810 ἅπαντα
1602 753 1800 825 χρόνον
1831 750 1909 822 τῷ

321 861 409 913 col
435 858 559 912 κατ’
587 856 762 925 ἄκρας
797 851 1061 923 ἡνῶσθαι,
1094 851 1191 905 καὶ
1234 848 1399 903 πάνθ’
1446 850 1540 901 ὑπ’
1568 846 1805 909 εὐνοίας,
1834 845 1910 907 ὡς

322 954 501 1020 λόγος,
532 949 723 1018 φέρειν
792 943 1286 1015 παρεσκευάσθαι,
1338 941 1450 995 τῶν
1514 957 1573 992 τε
1626 935 1911 1008 δυσχερῶν

325 1042 709 1102 κοινωνοῦντες
753 1038 1087 1105 ὲξίσης,ούχ
1130 1036 1323 1104 ὥσπερ
1367 1035 1418 1086 oi
1470 1033 1703 1096 κόλακες
1738 1031 1911 1101 μόνης

325 1140 476 1201 ὅντες
518 1138 618 1206 τῆς
664 1135 1014 1203 εὐδαιμονίας
1039 1136 1137 1187 καὶ
1166 1131 1261 1184 τοῦ
1297 1128 1532 1199 καιροῦ⁹
1585 1126 1913 1196 δυσχερείας

327 1233 383 1286 δὲ
412 1229 716 1306 τύχηςοκαὶ
760 1226 1068 1297 μεταὸολάς
1118 1223 1469 1295 πραγμάτων
1512 1219 1624 1273 οὐδ’
1674 1220 1741 1271 ἂν
1779 1217 1914 1285 ὄναρ

330 1323 608 1392 ὲνέγκοιεν
635 1338 651 1352 ο
678 1319 808 1373 ὥστ’
834 1320 899 1373 ἂν
941 1317 1254 1385 ἀναγκαίως
1288 1315 1411 1385 ἔχῃ,
1440 1313 1568 1374 τοὺς
1604 1311 1705 1380 μὲν
1737 1308 1916 1369 οὕτως

329 1418 555 1485 ἔχοντας
602 1414 822 1483 χαίρειν
875 1413 993 1481 ὲᾷν,
1023 1411 1122 1463 καὶ
1171 1407 1377 1461 σαυτοῦ
1429 1406 1574 1460 πάνυ
1603 1420 1688 1456 τοι
1722 1401 1917 1472 πόρρω

331 1511 540 1562 ποιεῖν·
585 1508 697 1569 τοῖς
747 1504 794 1558 δ’
847 1502 1111 1564 ἐπιεικῶς
1168 1502 1316 1570 μάλα
1353 1498 1457 1567 τῆς
1491 1495 1919 1567 εὐγνωμοσύνης

333 1599 672 1668 συγχαίρειν,
700 1597 795 1649 καὶ⁵
836 1594 1081 1663 νομίζειν
1127 1592 1318 1659 ὥσπερ
1369 1591 1524 1652 τινάς
1576 1587 1802 1650 τούτους
1834 1587 1921 1640 αἱ·

335 1694 555 1761 σθήσεις
593 1689 688 1743 τοῦ
718 1689 817 1757 τῆς
862 1688 1040 1758 ἀρχῆς
1070 1685 1347 1750 σώματος,
1378 1683 1449 1736 δι’
1477 1677 1552 1736 ὧν
1598 1680 1760 1735 πάνθ’
1786 1680 1923 1751 ὁρᾷν

336 1784 431 1835 καὶ
463 1781 617 1833 πάντ’
645 1777 870 1833 ἀκούειν
904 1778 1044 1842 ἐστὶ,
1086 1775 1183 1829 καὶ
1233 1777 1402 1828 πᾶσιν
1433 1770 1493 1828 εὖ
1537 1773 1685 1845 μάλα
1718 1771 1924 1843 κεχρῆ-

338 1875 482 1937 σθαι,
512 1874 607 1925 καὶ
654 1874 769 1934 τοῖς
809 1869 1043 1939 ἔγγιστα
1087 1872 1185 1922 καὶ
1232 1870 1348 1932 τοῖς
1398 1868 1609 1938 πόρῤω.
1642 1866 1739 1930 El;
1765 1865 1926 1919 τοῦτο

338 1966 464 2036 γὰρ,
495 1959 675 2035 οἶμαι,
705 1962 863 2032 φέρει
904 1962 1000 2017 καὶ
1027 1961 1088 2014 τὸ
1117 1961 1276 2023 Φίλος
1312 1960 1473 2023 ἄλλος
1509 1959 1697 2019 αὑτός·
1725 1958 1929 2027 μᾶλλον

338 2061 393 2112 δὲ
425 2058 518 2111 καὶ
553 2057 745 2109 τούτου
777 2054 944 2109 πλέον
974 2056 1041 2106 ὲκ
1073 2055 1183 2108 τῶν
1226 2053 1575 2121 πραγμάτων
1601 2047 1746 2104 εἶναι
1786 2067 1930 2119 συμ-

344 2150 541 2205 ϐαίνει.
577 2151 647 2203 ’Δ
685 2150 794 2220 γὰρ
840 2149 937 2218 οὐχ
986 2143 1090 2200 οἷοί
1131 2148 1180 2199 τ’
1228 2147 1398 2217 ὲσμεν
1427 2146 1498 2199 δι’
1531 2145 1694 2215 ἡμῶν
1725 2143 1930 2210 αὐτῶν,

341 2244 431 2297 διὰ
458 2240 667 2296 τούτων
700 2239 776 2303 ὡς
808 2242 982 2311 ῥᾷστα
1011 2237 1300 2308 περαίνειν
1329 2237 1552 2308 ἔχομεν.
1593 2235 1814 2306 ’Δμέλει
1849 2252 1931 2291 τοι

343 2337 442 2391 καὶ
483 2333 836 2404 Ἀλέξανδρος
884 2332 913 2382 ό
952 2331 1226 2384 Φιλίππου
1257 2332 1388 2393 τοὺς
1423 2330 1735 2400 θησαυροὺς
1786 2329 1935 2398 ὲρω-

240 2444 245 2445 ί
344 2426 531 2497 τηθεὶς
583 2425 713 2486 τοὺς
761 2420 951 2489 αὑτοῦ,
987 2421 1234 2476 δείκνυσι
1282 2421 1412 2485 τοὺς
1438 2420 1730 2489 εταίρους·
1761 2420 1838 2482 ὡς
1878 2419 1939 2472 τὸ

351 2522 451 2591 μὲν
478 2518 707 2581 τούτους
762 2515 1071 2584 κεκτῆσθαι
1101 2514 1393 2568 κάλλιστον
1421 2514 1519 2567 καὶ
1559 2511 1943 2566 λυσιτελέστα-

349 2631 442 2667 τον
486 2611 829 2683 τυγχάνοντα
872 2607 1144 2662 πλοῦτονο
1197 2606 1328 2661 ἄνευ
1373 2606 1433 2660 δὲ
1472 2606 1681 2660 τούτων
1713 2606 1808 2665 καὶ
1839 2604 1942 2673 τὴν

356 2709 620 2780 μεγίστην
643 2707 702 2758 ὲν
731 2702 1042 2772 ἀνθρώποις
1077 2700 1405 2769 περιουσίαν
1452 2700 1591 2770 πρὸς
1621 2699 1681 2752 τὸ
1714 2696 1874 2752 πάνθ’
1905 2696 1943 2751 δι

355 2800 634 2873 προσῆκεν
691 2797 986 2868 εἰργάσθαι
1043 2795 1243 2866 μικρὸν
1288 2795 1322 2865 ἢ
1382 2793 1536 2846 οὐδὲν
1587 2792 1940 2862 δυναμένηνο

354 2894 530 2962 οὕτως
577 2892 729 2946 οὐδὲν
761 2893 1018 2961 κρεῖσσον
1065 2890 1187 2943 κατ’
1233 2886 1605 2958 Εὐριπίδηνῆ
1645 2885 1799 2956 φίλος
1852 2902 1947 2938 σας

356 2986 486 3057 φὴς,
523 2985 584 3039 οὐ
634 2982 884 3049 πλοῦτος,
944 2982 1005 3034 ού
1037 2979 1330 3047 τυραννίς·
1368 2977 1657 3046 ἀλόγιστον
1684 2977 1747 3030 δέ
1792 2993 1847 3029 τι
1882 2976 1948 3030 τὸ

358 3077 564 3148 πλῆθος
585 3075 945 3144 ἀντάλλαγμα
992 3071 1248 3141 γενναίου
1280 3070 1437 3140 φίλου
1458 3109 1473 3135 ,
1533 3069 1632 3123 καὶ
1662 3069 1777 3123 οἴου
1806 3067 1947 3138 μηδὲ

359 3172 541 3225 θανεῖν
564 3167 629 3222 ἂν
660 3168 807 3236 ὑπὲρ
826 3167 937 3218 τῶν
981 3164 1257 3218 παιδικῶν
1291 3164 1628 3232 ἁποκνῆσαι,
1660 3159 1799 3213 ἀλλὰ
1847 3159 1945 3213 καὶ
1974 3160 2020 3217 C

359 3264 456 3318 τοῦ
487 3263 760 3333 περιεῖναι
794 3260 889 3314 καὶ
938 3260 1038 3330 ζῇν
1098 3257 1248 3311 τοῦθ’
1286 3254 1363 3319 ὡς
1390 3254 1611 3324 ἀληθῶς
1642 3254 1794 3325 ἥδιον
1824 3256 1949 3323 κρῖ-

360 3374 473 3420 ναι,
509 3355 757 3425 καθάπερ
803 3356 832 3417 ό
889 3352 1179 3415 νεανίσκος
1229 3348 1318 3419 ἐφ’
1368 3347 1429 3402 ὃν
1473 3348 1570 3403 καὶ
1610 3348 1761 3417 τᾶπη
1792 3345 1950 3401 ταυτὶ

362 3448 642 3525 ξυνετέθη.

434 3539 521 3604 ιζ’.
561 3539 723 3591 Ἀλλὰ
754 3537 882 3591 ἐπεὶ
928 3536 1058 3600 τοὺς
1100 3535 1203 3606 μὲν
1231 3534 1425 3605 φίλους
1455 3527 1516 3586 εὖ
1553 3532 1733 3585 ποιεῖν
1776 3529 1951 3585 καθά-

363 3631 476 3697 me
502 3631 729 3702 οἰόμεθα
759 3630 892 3697 δεῖν,
934 3631 1032 3683 καὶ
1063 3628 1191 3682 καθ’
1228 3629 1378 3699 ἡμᾶς
1404 3626 1603 3688 αὐτοὺς
1633 3626 1815 3694 ἄγειν,
1855 3626 1953 3679 καὶ

365 3727 524 3780 πάντ’
572 3723 901 3793 ἀντέχεσθαι
936 3722 1144 3792 τρόπον
1166 3736 1185 3755 ο
1218 3722 1347 3784 τοὺς
1388 3720 1433 3774 δ’
1479 3715 1546 3774 αὖ
1576 3719 1831 3790 ἐχθροὺς,
1857 3720 1954 3773 ἐάν

371 3822 469 3889 μὲν
503 3817 873 3890 μεγαλόψυχοι
904 3833 1052 3879 τινες
1082 3815 1395 3885 ῶμεν,οὖτε
1429 3816 1638 3881 κακοῦν
1666 3812 1782 3866 οὔθ’
1814 3813 1955 3874 ὅλως

367 3913 459 3975 τὸν
507 3910 634 3964 νοῦν
671 3913 965 3980 προσέχειν
991 3927 1004 3941 ·
1056 3909 1154 3963 ἐὰν
1181 3907 1238 3962 δὲ
1290 3907 1389 3977 μὴ,
1430 3909 1524 3960 καὶ
1569 3906 1830 3975 πολεμεῖν
1860 3905 1956 3958 καὶ

375 4003 642 4074 μάχεσθαι
669 4002 884 4065 τούτοις
925 4004 1021 4057 καὶ
1065 4000 1207 4071 μετὰ
1238 4000 1489 4067 μείζονος
1518 3997 1827 4068 ἀμύνεσθαι
1859 3998 1958 4066 τῆς

372 4094 730 4165 παρασκευῆς
760 4109 776 4125 ο
824 4092 1011 4153 ὁποῖόν
1058 4092 1182 4145 τινά
1230 4108 1290 4144 σε
1331 4091 1437 4161 χρὴ
1471 4091 1601 4161 περὶ
1628 4089 1784 4144 ταῦτ’
1818 4085 1959 4142 εἶναι

375 4188 428 4246 εῐ
458 4203 591 4239 ποτε
649 4184 874 4247 τούτους
922 4182 1177 4254 ἀλλήλοις
1230 4182 1324 4251 ἐπὶ
1386 4182 1481 4237 σοῦ
1536 4184 1669 4254 περὶ
1720 4176 1960 4236 ὧντινων

372 4279 692 4345 δικάζεσθαι
761 4280 895 4334 δέοι.
928 4280 1026 4343 Ἂν
1085 4279 1188 4348 μὲν
1242 4277 1354 4347 γὰρ
1398 4275 1477 4341 ὡς
1516 4277 1815 4345 δυσμενέσι
1866 4276 1961 4329 καὶ

377 4373 552 4443 φίλοις
591 4372 688 4425 καὶ
718 4372 828 4426 τότ’
873 4372 1059 4433 αὐτοῖς
1100 4370 1456 4441 ἀπαντήσῃς,
1486 4369 1663 4434 δόξεις
1694 4370 1805 4423 ἀπὸ
1849 4369 1962 4421 τῶν

2010 607 2101 647 res
2130 591 2297 662 quite
2326 589 2539 644 felicem
2559 586 2948 647 sectabantur,
2972 582 3029 637 in
3064 594 3251 634 rerum
3281 573 3600 643 discrimine

2010 718 2197 763 autem
2256 707 2536 763 deserent.
2576 704 2641 756 Hi
2679 701 2848 772 igitur
2880 712 3111 769 prorsus
3141 711 3170 749 a
3199 693 3393 748 limine
3448 689 3597 745 salu-

2013 819 2165 875 tandi
2200 829 2257 875 et
2294 815 2577 889 rejiciendi
2633 823 2843 878 erunt;
2901 811 2981 866 illi
3020 820 3206 865 autem
3271 803 3489 860 colendi
3539 816 3605 855 ac

2015 953 2120 992 ceu
2146 933 2394 1004 corporis
2419 944 2627 1001 organa
2664 944 2763 997 per
2788 941 2911 997 quas
2957 924 3213 978 audimus
3254 935 3319 975 ac
3346 918 3601 971 videmus

2013 1048 2174 1118 longe
2225 1046 2443 1114 lateque
2475 1043 2694 1097 fovendi
2734 1046 2884 1094 sunt.
2922 1036 3043 1101 Huc
3075 1033 3244 1098 facit,
3279 1045 3368 1084 me
3392 1028 3603 1099 judice,

2016 1161 2274 1223 multum,
2299 1158 2521 1212 Amicus
2557 1155 2720 1217 alter,
2762 1152 2888 1223 plus
2922 1163 3052 1204 vero
3089 1146 3353 1215 temporis
3386 1142 3607 1210 locique

2017 1275 2284 1331 conditio.
2323 1272 2458 1329 Cum
2484 1286 2551 1325 ex
2594 1266 2900 1322 Alexandro
2924 1262 3155 1331 Philippi
3186 1258 3296 1313 filio
3327 1270 3607 1327 quaerere-

2021 1397 2134 1453 tur,
2172 1386 2263 1441 ubi
2297 1386 2587 1439 thesauros
2620 1394 2754 1435 suos
2814 1376 2949 1431 sitos
2978 1374 3224 1436 haberet.
3246 1370 3452 1426 amicos
3481 1381 3611 1425 suos

2023 1510 2215 1572 utpote
2243 1498 2466 1555 divitias
2500 1491 2907 1566 pulcherrimas
2953 1503 3017 1543 ac
3053 1486 3290 1540 maxime
3326 1481 3605 1553 parabiles

2026 1611 2401 1675 monstravit;
2438 1609 2556 1663 sine
2588 1605 2797 1675 quibus
2858 1601 2944 1655 vel
2998 1598 3252 1653 maximas
3308 1611 3441 1665 opes
3473 1593 3612 1649 nihil

2025 1741 2124 1787 aut
2152 1743 2346 1801 parum
2381 1723 2702 1797 proficiunt.
2735 1718 3056 1777 Secundum
3112 1712 3437 1784 Euripidem
3503 1726 3617 1764 non

1952 1818 2000 1877 Β
2030 1860 2185 1916 opes,
2217 1857 2326 1897 non
2347 1837 2651 1895 dominatio
2696 1816 3058 1904 aequipollens
3082 1838 3167 1883 est
3198 1825 3393 1892 amici;
3429 1823 3621 1878 multi-

2034 1960 2170 2017 tudo
2198 1957 2375 2012 amico
2406 1967 2674 2025 generoso
2702 1950 2865 2020 longe
2903 1943 3283 2017 postponenda
3337 1940 3488 1996 venit
3522 1940 3621 2025 qui

2034 2090 2138 2147 pro
2170 2071 2317 2127 natis
2370 2066 2511 2122 mori
2548 2080 2659 2121 non
2710 2069 2971 2127 recusat;
3026 2060 3138 2114 imo
3191 2056 3319 2111 vita:
3385 2061 3621 2109 mortem

2035 2187 2257 2263 praefert
2286 2184 2367 2238 uti
2422 2180 2749 2242 dulciorem.
2794 2178 2937 2232 sicut
2997 2172 3323 2229 adolescens
3357 2168 3425 2225 ad
3457 2183 3622 2249 quem

2037 2309 2220 2364 hau-me
2252 2299 2421 2353 verba
2455 2305 2724 2353 snectant.

2138 3515 2235 3573 l7.
2265 3512 2372 3571 Sed
2405 3527 2530 3569 cum
2582 3510 2727 3582 apud
2764 3524 2866 3568 nos
2898 3508 2953 3563 id
2986 3515 3207 3563 constat
3259 3503 3404 3575 quod
3445 3499 3640 3557 amicis

2057 3626 2203 3682 bene
2237 3623 2550 3679 faciendum
2588 3621 2769 3691 iisque
2828 3618 3051 3674 fortiter
3079 3612 3474 3671 adhaerendum
3529 3617 3639 3675 est,

2060 3732 2115 3788 id
2165 3746 2384 3802 quoque
2417 3731 2472 3784 in
2527 3736 2714 3784 mente
2744 3725 3103 3783 condendam
3141 3722 3290 3795 quod
3340 3716 3643 3775 dummodo

2059 3841 2310 3914 generosi
2340 3841 2536 3907 simus,
2562 3838 2812 3914 inimicis
2849 3836 2993 3892 nihil
3048 3832 3175 3889 mali
3211 3832 3499 3897 faciamus,
3531 3827 3645 3882 imo

2060 3963 2123 4008 ut
2157 3953 2542 4023 ignoscamus;
2568 3950 2654 4005 sin
2694 3951 2901 4015 minus,
2936 3948 3142 4003 bellum
3189 3953 3246 4001 et
3278 3956 3489 4014 pugnas
3517 3951 3645 3995 cum

2062 4061 2257 4133 majori
2273 4069 2537 4131 apparatu
2557 4057 2624 4114 iis
2651 4056 2973 4114 inferemus.
3012 4054 3199 4109 Talem
3228 4062 3281 4109 te
3296 4062 3514 4123 quoque
3527 4061 3649 4102 esse

2062 4168 2363 4255 oportebit,
2386 4167 2479 4223 ubi
2509 4166 2810 4223 vindictam
2833 4178 3054 4222 sumere
3083 4163 3152 4218 de
3185 4158 3517 4219 adversariis
3552 4171 3653 4211 vo-

2062 4277 2167 4335 les.
2197 4277 2333 4332 Nam
2362 4276 2406 4330 si
2439 4275 2701 4330 inimicos
2747 4282 2843 4329 aut
2870 4273 3080 4327 amicos
3118 4270 3315 4325 obvios
3342 4265 3540 4328 habes,
3568 4264 3652 4319 le-

2064 4371 2118 4441 gi
2147 4366 2667 4438 obtemperandum,
2704 4377 2759 4421 et
2788 4366 2919 4420 boni
2985 4379 3050 4418 ac
3093 4363 3327 4434 iustitia:
3385 4359 3531 4414 ratio
3559 4356 3656 4411 ha-

375 4466 557 4536 νόμων
600 4464 927 4536 είργάσθαι’
959 4464 1028 4519 ἂν
1074 4463 1132 4517 δὲ
1184 4462 1399 4517 τοιοῦτό
1431 4479 1485 4517 τι
1533 4466 1643 4516 πᾶν
1691 4466 1755 4516 ὲκ
1787 4462 1946 4528 μέσοι

2072 4479 2252 4535 benda
2288 4487 2395 4541 est,
2421 4476 2563 4533 adeo
2590 4485 2653 4531 ut
2680 4490 2878 4531 omnes
2904 4472 3074 4528 animi
3100 4470 3347 4527 bonitate
3378 4468 3568 4524 vincas
3597 4476 3657 4522 et

376 4560 772 4630 πεποιημένος,
806 4559 969 4629 μόνου
1012 4556 1107 4613 τοῦ
1140 4556 1309 4610 καλοῦ
1350 4558 1445 4610 καὶ
1476 4556 1690 4609 δικαίου
1742 4555 1967 4626 φροντί-

382 4671 500 4725 σῃς,
528 4653 746 4706 πάντων
772 4650 987 4722 ἀνδρῶν
1018 4649 1245 4721 ἄριστος
1269 4643 1411 4702 εἶναι
1450 4648 1593 4718 μήτε
1624 4650 1739 4720 τοῖς
1768 4647 1968 4717 φίλοις,

379 4750 447 4819 ἧν
500 4747 783 4811 ἀδικῶσιν,
839 4743 1145 4814 συγχωρῶν
1200 4741 1289 4795 ἐπ’
1346 4740 1560 4803 εὐνοίας
1623 4740 1696 4793 τὰ
1745 4740 1973 4793 τοιαῦτα

382 4840 751 4911 καρποῦσθαι,
791 4838 929 4907 μήτε
960 4835 1088 4896 τοὺς
1119 4832 1353 4903 ἐχθροὺς
1402 4831 1498 4897 ὑπ’
1537 4829 1837 4901 ἀπεχθείας
1868 4828 1977 4883 τῶν

385 4933 776 5006 προσηκόντων
810 4929 1041 5000 δικαίων
1064 4926 1390 4996 ἀποστερῶν
1411 4940 1427 4956 ·
1455 4924 1595 4980 ἀλλὰ
1629 4925 1727 4978 καὶ
1759 4923 1978 4987 τούτοις

386 5025 528 5087 κατὰ
581 5024 709 5087 τοὺς
766 5021 968 5089 νόμους
1028 5021 1423 5088 συμπράττων,
1473 5017 1765 5079 κάκείνους
1832 5016 1974 5085 μετὰ

386 5118 495 5173 τῶν
546 5117 728 5185 νόμων
783 5114 1023 5183 ἀνόμους
1050 5112 1314 5181 ἐλέγχων,
1346 5111 1408 5165 El
1465 5110 1572 5177 γὰρ
1600 5109 1664 5180 δὴ
1698 5107 1793 5162 καὶ
1825 5107 1975 5177 φίλοι

391 5211 754 5282 τυγχάνουσιν
798 5207 972 5273 ὄντες,
1003 5206 1143 5260 ἀλλὰ
1190 5206 1285 5260 καὶ
1334 5203 1542 5258 τούτων
1587 5205 1620 5272 ἡ
1656 5201 1975 5270 δικαιοσύνη

392 5306 536 5359 κατὰ
556 5307 649 5359 τὸν
682 5304 1007 5371 Νικόμαχον
1051 5300 1321 5370 φιλτέρα’
1362 5300 1455 5351 καὶ
1498 5298 1613 5363 ἅμα
1670 5296 1825 5365 φίλον
1881 5294 1985 5366 μά·

392 5399 529 5454 λιστ’
556 5399 623 5454 ἂν
655 5398 817 5468 ἔργον
850 5396 1105 5465 δράσαις,
1133 5393 1323 5462 φίλους
1372 5392 1576 5451 κακίας
1607 5386 1940 5458 ἁπηλλαχὼς
1963 5402 1982 5421 ο

392 5491 424 5544 δ
456 5493 715 5563 πράττειν
768 5489 868 5559 οὐχ
901 5483 1003 5543 οἷοί
1050 5502 1111 5538 τε
1159 5487 1315 5548 ὄντες
1359 5483 1669 5546 Νεοκλέους
1717 5484 1987 5551 Θεμιστο-

396 5584 532 5656 κλῆς
563 5583 661 5641 καὶ
688 5580 880 5637 Κλέων
918 5581 946 5632 ό
974 5577 1302 5633 Κλεαινέτου
1332 5577 1362 5629 ό
1397 5576 1476 5650 (Ι)
1516 5574 1617 5646 μὲν
1662 5574 1827 5645 ἡνίκα
1885 5573 1984 5627 τοῦ

1190 5710 1223 5746 ό

2068 4606 2172 4647 nec
2211 4590 2423 4653 amicis,
2477 4587 2524 4643 si
2583 4587 2726 4643 male
2779 4592 2989 4656 agunt,.
3033 4582 3322 4653 permittas
3385 4588 3446 4633 ut
3513 4577 3657 4633 male

2070 4698 2342 4754 factorum
2376 4697 2593 4752 fructus
2645 4702 2969 4766 reportent;
3002 4691 3194 4747 itidem
3244 4688 3502 4745 inimicos
3547 4700 3659 4741 non

2074 4806 2347 4879 impedies
2417 4804 2718 4877 quominus
2783 4800 3092 4874 privilegiis
3151 4798 3337 4872 justis
3379 4796 3657 4861 fruantur,

2077 4933 2297 4989 semper
2327 4916 2452 4972 illos
2484 4913 2788 4971 secundum
2818 4912 2968 4982 leges
2995 4907 3328 4973 secundans,
3346 4906 3450 4961 hos
3481 4914 3545 4961 ut
3567 4919 3665 4960 ex-

2078 5028 2231 5099 leges
2259 5028 2602 5097 vituperans.
2641 5024 2697 5081 Si
2746 5020 3089 5080 enim-amici
3124 5030 3277 5086 sunt,
3311 5032 3502 5095 eorum
3543 5014 3665 5085 jus-

2080 5142 2382 5211 titiajuxta
2413 5137 2810 5195 Nicomachum
2849 5132 3030 5205 potior
3087 5132 3218 5195 erit,
3284 5137 3345 5185 et
3375 5126 3667 5199 pulchrius

2080 5260 2233 5307 certe
2259 5263 2398 5319 opus
2433 5262 2542 5301 non
2570 5244 2741 5303 facies
2776 5233 2942 5313 quam
2998 5241 3045 5296 si
3081 5239 3288 5293 amicos
3330 5252 3362 5295 a
3393 5232 3669 5306 perversi.

2083 5369 2194 5415 tate
2216 5358 2438 5413 reducis
2459 5374 2476 5423 ;
2495 5353 2642 5426 quod
2665 5354 2848 5410 facere
2874 5351 3064 5406 datum
3088 5364 3198 5403 non
3223 5346 3327 5401 fuit
3352 5343 3671 5399 Themistm

2084 5468 2156 5524 cli
2197 5466 2436 5535 Neoclis,
2469 5475 2527 5521 et
2563 5462 2752 5519 Cleoni
2813 5460 3074 5518 Cleaeneti
3115 5457 3262 5524 filio;
3296 5469 3533 5527 quorum
3575 5453 3670 5508 hic

2086 5572 2336 5645 quidem,
2396 5586 2524 5628 cum
2591 5567 2989 5639 rempublicam
3046 5575 3329 5635 capessere
3385 5558 3667 5630 cmpisset,

469 5771 548 5841 (1)
578 5770 741 5826 Deest
792 5769 849 5827 in
879 5768 1075 5826 codice
1137 5737 1246 5823 ιιὸο
1318 5776 1547 5833 nomen,
1581 5758 1773 5818 relicta
1823 5756 2043 5814 lacuna.
2108 5754 2215 5813 Sed
2276 5763 2460 5812 tamen
2510 5750 2845 5811 Cleaznctum
2893 5744 3115 5804 Cleonis
3161 5754 3444 5816 parentem
3502 5737 3672 5817 fuisse

400 5842 625 5917 scimus.
