4018 6412
1517 210 1614 231 α·-

357 349 512 415 477'

1453 329 1736 393 ORATIO
1759 330 1860 389 DE
1904 325 2134 386 REGIS
2175 321 2532 383 OF‘FICIIS.

3512 305 3620 367 178

355 459 500 515 οὕτω
539 451 777 523 σπουδῆς
819 449 1106 520 ἀξιόχρεω,
1136 446 1212 509 ὡς
1250 445 1323 516 μὴ
1363 445 1523 512 μόνον
1577 443 1675 511 τὴν
1739 439 1939 494 ἄτοπον

2069 452 2154 491 ton
2197 445 2408 489 tantum
2443 433 2600 486 istam
2645 427 3002 482 venalitatem
3037 431 3097 478 ut
3129 419 3352 493 pessimi
3384 417 3626 489 exempli

355 548 586 620 ’ταυτηνὶ⁹
620 543 924 614 καπηλείαν
956 540 1147 611 ὥσπερ
1179 539 1311 606 ἄγος
1346 537 1446 606 τῆς
1496 534 1776 596 πολιτείας
1825 534 1940 597 ἐξε-

359 645 524 699 λάσαι
576 637 853 704 καθάπαξ,
889 637 1026 690 ἀλλὰ
1059 634 1156 688 καὶ
1182 633 1346 703 νόμον
1388 631 1570 685 θεῖναι
1628 628 1820 697 μηδενὶ
1845 625 1940 678 τοῦ

358 731 549 789 λοιποῦ
573 729 723 784 ταῦτ’
755 726 956 792 ἐξεῖναι
987 723 1263 794 παράγειν
1292 722 1350 784 ἐς
1381 719 1569 787 μέσον,
1607 715 1640 785 ἢ
1671 713 1942 767 πλείστων

359 825 684 900 Χρημάτων.
711 820 810 876 ἐὰν
851 818 951 890 μὲν
991 816 1209 884 ίδίωτης
1245 809 1303 888 ᾖ,
1334 811 1513 882 τούτῳ
1543 806 1812 877 τιμᾶσθαι
1833 821 1846 835 .
1893 805 1944 858 ει

361 919 405 976 δ’
435 918 613 980 ἄλλως
639 914 778 986 ἔχων
800 912 892 965 καὶ
925 910 1196 980 κρείττων
1227 907 1260 977 ἢ
1287 904 1465 958 ταῦτα
1489 901 1707 966 παθεῖν,
1740 900 1945 962 πάσαις

363 1015 526 1084 ἀραῖς
556 1010 900 1063 ὑποκεῖσθαι.
922 1004 1029 1058 Δύο
1056 1003 1164 1072 γὰρ
1195 1001 1263 1055 τὰ
1295 999 1473 1053 πάντα
1505 993 1727 1051 κάκιστ’
1756 991 1945 1046 ἐντεῦ-

367 1083 458 1159 θεν
511 1100 824 1172 συμΰαίνει,
870 1098 930 1150 τό
980 1113 1043 1148 τε
1089 1093 1279 1156 πόλεις
1334 1089 1556 1152 ἁπάσας
1605 1088 1700 1140 καὶ
1757 1083 1948 1155 χώρας

367 1193 746 1266 ἐπιτρίϐεσθαι
796 1191 892 1244 καὶ
939 1189 1171 1259 πάσχειν
1205 1183 1395 1247 κακῶς
1437 1181 1546 1236 ὑπὸ
1575 1178 1804 1234 τουτωνὶ
1837 1177 1948 1230 τῶν

368 1287 703 1358 θαυμαστῶν
751 1285 1045 1357 ὡνητόρων
1090 1279 1280 1351 σφόδρ’
1336 1274 1711 1346 ἐπικειμένων
1745 1289 1802 1325 τε
1853 1271 1949 1325 καὶ

366 1379 835 1452 παρανομούντων
861 1394 877 1412 ’
906 1379 1001 1432 καὶ
1041 1377 1097 1430 τί
1138 1375 1251 1445 γὰρ
1284 1373 1345 1426 οὐ
1377 1369 1702 1436 ποιούντων,
1742 1363 1947 1439 μᾶλλον

367 1478 423 1530 δὲ
478 1476 700 1529 πάντων
755 1473 850 1526 καὶ
891 1472 1068 1524 ποιεῖν
1112 1469 1209 1523 καὶ
1253 1467 1438 1534 λέγειν
1477 1463 1620 1534 ὑπὲρ
1651 1463 1746 1516 τοῦ
1777 1461 1951 1515 πλείω

371 1567 552 1624 λαῦεῖν
600 1561 676 1622 ὧν
730 1566 918 1618 ἔδοσαν
949 1558 1453 1628 άξιούντωνΑό-τε
1505 1556 1598 1610 τὸν
1649 1553 1952 1625 κρατοῦντα

372 1665 592 1736 πάντων
642 1660 850 1714 τούτων
902 1655 1204 1712 ὑπεύθυνον
1255 1625 1419 1716 εἶνατ,
1448 1648 1527 1718 τῷ
1559 1648 1949 1718 πεπρακέναι;

371 1757 434 1812 El
481 1756 591 1824 γὰρ
646 1751 825 1807 ταῦτα
886 1750 987 1820 μὲν
1036 1749 1137 1802 οὐκ
1196 1745 1264 1800 ἂν
1317 1744 1564 1815 ἐγεγόνει
1615 1741 1691 1812 μὴ
1742 1739 1953 1796 τούτων
1987 1759 2029 1814 Β

372 1810 718 1920 ἐωνῆμὲνωῆ
753 1810 1020 1913 “Nn-ww
1063 1840 1121 1895 δὲ
1177 1810 1394 1893 “umidi
1426 1810 1806 1907 ⁷βουλομένου,
1833 1836 1860 1886 ό
1895 1834 1956 1886 τὸ
2058 1810 2168 1867 mal

359 1945 602 2016 σπέρμα
648 1938 974 2012 παρασχὼν,
1025 1934 1161 2006 φησὶ
1207 1931 1584 2003 Δημοσθένης,
1651 1921 1809 1990 οὗτος
1860 1927 1957 1979 καὶ

373 2036 479 2090 τῶν
509 2035 729 2104 φύντων
769 2029 963 2093 αἴτιος.
995 2025 1273 2098 Βοήθησον
1299 2021 1482 2077 τοίνυν
1510 2024 1604 2076 καὶ
1643 2018 1829 2085 σαυτῷ
1861 2018 1957 2071 καὶ

371 2133 556 2205 ἡμῖνη
595 2126 745 2198 ἡμᾶς
799 2124 908 2193 μὲν
951 2136 1226 2188 τοσαυτης
1279 2113 1672 2187 ἐξαιρούμενος
1727 2111 1955 2184 βλάϐης,

375 2222 572 2301 σαυτὺν
599 2221 657 2273 δὲ
690 2217 785 2271 τοῦ
819 2234 877 2269 τε
909 2213 1098 2278 κακῶς
1127 2209 1371 2276 ἀκούειν,
1391 2208 1486 2262 τοῦ
1522 2225 1582 2261 τε
1611 2205 1720 2260 τῶν
1740 2203 1958 2260 οἰκείων

370 2311 548 2370 δοκεῖν
575 2307 713 2365 εἶναι
749 2308 1036 2380 προδότην.

441 2407 510 2462 χ’.
542 2407 615 2459 Σὺ
639 2405 696 2459 δὲ
726 2404 820 2456 καὶ
853 2400 1011 2454 τοῦτο
1043 2399 1246 2462 παντὸς
1284 2395 1488 2466 μᾶλλον
1516 2392 1774 2465 φύλαξαι,
1802 2392 1959 2462 βασι-

373 2502 487 2570 λεῦ,
522 2501 616 2555 καὶ
650 2499 725 2570 μὴ
754 2499 867 2560 τοῖς
906 2494 1011 2564 πρὸ
1057 2491 1152 2547 σοῦ
1187 2490 1472 2562 βασιλεῦσι
1523 2487 1705 2558 πάθῃς
1737 2483 1956 2546 ταυτὸν,

379 2596 514 2666 μηδέ
564 2592 673 2647 τῶν
732 2588 1050 2656 ὀπηδὴποτε
1105 2585 1210 2654 γῆς
1261 2579 1557 2650 θησαυρῶν
1629 2574 1957 2647 εὑρημένων

377 2688 614 2759 ἀξιώσῃς
646 2683 807 2745 αὐτὸς
837 2681 958 2734 ἀντὶ
991 2678 1099 2731 τῶν
1138 2675 1408 2746 εὑρόντων
1448 2670 1639 2741 κύριος
1692 2667 1862 2720 εἶναι’
1899 2666 1958 2719 ὅν

377 2747 441 2847 γε
473 2747 582 2830 καί·
604 2768 876 2843 θησαυρὸν
905 2771 1020 2830 τοῖς
1059 2764 1163 2818 ὑπὸ
1197 2763 1358 2833 χεῖρα
1393 2758 1598 2830 μᾶλλον
1625 2756 1763 2825 χρῆν
1790 2747 1954 2814 εἶναι,

375 2840 436 2924 τό
461 2885 521 2920 τε
567 2840 841 2924 πλείστοις
877 2859 1024 2919 ὅσοις
1057 2856 1309 2926 χρήμασι
1347 2847 1754 2922 περιρρεῖσθαι,
1784 2843 1863 2912 τῷ
1910 2840 1958 2894 θ’

379 2961 627 3022 ἅπαντας
675 2949 734 3008 εὖ
771 2952 948 3006 ποιεῖν
997 2949 1090 3002 τὸν
1142 2947 1362 3000 ἅπαντα
1419 2942 1613 3013 χρόνον
1667 2937 1820 3006 παρὰ
1859 2934 1959 3002 τῆς

380 3048 555 3119 ἀρχῆς
593 3039 947 3101 ἀπαιτεῖσθαι
977 3053 990 3070 ο
1044 3034 1317 3105 τοσαύτης
1348 3032 1458 3103 γάρ
1505 3031 1654 3082 ἐστιν
1701 3025 1957 3087 ἀτοπίας.

2045 565 2158 605 rem
2193 565 2225 604 e
2284 545 2566 616 republica
2597 541 2807 612 ejicies,
2841 539 2954 594 imo
2988 538 3161 608 legem
3225 537 3372 590 feres
3400 543 3624 588 contra-

2041 665 2327 720 venieutes
2356 657 2646 716 dirissimis
2677 656 2859 728 pennis
2890 654 3300 725 subjicientem.
3335 651 3453 705 Duo
3475 647 3624 702 enim

2049 778 2286 832 maxime
2321 774 2452 829 inde
2495 770 2826 842 proveniunt
2889 785 2908 822 :
2969 767 3190 822 urbium
3224 779 3288 818 ac
3335 761 3626 832 regionum

2053 891 2232 948 tristis
2270 889 2453 956 ruina,
2487 887 2556 943 ab
2588 883 2906 943 inhumanis
2937 882 3058 938 istis
3092 877 3467 940 exactoribus,
3495 873 3633 942 Equi-

2046 1010 2150 1066 bus
2182 1007 2320 1062 nihil
2359 1005 2579 1068 durius,
2610 1001 2828 1058 effecta.
2864 999 3006 1066 Quid
3033 997 3182 1052 enim
3214 993 3348 1049 mali
3395 990 3488 1046 ἱειί
3546 989 3633 1043 in-

2047 1131 2320 1180 tentatum
2361 1117 2724 1188 relinquent?
2751 1115 2846 1186 qui
2904 1113 2960 1169 id
2991 1126 3161 1166 unum
3204 1125 3300 1166 ore
3349 1115 3406 1163 et
3461 1084 3630 1160 manu

2047 1246 2220 1308 agunt
2251 1243 2314 1291 ut
2345 1234 2471 1304 plus
2503 1231 2771 1300 recipiam
2809 1243 2973 1297 quam
3012 1225 3306 1287 dederunt,
3344 1230 3400 1276 et
3440 1230 3502 1274 ut
3535 1219 3632 1289 qui

2045 1355 2171 1425 jure
2200 1349 2450 1421 possidet
2485 1344 2870 1406 nsurariorum
2903 1341 3134 1397 victima
3184 1335 3390 1393 cadat?
3434 1333 3567 1400 Quae
3587 1332 3637 1386 si

2049 1481 2160 1522 non
2191 1474 2320 1520 ante
2351 1462 2544 1517 oculos
2570 1468 2789 1514 nostros
2813 1456 3028 1518 tierent,
3053 1466 3162 1505 non
3191 1455 3438 1518 segetum
3470 1443 3636 1499 simul

2054 1595 2120 1636 ac
2155 1578 2462 1638 fructuum,
2521 1581 2584 1628 ut
2615 1571 2693 1626 ait
2729 1565 3148 1627 Demosthenes,
3204 1561 3418 1630 jactura
3452 1554 3640 1625 deplo-

2057 1702 2293 1750 raretur.
2320 1691 2503 1757 Quare
2523 1686 2671 1741 salve
2686 1689 2814 1737 ette
2841 1689 2897 1734 et
2917 1691 3048 1742 nos;
3081 1688 3182 1729 nos
3207 1670 3454 1740 quidem,
3486 1672 3641 1720 tanto

2171 1825 2204 1863 ο
2259 1804 2530 1875 eripiens,
2562 1810 2614 1855 te
2674 1797 2877 1866 ipsum,
2937 1791 3140 1845 bonam
3173 1782 3380 1841 famam
3419 1792 3644 1836 conser-

2058 1939 2194 1978 vans
2258 1931 2316 1976 et
2346 1913 2589 1988 perﬁdiae
2643 1907 3021 1981 suspicionem
3050 1899 3334 1971 rejiciens.

2128 2373 2223 2430 20.
2247 2370 2329 2426 Tu
2352 2383 2508 2433 vero,
2529 2381 2646 2432 rex,
2663 2364 2717 2419 id
2735 2371 2862 2417 ante
2888 2355 3074 2414 omnia
3104 2351 3336 2412 vide.ne
3365 2344 3513 2401 idem
3544 2331 3648 2391 tibi

2061 2483 2210 2556 quod
2240 2475 2744 2554 praedecessoribus
2776 2471 2887 2529 tuis
2910 2467 3144 2526 accidat.
3174 2463 3234 2518 Si
3268 2457 3418 2516 enim
3445 2445 3648 2508 alicubi

2061 2613 2333 2658 terrarum
2395 2593 2639 2650 thesauri
2697 2588 3068 2660 reperiuntur,
3113 2590 3172 2638 tu
3235 2577 3450 2649 primus
3485 2579 3653 2626 oceu-

2059 2731 2199 2788 pans
2237 2729 2364 2772 esse
2406 2711 2596 2767 debes.
2630 2708 2738 2764 lste
2770 2705 2918 2762 enim
2955 2701 3247 2756 thesaurus
3299 2692 3356 2747 in
3389 2691 3650 2760 promptu

2061 2845 2186 2887 esse
2215 2827 2381 2884 debet
2409 2832 2466 2879 et
2492 2820 2640 2878 tradi
2663 2817 2864 2874 atrario
2903 2813 3083 2882 regio,
3143 2807 3290 2864 unde
3319 2803 3386 2858 ad
3444 2797 3654 2855 auxilia

2062 2943 2290 3004 ferenda
2349 2953 2606 3012 promere
2636 2933 2835 3006 possis.
2888 2927 3243 2986 Contrarium
3275 2919 3424 2977 enim
3455 2915 3654 2971 absur-

2071 3060 2228 3127 dum,
2247 3056 2480 3128 impium
2511 3061 2598 3110 est
2626 3058 2685 3106 et
2715 3047 2838 3105 usui
2869 3050 3095 3114 recepto
3112 3044 3405 3109 repugnat.
3431 3031 3490 3086 Si
3506 3029 3655 3086 enim

381 3143 456 3206 ὡς
493 3141 653 3214 μόνον
710 3137 870 3191 τοῦτο
903 3133 1013 3187 τῶν
1064 3130 1286 3184 πάντων
1349 3121 1712 3198 μηδηντινοδν
1762 3116 1964 3190 παραί·
1992 3111 2036 3170 ο
2068 3111 2350 3214 ἑξρἷλπξ
2402 3172 2586 3214 nm...
2639 3170 2702 3214 ιιι
2739 3111 3034 3214 thesaurus
3065 3152 3188 3209 sine
3244 3147 3340 3204 Dei

2068 3171 2194 3227 ﬁeri
2230 3184 2343 3224 non
2402 3172 2586 3238 potest
2639 3170 2702 3218 ut
2739 3159 3034 3215 thesaurus
3065 3152 3193 3209 sine,
3244 3147 3344 3204 Dei
3373 3144 3659 3198 voluntate

380 3253 536 3309 τησιν
565 3236 759 3304 ἴσχειν,
788 3227 904 3282 ἀλλ’
929 3220 1078 3280 εἶναι
1109 3219 1369 3288 καθάπαξ
1415 3215 1695 3288 θεομισὲς,
1725 3213 1822 3269 καὶ
1851 3215 1964 3277 τοῖς

383 3305 576 3398 ἐκείνῳ
600 3322 820 3379 δοκοῦσι
868 3317 1199 3389 μαχόμενον.
1232 3313 1296 3367 El
1345 3313 1454 3383 γάρ
1485 3311 1586 3396 οὐχ
1635 3305 1750 3363 οἷόν
1778 3324 1838 3360 τε
1871 3305 1968 3375 θη..

384 3393 591 3498 σαυρῦν
658 3421 719 3474 τὸ
780 3417 1044 3482 παράπαν
1115 3410 1374 3483 εὑρέσθαι
1449 3393 1537 3477 μή
1598 3399 1968 3475 χορηγοῦντος

384 3489 539 3581 Θεοῦ,
563 3512 745 3568 δίδωσι
784 3509 841 3563 δὲ
872 3507 932 3561 ὃν
957 3505 1024 3560 ἂν
1055 3504 1222 3567 αὐτὸς
1255 3498 1553 3570 δοκιμάσῃ,
1587 3495 1749 3563 ὑμεῖς
1786 3491 1845 3556 δέ
1872 3489 1968 3544 καὶ

386 3609 540 3677 πρὶν,
590 3606 667 3669 ὡς
729 3605 926 3668 εἰπεῖν,
976 3596 1341 3660 καταθέσθαι,
1389 3592 1616 3653 τούτους
1664 3584 1968 3660 ἁρπάζετε,

387 3704 506 3766 πῶς
532 3701 594 3755 οὐ
617 3701 736 3764 ταῖς
765 3697 935 3759 θείαις
964 3692 1203 3763 ἀτεχνῶς
1220 3682 1699 3743 άντιπολιτεύεσθε
1725 3679 1928 3750 ψήφοις
1954 3691 1968 3742 ;

387 3796 425 3853 ά
453 3797 630 3856 κεῖνος
668 3789 872 3858 ὁτῳοῦν
927 3787 1036 3856 ἰδίᾳ
1085 3783 1354 3856 παρέσχε,
1389 3777 1544 3834 ταῦθ’
1579 3777 1741 3846 ἡμεῖς
1784 3769 1972 3840 βιαίως

392 3883 836 3958 σφετεριξάμενοι
864 3879 1104 3948 ’.ὥσπερ
1135 3876 1238 3947 τὴν
1290 3873 1420 3944 περὶ
1458 3867 1666 3923 τούτων
1700 3862 1797 3917 τοῦ
1833 3859 1972 3914 Θεοῦ

392 3951 706 4048 διαγνῶμην
765 3968 1264 4041 ἐπανορθούμενοι,
1327 3962 1423 4017 καὶ
1473 3960 1635 4030 μόνον
1692 3957 1755 4009 οὐ
1809 3951 1972 4009 τοῦτο

395 4042 758 4141 βοιῦντεςξότι
791 4065 914 4119 Τῶν
939 4059 1235 4134 θησαυρῶν
1262 4057 1398 4130 ἡμῖν
1427 4042 1842 4124 προσηκόντων,
1874 4048 1901 4100 ὁ
1928 4043 1978 4099 δὶ

394 4137 603 4234 ἐτέροις
655 4159 898 4232 παρέσχε
927 4172 943 4189 ο
993 4155 1021 4210 δ
1069 4152 1168 4208 καὶ
1221 4149 1492 4221 θαυμάζω
1523 4147 1571 4198 εἰ
1601 4146 1715 4207 τοῖς
1743 4140 1843 4214 μὲν
1882 4137 1975 4208 ὑφ’

395 4256 548 4324 ὑμῶν
598 4249 659 4309 εῦ
713 4249 1011 4307 πεπονθόσι
1040 4249 1135 4303 ἐάν
1181 4263 1264 4308 τις
1296 4239 1585 4313 ἐπηρεάζῃ
1633 4234 1868 4291 καὶτῶν
1894 4233 1979 4286 δο-

395 4322 598 4405 θέντων
619 4343 920 4414 ἀποστερῇ,
951 4340 1210 4410 πολέμιον
1242 4331 1432 4390 τοῦτον
1464 4330 1711 4403 ἡγεῖσθε,
1739 4327 1893 4382 αὐτοὶ
1921 4322 1978 4385 δὲ

393 4441 466 4493 τὰ
489 4441 659 4511 χείρω
693 4413 926 4506 δρῶντες
982 4430 1078 4484 καὶ
1111 4427 1249 4497 πρὸς
1292 4423 1427 4479 Θεὸν
1457 4419 1703 4488 ὡσπερεὶ
1728 4417 1820 4470 διὰ
1854 4413 1978 4468 τού-

393 4500 523 4584 των,
556 4500 910 4595 άνταίροντες
963 4521 1180 4592 χεῖρας,
1236 4516 1298 4569 οὐ
1353 4511 1684 4581 προτιμᾶτε.
1739 4504 1813 4558 Ού
1867 4500 1979 4571 γάρ

395 4621 538 4691 ὑπὲρ
576 4617 669 4672 τοῦ
703 4616 854 4685 κοινῇ
890 4609 1302 4670 λυσιτελοῦντος
1334 4603 1490 4658 ταῦτ’
1537 4603 1716 4672 ἐρεῖτε
1761 4595 1979 4665 λαμῦάο

393 4683 528 4776 νειν,
550 4708 672 4762 οὐδὲ
707 4683 1051 4776 στρατόπεδα
1075 4701 1171 4754 καὶ
1198 4696 1503 4766 πρεσϐείας
1537 4691 1635 4744 καὶ
1661 4687 1850 4749 πόλεις
1883 4683 1979 4737 καὶ⁵

394 4807 531 4858 ἅττα
563 4801 743 4857 τοιάδε
773 4795 1152 4868 προστήσεσθε
1181 4811 1194 4824 ·
1229 4791 1366 4845 ἀλλὰ
1396 4789 1634 4859 μάλιστα
1670 4784 1770 4854 μὲν
1802 4780 1978 4843 οὐδεὶς

395 4897 546 4968 ὑμῖν,
567 4889 745 4965 οἶμαι,
766 4891 876 4945 τῶν
895 4890 1114 4944 πάντων
1139 4882 1398 4957 προσέξει
1421 4880 1510 4933 τὸν
1533 4877 1680 4940 νοῦν,
1711 4875 1776 4928 ἂν
1803 4869 1981 4926 ταῦτά

394 4963 462 5056 γε
502 4963 666 5056 φῆτε,
699 4984 810 5039 τῶν
839 4979 1118 5054 δημοσίων
1145 4975 1452 5048 χρημάτων
1485 4969 1584 5024 καὶ
1623 4967 1807 5038 φόρων
1837 4963 1977 5034 πρὸς

396 5077 495 5150 τὴν
548 5076 754 5130 τούτων
798 5073 1110 5127 συντέλειαν
1150 5069 1246 5122 καὶ
1293 5061 1652 5136 παρασκευὴν
1708 5058 1801 5111 καλ¹
1855 5055 1986 5126 μάλὶ

397 5169 765 5240 ἀποχρώντων
830 5163 1002 5218 πάλαι
1066 5179 1125 5215 τε
1187 5159 1544 5228 τεταγμένων
1626 5152 1820 5205 τοῦτον
1887 5147 1980 5200 τὸν

400 5263 622 5334 τρόπον,
670 5259 765 5313 καὶ
800 5258 971 5312 ὄντων
1015 5256 1124 5321 ἀεὶ,
1160 5253 1252 5306 καὶ
1289 5253 1387 5320 τὴν
1419 5245 1727 5314 ἀναγκαίαν
1771 5243 1983 5313 μήποτε

401 5354 606 5424 ταύτην
654 5350 1050 5410 ἐκλελοιπότων
1091 5345 1306 5424 φοράνο
1349 5337 1419 5414 ἦς
1451 5339 1730 5398 ἀδυνάτως
1776 5334 1983 5388 παντά-

402 5463 571 5500 πασιν
621 5443 900 5516 ίσχούσης,
931 5440 1218 5511 θησαυροὶ,
1257 5435 1332 5506 τῷ
1379 5452 1461 5488 τε.
1486 5432 1631 5486 κατὰ
1672 5431 1777 5500 γῆν
1822 5429 1984 5482 πάντ’

403 5535 544 5594 εἶναι
572 5539 664 5591 τὸν
697 5537 911 5608 χρόνον,
941 5534 1020 5604 τῷ
1057 5534 1102 5586 τ’
1134 5533 1404 5602 ἐμφανεῖς
1459 5524 1792 5580 οἱστισινοῦν
1827 5540 1988 5592 γεγο-

405 5633 558 5694 νότες
610 5631 767 5696 πᾶσι,
799 5629 894 5682 καὶ
949 5624 1124 5690 οὕτως
1156 5623 1311 5678 οὐδὲν
1359 5617 1524 5693 ἦττον
1581 5618 1814 5686 ἀφανεῖς
1844 5611 1986 5668 εἶναι

407 5726 519 5788 τοῖς
550 5721 729 5784 ἄλλοις
757 5721 850 5776 καὶ
876 5718 1172 5789 φανθέντες
1194 5717 1479 5770 λανθάνειν
1505 5729 1520 5746 ο
1549 5711 1724 5780 ὀλίγοι
1750 5711 1807 5763 δέ
1838 5725 1989 5770 τινες

411 5815 606 5888 κομιδῆ
659 5813 752 5868 καὶ
797 5813 952 5887 μόλις
997 5810 1126 5865 ποτὲ
1165 5806 1316 5880 eam
1373 5805 1626 5859 πλείστου
1677 5803 1789 5864 τοῖς
1821 5800 1988 5853 πᾶσιν

2068 3284 2408 3350 eﬂ‘odiatur;
2458 3289 2514 3336 et
2546 3291 2671 3334 cum
2708 3275 2857 3330 Deus
2918 3269 3008 3327 cui
3043 3267 3161 3322 vult
3191 3258 3522 3322 distribuit,
3558 3268 3662 3309 vos

2067 3409 2252 3459 autem
2276 3413 2406 3453 eum
2446 3395 2536 3450 vix
2567 3389 2882 3461 depositum
2922 3381 3140 3455 rapitis,
3195 3391 3382 3433 nonne
3401 3368 3662 3428 Numinis

2071 3511 2240 3570 divini
2270 3507 2546 3566 voluntati
2583 3496 2917 3561 contraitis?
2969 3492 3130 3561 Quod
3181 3488 3332 3545 enim
3368 3485 3514 3539 Deus
3541 3480 3660 3534 sin-

2072 3627 2217 3700 gulis
2247 3621 2564 3694 impcrtitus
2592 3627 2701 3683 est,
2752 3627 2855 3670 nos
2888 3611 2942 3666 vi
2994 3605 3244 3664 adhibita
3304 3602 3361 3657 in
3403 3606 3662 3654 nostrum

2071 3743 2343 3802 vertimus
2373 3751 2559 3804 usum,
2611 3730 2854 3788 divinam
2884 3727 2966 3781 sic
2991 3723 3330 3778 voluntatem
3357 3707 3662 3770 correcturi

2074 3879 2145 3920 ac
2172 3866 2387 3916 tantum
2411 3869 2525 3910 non
2553 3851 2665 3908 alta
2706 3862 2842 3904 voce
2876 3845 3178 3902 clamantes
3206 3832 3355 3906 quod
3411 3823 3662 3883 thesauri

2078 3978 2206 4049 jure
2231 3969 2408 4030 nostri
2425 3967 2549 4024 aliis
2574 3966 2686 4022 sint
2716 3959 2926 4018 traditi.
2955 3956 3138 4024 Quare
3170 3950 3342 4005 miror
3361 3944 3508 4016 quod
3535 3955 3664 3997 eum

2079 4088 2179 4162 qui
2211 4081 2813 4160 aliquem‘vestratium
2842 4070 3140 4131 oﬂ‘enderit
3168 4063 3381 4122 inimici
3411 4060 3536 4115 loco
3565 4055 3666 4110 ha-

2080 4202 2246 4268 betis,
2276 4199 2383 4270 ipsi
2407 4211 2540 4253 vero
2561 4193 2656 4265 qui
2688 4191 2877 4264 pejora
2905 4179 3238 4257 operamini,
3269 4190 3370 4246 pro
3394 4172 3521 4228 istis
3552 4182 3668 4223 ma-

2079 4331 2190 4373 nus
2230 4313 2300 4368 ad
2328 4311 2502 4365 Deum
2531 4303 2841 4378 porrigitis.
2883 4297 3006 4354 Non
3031 4295 3181 4350 enim
3244 4304 3345 4359 pro
3375 4287 3525 4341 bono
3555 4296 3659 4350 pu-

2084 4431 2230 4488 blico
2257 4428 2376 4484 hac
2400 4440 2501 4480 vos
2525 4422 2714 4477 facere
2733 4414 2940 4478 dicitis,
2967 4425 3078 4466 non
3105 4418 3166 4463 ut
3199 4383 3387 4470 legati,
3427 4398 3666 4453 militum

2084 4544 2257 4600 duces
2314 4538 2538 4595 urbium
2574 4529 2818 4605 praefecti
2870 4523 3139 4581 evadatis.
3196 4518 3448 4574 Attamen
3505 4523 3669 4566 nemo

2051 4661 2245 4718 'vobis
2272 4659 2389 4713 haec
2413 4649 2728 4709 dicentibus
2753 4642 2915 4698 ﬁdem
2953 4635 3198 4693 habebit.
3236 4631 3372 4688 Nam
3406 4626 3535 4683 inde
3596 4623 3668 4692 ab

2084 4773 2235 4832 omni
2269 4781 2515 4838 tempore
2546 4759 2780 4834 pecunia
2816 4750 3107 4810 tributaria
3151 4748 3208 4803 in
3237 4745 3497 4804 aerarium
3528 4738 3674 4794 redi.

2083 4888 2198 4949 bat,
2221 4891 2277 4938 et
2330 4889 2608 4947 nunquam
2654 4866 2941 4938 vectigalia
2987 4862 3126 4919 solvi
3176 4863 3486 4916 cessarunt.
3527 4851 3674 4918 Tbe-

2085 4999 2236 5057 sauri
2286 4994 2455 5066 igitur
2490 4987 2698 5058 ubique
2723 4993 2992 5042 terrarum
3013 4986 3071 5034 et
3108 4974 3260 5030 nullo
3289 4987 3398 5027 non
3425 4977 3674 5037 tempore

2090 5115 2145 5169 in
2193 5108 2490 5166 manifesto
2514 5112 2570 5159 et
2595 5101 2653 5157 in
2682 5097 2903 5154 occulto
2941 5106 3068 5150 esse
3099 5096 3332 5162 possunt
3372 5083 3518 5155 apud
3553 5096 3681 5135 om-_

2088 5221 2580 5286 nes.,Thesaurum
2632 5213 2817 5280 itaque
2863 5207 3135 5263 incertum
3170 5200 3295 5273 quis
3347 5196 3415 5251 ad
3470 5195 3683 5256 bonum

2087 5349 2383 5396 commune
2415 5328 2687 5402 prolicere
2711 5319 3015 5380 declarabit
3039 5318 3063 5372 ’ἒ
3091 5317 3212 5384 Quo
3235 5321 3396 5383 pacto
3429 5308 3554 5401 deoin
3579 5283 3683 5366 eos

2087 5450 2184 5522 qui
2213 5450 2294 5504 sic
2326 5461 2386 5502 se
2435 5441 2663 5508 habent,
2715 5437 2928 5495 bonum
2983 5431 3268 5505 publicum
3322 5425 3584 5498 adjuvare
3612 5429 3676 5486 et

2088 5565 2305 5622 civibus
2337 5559 2452 5616 suis
2486 5557 2650 5612 utiles
2698 5566 2820 5608 esse
2851 5547 3092 5606 dixerit?
3118 5543 3362 5600 Minime.
3419 5538 3526 5594 Sed
3589 5533 3679 5600 lae

2093 5689 2154 5736 ut
2199 5675 2336 5733 illud
2369 5674 2550 5730 facere
2576 5667 2814 5742 possint,
2869 5679 3003 5722 num
3039 5677 3163 5718 cum
3199 5659 3345 5715 bona
3382 5670 3482 5726 spe
3521 5654 3674 5724 justo,

2091 5805 2148 5853 et
2181 5793 2355 5866 probe
2383 5787 2595 5860 agendo
2625 5783 2952 5858 precedent,
3015 5795 3085 5838 an
3132 5773 3493 5852 iniustissima
3526 5781 3675 5855 quea
