4018 6416
343 386 444 456 481

346 594 484 656 λέως
528 590 935 660 ἐξελήλεγκται,
964 591 1062 654 νὼς
1112 591 1250 662 μηδέ
1312 592 1426 655 τοῖς
1481 592 1923 660 ἐπιγιγνομένοις

346 686 549 753 ἐξεῖναι
577 684 882 739 λανθάνειν.

418 779 529 836 κα’.
570 779 678 832 Καὶ
717 779 823 848 μὴν
856 777 950 830 καὶ
977 776 1037 830 τὸ
1064 777 1173 840 τοῖς
1204 774 1491 846 ὑπηκόοις,
1529 775 1749 828 ἐπειδᾶν
1778 776 1930 845 ἡστι-

349 874 541 927 νοσοῦν
572 871 991 942 καταλαϐούσης
1017 871 1263 940 ἀνάγκης
1298 869 1547 939 ἀπορῆτε
1595 869 1925 941 χρημάτων,

349 968 522 1022 ἔπειτ’
556 966 816 1037 εἰσφορὰς
840 964 1175 1028 ἐπιτάττειν,
1205 964 1301 1016 καὶ
1327 961 1395 1014 δι’
1438 961 1621 1015 αὐτῶν
1654 959 1928 1029 αἱρεῖσθαι

349 1065 419 1115 τὰ
482 1062 674 1115 δέοντα
734 1060 1017 1128 πράττειν,
1054 1056 1173 1118 πῶς
1221 1058 1322 1109 οὑκ
1379 1054 1621 1125 ἀτεχνῶς
1645 1052 1846 1124 βίαιον,
1893 1052 1927 1121 ἢ

352 1157 469 1219 πῶς
499 1156 599 1207 οὐκ
636 1152 740 1220 ἔξω
771 1155 868 1222 τῆς
921 1150 1051 1219 παρ’
1096 1151 1252 1220 ὑμῶν
1282 1147 1643 1217 ὀφειλομένης
1690 1146 1932 1200 τουτοισὶ

355 1246 738 1319 προμηθείας;
782 1245 877 1296 καὶ
920 1242 948 1295 ὂ
998 1241 1189 1294 τούτου
1235 1239 1442 1309 μεῖζον,
1480 1238 1612 1308 πρίν
1642 1237 1694 1306 γ’
1737 1236 1803 1290 ἂν
1834 1235 1933 1289 αύ-

354 1343 479 1401 τοὺς
507 1332 565 1390 εὖ
614 1335 864 1405 ποιῆσαι,
898 1333 964 1386 δι’
995 1327 1069 1385 ὧν
1108 1329 1249 1399 ὑπὲρ
1281 1327 1460 1381 αὐτῶν
1495 1326 1651 1380 ταῦτ’
1681 1328 1932 1379 ἀπαιτεῖν

355 1427 711 1490 διατείνεσθε,
745 1426 975 1495 φθάνετε
1009 1422 1196 1485 κακῶς
1226 1420 1450 1482 τούτους
1501 1417 1785 1479 ποιοῦντες
1814 1417 1933 1479 ταῖς

355 1528 636 1595 εἰσφοραῖς
666 1542 679 1556 ·
711 1525 761 1575 εί
799 1523 898 1593 μὲν
923 1520 1033 1590 γὰρ
1060 1520 1162 1573 οὐκ
1202 1513 1292 1588 ἦν,
1326 1519 1427 1569 οὐκ
1476 1515 1603 1583 ἐνῆν
1626 1513 1848 1567 ὁθενοῦν
1873 1512 1935 1565 τὸ

358 1622 622 1690 παράπαν
645 1620 905 1689 χρήματα
948 1611 1304 1684 πεπορίσθαι,
1339 1607 1567 1671 εἰκότως
1612 1607 1678 1661 ἂν
1724 1606 1938 1674 εἰσέφε-

361 1734 451 1787 ρον
479 1708 643 1767 οῦτοι.
678 1712 738 1763 Ei
771 1710 815 1762 δ’
852 1709 970 1761 ἐστι
1023 1707 1121 1777 μὲν
1157 1704 1324 1767 πολὺς
1362 1704 1418 1756 ἐν
1453 1700 1772 1776 κειμηλίοις.
1796 1716 1935 1769 χρυ-

1423 386 1707 448 OBATIO
1748 388 1849 448 DE
1878 386 2109 448 REGIS
2150 386 2505 453 OFFICIIS.

348 500 444 556 σοῦ
474 497 654 563 καλῶς
687 496 777 552 τοῦ
808 496 967 553 πάντ’
1010 499 1240 570 ἀρίστου
1289 497 1383 550 καὶ
1416 488 1737 567 θαυμαστοῦ
1770 498 1927 569 βασι·
1956 504 2007 560 Α

2096 791 2187 845 21.
2242 789 2380 845 illud
2415 802 2655 860 quoque,
2687 789 2835 859 qu’od
2889 788 2944 845 in
2977 789 3228 861 pecunia:
3270 792 3503 861 penuria
3544 793 3615 849 ad

2032 906 2385 962 subditorum
2419 920 2553 975 opes
2603 904 2915 971 recurrilis,
2953 921 3063 960 non
3115 906 3237 961 sine
3291 908 3345 962 vi
3377 909 3621 979 quadam

2034 1020 2152 1074 fieri
2191 1021 2352 1083 solet,
2377 1033 2480 1074 nec
2503 1034 2649 1073 cura:
2678 1028 2926 1088 paterna:
2978 1035 3140 1089 quam
3201 1019 3322 1075 istis
3381 1020 3621 1084 debetis,

2033 1136 2309 1190 convenit.
2362 1134 2515 1188 Adde
2546 1132 2693 1203 quod
2742 1133 2899 1202 prius
2946 1148 3111 1202 quam
3147 1132 3283 1202 ipsis
3314 1132 3454 1188 bene
3492 1133 3621 1187 faci-

2033 1250 2127 1316 tis,
2152 1248 2533 1305 exactionibus
2576 1247 2776 1303 vestris
2819 1248 2959 1303 male
2991 1248 3058 1302 iis
3089 1245 3295 1313 facitis,
3329 1246 3479 1316 quod
3532 1247 3619 1300 vel

2032 1381 2145 1419 non
2177 1364 2354 1419 coacti
2387 1362 2652 1417 tributum
2676 1361 2973 1415 solverent.
3007 1357 3113 1414 Ubi
3144 1367 3326 1413 autem
3360 1372 3619 1427 maguum

2036 1481 2155 1538 auri
2190 1478 2425 1550 pondus,
2458 1474 2672 1546 argenti
2695 1484 2750 1529 et
2770 1473 3017 1542 lapidum
3048 1472 3422 1541 pretiosorum
3447 1470 3624 1525 abun-

2034 1587 2220 1643 dantia
2241 1586 2307 1640 ad
2334 1586 2616 1656 publicum
2646 1598 2806 1638 usum
2827 1591 2913 1637 est
2943 1583 3240 1643 destinata,
3268 1581 3515 1651 ubiprim
3529 1597 3619 1635 um

2038 1716 2225 1757 rerum
2256 1699 2526 1771 angustiae
2568 1704 2782 1768 urgent,
2816 1695 2898 1751 fas
2925 1711 3035 1752 non
3066 1704 3151 1749 est
3181 1694 3306 1750 aliis
3342 1709 3507 1764 quam
3538 1694 3620 1748 le-

360 1812 473 1869 σὸς.
508 1807 623 1860 ἔστι
670 1805 724 1856 δὲ
771 1803 1009 1872 ἄργυρος
1041 1801 1133 1851 καὶ
1156 1798 1321 1850 λίθων
1373 1794 1661 1865 ὑπερφυὴς
1703 1791 1936 1861 ἀφθονία

2041 1816 2245 1886 gitimis
2300 1812 2677 1869 rationibusa
2737 1811 2952 1865 civibus
3006 1809 3299 1879 pecuniam
3356 1822 3613 1877 poscere.

362 1896 695 1959 πολυτελῶν,
730 1895 911 1948 πάντα
940 1893 998 1944 δὲ
1025 1889 1181 1943 ταῦθ’
1214 1889 1354 1959 ὑπὲρ
1384 1885 1478 1939 τοῦ
1519 1887 1673 1957 κοινῇ
1722 1884 1938 1937 λυσιτε-

356 1994 577 2052 λοῦντος
623 1992 681 2043 ἐν
724 1988 801 2056 τῷ
846 1986 939 2039 τοῦ
975 1982 1173 2054 καιροῦ
1218 1981 1471 2035 καλοῦντι
1507 1975 1936 2049 παρεσκευάσθη

355 2084 681 2153 τοεξαρχῆς,
722 2078 826 2134 ποῦ
876 2079 1088 2132 δίκαιον
1143 2074 1302 2129 ταῦθ’
1354 2072 1725 2141 ὑπερϐάντας,
1768 2070 1805 2123 θ.
1861 2058 1937 2140 μὴ

359 2177 606 2248 προσῆκε
639 2174 879 2237 διώκειν,
906 2171 999 2222 καὶ
1029 2168 1103 2239 μὴ
1130 2169 1252 2230 ταῖς
1275 2165 1519 2234 εὐλόγοις
1545 2166 1637 2217 καὶ
1669 2163 1941 2231 τεταγμέ-

354 2288 477 2333 ναις
527 2268 805 2336 ἀφορμαῖς
858 2264 1066 2317 ἐθέλειν
1115 2258 1458 2331 κεχρῆσθαι,
1491 2257 1607 2310 ἀλλ’
1656 2256 1939 2326 ἑτέρωθεν

354 2363 541 2431 ζητεῖν
576 2360 634 2412 τὸ
668 2358 769 2427 τῆς
798 2356 988 2428 χρείας
1030 2353 1264 2424 ἑστηκὸς
1293 2351 1661 2421 θεραπεύειν;
1690 2349 1803 2401 Καὶ
1831 2350 1940 2418 μὴν

358 2457 408 2508 εί
437 2454 511 2524 μὴ
540 2451 749 2513 τούτοις
784 2449 1020 2502 ἐνταῦθα
1046 2446 1371 2517 χρησόμεθα
1410 2444 1603 2515 δήπου,
1635 2443 1812 2509 ἔγωγε
1841 2442 1942 2512 οὐχ

359 2546 489 2617 ὁρῶ.
525 2545 682 2611 Παρὰ
722 2543 897 2595 πάντα
927 2541 974 2594 δ’
1005 2541 1185 2593 ἐκεῖνο
1211 2539 1375 2607 λέγω,
1405 2537 1480 2601 ὡς
1510 2537 1559 2588 εί
1594 2537 1692 2604 μὲν
1723 2535 1826 2604 τῆς
1856 2537 1939 2598 είς

360 2638 530 2694 ἔπειθ’
562 2637 749 2690 εἵνεκα
782 2633 970 2706 χρείας
999 2634 1161 2686 ταυτὶ
1192 2630 1433 2701 πρόσθεν
1469 2628 1809 2692 συνείλεκτο,
1844 2626 1940 2679 κοιλ⁵

362 2734 498 2805 πρὸς
525 2730 685 2784 τοῦτο
713 2728 838 2797 ἔσχε
882 2727 981 2794 τὴν
1034 2723 1339 2795 ἀναφορὰν,
1380 2722 1595 2792 ἀνάγκη
1632 2722 1782 2774 πᾶσα
1807 2721 1938 2773 ταύ-

358 2844 459 2896 της
483 2823 604 2878 νυνὶ
631 2820 1111 2892 παραγενομένης,
1144 2818 1315 2887 μηδὲν
1344 2817 1405 2868 τὸ
1432 2815 1700 2884 παράπαν
1725 2813 1939 2876 τούτοις

362 2916 734 2981 ἐνδοιάζοντας
798 2911 1056 2983 χρῆσθαι,
1091 2911 1180 2963 ἵνα
1227 2909 1322 2961 καὶ
1373 2909 1434 2961 τὸ
1470 2908 1793 2977 γιγνόμενον
1836 2905 1937 2961 σώο

363 3012 545 3082 ζηται.
580 3009 675 3062 καὶ
708 3005 1095 3078 μηδειστισοῦν
1125 3004 1401 3072 εἰσφέρων
1434 3001 1576 3071 ἀλγῇ
1602 3017 1617 3030 ·
1642 3002 1739 3054 καὶ
1772 3017 1941 3073 προσ-

364 3107 444 3159 ἐτι
486 3102 867 3172 παρελθούσης
905 3099 1004 3168 τῆς
1059 3097 1250 3168 χρείας
1315 3094 1415 3148 καὶ
1450 3096 1558 3148 τῶν
1590 3094 1940 3164 πραγμάτων

361 3198 420 3252 εῦ
450 3195 833 3253 καθεστώτων,
864 3193 1003 3264 μετὰ
1038 3188 1510 3261 περιφανεστὲρας
1541 3189 1638 3241 καὶ
1690 3186 1939 3257 μείζονος
1966 3218 2011 3277 c

359 3291 460 3356 τῆς
489 3287 803 3356 προσθήκης
833 3285 990 3347 αὖθις
1037 3283 1247 3337 τούτων
1302 3280 1622 3352 πλησθῶσιν
1653 3280 1703 3333 οἱ
1737 3279 1945 3350 θησαυ-

363 3379 465 3451 ροί.
488 3381 550 3432 Ei
585 3379 628 3433 δ’
660 3377 811 3430 οὐδὲν
841 3374 1084 3427 τοιοῦτόν
1115 3373 1446 3440 ὲστιν,δπερ
1473 3371 1778 3441 ἀμήχανον,
1806 3368 1943 3423 ἀλλά

359 3471 586 3543 περιττή
626 3486 708 3531 τις
751 3468 927 3530 ἄλλως
956 3465 1056 3535 ῦλη
1092 3467 1155 3517 ἐκ
1190 3461 1518 3535 περιουσίας
1551 3463 1633 3515 ὅτι
1676 3461 1943 3527 πλείστης

333 3570 438 3630 είς
467 3564 618 3618 οὐδὲν
644 3562 764 3615 δέον
798 3562 1065 3628 ξυστᾶσα,
1098 3558 1194 3611 καὶ
1223 3557 1369 3610 οὕτω
1401 3554 1777 3625 πολῦμᾶλλον
1806 3570 1944 3623 χρη-

359 3660 514 3713 στέον
552 3657 712 3726 αὐτῇ,
740 3654 815 3718 ὡς
847 3655 914 3707 ἂν
940 3650 1240 3723 ἀσυντελής
1268 3667 1351 3712 τις
1379 3647 1537 3714 οὖσα,
1572 3646 1831 3717 συντελὴς
1862 3645 1938 3709 ώς

361 3750 595 3821 μάλιστα
636 3749 861 3818 γένηται
926 3744 1021 3799 καὶ
1073 3745 1187 3805 τοῖς
1237 3742 1563 3813 πράγμασιν
1613 3743 1672 3793 ἐν
1713 3736 1933 3809 καιρῷ·

356 3840 696 3911 πανταχόθεν
727 3834 819 3892 οῦν
845 3840 960 3892 ἐστι
993 3836 1175 3907 δῆλον,
1213 3833 1289 3898 ὡς
1320 3834 1433 3906 ἄρα
1459 3831 1674 3896 τούτοις
1697 3832 1936 3899 ἀνάγκη,

356 3935 485 3987 ὅταν
524 3934 739 3999 ἀνάγκη
768 3947 853 3994 τις
888 3930 1038 4000 ἐπίῃ,
1073 3926 1405 3998 κεχρῆσθαι.

431 4023 535 4094 κβ’.
571 4016 641 4097 Ὦ
664 4022 721 4075 δὲ
754 4022 990 4100 μάλιστα
1050 4021 1270 4077 πάντων
1328 4018 1650 4089 ἀχθόμενος,
1702 4017 1938 4089 μάλιστα

356 4118 575 4171 πάντων
622 4113 936 4169 πεπαῦσθαι
994 4113 1256 4185 βούλομαι
1305 4113 1394 4167 διὰ
1446 4111 1564 4177 σοῦ,
1626 4110 1783 4164 τοῦτο
1836 4110 1936 4181 ἠδη

357 4210 655 4281 προσθήσω
683 4210 798 4272 τοῖς
832 4209 1150 4279 εἰρημένοις
1172 4247 1187 4269 .
1217 4208 1317 4276 τῆς
1359 4206 1458 4276 μὲν
1502 4205 1674 4275 αὐτῆς
1704 4203 1938 4266 ἐκείνοις

354 4303 525 4375 δήπου
552 4299 894 4372 διορθώσεως
947 4298 1151 4370 χρῇζον
1181 4299 1277 4353 καὶ
1308 4296 1411 4367 τῆς
1458 4296 1717 4367 σπουδῆς,
1758 4312 1939 4365 παρα-

355 4395 549 4466 νομίας
588 4395 644 4448 δὲ
673 4394 859 4447 εἵνεκα
889 4392 1103 4445 τοσοῦτ’
1159 4392 1326 4444 ἐκεῖν’
1359 4391 1682 4457 ἀπολεῖπον,
1716 4389 1792 4452 ὡς
1842 4391 1937 4442 καὶ

259 4558 273 4568 .
356 4487 542 4561 θηρῶν
574 4488 929 4559 ἀγριωτάτων
957 4484 1105 4539 τοῦτ’
1136 4479 1278 4547 εἶναι
1309 4485 1483 4554 φῆσαι
1525 4482 1726 4551 μᾶλλον
1762 4483 1794 4550 ἢ
1839 4480 1934 4533 τοῦ

2038 1928 2307 1999 Equidem
2344 1935 2497 1982 certe
2525 1940 2641 1979 rem
2669 1932 2731 1978 ut
2761 1923 3021 1993 iniquam.
3056 1920 3429 1991 reprehendo.
3464 1918 3622 1985 Quod

2039 2045 2085 2100 si
2120 2045 2243 2099 istae
2277 2040 2524 2113 pecunia
2574 2038 2775 2094 futuris
2807 2036 3236 2092 necessitatibus
3290 2050 3320 2089 a
3355 2034 3626 2105 principio

2042 2168 2336 2215 reservatae
2393 2163 2543 2222 sunt,
2604 2152 2866 2225 praesenti
2922 2167 3108 2207 rerum
3169 2150 3495 2205 discrimine
3555 2150 3627 2204 iis

2042 2275 2307 2331 utendum
2327 2282 2432 2339 est,
2457 2273 2529 2326 ita
2554 2280 2616 2326 ut
2636 2285 2821 2325 rerum
2850 2267 3132 2339 angustias
3148 2266 3467 2321 aboleamus
3487 2279 3628 2320 uno-

2040 2407 2261 2463 quoque
2278 2391 2400 2445 laete
2422 2388 2669 2444 debitum
2700 2387 2973 2442 solvente.
3000 2383 3187 2440 Rebus
3204 2382 3353 2438 enim
3381 2382 3450 2439 de
3478 2396 3625 2437 novo

2040 2505 2324 2579 prosperis
2352 2519 2481 2571 gaza
2515 2518 2740 2575 quoque
2792 2500 2951 2558 novis
2983 2497 3265 2554 thesauris
3295 2495 3624 2569 replebitur.
3716 2519 3742 2542 ο

2041 2624 2100 2680 Si
2128 2638 2263 2677 vero
2285 2629 2517 2675 econtra
2564 2631 2702 2686 opes
2756 2613 3052 2668 inaccessae
3119 2620 3174 2665 et
3207 2624 3631 2680 supervacanea

2039 2740 2244 2810 iacent,
2279 2752 2309 2791 a
2344 2735 2557 2791 fortiori
2600 2732 2865 2788 utendum
2895 2731 2977 2787 eis
3026 2738 3111 2785 est
3142 2744 3211 2783 ne
3244 2728 3437 2783 inutile
3489 2744 3629 2800 pon-

2042 2856 2146 2910 dus
2170 2858 2516 2924 putrescant,
2551 2848 2664 2904 imo
2702 2847 2940 2919 publicis
2995 2845 3421 2901 necessitatibus
3455 2844 3630 2900 inser-

2042 2966 2215 3020 viant.
2246 2962 2405 3019 Unde
2434 2971 2585 3034 patet
2620 2959 2770 3034 quod
2813 2958 3047 3015 istarum
3098 2957 3305 3013 auxilio
3339 2973 3437 3013 nos
3490 2975 3633 3030 puc-

2044 3080 2262 3136 munire
2307 3079 2594 3136 debemus.

2110 4020 2202 4079 22.
2228 4023 2367 4082 Huic
2382 4026 2464 4082 rei
2493 4025 2795 4083 fastidiosae
2812 4025 3032 4084 tandem
3051 4028 3214 4086 linem
3240 4029 3625 4103 impositurus,

2039 4136 2092 4191 id
2125 4152 2291 4195 unum
2329 4142 2611 4211 adjiciam,
2641 4142 2789 4214 quod
2822 4144 3139 4201 emendatio
3167 4160 3229 4201 ac
3259 4145 3501 4211 studium
3535 4163 3633 4217 ap-

2039 4268 2247 4324 ponere
2278 4256 2440 4312 decet
2489 4272 2816 4329 summaqne
2846 4260 3123 4323 cautione,
3154 4268 3214 4314 ut
3239 4275 3267 4313 a
3300 4261 3438 4326 fera,
3470 4270 3632 4315 uten-

2037 4366 2189 4423 dum.
2231 4366 2386 4436 Sazpe
2424 4370 2572 4423 enim
2625 4378 2815 4426 contra
2881 4370 3040 4425 littus
3077 4371 3387 4425 naviculam
3443 4371 3630 4427 allidi-

2039 4497 2162 4536 mus
2196 4497 2260 4537 ac
2285 4482 2639 4554 naufragium
2698 4481 2953 4548 facimus,
2987 4483 3121 4552 quin
3154 4484 3354 4540 accolae
3385 4484 3629 4554 regionis

355 4580 480 4636 καθ’
514 4582 662 4651 ἡμᾶς
697 4579 1002 4649 πεφυκότος
1027 4594 1041 4608 ·
1072 4577 1133 4631 τὸ
1164 4577 1271 4647 γὰρ
1313 4577 1442 4639 τοὺς
1482 4576 1554 4630 τὰ
1589 4573 1811 4645 σφέτερ’
1839 4573 1938 4627 αὑ-

2044 4594 2288 4650 solamen
2322 4596 2641 4665 prarbeant;
2679 4605 2906 4653 econtra
2929 4598 3077 4668 quod
3110 4598 3333 4655 fortuna
3367 4597 3483 4670 ipsa
3519 4616 3630 4655 non

324 4662 464 4728 ’τῶν
498 4674 680 4745 σκάφη
718 4673 849 4743 παρ’
879 4669 1204 4727 ἁστινασοῦν
1249 4670 1361 4722 τῶν
1391 4668 1577 4723 ἀκτῶν
1627 4670 1938 4735 καταγνόν-

355 4786 456 4831 τας
499 4765 909 4838 καὶιναυαγίας
956 4761 1333 4834 πειρωμένους
1371 4760 1601 4825 ἀτόπου,
1628 4758 1802 4813 ἔπειτ’
1840 4758 1940 4829 οὐχ

356 4862 482 4914 ὅσον
535 4858 795 4930 προνοίας
823 4856 976 4926 παρὰ
1007 4856 1118 4909 τῶν
1150 4853 1492 4924 προσχώρων
1524 4853 1557 4923 ἢ
1586 4851 1720 4920 γοῦν
1752 4868 1936 4920 παρα-

359 4952 560 5024 μυθίας
612 4950 934 5022 ἡστινοσοῦν
984 4940 1303 5014 ἀπολαύειν,
1335 4946 1474 5000 ἀλλὰ
1521 4946 1617 4999 καὶ
1658 4961 1937 4997 συνεπιτι-

354 5044 615 5114 θεμένους
658 5044 883 5106 τούτους
940 5042 1260 5114 ίσχειν,καὶ
1317 5040 1761 5112 συγκροτοῦντας
1813 5039 1932 5100 πῶς

355 5138 423 5191 ἂν
447 5136 622 5200 εἴποις
651 5137 748 5207 τὴν
775 5136 970 5206 τύχην,
1012 5133 1215 5204 μᾶλλον
1254 5131 1312 5185 δὲ
1348 5132 1443 5185 καὶ
1495 5130 1673 5201 πολλῷ
1709 5131 1937 5201 παριόν-

354 5248 475 5295 τας,
510 5230 665 5299 είπερ
712 5228 748 5283 ἂ
807 5229 991 5298 ἐκείνη
1049 5230 1307 5298 παρεῖκε,
1362 5225 1517 5279 ταῦθ’
1581 5221 1729 5278 οῦτοι
1784 5224 1938 5293 παρὰ

354 5323 533 5376 πάντα
584 5322 979 5392 διαρπάζουσιν
1038 5316 1240 5386 οἶκτον,
1286 5317 1584 5389 ὑπερφυῶς
1644 5316 1818 5370 δεινόν
1876 5332 1937 5369 τε

352 5416 448 5469 καὶ
476 5409 543 5485 ἦς
572 5415 673 5468 οὐκ
713 5413 780 5468 ἂν
812 5414 989 5467 εἰπεῖν
1033 5413 1303 5484 δυναίμην
1354 5411 1553 5473 κακίας
1586 5412 1686 5481 (l).
1717 5410 1784 5462 Τί
1826 5411 1935 5479 γὰρ

348 5506 417 5562 ἂν
447 5508 629 5560 οὑτοσὶ
679 5506 838 5559 πλέον
899 5508 958 5559 ἐν
1012 5507 1242 5575 πελάγει
1304 5503 1663 5566 κινδυνεύσας
1719 5503 1929 5574 ὑπέστη

350 5599 501 5652 ὁπότ’
528 5597 589 5664 ἐξ
618 5599 877 5668 ἡμισείας
904 5599 1205 5669 βεϐλάφθαι
1245 5599 1332 5651 διὰ
1365 5597 1457 5650 τὸν
1480 5600 1651 5650 τόπον
1679 5596 1931 5665 νομίσας,

421 5779 498 5848 (l)
527 5777 831 5834 Scelestum
866 5780 1015 5836 hunc
1046 5795 1254 5835 morem
1307 5779 1376 5833 ab
1420 5779 1739 5837 Andronico
1772 5782 1793 5837 ἰ
1822 5798 1922 5838 an-

351 5851 624 5920 tiquatum
661 5850 829 5906 fuisse
872 5852 949 5905 ait
1007 5851 1349 5919 Ephraunius
1384 5870 1434 5905 v.
1485 5851 1627 5906 59.85
1660 5868 1783 5921 sqq.
1814 5854 1920 5909 Sed

2038 4710 2243 4780 rapuit,
2303 4710 2408 4781 ipsi
2436 4711 2813 4767 inhumaniter
2862 4713 3111 4785 eripiunt
3139 4730 3203 4770 ac
3231 4715 3358 4772 vita:
3398 4719 3618 4787 c0piam

2035 4837 2101 4877 ac
2160 4821 2479 4879 facultatem
2516 4825 2888 4895 praecludunt.
2934 4827 3077 4894 Quid
3112 4829 3260 4884 enim
3303 4829 3393 4887 hic
3425 4832 3480 4886 in
3518 4848 3616 4902 pe-

2034 4932 2282 4989 rlculoso
2311 4935 2448 4989 mari
2501 4935 2722 5005 gravius
2752 4937 2899 5003 tulit,
2935 4947 3031 4994 aut
3088 4940 3182 4996 ille
3216 4944 3312 5012 qui
3364 4944 3633 4999 monstris

2035 5047 2270 5103 marinis
2295 5049 2480 5119 praeda
2513 5050 2693 5106 factus
2725 5051 2849 5107 est?
2903 5052 2972 5108 At
3004 5064 3328 5111 contentum
3393 5073 3515 5113 sese
3547 5058 3634 5113 di-

2035 5175 2162 5217 cere
2193 5161 2274 5216 fas
2309 5171 2413 5231 est,
2440 5162 2743 5220 dummodo
2787 5166 2922 5222 solis
2951 5167 3140 5224 lumen
3198 5168 3387 5225 videre
3442 5170 3629 5236 detur,

2036 5289 2139 5329 nec
2178 5274 2329 5329 aliud
2356 5290 2626 5345 quaerere.
2665 5276 2936 5347 Equidem
2983 5295 3249 5352 perquam
3284 5282 3428 5337 scire
3464 5285 3631 5354 cupio

2036 5387 2108 5453 si,
2149 5386 2205 5441 in
2231 5387 2399 5441 simili
2429 5401 2584 5452 casu,
2626 5386 2772 5442 idem
2801 5390 3106 5457 sentiretis,
3144 5398 3242 5445 aut
3297 5392 3460 5461 plane
3492 5410 3629 5449 con-

2042 5504 2296 5569 trarium,
2329 5510 2383 5558 et
2408 5518 2508 5573 per
2539 5512 2829 5576 utramque
2866 5504 3143 5561 fortunam
3192 5507 3261 5562 ad
3297 5507 3632 5579 resipiscen-

2042 5617 2175 5673 tiam
2224 5631 2289 5671 ac
2314 5617 2588 5673 rationem
2621 5621 3032 5676 reverterimlni
3075 5622 3145 5678 ad
3190 5622 3410 5679 facilius
3444 5622 3631 5679 feren-

2028 5783 2160 5858 hinc
2195 5793 2423 5855 apparet
2446 5782 2749 5858 latrocinio
2770 5782 2970 5841 iterum
3007 5782 3308 5842 indulsisse
3339 5798 3513 5858 usque
3549 5779 3626 5840 ad

2031 5854 2406 5911 Andronicum
2445 5856 2483 5909 ιι
2518 5854 2754 5911 (ira-cos.
