4018 6418
272 407 378 472 485

1335 395 1625 460 ORATIO
1664 395 1765 456 DE
1817 391 2050 456 REGIS
2089 391 2345 454 OFFICI
2357 391 2441 458 IS.

3445 389 3556 457 486

272 518 472 573 νασοῦν
520 516 800 590 διαδόχους
845 513 1038 586 ἀμέλει
1071 511 1433 582 κεκτημένων
1483 508 1578 565 τοῦ
1629 509 1854 579 κλήρου,

1969 519 2124 560 sores
2155 505 2478 574 relinquunt
2507 502 2808 568 neminem,
2837 502 3086 560 haeredes
3105 519 3226 560 esse
3277 509 3565 576 praesumi-

273 607 448 663 επειθ’
477 608 637 678 ὑμεῖς
667 605 1030 680 κληρονομεῖν
1075 603 1314 669 ἀξιοῦτε,
1350 601 1470 664 πῶς
1517 601 1581 654 οὐ
1613 615 1858 671 παρανο-

277 701 404 772 μίας
441 700 754 766 ἁλίσκεσθε,
781 699 890 752 τῶν
919 698 1021 768 μὲν
1060 696 1361 765 ἀλλοτρίων
1390 693 1466 756 ὼς
1511 694 1730 747 οἰκείων
1760 694 1859 746 ἁνε-

271 794 666 862 τ-ποιούμενοι,
697 791 791 844 τοῦ
827 791 884 844 δὲ
935 788 1278 862 κεκτημένου
1333 787 1541 857 μηδένα
1568 787 1860 858 μηδοπωσ-

271 887 423 938 τιοῦν
484 884 806 954 ποιούμενοι
862 883 1044 950 λόγον,
1107 881 1234 952 μηδ’
1270 880 1338 934 ἂν
1387 879 1456 933 τά
1504 877 1712 950 ἔσχατα
1756 894 1858 933 πε-

274 978 685 1052 πλημμεληκὼς
710 972 787 1050 ﬁ;
825 972 1028 1044 μᾶλλον
1077 973 1135 1028 δὲ
1188 972 1380 1028 τοῦτον
1425 971 1858 1042 ἀποστεροῦντες

274 1073 383 1125 τῶν
424 1071 615 1135 ὄντων,
645 1069 740 1124 καὶ
772 1068 808 1123 ἃ
838 1067 1104 1140 πρόσεσθ’
1150 1066 1458 1136 ἐγκλήματ’
1512 1065 1683 1134 αὐτῷ,
1715 1067 1768 1119 εῐ
1797 1081 1855 1118 τε

275 1164 360 1220 διὰ
410 1165 584 1218 ταῦτα
643 1165 743 1220 εἰτ’
778 1162 956 1224 ἄλλως
1023 1161 1448 1233 προστριϐἐντα,
1500 1159 1593 1213 καὶ
1651 1160 1858 1212 τούτων

277 1257 440 1313 αὑτὸν
498 1257 1002 1327 προσαποστερείτε
1063 1254 1327 1318 δικαίως,
1403 1253 1565 1322 εἴπερ
1625 1251 1661 1306 ἃ
1719 1253 1856 1321 πρὸς

275 1350 594 1420 ἀπαλλαγὴν
647 1347 854 1400 τούτων
911 1347 1228 1417 ἀπέχρησεν
1293 1347 1360 1398 ἂν
1418 1344 1636 1398 ἐνταῦθ’
1695 1347 1856 1414 ὑμεῖς

274 1445 616 1513 ἀφαιρεῖσθε,
643 1444 737 1496 τὸν
769 1442 866 1510 μὲν
913 1438 974 1494 εὖ
1018 1440 1301 1503 ποιοῦντες
1351 1433 1434 1504 οἷς
1486 1439 1856 1511 ἐγκλημάτων

271 1536 646 1590 ἀπαλλάττετε
697 1536 894 1606 δήπου,
928 1536 1074 1605 ὑμᾶς
1107 1535 1154 1589 δ’
1207 1535 1409 1599 αὐτοὺς
1453 1537 1512 1589 ὲν
1539 1537 1854 1606 ἐγκλήμασι

273 1629 630 1692 καθιστάντες
652 1646 666 1658 ·
701 1629 794 1682 καὶ
827 1629 877 1682 οἰ
925 1627 1056 1690 τοὺς
1097 1627 1562 1698 παρανομοῦντας
1599 1628 1855 1693 κολάζειν

272 1721 370 1776 καὶ
422 1725 600 1792 μισεῖν
627 1721 866 1792 οἰόμενοι
899 1721 1030 1788 δεῖν,
1062 1721 1197 1790 πρὸς
1245 1716 1332 1784 οἷς
1368 1721 1509 1792 ἔφην
1539 1720 1637 1775 καὶ
1678 1724 1856 1795 ταύτῃ

273 1813 722 1883 παρανομοῦντες
753 1814 852 1867 οὐκ
890 1813 1216 1867 αίσθάνεσθε
1244 1857 1259 1877 ,
1295 1815 1436 1868 ἀλλὰ
1469 1815 1566 1868 καὶ
1595 1815 1856 1868 τοσοῦτον

272 1905 498 1959 ἐκείνων
547 1905 825 1959 διάκεισθε
856 1907 1040 1975 χεῖρον
1073 1908 1200 1960 ὅσον
1229 1907 1280 1959 oi
1329 1907 1431 1976 μὲν
1462 1908 1538 1968 ὡς
1572 1907 1853 1962 ἀδικοῦσιν

272 1997 692 2066 ὁμολογοῦντες,
742 1999 891 2067 ὅμως
931 1999 1019 2053 διὰ
1069 2002 1142 2052 τά
1190 1998 1286 2053 καὶ
1325 2000 1392 2054 τὰ
1441 1999 1600 2071 δίκην
1631 2001 1858 2071 ὑπέχειν

273 2091 522 2156 ο-Βδαμῶς
560 2090 841 2155 ἀξιοῦσιν·
886 2091 1044 2144 αὐτοὶ
1088 2091 1145 2146 δὲ
1180 2091 1276 2146 καὶ
1307 2092 1750 2161 συναγωνίζεσθε
1777 2091 1858 2162 τῷ

272 2183 575 2253 νοσήματι,
621 2182 719 2235 καὶ
781 2181 890 2236 τῶν
955 2183 1320 2238 καθεστώτων
1373 2183 1562 2254 νόμων
1624 2185 1858 2256 μηδενὸς

270 2271 424 2340 ἥττω
456 2271 622 2340 νόμον
657 2270 887 2341 ταυτηνὶ
933 2271 1034 2343 τὴν
1081 2273 1436 2344 παρανομίαν
1486 2276 1716 2343 ἡγεῖσθε
1743 2291 1759 2307 ’
1791 2275 1854 2329 οὗ

273 2367 456 2435 χεῖρον
513 2363 670 2419 οὐδὲν
701 2358 855 2436 οίμαι
900 2364 1009 2418 τῶν
1058 2367 1313 2421 πάντων·
1361 2368 1542 2424 καίτοι
1587 2369 1708 2424 οὐδὲ
1745 2371 1859 2434 τοϊς

269 2457 414 2513 κατὰ
451 2456 607 2524 γένος
661 2457 1030 2525 προσήκουσιν
1071 2459 1238 2529 ἔγωγ’
1292 2461 1360 2514 ἂν
1421 2461 1591 2533 φαίην
1633 2461 1860 2528 δικαίως

276 2548 542 2622 μετεῖναι,
575 2549 714 2623 πλὴν
739 2555 785 2605 εί
818 2553 1050 2621 πένητες
1068 2553 1286 2622 τύχοιεν
1309 2552 1486 2620 δντες,
1505 2555 1646 2608 ἀλλὰ
1671 2557 1857 2626 μόνοις

271 2639 540 2712 δήπουθεν
565 2641 680 2706 τοῖς
711 2641 958 2711 ἐγγόνοις
985 2659 1000 2674 ο
1039 2642 1133 2696 καὶ
1167 2641 1289 2696 οὐδὲ
1328 2644 1543 2708 τούτοις
1575 2646 1855 2711 ἁπάντων.

270 2730 409 2787 ἀλλὰ
455 2733 660 2804 μέρους
711 2751 802 2804 γε,
870 2734 974 2806 τῆς
1017 2734 1115 2788 τοῦ
1164 2737 1620 2808 τετελευτηκότος
1677 2738 1859 2811 ψυχῆς

273 2825 456 2898 πολλῷ
509 2821 913 2898 προτιμοτέρας
957 2827 1132 2898 οὔσης
1178 2829 1359 2883 πάντα
1407 2828 1579 2885 ταῦτα
1611 2833 1860 2904 καρποῦ-

274 2917 423 2973 σθαι.
449 2919 557 2972 Καὶ
587 2919 663 2982 ὡς
700 2919 920 2987 άληθῶς
958 2921 1126 2990 λέγω,
1158 2919 1320 2990 δῆλον
1353 2922 1587 2979 ἐκεῖθεν.
1619 2916 1725 2979 Ἢν
1748 2925 1859 2998 γάρ

271 3028 360 3074 τις
409 3011 610 3076 αὐτοὺς
651 3011 868 3088 ἔρηται,
921 3014 1152 3086 πότερον
1204 3017 1348 3084 σφᾶς
1389 3017 1593 3084 αὐτοὺς
1647 3019 1680 3092 η
1731 3022 1860 3085 τοὺς

271 3105 651 3175 προσήκοντας
694 3107 1062 3178 τιμιωτέρους
1099 3105 1396 3180 ἡγοῦνται,
1427 3109 1524 3164 ἐὰν
1574 3111 1674 3182 μὲν
1727 3112 1858 3176 τοὺς

275 3199 654 3268 προσήκοντας
720 3199 900 3267 φῶσι,
954 3199 1250 3270 ψεύσονται
1325 3203 1548 3267 πάντως
1575 3221 1590 3236 ο
1621 3205 1854 3268 ἕκαστος

271 3290 385 3361 γάρ
409 3307 541 3360 φησι
567 3290 901 3361 τιμιώτατος
943 3291 1107 3357 αὐτὸς
1136 3291 1321 3365 ἑαυτῷ
1344 3309 1364 3327 ν
1397 3296 1542 3365 σφᾶς
1589 3295 1638 3350 δ’
1666 3297 1732 3352 ἂν
1757 3298 1858 3351 αὑ-

269 3384 400 3446 τοὺς
442 3383 748 3454 εἰρηκότες,
778 3383 1275 3458 ξυνομολογήσουσι
1319 3386 1516 3459 δήπου,
1544 3389 1641 3443 καὶ
1671 3392 1764 3446 τόν
1792 3407 1857 3460 γε

270 3476 698 3548 τετελευτηκότα
771 3479 975 3541 παντὸς
1043 3478 1266 3533 ὁτουοῦν
1319 3481 1661 3550 δικαιότερον
1715 3480 1856 3539 εἶναι

270 3569 380 3622 τῶν
404 3569 582 3623 αὐτῶν
625 3570 874 3642 μετέχειν
911 3569 1167 3626 είσάπαν.
1199 3571 1268 3625 Εἰ
1309 3570 1365 3624 δὲ
1391 3573 1518 3637 τοὺς
1551 3575 1858 3645 προσήκον-

269 3677 370 3722 τας
408 3661 438 3712 δ
497 3659 652 3729 λόγος
707 3661 1004 3715 ἀπελαύνει
1042 3659 1138 3715 τοῦ
1189 3661 1420 3733 κλήρου,
1461 3665 1565 3718 ποῦ
1617 3668 1743 3730 τοὺς
1779 3669 1855 3740 μὴ

272 3752 650 3822 προσήκοντας
697 3753 981 3824 θήσομεν;
1013 3757 1173 3809 Δυοῖν
1204 3758 1388 3809 τοίνυν
1434 3756 1663 3827 θάτερον
1705 3759 1850 3827 ἑλοῦ,

270 3843 517 3914 βασιλεῦ,
552 3846 584 3916 ἢ
626 3845 726 3917 τὴν
779 3848 1072 3919 αἰσχίστην
1115 3847 1321 3919 ταύτην
1355 3853 1714 3923 παρανομίαν
1747 3872 1854 3925 χω-

269 3939 389 4007 ρεῖν
420 3938 500 4000 εἰς
537 3938 692 4003 τέλος
731 3941 914 4006 ἐᾶσαι,
946 3942 1044 3994 καὶ
1076 3940 1216 4011 μετὰ
1251 3941 1362 3996 τῶν
1411 3943 1518 4017 πρὸ
1564 3945 1659 3999 σοῦ
1696 3945 1851 4017 βασι-

265 4031 408 4093 λέως
435 4033 530 4086 καὶ
564 4033 726 4098 αὐτὸς
749 4037 861 4097 τοῖς
893 4035 1198 4107 ἀλλοτρίοις
1235 4035 1462 4108 κλήροις
1495 4040 1676 4104 αἰτίας
1715 4042 1851 4112 κληο

269 4123 557 4193 ρονομεῖν,
612 4123 645 4195 ἢ
716 4125 910 4194 μηκέτ’
971 4119 1114 4179 εἶναι
1163 4126 1226 4179 τὸ
1300 4128 1586 4198 παράπαν,
1621 4134 1852 4203 ταυτηνὶ

266 4215 649 4286 ξυγχωρήσας,
691 4215 829 4269 ἀλλὰ
878 4219 1226 4272 παντάπασιν
1277 4219 1509 4286 ἀνελὼν,
1553 4221 1615 4274 οὐ
1685 4223 1850 4294 μόνον

266 4309 493 4360 ἐκείνων
543 4309 1056 4382 φιλανθρωπότερος
1108 4313 1204 4363 καὶ
1246 4312 1587 4383 δικαιότερος
1641 4307 1849 4382 ὦφθαι,

264 4400 406 4452 ἀλλὰ
455 4401 549 4452 καὶ
594 4402 710 4454 ὅσοι
757 4401 869 4454 τῶν
924 4396 1322 4473 διαδεξομένων
1381 4406 1636 4471 καθάπαξ
1685 4410 1843 4470 ἐνδεῖ,

265 4490 528 4552 τοιούτοις
579 4491 748 4552 οὕτως
783 4493 918 4563 ἡδέω
955 4497 1374 4567 παρασκευάσαι
1425 4498 1525 4570 τὴν
1566 4499 1843 4572 τελευτὴν,

262 4585 339 4646 ὼς
385 4585 519 4654 μετὰ
560 4587 814 4657 χρηστῶν
846 4586 953 4639 τῶν
1001 4589 1232 4642 ἐλπίδων
1267 4590 1468 4644 ἐνθένδ’
1500 4593 1744 4657 ἀπιέναι,
1785 4591 1844 4650 εὖ

263 4672 475 4735 εἰδότας
505 4673 578 4736 ὡς
603 4678 708 4726 τῶν
731 4677 1047 4745 προσόντων
1081 4680 1268 4748 σφίσιν
1299 4681 1602 4738 ἀπολαύειν
1628 4684 1848 4750 ἓξουσ.ν

265 4767 322 4825 ἐς
357 4767 442 4818 ἀεὶ
471 4768 608 4818 κατὰ
650 4769 749 4832 τὰς
786 4767 1004 4839 ψήφους
1056 4772 1156 4833 τὰς
1191 4773 1288 4835 σὰς
1327 4773 1423 4826 καὶ
1455 4774 1516 4826 τὺ
1549 4775 1706 4830 ταῦθ’
1742 4777 1848 4832 ὑπὸ

266 4857 364 4912 σοῦ
419 4861 788 4930 κεκυρῶσθαι,
825 4863 854 4916 δ
915 4864 1095 4918 πᾶσαν
1154 4867 1219 4919 ἐκ
1265 4865 1361 4918 τοῦ
1411 4868 1610 4933 παντὸς
1653 4872 1847 4934 αἰῶνος

263 4953 547 5008 ἀπολείπει
597 4955 952 5028 δικαιοσύνην
994 4961 1088 5013 καὶ
1136 4963 1308 5014 πᾶσιν
1357 4957 1683 5034 ὑπέρκειται
1731 4965 1847 5028 τοῖς

249 5049 499 5124 κριταῖς.
536 5048 656 5102 Ἔτι
718 5051 900 5103 τοίνυν
942 5052 995 5103 εἰ
1047 5057 1188 5123 πρὸς
1239 5048 1321 5115 οἷς
1378 5052 1525 5125 ἔχεις
1558 5057 1653 5108 καὶ
1682 5054 1718 5110 ἃ.
1746 5057 1846 5110 οὐκ

264 5140 411 5208 ἐχεις
445 5141 752 5212 κτήσασθαι
790 5141 996 5214 βούλει,
1028 5146 1123 5198 καὶ
1177 5146 1288 5199 τῶν
1328 5146 1588 5201 ἁπάντων
1623 5151 1846 5203 πάντων

265 5229 476 5282 ἀκονιτὶ
527 5230 784 5298 γενέσθαι
833 5231 1123 5302 δεσπότης,
1157 5233 1248 5287 ἔσο
1308 5235 1718 5308 φιλάνθρωπος,
1751 5241 1847 5293 καὶ

262 5323 382 5383 ταῖς
415 5321 679 5384 eum-nias;
715 5323 806 5376 καὶ
831 5325 952 5387 ταῖς
975 5323 1159 5378 ὲλπίσι
1184 5325 1319 5396 πρὸς
1351 5325 1444 5390 οὓς
1470 5327 1616 5398 ἔχεις
1649 5330 1846 5402 ἐπίσης

263 5409 344 5476 οἷς
408 5417 574 5486 ἔχεις,
617 5418 713 5471 καὶ
760 5417 926 5488 μηδὲν
985 5417 1209 5472 ἔλαττον
1263 5414 1338 5473 ὧν
1388 5421 1533 5490 ἔχεις
1568 5422 1843 5491 ἐχέτωσαν

264 5505 428 5569 οὗτοι,
455 5509 580 5560 ὅταν
610 5508 729 5560 κατ’
765 5510 1036 5582 ἐμπορίαν
1069 5512 1113 5582 ἡ
1148 5513 1248 5564 τιν’
1281 5512 1472 5582 ἕτερον
1520 5514 1745 5584 τρόπον,
1778 5517 1842 5570 ὲκ

264 5595 357 5665 τῆς
384 5595 566 5648 αὐτῶν
595 5597 756 5668 δεῦρο
807 5598 1115 5669 χωροῦντες
1143 5615 1156 5629 ·
1221 5601 1425 5669 μᾶλλον
1453 5601 1508 5653 δὲ
1555 5602 1729 5667 οὕτως
1761 5607 1839 5670 εἰς

266 5689 489 5740 σεαυτὸν
544 5688 789 5752 ἅπαντας
841 5689 1038 5756 ἕλξεις,
1088 5691 1136 5741 εἰ
1187 5691 1383 5760 πρῶτα
1434 5693 1533 5762 μὲν
1567 5694 1751 5759 καλῶς
1792 5696 1843 5748 εἷ

265 5779 504 5847 κάγαθὸς
538 5782 629 5833 καὶ
661 5780 862 5852 ἀρετὴν
907 5782 1094 5854 ἄκρως
1144 5783 1353 5846 ἀσκῶν,
1396 5783 1470 5848 ὡς
1504 5785 1599 5838 καὶ
1634 5805 1842 5839 παντλ-

265 5873 356 5942 χοῦ
392 5873 459 5928 τὰ
501 5874 568 5926 σὰ
601 5872 895 5927 διαϐαίνειν
937 5873 1133 5938 ἐξεῖναι
1159 5892 1172 5905 '
1211 5874 1402 5928 ἔπειτα
1435 5877 1509 5947 μὴ
1537 5879 1698 5948 μόνον
1723 5883 1838 5944 τοῖς
1923 5916 1929 5924 -

1969 617 2062 685 tis,
2091 619 2309 688 exlech
2342 617 2471 673 facti
2494 616 2562 672 ad
2586 632 2650 675 ca
2679 618 2939 688 aspiratis
2975 634 3098 689 quae
3139 620 3374 675 aliorum
3405 630 3561 690 sunt,

1967 732 2173 786 nullam
2201 733 2536 802 possessoris
2575 718 2846 788 rationem
2885 734 3174 800 habentes,
3211 736 3346 791 licet
3378 735 3465 791 vir
3490 737 3564 791 sit

1969 849 2269 918 pessimus.
2302 848 2463 905 Hunc
2521 864 2644 915 vos,
2677 849 3043 920 obiurgantes
3099 850 3264 905 simul
3313 849 3382 904 iis
3436 866 3564 920 quae

1967 963 2157 1028 habet,
2201 963 2489 1033 spoliatis;
2517 963 2562 1019 si
2594 972 2778 1019 autem
2829 963 2976 1034 quod
3007 963 3156 1034 juste
3201 978 3311 1018 non
3370 962 3557 1028 habet,

1966 1077 2207 1146 cripitis,
2261 1076 2466 1147 injuste
2501 1093 2614 1132 non
2667 1076 2871 1144 facitis,
2909 1077 3005 1134 sed
3042 1079 3191 1149 ipsos
3231 1078 3563 1134 criminibus

1967 1202 2291 1262 purgantes,
2324 1207 2421 1246 vos
2451 1191 2599 1260 ipsos
2631 1191 2966 1247 criminosus
3015 1191 3274 1248 redditis.
3304 1192 3361 1248 Si
3401 1193 3551 1250 enim

1966 1318 2212 1362 vestrum
2232 1321 2353 1362 esse
2379 1305 2586 1378 putatis
2606 1306 2788 1376 legum
2817 1314 3258 1374 transgressores
3281 1305 3559 1377 castigare

1965 1438 2029 1478 ac
2053 1421 2258 1487 odisse,
2293 1422 2346 1476 in
2365 1423 2542 1492 pejori
2601 1437 2765 1492 quam
2798 1422 2902 1492 ipsi
2947 1421 3262 1477 conditione
3280 1421 3453 1490 estis;
3480 1421 3561 1477 illi

1964 1534 2108 1590 enim
2135 1543 2420 1605 peccatum
2457 1536 2831 1618 confitentur;
2863 1550 2964 1590 vos
2991 1542 3177 1590 autem
3209 1535 3334 1589 diro
3360 1533 3560 1592 morbo
3595 1515 3598 1518 l

1963 1648 2279 1704 laborantes
2305 1648 2690 1719 perversitatis
2727 1659 2926 1704 vestra:
2949 1647 3389 1718 magnitudinem
3447 1662 3560 1702 non

1963 1761 2187 1828 videtis,
2217 1760 2364 1831 quod
2397 1775 2529 1816 sane
2561 1759 2975 1832 gravissimum.
3001 1758 3072 1814 Et
3114 1759 3218 1814 hoc
3237 1771 3349 1812 non
3375 1757 3445 1812 ad
3476 1757 3558 1813 fa-

1891 1880 1927 1934 B
1959 1878 2166 1932 miliam
2223 1876 2495 1948 integram
2530 1882 2766 1946 spectat,
2806 1882 2902 1927 aut
2936 1875 3003 1927 ad
3036 1886 3264 1941 egenos,
3330 1870 3430 1927 sed
3487 1871 3557 1926 ad

1965 1999 2264 2063 prognatos
2289 1989 2557 2060 singulos,
2586 1988 2716 2067 quia
2745 1986 2994 2042 defuncti
3017 1986 3201 2040 anima
3230 1985 3452 2057 dignior
3475 1993 3561 2040 est

1959 2122 2082 2176 qua:
2116 2103 2490 2160 hmreditatem
2536 2103 2592 2157 in
2625 2117 2790 2158 suum
2835 2115 2997 2157 usum
3030 2108 3231 2158 vertat.
3263 2099 3424 2166 Quod
3455 2114 3556 2154 au-

1961 2227 2072 2275 tem
2113 2235 2243 2274 vere
2273 2219 2422 2284 dico,
2457 2217 2592 2272 hinc
2617 2217 2822 2272 elucet.
2866 2215 2925 2271 Si
2959 2215 3086 2286 quis
3117 2231 3184 2270 ex
3216 2215 3284 2270 iis
3341 2229 3554 2286 quaere-

1960 2343 2046 2390 ret
2079 2349 2212 2388 num
2243 2349 2302 2390 se
2329 2341 2426 2388 aut
2458 2331 2650 2388 afﬁnes
2677 2332 2926 2403 potiores
2947 2331 3216 2397 habeant,
3237 2339 3296 2386 et
3323 2344 3553 2401 respon-

1959 2459 2080 2504 sum
2105 2456 2253 2504 esset
2282 2460 2383 2518 pro
2421 2444 2695 2511 affinibus,
2728 2443 2894 2515 plane
2944 2442 3341 2498 mentirentur.
3365 2441 3553 2499 Unus-

1959 2562 2198 2633 quisque
2228 2560 2379 2616 enim
2403 2546 2618 2630 primus
2651 2556 2764 2614 sibi
2785 2556 3028 2614 videtur.
3059 2554 3184 2611 Sibi
3203 2553 3343 2626 ipsis
3371 2562 3562 2610 autem

1961 2677 2200 2748 palmam
2237 2673 2432 2728 dantes
2455 2670 2783 2726 def-unctum
2812 2665 3072 2722 maximis
3096 2664 3306 2737 opibus
3323 2664 3559 2734 dignum

1950 2785 2137 2844 fuisse
2168 2787 2433 2842 fatentur.
2463 2783 2622 2852 Quod
2665 2781 2710 2838 si
2748 2780 2942 2836 afﬁnes
2966 2779 3038 2836 ab
3075 2778 3403 2835 haereditate
3459 2792 3558 2833 ex-

1961 2903 2254 2970 cludimus,
2293 2900 2387 2956 ubi
2445 2889 2771 2971 peregrinos
2809 2895 3154 2952 statuemus?
3183 2895 3267 2951 Ex
3323 2894 3551 2950 duobus

1949 3016 2146 3087 'i-gitur'
2189 3029 2384 3080 unum,
2418 3027 2512 3069 rex
2539 3051 2555 3081 ,
2593 3012 2737 3084 elige
2775 3025 2794 3064 :
2826 3019 2923 3066 aut
2969 3009 3292 3079 turpissimo
3335 3008 3556 3065 crimini

1959 3130 2207 3202 indulge,
2240 3137 2298 3185 et
2349 3128 2822 3200 pradeces'sbrum
2855 3113 3084 3183 tuorum
3114 3125 3433 3197 exemplum
3460 3127 3554 3182 sc-

1959 3253 2122 3302 cutus
2148 3243 2349 3301 alienis
2379 3241 2800 3300 haeredita-tibus
2834 3254 3065 3312 operam
3086 3255 3252 3308 nava,
3271 3252 3371 3296 aut
3392 3241 3558 3312 plane

1959 3355 2304 3412 contrarium
2333 3355 2591 3412 faciendo
2629 3352 3030 3411 humaniorem
3078 3353 3147 3409 iis
3175 3362 3349 3409 temet
3373 3368 3438 3408 ac
3456 3353 3556 3425 iud

1953 3470 2188 3525 stiorem
2214 3467 2418 3539 praebe,
2453 3483 2518 3524 ac
2544 3466 2866 3523 hair-edibus
2886 3465 3263 3521 conditionem
3288 3463 3428 3519 adeo
3453 3463 3562 3518 tni«

1948 3593 2072 3641 tem
2097 3601 2248 3654 crea,
2282 3593 2345 3640 ut
2369 3585 2496 3639 laeto
2520 3583 2708 3638 animo
2734 3563 2868 3637 hinc
2892 3581 3201 3650 discedant,
3227 3590 3557 3652 persuasum

1959 3699 2230 3755 habentes
2262 3699 2411 3771 quod
2443 3665 2606 3754 bonis
2628 3696 2747 3754 suis
2805 3697 2918 3753 frui
2959 3697 3093 3768 ipsis
3117 3698 3389 3769 contingit
3441 3691 3550 3769 {per

1947 3833 2120 3875 omne
2185 3826 2404 3889 tempus
2445 3816 2753 3874 secundum
2794 3825 2946 3872 tuam
3005 3815 3348 3873 voluntatem
3399 3818 3550 3872 onmi

1950 3937 2164 4010 justitia
2199 3937 2565 4007 superiorem.
2598 3934 2658 3991 Si
2701 3941 2867 4005 porro
2892 3933 2960 3988 ad
3012 3949 3077 3989 ea
3111 3948 3235 4004 qua
3298 3932 3552 4004 possides

1953 4051 2132 4106 aliena
2166 4050 2370 4105 addere
2415 4047 2727 4120 praesumis,
2761 4057 2818 4102 et
2875 4047 3126 4103 omnium
3184 4061 3378 4104 rerum
3429 4050 3554 4105 sine

1952 4164 2177 4235 negotio
2210 4162 2470 4218 dominus
2499 4157 2646 4225 ﬁeri,
2670 4160 2950 4215 humanus
2988 4171 3132 4228 esto,
3161 4170 3218 4216 et
3250 4161 3546 4218 beneﬁciis

1954 4278 2065 4332 tuis
2095 4277 2150 4331 id
2189 4275 2343 4331 edice
2371 4283 2430 4329 ut
2454 4275 2638 4330 caeteri
2665 4289 2773 4330 non
2811 4273 2998 4330 minus
3025 4287 3188 4346 quam
3209 4285 3266 4329 tu
3295 4275 3415 4344 ipse
3447 4275 3548 4329 ha-

1952 4395 2141 4461 beant,
2175 4394 2291 4448 sive
2321 4403 2683 4447 mercaturam
2716 4392 2833 4446 sive
2883 4391 3119 4460 aliquam
3146 4405 3262 4444 rem
3282 4391 3444 4445 aliam
3469 4391 3551 4444 faa

1954 4510 2187 4564 cientes.
2230 4509 2323 4563 Sic
2359 4508 2505 4562 enim
2548 4507 2899 4578 potissimum
2934 4517 3165 4564 cancros
3185 4509 3252 4563 ad
3291 4518 3344 4564 te
3373 4518 3547 4563 attra-

1953 4606 2075 4689 hes,
2111 4621 2156 4676 si
2185 4619 2302 4690 ipse
2326 4619 2551 4674 virtutis
2570 4617 2884 4688 exemplum
2916 4618 3153 4689 praebes,
3185 4634 3292 4674 nec
3324 4627 3546 4673 tantum

1951 4734 2190 4790 subditis
2219 4733 2516 4798 affabilem,
2550 4731 2646 4788 sed
2679 4732 2763 4786 vel
2789 4731 3190 4788 bcnefaciendo
3252 4732 3548 4788 benefacta

1951 4849 2218 4906 oblivioni
2267 4825 2456 4913 tradis,
2483 4849 2553 4904 ab
2606 4847 2871 4903 illiberali
2904 4847 3088 4904 indole
3121 4855 3180 4904 et
3230 4847 3544 4904 mendaciis

1950 4963 2113 5034 longe
2177 4973 2425 5018 remotus
2490 4977 2554 5017 ac
2589 4963 2704 5018 sola
2766 4964 3118 5030 imperatoris
3181 4963 3448 5034 dignitate
3489 4974 3542 5017 te

1949 5078 2433 5135 circumvestiens.
2470 5077 2529 5134 Si
2566 5079 2715 5133 enim
2750 5094 2880 5149 erga
2915 5079 3214 5136 familiares
3243 5087 3452 5136 tantum
3477 5081 3542 5134 lia

1950 5194 2152 5250 beralis
2186 5209 2245 5249 es
2274 5209 2378 5249 nec
2407 5209 2516 5248 non
2548 5193 2654 5247 nisi
2674 5208 2869 5249 eorum
2910 5209 3102 5249 curam
3139 5195 3310 5264 geris,
3333 5193 3408 5249 nil
3433 5194 3537 5247 mi.

1952 5326 2073 5364 rum
2103 5309 2257 5364 facis.
2286 5309 2394 5363 Sed
2427 5309 2472 5364 si
2501 5319 2721 5363 exteros
2761 5308 2898 5365 item
2935 5309 2990 5364 in
3024 5309 3327 5364 amicitiam
3383 5318 3541 5362 tuam

1951 5426 2128 5481 allicis
2162 5426 2343 5495 iisque
2377 5423 2549 5490 faves,
2581 5424 2706 5495 quis
2734 5441 2842 5481 non
2869 5425 2968 5481 tibi
2999 5425 3264 5482 subditus
3298 5440 3422 5481 esse
3449 5442 3536 5480 τοι

1951 5536 2187 5603 cusabit,
2215 5551 2538 5606 persuasum
2571 5535 2782 5593 habens
2814 5537 2961 5610 quod
2993 5539 3074 5594 sic
3131 5538 3301 5594 vitam
3327 5539 3534 5612 jucun-

1949 5648 2073 5703 dam
2099 5649 2306 5721 deget?
