4018 6426
275 336 383 401 489

1352 348 1637 411 ORATIO
1677 342 1774 413 DE
1796 345 1961 415 ‘REG
1976 357 2046 417 lS
2086 354 2332 419 OFFlCl
2349 360 2430 422 IS.

3326 292 3333 300 '
3423 351 3534 423 4'30

268 451 402 524 ὅπερ
455 451 699 506 ἐλαύνειν
754 452 860 511 οἶδε
913 458 1058 530 ψυχὴ
1103 459 1368 515 κάλλιστα
1396 462 1535 533 ἔχει,
1566 450 1653 535 μὴ’
1678 483 1847 537 μαχο-

1954 468 2105 522 Plato
2131 477 2421 533 memorat,
2488 466 2595 524 rite
2621 468 2885 541 fungitur,
2931 466 3060 524 dum
3095 468 3221 539 equi
3256 470 3386 525 licet
3425 473 3547 531 ali-_

273 542 447 616 μένων
475 543 583 598 τῶν
615 546 817 610 ἵππων,
848 550 951 604 κᾶν
994 549 1283 606 ἀντίπαλοί
1333 572 1478 619 τινες
1525 551 1681 621 ὦσιν,
1706 557 1842 613 ἀλλὰ

272 634 675 706 ξυμϐαινόντων
710 639 980 710 ἀλλήλοις,
1012 641 1107 695 καὶ
1163 645 1303 712 μετὰ
1351 645 1447 698 τοῦ
1498 648 1838 718 τεταγμένου

272 730 605 798 ποιουμένων
636 731 737 796 τὸν,
752 731 948 801 δρόμον
973 748 987 764 ·
1018 734 1129 800 ἐγὼ
1156 735 1213 788 δὲ
1245 735 1339 788 καὶ
1368 735 1527 790 τοῦτο
1555 736 1727 805 λέγω,
1761 739 1839 801 ὡς

272 823 298 874 ὁ
328 820 486 889 σοφὸς
590 822 750 891 σοφὸς
785 825 879 876 καὶ
928 824 1129 891 γνῶσιν
1182 826 1369 896 ἴσχων,
1411 825 1472 878 οὐ
1535 827 1698 893 μόνον
1729 828 1840 881 τῶν

271 911 435 965 ὄντων
520 912 647 966 ὄντα
678 914 838 981 εἰσὶν,
869 914 1006 969 ἀλλὰ
1039 915 1134 968 καὶ
1165 916 1325 970 θείων
1353 919 1483 989 πέρι
1515 918 1843 991 καὶράνθρω-

273 1003 439 1056 πίνων
492 1007 858 1074 πραγμάτων,
891 1007 990 1060 οὐκ
1048 1009 1353 1071 ἀπεικότως
1409 1011 1503 1062 καὶ
1556 1011 1843 1082 ἄνθρωπος

279 1097 470 1168 μᾶλλον
502 1097 699 1165 λέγοιτ’
737 1098 803 1153 ἂν
841 1101 938 1154 καὶ
971 1100 1032 1154 τὸ
1063 1102 1186 1156 καθ’
1211 1104 1362 1173 ἡμᾶς
1407 1102 1714 1173 ὑπερέχων.
1757 1105 1840 1167 Ὠς

273 1190 376 1260 γὰρ
399 1191 449 1242 οἱ
481 1190 629 1244 ἄλλοι
657 1191 856 1254 πάντες
877 1191 987 1245 τῶν
1020 1193 1231 1261 ἀλόγων
1259 1195 1348 1248 διὰ
1373 1196 1464 1247 τδν
1485 1195 1646 1263 λόγον
1677 1196 1844 1266 ὑπὲρ·

168 1272 175 1281 ’
271 1298 496 1347 κεινται,
531 1279 621 1334 τὸν
646 1283 808 1335 αὑτὸν
835 1286 1039 1351 τρόπον
1061 1285 1153 1336 καὶ
1183 1277 1339 1346 οὗτος
1372 1281 1454 1346 οἷς
1485 1284 1670 1348 ἁπλῶς
1699 1286 1842 1353 λόγῳ

269 1372 484 1442 χρῆται,
514 1372 684 1425 τελῶν
711 1374 791 1434 εἰς
837 1372 1178 1442 ἀνθρώπους,
1221 1370 1302 1438 οἷς
1349 1372 1492 1428 οὕτω
1524 1376 1723 1445 χρῆται
1749 1379 1845 1431 καὶ

269 1462 460 1530 σοφίαν
492 1464 672 1526 ἀσκεῖ,
704 1466 795 1516 τὸν
838 1464 1129 1536 ἄνθρωπον
1160 1465 1236 1529 ὡς
1268 1467 1449 1541 εἰπεῖν
1497 1467 1841 1537 ὑπερϐαίνει,

266 1555 360 1608 καὶ
397 1555 551 1623 μόνος
581 1556 690 1619 τῶν
724 1557 943 1610 πάντων
988 1557 1086 1628 τὴν
1115 1558 1224 1611 τῶν
1274 1559 1632 1629 Κολοφωνίων
1665 1563 1846 1631 ψῆφον

267 1649 325 1698 ἐν
356 1650 422 1717 τῇ
459 1650 610 1719 κοινῇ
641 1649 814 1721 ταύτῃ
849 1651 1076 1720 φέρεται
1137 1650 1298 1719 φύσει
1325 1668 1338 1681 ’
1376 1652 1580 1716 ἰσόθεός
1614 1671 1696 1716 τις
1726 1653 1844 1722 φὼς

269 1738 341 1792 ὣν
370 1742 440 1802 ὡς
477 1742 670 1795 εἰπεῖν·
705 1742 732 1795 ὃ
764 1742 828 1812 δὴ
860 1745 951 1796 καὶ
982 1741 1222 1812 τοῦνομα
1255 1743 1530 1814 βούλεταισ
1562 1743 1693 1799 ὥσθ’
1718 1745 1842 1799 ὅσον

274 1834 473 1903 μᾶλλόν
543 1831 656 1889 ἐστι
716 1835 897 1902 σοφὸς,
948 1837 1169 1889 τοσοῦτο
1221 1838 1422 1909 μᾶλλον
1468 1839 1697 1908 ταυτησὶ
1748 1824 1868 1906 τῆς

268 1922 587 1994 προσθήκης
640 1925 907 1995 μετέχων,
935 1927 1059 1980 ὅσον
1097 1926 1299 1997 μᾶλλον
1328 1926 1534 1997 ταύτης
1598 1927 1841 1999 μετέχει,

265 2015 492 2067 τοσοῦτο
523 2015 724 2084 μᾶλλον
772 2017 1066 2084 ἀφίσταται
1109 2017 1209 2087 μὲν
1234 2018 1343 2072 τῶν
1384 2019 1713 2091 ἀνθρώπων,
1750 2036 1847 2089 με-

268 2104 515 2156 θίσταται
565 2104 622 2158 δὲ
679 2107 816 2175 πρὸς
875 2108 1042 2160 Θεόν⁶
1080 2110 1171 2162 καὶ
1216 2110 1469 2181 μεθόριον
1520 2112 1847 2182 γιγνόμενος

266 2193 567 2264 ἑκατέρων,
601 2193 789 2267 ὥσπερ
821 2198 1173 2270 αἰσχύνεσθαί
1227 2217 1319 2269 μοι
1360 2201 1510 2257 δοκεῖ
1546 2203 1624 2273 τῷ
1654 2203 1846 2273 σώμα-

265 2302 358 2349 τος
379 2286 510 2351 ὅλως
542 2287 812 2357 μετέχειν,
841 2290 916 2352 ὡς
950 2292 1005 2342 ὲν
1035 2290 1356 2361 ἀσωμάτοις
1392 2292 1722 2362 φιλοσοφῶν,
1753 2293 1846 2345 καὶ

266 2377 329 2428 τὸ
355 2378 455 2445 τῆς
480 2372 658 2447 ψυχῆς
689 2377 843 2447 ὄμμα
871 2380 993 2433 ὅσαι
1033 2376 1172 2447 ὧραι
1217 2383 1313 2435 καὶ
1341 2369 1423 2446 οἷς
1451 2382 1602 2451 λέγει
1641 2385 1735 2437 καὶ
1763 2370 1846 2448 οἷς

267 2466 499 2534 πράττει
535 2469 880 2523 παντάπασιν
911 2467 1283 2540 ἐκκαθαίρων,
1313 2468 1409 2528 καὶ
1436 2476 1574 2547 πρὸς
1605 2475 1845 2546 ὲποψίαν

269 2558 593 2624 ἐπιτηδείως
622 2560 766 2629 ἔχειν
801 2563 1244 2633 παρασκευάζων
1277 2566 1372 2618 τοῦ
1429 2565 1596 2630 θείου,
1627 2568 1717 2620 καὶ
1748 2566 1848 2637 τὴν

266 2649 442 2720 ἀρχὴν
474 2648 691 2722 ἐκείνην
718 2653 935 2708 διώκειν
965 2656 1089 2709 ὅθεν
1110 2658 1368 2722 ἐξέπεσεν
1390 2674 1403 2688 ·
1436 2658 1635 2725 ἔπειθ’,
1665 2654 1695 2711 ὃ
1725 2660 1852 2714 τού-

265 2761 362 2797 του
419 2744 602 2813 μεῖζον
664 2742 761 2800 καὶ
823 2740 916 2800 τοῦ
977 2748 1177 2813 παντὸς
1232 2749 1307 2813 ὡς
1359 2751 1532 2805 εἰπεῖν
1564 2750 1736 2818 ἄξιον,
1764 2753 1847 2805 ὅτι

267 2833 462 2901 θνητὸς
500 2833 597 2900 ὣν,
625 2837 892 2902 ἀθάνατος
940 2835 1080 2894 εἶναι
1123 2840 1270 2894 δοκεῖ
1297 2840 1366 2895 δι’
1388 2835 1464 2895 ὧν
1490 2843 1847 2898 καταλέλοιπε

265 2923 464 2992 λόγων,
494 2924 681 2998 ὥσπερ
727 2942 809 2990 τις
866 2931 1057 2998 παρὼν
1085 2934 1198 2994 τοῖς
1261 2935 1724 3004 ἐπιγιγνομένοις,
1780 2938 1847 2990 τὰ

265 3017 529 3072 κάλλιστα
582 3019 757 3084 ξυνὼν
789 3021 882 3072 καὶ
919 3020 1338 3092 πολιτευόμενος
1361 3041 1376 3057 ο
1415 3025 1616 3093 μᾶλλον
1641 3026 1697 3080 δὲ
1727 3028 1849 3098 οὐχὶ

265 3110 458 3168 ἑαυτὸν
512 3111 692 3182 μόνον,
726 3110 863 3167 ἀλλὰ
912 3116 1159 3180 καὶτοὺς
1211 3118 1406 3181 ἄλλους
1459 3120 1579 3172 ἀντὶ
1626 3120 1839 3191 θνητῶν
1872 3137 1914 3196 α

262 3200 569 3264 ἀθανάτους
600 3202 777 3256 ποιεί·
815 3204 1010 3258 ἑαυτὸν
1042 3206 1163 3274 μὲν,
1194 3202 1275 3270 οἷς
1304 3207 1463 3278 ἔφην,
1494 3212 1622 3273 τοὺς
1655 3211 1733 3275 δὲ,
1763 3205 1844 3276 οἷς

263 3292 365 3363 τὴν
414 3292 565 3362 σφῶν
620 3295 824 3365 ἀρετήν
873 3313 931 3349 τε
977 3285 1066 3352 καὶ
1120 3298 1276 3367 δόξαν
1317 3302 1468 3355 ἐσαεὶ⁹
1503 3308 1845 3375 παραμένειν

264 3386 676 3452 παρασκευάζει
710 3389 822 3452 τοῖς
860 3389 1037 3457 λόγοις
1063 3405 1081 3424 ο
1124 3395 1189 3462 ἣν
1238 3394 1332 3447 ἐὰν
1388 3393 1464 3466 μὴ
1517 3398 1612 3450 τοῦ
1650 3403 1845 3472 συστήο

266 3492 452 3539 σοντος
477 3479 588 3541 τοῖς
635 3479 827 3532 ἔπειτα
876 3481 1035 3555 τύχῃ,
1067 3484 1230 3548 εὐθὺς
1280 3485 1564 3543 σϐέννυται
1592 3491 1686 3543 καὶ
1718 3494 1845 3563 περὶ

246 3567 438 3639 αὐτὴν
464 3573 729 3641 καταρρεῖ
748 3588 760 3603 ο
793 3573 905 3627 οὐδ’
926 3575 1006 3629 ὃτι
1035 3576 1255 3646 γέγονεν
1283 3580 1461 3636 οὐδενὶ
1491 3585 1630 3653 μετὰ
1666 3585 1841 3657 βραχὺ

267 3659 616 3733 δεικνυμένη.

340 3745 445 3812 κζ’.
478 3750 645 3804 Ὅταν
690 3754 930 3827 τοίνυνὴ
970 3756 1187 3812 πάντων
1238 3759 1348 3816 τῶν
1394 3759 1569 3818 ἄλλων
1617 3766 1844 3834 ἀγαθῶν

268 3842 553 3910 περιουσία
606 3845 699 3897 καὶ
737 3845 896 3917 χάρις
926 3852 1162 3920 τυχοῦσα
1192 3850 1290 3922 μὲν
1344 3853 1517 3923 λόγων
1567 3858 1841 3924 ἀθάνατος

262 3927 319 4003 ᾖ,
366 3932 441 4002 μὴ
471 3934 709 4004 τυχοῦσα
735 3938 793 3990 δὲ
822 3941 987 4010 νεκρά
1018 3960 1133 4006 πως
1173 3940 1312 3998 εἶναι
1363 3946 1492 4017 δοκῇ
1526 3949 1604 4021 τῷ
1649 3951 1848 4005 λανθά-

262 4041 396 4091 νειν,
431 4026 521 4080 καὶ
542 4028 694 4082 οὐδὲν
726 4032 914 4094 αὐταῖς
944 4026 1164 4108 πλέονῇ
1196 4036 1288 4090 τοῦ
1321 4038 1452 4091 ποτὲ
1485 4042 1840 4112 γεγενῆσθαι,

265 4114 383 4176 πῶς
426 4116 486 4169 οὐ
538 4118 821 4173 κάλλιστον
867 4122 977 4174 τῶν
1010 4124 1070 4176 ἐν
1120 4124 1430 4195 ἀνθρώποις
1478 4129 1737 4184 ἁπάντων
1766 4132 1848 4186 δεῖ

260 4206 505 4274 νομίζειν
543 4210 667 4273 τοὺς
694 4211 921 4280 λόγους;
957 4216 1075 4279 πῶς
1117 4216 1163 4269 δ’
1192 4218 1252 4269 οὐ
1299 4220 1459 4272 πάντ’
1500 4221 1632 4274 εἵσω
1657 4222 1844 4276 πίπτει

260 4297 359 4352 τοῦ
396 4298 706 4371 θαυμαστοῦ
735 4305 887 4357 τοῦδε
923 4309 1016 4360 καὶ
1043 4306 1323 4378 δαιμονίου
1348 4313 1422 4381 τῷ
1443 4313 1558 4365 ὄντι
1584 4316 1845 4386 πραγμα-

260 4405 393 4455 τος;
429 4392 536 4445 Καὶ
593 4394 702 4465 μὴν
743 4397 792 4449 εἰ
826 4399 1037 4461 κοινούς
1066 4417 1219 4463 τινας
1255 4403 1551 4472 εὐεργέτας
1600 4408 1693 4458 καὶ
1733 4425 1841 4460 σω·-

1944 589 2211 649 quantum
2230 583 2599 654 divergentes,
2617 598 2725 638 non
2752 583 3126 639 diversimode
3150 592 3405 648 currunt,
3425 586 3521 639 scd

1945 694 2141 749 eodem
2175 694 2414 766 pedibus
2437 695 2690 752 tendunt.
2715 697 2795 752 Ad
2825 712 2948 768 qute
2978 711 3078 766 ego
3104 697 3156 752 id
3190 712 3411 769 quoque
3445 714 3533 753 as—

1943 820 2069 862 sero
2091 808 2237 877 quod
2270 808 2437 864 homo
2472 810 2692 879 sapiens
2712 806 2818 881 qua
2839 810 3060 881 sapiens
3089 826 3201 867 non
3236 812 3410 867 solum
3434 828 3533 867 re-

1947 934 2069 974 rum
2102 928 2376 987 naturam,
2427 923 2521 978 sed
2555 933 2611 979 et
2665 925 2975 979 divinarum
3050 927 3530 996 humanarumque

1944 1033 2260 1104 cognitione
2289 1036 2524 1105 gaudet,
2561 1046 2617 1092 et
2647 1038 2788 1094 hanc
2841 1040 2912 1095 ob
2970 1054 3188 1096 causam
3237 1042 3523 1098 hominum

1942 1148 2140 1218 vulgus
2166 1148 2327 1219 longe
2352 1161 2602 1221 superat.
2666 1153 2735 1209 Ut
2764 1153 2913 1209 enim
2950 1156 3044 1225 qui
3083 1157 3293 1213 ratione
3317 1159 3532 1228 praediti

1887 1291 1896 1298 -
1940 1264 2325 1327 suntczeteris,
2348 1266 2442 1335 qui
2474 1279 2537 1320 ea
2577 1275 2769 1322 carent
2797 1276 3079 1336 przestant,
3114 1269 3268 1325 sicis
3293 1272 3388 1341 qui
3444 1288 3534 1327 sa-

1943 1373 2154 1443 pientia
2177 1376 2340 1440 duce,
2369 1380 2746 1446 multitudine,
2779 1392 2842 1435 ut
2894 1393 3098 1452 potest,
3139 1387 3334 1452 utitur,
3389 1388 3534 1445 inter

1942 1496 2170 1545 cancros
2197 1493 2460 1547 mortales
2498 1496 2735 1560 excellit,
2761 1504 2818 1551 et
2848 1498 3001 1553 solus
3059 1499 3531 1571 Colophoniorum

1943 1601 2268 1673 suﬂ'ragium
2303 1604 2482 1662 feret:
2510 1615 2596 1663 est
2631 1609 2777 1663 enim
2799 1609 2884 1664 vir
2912 1612 3066 1681 quasi
3117 1613 3344 1670 divinus
3373 1630 3430 1670 re
3478 1627 3536 1671 et

1947 1714 2193 1772 nomine.
2224 1715 2346 1783 Quo
2368 1717 2516 1773 enim
2548 1720 2722 1791 magis
2750 1731 2836 1777 est
2867 1725 3087 1794 sapiens
3126 1735 3182 1779 et
3232 1727 3534 1797 perfectus.

1945 1843 2012 1882 eo
2039 1829 2257 1898 longius
2283 1829 2353 1886 ab
2381 1818 2663 1888 htﬂninum
2692 1838 2968 1892 communi
2999 1839 3248 1906 distabit,
3282 1843 3535 1913 propius-

1947 1956 2055 2009 que
2089 1942 2156 1996 ad
2188 1942 2358 1998 Deum
2393 1942 2638 2004 accedet.
2679 1948 2748 2003 Et
2767 1949 2847 2004 sic
2872 1952 3019 2007 inter
3039 1952 3180 2010 duos
3212 1956 3425 2025 positus
3460 1955 3530 2010 li-

1952 2055 2121 2111 mites
2137 2065 2194 2111 et
2216 2055 2284 2111 de
2309 2057 2476 2114 rebus
2500 2057 2952 2120 immaterialibus
2973 2066 3389 2138 pbilosophans.
3415 2088 3530 2127 ma-

1954 2168 2163 2223 tcrialis
2191 2181 2447 2228 creatura
2475 2189 2596 2229 esse
2623 2176 2811 2244 nolet;
2835 2178 2949 2233 imo
2978 2178 3030 2235 in
3060 2182 3248 2239 verbis
3305 2194 3361 2240 et
3397 2186 3534 2240 acti-

1953 2281 2057 2338 bus
2085 2284 2289 2340 mentis
2334 2286 2555 2341 oculum
2588 2289 2886 2359 puriﬁcare
2939 2308 3217 2367 nunquam
3270 2298 3529 2365 cessabit,

1952 2407 2012 2453 ut
2045 2399 2111 2454 ad
2139 2399 2395 2458 Numinis
2426 2403 2598 2459 divini
2656 2405 3004 2464 lutuitionem
3062 2425 3120 2465 se
3170 2424 3440 2483 praeparet
3469 2431 3532 2469 ac

1950 2514 2245 2582 pristinam
2282 2517 2651 2588 integritatem
2678 2535 2842 2591 quam
2874 2524 3154 2592 amiserat,
3203 2537 3518 2597 recuperct.

1955 2626 2089 2694 Sed,
2120 2630 2267 2699 quod
2324 2641 2629 2688 memoratu
2657 2634 3038 2706 dignissimum
3081 2649 3186 2704 est,
3246 2656 3370 2696 cum
3431 2643 3536 2696 im-

1951 2741 2201 2797 mortalis
2226 2752 2332 2810 est,
2357 2745 2827 2803 immortalitatem
2853 2749 2908 2803 in
2937 2764 3253 2809 sermonum
3294 2771 3524 2811 suorum

1957 2863 2146 2911 tenore
2169 2857 2442 2929 relinquet
2468 2866 2592 2929 post
2626 2860 2851 2930 probam
2873 2863 3074 2931 vitam;
3108 2881 3208 2921 nec
3230 2882 3289 2922 sc
3325 2870 3528 2937 solum,

1953 2971 2046 3026 sed
2073 2978 2301 3028 caeteros
2352 2989 2574 3046 quoque
2611 2993 2643 3033 e
2666 2981 2996 3038 mortalibus
3026 2983 3362 3043 immortales
3396 3003 3531 3043 con-

1952 3085 2176 3152 stituet;
2210 3102 2269 3142 se
2291 3088 2493 3159 ipsum,
2517 3091 2660 3148 sicut
2681 3093 2819 3163 dixi,
2841 3105 3071 3155 caeteros
3100 3110 3284 3158 autem
3309 3104 3527 3162 virtutis

1949 3215 2015 3254 ac
2044 3200 2230 3271 glorize
2282 3205 2542 3261 memoria
2588 3182 2786 3264 iitteris
2818 3211 3093 3268 mandata.
3119 3212 3245 3271 Hau:
3268 3221 3533 3276 memoria

1952 3313 2059 3369 nisi
2092 3313 2174 3369 sic
2208 3316 2472 3384 ﬁrmatur,
2505 3318 2782 3376 intercidit
2825 3321 3065 3394 collapsa
3117 3324 3345 3401 vestigia
3384 3335 3533 3391 nulla

1950 3426 2291 3496 relinquens.

2017 3762 2108 3823 27.
2146 3769 2199 3826 Si
2227 3771 2472 3829 omnium
2500 3782 2768 3846 quotquot
2796 3784 2926 3832 sunt
2951 3777 3223 3834 bonorum
3263 3781 3527 3835 memoria

1949 3883 2277 3942 litteraturae
2309 3889 2580 3946 beneﬁcio
2636 3892 2963 3952 immortalis
3008 3906 3108 3963 est,
3165 3907 3222 3952 et
3251 3899 3526 3952 contraria

1952 3997 2069 4051 vice
2104 3999 2470 4071 exstinguitur
2509 4003 2626 4073 ipsa
2650 4004 2956 4073 oblivione,
2986 4017 3043 4065 et
3069 4024 3159 4066 res
3188 4021 3352 4080 gestae
3378 4013 3528 4068 nuléa

1948 4114 2031 4168 sui
2066 4117 2294 4186 reatigia
2333 4120 2682 4191 relinquunt,
2709 4138 2888 4180 nonne
2919 4123 3145 4181 historia
3182 4129 3534 4198 przeclarissi-

1948 4243 2033 4282 ma
2066 4244 2249 4284 rerum
2282 4230 2644 4289 humanarum
2676 4236 2928 4295 habenda
2962 4242 3095 4296 est?
3139 4252 3193 4297 et
3239 4245 3363 4312 quis
3419 4261 3528 4300 non

1949 4343 2099 4398 videt
2120 4346 2304 4408 omnia
2326 4362 2447 4416 quae
2475 4350 2750 4405 exsistunt
2770 4350 2890 4421 ejus
2919 4364 3102 4424 partes
3137 4360 3529 4417 constitutivas

298 4479 433 4546 ἧμας
458 4483 551 4536 καὶ
584 4455 887 4546 iugem“;
914 4455 1069 4546 105's
1078 4490 1158 4544 ίου
1191 4455 1284 4546 id
1307 4455 1843 4546 πέᾠτῖέὰ
1870 4498 1924 4546 ῃ
1953 4455 2110 4511 ﬁeri?
2145 4456 2304 4523 Quod
2344 4459 2389 4514 si
2421 4460 2644 4517 humani
2672 4467 2887 4534 generis
2916 4467 3318 4540 benefactores,
3349 4481 3528 4546 sospi-

260 4483 433 4550 τῆρας
458 4483 551 4536 καὶ
584 4487 887 4555 κηδεμόνας
914 4489 1009 4543 τοῦ
1039 4490 1158 4561 βίου
1191 4493 1284 4546 καὶ
1307 4495 1487 4546 πάντα
1518 4497 1585 4549 τὰ
1616 4497 1843 4552 τοιαῦτα
1870 4498 1924 4559 D

263 4579 388 4638 τοὺς
419 4577 616 4646 νόμους
660 4580 898 4644 ἅπαντες
936 4584 1118 4653 ἴσμεν,
1157 4584 1233 4654 τῷ
1275 4586 1460 4640 πᾶσαν
1491 4589 1592 4657 μὲν
1641 4591 1846 4645 κακίαν

265 4668 610 4727 παντάπασιν
656 4672 921 4741 ἀναιρεῖν,
954 4674 1157 4747 ἀρετὴν
1191 4676 1247 4729 δὲ
1292 4681 1633 4748 συνιστάναι,
1669 4682 1736 4734 δι’
1768 4676 1845 4738 ὧν

261 4759 362 4828 τὴν
401 4759 500 4826 μὲν
535 4763 702 4833 τιμᾷν
755 4764 958 4818 οἴονται
991 4766 1122 4830 δεῖν,
1154 4771 1280 4831 τοὺς
1322 4769 1380 4822 δὲ
1434 4776 1845 4842 πονηροτάτους

262 4851 538 4919 κολάζειν,
566 4850 603 4922 ἦ
642 4855 744 4908 πού
795 4873 859 4923 γε
912 4857 1046 4912 πολὺ
1097 4860 1366 4932 πρότερον
1408 4867 1520 4928 τοῖς
1563 4867 1743 4935 λόγοις
1772 4866 1847 4923 ὧν

262 4942 482 5013 εὕρημα
521 4946 696 5016 νόμοι,
732 4949 938 5019 ταύτην
964 4950 1225 5020 εἰσόμεθα
1250 4953 1474 5020 δικαίως
1505 4957 1600 5027 τὴν
1633 4959 1796 5030 χάριν
1822 4980 1840 5025 ;

262 5037 360 5089 καὶ
386 5036 554 5091 ταῦτα
574 5041 668 5092 καὶ
696 5040 777 5092 ἔτι
810 5041 980 5095 πλείω
1022 5043 1161 5112 μετὰ
1186 5044 1381 5099 πολλοῦ
1412 5049 1507 5103 τοῦ
1536 5051 1845 5121 κρείττονος

262 5127 458 5191 αὐτοὺς
492 5131 889 5202 προσεροῦμεν,
925 5131 1000 5197 ὡς
1039 5139 1219 5206 πάσης
1258 5140 1603 5210 εὐδαιμονίας
1634 5143 1845 5216 ἀνθρὼ-

263 5237 388 5284 ποις
413 5221 499 5275 διὰ
521 5223 630 5275 τῶν
658 5224 839 5294 νόμων
882 5228 1126 5297 αἰτίους;
1174 5230 1333 5303 εἴπερ
1384 5236 1535 5287 οὐδὲν
1593 5237 1694 5305 μὲν
1736 5238 1846 5292 τῶν

262 5315 518 5385 χρηστῶν
548 5316 647 5367 οὐκ
675 5317 741 5369 ἂν
776 5335 906 5371 ποτε
939 5320 1188 5393 ἐπράχθη
1222 5322 1298 5393 μὴ
1325 5327 1591 5380 τεθέντων
1618 5331 1725 5382 τῶν
1753 5333 1842 5384 νό-

263 5420 404 5474 μων,
445 5404 710 5473 ἐτέθησαν
769 5409 824 5460 δὲ
875 5410 1175 5481 τοεξαρχῆς
1226 5415 1330 5467 ὑπὸ
1360 5417 1555 5485 λόγων,
1606 5424 1701 5473 καὶ
1747 5423 1842 5477 νῦν

258 5496 522 5558 ἐπιεικῶς
575 5501 1039 5569 συγκροτοῦνταιο
1072 5506 1118 5556 εί
1169 5505 1215 5558 δ’
1264 5508 1543 5563 ίδιὼτατον
1598 5514 1700 5577 μὲν
1746 5520 1840 5571 καὶ

258 5586 703 5643 λυσιτελέστατον
746 5593 840 5645 καὶ
896 5594 989 5647 τοῦ
1036 5597 1240 5661 παντὸς
1272 5598 1575 5665 ἀξιώτατον
1625 5606 1837 5676 ἀνθρώ-

1951 4575 2176 4631 tatores.
2211 4570 2253 4624 si
2283 4570 2452 4642 leges,
2479 4572 2523 4627 si
2549 4575 2732 4628 ornnia
2762 4575 2959 4629 similia
2989 4582 3253 4636 memoria
3276 4592 3529 4642 tenemus

1946 4695 2073 4735 eum
2108 4682 2162 4737 in
2206 4682 2372 4739 tinem
2421 4693 2481 4739 ut
2510 4688 2772 4742 malitiam
2811 4689 3217 4761 interimamus,
3263 4700 3526 4756 virtutem

1947 4793 2314 4862 stabiliamus,
2352 4807 2411 4851 ut
2442 4795 2692 4856 homines
2722 4801 2863 4873 frugi
2915 4821 3358 4877 remunerentur,
3394 4830 3523 4884 pra-

1946 4918 2044 4960 vos
2077 4908 2426 4980 castigemus,
2458 4911 2768 4968 litterarqu
2805 4933 2988 4984 usum,
3023 4922 3170 4977 unde
3204 4924 3352 4996 leges
3404 4945 3524 4982 mn-

1947 5027 2166 5086 narunt,
2201 5037 2313 5091 quo
2364 5024 2581 5078 tandem
2616 5027 2825 5084 honore
2859 5031 3197 5089 efﬁciemus?
3246 5041 3526 5107 quomodo

1948 5135 2082 5189 satis
2116 5134 2462 5192 laudabimus
2488 5154 2600 5193 rem
2626 5155 2746 5209 qua:
2772 5142 2952 5213 legum
2983 5162 3085 5216 ope
3122 5149 3405 5206 hominum
3441 5154 3524 5210 fe-

1944 5246 2206 5301 licitatem
2242 5248 2772 5306 stabilivit?Revera
2808 5254 2947 5309 nihil
2997 5256 3125 5311 boni
3164 5259 3285 5314 sine
3343 5263 3524 5332 legum

1948 5360 2154 5415 latione
2182 5360 2235 5415 in
2276 5372 2418 5418 terra
2451 5363 2635 5433 ﬁeret;
2678 5366 2828 5438 leges
2858 5377 3042 5425 autem
3069 5387 3099 5426 e
3138 5373 3339 5429 litteris
3372 5391 3528 5433 ema-

1949 5488 2171 5542 narunt,
2206 5488 2262 5533 et
2292 5494 2440 5533 nunc
2475 5482 2697 5548 quidem
2731 5486 3010 5541 communi
3050 5489 3268 5544 vinculo
3321 5509 3527 5550 ornan-

1951 5601 2060 5646 tur.
2094 5589 2149 5645 Si
2186 5578 2353 5663 igitur
2375 5593 2605 5649 scieutia
2636 5596 2905 5656 litteraria
2936 5617 3022 5658 res
3057 5614 3141 5659 est
3179 5607 3386 5665 homini
3418 5614 3526 5668 uti-

336 5749 416 5819 (1)
464 5748 942 5821 Colophoniorum
984 5757 1302 5828 snﬂragium
1355 5764 1498 5832 apud
1552 5764 1841 5825 Scholtum
1886 5776 2144 5846 proverb.
2170 5781 2407 5849 append.
2443 5792 2552 5839 vat.
2585 5785 2649 5854 ll,
2694 5786 2778 5844 .13.

595 5847 869 5914 PATROL.
909 5857 1027 5916 Gn.
1066 5855 1171 5914 CX
1190 5855 1292 5917 LV.

3094 5884 3171 5947 16

2631 5953 2708 5961 .-νς-
