4018 6420
581 335 679 399 m1
1800 343 2208 409 THEODULI
2250 335 2598 417 MONACHI
3696 376 3787 440 tu

573 452 806 518 lissima,
845 453 1184 524 dignissima,
1218 457 1343 526 quia
1378 454 1618 511 hominis
1664 460 1985 531 dignitatem
2043 479 2139 518 ma-

2267 490 2389 536 ποις
2435 477 2482 527 οἱ
2533 475 2703 545 λόγοι,
2737 476 2806 532 τά
2834 480 2881 532 τ’
2912 479 3043 534 ἄλλα
3075 482 3181 534 καὶο
3207 481 3287 535 ὄτι
3327 481 3496 553 πολλῷ
3518 484 3730 554 βελτίους
3758 496 3786 563 ἢ

580 562 859 632 ximopere
881 573 1064 636 auget,
1095 580 1312 636 semper
1332 577 1515 622 autem
1542 569 1754 626 l'autore
1779 586 1844 626 ac
1866 572 2139 630 Maecenati

2263 565 2382 618 κατ’
2406 564 2725 636 ἀνθρώπους
2745 569 3065 625 καθιστᾶσιν
3095 572 3434 644 ἀνθρώπους,
3455 575 3651 632 δέονται
3677 579 3717 633 δ’
3744 562 3792 646 ἔς

2263 657 2350 709 ἀεὶ
2376 657 2619 711 τοιούτου
2655 659 3059 728 συναγωνιστοῦ
3099 663 3192 715 καὶ
3233 665 3550 732 προστάτου,
3578 660 3681 732 οἷος
3711 672 3788 724 αύ-

2260 748 2352 812 τὸς
2399 744 2470 815 εἴ,
2532 749 2677 818 μέγα
2704 751 3000 822 δυνάμενος
3050 753 3139 807 διὰ
3181 754 3281 827 τὴν
3319 755 3511 827 ᾀρχὴν,
3543 759 3638 826 οὐχ
3671 760 3791 830 ὑπὲρ

2261 838 2440 893 αὐτῶν
2472 840 2673 910 μᾶλλον
2701 842 2732 911 ῆ
2763 842 2910 904 ὅπως
2934 843 3066 896 αὐτὸ
3095 844 3242 898 τοῦθ’
3262 846 3398 916 ὅπερ
3418 847 3519 900 είσ).
3546 851 3634 901 καὶ
3657 852 3793 919 νομί.

2262 931 2446 996 ζονται
2475 932 2616 1002 μετὰ
2661 932 2907 1004 μείζονος
2953 935 3294 1006 ἐργάζωνται
3327 939 3424 1008 τῆς
3451 944 3792 1013 παρασκευῆς,

2261 1024 2356 1076 καὶ
2404 1024 2542 1095 πρὸς
2573 1025 2757 1095 κοινὴν
2783 1025 3086 1098 ἀνθρώπων
3111 1029 3296 1098 ὄνησιν
3328 1025 3476 1088 ὦσιν.

2329 1123 2439 1187 κη’.
2474 1116 2537 1170 Ei
2561 1116 2719 1172 ταῦθ’
2771 1117 2915 1172 οὕτω
2945 1121 3038 1174 καὶ
3077 1119 3265 1174 τοῦτον
3312 1121 3427 1194 ἔχει
3466 1123 3556 1178 τὸν
3595 1125 3790 1196 τρόπον,

2259 1205 2353 1262 καὶ
2381 1209 2577 1272 πάντες
2601 1208 2668 1263 ἂν
2689 1208 2905 1274 πάντως
2931 1211 2998 1264 τὰ
3025 1210 3230 1266 τοιαῦτ’
3259 1211 3505 1283 ἀλλήλοις
3529 1215 3789 1285 ευμφαῖεν,

2257 1299 2460 1364 δίκαιος
2495 1299 2562 1354 ἃν
2613 1301 2731 1373 εἴης
2778 1302 2874 1356 καὶ
2922 1303 3108 1369 αὐτὸς,
3136 1298 3182 1358 ὦ
3230 1304 3473 1374 βασιλεῦ,
3518 1307 3609 1361 ἆτε
3637 1311 3792 1364 κοινὸν

2257 1391 2486 1459 ὀφείλων
2505 1390 2694 1461 ὄφελος
2715 1389 2877 1459 εἶναι,
2914 1395 3056 1450 οὕτω
3103 1397 3310 1451 τούτων
3357 1397 3686 1470 ἀντέχεσθαι,
3716 1402 3792 1454 καὶ

2257 1480 2527 1552 τοσαύτην
2569 1482 2710 1553 ὑπὲρ
2767 1485 2946 1538 αὐτῶν
2977 1487 3258 1556 εἰσφέρειν
3306 1487 3559 1560 σπουδὴν,
3602 1489 3674 1552 ὡς
3730 1490 3792 1559 μὴ

2261 1576 2421 1644 μόνον
2458 1576 2760 1648 ἑκασταχοῦ
2801 1577 2900 1648 τῆς
2932 1579 3260 1649 οἰκουμένης
3293 1581 3433 1649 μετὰ
3476 1580 3666 1634 πολλοῦ
3711 1579 3793 1634 τοῦ

2256 1671 2537 1740 περιόντος
2566 1670 2848 1723 ἀσκεῖσθαι
2879 1670 3072 1738 λόγους
3100 1671 3365 1738 κελεύειν,
3390 1674 3665 1744 καὶντιμᾷν
3687 1675 3792 1736 τοὺς

2257 1762 2501 1836 ἔχοντας,
2532 1763 2668 1817 ἀλλὰ
2715 1763 2808 1816 καὶ
2859 1763 2918 1817 σέ
2973 1765 3025 1832 γ’
3075 1765 3239 1819 αὑτὸν
3279 1766 3582 1835 ἀγωνιστὴν
3612 1766 3792 1819 τούτων

576 691 718 746 opus
741 675 927 742 habet,
959 677 1139 748 qualis
1171 687 1249 745 ιιι,
1279 681 1372 749 qui
1409 683 1742 740 auctoritate
1797 686 1951 756 regia
1987 687 2160 757 pluri-

582 801 731 842 mum
756 801 932 858 ροισι,
965 789 1228 861 majorem
1259 791 1396 862 ipsis
1451 793 1682 865 gratiam
1713 811 1780 853 ac
1819 798 2147 870 dignitatem

577 898 734 955 indas
760 915 973 969 precor,
1026 910 1085 955 ut
1125 901 1420 958 hominum
1451 906 1675 964 utilitati
1731 909 1906 982 magis
1960 912 2159 982 magis-

573 1025 682 1080 que
727 1011 1011 1068 inserviat.

642 1124 734 1179 28.
770 1124 826 1180 Si
860 1125 979 1181 hate
1006 1125 1080 1182 ita
1111 1141 1172 1182 se
1213 1128 1440 1197 habent,
1464 1139 1519 1186 et
1551 1133 1596 1186 si
1655 1132 1723 1188 ad
1761 1149 1930 1189 unum
1966 1149 2158 1192 omnes

574 1238 678 1292 hac
708 1238 776 1293 de
813 1253 872 1293 re
901 1240 1279 1307 consentiunt,
1317 1250 1372 1296 tu
1415 1246 1554 1314 ipse,
1586 1259 1702 1310 rex,
1730 1246 2002 1316 ejusmodi
2026 1255 2156 1302 stu-

574 1354 662 1406 dia
696 1353 954 1410 ardenter
988 1357 1374 1426 complecteris
1405 1373 1529 1414 eum
1555 1359 1610 1414 in
1635 1357 1822 1428 linem,
1859 1370 1920 1416 ut
1953 1363 2158 1435 ubique

574 1465 822 1533 gentium
861 1480 1143 1523 sermones
1196 1467 1529 1538 sapientium
1578 1471 1762 1540 magni
1813 1471 1982 1527 facias
2029 1489 2153 1529 cum

577 1579 818 1649 ipsisque
849 1589 1129 1637 certamen
1158 1582 1330 1638 ineas.
1361 1583 1429 1640 Ut
1453 1598 1578 1639 vere
1597 1584 1799 1650 dicam,
1831 1601 2150 1642 sermonum

575 1691 932 1746 serendorum
985 1692 1362 1764 librorumque
1394 1695 1750 1765 legendorum
1784 1699 2004 1754 occasio
2036 1715 2147 1754 non

572 1815 789 1870 semper
819 1811 921 1867 est,
957 1816 1136 1874 neque
1163 1803 1420 1860 victorias
1457 1800 1714 1863 Pintﬂric
1741 1823 1893 1864 more
1927 1819 2139 1866 cantare

2257 1800 2501 1836 ἔριν-ς,
2532 1800 2668 1817 ...ηιμ
2717 1800 2808 1816 συ..
2859 1800 2918 1817 νε
2983 1800 2996 1832 ι
3075 1800 3238 1819 νυδυν
3279 1800 3581 1835 ..εωηυημ
3621 1800 3792 1819 ws..."

2255 1853 2393 1910 εἶναι
2424 1856 2517 1910 καὶ
2546 1856 2889 1926 σπουδαστήν
2921 1857 3017 1926 (1).
3047 1857 3111 1911 Εἰ
3144 1858 3200 1910 δὲ
3238 1858 3516 1912 τοσούτων·
3544 1859 3635 1912 καὶ
3661 1856 3793 1927 τηλιο

2255 1946 2464 2000 κούτων
2493 1948 2550 1999 ὲν
2579 1946 2901 2017 μεσημϐρίᾳ
2935 1948 3276 2016 πραγμάτων
3297 1948 3394 2019 οὐχ
3415 1944 3523 2001 οἶόν
3542 1965 3598 2000 τε
3625 1948 3790 2015 λόγους

2255 2037 2658 2108 μεταχειρίζειν
2711 2038 2804 2091 καὶ
2864 2037 3093 2108 βιόλίοις
3145 2039 3442 2104 ὲγκύπτειν
3508 2039 3598 2092 καὶ
3647 2037 3790 2090 τᾶλλα

2252 2132 2513 2200 πράττειν
2540 2129 2576 2186 ἃ
2599 2131 2864 2202 μεγίστης
2885 2131 3002 2184 ἐστὶ
3031 2131 3269 2202 σπουδῆς
3305 2132 3402 2185 καὶ
3421 2131 3589 2200 λόγων
3617 2129 3756 2195 ἀξίας
3774 2144 3786 2159 °

2248 2221 2368 2276 οὐδὲ
2397 2223 2505 2294 γὰρ
2541 2223 2635 2275 τὸν
2676 2223 2981 2292 ἱπποσύνην
3005 2223 3226 2276 δεδαότα
3252 2222 3404 2294 ᾄδειν
3434 2223 3570 2276 κατὰ
3601 2221 3656 2274 τὸ
3679 2221 3788 2281 ἔπος

2249 2308 2362 2370 οἷόν
2411 2331 2470 2369 τε
2506 2313 2620 2384 (2)·
2685 2317 2748 2368 σὺ
2799 2314 2854 2368 δὲ
2893 2316 2987 2370 καὶ
3029 2315 3204 2379 οὕτως
3241 2315 3341 2387 ἔσῃ
3380 2315 3559 2384 σοφὸς,
3585 2314 3676 2377 τὰς
3707 2312 3789 2382 μὶν

2251 2408 2432 2470 πόλεις
2466 2407 2702 2471 ἁπάσας,
2741 2409 2816 2470 ὡς
2850 2409 3008 2479 ἔφην,
3048 2409 3251 2480 μεστὰς
3284 2404 3429 2463 εἶναι
3461 2403 3788 2479 παρασκευάς

2251 2501 2358 2563 ζων
2388 2501 2654 2564 παιδείας,
2679 2501 2838 2564 αὐτὸς
2891 2501 2947 2554 δὲ
2987 2502 3048 2555 τό
3093 2517 3150 2569 γε
3198 2503 3388 2570 σοφοῖς
3437 2501 3664 2554 συνεῖναι
3710 2495 3788 2548 καὶ

2249 2592 2593 2662 διαλέγεσθαι
2639 2592 2840 2646 πολλοῦ
2915 2610 3058 2657 τινος
3111 2593 3300 2662 ἄγων*
3351 2593 3476 2646 ἐπεὶ
3528 2591 3613 2646 καὶ
3657 2588 3788 2656 σοφοὶ⁵

2247 2685 2499 2754 τύραννοι
2532 2687 2597 2754 τῇ
2653 2684 2831 2752 σοφῶν
2880 2684 3159 2756 συνουσίᾳ,
3185 2684 3356 2751 φασὶν
3402 2685 3452 2737 oi
3488 2682 3634 2751 σοφοί
3681 2680 3782 2749 (5)·

2247 2777 2314 2831 δι’
2346 2778 2406 2830 οῦ
2446 2777 2578 2848 δῆτα
2603 2777 2695 2829 καὶ
2732 2777 2930 2844 μᾶλλον
2978 2775 3253 2846 ζηλωτοὺς
3282 2777 3408 2842 πῶς
3443 2776 3541 2830 οῐει
3569 2775 3683 2836 τοὺς
3710 2772 3784 2824 λό-

2246 2888 2373 2939 γους
2426 2871 2634 2940 ἐργάσῃ
2675 2870 2767 2921 καὶ
2819 2869 3052 2939 σπουδῆς
3089 2869 3304 2940 ἁπάσης
3359 2869 3561 2935 ἀξίους.
3590 2868 3648 2922 Et
3695 2869 3783 2933 γὰρ

2245 2963 2307 3032 δὴ
2339 2965 2538 3022 πάντες
2582 2963 2850 3015 πεισθεῖεν
2881 2963 2964 3017 ὅτι
3018 2963 3242 3016 τοσοῦτο
3276 2963 3520 3018 τουτοισὶ
3578 2961 3781 3032 χαίρεις,

2245 3054 2386 3107 οὕτω
2416 3054 2618 3124 σφόδρα
2651 3057 2711 3108 τὸ
2739 3055 2860 3110 κατ’
2909 3055 3107 3120 αὐτοὺς
3131 3057 3372 3118 τίθεσαι,
3399 3057 3474 3120 ὡς
3518 3056 3637 3118 τοὺς
3677 3069 3785 3124 μου·

575 1911 809 1968 l'acultas
830 1914 1010 1970 datur.
1038 1915 1120 1970 Tu
1142 1932 1271 1972 vero
1292 1918 1345 1973 in
1361 1933 1430 1974 eo
1457 1935 1674 1990 quoque
1693 1921 1964 1992 sapienter
1998 1937 2147 1994 ages,

571 2037 630 2082 ut
684 2043 876 2085 omnes
940 2031 1086 2086 cives
1141 2032 1448 2088 studiorum
1501 2034 1698 2090 ardore
1748 2034 1966 2091 imbuas
1995 2046 2145 2092 etut

569 2141 880 2210 sapientum
938 2144 1272 2200 commercio
1333 2145 1595 2216 gaudeas,
1633 2147 1934 2217 siquidem,
1968 2158 2030 2205 ut
2067 2159 2151 2205 est

571 2260 625 2312 in
673 2257 990 2328 proverbio,
1028 2260 1242 2329 tyranni
1272 2260 1374 2330 ipsi
1410 2261 1718 2329 sapientum
1742 2262 2143 2319 consuetudine

570 2371 895 2441 sapientiam
935 2371 1250 2442 acquirunt.
1283 2371 1356 2426 Ita
1390 2372 1481 2428 lict
1518 2382 1914 2428 utsermonum
1969 2375 2150 2444 gravi-

570 2491 652 2536 tas
672 2496 734 2536 ac
764 2480 1001 2552 dignitas
1028 2496 1124 2551 per
1140 2491 1193 2536 te
1215 2490 1505 2551 augeatur.
1529 2480 1761 2548 Quando
1784 2483 1931 2538 enim
1957 2499 2150 2539 omnes

569 2609 890 2662 persuasum
927 2593 1223 2660 habebunt,
1259 2604 1311 2649 te
1338 2593 1610 2665 ejusmodi
1671 2594 1834 2650 rebus
1867 2594 2147 2662 delectari,

566 2722 846 2762 musarum
875 2707 1034 2762 amici
1056 2707 1152 2762 tibi
1170 2707 1276 2777 ipsi
1303 2722 1524 2778 quoque
1541 2707 1827 2774 favebunt,
1846 2720 1903 2764 et
1931 2710 2147 2765 caeteris

565 2821 798 2891 negotiis
850 2820 1181 2890 posthabitis
1213 2821 1317 2875 arti
1351 2822 1605 2876 oratoria:
1640 2823 1694 2876 in
1743 2821 1937 2892 primis
1969 2821 2150 2877 stude.

564 2932 724 2998 bunt,
757 2933 884 3002 quia
924 2933 979 2988 in
1027 2947 1093 2988 ea
1124 2946 1408 2988 musarum
1462 2932 1724 3002 templum
1749 2973 1764 2998 ,
1815 2933 2146 3002 eloquentia:

564 3050 768 3115 locum,
805 3047 984 3104 omnis
1019 3047 1301 3117 sapientia:
1325 3045 1658 3102 curriculum
1689 3045 1895 3109 vident,
1938 3044 2142 3099 Deum-

562 3176 668 3230 que
701 3176 799 3231 pro
826 3175 922 3216 sua
951 3158 1244 3230 prudentia
1273 3173 1504 3230 regnum
1557 3166 1710 3212 tuum
1733 3157 1950 3212 ﬁrmare
1979 3171 2139 3226 agno-

2249 3147 2356 3201 σῶν
2403 3147 2654 3216 ἑταίρους
2707 3150 2801 3203 καὶ
2856 3150 3052 3202 σαυτοῦ
3100 3149 3343 3220 νομίζειν
3402 3153 3661 3222 ἑτανρους,
3709 3147 3785 3201 καὶ

2243 3239 2450 3300 τούτοις
2469 3237 2779 3310 ἁπανταχοῦ
2796 3239 2905 3294 τῶν
2927 3242 3272 3312 πραγμάτων
3289 3243 3364 3297 τὰ
3382 3244 3626 3297 πλείστου
3650 3241 3786 3308 φασὶν

2242 3327 2368 3394 ἄξια
2414 3330 2674 3401 χρῆσθαι,
2707 3333 2843 3386 πᾶσι
2871 3335 2983 3396 τοῖς
3024 3333 3204 3397 ἄλλοις
3235 3333 3293 3389 εῦ
3335 3332 3458 3390 οῖδα
3501 3339 3698 3406 χαίρειν
3722 3332 3787 3382 είο

2241 3424 2459 3486 πόντες,
2493 3423 2850 3491 προσέξουσιν
2881 3425 2958 3488 ὡς
2989 3425 3223 3494 μάλιστα
3252 3427 3466 3496 λόγοις·
3518 3427 3608 3482 καὶ
3636 3425 3787 3480 πάντα

2242 3514 2404 3567 πόνον
2434 3514 2574 3582 ὑπὲρ
2603 3513 2696 3567 τοῦ
2729 3516 3033 3585 κτήσασθαι
3057 3517 3280 3582 τούτους
3329 3520 3582 3591 νομιοῦσι
3605 3517 3789 3590 ῥᾳστώ-

2239 3621 2359 3674 νην,
2388 3604 2464 3667 ὠς
2511 3605 2664 3669 ἔντδς
2697 3607 2878 3675 ὀλίγου
2922 3608 3140 3678 μουσῶν
3190 3610 3449 3680 θέατρον,
3501 3612 3589 3666 καὶ
3638 3612 3787 3678 λόγων

2239 3694 2445 3759 ἑστίαν,
2477 3697 2568 3748 καλ.
2598 3695 2892 3766 ξυμπάσης
2925 3695 3000 3760 ὡς
3026 3699 3204 3751 είπεῖν
3250 3700 3446 3768 ἀγῶνα
3475 3701 3674 3769 σοφίας.
3707 3695 3784 3749 καὶ

2238 3787 2416 3841 πάντα
2442 3789 2512 3840 τὰ
2539 3787 2766 3842 τοιαῦτα
2795 3785 2933 3841 Θεοῦ
2963 3789 3218 3858 διδόντος,
3245 3791 3348 3862 τὴν
3376 3793 3473 3864 σὴν
3504 3791 3668 3862 ἀρχὴν
3693 3807 3778 3843 κα-

2235 3877 2499 3944 ταστῆναι
2520 3893 2534 3908 ο
2571 3878 2667 3931 καί
2707 3895 2764 3929 σε
2797 3877 3112 3948 θαυμαστὸν
3138 3881 3392 3937 ἐντεῦθεν
3424 3883 3621 3953 μᾶλλον
3653 3878 3779 3950 γενέ-

2238 3969 2384 4032 σθαι,
2411 3970 2495 4023 ὅτι
2524 3970 2585 4022 τὸ
2615 3970 2905 4023 θεσπέσιον
2928 3973 3080 4024 τουτὶ
3095 3973 3288 4042 χρῆμα
3311 3976 3407 4029 καὶ
3430 3975 3619 4046 ἡδονῆς
3639 3972 3778 4043 κόρον

2235 4061 2334 4114 οὒκ
2361 4060 2504 4132 ἔχον,
2532 4059 2700 4114 πολὺν
2725 4060 2824 4132 ἤδη
2857 4063 3046 4131 χρόνον
3073 4067 3137 4134 τῇ
3159 4064 3267 4117 τῶν
3288 4066 3629 4135 κρατούντων
3649 4064 3778 4132 ἅμα·

2235 4149 2347 4220 θίᾳ,
2381 4151 2472 4220 ὑφ’
2503 4144 2580 4205 ὧν
2630 4151 2740 4206 ἔδει
2793 4153 3015 4236 μᾶλλον.
3043 4155 3371 4226 ἐκλάμπειν,
3415 4151 3777 4213 κατασϐεσθὲν,

2233 4243 2329 4296 καὶ
2360 4243 2497 4314 πρὸς
2529 4244 2588 4296 τὸ
2619 4244 2784 4315 μηδὲν
2827 4245 2926 4316 ἤδη
2957 4245 3237 4316 χωρῆσαν,
3278 4249 3346 4302 σὺ
3383 4250 3543 4319 μόνος
3589 4241 3808 4316 πυρσοῦι

2230 4332 2390 4404 δίκην
2415 4335 2527 4388 δεῖν
2552 4334 2740 4406 ᾠήθης
2763 4336 2988 4407 ἀνάψαι,
3029 4339 3122 4391 καὶ
3149 4339 3292 4408 μετὰ
3317 4339 3429 4396 τῶν
3453 4341 3627 4398 ἄλλων
3656 4338 3776 4403 ἀγα·

1717 4424 1771 4498 Ψ
1802 4424 2130 4448 ¹⁶¹“⁸¹¹“¹³“
2232 4424 2344 4477 θῶν
2397 4426 2493 4480 καὶ
2547 4425 2696 4480 τοῦτ’
2759 4428 3066 4498 ἀνθρώποις
3097 4428 3173 4493 ὡς
3217 4430 3438 4500 μάλιστ’
3492 4427 3780 4486 ἀνανεώσα-

548 4520 776 4590 οτῇιιιίηο
822 4517 964 4587 apud
1001 4516 1151 4585 ipsos
1216 4510 1486 4581 refugium
1532 4510 1875 4581 quaerebant,
1937 4515 2125 4578 utpote

2243 4516 2357 4570 σθαι
2378 4533 2391 4546 ’
2428 4517 2610 4582 καλῶς
2635 4533 2702 4587 γε
2725 4519 2918 4584 ποιῶν,
2950 4514 2995 4574 ὧ
3022 4521 3267 4590 βασιλεῦ,
3299 4523 3396 4578 καὶ
3418 4520 3596 4592 σαυτῷ
3624 4532 3778 4589 προσ-

561 3284 744 3328 scunt.
786 3272 867 3327 Tu
902 3272 1018 3342 ipse
1049 3273 1100 3326 in
1141 3270 1506 3327 admiratione
1525 3271 1659 3336 eris,
1698 3272 1828 3342 quia
1861 3270 1915 3325 in
1952 3285 2142 3341 perpe-

562 3396 653 3442 tua
711 3389 991 3456 voluptate
1054 3385 1284 3455 positus,
1329 3385 1460 3439 dum
1497 3387 1681 3440 caeteri
1719 3400 1816 3455 per
1878 3385 2136 3455 ignoran-

559 3502 688 3554 tiam
741 3499 1123 3569 languescunt,
1164 3506 1219 3551 tu
1251 3497 1406 3566 phari
1449 3496 1624 3551 instar
1651 3494 1774 3549 luce
1821 3504 1913 3549 tua
1967 3509 2141 3566 genus

559 3613 857 3666 humanum
888 3611 1130 3664 illustras
1155 3623 1218 3663 ac
1250 3621 1565 3678 regeneras;
1598 3623 1705 3678 qua
1727 3607 1780 3662 in
1798 3622 1856 3662 re
1880 3583 2137 3678 praeclare

556 3727 693 3796 agis,
721 3740 839 3790 rex,
873 3735 926 3778 et
958 3726 1258 3794 sapienter.
1294 3722 1376 3778 En
1417 3723 1727 3793 exemplum
1763 3723 2131 3793 probativum.

556 3838 925 3890 Athenienses
964 3833 1109 3888 inter
1167 3847 1358 3887 omnes
1401 3848 1510 3887 non
1566 3833 1833 3888 Barbaros
1891 3843 2130 3896 tantum,

555 3950 649 4004 sed
677 3948 896 4005 Graecos
919 3947 1203 4002 universos
1223 3944 1579 4001 celeberrima
1608 3959 1672 4001 ac
1693 3945 2131 4016 splendidissima

558 4075 758 4132 ιευρειισ
812 4067 1149 4125 erexerunt,
1218 4057 1474 4113 omnibus
1548 4056 1876 4113 formidandi
1907 4057 2132 4125 Graecis,

557 4180 607 4230 in
650 4191 789 4247 quos
832 4183 977 4228 terra
1026 4171 1269 4240 marique
1291 4168 1711 4225 dominabantur
1732 4167 1949 4224 nemine
1977 4183 2135 4240 pror-

552 4309 645 4346 sus
696 4290 1019 4355 resistente;
1074 4285 1184 4341 imo
1238 4297 1433 4339 omnes
1484 4282 1540 4337 in
1596 4282 1744 4353 ipsos
1798 4289 1856 4337 ut
1885 4297 2131 4338 commu-

551 4421 648 4457 nes
670 4403 1026 4472 sospitatores
1048 4397 1241 4455 oculos
1271 4393 1682 4465 dirigebant,et
1715 4395 1771 4448 in
1801 4385 1988 4448 rerum
2016 4392 2130 4447 dis-

489 4666 494 4668 -
549 4634 642 4702 qui
697 4633 797 4687 soli
864 4629 1166 4698 prudenter
1211 4627 1381 4681 rebus
1451 4623 1768 4686 inservire,
1826 4635 1978 4675 arma
2035 4633 2126 4673 ca-

551 4758 791 4813 pessere,
813 4756 922 4797 uno
941 4740 1126 4803 verbo,
1153 4738 1272 4808 qui,
1293 4748 1350 4791 ut
1377 4735 1454 4789 ait
1477 4734 1744 4789 Homerus
1765 4739 1817 4787 et
1841 4743 2124 4786 sermones

548 4870 734 4911 serere
791 4861 847 4908 et
890 4865 1054 4922 Opera
1103 4848 1329 4918 exsequi
1397 4846 1669 4902 sciebant.
1736 4845 1893 4914 Apud
1973 4843 2122 4914 ipsos

548 4965 695 5020 enim
727 4963 914 5018 schola
942 4960 1181 5014 Eleatica
1225 4959 1278 5013 iu
1315 4959 1620 5012 litterarum
1655 4956 1835 5009 studia
1855 4963 1912 5009 et
1939 4967 2118 5007 armo-

548 5093 666 5131 rum
693 5074 1020 5132 exercitium
1070 5073 1246 5142 divisa
1297 5079 1438 5125 erat.
1493 5069 1598 5125 Sed
1646 5077 1707 5123 ut
1760 5067 1898 5124 nihil
1944 5066 2120 5122 dicam

544 5202 613 5250 de
664 5192 1034 5248 Themistocle
1059 5201 1116 5246 et
1137 5189 1372 5254 Pericle,
1398 5188 1639 5245 Miltiade
1683 5197 1741 5243 et
1781 5187 2012 5244 Cimone
2059 5201 2122 5241 ac

545 5312 609 5363 de
631 5317 706 5363 tot
727 5306 852 5362 aliis
881 5306 1114 5362 ducibus
1133 5313 1190 5360 et
1211 5303 1525 5358 rhetoribus
1551 5302 1646 5372 qui
1671 5301 1928 5356 virtutem
1951 5314 2115 5370 supra

544 5419 724 5474 (omnia
755 5417 1074 5483 laudabant,
1107 5417 1315 5488 quique
1347 5416 1562 5470 caeteris
1610 5413 1877 5469 virtutum
1929 5428 2116 5468 exem-

2231 4609 2473 4680 ηκόντως
2497 4625 2513 4640 ο
2560 4610 2720 4680 δῆλον
2759 4611 2806 4664 δ’
2835 4612 3066 4668 ἐκεῖθεν.
3105 4611 3376 4684 Ἀθηναῖοι
3407 4613 3539 4682 γοῦν
3566 4612 3775 4682 μέγιστα

2233 4699 2331 4769 μὲν
2364 4701 2458 4753 καὶ
2516 4702 2783 4755 κάλλιστα
2835 4703 2948 4757 τῶν
2980 4705 3239 4758 ἁπάντων
3277 4705 3499 4760 πάντων
3537 4704 3635 4756 οὐκ
3684 4696 3776 4751 ἀπὸ

2228 4790 2524 4862 βαρσάρων
2568 4793 2770 4862 μόνων.
2798 4795 2938 4850 ἀλλὰ
2985 4797 3080 4850 καὶ
3111 4799 3329 4852 πάντων
3377 4798 3648 4867 Ἐλλήνων
3673 4792 3777 4844 ἀνέ·

2227 4898 2434 4951 στησαν
2480 4885 2721 4954 τρόπαια
2745 4901 2760 4916 ⁶
2812 4887 3033 4956 φοϐεροὶ
3072 4887 3128 4940 δὲ
3156 4887 3364 4942 ἅπασιν
3404 4884 3564 4960 ἦσαν,
3601 4884 3700 4940 τῶν
3727 4879 3774 4932 δὲ

2238 4971 2504 5042 Ἐλλήνων
2532 4977 2626 5030 καὶ⁵
2663 4979 2804 5031 κατὰ
2850 4981 2953 5048 γῆν
2984 4981 3079 5032 καὶ
3109 4980 3252 5032 κατὰ
3274 4980 3559 5039 ,θάλατταν
3583 4973 3739 5048 ἦρχον
3760 4985 3772 5001 ’

2227 5067 2320 5119 καὶ
2367 5065 2562 5132 οὐδεὶς,
2607 5066 2684 5130 ὡς
2737 5069 2933 5133 εἰπεῖν,
2970 5071 3248 5136 ἀντισχεῖν
3293 5067 3516 5138 ἡδύνατ’
3566 5066 3768 5118 αὐτοῖς’

2225 5159 2426 5219 πάντες
2459 5159 2518 5211 δὲ
2548 5160 2628 5222 είς
2667 5159 2863 5222 αὐτοὺς
2910 5160 2986 5224 ὡς
3027 5163 3245 5224 κοινοὺς
3285 5163 3540 5232 σωτῆρας
3581 5159 3769 5223 ἑώρων.

2221 5251 2314 5302 καὶ
2346 5249 2567 5311 τούτους
2611 5251 2668 5302 ὲν
2707 5253 2821 5313 τοῖς
2855 5254 3139 5314 σκοπέλοις
3173 5253 3268 5322 τῆς
3306 5253 3480 5321 τύχης
3514 5241 3770 5302 ἐποιεῦντο

2221 5339 2562 5410 καταφυγὴν,
2593 5341 2682 5394 διὰ
2713 5342 2774 5393 τὸ
2805 5342 3002 5409 μόνους
3030 5344 3137 5396 τῶν
3183 5345 3404 5398 πάντων
3434 5342 3569 5410 μετὰ
3599 5346 3770 5402 σοφτας

2217 5434 2312 5485 καὶ
2337 5433 2432 5484 τοῦ
2461 5434 2862 5504 λελογισμένως
2892 5439 3005 5498 τοῖς
3043 5436 3343 5506 πράγμασι
3374 5434 3608 5506 χρῆσθαι
3646 5423 3766 5494 πρὸς

547 5545 691 5593 num
711 5527 1081 5596 exhibebant;
1139 5537 1199 5583 ut
1253 5534 1578 5597 praeteream
1616 5524 1990 5595 Pythagoreos
2021 5527 2112 5594 qui

2251 5529 2352 5578 πλαι
2412 5533 2634 5596 χωρεῖν,
2665 5531 2756 5582 καὶ
2790 5531 2916 5593 τσὺς
2947 5533 3165 5595 αὑτοῦς,
3199 5533 3272 5595 ὡς
3327 5532 3574 5601 Ὅμηρος
3611 5522 3764 5591 MT“,

609 5713 682 5783 (ii
719 5714 776 5766 ln
809 5712 1046 5781 margine
1081 5731 1170 5782 γρ.
1203 5715 1550 5783 φροντιστὴν.

610 5782 684 5850 (‘2)
716 5782 900 5837 Exstat
936 5782 1284 5853 proverbium
1319 5784 1460 5852 apud
1497 5784 1780 5838 Schottum
1816 5783 1895 5837 St.
1927 5782 2014 5836 (il.
2048 5834 2054 5840 .

2288 5717 2361 5784 t5)
2401 5716 2706 5785 Euripides.
