4018 6414
279 345 381 406 493

1359 330 1648 391 ORATlO
1692 329 1786 390 DE
1817 331 2049 392 llEGIS
2093 327 2440 390 OFFICIIS.

3429 313 3532 381 494

278 458 493 508 Μύσων
520 469 581 504 τε
601 450 868 519 minimc
897 449 1143 516 ἔμμεναι
1171 442 1520 513 πριικτῆριὶς
1558 442 1606 494 τ’
1634 442 1840 512 ἔργων.

1968 442 2159 495 ἰαιὶιιιιι
2184 456 2433 510 magnam
2457 450 2510 494 et
2534 437 2799 494 Graeiam
2842 435 3114 489 illustrem
3141 429 3530 495 reddiderunt;

279 546 444 600 Ταῦτ’
470 546 578 614 ἄρα
607 545 699 595 καὶ
742 541 800 594 τὸ
834 539 1126 608 λεγόμενον
1149 537 1283 606 παρ’
1302 536 1487 597 αὐτοῖς
1537 534 1846 588 Ἐλεατικὸν

280 640 470 710 ἀμέλει
501 636 870 690 διδασκαλεῖον
925 632 1102 699 λόγων
1140 629 1255 698 ἅμα
1308 629 1404 681 καὶ
1452 627 1633 680 ὅπλων
1673 626 1847 694 ἄσκη-

283 748 362 794 σις
392 726 460 800 ἦν
481 745 495 760 °
530 729 614 781 ἴνα
647 727 703 781 δὲ
738 727 880 794 μετὰ
913 721 1346 793 Θεμιστοκλέους
1388 719 1482 772 καὶ
1517 717 1850 788 Περικλέους

282 825 372 880 καὶ
400 819 693 874 Μιλτιάδου
733 818 822 871 καὶ
869 817 1124 888 Κίμωνος
1165 815 1257 868 καὶ
1301 812 1409 866 τῶν
1451 811 1631 866 ἄλλων
1675 809 1851 864 ἀπάν-

283 931 386 969 των
421 911 742 986 στρατηγῶν
787 912 883 966 καὶ
935 909 1206 980 ρητόρων,
1265 906 1316 959 οἳ
1360 905 1452 960 καὶ
1497 907 1597 974 τὴν
1651 901 1851 973 ἀρετὴν

282 1009 418 1080 ὑπὲρ
447 1008 668 1062 ἔπαινον
701 1002 868 1076 εἶχον,
915 1004 1206 1074 καὶημόνοι
1236 1001 1348 1062 τοῖς
1375 999 1558 1062 ἄλλοις
1589 997 1852 1067 εὐψυχίας

281 1098 420 1172 ἦσαν
450 1099 830 1169 παράδειγμα,
858 1096 953 1150 καὶ
975 1095 1104 1159 τοὺς
1135 1092 1431 1163 εὐδαίμονα
1459 1091 1559 1162 τὴν
1597 1089 1851 1150 Ἰταλίαν,

282 1196 378 1262 τὴν
410 1193 504 1245 καὶ
555 1191 801 1261 μεγάλην
853 1187 1296 1256 έπικεκλημένην
1353 1183 1600 1245 Ἐλλάδα,
1663 1182 1729 1236 δι’
1778 1173 1852 1236 ὧν

285 1285 654 1340 ἐπολιτεύοντο
679 1301 739 1336 τε
775 1284 868 1338 καὶ
902 1283 1274 1353 ἐστρατήγουν
1307 1278 1477 1333 πολὺν
1518 1277 1619 1348 ἢδη
1661 1274 1852 1346 χρόνον

287 1378 650 1448 πεποιηκότας
684 1373 1090 1444 Πυθαγορείους
1125 1370 1312 1442 παρῶ,
1347 1368 1431 1432 τίς
1463 1369 1562 1423 οὐκ
1584 1359 1696 1421 οἶδέ
1723 1367 1854 1429 τοὺς

283 1472 580 1538 ἀπογόνους
620 1465 858 1529 Αἰνείου,
889 1463 968 1534 τῷ
1002 1464 1182 1530 λόγοις
1220 1463 1317 1514 καὶ
1369 1459 1555 1522 ὅπλοις
1591 1458 1855 1520 ἐπιεικῶς

285 1561 637 1633 ἐξηρτῆσθαι,
675 1557 758 1628 ἐφ’
780 1558 924 1610 οὕτω
948 1575 999 1610 τι
1024 1556 1184 1623 δόξης
1205 1556 1300 1608 καὶ
1337 1551 1530 1622 ῥώμης
1570 1553 1665 1606 καὶ
1685 1551 1854 1622 τύχης

283 1658 376 1709 καὶ
413 1653 507 1707 τοῦ
543 1653 860 1707 παντάπασι
902 1650 1121 1702 πάντων
1147 1650 1206 1702 ὲν
1255 1648 1391 1700 πᾶσι
1431 1647 1657 1717 κρατεῖν
1695 1645 1857 1715 ἥκον-

282 1766 406 1812 τας,
445 1747 518 1810 ὡς
571 1745 666 1799 καὶ
717 1745 816 1811 τῆς
867 1744 1192 1810 οἰκουμένης
1249 1739 1472 1808 ἀπάσης
1526 1735 1855 1807 γεγενῆσθαι

284 1841 535 1909 scopi-auc;
568 1838 632 1892 Εί
662 1835 708 1889 δ’
747 1833 978 1905 εὐψυχία
1007 1833 1104 1887 καὶ
1134 1833 1281 1899 λόγοι
1324 1829 1552 1884 τοσοῦτο
1577 1829 1854 1891 δύνανται,

209 1946 214 1954 ’
284 1933 380 1985 καὶ
408 1929 549 1983 οὕτω
578 1926 928 1997 θαυμαστοὺς
959 1923 1324 1993 ἀποφαίνουσι
1355 1922 1481 1984 τοὺς
1512 1920 1851 1992 χρωμένους,

287 2022 473 2090 ἡλίκον
509 2020 572 2072 ἂν
601 2018 686 2085 εἴη
717 2016 903 2087 χρῆμα
933 2013 1113 2068 αὐτῶν
1143 2030 1202 2065 τε
1253 2012 1462 2065 τούτων
1504 2011 1600 2064 καὶ
1638 2009 1857 2063 πάντων

282 2108 358 2167 ὦν
389 2111 448 2175 ἐξ
478 2111 650 2181 ἀρχῆς
683 2110 840 2179 ῑἔφην,
877 2107 1012 2177 (ἱμοῦ
1044 2107 1374 2170 συνιόντων;

355 2205 456 2258 κθ’.
499 2206 590 2256 Δεῖ
623 2204 686 2273 δή
740 2219 821 2254 σοι
849 2202 1024 2270 λόγων
1069 2199 1306 2266 μάλιστα
1349 2198 1588 2257 πάντων.
1621 2191 1665 2250 ὦ
1697 2197 1856 2265 βασι-ὲ

283 2298 400 2359 λεῦ,
437 2297 635 2367 μᾶλλον
683 2295 739 2347 δὲ
780 2295 917 2364 μετά
945 2295 1163 2346 πάντων
1207 2291 1318 2344 τῶν
1348 2289 1525 2344 ἄλλων
1557 2291 1652 2343 καὶ
1683 2288 1858 2356 λόγων

283 2391 345 2454 ἐξ
382 2390 623 2457 ἀνάγκης
657 2404 738 2440 σοι
765 2386 864 2451 δεῖ,
903 2385 977 2448 ὡς
1009 2386 1179 2456 μόνην
1229 2383 1433 2454 ταύτην
1471 2378 1640 2437 οὖσαν
1671 2380 1860 2434 καλλί-

287 2499 421 2552 στην
453 2483 543 2534 καὶ
582 2479 924 2546 τελεωτάτην
953 2479 1046 2530 καὶ
1090 2477 1179 2530 διὰ
1203 2476 1394 2530 πασῶν
1425 2475 1500 2539 ὡς
1543 2475 1717 2528 εἰπεῖν
1756 2474 1860 2542 ἀρ-

289 2576 478 2643 μονίαν
505 2586 519 2599 ⁸
551 2572 742 2640 φθόνον
780 2572 836 2624 δὲ
865 2571 913 2624 εί
949 2570 1048 2639 μὲν
1077 2570 1284 2639 μηδένα
1316 2571 1466 2640 παρὰ
1517 2567 1742 2640 μηδενὸς
1769 2569 1861 2621 ἐπὶ

288 2665 428 2716 πᾶσι
456 2665 688 2725 τούτοις,
713 2656 757 2717 ὦ
788 2661 1032 2732 βασιλεῦ,
1063 2661 1286 2715 ἔσεσθαί
1314 2677 1396 2713 σοι
1427 2661 1689 2730 νομίζεις,
1717 2659 1864 2728 πρῶ·

286 2773 378 2807 τον
414 2755 511 2823 μὲν
547 2753 604 2806 ού
641 2751 708 2804 τὰ
741 2751 1089 2822 προσήκοντα
1115 2751 1236 2816 olet,
1284 2750 1556 2820 τοσαύτην
1585 2752 1675 2802 καὶ
1705 2749 1859 2820 τηλιο

285 2847 502 2918 καύτην
525 2847 699 2918 ἀρχὴν
737 2844 1100 2916 ἀνείπξιςθονον
1129 2841 1269 2900 εἶναι
1313 2844 1545 2914 νομίσας
1567 2883 1582 2908 ,
1612 2841 1706 2896 τοῦ
1751 2843 1862 2898 πά·

286 2944 412 3004 θους
460 2943 570 3003 τοῖς
621 2939 1008 3009 σμικροτάτοις
1074 2937 1221 2992 ἔστιν
1279 2939 1368 2992 ὅτε
1426 2939 1858 3007 ξυμϐαίνοντοςθ

286 3034 477 3086 ἔπειτα
511 3033 628 3094 πῶς
685 3027 795 3085 οἶόν
823 3049 880 3084 τε
927 3031 1020 3084 τὸν
1053 3031 1261 3103 ταύτην
1300 3031 1375 3094 ὡς
1421 3031 1502 3084 δεῖ
1533 3030 1858 3095 διοικοῦντα,

1952 572 2088 626 quas
2125 557 2377 625 regiones
2410 555 2504 608 diu
2565 563 2620 606 ct
2675 552 2890 606 artibus
2918 558 2976 604 et
3010 547 3180 601 armis
3229 544 3531 615 regebant:

1953 671 2076 740 quis
2115 669 2291 723 nescit
2316 666 2458 736 quod
2491 664 2678 720 Aincae
2743 663 2928 734 proles
2982 658 3313 730 eloquentiae
3366 667 3422 713 et
3452 672 3538 711 ar-

1955 798 2168 838 morum
2196 783 2248 835 vi
2276 797 2342 837 eo
2395 781 2582 852 gloriae
2619 791 2674 836 et
2703 777 2962 850 potentiae
2989 790 3054 832 ac
3083 773 3361 829 felicitatis
3411 788 3537 844 per-

1953 902 2329 959 venerunt,ut
2349 891 2515 948 totius
2533 890 2722 945 mundi
2751 887 2955 944 domini
2977 885 3103 941 tacti
3135 884 3284 940 sint?
3329 883 3534 951 Quodsi

1956 1009 2131 1064 virtus
2156 1018 2214 1063 et
2261 1007 2573 1078 eloquentia
2638 1014 2852 1060 tantum
2901 1002 3105 1067 valent,
3165 1010 3221 1056 et
3287 1015 3384 1055 eos
3441 1001 3536 1070 qui

1956 1129 2245 1192 utramque
2265 1126 2548 1174 sectantur
2567 1117 2706 1173 adeo
2741 1116 3048 1183 illustrant,
3088 1113 3220 1186 quid
3256 1114 3385 1170 inde.
3415 1114 3525 1169 uti-

1955 1235 2126 1290 litatis
2156 1241 2425 1295 manaret.
2463 1232 2509 1288 si
2531 1246 2726 1288 omnes
2753 1231 2822 1286 iis
2853 1229 3088 1288 ducibus
3110 1230 3442 1286 uterentur?

2030 2109 2120 2164 29.
2149 2108 2296 2164 Ante
2329 2106 2514 2164 omnia
2561 2107 2731 2180 igitur
2788 2104 3008 2162 dicendi
3046 2102 3241 2176 peritia
3270 2097 3542 2157 excellere

1959 2217 2148 2284 debes,
2206 2235 2240 2275 ο
2329 2219 2653 2291 imperator,
2705 2222 2759 2273 in
2814 2233 2920 2288 qua
2951 2233 3079 2272 vera
3125 2213 3417 2287 elegantia
3484 2220 3540 2265 et

1963 2334 2278 2390 concinnus
2303 2334 2441 2389 ordo
2470 2334 2610 2390 situs
2635 2341 2740 2389 est.
2763 2331 2818 2388 Si
2841 2333 2969 2389 dein
3000 2331 3276 2387 neminem
3302 2329 3420 2384 fore
3445 2342 3543 2397 pu-

1967 2457 2052 2500 tas
2082 2446 2177 2515 qui
2227 2446 2346 2500 itlas
2381 2446 2478 2501 tibi
2513 2446 2746 2501 virtutes
2796 2444 3061 2510 invideat,
3115 2441 3332 2514 egregie
3361 2455 3539 2494 erras.

1961 2555 2080 2622 Quo
2115 2565 2271 2626 pacto
2298 2556 2445 2611 enim
2476 2566 2528 2611 te
2556 2566 2638 2612 tot
2664 2571 2727 2612 ac
2756 2556 2922 2611 tantis
2949 2554 3248 2610 virtutibus
3279 2560 3539 2606 ornatum

1963 2671 2084 2726 sine
2137 2669 2342 2724 invidia
2375 2682 2728 2741 regnaturum
2765 2685 2887 2726 esse
2919 2678 3102 2739 putas,
3152 2667 3373 2722 invidiae
3408 2667 3544 2720 vitio

1963 2782 2050 2838 vel
2085 2782 2340 2838 minimos
2371 2783 2626 2838 homines
2649 2782 3018 2838 calcitrante?
3055 2781 3112 2836 Si
3144 2783 3290 2836 enim
3317 2821 3330 2846 ,
3361 2790 3422 2836 ut
3445 2780 3546 2834 de-

1964 2895 2831 2966 cet,respublicasadministras,
2853 2896 3128 2968 quomodo
3147 2912 3255 2954 non
3278 2897 3546 2968 optimum

1967 3022 2018 3067 te
2042 3027 2261 3083 quoque
2289 3028 2411 3068 esse
2445 3013 2560 3068 fieri
2597 3014 2838 3085 poterit?
2890 3013 3274 3070 Possidentem
3311 3027 3550 3084 namque

287 3128 470 3188 ὁποῖος
505 3124 562 3178 εὖ
599 3118 696 3176 οἵδ’
726 3123 889 3188 αὐτὸς
916 3123 1037 3194 ἔσῃ,
1073 3123 1148 3194 μὴ
1179 3123 1300 3194 ούχλ⁵
1341 3123 1434 3176 καὶ
1477 3123 1753 3193 βέλτιστον
1782 3119 1861 3176 εἴ·

1969 3122 2175 3178 invidia
2209 3124 2458 3194 sequitur
2518 3125 2822 3180 secundum
2885 3125 3056 3181 tilium
3099 3125 3386 3196 sapientia:
3447 3125 3545 3195 qui

286 3234 410 3284 ναι;
442 3218 545 3271 Τὸν
574 3217 629 3270 δὲ
660 3215 904 3270 τοιοῦτον
949 3218 1041 3268 καὶ
1081 3215 1394 3284 φθονεῖσθαι
1424 3219 1576 3270 πᾶσα
1606 3216 1822 3286 ἀνάγκη
1847 3233 1859 3248 ’

290 3308 427 3378 πρὸς
456 3309 562 3378 γὰρ
590 3307 679 3360 τὸν
712 3307 885 3378 ἔχονθ’
917 3311 943 3361 ὁ
978 3307 1173 3377 φθόνος
1205 3308 1386 3376 ἕρπει,
1414 3309 1554 3364 κατὰ
1581 3311 1672 3364 τὸν
1696 3310 1863 3363 παῖδα

291 3400 505 3467 σοφίας.
538 3401 636 3461 τὰς
691 3400 943 3468 ἀφορμὰς
974 3401 1038 3453 ἐκ
1079 3403 1178 3469 τῆς
1225 3399 1483 3470 ἀληθείας
1533 3401 1861 3472 λαμϐάνωνο

290 3486 605 3556 προσδοκῶν
621 3486 676 3538 δὲ
701 3488 747 3538 εί
773 3487 868 3554 μὲν
894 3487 992 3555 οὐχ
1016 3485 1169 3556 ἥξεις
1191 3487 1268 3549 εἰς
1297 3489 1518 3557 πεῖραν,
1542 3490 1661 3558 θεῷ
1687 3508 1743 3542 τε
1772 3493 1865 3560 λάι-

293 3596 379 3649 ριν
398 3579 592 3648 ῖσχειν,
623 3578 802 3647 σαυτῷ
815 3595 873 3630 τε
902 3580 988 3632 διὰ
1009 3578 1185 3632 ταῦτα
1211 3579 1554 3651 ξυγχαίρειν·
1583 3582 1629 3634 εί
1646 3583 1691 3635 δ’
1711 3584 1865 3638 οὐδὲν

295 3670 516 3738 μᾶλλον,
546 3670 578 3741 ἢ
606 3669 664 3722 τὸ
693 3670 840 3734 εἰκὸς
873 3670 947 3733 ὡς
981 3672 1218 3740 μάλιστα
1259 3673 1468 3743 φέρειν,
1505 3674 1538 3745 ἢ
1571 3675 1863 3745 δυσχεραί-

291 3782 420 3828 νων,
485 3761 667 3833 σαυτῷ
721 3764 941 3827 πάντως
996 3768 1292 3837 περιπεσῇ,
1349 3767 1385 3821 ἃ
1451 3768 1866 3838 προσεδόκησας

293 3853 532 3920 ἔσεσθαι,
571 3853 745 3908 ταῦτα
794 3855 1058 3924 γεγονότα
1116 3856 1395 3920 κακίζων⁹
1432 3857 1604 3927 χωρὶς
1646 3857 1702 3912 δὲ
1737 3858 1864 3913 τού·

291 3963 420 4010 των,
454 3948 502 3998 εί
536 3946 602 3999 τὰ
627 3947 728 4016 μὲν
761 3946 942 4010 καλῶς
969 3947 1162 4017 ἔχοντα
1192 3948 1509 4002 παντάπασι
1541 3951 1649 4003 τῶν
1678 3968 1862 4023 πραγ-

297 4039 481 4108 μάτων
515 4038 858 4109 ἀπήλλακται
887 4037 1182 4109 βασκανίας
1217 4043 1310 4093 καὶ
1342 4041 1562 4110 φθόνου,
1597 4041 1865 4097 πάντοθεν

295 4128 780 4199 συγκεκροτημένα
823 4129 922 4182 καὶ
975 4130 1335 4200 μηδηντινοῢν
1378 4131 1551 4205 λαϐὴν
1579 4133 1639 4187 τὺ
1683 4137 1867 4205 παρά-

294 4238 403 4274 παν
443 4221 760 4292 μηδαμόθεν
786 4220 996 4275 διδόντα
1023 4223 1208 4278 ”κατά
1225 4222 1282 4277 δὲ
1312 4223 1421 4277 τῶν
1447 4226 1523 4295 μὴ
1549 4226 1720 4299 ταύτῃ
1751 4228 1870 4284 δια-

293 4313 566 4378 κειμένων
620 4312 688 4363 τὰ
729 4309 857 4381 βέλη
893 4309 1143 4382 φέρεται,
1196 4313 1246 4366 ει
1281 4311 1383 4381 μὲν
1423 4315 1519 4368 καὶ
1566 4316 1728 4378 αὐτὸς
1753 4321 1866 4383 τοῖς

291 4401 435 4464 ὅλοις
468 4401 741 4470 βέλτιστος
767 4397 838 4464 εἷ,
875 4403 976 4455 οὐκ
998 4402 1064 4457 ἄν
1095 4419 1188 4472 μοι
1231 4404 1406 4467 δοκεῖς
1451 4407 1601 4476 παρὰ
1638 4407 1869 4478 μηδενὸς

1965 3237 2130 3292 eiiata
2153 3253 2250 3292 sua
2289 3255 2319 3293 a
2343 3239 2572 3295 veritate
2599 3239 2718 3310 ipsa
2751 3249 3056 3306 mutuatur,
3078 3249 3134 3298 et
3162 3242 3256 3312 qui
3290 3241 3387 3296 tibi
3419 3256 3549 3297 con-

1969 3353 2189 3420 gaudet,
2226 3353 2270 3407 si
2305 3354 2707 3410 tentationibus
2737 3370 2847 3410 non
2880 3355 3228 3424 succumbis;
3286 3355 3331 3411 si
3361 3365 3546 3412 autem

1969 3478 2174 3521 sortem
2201 3467 2442 3537 iniquam
2469 3468 2699 3538 pateris,
2724 3469 2908 3525 minus
2927 3485 3090 3539 quam
3111 3485 3213 3540 par
3241 3469 3550 3542 estaﬂlige-

1974 3583 2063 3629 tur
2087 3584 2176 3642 ;et
2201 3577 2454 3646 quamvis
2482 3577 2557 3632 sis
2579 3579 2842 3647 Optimus,
2881 3579 3104 3636 invidiae
3135 3580 3238 3634 tela
3264 3581 3348 3636 vel
3380 3581 3434 3636 in
3466 3581 3549 3636 in-

1968 3697 2259 3742 nocentem
2292 3688 2606 3758 dirigentur
2631 3688 2945 3760 famamque
2970 3699 3117 3746 tuam
3145 3691 3370 3747 laedent.
3402 3691 3547 3758 Qua-

1965 3810 2024 3850 re
2051 3796 2200 3867 erige
2225 3797 2470 3853 animum
2503 3806 2666 3870 teque
2694 3799 2872 3871 ipsum
2902 3802 3135 3858 emenda
3157 3805 3428 3874 quotidie,
3459 3805 3549 3860 in-

1963 3917 2120 3965 terea
2142 3919 2328 3966 autem
2358 3912 2792 3983 reprehensores
2815 3916 3087 3972 ausculta.
3119 3916 3228 3974 Sed
3262 3927 3378 3974 tum
3405 3934 3549 3990 quo-

1966 4039 2074 4092 que
2116 4023 2206 4080 ubi
2234 4025 2375 4081 bene
2397 4024 2466 4083 de
2495 4035 2546 4083 te
2582 4027 2909 4098 loquuntur,
2943 4029 3042 4087 tibi
3096 4031 3203 4102 ipsi
3274 4033 3548 4090 rationem

1967 4139 2139 4197 redde
2159 4149 2215 4196 et
2238 4140 2364 4196 vitae
2384 4141 2719 4210 quotidiana:
2736 4157 2970 4199 examen
2992 4145 3244 4201 institue.
3281 4147 3372 4202 Sic
3402 4150 3551 4204 enim

1982 4255 2243 4326 teipsum,
2311 4269 2420 4310 non
2467 4264 2700 4311 cateros
2761 4256 3223 4326 reprehensibiles
3267 4261 3550 4329 invenies;

1977 4365 2090 4420 imo
2118 4363 2322 4436 gratias
2367 4363 2438 4418 iis
2485 4364 2717 4421 habebis
2776 4365 3179 4438 videndoquod
3239 4369 3415 4426 nimio
3472 4372 3551 4426 tui

292 4493 524 4545 ἀκοῦσαι
560 4493 769 4558 κακῶς,
799 4493 914 4547 ἀλλ’
943 4495 1234 4559 ἐπαινέτας
1282 4498 1493 4561 πάντας
1526 4476 1826 4572 κεκτῆσθαι
1847 4521 1860 4532 ·

1971 4491 2163 4534 amore
2191 4476 2456 4534 seductus
2487 4480 2720 4550 teipsu‘m
2766 4480 2950 4538 minus
2975 4481 3255 4552 cognitum
3283 4483 3549 4541 habebas.

293 4583 344 4634 εἰ
368 4581 414 4634 δ’
436 4583 666 4654 ἀκούσῃ,
695 4583 878 4647 ἔοικας
914 4585 1051 4655 μηδὲ
1083 4588 1197 4649 τοῖς
1224 4586 1366 4650 ὅλοις
1385 4587 1665 4658 βέλτιστος
1700 4588 1864 4658 εἶναι,

295 4672 435 4726 ἀλλὰ
460 4673 555 4726 τοῦ
605 4675 690 4728 διά
720 4676 937 4728 πάντων
978 4677 1168 4742 ἐνδεῖν,
1217 4678 1314 4730 καὶ
1349 4679 1444 4742 ,διὰ
1487 4681 1648 4736 τοῦτο
1682 4684 1868 4747 κακῶς

296 4763 520 4818 ἀκούειν
545 4781 556 4796 ’
610 4766 903 4834 διόρθωσαι
945 4767 1123 4821 τοίνυν
1167 4771 1226 4822 έν
1269 4771 1482 4834 τούτοις
1523 4772 1738 4841 σαυτὸν,
1775 4777 1871 4828 καὶ

303 4852 528 4919 ποίησον
553 4852 641 4905 διὰ
676 4852 895 4906 πάντων
938 4855 1136 4924 βελτίω
1162 4871 1176 4886 °
1213 4856 1318 4919 ἕως
1350 4857 1394 4910 δ’
1424 4859 1490 4913 ἂν
1535 4861 1610 4930 μὴ
1637 4861 1782 4914 τοῦτ’
1809 4859 1868 4936 ᾗ,

299 4946 394 4995 καὶ
422 4943 526 4995 τῶν
554 4947 895 5014 αἰτιωμένων
915 4946 1110 5017 ἀνέχου
1132 4963 1147 4979 ο
1179 4948 1383 5017 μᾶλλον
1414 4949 1472 5003 δὲ
1515 4952 1618 5004 κᾶν
1647 4954 1870 5021 μηδεισ-

298 5032 481 5083 emo-3v
522 5050 580 5084 σε
629 5034 736 5086 τῶν
797 5035 1018 5089 πάντων
1066 5037 1199 5110 εἴπῃ
1250 5039 1460 5106 κακῶς,
1511 5040 1614 5095 κᾶν
1647 5042 1870 5096 τούναν-

299 5128 414 5180 τίον
468 5129 664 5191 πάντες
718 5130 858 5198 φῶσι
892 5131 1095 5193 καλῶς.
1150 5133 1214 5184 σὺ
1254 5132 1311 5185 δὲ
1361 5134 1456 5186 καὶ
1494 5134 1638 5188 οὕτω
1674 5139 1874 5191 σαυτὸν

300 5216 381 5280 οἷς
411 5218 581 5282 οὕτως
615 5221 778 5291 ἔχεις,
811 5223 910 5276 οὐκ
939 5224 1273 5291 ἀπαλλάξεις
1310 5228 1515 5291 αἰτίας,
1549 5228 1644 5282 ὲάν
1671 5232 1873 5286 σαυτοῦ

468 5129 664 5191 πάντες

302 5313 459 5380 λόγον
487 5316 637 5384 ποιῇ,
681 5317 773 5367 καὶ
810 5315 887 5385 τῷ
919 5318 1286 5389 καθεκάστην,
1333 5319 1405 5382 ὼς
1433 5322 1630 5388 εἰπεῖν,
1673 5323 1776 5393 βίῳ
1801 5325 1878 5378 δι-

301 5404 522 5467 κάζειςο
553 5405 698 5458 οὕτω
731 5409 948 5471 σαυτὸν,
975 5410 1071 5463 καὶ
1100 5411 1176 5482 μὴ
1203 5413 1330 5476 τοὺς
1368 5411 1632 5480 λέξοντας
1663 5417 1873 5482 κακῶς,

299 5497 576 5550 αἰτιᾶσθαι
609 5497 815 5562 δῖκαιος
847 5494 1124 5562 εἷάύτοῖς
1162 5502 1259 5572 μὲν
1285 5502 1379 5556 οὖν
1401 5504 1612 5570 τούτοις
1640 5505 1878 5576 μάλιστα

303 5589 396 5640 καὶ
423 5589 585 5658 χάριν
614 5589 835 5657 ειδέναι,
879 5592 960 5645 ὅτι
995 5593 1059 5646 σὺ
1103 5593 1203 5663 μὲν
1237 5595 1342 5647 ὑπὸ
1371 5595 1463 5648 τοῦ
1510 5597 1709 5650 σαυτὸν
1745 5602 1862 5668 σφόν

297 5679 399 5748 δρα
433 5681 630 5747 φιλεῖν,
667 5684 942 5754 ἠγνόησας
967 5687 1163 5739 σαυτὸν
1188 5689 1245 5740 ἐν
1272 5687 1449 5757 τούτῳ
1477 5689 1652 5759 δήπου
1694 5694 1876 5763 μέρει·

298 5776 348 5827 οἱ
375 5775 428 5827 δὲ
451 5775 517 5828 δι’
538 5769 612 5828 ὧν
634 5771 786 5829 εἷπον
805 5779 1010 5844 κακῶς,
1038 5781 1311 5852 παρέσχον
1335 5799 1415 5834 σοι
1441 5785 1530 5833 καὶ
1558 5785 1758 5852 γνῶναι
1787 5788 1878 5838 καὶ

1971 4591 2085 4648 Hoc
2153 4592 2299 4649 enim
2353 4603 2514 4664 pacto
2549 4593 2649 4650 tibi
2681 4601 2916 4664 teipsum
2973 4597 3342 4667 cognoscendi
3378 4599 3554 4654 corri-

1974 4703 2251 4776 gendique
2285 4719 2473 4762 ansam
2530 4704 2824 4763 dederunt.
2891 4706 3350 4763 Denuntiatorum
3403 4721 3552 4767 certe

1973 4819 2122 4874 natio
2141 4818 2194 4873 in
2213 4819 2338 4874 odio
2357 4826 2441 4875 est
2458 4820 2529 4875 ob
2547 4819 2742 4874 malam
2762 4834 2954 4876 eorum
2978 4832 3213 4877 mentem
3234 4839 3249 4889 ;
3269 4823 3370 4880 sed
3389 4827 3554 4882 etiam

1977 4931 2068 5000 qui
2099 4931 2240 4986 male
2271 4929 2458 4986 famati
2486 4941 2638 5000 sunt,
2699 4933 2768 4988 ab
2819 4934 3056 4990 inimicis
3091 4935 3224 5007 ipsis
3276 4938 3556 5021 interdum

1981 5043 2274 5100 utilitatem
2309 5043 2554 5114 recipere
2583 5054 2814 5113 queunt.
2847 5047 3002 5118 Saepe
3020 5047 3165 5104 enim
3189 5050 3225 5105 ii
3257 5052 3350 5121 qui
3384 5053 3560 5109 disso-

1980 5154 2093 5210 lute
2116 5154 2386 5222 vixerant,
2420 5155 2716 5225 prudentes
2736 5174 2800 5214 ac
2821 5159 3055 5219 modesti
3076 5174 3370 5220 evaserunt
3399 5175 3453 5222 et
3474 5182 3559 5222 re-

1982 5269 2086 5324 bus
2116 5270 2364 5326 honestis
2388 5270 2610 5325 studcrc
2642 5286 2950 5343 coeperunt.
