4018 6422
605 1191 857 1248 30.lllud
901 1209 1123 1266 quoque
1182 1195 1408 1266 insuper
1465 1197 1698 1253 dixerim
1760 1199 1908 1268 quod
1968 1199 2110 1253 bona

538 1303 745 1360 malave
782 1323 887 1376 qua
920 1308 1154 1362 fruimur
1205 1308 1344 1362 fama
1377 1324 1545 1380 penes
1599 1327 1696 1367 nos
1725 1312 1873 1382 ipsos
1899 1323 1978 1368 est
2008 1329 2023 1379 ;
2052 1328 2112 1368 re

535 1413 684 1466 enim
722 1429 853 1468 vera
878 1415 1145 1471 alterutra
1181 1416 1343 1472 nobis
1372 1416 1620 1487 obtinget
1654 1429 1817 1488 prout
1847 1420 2107 1474 virtutem

538 1536 633 1581 aut
668 1529 1053 1598 amplectimur
1084 1546 1182 1586 seu
1207 1546 1746 1602 aversamur;quam
1783 1541 1906 1587 utut
1931 1549 1988 1588 se
2021 1549 2108 1590 res

543 1643 826 1698 habebunt
863 1643 1008 1713 apud
1043 1658 1234 1698 omnes
1257 1643 1476 1698 obviam
1503 1643 1704 1699 habere
1732 1629 2109 1701 desideramus

1769 343 2163 413 TllEODULl
2194 353 2545 416 MONACHI

2139 474 2178 526 A
2208 469 2631 540 διορθώσασθαι.
2671 472 2730 524 Εἰ
2768 470 2873 542 γὰρ
2901 472 2958 524 τὸ
2987 471 3093 525 τῶν
3122 473 3438 544 κατηγόρων
3460 476 3637 546 χρῆμα
3662 497 3746 548 μι-

3655 367 3746 429 4⁷36

2218 565 2392 615 σεῖται
2417 564 2507 617 διὰ
2553 564 2654 632 τὴν
2687 564 2902 634 αἵρεσιν
2932 564 3026 617 καὶ
3065 565 3126 618 τὸ
3163 564 3261 635 τῆς
3304 565 3522 638 γνώμης
3556 569 3649 622 οὒκ
3675 570 3750 636 εὖ,

2219 653 2353 706 ἀλλὰ
2380 655 2474 707 καὶ
2501 653 2612 708 τῶν
2636 655 2821 718 κακῶς
2858 656 3179 726 ἀκηκοότων
3204 655 3351 710 ἔστιν
3385 651 3462 720 οἷς
3492 658 3627 712 τοῦτ’
3647 661 3752 713 ἐστι

2217 746 2354 817 πρὸς
2375 747 2620 814 κέρδους,
2649 747 2808 818 εἴπερ
2839 747 3006 813 ἐστιν,
3027 749 3102 812 ὡς
3130 748 3310 816 λόγος,
3339 750 3431 802 καὶ
3459 749 3545 803 ὑπ’
3565 752 3753 822 ἐχθρῶν

2217 839 2580 908 ὠφελεῖσθαι·
2635 841 2764 904 τούς
2793 858 2854 895 τε
2895 842 3003 912 γὰρ
3059 841 3312 912 ἀσέμνως
3346 841 3588 912 βιοῦντας
3660 844 3757 896 σώε-

2219 947 2425 999 φρονας
2451 931 2544 984 καὶ
2569 935 2828 1001 κοσμίους
2859 933 2986 996 τοὺς
3019 935 3304 996 πλείστους
3343 933 3584 988 ἐντεῦθεν
3625 934 3758 987 ἔστιν

2218 1023 2378 1077 ἰδεῖν·
2411 1023 2537 1086 τούς
2573 1040 2632 1076 τε
2679 1025 3005 1089 σπουδαίους
3072 1025 3524 1096 ἀσφαλεστέρους,
3565 1027 3760 1098 opepe)-

2215 1116 2410 1185 μένους
2435 1115 2505 1167 τὰ
2527 1115 2750 1168 τοιαῦτα
2786 1116 3049 1188 στόματα.

2286 1205 2353 1262 λ’.
2392 1207 2551 1272 Παρά
2574 1207 2752 1260 πάντα
2781 1207 2836 1260 δὲ
2866 1207 3038 1262 ταῦτα
3078 1209 3256 1262 ἐκεῖνο
3282 1207 3446 1276 λέγω,
3492 1207 3566 1270 ὡς
3590 1207 3647 1259 τδ
3675 1223 3761 1260 κα-

2214 1295 2381 1370 λῶςῆ
2437 1300 2622 1362 κακῶς
2655 1299 2876 1352 ἀκούειν
2932 1300 3026 1352 καὶ
3069 1300 3366 1370 τυγχάνειν
3414 1298 3692 1368 εὐφημιῶν
3732 1299 3762 1368 ἢ

2218 1392 2293 1462 μὴ
2347 1395 2481 1459 παρ’
2509 1393 2641 1460 ἡμῖν
2688 1391 2923 1460 μάλιστα
2973 1393 3188 1446 κεῖταιο
3223 1393 3317 1445 καὶ
3361 1391 3567 1445 τούτων
3615 1392 3762 1461 ἡμεῖς

2215 1481 2371 1536 αὐτοὶ⁴
2396 1481 2594 1551 κύριοι,
2627 1480 3069 1550 ἀντιποιούμενοί
3096 1499 3158 1535 τε
3190 1482 3412 1552 ἀρετῆς,
3454 1482 3548 1535 καὶ
3574 1481 3762 1548 ταύτης

2213 1574 2283 1628 αὖ
2316 1573 2658 1642 ἀλογΟὓντες,
2719 1573 2785 1645 ἥν
2831 1575 3214 1640 ἀπαιτούμεθα
3264 1576 3364 1644 μὲν
3412 1574 3648 1636 ᾇπαντες
3682 1573 3766 1627 ἄν·

2213 1667 2423 1737 θρωποι
2475 1667 2562 1721 διὰ
2601 1668 2699 1738 τὴν
2725 1667 2824 1737 τῆς
2872 1669 3081 1732 είκόνος
3126 1668 3373 1735 ἀξίωσιν,
3424 1670 3516 1722 καὶ
3546 1669 3606 1722 τὸ
3635 1683 3766 1720 τετι-

534 1757 764 1811 honoris
783 1773 845 1811 ac
869 1758 1148 1828 dignitatis
1168 1758 1361 1828 gratia.
1383 1757 1653 1812 Virtutem
1671 1758 1817 1812 enim
1837 1768 2100 1828 quatenus

2217 1760 2422 1829 μῆσθαι
2447 1777 2462 1793 ο
2524 1759 2646 1813 καθ’
2685 1761 2752 1831 ἣν
2796 1759 2860 1831 δὴ
2892 1762 2987 1815 καὶ
3022 1765 3268 1817 κοινωνοὶ
3313 1760 3451 1815 Θεοῦ
3501 1763 3766 1829 γεγονότες

531 1869 625 1924 Dei
656 1869 792 1923 socii
821 1885 850 1924 a
879 1869 1149 1940 principio
1179 1884 1396 1936 sumus,
1435 1884 1534 1940 per
1569 1879 1734 1926 totam
1763 1871 1929 1924 vitam
1952 1884 2111 1925 exer-

529 1997 653 2036 cere
697 1981 984 2048 debemus,
1048 1990 1107 2037 ut
1162 1991 1414 2037 naturam
1460 1998 1581 2052 quae
1604 1983 1660 2038 in
1690 1983 1851 2038 nobis
1881 1991 1966 2038 est
2019 1983 2108 2038 di-

527 2095 712 2148 vinam
744 2111 1131 2166 regeneremus
1153 2137 1170 2163 ,
1203 2097 1390 2167 sicque
1414 2097 1584 2152 Deum
1642 2113 1801 2168 quem
1853 2097 2105 2152 indolen-

527 2217 614 2265 ter
649 2221 874 2275 agentes
902 2212 1265 2282 perdidimus,
1299 2213 1355 2267 in
1387 2213 1549 2268 nobis
1580 2221 1891 2268 restaurare
1926 2212 2108 2268 valea-

533 2339 678 2376 mus.
718 2321 855 2376 Cum
879 2322 1047 2392 igitur
1080 2323 1258 2379 virtus
1291 2324 1592 2394 unicuique
1639 2322 1950 2378 necessaria
2010 2324 2104 2391 sit,

529 2447 643 2490 tum
671 2453 763 2492 rex
789 2439 1014 2492 mimine
1041 2453 1105 2493 ea
1143 2453 1329 2493 carere
1355 2439 1575 2508 poterit,
1611 2438 1704 2507 qui
1737 2438 1878 2493 sicut
1911 2437 2102 2502 habitu

512 2563 753 2609 ‘oxterno
768 2552 1047 2622 precellit,
1077 2553 1148 2608 ita
1176 2527 1378 2608 virtute
1396 2551 1639 2608 eminere
1659 2551 1844 2606 debet.
1869 2551 1937 2606 Ut
1956 2549 2103 2605 enim

523 2665 767 2718 omnium
803 2663 1110 2720 ditissimus
1135 2673 1240 2728 est,
1275 2664 1357 2719 sic
1405 2665 1647 2734 optimus
1696 2677 1915 2734 quoque
1975 2678 2098 2718 esse

510 2777 642 2847 ejus
679 2776 807 2841 erit,
835 2776 925 2846 qui
953 2784 1214 2832 caeterum
1259 2775 1438 2846 ipsum
1463 2775 1791 2846 exemplaris
1821 2775 1993 2831 instar
2021 2774 2104 2828 in-

525 2897 754 2942 tuentur
783 2902 846 2941 ac
901 2901 1085 2941 mores
1144 2886 1442 2942 secundum
1496 2885 1676 2956 ipsum
1733 2892 2099 2954 componunt.

520 3002 720 3069 Qualis
749 3002 914 3072 igitur
945 3013 998 3056 tu
1030 3001 1146 3073 ipse
1173 3002 1307 3068 eris,
1336 3001 1474 3056 tales
1498 3000 1683 3055 caeteri
1719 3014 1936 3069 quoquc
1981 2997 2102 3051 imi-

522 3117 688 3170 tando
715 3131 840 3171 esse
863 3117 1070 3171 volent.
1114 3116 1407 3171 Non-enim
1431 3114 1715 3168 modestus
1739 3121 1974 3176 tantum,
2004 3111 2099 3166 sed

519 3233 760 3301 optimus
780 3246 903 3286 esse
925 3246 1026 3286 nec
1047 3245 1216 3301 pravo
1247 3227 1500 3298 exemplo
1536 3227 1703 3282 urbes
1728 3225 1846 3281 solo
1881 3238 2098 3294 aequare

518 3359 836 3414 praesutnes.
877 3343 934 3398 Si
973 3343 1119 3399 enim
1154 3357 1348 3396 verum
1389 3350 1472 3396 est
1539 3339 1686 3410 quod
1745 3337 1898 3392 Plato
1931 3335 2093 3398 dixit,

507 3470 571 3515 et
609 3475 741 3515 sane
764 3473 958 3513 verum
1015 3465 1120 3522 est,
1153 3457 1299 3526 quod
1329 3455 1584 3512 civitates
1617 3453 1759 3507 bene
1798 3467 1857 3506 se
1920 3450 2096 3504 habe-

510 3575 652 3630 bunt
679 3576 774 3630 ubi
798 3584 894 3630 aut
933 3571 1255 3646 philosophi
1317 3576 1568 3642 regnant,
1611 3577 1706 3622 aut
1740 3581 1895 3637 reges
1952 3571 2084 3620 sunt

507 3685 853 3756 philosophi,
897 3685 1132 3741 inﬁtiari
1185 3699 1294 3740 non
1331 3696 1624 3754 possumus
1676 3679 1811 3751 quin
1844 3679 1936 3733 ubi
1991 3692 2087 3731 rex

513 3812 715 3868 pravus
739 3806 844 3863 est,
868 3797 1120 3855 civitates
1139 3811 1357 3869 quoque
1389 3794 1704 3852 necessario
1733 3791 1874 3847 male
1900 3805 1958 3847 se
1986 3790 2086 3845 ba-

513 3913 713 3968 δίωκε
737 3913 871 3967 sine.

2210 1849 2529 1920 τοεξαρχῆς,
2581 1852 2827 1920 ἀνάγκην
2858 1851 3053 1922 ἔχομεν
3103 1853 3274 1923 δήπου
3303 1853 3393 1907 διὰ
3439 1851 3554 1923 βίου
3583 1853 3765 1912 παντὸς

2210 1946 2436 2011 ταυτηνὶ
2491 1943 2771 2012 μετιέναιο
2803 1945 2899 1997 καὶ
2947 1945 3239 2015 πειρᾶσθαι
3293 1945 3382 1999 διὰ
3432 1946 3662 2010 πάντων,
3696 1945 3764 2007 ὡς

2208 2030 2320 2088 οἷόν
2347 2053 2429 2096 τε,
2481 2036 2542 2088 τὸ
2569 2037 2628 2088 ὲν
2675 2038 2805 2106 ἡμῖν
2833 2037 2974 2090 θεῖον
3024 2038 3246 2106 ἀνάγειν
3295 2039 3390 2093 ἐπὶ
3437 2041 3765 2108 πρωτόγονον

2209 2127 2380 2180 θεῖον⁹
2407 2127 2473 2180 ἵν’
2506 2129 2562 2180 ὃν
2595 2129 2680 2183 διὰ
2711 2130 2984 2200 ῥᾳθυμίας
3017 2131 3387 2201 ἀπωλέσαμεν
3415 2132 3563 2200 οἴμοι
3585 2133 3598 2186 l
3622 2132 3761 2197 Θεὸν,

2208 2217 2396 2271 τοῦτον
2447 2218 2512 2273 αὖ
2545 2221 2635 2272 διὰ
2683 2223 2920 2292 σπουδῆς
2972 2223 3148 2291 εὑρεῖν
3195 2224 3560 2294 δυνηθῶμεν⁹
3608 2223 3765 2286 οὕτως

2209 2311 2410 2382 ἀρετῆς
2470 2312 2780 2383 ὲξανάγκης
2817 2316 2988 2368 ἅπασι
3034 2316 3154 2369 δεί’
3193 2317 3415 2387 βασιλεί
3465 2316 3645 2386 μέντοι
3682 2315 3767 2367 καὶ

2208 2405 2390 2475 πολλῷ
2426 2405 2610 2461 πλέον.
2644 2406 2812 2462 Ὅσον
2861 2409 2970 2480 γὰρ
3000 2410 3256 2464 ἁπάντων
3286 2411 3435 2465 κατά
3486 2410 3546 2463 τὸ
3593 2407 3766 2478 σχῆμα

2207 2496 2454 2566 προέχει,
2487 2497 2712 2551 τοσοῦτο
2741 2500 2860 2552 κατ’
2885 2499 3083 2572 ἀρετὴν
3104 2501 3265 2555 αὐτὸν
3289 2502 3557 2573 προῦχειν
3583 2498 3763 2571 χρεών·

2206 2591 2301 2643 καὶ
2334 2588 2408 2658 μὴ
2436 2590 2517 2642 ὅτι
2573 2590 2752 2643 πάντα
2776 2591 2846 2646 τά
2891 2593 3112 2647 πάντων
3141 2594 3304 2647 αὐτὸν
3363 2595 3531 2664 μόνον
3582 2594 3765 2662 κεκτῆ-

2208 2682 2353 2750 σθαι,
2390 2681 2527 2736 ἀλλά
2547 2683 2641 2737 καὶ
2664 2683 2881 2739 πάντων
2903 2687 2960 2738 ὲν
2985 2686 3156 2740 ἆπασι
3190 2686 3473 2756 βέλτιστον
3496 2684 3654 2754 εῖναι,
3683 2689 3764 2742 ἀτε

2208 2775 2425 2829 πάντων
2447 2777 2527 2838 είς
2587 2776 2748 2829 αὑτὸν
2796 2778 2871 2840 ὡς
2926 2779 3006 2841 εἰς
3060 2779 3383 2849 ἀρχέτυπον
3430 2781 3762 2853 ἀφορώντων,

2207 2869 2461 2922 κάκεῖθεν
2492 2868 2559 2922 τὰ
2612 2869 2827 2940 σφέτερ’
2874 2871 3054 2924 αὐτῶν
3107 2873 3512 2931 καθιστάντων.
3552 2873 3638 2937 Ὧς
3682 2873 3766 2926 οὖν

2203 2960 2382 3023 ὁποῖός
2417 2959 2536 3013 ποτ’
2564 2959 2630 3014 ἂν
2661 2957 2728 3032 ᾗς
2769 2961 2955 3028 αὐτὸς,
2991 2962 3251 3016 τοιούτων
3280 2964 3354 3019 ἀν
3392 2984 3476 3019 σοι
3525 2967 3625 3020 καῖ
3647 2964 3766 3018 πάνι-

2204 3069 2311 3106 των
2343 3051 2779 3122 καθεστηκότων,
2811 3055 2905 3106 καὶ
2942 3053 3017 3116 ὡς
3050 3055 3149 3124 οὐχ
3180 3055 3325 3125 ὑπὲρ
3382 3056 3551 3122 αὐτὸς
3581 3053 3765 3109 σαυτοῦ

2125 3160 2171 3220 c
2210 3142 2416 3211 μᾶλλον
2461 3143 2629 3212 ἢτῶν
2669 3144 2846 3198 ἀλλων
2890 3145 3145 3199 ἁπάντων
3182 3147 3345 3214 λόγον
3394 3149 3630 3219 ὑφέξων,
3661 3147 3766 3199 ἔθε-

2200 3235 2385 3304 λήσεις
2401 3233 2462 3288 εὖ
2491 3231 2584 3288 οἷδ’
2609 3236 2689 3289 ὅτι
2713 3237 2806 3289 καὶ
2834 3237 2996 3300 αὐτὸς
3026 3237 3113 3290 διὰ
3142 3239 3370 3292 πάντων
3401 3241 3672 3311 βέλτιστος
3695 3234 3767 3292 εἴ·

2198 3345 2308 3391 ναι,
2333 3328 2427 3381 καὶ
2453 3330 2578 3390 τοὺς
2610 3328 2805 3391 ἄλλους
2832 3329 3104 3393 τοιούτους
3138 3329 3200 3401 δή
3240 3349 3402 3395 τινας
3435 3333 3629 3404 ἴσχειν,
3659 3327 3764 3384 ἀλλ’

2199 3423 2260 3475 οὑ
2289 3423 2457 3492 κακίᾳ
2514 3421 2694 3485 συζῶν
2741 3423 3124 3493 διεφθαρκέναι
3167 3429 3264 3488 τὰς
3299 3426 3520 3490 πόλεις.
3577 3428 3637 3480 Εἰ
3673 3427 3768 3495 γάρ

2196 3515 2404 3586 ἀληθής
2432 3517 2578 3569 ἔστιν
2613 3516 2641 3567 ό
2669 3514 2760 3568 τοῦ
2787 3515 3069 3580 Πλάτωνος
3102 3518 3276 3586 λόγος,
3299 3518 3503 3592 ὥσπερ
3527 3516 3620 3575 οὖν
3640 3522 3768 3584 ἐστι,

2195 3607 2257 3659 τὸ
2294 3605 2396 3669 τὰς
2439 3606 2624 3670 πόλεις
2658 3606 2799 3675 ἄγαν
2831 3608 3268 3678 εὐδαιμονήσειν,
3313 3612 3456 3665 ὅταν
3489 3613 3520 3681 ἢ
3571 3611 3770 3683 φιλόσο-

2198 3718 2289 3768 φοι
2321 3699 2735 3770 βασιλεύσωσιν,
2768 3701 2800 3772 ἦ
2837 3701 3073 3770 βασιλεῖς
3119 3703 3559 3775 φιλοσοφήσωσι,
3596 3704 3767 3758 τουτέ-

2201 3809 2286 3843 στι
2324 3791 2640 3861 θαυμαστοῦ
2672 3809 2815 3856 τινος
2858 3793 2924 3846 ἂν
2957 3793 3045 3845 διὰ
3087 3794 3305 3847 πάντων
3337 3797 3768 3868 προστατοῦντος

2201 3883 2492 3952 λαχούσας,
2537 3878 2682 3952 ἦπου
2720 3899 2782 3952 γε
2827 3885 2932 3936 πᾶν
2983 3885 3313 3952 τούναντίον,
3371 3887 3504 3940 ὅταν
3557 3889 3585 3940 ὁ
3621 3886 3766 3957 βασι-

2194 3975 2367 4028 λεύων
2400 3975 2602 4042 φαῦλός
2645 3993 2727 4038 τις
2761 3972 2815 4045 ᾖ,
2863 3979 2955 4029 καὶ
2990 3978 3193 4043 ταύτας
3235 3977 3312 4041 ὡς
3357 3980 3600 4035 κάκιστα
3637 3979 3770 4045 ἕξειν

2197 4073 2346 4126 πᾶσα
2379 4071 2616 4139 ἀνάγκη.

1809 4351 2036 4438 ΤΟΥ
2115 4345 2488 4432 ΑΥΤΟΥ

1432 4537 1831 4668 ΠΕΡΙ
1911 4518 2843 4660 ΠΟΛΙΤΕΙΑΣ

1955 4746 2352 4836 ΛΟΓΟΣ.

1887 4968 2476 5110 ΕιυδυΕΜ’
2601 5123 2606 5130 η

1985 5197 2282 5263 ORATIO
2680 5216 2690 5222 ‘

821 5361 1074 5510 DE
1207 5356 2438 5518 SUBDITORUM
2567 5351 3434 5508 OFFICIIS.

586 5694 640 5746 1.
679 5694 1022 5769 Quaecunque
1050 5698 1118 5752 dc
1169 5698 1501 5767 imperatore
1533 5697 1741 5766 Optimo
1775 5708 1822 5749 ct
1856 5711 2073 5750 summe

513 5789 825 5843 venerando
853 5793 958 5848 dici
1009 5791 1412 5856 conveniebat,
1450 5791 1665 5858 qualem
1719 5805 1913 5858 nempe
1961 5805 2078 5843 cssc

2262 5700 2332 5748 α’.
2375 5693 2436 5745 Ἀ
2481 5691 2579 5759 μὲν
2611 5686 2705 5743 οὖν
2750 5693 2974 5760 ἀρίστου
3015 5690 3142 5759 πέρι
3181 5691 3276 5743 καὶ
3312 5689 3643 5758 θαυμαστοῦ
3677 5687 3771 5757 βα-

2187 5789 2377 5849 σιλέως
2411 5787 2575 5854 φάναι
2609 5787 2873 5855 προσῆκε,
2907 5787 3002 5838 καὶ
3032 5781 3143 5838 οἷον
3167 5787 3312 5848 εῐκδς
3333 5779 3480 5839 εἶναι
3515 5788 3605 5838 τὸν
3637 5784 3766 5834 πᾶν·
