4018 6420
270 382 367 448 501

1190 386 1478 447 ORATlO
1518 385 1615 446 DE
1645 385 2151 446 SUBDITURUM
2192 387 2544 449 GFFIClIS.

3412 385 3522 446 502

268 521 390 566 ταις
416 501 510 554 τοῦ
544 502 672 572 παρ’
711 500 956 571 ἀλλήλων
993 500 1395 572 συνασπισμοῦ.
1433 501 1508 554 Τὸ
1535 500 1591 553 δὲ
1621 499 1841 552 στασιάσ-

1961 509 2055 555 ιυο
2101 477 2352 557 subsidio
2393 517 2451 558 se
2499 501 2733 556 invicem
2783 500 3063 572 adiuvent.
3121 498 3215 553 Sin
3268 497 3411 552 bello
3457 511 3520 550 ac

269 592 387 657 ζειν
420 593 514 645 καὶ
553 593 812 661 πολεμεῖν
845 591 978 662 πρὸς
1011 591 1295 662 ἀλλήλους,
1326 592 1422 645 καὶ
1447 591 1522 661 μὴ
1550 589 1724 644 ταῦτα
1755 590 1842 643 διὰ

267 685 491 740 πάντων
547 683 954 752 γιγνώσκοντας
1001 679 1163 748 εἶναι,
1197 681 1332 736 ἀλλὰ
1385 681 1682 744 διεστῶτας
1723 685 1843 744 ταῖς

268 773 541 846 γνώμαις,
571 775 759 845 ἡλίκον
796 777 892 830 καὶ
926 773 1137 837 τούτοις
1183 774 1455 836 κάκείνοις
1487 773 1580 825 τὸν
1622 772 1844 835 ὄλεθρον

253 871 413 938 ,ῐσχει
437 885 455 902 ·
491 869 583 922 καὶ
606 867 860 922 τοσοῦτον
888 866 1128 921 τουτοισὶ
1159 865 1362 934 μᾶλλον
1391 864 1424 934 ἢ
1453 863 1696 925 ’κείνοις,
1720 862 1843 915 ὅσον

273 959 462 1014 πλοίου
501 958 912 1028 διαφθαρέντος,
949 957 1123 1028 μικρά
1169 975 1254 1021 τις
1289 959 1321 1026 ὴ
1374 955 1546 1025 βλάϐη
1575 970 1591 989 ο
1637 953 1844 1017 πόλεως

270 1049 327 1102 δὲ
357 1047 522 1103 ταυτὸ
552 1047 710 1101 τοῦτο
757 1046 1042 1113 παθούσης
1072 1045 1299 1100 τοσοῦτο
1327 1043 1557 1114 μείζων,
1584 1043 1708 1098 ὅσον
1753 1043 1846 1094 καὶ

274 1141 429 1204 πόλις
453 1140 589 1203 νεώς
609 1156 626 1172 ο
651 1140 700 1193 εἰ
722 1140 779 1193 δὲ
807 1138 925 1208 μετ’
955 1137 1200 1213 ἀλλήλων
1223 1137 1373 1200 ὄντες
1394 1135 1568 1197 οὕτως
1593 1134 1846 1205 ἀλλήλοις

275 1234 413 1288 εἰσὶν
445 1233 521 1296 ὡς
565 1230 783 1301 άληθῶς
811 1232 870 1285 ἑν
911 1230 1110 1301 καιρῷ,
1153 1229 1208 1282 τί
1235 1227 1318 1282 δεῖ
1339 1227 1566 1288 τούτους
1595 1227 1848 1282 διαστάν-

274 1343 373 1388 τας
403 1323 668 1394 νομίζειν,
713 1325 810 1375 καὶ
844 1319 950 1392 μὴν
999 1323 1050 1374 εἰ
1103 1320 1180 1391 μὴ
1208 1319 1297 1374 διὰ
1342 1317 1406 1372 τὸ
1446 1317 1549 1388 τὴν
1589 1318 1847 1387 ὁμόνοιαν

275 1414 563 1470 κάλλιστον
597 1415 690 1466 καὶ
724 1412 1174 1466 λυσιτελέστατον
1197 1413 1308 1476 τοῖς
1339 1411 1644 1482 χρωμένοις
1680 1404 1844 1476 εἰναι,

276 1508 367 1562 καὶ
419 1507 601 1576 πάσης
651 1506 996 1575 εὐδαιμονίας
1031 1505 1332 1572 ὐπόθεσιν;
1385 1505 1486 1576 τῆς
1519 1504 1652 1573 γοῦν
1709 1505 1848 1572 ὑπὲρ

279 1599 430 1667 σφῶν
467 1599 647 1652 αὐτῶν
680 1597 846 1652 εῐνεκ’
887 1598 1208 1666 ἀσφαλείας.
1239 1597 1454 1652 καὶτοῦ
1485 1597 1538 1667 γ’
1584 1598 1730 1668 ἔχειν
1767 1599 1848 1662 εἰς

275 1689 421 1743 άπαν
453 1691 657 1756 καλῶς,
703 1691 1141 1758 συναγωνίζοιντ⁹
1185 1691 1254 1745 ἂν
1297 1692 1528 1755 εἰκότως
1569 1691 1845 1762 ἀλλήλοις.

279 1780 399 1833 Ἔτι
439 1779 534 1834 νῦν
561 1796 644 1834 τοι
669 1781 724 1833 εῖ
739 1797 824 1845 τις
855 1780 1022 1851 ἔροιτ’
1051 1781 1272 1847 αὐτοὺς,
1305 1785 1533 1852 πότερον
1564 1777 1624 1836 εὖ
1661 1783 1846 1852 πράσ-

280 1888 392 1925 σειν
432 1871 464 1940 ἢ
495 1871 778 1942 δυστυχεῖν
808 1873 1113 1944 αἱροῦνται,
1163 1877 1211 1928 εἰ
1263 1877 1363 1944 μὲν
1391 1877 1699 1946 δυστυχεῖν,
1725 1876 1846 1930 οὐδὲ

279 1965 754 2036 συμφρονήσουσιν
777 1981 792 1996 ο
823 1967 872 2020 εἰ
921 1964 982 2020 δὲ
1029 1966 1124 2020 τοῦ
1160 1965 1430 2037 πράσσειν
1470 1968 1654 2030 καλῶς
1689 1967 1849 2035 λόγος

277 2057 480 2119 αὐτοῖς,
513 2060 605 2111 καὶ
634 2056 728 2111 τοῦ
776 2060 1104 2130 συμφρονεῖν
1126 2061 1444 2129 ποιήσονται
1494 2060 1652 2129 λόγον
1685 2075 1700 2091 ο
1725 2061 1852 2115 οὐκ-

277 2146 368 2199 οῦν
421 2149 748 2219 ἑξανάγκης,
778 2151 828 2204 εί
882 2149 982 2221 μὲν
1031 2151 1093 2205 οὐ
1141 2153 1610 2222 συμφρονήσουσι,
1653 2151 1852 2204 δυστυ-

278 2242 556 2310 χήσουσιν.
591 2242 654 2296 Εἰ
683 2243 740 2296 δὲ
790 2243 1075 2314 δυστυχεῖν
1107 2245 1208 2298 οὐκ
1251 2245 1554 2311 ἀνέξονται,
1606 2261 1854 2314 συμφρο-

281 2334 500 2401 νήσουσι
528 2349 541 2364 ·
565 2335 1051 2406 συμφρονήσαντες
1072 2336 1128 2389 δὲ
1154 2335 1230 2399 ῶς
1250 2337 1419 2404 εἰκὸς,
1445 2337 1537 2390 καὶ
1558 2336 1655 2407 μία
1677 2337 1850 2409 ταύτῃ

281 2425 564 2490 γεγονότες
595 2427 856 2497 φρατρία,
896 2426 970 2489 ὡς
996 2427 1056 2480 εν
1082 2426 1160 2497 τῷ
1191 2427 1314 2482 κατ’
1343 2428 1513 2496 ἄμφω
1540 2431 1640 2500 τῆς
1679 2428 1854 2499 τύχης

284 2516 342 2568 ἒν
367 2517 620 2589 ἑκάτεροι
668 2519 760 2571 καὶ
792 2517 1144 2588 βουλεύεσθαι
1190 2521 1284 2575 καὶ
1328 2523 1547 2592 φρονεῖν
1581 2520 1675 2574 καὶ
1711 2520 1854 2592 ὑπὲρ

285 2609 530 2677 ἀλλήλων
560 2614 655 2662 καὶ
687 2609 828 2681 ὑπὲρ
860 2611 1010 2679 σφῶν
1039 2612 1224 2665 αὐτῶν
1253 2612 1576 2676 διακεῖσθαι,
1604 2611 1757 2665 αὐτοί
1793 2628 1852 2664 τε

283 2699 342 2751 ἑν
371 2699 447 2768 τῷ
491 2700 600 2753 τῶν
649 2701 992 2771 πραγμάτων
1030 2703 1262 2771 ἀσφαλεῖ
1315 2705 1409 2756 καὶ
1457 2701 1732 2771 καλλίστῳ
1760 2703 1854 2756 τὸν

286 2793 501 2848 ἅπαντα
532 2793 818 2862 βιώσονται
863 2796 1082 2865 χρόνον,
1108 2798 1173 2866 τῇ
1204 2812 1262 2849 τε
1309 2796 1460 2848 πόλει
1492 2794 1853 2848 παντοδαπῶν

285 2885 502 2954 ἀγαθῶν
545 2888 801 2953 καθάπαξ
846 2887 998 2941 ἔσται
1028 2889 1203 2957 φορόν
1237 2888 1306 2940 τὰ
1349 2887 1448 2958 μὲν
1494 2886 1705 2955 ἄφθονα
1760 2888 1854 2940 καὶ

295 2978 426 3048 ὒπὲηρ
457 2977 554 3048 τὴν
599 2981 786 3050 χρείαν
822 2980 916 3034 καὶ
963 2983 1142 3034 πᾶσαν
1176 2982 1584 3052 παρελαύνοντα
1633 2983 1855 3052 προσδο-

289 3073 414 3128 κίαν
464 3075 551 3127 διὰ
578 3076 678 3144 τὴν
703 3076 811 3129 τῶν
839 3077 1190 3130 ἐνοικούντων
1235 3077 1490 3146 ὁμόνοιαν
1530 3080 1621 3130 καὶ
1664 3079 1856 3145 φιλαν-

291 3165 537 3235 θρωπίαν
585 3167 678 3220 τοῦ
707 3168 816 3220 τῶν
845 3169 983 3222 ὅλων
1029 3170 1390 3239 χορηγοῦντος
1442 3170 1576 3224 Θεοῦ
1605 3186 1619 3200 ⁶
1663 3170 1768 3224 τῶν
1811 3169 1856 3223 δ’
1885 3178 1929 3237 c

285 3259 650 3330 ἑκασταχόθεν
676 3262 774 3329 τῆς
809 3265 1135 3331 οἰκουμένης
1171 3264 1264 3316 καὶ
1293 3265 1430 3317 κατὰ
1462 3265 1565 3333 γῆν
1593 3264 1686 3317 καὶ
1713 3263 1854 3318 κατὰ

284 3354 553 3407 θάλατταν
584 3354 1068 3424 εἰσκομιζομένων,
1103 3355 1178 3419 ὡς
1218 3356 1384 3425 μηδὲν
1429 3357 1600 3408 ἐνδεῖν
1643 3349 1718 3411 ὧν
1752 3357 1851 3409 πό-

284 3447 398 3499 λεσι
433 3447 665 3517 μάλιστα
697 3448 792 3504 δεῖ,
817 3448 826 3457 ’

353 3542 419 3595 δ’.
454 3543 669 3614 Ὠσπερ
711 3543 768 3600 δὲ
799 3545 894 3616 τὴν
924 3547 1077 3599 πόλιν
1119 3548 1302 3601 πᾶσαν
1345 3547 1425 3610 εἰς
1477 3546 1774 3621 ἐπιφανεῖς
1795 3559 1854 3595 τε

283 3634 378 3687 καὶ
410 3635 639 3698 πολλοὺς
668 3635 1028 3705 διαιροῦντες,
1056 3637 1155 3691 οὐκ
1185 3638 1446 3706 ἀξιοῦμεν
1478 3635 1725 3705 ἡντινοῦν
1759 3634 1856 3704 βα-

284 3729 574 3798 σκανίανῆ
625 3728 822 3799 θράσος
865 3730 1146 3798 ἑκατέροις
1188 3731 1319 3800 παρ’
1365 3729 1642 3800 ἑκατέρων
1682 3729 1856 3795 ὑπάρ-

284 3840 424 3892 χειν,
451 3821 564 3877 en‘
598 3823 782 3892 ἑξίσης
817 3823 1115 3893 ἑκατέρους
1157 3825 1359 3876 εὐνοεῖν
1395 3824 1677 3892 ἑκατέροις
1714 3820 1856 3873 κατὰ

283 3915 344 3966 τὸ
370 3914 488 3978 ἐξὸν
512 3914 814 3986 ἑκατέροις,
844 3914 988 3968 οὕτω
1009 3914 1182 3986 ταύτῃ
1211 3931 1273 3981 γε
1302 3915 1464 3969 πάλιν
1489 3913 1686 3966 πολλοῦ
1713 3929 1857 3975 τινος

284 4005 434 4072 ἄξιον
463 4001 601 4060 εἷναί
632 4022 818 4076 φαμεν
857 4007 952 4074 καὶ
1003 4007 1140 4077 πρὸς
1171 4006 1309 4060 θεοῦ
1341 4005 1435 4060 καὶ
1469 4004 1607 4074 πρὸς
1646 4001 1860 4072 ἀνθρώ-

285 4114 404 4151 πων
434 4096 494 4152 ἑν
541 4097 620 4163 τῷ
671 4096 946 4168 καλλίστῳ
981 4098 1222 4168 μάλιστα
1269 4098 1508 4161 κεῖσθαι,
1567 4095 1643 4166 μὴ
1696 4094 1858 4165 μόνον

286 4189 385 4258 τὴν
412 4189 524 4245 τῶν
553 4188 719 4254 ξένων
749 4189 1017 4260 ὑποδοχὴν
1047 4191 1142 4244 καὶ
1196 4187 1632 4260 φιλανθρωπίαν,
1671 4187 1769 4240 καὶ
1798 4184 1860 4238 τὸ

287 4279 508 4344 τούτους
537 4279 755 4343 οἰκείως
777 4275 836 4334 εὖ
869 4279 1015 4350 μάλα
1048 4279 1373 4350 προσίεσθαι
1401 4278 1501 4332 καὶ
1531 4275 1859 4346 κεχρῆσθαι,

288 4371 422 4426 ἀλλὰ
455 4375 552 4428 καὶ
579 4372 640 4426 τὸ
670 4372 799 4436 τοὺς
845 4372 1088 4443 ἀπόρους
1120 4371 1230 4425 τῶν
1262 4370 1500 4425 πολιτῶν
1533 4371 1628 4425 καὶ
1675 4367 1855 4432 πιεζοο

289 4466 487 4536 μένους
560 4464 739 4535 ἐνδείᾳ
799 4463 1080 4532 πλείστης
1115 4464 1247 4533 ὅσης
1301 4464 1409 4516 ὐπὸ
1453 4462 1562 4517 τῶν
1613 4460 1861 4529 εὐπόρων

289 4552 569 4625 ἀξιοῦσθαι
601 4553 892 4624 προνοίαςο
942 4553 1037 4606 καὶ
1067 4547 1143 4606 ὧν
1171 4552 1371 4616 αὐτοὺς
1415 4551 1516 4622 μὲν
1567 4549 1862 4619 τυγχάνειν

291 4643 456 4714 ἐχρῆν
487 4643 820 4714 ἑξανάγκης,
852 4644 1098 4704 ἐκείνους
1126 4643 1171 4696 δ’
1201 4643 1260 4697 εὖ
1291 4643 1437 4712 μάλα
1465 4643 1738 4714 χορηγοὺς
1762 4657 1863 4694 καο

293 4730 547 4787 θεστάναι
569 4748 586 4766 ο
619 4733 858 4801 μάλιστα
888 4736 988 4804 μὲν
1011 4733 1098 4786 διὰ
1123 4732 1182 4786 τὸ
1212 4733 1474 4800 ξυγγενὲς
1508 4733 1603 4785 καὶ
1633 4731 1861 4785 οἰκεῖον.

300 4822 404 4893 Γῆς
439 4821 548 4892 γὰρ
579 4825 754 4895 αὐτῆς
793 4824 1096 4894 ἀμφότεροι
1133 4823 1374 4886 πόλεως’
1414 4821 1490 4885 ὡς
1526 4821 1665 4892 μηδὲ
1695 4836 1866 4889 μεγα-

295 4913 555 4986 λοψυχίαν
609 4916 816 4984 ταύτην
864 4912 1000 4969 εἶναι
1059 4914 1262 4985 μᾶλλον
1313 4913 1556 4978 εἰκάζειν
1611 4913 1643 4984 ἢ
1706 4911 1866 4982 χάριν

295 5007 432 5078 πρὸς
475 5007 599 5070 τούς
646 5008 885 5070 οἰκείους
935 5008 1330 5075 ἐκτινομένηνο
1381 5005 1576 5059 ἔπειτα
1633 5003 1732 5058 καὶ
1781 5002 1871 5056 διὰ

296 5098 394 5160 τὰς
420 5100 520 5170 τῆς
544 5099 713 5169 τύχης
738 5099 975 5168 ὑφάλους
997 5099 1205 5154 καὶτὸν
1229 5098 1398 5151 πολὺν
1426 5093 1688 5166 Εὔριπον,
1714 5110 1875 5164 στρος-

299 5189 462 5243 6ύλου
497 5191 654 5262 δίκην
696 5192 812 5246 άτω
842 5193 937 5246 καὶ.
975 5192 1127 5246 κάτω
1169 5191 1261 5245 τὸν
1311 5189 1428 5259 βίον
1469 5187 1746 5256 κυκῶσης,
1777 5186 1873 5254 καὶ

299 5282 444 5338 οὕτω
494 5285 797 5355 παιζούσης
849 5285 1222 5356 τάνθρώπινα,
1260 5283 1336 5346 ὡς
1383 5283 1510 5344 τούς
1553 5279 1750 5341 αὐτοὺς
1777 5277 1875 5333 νῦν

305 5379 406 5449 μὲν
437 5378 762 5449 μακαρίους,
796 5378 892 5432 νῦν
921 5378 978 5431 δὲ
1027 5377 1377 5447 τρισαθλίους
1410 5371 1875 5444 παρασκευάζειν,

298 5471 445 5524 κατὰ
467 5472 590 5533 τοὺς
620 5471 729 5524 τῶν
754 5469 1024 5524 δικαστῶν
1051 5467 1384 5536 δωροδόκους
1472 5462 1758 5534 βούλονται
1779 5461 1879 5524 τὰς

301 5563 516 5634 ψήφους
569 5561 840 5624 τιθέντας.
892 5561 956 5616 Εἰ
1006 5561 1050 5614 δ’
1083 5559 1258 5630 ἀληθῆ
1308 5556 1507 5623 ταῦτα,
1549 5554 1740 5624 ὥσπερ
1787 5547 1881 5607 οὖν

303 5655 502 5726 ἀληθῆ,
531 5658 626 5711 καὶ
668 5655 768 5708 οὐκ
793 5653 1026 5708 εἰσάπαν
1074 5651 1432 5722 εὐτυχοῦντες
1479 5648 1511 5719 ἢ
1553 5645 1883 5716 δυστυχοῦν-

304 5763 398 5810 τες
427 5748 606 5817 ἡμεῖς,
645 5747 894 5816 ἀσχέτοις
920 5747 978 5800 δὲ
1009 5746 1270 5816 στροφαῖς
1299 5743 1391 5795 καὶ
1417 5741 1742 5810 περιφοραῖς
1772 5736 1884 5791 τῶν

309 5839 649 5910 πραγμάτων
675 5839 768 5892 νῦν
805 5839 903 5910 μὲν
937 5829 1085 5909 τῇδε,
1130 5837 1223 5890 νῦν
1251 5835 1296 5886 δ’
1338 5835 1518 5886 ἐκεῖσε
1569 5828 1882 5901 χωροῦμεν,

1945 612 2160 668 insidiis
2211 629 2270 668 se
2295 619 2701 682 persequuntur
2736 618 2794 665 et
2823 607 3122 666 contrariis
3169 605 3522 674 opinionibus

1946 737 2202 792 certant,
2254 728 2507 797 utrisque
2559 726 2762 780 damna
2820 723 3178 787 inferuntur,
3215 729 3378 789 atque
3429 718 3520 772 uni

1946 840 2152 910 majora
2189 853 2352 908 quam
2405 836 2583 903 alteri,
2619 836 2673 890 in
2716 841 2984 905 quantum
3030 831 3190 887 navis
3261 831 3522 898 naufraga

1948 953 2132 1008 minus
2179 949 2368 1005 damni
2422 962 2622 1018 capere
2675 955 2858 1018 potest
2899 958 3063 1016 quam
3117 941 3249 998 urbs
3304 950 3526 1010 propter

1948 1061 2380 1134 magnitudinem
2415 1068 2472 1114 et
2510 1058 2912 1114 sanctuarium.
2943 1055 3100 1122 Quod
3134 1035 3184 1110 si.
3217 1069 3410 1107 omnes
3431 1054 3528 1107 be-

1948 1174 2112 1245 nigna
2155 1179 2358 1234 meme;
2396 1170 2543 1224 inter
2568 1183 2627 1224 se
2653 1168 2868 1232 vivunt,
2891 1165 3165 1221 discordia
3196 1171 3345 1218 certe
3375 1178 3528 1231 proro

1947 1298 2044 1340 sus
2069 1282 2264 1346 abest,
2293 1290 2352 1337 et
2387 1278 2688 1336 concordia
2719 1278 2906 1333 omnis
2951 1275 3231 1331 felicitatis
3275 1274 3432 1343 origo
3467 1288 3530 1325 ac

1949 1395 2076 1452 fons
2101 1394 2358 1450 habenda
2387 1393 2536 1458 erit,
2571 1393 2648 1447 ita
2679 1399 2861 1446 tamen
2899 1399 2960 1445 ut
2989 1389 3057 1444 de
3085 1387 3384 1443 securitate
3413 1401 3532 1440 mu-

1951 1517 2041 1563 tua
2073 1507 2224 1563 omni
2268 1508 2393 1578 jure
2422 1509 2570 1562 inter
2601 1519 2662 1560 se
2691 1509 2930 1560 certent.
2963 1501 3019 1557 Si
3066 1501 3192 1573 quis
3223 1509 3405 1556 autem
3435 1516 3532 1555 eos

1951 1619 2275 1689 interroget,
2319 1618 2366 1673 si
2398 1618 2558 1672 beate
2607 1623 2702 1669 aut
2745 1613 3044 1670 infeliciter
3079 1613 3265 1668 vivere
3317 1608 3528 1675 malint,

1949 1741 2007 1788 et
2036 1731 2423 1804 responderint
2448 1768 2466 1798 ,
2511 1729 2710 1784 misere
2730 1769 2746 1796 ,
2776 1744 2885 1784 non
2914 1727 3219 1783 concordes
3246 1735 3450 1790 erunt;
3477 1725 3522 1778 si

1882 1834 1923 1888 Β
1949 1856 2158 1910 autem,
2189 1843 2450 1910 feliciter,
2476 1840 2821 1896 unanimiter
2843 1852 3174 1909 responsum
3210 1834 3278 1890 ab
3307 1835 3377 1890 iis
3403 1835 3532 1900 erit,

1952 1967 2009 2018 et
2045 1959 2092 2015 si
2144 1958 2398 2014 infelices
2431 1965 2600 2023 sunt,
2658 1970 2769 2010 non
2821 1969 2920 2025 per
2955 1951 3344 2009 necessitatem
3382 1958 3512 2004 sunt

1956 2074 2062 2129 Sed
2095 2073 2190 2129 ubi
2211 2071 2496 2128 miseriam
2527 2069 2739 2141 perpeti
2767 2068 2988 2130 nolunt,
3013 2064 3319 2122 concordes
3344 2063 3530 2127 erunt,

1951 2198 2007 2243 et
2034 2188 2112 2242 sic
2140 2184 2500 2240 fraternitatis
2525 2182 2746 2238 vinculo
2767 2180 2908 2237 uniti
2943 2180 2998 2234 in
3027 2187 3258 2248 utraque
3284 2177 3524 2240 fortuna,

1959 2310 2011 2356 et
2044 2299 2111 2354 de
2138 2313 2197 2354 se
2223 2307 2280 2352 et
2314 2304 2509 2350 mutuo
2537 2295 2735 2350 eadem
2784 2292 3020 2348 consilia
3050 2299 3109 2346 et
3152 2290 3435 2360 proposita
3483 2289 3536 2341 in

1961 2411 2206 2468 medium
2254 2409 2452 2476 ferent,
2499 2407 2646 2464 etin
2677 2421 2865 2462 rerum
2927 2405 3248 2462 discrimine
3299 2403 3539 2461 infausto

1966 2537 2027 2585 ut
2072 2527 2128 2583 in
2164 2524 2428 2583 secundis
2470 2524 2638 2580 rebus
2677 2537 2843 2578 omne
2881 2532 3100 2593 tempus
3143 2521 3218 2575 ita
3258 2520 3449 2574 vivent
3481 2529 3540 2572 ut

1959 2637 2286 2710 reipublicae
2333 2637 2541 2708 optima
2579 2652 2805 2706 quoque
2852 2635 3106 2691 offerant.
3163 2634 3305 2690 Hinc
3355 2649 3537 2688 rerum

1958 2752 2298 2808 abundantia
2323 2759 2380 2806 et
2398 2748 2606 2804 divitiae
2629 2749 2921 2820 plusquam
2949 2748 3111 2819 iustae
3135 2763 3202 2802 ex
3234 2747 3537 2801 incolarum

1959 2868 2331 2932 humanitate,
2370 2865 2481 2918 Deo
2509 2863 2700 2929 dante,
2737 2862 3042 2918 manabunt
3071 2899 3086 2925 ,
3119 2871 3174 2916 et
3209 2875 3390 2916 rerum
3419 2877 3540 2930 quae
3621 2927 3628 2933 ﬁ

1961 2986 2211 3056 undique
2272 2991 2548 3038 terrarum
2586 2980 2644 3044 in
2701 2994 2927 3050 magnas
2984 2978 3153 3033 urbes
3208 2977 3537 3048 comportari

1960 3106 2160 3168 solent,
2190 3113 2404 3157 summa
2430 3095 2585 3168 copia
2612 3095 2736 3151 erit.

2027 3550 2082 3604 4.
2121 3550 2276 3608 Sicut
2304 3567 2470 3623 porro
2504 3551 2785 3606 civitatem
2819 3535 2874 3604 in
2907 3562 3172 3618 proceres
3197 3556 3254 3602 et
3290 3547 3537 3600 multitu-

1963 3663 2150 3718 dinem
2181 3663 2496 3722 dividentes
2529 3642 2792 3717 nolumus
2836 3660 2904 3716 ab
2950 3661 3216 3716 alterutra
3245 3659 3418 3714 classe
3462 3659 3538 3712 al-

1960 3776 2064 3830 teri
2090 3776 2232 3830 male
2263 3775 2403 3843 fieri,
2431 3778 2542 3830 imo
2573 3775 2832 3830 volumus
2862 3783 2922 3828 ut
2947 3773 3331 3828 benevolentia
3363 3773 3540 3826 utrin-

1959 3903 2067 3957 que
2095 3888 2413 3944 dominetur
2433 3929 2449 3956 ,
2481 3890 2563 3946 sic
2606 3889 2711 3945 hoc
2739 3903 2959 3960 quoque
2993 3887 3113 3943 loco
3161 3887 3536 3943 conditionem

1963 4005 2217 4062 divinam
2247 4021 2311 4063 ac
2343 4007 2636 4062 humanam
2660 4007 3048 4063 faustissimam
3070 4019 3193 4061 esse
3217 4019 3528 4074 precamur,

1967 4130 2136 4191 atque
2188 4122 2261 4176 ita
2301 4130 2361 4176 ut
2414 4122 2571 4193 egeni
2605 4132 2660 4177 et
2701 4124 2894 4192 inopes
2940 4121 3145 4177 civium
3193 4135 3224 4175 a
3272 4119 3540 4174 divitibus

1963 4251 2129 4306 quam
2163 4235 2402 4290 maxime
2425 4237 2717 4306 juventnr,
2746 4247 2801 4292 et
2832 4236 3106 4291 bonorum
3150 4235 3543 4289 communione

1966 4362 2066 4418 per
2108 4346 2349 4401 familias
2370 4355 2426 4402 et
2452 4347 2707 4401 sodalitia
2741 4362 2897 4434 aeque
2921 4347 3205 4401 fruantur.
3244 4347 3543 4415 Utriusque
3633 4419 3636 4422 ἢ

1965 4458 2114 4515 enim
2147 4458 2384 4514 fortuna:
2411 4459 2746 4529 exemplaria
2784 4459 2918 4514 urbs
2945 4459 3178 4529 praebet,
3200 4471 3257 4514 et
3286 4459 3380 4528 qui
3406 4461 3544 4514 bene

1964 4573 2101 4629 facit
2124 4589 2232 4630 non
2256 4575 2637 4646 magnanimus
2658 4583 2763 4638 est,
2793 4575 2890 4630 sed
2917 4559 3248 4643 simplicimr
3267 4574 3543 4627 humanus

1964 4700 2097 4758 erga
2129 4696 2394 4758 cognatos
2438 4703 2503 4744 ac
2535 4691 2758 4746 fratres.
2802 4687 2940 4744 Cum
2975 4689 3123 4744 enim
3154 4687 3280 4742 vita:
3327 4689 3542 4742 vicissi-

1970 4800 2188 4856 tudines
2209 4801 2400 4870 Euripi
2469 4803 2643 4857 instar
2673 4803 2822 4858 ultro
2852 4803 3103 4873 citroque
3150 4801 3462 4864 volvantur,
3491 4812 3550 4856 rt

1975 4912 2056 4969 sic
2111 4928 2198 4968 res
2229 4913 2499 4968 humanas
2539 4913 2772 4969 ludibrii
2823 4913 2948 4968 loeo
2977 4923 3244 4978 versant,
3296 4911 3550 4968 videmus

1973 5027 2120 5098 quod
2177 5027 2272 5098 qui
2331 5027 2497 5082 modo
2568 5021 2852 5108 fortunati
2897 5029 3051 5083 fuere
3085 5069 3100 5096 ,
3153 5043 3283 5083 mox
3337 5042 3550 5084 summa
3636 5026 3640 5030 ’

1974 5155 2222 5195 aerumna
2249 5141 2528 5211 iactantur
2557 5179 2572 5205 ,
2610 5141 2894 5210 corruptis
2938 5139 3223 5208 iudicibus
3252 5156 3360 5210 qua
3396 5141 3554 5205 libet,

1976 5255 2351 5313 latrunculum
2385 5254 2740 5325 ponentibus.
2771 5253 2903 5321 Quae
2946 5253 2992 5310 si
3023 5269 3148 5310 vera
3177 5264 3306 5309 sunt
3338 5259 3415 5326 (et
3447 5257 3554 5309 uti-

1978 5386 2086 5442 que
2132 5370 2318 5441 sunt);
2356 5369 2402 5424 si
2453 5384 2557 5425 nos
2587 5385 2698 5424 non
2734 5385 2964 5440 prorsus
3009 5367 3206 5424 felices
3257 5377 3353 5423 aut
3397 5369 3557 5438 plane

1981 5482 2233 5538 infelices
2266 5481 2621 5544 invenimur;
2669 5481 2716 5535 si
2748 5481 2920 5536 variis
2951 5495 3137 5537 rerum
3187 5479 3560 5534 rotationibus

1986 5598 2109 5653 loca
2160 5605 2562 5667 permutamus,
2615 5605 2672 5649 et
2702 5609 2974 5665 nusquam
3025 5592 3252 5648 stabiles
3297 5591 3557 5654 vivimus,

1985 5727 2201 5780 aequum
2232 5717 2318 5763 est
2365 5716 2425 5762 ut
2454 5722 2814 5779 quoscunque
2847 5707 2902 5762 in
2934 5713 3178 5776 egestate
3208 5714 3264 5758 et
3294 5704 3562 5774 angustiis

1988 5839 2172 5880 rerum
2205 5827 2453 5880 viventes
2491 5823 2744 5881 videmus
2778 5839 2844 5879 ex
2875 5821 3059 5877 animo
3095 5821 3401 5887 doleamus,
3433 5835 3563 5875 con-
