4018 6416
519 379 623 443 5.03

1778 382 2172 449 'l'HEODULI
2209 382 2561 447 MONACHI

3658 380 3759 448 505.

521 491 764 548 solemur
805 501 859 547 et
906 492 1228 564 adiuvemus
1254 534 1270 559 ,
1301 495 1532 549 fortunae
1572 507 1772 550 nostrae
1794 496 2098 567 participes

2227 492 2265 545 ιὺ
2290 494 2449 546 τοῦτο
2481 493 2683 564 μᾶλλον
2711 494 2862 556 ὄντες
2897 495 2930 565 ἢ
2965 494 3152 553 ’κείνω
3190 491 3388 561 μᾶλλον
3417 491 3472 545 δὲ
3498 490 3759 562 οὐδέτερον

527 603 835 660 reddendo.
863 604 919 661 Si
950 605 1105 661 enim
1130 616 1347 674 tempus
1374 606 1479 662 fuit
1508 622 1619 677 quo
1646 624 1768 679 quas
1818 623 1968 665 nunc
1994 609 2095 664 ha-

525 717 738 777 bemus,
770 717 1059 787 acquirere
1078 718 1348 787 oportuit,
1374 727 1524 788 patet
1550 719 1694 787 quod
1718 734 1840 789 quas
1868 720 1923 775 in
1952 721 2105 790 prin-

533 827 678 894 cipio
709 841 818 879 non
856 825 1310 894 possidebamus,
1359 844 1462 884 nec
1514 829 1569 882 in
1620 838 1886 882 aeternum
1923 830 2103 899 possi«

539 937 815 1003 debimus,
851 937 946 992 sed
993 953 1121 993 casu
1158 939 1344 1009 aliquo
1379 940 1530 996 fatali
1561 951 1690 997 ante
1720 953 1958 1023 mortem
1995 958 2113 998 om-

532 1053 695 1107 nibus
742 1052 1170 1121 denudabimur,
1202 1065 1257 1108 et
1295 1054 1439 1123 quod
1493 1070 1637 1126 saepe
1684 1066 1811 1127 post
1873 1066 2109 1112 mortem

539 1165 591 1218 in
621 1164 908 1218 hominum
939 1165 1167 1219 minime
1189 1177 1469 1235 gratorum
1490 1169 1897 1237 possessionem
1930 1178 2115 1225 trans-

532 1275 614 1328 ire
646 1274 805 1330 inviti
841 1276 1112 1333 videmus.
1148 1278 1423 1334 Extrema:
1453 1280 1620 1351 igitur
1664 1291 1816 1338 esset
1861 1286 2115 1341 stultitiae

531 1384 733 1438 cedere
760 1386 907 1440 nolle
946 1400 1012 1440 ea
1044 1403 1169 1457 quae
1198 1402 1308 1443 non
1344 1404 1562 1461 semper
1588 1392 1878 1462 possidere
1912 1410 2116 1465 possu-

532 1518 655 1556 mus
688 1511 741 1557 et
772 1518 893 1573 quae
923 1505 1199 1560 interdum
1229 1507 1298 1561 ad
1326 1520 1429 1562 nos
1466 1516 1845 1565 revertuntur.
1867 1508 1927 1566 Si
1957 1513 2105 1566 enim

531 1630 662 1683 erga
704 1629 906 1685 egenos
938 1615 1329 1673 misericordes
1355 1633 1570 1684 sumus,
1598 1620 1743 1691 apud
1775 1637 1967 1679 omnes
1991 1623 2113 1694 gloo

534 1726 669 1779 riam
714 1737 766 1781 et
802 1728 1018 1783 laudem
1052 1729 1429 1800 adipiscemur
1456 1740 1513 1787 et
1536 1731 1777 1788 fructum
1801 1748 1898 1802 per
1921 1737 2121 1792 saecula

2210 585 2441 649 τούτων,
2472 584 2663 656 ἐπειδὴ
2694 586 2786 638 καί
2817 584 2953 654 πρὸς
2980 582 3148 653 ἄμφω
3182 581 3482 651 χωροῦμεν,
3501 585 3594 636 καὶ
3614 582 3757 635 οὐδα-

2215 672 2322 741 μοῦ
2370 672 2644 742 δυνάμεθα
2693 674 2904 741 στῆναι,
2962 672 3161 726 δίκαιοι
3219 673 3418 732 πάντες
3473 670 3633 738 ἱσμὲν
3681 671 3761 724 διὰ

2216 762 2395 816 πάντα
2421 764 2616 828 ταῦτα,
2655 764 2747 826 οὒς
2772 764 2837 817 ἂν
2859 763 3107 817 ἑκάστοθ’
3137 761 3350 833 ὁρῶμεν
3379 763 3434 813 ὲν
3466 760 3650 814 σπάνει
3668 776 3763 814 κα-

2214 861 2489 923 θεστῶτας
2534 859 2626 914 τοῦ
2656 860 2772 929 βίου
2806 861 2905 913 καί
2936 860 3099 929 πενίᾳ
3131 858 3432 922 συζῶντας,
3463 856 3555 907 καὶ
3575 847 3651 915 οἷς
3675 855 3763 906 οὐκ

2216 953 2326 1006 ἔδει
2357 951 2863 1021 ταλαιπωροῦντας,
2893 950 3103 1011 τούτοις
3131 949 3428 1018 συμπονεῖν
3460 945 3553 1000 καὶ
3582 947 3763 999 συναλι

2218 1049 2336 1115 γεῐν
2361 1048 2455 1100 καὶ
2483 1046 2873 1116 συνάχθεσθαι,
2906 1046 3001 1098 καὶ
3024 1046 3190 1100 πᾶσιν
3220 1039 3301 1106 οἷς
3328 1042 3536 1107 ἔξεστιν
3562 1042 3766 1094 ἰιπικου⁸

2220 1138 2397 1206 φίζειν
2431 1139 2523 1193 καὶ
2578 1136 3023 1209 παραμυθεῖψαι
3072 1135 3226 1205 σφίσι
3273 1133 3342 1189 τὰ
3391 1133 3641 1202 δυσχερῆ,
3684 1132 3769 1185 καί

2218 1229 2358 1292 ὅλως
2379 1232 2674 1293 κοινωνοὺς
2704 1230 2977 1283 ποιεῖσθαι
3006 1229 3117 1281 τῶν
3151 1227 3250 1280 εἰτ’
3283 1227 3452 1280 ὄντων
3494 1225 3666 1295 βούλει
3694 1225 3771 1277 λέ·-

2218 1332 2340 1386 γειν
2393 1318 2494 1371 εἰτ’
2524 1320 2625 1372 οὐκ
2674 1318 2843 1373 ὄντων
2895 1320 3047 1388 ἡμῖν.
3083 1319 3146 1371 Εἰ
3184 1317 3291 1387 γὰρ
3327 1316 3364 1372 ἃ
3417 1315 3511 1369 νῦν
3569 1300 3783 1385 ἔχομενξ

2218 1407 2377 1463 ταῦτ’
2407 1411 2507 1463 οὐκ
2559 1410 2772 1481 ἔχοντες
2815 1410 3190 1481 ἐκτησάμεθα,
3246 1408 3469 1478 εὔδηλον
3499 1407 3573 1470 ὥς
3602 1408 3771 1476 ἐπειδὴ

2218 1499 2319 1572 τὴν
2347 1502 2526 1571 ἀρχὴν
2557 1502 2659 1557 οὐκ
2699 1501 2915 1573 ἔχοντες
2948 1500 3322 1572 ἐκτησάμεθα,
3369 1499 3490 1553 οὐδὲ
3516 1498 3775 1569 κτησάμε-

2221 1609 2301 1645 νοι
2330 1584 2636 1664 καθέξομεν
2662 1593 2839 1657 ἐσαεὶ,
2866 1591 2983 1647 ἀλλ’
3025 1593 3106 1645 ἔτι
3131 1593 3263 1662 πρὶν
3299 1590 3642 1661 ἀπηλλάχθαι
3686 1590 3772 1643 τοῦ

2225 1681 2342 1753 βίου
2386 1686 2595 1738 τούτων
2634 1684 3017 1755 ὲκπεσούμεθα
3043 1684 3184 1756 τύχῃ
3216 1687 3345 1747 τινὶ,
3384 1677 3475 1737 οἷα
3508 1683 3670 1737 πολλὰ
3702 1682 3776 1750 γί-

2224 1790 2434 1843 γνεται,
2472 1777 2505 1845 ἢ
2538 1775 3011 1847 τετελευτηκότες,
3039 1777 3134 1830 καὶ
3162 1772 3243 1839 οἷς
3287 1776 3440 1829 ἐστιν
3474 1775 3553 1828 ὅτ’
3576 1776 3633 1828 οὐ
3671 1775 3777 1843 βυ-

532 1839 929 1910 percipicmus,
965 1842 1078 1897 imo
1107 1842 1280 1899 Deum
1334 1844 1514 1915 ipsum
1558 1846 1894 1902 creditorem
1935 1847 2115 1903 habe-

2227 1832 2454 1935 λόμεθα,
2487 1832 2641 1920 ταῦτ’
2673 1832 3010 1936 ὲξανάγκηςν
3031 1832 3264 1936 ἐάσομεν
3296 1864 3559 1936 χρῆσθαι.
3605 1832 3779 1933 Ἐσχά-

534 1952 736 2021 bimus,
792 1953 958 2024 idque
992 1969 1125 2010 cum
1163 1958 1393 2029 majori,
1424 1972 1588 2030 quam
1641 1961 1768 2029 quis
1796 1961 2119 2026 crediderit,

542 2082 730 2122 usura.
756 2067 812 2123 Si
842 2081 1027 2124 autem
1059 2084 1254 2126 eorum
1280 2087 1405 2142 quae
1432 2088 1536 2144 pro
1561 2072 1683 2130 aliis
1711 2074 1965 2142 facimus,
1996 2075 2119 2130 fru-

533 2187 681 2231 ctum
720 2179 1040 2249 recipimus,
1072 2181 1186 2235 imo
1213 2197 1313 2252 pro
1360 2184 1546 2252 parvis
1572 2182 1869 2240 beneficiis
1925 2200 2121 2256 magna

536 2292 868 2358 redduntur,
918 2292 1058 2348 ciant
1091 2292 1251 2349 nobis
1287 2294 1421 2365 ipsis
1467 2296 1665 2351 melius
1697 2296 1927 2353 facimus
1953 2313 2119 2369 quam

535 2403 771 2468 ueteris,
846 2413 904 2460 et
950 2386 1229 2460 beneﬁcos
1259 2420 1356 2460 eos
1396 2406 1451 2461 in
1483 2416 1698 2463 nosmet
1733 2410 2122 2465 constituimus

536 2512 707 2584 magis
734 2530 899 2585 quam
927 2515 984 2571 in
1008 2517 1238 2587 seipsos,
1268 2518 1413 2574 unde
1444 2517 1582 2574 litut
1611 2519 1688 2575 illi
1715 2521 1981 2592 majorem
2012 2537 2118 2577 no-

535 2629 643 2694 bis,
697 2644 861 2698 quant
914 2644 1018 2687 nos
1070 2630 1218 2696 Deo,
1257 2631 1488 2701 gratiam
1547 2634 1941 2704 profiteantur,
1980 2638 2113 2705 quia

534 2744 683 2811 quod
731 2743 868 2813 ipsis
900 2759 933 2800 a
981 2743 1143 2800 nobis
1172 2745 1586 2815 suppeditatur,
1620 2746 1785 2826 nobis
1808 2762 1841 2802 a
1873 2747 1987 2803 Deo
2018 2762 2115 2802 ve-

541 2859 650 2922 nit,
689 2869 746 2912 et
780 2871 884 2913 nos
908 2873 1097 2913 eorum
1129 2872 1251 2929 quae
1277 2858 1494 2926 damus,
1526 2874 1749 2917 usuram
1773 2876 1970 2932 capere
2000 2877 2124 2932 spe-

540 2992 732 3033 ramus
756 2977 908 3046 justo
935 2978 1222 3049 majorem,
1256 2977 1388 3032 dum
1420 2992 1543 3047 qua:
1573 2977 1769 3032 damus
1799 2991 1910 3032 non
1951 2976 2121 3031 bene-
2172 3031 2176 3037 ,

541 3092 802 3146 volentia:
831 3092 1062 3148 effectus
1090 3101 1197 3160 est,
1229 3092 1328 3148 sed
1371 3093 1685 3149 necessaria
1715 3092 2017 3148 restitutio.
2052 3092 2109 3147 Si

544 3206 691 3260 enim
727 3220 790 3260 ea
816 3220 939 3275 quae
963 3204 1031 3261 iis
1063 3203 1464 3261 beneﬁciorum
1497 3203 1658 3259 titulo
1685 3203 2123 3274 suppeditamus,

545 3335 573 3370 a
607 3318 719 3372 Deo
765 3319 1018 3386 veniunt,
1051 3319 1327 3390 siquidem
1358 3320 1568 3375 fratres
1597 3336 1791 3379 sumus
1833 3331 1887 3377 et
1915 3323 2124 3378 amico-

545 3448 690 3500 rum,
724 3445 787 3489 ut
817 3435 871 3489 in
906 3434 1201 3506 proverbio
1245 3442 1354 3499 est,
1402 3435 1588 3491 omnia
1636 3436 1952 3492 communia
2002 3452 2126 3494 esse

545 3546 768 3613 debent,
807 3547 917 3618 jam
950 3554 1102 3617 patet
1150 3546 1295 3616 quod
1344 3561 1469 3619 quae
1512 3562 1614 3604 nos
1657 3548 1726 3604 iis
1769 3548 1964 3605 damus
2015 3564 2127 3605 non

502 3688 515 3697 -
545 3673 821 3726 nostrum,
852 3660 948 3717 sed
981 3661 1232 3732 ipsorum
1269 3670 1377 3726 est,
1409 3670 1465 3717 et
1492 3663 1640 3733 quod
1673 3663 1720 3718 si
1749 3663 1894 3720 dona
1937 3673 2126 3721 nostra

548 3776 847 3846 recipiunt,
876 3791 983 3829 non
1011 3784 1225 3841 nostra,
1260 3776 1354 3832 sed
1387 3778 1613 3847 prepria
1650 3778 1950 3848 recipiunt.
1987 3779 2126 3834 illud

549 3892 775 3959 insuper
826 3889 1001 3944 dicam
1024 3889 1196 3959 quod,
1214 3903 1340 3944 cum
1365 3888 1620 3945 homines
1650 3905 1845 3946 sumus
1871 3902 1927 3947 et
1954 3894 2131 3947 nomi-

552 4019 773 4068 namur,
807 4002 1000 4057 eadem
1032 4017 1226 4059 omnes
1256 3994 1452 4058 natura
1488 4003 1715 4059 excitati
1746 4003 1891 4059 idem
1926 4015 1981 4061 et
2017 4023 2133 4062 me—

551 4121 793 4175 ditamur
842 4134 907 4173 ac
952 4118 1216 4185 facimus;
1264 4126 1321 4174 et
1368 4118 1515 4188 quod
1584 4118 1701 4174 sola
1754 4119 1972 4176 fortuna
2031 4138 2132 4177 nos

545 4232 850 4304 distinguit
874 4247 995 4302 qum
1030 4230 1170 4294 alios
1196 4245 1444 4302 magnos,
1491 4230 1634 4285 alios
1665 4245 1868 4300 parvos
1903 4232 2132 4289 divites-

551 4364 657 4419 que
689 4346 997 4413 constituit,
1033 4346 1162 4400 dum
1195 4346 1286 4400 alii
1334 4346 1497 4416 plane
1547 4350 1891 4406 contrarium
1945 4354 2133 4409 obtin-

551 4472 708 4536 gunt.
738 4464 891 4531 Quod
924 4464 968 4520 si
1007 4462 1073 4518 iis
1101 4477 1222 4533 qua:
1260 4463 1400 4517 bene
1433 4462 1631 4518 mereri
1667 4463 1947 4532 videntur,
1993 4468 2134 4524 bene

554 4579 804 4643 facimus,
840 4576 998 4632 nobis
1031 4577 1164 4647 ipsis
1189 4576 1331 4632 bene
1357 4576 1619 4645 facimus;
1652 4578 1699 4633 si
1738 4595 1868 4635 vero
1896 4583 2135 4653 quibus-

470 4688 473 4693 ’
555 4698 679 4745 nam
723 4692 847 4746 aliis
880 4690 1069 4745 eadem
1134 4690 1396 4745 beneficia
1446 4706 1801 4757 recusamus,
1858 4708 1959 4750 nos
1993 4697 2140 4766 ipsos

558 4809 873 4876 ignoramus
921 4813 1131 4859 natura:
1180 4807 1326 4876 leges
1381 4807 1841 4875 transgrediendo
1878 4819 1933 4865 et
1967 4812 2141 4865 servi-

564 4935 734 4977 tutem
782 4921 1084 4975 subeuntes
1114 4921 1338 4976 homine
1378 4937 1489 4977 non
1541 4921 1785 4990 dignam.
1839 4923 2022 4990 Quare
2071 4942 2140 4982 ne

563 5043 814 5088 naturam
838 5031 1032 5086 vitiare
1060 5032 1366 5098 videamur,
1401 5047 1621 5102 semper
1667 5032 1807 5086 bene
1842 5032 2023 5090 facere
2054 5039 2138 5090 ni-

565 5162 763 5217 tamur,
792 5151 897 5205 ltoc
940 5147 1085 5204 enim
1116 5156 1327 5207 natura:
1370 5148 1766 5202 convenienter
1822 5146 2009 5200 vivere
2071 5157 2131 5199 et

570 5265 967 5327 humanitatem
1004 5276 1266 5318 exercere
1289 5270 1394 5315 est.
1420 5261 1602 5328 Quare
1636 5260 1683 5317 si
1722 5262 1974 5316 homines
1994 5259 2127 5314 cita-

567 5381 731 5433 ritate
765 5376 959 5447 dignos
989 5375 1229 5445 humane
1261 5375 1509 5428 tractatis
1539 5383 1595 5429 et
1630 5375 1771 5428 bona
1800 5382 1983 5428 vestra
2011 5387 2137 5428 cum

570 5491 640 5546 iis
672 5489 1127 5554 communicatis,
1161 5487 1258 5543 Dei
1290 5494 1477 5542 amore
1513 5486 1661 5560 digni
1698 5484 2140 5545 :estimabimini;

574 5607 657 5662 sin
689 5605 890 5671 minus,
921 5620 951 5661 e
973 5616 1163 5662 contra
1194 5606 1361 5661 rudes
1389 5618 1455 5659 ac
1488 5603 1773 5658 inhumant
1808 5613 1862 5658 et
1896 5602 2144 5673 prodito-

576 5736 666 5775 rcs
723 5737 843 5776 esse
906 5719 1261 5776 censebimini
1327 5719 1583 5773 humana:
1648 5714 1948 5770 societatis.
2007 5712 2146 5767 ilinc

580 5832 782 5917 Opunta
842 5835 1100 5908 malorum
1168 5833 1288 5888 loco
1361 5829 1583 5899 eligite,
1639 5841 1695 5884 ct
1769 5827 2124 5888 humanitatis

2214 1974 2323 2029 an;
2377 1957 2471 2011 οὖν
2525 1958 2593 2013 ἂν
2650 1960 2737 2024 εἰη
2792 1958 3200 2028 παραπληξίας,
3263 1958 3338 2027 μὴ
3393 1957 3546 2011 ταῦτ’
3593 1957 3779 2011 ἐθέλειν

2224 2050 2477 2119 ἑτοίμως,
2504 2050 2814 2120 προΐεσθαι,
2848 2048 2887 2106 ἃ
2926 2050 3247 2119 κατέχοντες
3294 2048 3399 2115 μὲν
3443 2050 3545 2103 οὒκ
3571 2049 3779 2102 εἰσάπαν

2223 2140 2526 2210 καθέξομεν
2550 2157 2567 2175 ο
2602 2142 2916 2211 προϊέμενοι
2967 2141 3045 2205 δὲ,
3073 2143 3173 2193 οὐκ
3224 2141 3378 2194 ἔστιν
3413 2142 3501 2194 ὅτε
3555 2142 3648 2209 οὐχ
3677 2139 3779 2204 ἕξο-

2224 2251 2327 2303 μεν
2354 2249 2367 2264 ο
2400 2234 2460 2287 τὸ
2483 2233 2591 2303 γὰρ
2616 2233 2753 2303 πρὸς
2774 2232 2899 2295 τοὺς
2928 2233 3029 2285 οὐκ
3056 2233 3274 2303 ἔχοντας
3307 2232 3675 2303 μεγαλοψυχίᾳ
3699 2248 3776 2284 κε-

2223 2324 2483 2395 χρῆσθαι,
2518 2325 2613 2378 καί
2647 2323 2805 2378 πάντ’
2834 2324 3017 2387 αὐτοῖς
3048 2325 3335 2394 ἐπαρκεῖν,
3363 2323 3615 2378 τοσοῦτον
3648 2323 3774 2392 ίσχει

2223 2433 2300 2468 πα
2312 2416 2379 2486 ρὰ
2409 2417 2627 2472 πάντων
2653 2416 2711 2469 ἑν
2743 2414 2823 2487 τῷ
2861 2413 2954 2468 τοῦ
2991 2414 3158 2469 καλοῦ
3199 2417 3291 2467 καί
3317 2415 3532 2469 δικαίου
3563 2414 3699 2481 λόγῳ
3720 2413 3774 2465 τὸ

2224 2508 2670 2578 συγκεχωρηκὸς,
2706 2507 2783 2570 ὡς
2823 2506 2919 2577 οὐχ
2959 2506 3083 2560 ὅσον
3113 2507 3193 2570 εἰς
3219 2506 3429 2568 αἰῶνας
3456 2506 3660 2558 αἰώνων
3688 2520 3776 2555 πα-

2224 2600 2537 2671 ραπέμπειν
2564 2599 2625 2653 τὸ
2676 2599 2891 2671 κέρδος,
2926 2598 3063 2653 ἀλλὰ
3091 2598 3186 2652 καὶ
3216 2599 3307 2650 τὸν
3349 2598 3461 2650 τῶν
3490 2597 3623 2650 ὅλων
3657 2594 3774 2648 Θεδν

2223 2696 2509 2767 ὑπόχρεων
2535 2697 2670 2765 ἡμῖν
2719 2694 3051 2748 καθεστάναι
3086 2693 3223 2761 μετὰ
3271 2690 3520 2759 μείζονος
3546 2691 3581 2761 ἦ
3606 2706 3681 2751 τις
3716 2688 3772 2741 ἂν

2223 2789 2444 2844 εἰκάσαι
2480 2786 2834 2857 παρασκευῆς
2863 2785 3201 2839 ὲκτιννύντα.
3238 2784 3299 2836 Εἰ
3324 2783 3372 2836 δ’
3397 2777 3470 2836 ὧν
3494 2783 3573 2843 εἰς
3596 2779 3773 2839 αὐτοὺς

2223 2882 2409 2935 εἵνεκα
2442 2881 2678 2951 δρῶμεν,
2727 2880 2884 2931 ταυτὶ
2929 2876 3291 2948 κομιζόμεθα,
3325 2878 3425 2930 καὶ
3469 2876 3553 2930 διὰ
3576 2872 3665 2928 τοῦ
3698 2888 3776 2942 μι-

2223 2976 2330 3044 κρά
2360 2975 2498 3029 ἄττα
2521 2973 2741 3035 διδόναι,
2774 2971 2841 3024 τά
2868 2972 3085 3024 πάντων
3114 2967 3332 3036 μέγιστ’
3364 2969 3535 3031 αὐτοὶ,
3582 2966 3671 3018 καὶ
3709 2958 3773 3015 ὧν

2222 3068 2323 3120 οὐκ
2347 3066 2411 3120 ἂν
2439 3065 2658 3130 εὖξαιτό
2681 3081 2765 3126 τις
2787 3063 3008 3126 καλλίω,
3032 3060 3388 3127 λανθάνομεν
3423 3063 3571 3130 ἡμᾶς
3598 3057 3772 3117 αὐτοὺς

2148 3161 2194 3221 C
2231 3158 2432 3228 μᾶλλον
2466 3155 2524 3210 εὖ
2576 3155 2855 3215 ποιοῦντες
2887 3153 2918 3224 ἢ
2961 3154 3211 3207 τουτουσί
3238 3168 3251 3183 ο
3304 3155 3407 3205 καὶ
3450 3151 3607 3204 πλέον
3631 3148 3775 3218 ἡμεῖς

2225 3248 2547 3317 ἀπέχοντες,
2580 3245 2613 3315 ἢ
2658 3237 2806 3297 οὗτοι
2837 3242 2931 3296 νῦν
2977 3241 3110 3311 παρ’
3145 3240 3302 3311 ήμῶν
3336 3242 3523 3312 ἔχουσι
3545 3256 3559 3270 ·
3594 3239 3681 3293 καὶ
3705 3229 3776 3296 οἷς

2227 3334 2659 3404 ἐπανορθοῦσθαι
2681 3332 2781 3403 τὴν
2813 3331 2965 3399 σφῶν
2991 3330 3223 3399 ἀπορίαν
3250 3329 3483 3398 οἰόμεθα
3509 3329 3632 3390 δεῖν,
3663 3326 3777 3379 θαυ-

2231 3426 2468 3498 μαστούς
2507 3442 2664 3487 τινας
2713 3424 2939 3486 τούτους
2982 3424 3112 3493 ¹ἡμῖν
3143 3422 3323 3482 αὐτοῖς
3374 3421 3657 3491 εὐεργέτας
3686 3435 3778 3468 πο-

2230 3520 2661 3592 ρασκευάζοντες
2691 3516 2786 3571 τοῦ
2838 3516 3028 3573 λοιποῦ
3054 3532 3068 3546 ο
3100 3514 3175 3576 ὡς
3214 3513 3288 3583 μὴ
3325 3515 3490 3583 μόνον
3531 3510 3773 3570 ἐντεῦθεν,

2230 3616 2367 3670 ἀλλὰ
2393 3617 2488 3669 καὶ
2525 3612 2645 3667 κατ’
2678 3610 2809 3664 αὑτό
2839 3628 2900 3678 γε
2928 3610 3021 3664 καί
3059 3608 3296 3679 μάλ;στα
3325 3608 3489 3661 τοῦτο
3517 3607 3586 3675 μὴ
3608 3600 3779 3657 τισαύ·

2228 3726 2327 3778 την
2361 3709 2493 3779 ἡμῖν
2524 3706 2685 3776 χάριν
2746 3704 2943 3765 αὐτοὺς
2979 3700 3147 3770 ἴσχειν
3173 3699 3204 3769 ἤ
3253 3701 3405 3768 ἡμᾶς
3433 3698 3510 3768 τῷ
3537 3694 3649 3764 Θεῷ
3675 3710 3685 3721 ·
3709 3692 3778 3779 ὅτι

2230 3801 2266 3855 ἃ
2298 3778 2429 3869 παρ’
2459 3801 2490 3869 ἡ
2502 3798 2618 3868 μῶν
2645 3795 2759 3849 ἔστ’
2793 3795 2998 3858 αὐτοῖς,
3030 3791 3234 3845 τούτων
3280 3793 3423 3857 ἡμῖν
3451 3789 3615 3842 ὄντων
3645 3778 3778 3851 παρὰ

2231 3891 2391 3956 Θεοῦ,
2419 3888 2591 3944 ἔπειθ’
2621 3889 2784 3957 ἡμεῖς
2806 3885 3057 3938 τάκείνου
3083 3882 3337 3944 διδόντες,
3376 3880 3600 3950 μισθοὺς
3633 3877 3780 3942 ὑπερ·

2233 3987 2388 4053 φυείς
2427 3980 2748 4051 κομίζεσθαι
2779 3976 3083 4048 βουλόμεθα
3126 3974 3330 4030 τούτων
3362 3989 3375 4003 ⁸
3412 3974 3584 4035 άλλως
3614 3985 3670 4023 τε
3699 3964 3781 4019 καί

2233 4079 2302 4130 τὰ.
2333 4073 2466 4145 παρ’
2500 4071 2658 4141 ἡμῶν
2699 4071 2832 4140 πρὸς
2866 4070 3060 4131 αὐτοὺς
3089 4067 3150 4119 οὑ
3192 4066 3336 4128 δόσις
3384 4082 3468 4128 τις
3501 4056 3781 4145 μεγαλόψυ-

2235 4186 2347 4241 χος,
2380 4140 2496 4221 ἀλλ’
2523 4140 2782 4225 γάπόδοσίς
2835 4162 2982 4213 ἔστιν
3010 4157 3336 4224 ὲξανάγκης.
3386 4156 3448 4209 Εἰ
3480 4156 3585 4224 γὰρ
3618 4149 3681 4206 δι’
3715 4140 3779 4241 ὧν

2235 4238 2430 4322 αὐτοὺς
2459 4257 2517 4313 εὖ
2557 4257 2843 4326 ποιοῦμεν,
2878 4253 3033 4307 πάντ’
3075 4250 3192 4303 ἐστι
3228 4249 3401 4303 ταῦτα
3434 4246 3588 4310 Θεοῦ,
3615 4238 3781 4305 ἐπειδὴ

2238 4356 2358 4411 κατ’
2384 4355 2545 4408 αὐτὸν
2574 4350 2764 4403 τοῦτον
2806 4349 2900 4401 καὶ
2924 4344 3169 4413 ἀδελφοὶ,
3202 4343 3359 4395 κοινὰ
3387 4342 3444 4394 δὲ
3484 4341 3550 4392 τὰ
3581 4336 3678 4389 τῶν
3709 4330 3785 4401 φί-

2241 4449 2349 4501 λων
2375 4448 2409 4516 ἡ
2447 4442 2717 4514 παροιμία
2751 4439 3050 4507 νομοθετεῖ,
3078 4436 3354 4489 δείκνυται
3398 4434 3569 4504 δήπου
3596 4423 3782 4516 captus,

2239 4539 2315 4602 ὡς
2336 4510 2450 4590 οὗθ’
2479 4510 2638 4603 ἡμεῖς
2664 4532 2698 4586 ἃ
2735 4532 2887 4598 σφίσι
2934 4529 3182 4597 διδόαμεν
3227 4526 3456 4596 ἡμέτερ’
3496 4520 3658 4581 ἐστὶν,
3682 4510 3782 4568 ἀλλ’

2242 4632 2443 4691 αὐτῶν,
2469 4626 2584 4681 οὗθ’
2615 4628 2741 4679 ὅταν
2772 4619 2916 4677 οὗτοι
2952 4620 3127 4673 ταῦτα
3158 4618 3536 4689 λαμϐάνωσιν,
3560 4612 3782 4682 ἡμέτερα

2241 4722 2579 4791 λαμϐάνουσι
2617 4719 2814 4787 δήπου,
2847 4713 2982 4766 ἀλλὰ
3013 4713 3080 4764 τὰ
3125 4708 3344 4779 σφέτερ’
3374 4707 3552 4761 αὐτῶν
3579 4700 3784 4758 εἰκότως

2240 4806 2901 4881 ἀπολαμϐάνουσι.ο1]αρὰ
2932 4805 3111 4857 πάντα
3140 4802 3195 4855 δὲ
3220 4800 3394 4853 ταῦτα
3419 4799 3592 4852 ἐκεῖνο
3641 4792 3783 4854 λέγω,

2239 4907 2315 4970 ὡς
2421 4906 2519 4975 μὲν
2562 4900 2890 4969 πεφύκαμεν
2936 4897 3213 4964 ἅνθρωποι
3254 4897 3348 4947 καὶ
3394 4891 3564 4957 τούτῳ
3613 4882 3787 4938 καλου-

2248 4978 2384 5068 μεθα
2427 4996 2506 5066 τῷ
2554 4996 2930 5062 προσρήματι.
2964 4989 3022 5039 ἒν
3063 4986 3266 5047 πάντες
3298 4984 3487 5053 ἐσμὲν,
3532 4978 3619 5033 καὶ
3645 4978 3787 5041 φῠδιν

2244 5093 2442 5160 ἔχομεν
2470 5086 2643 5140 ταυτᾶ
2677 5084 2878 5142 πάντες
2912 5081 3005 5132 καὶ
3032 5076 3359 5130 διανοεῖσθαι
3388 5074 3481 5127 καὶ
3510 5068 3783 5166 πράσσειιῗ⁶

2242 5158 2311 5255 τῇ
2338 5158 2478 5251 τύχῃ
2511 5180 2568 5232 δὲ
2600 5178 2694 5231 και,
2721 5180 2786 5245 τῇ
2823 5173 2922 5243 τῆς
2944 5171 3112 5240 τύχης
3149 5170 3292 5239 φορᾷ
3344 5165 3618 5258 διαιρέρεὶςί

2243 5249 2353 5328 λόον
2386 5270 2674 5340 δοκοῦμεν,
2704 5268 2781 5329 ὼς
2828 5265 2956 5327 τοὺς
2990 5264 3089 5333 μὲν
3133 5261 3376 5330 μείζους,
3402 5256 3526 5315 τοὺς
3571 5249 3614 5301 δ’
3643 5249 3785 5347 ἐλαϐ-

2248 5382 2397 5429 σους,
2425 5381 2514 5416 και
2536 5360 2662 5420 τοὺς
2690 5359 2788 5428 μὲν
2822 5357 3056 5424 εὐπόρου
3070 5373 3110 5418 :,
3138 5353 3263 5414 τοὺς
3281 5351 3324 5404 δ’
3347 5343 3490 5400 εἶναι
3522 5342 3624 5396 πᾶν
3649 5345 3786 5429 ‘FOW‘

2247 5464 2449 5512 αντίον.
2491 5453 2702 5508 Οὐκοῦν
2727 5448 2809 5514 οἷς
2856 5452 2955 5519 μὲν
2993 5448 3117 5507 τοὺς
3159 5444 3217 5497 εὖ
3275 5440 3465 5495 παθεῖν
3520 5428 3785 5525 detriti-VO”:

2248 5551 2309 5615 εὖ
2343 5550 2519 5601 ποιεῖν
2572 5544 2797 5615 οἰόμεθα
2838 5541 2967 5603 δεῖν,
3000 5540 3147 5607 ἡμᾶς
3191 5532 3389 5594 αὐτοὺς
3428 5529 3501 5588 ὼὲ
3551 5525 3784 5615 “FW,”

2248 5639 2533 5708 ποιοῦμενο
2567 5636 2646 5706 τῷ
2692 5633 2835 5689 κατά
2873 5631 3035 5699 φύσιν
3074 5630 3275 5697 χωρεῖν
3299 5642 3312 5655 ⁸
3343 5619 3425 5682 οἷς
3476 5619 3518 5670 δ’
3561 5613 3615 5665 οὐ
3645 5614 3784 5708 τουτθ

2249 5732 2534 5799 ποιοῦμεν,
2565 5730 2711 5798 ἡμᾶς
2735 5726 2934 5786 αὐτοὺς
2975 5719 3295 5789 ἀγνοοῦμεν,
3326 5714 3454 5772 τοὺς

2252 5821 2681 5891 παραὸαίνοειτες
2724 5818 2924 5888 ⁸ιόμους
2950 5830 2965 5847 ’
2997 5814 3088 5866 καί
3118 5811 3255 5882 τύχῃ
3300 5800 3635 5861 δουλεύοντες
3666 5780 3787 5859 μᾶλ-

3473 5710 3564 5774 sit:
3594 5700 3784 5769 φὺπεωξ
