4018 6416
449 365 556 432 ίιΟῚ

1699 352 2095 426 TllEODULl
2135 363 2480 422 MONACHI

3581 361 3676 422 508

442 478 531 534 vel
560 477 836 532 minorum
867 477 1110 547 gentium
1145 478 1198 532 in
1235 477 1450 532 artibus
1491 475 1682 531 rudem
1734 490 1858 530 esse
1909 484 2022 528 aut

2129 476 2377 524 παντοῖαι
2413 474 2507 526 καὶ
2533 471 2668 540 πρὸς
2695 471 2873 522 πᾶσαν
2898 468 3089 537 ἥντινα
3124 468 3323 536 δήποτε
3355 469 3537 538 χρείαν
3560 486 3680 521 παν.

446 590 768 646 indnlentia:
801 592 1159 646 succumbere
1188 591 1424 660 poterit,
1460 591 1570 644 imo
1601 605 1696 660 pro
1732 599 1886 643 certo
1918 587 2015 640 ha-

447 704 551 759 beo
579 719 1024 774 unumquemque
1055 703 1326 772 portionis
1354 702 1548 756 saltem
1584 701 1813 755 istorum
1846 701 2021 754 bono-

449 834 570 870 rum
600 815 920 886 participem
952 830 1072 869 esse
1100 851 1116 877 ,
1163 814 1403 884 indeque
1441 823 1498 868 et
1542 814 1648 868 sibi
1681 823 1739 869 et
1798 817 2020 870 caeteris

445 929 732 984 commoda
767 927 998 996 plurima
1035 935 1408 996 reportaturos
1457 942 1609 992 esse,
1646 937 1702 982 et
1753 940 1852 996 pro
1914 944 2011 981 sua

449 1050 602 1108 parte
629 1047 895 1107 quantum
927 1038 1088 1092 decet
1138 1052 1236 1106 pro
1283 1038 1460 1108 patria
1497 1038 1734 1093 libenter
1774 1039 2019 1095 facturos

445 1164 606 1213 esse;
655 1163 756 1201 nec
797 1156 1009 1203 tantum
1073 1148 1402 1203 industriam
1443 1149 1755 1204 ostentandi
1802 1149 2019 1220 gratia;

448 1263 558 1315 imo
600 1262 758 1332 Iobi
805 1273 864 1318 et
906 1263 1097 1332 patriae
1151 1263 1388 1318 studiosi
1437 1279 1776 1332 suarumque
1832 1279 2020 1319 rerum

448 1279 558 1315 nuo
667 1279 758 1315 om
805 1279 864 1318 et
906 1279 1097 1332 patriae
1151 1279 1388 1318 studiosi
1437 1279 1776 1332 suarumque
1832 1279 2018 1319 rerum

447 1279 663 1444 ιιι-θύῃ
686 1388 806 1429 esse
835 1374 1136 1441 debebunt,
1164 1384 1222 1431 et
1249 1390 1373 1446 quae
1397 1377 1464 1431 ad
1495 1379 1699 1432 victum
1727 1386 1785 1432 et
1809 1378 2018 1431 cultum

449 1488 727 1557 pertinent
756 1501 1098 1556 comparare,
1133 1503 1202 1542 ne
1231 1489 1298 1543 ad
1341 1488 1547 1543 furtum
1578 1491 1934 1561 rapinamque
1961 1501 2018 1546 et

451 1594 736 1665 sacrilegia
765 1595 1104 1650 descendant
1152 1605 1208 1650 et
1235 1597 1615 1651 verecundiam
1655 1601 1932 1667 deponant
1962 1607 2021 1652 et

450 1708 708 1779 parjuriis
737 1716 996 1772 utantur,
1032 1717 1313 1779 postremo
1359 1709 1427 1764 ad
1457 1709 1786 1767 seditionem
1834 1727 2028 1766 recur-

2121 563 2358 615 τάπασιν
2383 565 2516 632 ἡμῖν
2564 561 2906 631 ἀποχρῶσαι,
2935 560 3044 611 τῶν
3088 559 3389 611 καλλίστων
3419 561 3510 612 καὶ
3539 560 3688 612 λυοικ

2121 653 2464 706 τελεστάτων
2523 655 2726 717 νομίζω
2775 651 3121 722 μηδοντινοῦν
3166 651 3276 704 τῶν
3330 652 3560 704 πολιτῶν
3594 655 3681 704 καὶ

2123 744 2231 795 τῶν
2265 743 2476 813 μικρῶν
2501 743 2644 812 ὑπὲρ
2673 743 2798 805 τοὺς
2838 741 3064 803 πολλοὺς
3117 739 3313 807 τέχνης
3356 740 3580 806 ἄμοιρον
3609 734 3683 790 εἷ-

2129 852 2236 895 ναι,
2274 833 2398 902 μηδ’
2442 833 2548 897 ἔξω
2588 835 2810 885 πίπτειν
2844 831 2938 884 τοῦ
2973 832 3295 899 καταλόγου,
3343 829 3467 898 μηδ’
3509 833 3684 897 ἀργῶς

2127 926 2300 994 ῐσχειν
2330 927 2388 978 έν
2415 925 2645 987 τούτοις,
2673 924 2788 979 ἀλλ’
2821 925 3046 978 ἕκαστον
3073 923 3149 986 ὡς
3174 921 3418 992 προσῆκε
3445 921 3534 972 καὶ
3561 923 3686 975 πάν-

2126 1033 2223 1076 τας
2252 1017 2310 1067 ιν
2353 1015 2508 1084 μέρει
2546 1015 2820 1078 συντελεῖς
2850 1016 2926 1078 ὡς
2974 1015 3187 1085 μάλιστ’
3221 1011 3358 1067 εἶναι
3386 1016 3454 1068 τά
3490 1031 3548 1080 γε
3577 1031 3679 1066 τοι-

2128 1106 2287 1169 αῦτα,
2319 1106 2394 1168 ὡς
2425 1105 2492 1158 ἂν
2542 1105 2794 1159 ἐντεῦθεν
2841 1105 3199 1175 εὐποροῦντες
3247 1108 3569 1175 χρημάτων,
3601 1105 3687 1156 καὶ

2129 1197 2387 1250 πλεῖστον
2415 1197 2816 1267 ἀποφερόμενοι
2844 1197 3055 1268 κέρδος,
3084 1197 3184 1265 οὐχ
3233 1197 3358 1249 ὅσον
3392 1194 3573 1264 σφίσιν
3601 1197 3691 1245 αὺ-

2128 1292 2262 1351 τοῖς,
2290 1289 2426 1342 ἀλλά
2449 1287 2544 1342 καὶ
2571 1290 2684 1352 τοῖς
2717 1289 2894 1352 ἄλλοις
2922 1290 3184 1358 ἐπαρκεῖν
3220 1283 3318 1340 οἷοί
3349 1305 3408 1339 τε
3439 1283 3559 1342 ὦσι.
3593 1288 3688 1338 xiv

2129 1383 2246 1440 ταῖς
2277 1380 2566 1450 δημοσίαις
2595 1381 2892 1450 είσφορεῖν,
2919 1379 3193 1447 εἰσφέρειν
3217 1373 3276 1431 εὖ
3309 1376 3456 1446 μάλα
3486 1377 3576 1430 καὶ
3605 1394 3692 1428 κτ-

2129 1472 2418 1526 ταὸάλλειν
2449 1472 2684 1541 ἑτοίμως
2711 1471 2805 1524 καὶ
2839 1471 2915 1540 μὴ
2939 1470 3073 1540 πρὸς
3101 1468 3375 1531 ἀναϐολὰς
3405 1469 3437 1538 ἢ
3471 1467 3691 1537 σκήψεις

2131 1565 2351 1636 χωρεῖν,
2386 1564 2482 1616 καὶ
2504 1563 2672 1618 τάλλα
2703 1562 2962 1634 πράττειν
2983 1552 3058 1616 ὧν
3082 1560 3207 1624 τοὺς
3230 1559 3508 1623 τοιούτους
3535 1561 3690 1620 είκός.

2131 1657 2208 1711 Otii
2241 1655 2349 1727 μὴν
2383 1650 2465 1720 οἷς
2494 1671 2558 1724 γε
2586 1655 2791 1726 τεχνῶν
2823 1655 3022 1724 ἥκιστα
3074 1652 3232 1724 μέλῃ,
3267 1651 3336 1706 τά
3369 1651 3591 1705 τοιαῦτα
3613 1651 3695 1703 δύ-

2132 1765 2327 1802 νανται
2358 1748 2644 1816 πράττειν,
2687 1745 2809 1800 οὐδὲ
2849 1745 2938 1799 διὰ
2998 1744 3095 1815 τὴν
3131 1745 3189 1797 έν
3219 1741 3436 1806 τούτοις
3481 1741 3696 1795 νωθείαν

453 1831 597 1875 rant.
627 1821 780 1888 Quod
813 1833 1064 1876 metuens
1093 1823 1387 1878 Periander
1409 1864 1426 1890 ,
1455 1823 1673 1896 Cypseli
1707 1825 1876 1888 illius,
1909 1825 2018 1881 Co-

2135 1836 2286 1890 ταῦτ’
2333 1837 2685 1908 ἐνδεδεῖχθαι,
2735 1835 2846 1889 οὐδ’
2891 1833 3097 1903 ἐγγύςο
3135 1831 3339 1899 πόθενς
3394 1831 3589 1884 πολλοῦ
3637 1848 3695 1899 γε

450 1931 780 1984 rinthiorum
810 1947 925 1996 rex,
953 1932 1128 1988 noluit
1171 1948 1360 1989 servos
1385 1949 1414 1988 a
1455 1935 1666 1992 civibus
1695 1936 1931 2006 acquiri,
1972 1947 2028 1992 et

458 2041 749 2109 impedivit
768 2056 836 2096 ne
863 2042 939 2096 nil
971 2051 1193 2114 agentes
1219 2045 1274 2099 in
1301 2045 1421 2100 foro
1444 2048 1725 2114 sederent,
1747 2050 1857 2104 imo
1886 2065 2026 2120 pra:-

446 2155 591 2224 cepit
623 2165 683 2209 ut
715 2171 904 2210 omnes
935 2159 1153 2228 negotio
1179 2159 1343 2216 alicui
1377 2160 1778 2228 incumberent,
1812 2179 1880 2220 ne
1913 2180 2010 2236 per

457 2268 629 2320 otium
662 2283 846 2321 rerum
893 2271 1268 2324 novandarum
1319 2274 1502 2342 cupidi
1539 2275 1744 2330 forent.
1793 2276 2024 2332 Constat

453 2377 604 2430 enim
638 2377 902 2446 quosdam
934 2379 1052 2448 ejus
1080 2385 1296 2450 generis
1319 2385 1467 2437 viros
1501 2385 1732 2455 patriam
1763 2388 2014 2442 hostibus

455 2490 742 2545 tradidisse
790 2500 866 2554 et,
903 2501 1090 2546 contra
1111 2493 1278 2564 leges,
1329 2499 1562 2568 pessima
1597 2512 1839 2571 qumque
1869 2518 2030 2559 cxco«

457 2606 658 2676 gitasse
685 2614 739 2659 et
771 2605 1095 2673 perfecisse.

527 3373 581 3426 7.
626 3373 681 3428 Si
713 3390 874 3443 porro
916 3376 1093 3444 honor
1119 3379 1336 3437 artibus
1382 3379 1605 3440 habitus
1657 3385 1865 3441 civitati
1920 3399 2028 3438 non

460 3503 652 3556 parum
682 3489 925 3558 prodest,
945 3503 1204 3546 etearnm
1229 3507 1575 3566 contemptus
1595 3501 1740 3554 clare
1774 3499 2024 3568 punitur,

456 3598 512 3652 in
553 3599 622 3654 iis
668 3602 863 3656 eximia
915 3604 1194 3675 diligentia
1234 3617 1320 3663 est
1370 3612 1640 3680 ponenda,
1687 3623 1744 3667 et
1799 3614 2028 3684 publica:

457 3711 709 3767 utilitatis
746 3717 925 3770 omnis
951 3717 1199 3773 habenda
1221 3723 1359 3775 ratio
1384 3731 1440 3778 et
1467 3726 1782 3792 pr:esertim
1812 3726 2028 3794 sapien-

457 3828 566 3880 tiae.
601 3825 723 3879 Ilaec
755 3829 902 3881 enim
931 3829 1070 3884 adeo
1117 3836 1466 3900 praeminet,
1521 3838 1657 3890 tanti
1699 3841 2022 3902 :estimatur,

456 3948 519 3991 ut
549 3939 690 4006 apud
719 3955 909 3994 omnes
935 3957 1020 3996 res
1051 3945 1324 4014 praecipua
1359 3947 1645 4015 habeatur,
1681 3951 1882 4020 quippe
1902 3966 2024 4021 qua:

454 4052 542 4104 sui
570 4051 814 4107 cultores
848 4053 1036 4110 felices
1065 4055 1267 4121 reddit,
1303 4058 1370 4113 ad
1395 4061 1619 4115 meliora
1653 4077 1872 4132 semper
1898 4079 2026 4132 pro-

464 4163 637 4228 vehit,
682 4180 788 4234 qua
841 4167 979 4222 nihil
1013 4169 1238 4226 homine
1265 4171 1503 4243 dignius.
1539 4174 1677 4229 nihil
1712 4175 1882 4244 magis
1913 4175 2018 4230 lie-

457 4277 806 4347 mirandum,
845 4295 967 4350 qua:
993 4289 1076 4336 est
1109 4282 1164 4336 in
1219 4283 1413 4340 ofllciis
1463 4287 1854 4343 satisfaciendo
1906 4287 2020 4342 dux

455 4404 620 4460 atque
657 4395 1028 4463 cooperatrix.
1081 4395 1218 4452 Nam
1252 4399 1460 4468 optima
1503 4417 1734 4471 quaeque
1784 4404 2018 4468 sectari,

2133 1928 2214 1980 δεῖ
2237 1944 2251 1960 ο
2289 1927 2425 1982 ἀλλὰ
2448 1927 2673 1982 τοσοῦτο
2701 1927 2881 1982 δέουσι
2929 1925 3086 1978 καλοὶ
3113 1923 3350 1992 κάγαθοί
3372 1941 3516 1986 τινες
3543 1919 3696 1985 εἷναι,

2135 2018 2230 2071 καὶ
2258 2017 2664 2080 λυσιτελοῦντες
2695 2019 2761 2088 τῇ
2793 2033 2854 2069 τε
2884 2015 3038 2069 πόλει
3069 2015 3162 2068 καὶ
3197 2013 3388 2084 σφίσιν
3408 2016 3610 2078 αὐτοῖς,
3631 2014 3698 2077 ὡς

2137 2109 2243 2162 ὑπὸ
2267 2108 2366 2178 τῆς
2401 2109 2542 2178 ἄγαν
2568 2107 2801 2177 ἀπορίας
2826 2107 2921 2160 καὶ
2948 2105 3043 2159 τοῦ
3072 2105 3148 2178 μὴ
3178 2105 3447 2160 δύνασθαι
3477 2106 3544 2159 τὰ
3569 2107 3698 2176 πρὸς

2138 2200 2252 2270 βίον
2275 2200 2459 2270 σφίσιν
2479 2201 2658 2264 αὐτοῖς
2681 2196 3072 2268 ὁθενδηποτοῦν
3096 2195 3450 2267 πεπορίσθαι,
3474 2197 3558 2266 ἐφ’
3577 2197 3611 2250 ἃ
3629 2199 3696 2265 μὴ

2137 2292 2295 2361 Θέμις
2313 2291 2603 2362 προῆχθαι,
2623 2289 3124 2361 ἀναισχυντοῦντες,
3145 2290 3553 2360 ἑπιορκοῦντες,
3604 2307 3695 2340 πο-

2135 2383 2486 2450 νηρευόμενοι
2508 2403 2521 2414 ο
2545 2385 2638 2436 καὶ
2659 2383 2750 2436 νῦν
2783 2383 2881 2451 μὲν
2917 2381 3602 2451 λωποδυτοῦντες,τοίχο·.›ς
3627 2384 3697 2433 δι-

2133 2475 2471 2543 ορύττοντες,
2503 2475 2573 2528 τὰ
2595 2475 2703 2528 τῶν
2736 2475 2913 2528 ἄλλων
2962 2475 3323 2544 ἁρπάζοντες,
3347 2474 3443 2526 νῦν
3483 2473 3526 2526 δ’
3563 2475 3696 2542 ἱερο-

2137 2567 2443 2633 συλοῦντες,
2478 2568 2594 2633 καὶ,
2619 2567 2647 2620 δ
2665 2568 2942 2636 μέγιστον,
2973 2568 3189 2629 στάσεις
3208 2567 3533 2635 ἐγείροντες·
3554 2567 3580 2619 δ
3611 2567 3696 2617 καὶ

2135 2657 2463 2730 Περίανδρος
2496 2660 2523 2711 δ
2573 2659 2824 2728 Κυψέλου
2877 2659 3178 2728 Κορινθίων
3218 2657 3477 2728 βασιλεὺς
3516 2658 3694 2718 δεδιὼς

2133 2754 2259 2806 οὔτε
2296 2753 2421 2815 τοὺς
2450 2752 2674 2814 πολίτας
2703 2754 2788 2804 εία
2828 2753 3048 2814 δούλους
3075 2752 3277 2822 δήποτε
3309 2751 3565 2814 κτᾶσθαι,
3594 2748 3696 2802 οὒτ’

2135 2843 2227 2896 ἐπ’
2260 2845 2489 2917 ἀγοραῖς
2520 2844 2653 2906 ὅλως
2681 2845 2952 2916 καθῆσθαι
3008 2845 3173 2914 μηδὲν
3204 2843 3562 2914 πράττοντας,
3589 2842 3694 2896 ἀλλ’

2137 2934 2386 2986 ἑκάστοτ’
2417 2935 2598 2995 αὐτοῖς
2627 2935 2762 3002 ἔργα
2797 2936 3050 3003 παρεῖχε,
3080 2935 3166 2984 ἵνα
3197 2934 3269 3002 μὴ
3323 2934 3522 3004 σχολὴν
3547 2935 3695 2999 ἄγον-

2134 3041 2224 3088 τες
2256 3025 2622 3088 στασιάζωσιν
2648 3043 2661 3056 ·
2715 3028 2776 3078 οὐ
2829 3025 2934 3094 μὴν
2964 3024 3079 3077 ἁλλ’
3118 3025 3262 3077 ἔστιν
3312 3026 3396 3078 ὅθ’
3421 3019 3566 3078 οὗτοι
3610 3026 3697 3077 καὶ

2138 3118 2273 3188 πρδς
2301 3118 2427 3178 τοὺς
2462 3117 2754 3186 πολεμίους
2800 3118 2939 3168 κατά
2968 3117 3066 3186 τῆς
3103 3117 3362 3183 πατρίδος
3397 3118 3570 3187 λάθρα
3617 3117 3696 3167 λό-

2133 3224 2264 3277 γους
2294 3208 2595 3271 ποιοῦνται,
2625 3211 2718 3260 καὶ
2773 3211 2907 3271 ὅλως
2937 3209 2974 3264 ἃ
3003 3209 3135 3278 μηδὲ
3165 3211 3350 3277 λέγειν
3391 3211 3564 3276 ἔξεστι
3592 3211 3698 3263 δια-

2130 3301 2253 3354 νοού
2262 3317 2414 3370 μενοι
2457 3302 2550 3353 καὶ
2581 3301 3062 3370 κατεργαζόμενοι.

2201 3387 2266 3450 ζ’.
2300 3388 2359 3440 Εἰ
2393 3388 2570 3440 τοίνυν
2597 3389 2655 3440 τὸ
2687 3389 2784 3457 μὲν
2812 3391 3005 3457 τέχνας
3051 3390 3180 3458 περὶ
3218 3390 3482 3445 πλείστου
3534 3393 3697 3444 ποιεῖ-

2131 3478 2252 3531 σθαι
2287 3479 2476 3548 κέρδος
2529 3479 2588 3530 οὐ
2631 3479 2824 3549 μικρὸν
2862 3480 3004 3549 ἴσχει
3032 3485 3097 3550 τῇ
3131 3480 3306 3546 πόλει,
3335 3485 3402 3537 τὸ
3439 3483 3484 3537 δ’
3523 3483 3694 3537 αὐτῶν

2129 3569 2343 3634 ἀλογεῖν
2397 3569 2570 3640 ζημία
2629 3571 2826 3640 σαφὴς,
2854 3571 3068 3641 ἀνάγκη
3125 3575 3275 3627 πᾶσα
3307 3573 3374 3627 τὸ
3432 3575 3532 3644 μὲν
3573 3577 3698 3626 ἀπο-

2129 3661 2456 3730 στρέφεοοαι
2489 3663 2582 3715 καὶ
2639 3666 2817 3732 μισεῖν
2867 3667 2960 3716 καὶ
3007 3666 3220 3736 χαίρειν
3261 3666 3384 3736 ὲᾷν,
3417 3667 3512 3720 τοῦ
3539 3667 3583 3720 δ’
3630 3667 3700 3724 ὼε

2127 3751 2486 3818 κοινωφελοῦς
2523 3754 2678 3820 λόγον
2736 3756 3085 3808 παντάπασιν
3113 3756 3304 3826 ίσχειν,
3339 3761 3440 3812 καὶ
3469 3757 3698 3825 μάλιστα

2124 3860 2186 3911 γε
2218 3844 2308 3897 τοῦ
2348 3846 2448 3913 τῆς
2490 3846 2681 3914 σοφίας
2734 3847 3051 3916 χρήματοςο
3187 3848 3448 3902 τοσοῦτον
3500 3850 3591 3902 τοῦ
3644 3847 3699 3901 εὖ

2125 3935 2270 4006 ἔχειν
2304 3939 2571 4008 περίεστι,
2609 3937 2703 3992 καὶ
2740 3937 2884 3991 οὕτω
2909 3938 3184 4007 μεγίστων
3205 3940 3461 4004 ἀξιοῦται
3494 3941 3555 3995 τὸ
3583 3941 3698 3994 κατ’

2123 4030 2314 4101 αὐτὴν,
2344 4030 2421 4094 ὡς
2446 4031 2520 4102 μὴ
2550 4031 2710 4100 μόνον
2737 4029 3071 4100 ξυμπάντων
3093 4029 3200 4086 τῶν
3225 4032 3365 4102 παρ’
3393 4034 3697 4104 ἀνθρώποις

2124 4124 2420 4196 βελτίστων
2469 4126 2698 4196 ταυτην)⁴
2749 4110 3046 4194 κεφάλαιον
3089 4124 3280 4191 οὖσαν,
3321 4125 3694 4196 θαυμάζεσθαι

2125 4218 2226 4288 μὲν
2267 4218 2356 4288 ὑφ’
2413 4218 2690 4284 ἁπάντων,
2750 4217 3078 4287 εὐδαίμονας
3132 4219 3190 4273 δὲ
3251 4220 3382 4283 τοὺς
3438 4219 3692 4286 ξυνόντας

2123 4310 2318 4373 ποιεῖν,
2350 4311 2414 4379 τῇ
2446 4326 2506 4361 τε
2527 4309 2784 4381 ἀλλῃάαὶ
2812 4307 2889 4378 τῷ
2912 4308 3048 4379 πρὸς
3089 4309 3158 4362 τά
3203 4309 3402 4379 βελτίω
3428 4328 3696 4383 χειραγω-

2122 4401 2261 4468 γεῖν,
2296 4400 2391 4452 καὶ
2412 4400 2488 4464 ὡς
2519 4400 2736 4471 ἀληθῶς
2770 4399 3034 4468 πρέποντ’
3066 4399 3400 4470 ἀνθρώποις,
3427 4401 3562 4455 άλλά
3603 4402 3696 4453 καὶ

457 4506 714 4566 ιιιυιιὶιπί
767 4520 832 4561 ac
875 4506 1080 4576 facere,
1115 4509 1334 4564 modum
1385 4511 1439 4565 in
1495 4513 1754 4568 omnibus
1809 4522 2018 4580 tenere,

2129 4491 2325 4561 ἀρετῆς
2349 4486 2418 4562 ἦς
2445 4492 2598 4545 οὐδὲν
2646 4491 2998 4561 τιμιώτερον,
3035 4493 3225 4564 ὥσπερ
3253 4494 3378 4547 τινὰ
3422 4495 3532 4549 τῶν
3558 4495 3696 4547 δεόν-

451 4617 678 4684 οινιὶιιιίε
705 4616 1131 4689 quibuscunque
1162 4619 1380 4690 placere
1418 4621 1562 4676 velle
1587 4630 1643 4676 et
1670 4621 1917 4676 Platonis
1943 4621 2023 4676 le-

453 4743 576 4803 gem
620 4728 778 4798 sequi
804 4729 934 4798 quid
975 4731 1049 4784 sit
1079 4731 1222 4800 quod
1268 4745 1486 4801 semper
1515 4740 1634 4796 est,
1686 4732 1850 4802 idque
1903 4731 2023 4788 sine

460 4837 866 4912 procreatione,
903 4847 1000 4892 aut
1026 4838 1158 4908 quid
1190 4849 1539 4908 procreatum
1589 4841 1836 4910 quidem,
1877 4841 2023 4899 exsi-

457 4951 716 5007 stentiam
761 4964 893 5003 vero
928 4965 1038 5004 non
1078 4949 1265 5020 habet,
1320 4952 1606 5006 veritatem
1635 4953 1782 5008 circa
1839 4954 2024 5008 omnia

465 5060 800 5132 perscrutari
837 5068 893 5115 et
946 5061 1040 5117 Dci
1091 5062 1437 5117 sanctitatem
1491 5063 1691 5118 imitari
1735 5080 1749 5117 :
1789 5063 1904 5119 haec
1941 5073 2028 5120 est

468 5185 631 5239 quam
672 5186 775 5225 nos
834 5172 1290 5240 perfectissimam
1344 5175 1681 5244 appellamus
1717 5175 2022 5236 virtutem;

459 5282 575 5341 haec
595 5294 678 5340 est
706 5301 832 5340 vere
851 5287 1142 5355 sapientia,
1163 5289 1302 5342 ratio
1322 5298 1376 5344 et
1400 5289 1778 5360 intelligentia.
1803 5290 1959 5357 Quod
1979 5289 2026 5345 si

466 5399 727 5453 virtutem
774 5401 1148 5456 honorandam
1199 5417 1322 5458 esse
1383 5403 1639 5459 ducimus
1689 5405 2025 5473 maximique

467 5512 795 5578 faciendam,
829 5515 1034 5584 quippe
1057 5532 1178 5585 qua:
1211 5533 1313 5572 nos
1349 5519 1596 5572 maxime
1619 5517 1686 5572 ad
1727 5519 1890 5572 Deum
1917 5517 2028 5571 ele-

460 5632 583 5688 VM,
619 5639 730 5692 Quo
761 5637 916 5694 pacto
944 5631 1267 5699 sapientiam
1302 5647 1412 5685 non
1450 5631 1622 5701 magis
1648 5630 2026 5686 mstimandam

465 5734 800 5806 ρυωὺὶιηυς,
837 5757 902 5795 ex
935 5759 1038 5816 qua
1068 5745 1153 5800 illa
1181 5746 1421 5816 pendet?
1465 5745 1674 5801 Idcirco
1719 5748 1761 5800 si
1809 5745 2026 5800 virtutis

2124 4598 2231 4635 των
2283 4583 2581 4654 εἰσηγητὴν
2635 4586 2728 4636 καὶ
2790 4585 3053 4654 συνεργὸν
3105 4580 3272 4641 εἶναι.
3309 4587 3383 4639 Τδ
3403 4589 3511 4659 γὰρ
3540 4587 3605 4639 τά,
3640 4603 3694 4638 τε

2125 4673 2379 4741 βέλτιστα
2407 4675 2502 4729 καὶ
2527 4675 2603 4745 μὴ
2641 4675 2829 4746 διορᾷν
2875 4675 3043 4746 ἔχειν,
3070 4679 3163 4729 καὶ
3186 4677 3222 4730 ἀ
3256 4678 3338 4730 δεῖ
3370 4681 3590 4748 φρονεῖν
3637 4692 3693 4726 τε

2125 4767 2218 4820 καὶ
2253 4767 2520 4836 πράσσειν
2572 4767 2869 4836 αἱρεῖσθαι,
2898 4769 2990 4820 καὶ
3035 4769 3203 4838 μηδὲν
3233 4767 3340 4832 ἔξω
3380 4769 3479 4822 τοῦ
3515 4785 3692 4836 γιγνο-

2127 4853 2290 4923 μένου
2332 4856 2551 4924 χωρεῖν,
2578 4853 2714 4906 ἀλλὰ
2761 4856 2876 4916 τοῖς
2923 4854 3222 4924 βελτίστοις
3275 4857 3412 4908 πᾶσι
3462 4858 3555 4908 καὶ
3611 4855 3692 4906 διὰ

2124 4943 2343 4996 πάντων
2374 4946 2607 4998 εἰσάπαν
2661 4945 2917 5016 ἀρέσκειν
2966 4944 3274 5014 βούλεσθαι,
3305 4947 3398 5000 καὶ
3428 4948 3565 5009 ὅλως
3615 4948 3690 4996 εἰ-

2123 5033 2274 5088 δέναι
2307 5035 2448 5088 κατὰ
2495 5036 2588 5089 τὸν
2626 5035 2916 5100 Πλάτωνος
2951 5036 3130 5104 λόγον,
3175 5036 3227 5089 τί
3262 5038 3322 5089 τὸ
3349 5036 3411 5090 ὃν
3443 5038 3545 5106 μὲν
3587 5037 3687 5095 ἀεὶ,

2125 5128 2338 5195 γένεσιν
2365 5127 2422 5180 δὲ
2457 5127 2556 5179 οὐκ
2585 5126 2725 5194 ἕχον,
2762 5129 2855 5180 καὶ
2892 5129 2944 5178 τί
2965 5129 3022 5179 τὸ
3051 5128 3371 5194 γιγνόμενον
3401 5129 3523 5196 μὲν,
3553 5127 3608 5179 ὃν
3638 5127 3690 5176 δὲ

2125 5217 2382 5271 οὐδέποτε
2405 5257 2422 5281 ,
2456 5218 2555 5270 καὶ
2589 5217 2668 5286 τῷ
2704 5217 2804 5286 μὲν
2841 5216 2916 5278 ὡς
2946 5217 3097 5270 οὐδὲν
3125 5218 3240 5271 ὄντι
3271 5218 3504 5288 φράζειν
3529 5217 3688 5287 ὲρῤὠ-

2129 5309 2276 5370 σθαι,
2308 5311 2368 5362 τὸ
2399 5307 2443 5361 δ’
2467 5307 2541 5371 ὡς
2569 5307 2785 5377 ἀληθῶς
2819 5307 2877 5359 ὃν
2930 5309 2993 5360 ἐκ
3022 5308 3220 5371 παντὸς
3241 5310 3446 5377 τρόπου
3481 5308 3687 5358 διώκειν

2125 5415 2186 5451 τε
2228 5399 2323 5452 καὶ
2356 5397 2558 5468 ζητεῖν,
2591 5397 2685 5450 καὶ
2724 5397 2857 5449 Θεὸν
2902 5394 3042 5450 εἶναι
3089 5402 3198 5461 τοῖς
3233 5401 3458 5466 τρόποις
3504 5397 3687 5462 πειρᾶ-

2129 5489 2273 5552 σθαι,
2323 5492 2389 5560 ἢν
2443 5489 2536 5540 καὶ
2591 5489 2932 5556 τελεωτάτην
2994 5489 3174 5557 φαμὲν
3239 5488 3463 5558 ἀρετὴν,
3522 5483 3687 5537 ταῦτα

2129 5581 2308 5634 πάντα
2368 5580 2561 5650 σοφίας
2605 5581 2722 5631 ἐστὶ
2769 5579 2860 5630 καὶ
2913 5578 3071 5646 λόγου
3131 5580 3226 5632 καὶ
3266 5579 3357 5632 το]
3385 5577 3484 5644 τῆς
3515 5573 3686 5644 ψυχῆς

2130 5671 2457 5739 γνωστικοῦ.
2494 5672 2554 5723 Εἰ
2584 5672 2764 5723 τοίνυν
2793 5671 2992 5739 ἀρετὴν
3020 5673 3185 5740 τιμᾷν
3215 5668 3444 5740 οίόμεθα
3474 5669 3578 5721 δεῖν
3598 5668 3688 5719 καὶ

2133 5763 2259 5832 περὶ
2294 5761 2548 5816 πλείστου
2622 5761 2850 5827 τιθέναι,
2892 5765 2982 5814 ὅτε
3027 5764 3092 5816 τὰ
3124 5763 3258 5832 πρὸς
3293 5760 3429 5815 Θεὸν
3457 5760 3588 5831 ἡμῖν
3627 5753 3693 5806 εἶν
