4018 6416
490 373 589 436 5H

1711 380 2116 442 THEODULI-
2148 383 2506 444 MONACHI

3618 393 3714 463 512

490 501 609 540 vent
671 500 921 558 ignavum
984 501 1090 541 non
1146 504 1287 558 mgre
1346 488 1505 545 feret.
1552 489 1696 556 Quid
1755 491 1951 560 plura?
1993 488 2033 543 ﬂ

2163 492 2258 544 καὶ
2288 496 2403 557 τοῖς
2428 497 2884 563 στρατευομένοις
2918 493 3068 549 ἔστιν
3102 498 3192 551 ὅτε
3222 492 3282 549 τὸ
3315 496 3420 550 τῶν
3441 502 3633 569 τεχνῶν
3666 508 3714 560 ὲν

496 615 714 669 quoque
764 599 945 655 cilicio
1007 614 1110 656 suo
1171 600 1491 657 satisfacere
1553 612 1650 657 aut
1715 604 1853 658 urbe
1903 604 2055 658 exire

489 723 775 784 cogantur.
808 711 944 783 Spes
970 710 1115 767 enim
1149 726 1234 769 est
1264 724 1322 769 ut
1342 715 1423 770 sic
1452 716 1711 772 meliores
1741 717 1867 773 facti
1901 719 2058 789 digni

491 832 621 886 fiant
660 832 751 901 qui
789 830 843 884 in
885 831 1120 900 patriam
1170 831 1527 886 reducantur.
1566 830 1862 903 Postquam
1910 838 2056 888 enim
2161 856 2195 927 ἦ
2234 859 2330 930 μὴ.

2170 584 2352 655 καιρῷ
2408 586 2612 655 γένοιτ’,
2640 588 2740 652 av;
2765 587 2873 643 Καὶ
2903 588 3012 659 μήν
3056 590 3154 642 καὶ
3185 589 3317 642 αὑτδ
3343 594 3714 659 στρατεύεσθαι

2164 677 2258 727 καὶ
2287 676 2427 729 ὅπλα
2463 678 2866 748 μεταχειρίζειν
2892 681 3110 747 εἰδέναι,
3144 685 3242 737 καὶ
3292 686 3407 748 πῶς
3457 689 3546 740 καὶ
3594 692 3714 743 πότε

2164 767 2257 819 καὶ
2289 768 2436 831 ὅπως
2462 772 2576 832 τοῖς
2608 770 2888 841 πολεμίοις
2938 774 3245 839 ἐπιθέσθαι,
3281 778 3373 830 καὶ
3412 778 3714 849 ξυμϐαίνειν

2355 861 2520 931 τέχνη
2549 861 2632 922 τίς
2659 863 2775 915 ἐστι
2808 864 3125 936 θαυμαστή.
3166 863 3304 922 Εἶτα
3331 872 3442 932 τοῖς
3473 872 3567 941 μὲν
3596 874 3719 945 πρὸς

490 961 673 1001 rerum
726 945 996 1016 angustiis
1044 944 1222 999 vexati
1265 945 1495 1009 fuerint,
1544 961 1745 1001 novum
1800 951 2033 1004 exsiliun

2161 949 2355 1012 αὐταῖς
2386 951 2616 1015 ταύταις
2649 959 2745 1007 καῖ¹
2792 955 3000 1026 ἑτέρων
3036 958 3106 1011 δι’
3148 959 3293 1030 ἅπερ
3332 950 3469 1031 ἔφην
3527 963 3721 1019 δεῖσθαι

380 1118 385 1123 ,
487 1059 791 1129 prudenter
823 1059 1132 1114 evitabunt.

549 1777 602 1833 9.
625 1775 680 1833 Si
710 1786 891 1831 autem
922 1777 1225 1849 hucusque,
1251 1779 1464 1834 caeteris
1487 1784 1793 1852 exemplum
1826 1783 2045 1839 imitan-

2158 1041 2360 1110 δεήσει,
2384 1046 2498 1104 τοῖς
2523 1044 2579 1096 δὲ
2605 1047 2793 1116 ἀργῶς
2818 1048 3003 1119 έχουσι
3031 1051 3140 1104 τῶν
3162 1051 3420 1117 πολιτῶν,
3444 1055 3551 1108 οὐδ’
3578 1059 3719 1125 ήττι.

2158 1130 2350 1184 νοσοῦν
2391 1133 2451 1185 τὸ
2485 1135 2768 1203 παράπαν,
2801 1138 2896 1191 καὶ
2942 1138 3087 1193 τοῦτ’
3141 1140 3421 1206 ἀνέξονταί
3476 1162 3617 1209 τινες
3665 1148 3719 1200 εὗ

2156 1223 2517 1291 φρονοῦντεςς
2550 1227 2834 1296 Μηδαμῶς
2856 1244 2873 1261 ο
2904 1230 3042 1284 ἀλλά
3085 1232 3232 1287 δυοῖν
3264 1234 3494 1305 θάτερον
3523 1254 3536 1268 ο
3567 1238 3597 1308 ἢ
3634 1243 3720 1292 καὶ

2156 1310 2303 1369 οὗτοι
2354 1318 2530 1371 ταυτά
2590 1322 2701 1383 τοῖς
2740 1321 2923 1384 ἀλλοις
2972 1324 3237 1395 πράττειν
3282 1327 3540 1393 ἑλέσθων,
3573 1331 3605 1399 ἢ
3633 1331 3720 1398 τῆς

2156 1406 2363 1469 πόλεως
2412 1407 2798 1480 ἐκϐεϐλήσθων
2823 1428 2837 1442 ·
2884 1413 3129 1479 γένοιντο
3162 1415 3271 1485 γὰρ
3304 1416 3370 1469 ἂν
3419 1408 3545 1482 ἴσως
3586 1419 3720 1474 οὕτω

2154 1494 2403 1563 βελτίους
2456 1499 2551 1552 καὶ
2602 1500 2740 1571 πρὸς
2791 1500 2894 1572 τὴν
2949 1504 3176 1558 κάθοδον
3218 1505 3467 1577 εὐτυχεῖς
3497 1546 3513 1571 ,
3547 1509 3649 1562 τῶν
3676 1510 3721 1562 τ’

2152 1587 2472 1656 ἀναγκαίων
2527 1592 2586 1644 έν
2637 1592 2797 1662 χρείᾳ
2828 1594 3253 1667 καθεστηκότες,
3286 1600 3387 1670 τῆς
3441 1617 3500 1652 τε
3554 1603 3721 1671 φυγῆς

2150 1681 2250 1749 τὴν
2277 1681 2460 1734 αἰτίαν
2485 1683 2625 1737 κατά
2655 1684 2782 1737 νοῦν
2815 1686 3129 1757 εἰληφότες.

2223 1771 2289 1825 θ’.
2323 1773 2397 1825 Οὐ
2427 1775 2533 1844 μὴν
2569 1775 2704 1830 ἀλλὰ
2733 1778 2829 1830 καὶ
2859 1772 2929 1831 ὧν
2959 1778 3056 1832 νῦν
3088 1780 3194 1834 ἀπὸ
3237 1780 3332 1834 τοῦ
3390 1783 3719 1853 παρήκοντος

398 1874 407 1885 ’
480 1890 610 1945 dum
647 1892 1055 1961 propositurus,
1079 1894 1317 1950 militum
1354 1898 1691 1954 mentionem
1729 1898 1858 1964 feci,
1889 1909 1946 1954 et
2000 1901 2033 1954 sl

2151 1864 2291 1934 ὑπὲρ
2322 1868 2417 1919 τοῦ
2441 1867 2823 1937 παρακαλέσαι
2851 1872 3025 1941 δήπου
3064 1873 3192 1935 τοὺς
3224 1873 3420 1936 ἄλλους
3451 1848 3718 1947 ἐμνήσθην

475 2004 621 2073 quod
656 2004 809 2061 hisce
857 2006 1115 2076 prodesse
1171 2017 1352 2078 potest
1399 2008 1455 2064 in
1506 2010 1747 2065 medium
1798 2012 2045 2080 profero,

478 2119 620 2173 bene
654 2120 780 2175 novi
819 2120 1039 2176 modum
1065 2137 1152 2176 me
1176 2122 1475 2177 excessisse
1504 2138 1613 2178 non
1635 2138 1797 2194 posse
1835 2123 2043 2191 videri;

474 2234 638 2286 rebus
656 2231 801 2286 enim
819 2232 1125 2290 inserviens
1155 2249 1250 2289 eos
1275 2236 1368 2306 qui
1392 2246 1589 2307 sponte
1619 2248 1980 2307 peccaverant
2013 2256 2042 2293 a

470 2347 607 2402 vitio
638 2348 901 2404 abductos
929 2349 995 2404 ad
1024 2351 1282 2405 virtutem
1314 2352 1587 2418 conduxi,
1648 2353 1812 2424 idque
1852 2353 1953 2411 feci
1987 2365 2045 2410 ut

471 2462 751 2530 civitates,
775 2470 985 2532 gentes,
1013 2464 1134 2535 pagi
1159 2465 1278 2519 sine
1309 2464 1625 2521 difﬁcultate
1657 2467 1877 2522 illorum
1899 2484 2043 2539 pm-

471 2576 614 2631 sidio
637 2576 743 2630 frui
768 2586 1015 2647 possent,
1046 2579 1182 2647 quin
1220 2579 1323 2634 sub
1380 2581 1564 2650 specie
1604 2582 1859 2638 beneficii
1909 2585 2039 2641 belli

467 2705 743 2746 aerumnas
761 2692 1163 2761 experirentur.
1188 2693 1346 2751 Nunc
1377 2696 1597 2767 quidem
1628 2714 1740 2754 non
1764 2700 1869 2756 nisi
1898 2716 2040 2771 aegro

465 2802 651 2858 animo
681 2804 930 2859 retulerit
957 2805 1180 2875 aliquis,
1214 2823 1335 2876 quae
1365 2809 1527 2866 urbes
1559 2810 1808 2889 quaedam
1838 2827 2038 2883 perpe-

468 2919 704 2972 tiuntur.
741 2917 875 2972 Dum
917 2919 1061 2973 enim
1116 2921 1314 2990 aliqua:
1343 2938 1411 2977 ex
1461 2924 1528 2978 iis
1558 2939 1627 2978 ne
1690 2928 2039 2983 extrinsecus

465 3028 817 3083 oﬂ‘endantur
849 3030 1049 3084 moenia
1080 3031 1466 3090 defensoribus
1495 3034 1837 3091 circumdant
1870 3046 1928 3092 ut
1952 3054 2038 3093 se—

464 3154 597 3194 cure
624 3138 810 3194 vivere
850 3142 1099 3210 possint;
1160 3143 1213 3197 hi
1252 3160 1381 3200 vero
1420 3130 1627 3216 rapinae
1683 3158 1739 3204 et
1789 3150 2032 3205 avaritias
2060 3181 2105 3240 ο

461 3251 741 3307 illecebris
757 3253 971 3309 arretiti
995 3255 1226 3312 clientes
1251 3272 1384 3312 suos
1415 3258 1654 3328 spoliant
1682 3270 1736 3315 et
1758 3261 2036 3319 hostiliter

462 3370 725 3431 tractant,
743 3380 850 3420 non
888 3366 1050 3421 modo
1102 3368 1209 3423 sibi
1258 3369 1363 3439 ipsi
1392 3371 1537 3441 quod
1594 3372 1806 3429 faciunt
1839 3391 2035 3446 expro-

460 3479 644 3546 brant,
671 3482 782 3536 imo
818 3483 1030 3537 actibus
1064 3464 1182 3538 suis
1218 3484 1357 3539 male
1409 3494 1650 3541 mentem
1685 3488 2033 3545 dissimulant

458 3591 745 3660 hostilem,
783 3594 902 3648 cani
932 3594 1140 3648 similes
1162 3595 1255 3663 qui
1286 3595 1443 3665 lupos
1470 3596 1659 3669 abigit,
1684 3609 1742 3653 et
1769 3601 1916 3671 gregi
1946 3601 2033 3655 in-

455 3708 624 3764 sidias
642 3709 823 3765 struit.
846 3708 954 3763 llos
976 3709 1022 3764 si
1039 3711 1163 3779 quis
1180 3712 1499 3781 interroget,
1522 3713 1679 3784 cujus
1694 3728 1857 3767 causa
1878 3713 2035 3768 belli-

456 3832 737 3893 gerentur,
766 3833 827 3877 ut
855 3823 1061 3890 hostes,
1088 3825 1519 3893 respondebunt,
1552 3841 1583 3880 a
1616 3827 1757 3882 male
1782 3828 2032 3886 faciendo

458 3935 806 4007 prohibeant,
866 3945 961 3990 aut
987 3951 1082 3991 eos
1109 3939 1203 4006 qui
1231 3938 1450 3994 hostilia
1484 3953 1876 4011 perpetrarunt
1898 3944 2031 3999 ulci-

458 4057 708 4103 scantur.
737 4047 906 4102 iidem
921 4064 1114 4103 rursus
1127 4065 1245 4119 quae
1262 4051 1528 4121 castigare
1544 4064 1904 4135 praesumunt,
1925 4056 2028 4126 ipsi

453 4159 686 4228 faciunt,
717 4175 820 4216 nec
848 4170 1112 4216 verentur
1142 4161 1208 4216 iis
1243 4163 1375 4234 ipsis
1393 4164 1558 4220 rebus
1579 4166 1865 4239 indulgere
1890 4185 2029 4239 quas

455 4276 513 4332 in
582 4275 799 4332 caeteris
842 4275 1276 4346 reprehendunt.
1336 4278 1499 4334 Certe
1561 4281 1654 4336 ubi
1714 4282 1773 4337 in
1844 4299 2027 4356 pugna

438 4401 563 4444 ‘non
610 4389 739 4445 licet
789 4405 887 4446 eos
941 4390 1037 4460 qui
1093 4390 1265 4446 fortes
1318 4405 1378 4446 se
1442 4402 1639 4462 gerunt
1704 4393 2027 4454 durioribus

2150 1959 2522 2027 στρατιωτῶν,
2554 1961 2666 2028 ἐγὼ
2687 1960 2731 2014 δ’
2756 1963 2851 2015 ὲάν
2881 1964 2976 2016 καὶ
3007 1964 3142 2031 πρὸς
3195 1966 3399 2031 αὐτοὺς
3434 1967 3650 2031 τούτους
3685 1969 3717 2021 ἂ

2148 2045 2446 2116 ξυμφέρειν
2495 2048 2701 2117 νομίζω
2753 2051 2969 2117 διέλθω,
3011 2049 3070 2105 εὖ
3107 2048 3226 2107 οῖδα
3274 2057 3373 2109 καὶ
3427 2057 3718 2124 πέπεισμαι

2147 2138 2285 2204 πρὸς
2334 2139 2413 2207 τῷ
2462 2140 2514 2208 γ’
2561 2126 2749 2204 αὐτοῖς
2803 2145 2930 2214 περὶ
2964 2145 3223 2200 πλείστου
3254 2147 3319 2217 δή
3357 2166 3504 2212 τινος
3538 2148 3714 2214 δόξαν

2144 2231 2240 2282 καὶ
2272 2231 2489 2299 μάλιστ’
2516 2231 2582 2285 ἂν
2615 2235 2674 2284 ὲν
2706 2235 2905 2304 καιρῷ,
2936 2234 2971 2289 ἂ
3018 2236 3442 2307 πλημμελοῦσιν
3481 2240 3712 2305 ἑκόντες,

2144 2320 2348 2373 τούτων
2385 2324 2483 2391 μὲν
2520 2324 2717 2387 αὐτοὺς
2749 2326 3000 2396 ἀπηχὼς,
3043 2328 3131 2396 ἐφ’
3167 2328 3202 2382 ἀ
3230 2329 3288 2382 δὲ
3322 2331 3405 2383 δεῖ
3440 2329 3709 2401 μετηχὼς,

2145 2412 2237 2464 καὶ
2262 2416 2684 2481 παρασκευάσαι
2714 2415 2781 2469 ἂν
2810 2418 2905 2469 τοῦ
2939 2417 3126 2472 λοιποῦ
3147 2421 3241 2473 καὶ
3266 2423 3455 2487 πόλεις
3476 2427 3569 2476 καὶ
3593 2423 3709 2492 ἔθνη

2143 2503 2238 2555 καὶ
2268 2503 2459 2573 κώμας
2493 2505 2621 2558 ἄνευ
2652 2508 2976 2576 ἡστινοσοῦν
3014 2510 3343 2582 δυσχερείας
3379 2514 3477 2583 τῆς
3517 2514 3712 2566 τούτων

2142 2594 2390 2666 φυλακῆς
2430 2596 2750 2661 ἀπολαύειν,
2801 2599 2896 2653 καὶ
2941 2601 3017 2671 μὴ
3059 2603 3421 2673 προσχήματι
3469 2604 3711 2675 βοηθείας

2140 2686 2498 2756 πολεμεῖσθαι
2543 2676 2652 2741 καὶ(
2700 2691 2926 2757 στένειν,
2965 2693 3102 2746 ἀλλὰ
3164 2695 3425 2764 καθαρῶς
3479 2696 3554 2763 τῷ
3603 2694 3711 2747 δντι

2140 2778 2518 2847 φρουρεῖσθαι.
2562 2781 2652 2843 Ὠς
2673 2775 2754 2845 οἷς
2778 2799 2843 2851 γε
2882 2782 2975 2837 νῦν
3006 2785 3277 2856 πάσχουσι
3310 2788 3408 2841 καὶ
3445 2787 3712 2841 ταλαιπω-

2143 2867 2384 2938 ροῦνται,
2416 2872 2538 2925 οὐδὲ
2592 2873 2740 2926 τοῦθ’
2778 2875 2917 2937 ὅλως
2961 2875 3142 2930 ἔνεστι
3181 2878 3405 2946 λέγειν⁸
3441 2881 3567 2933 ὅταν
3609 2881 3708 2949 γὰρ

2139 2962 2195 3015 αἱ
2228 2960 2351 3029 μὲν.
2383 2963 2532 3027 ὅπως
2573 2965 2648 3034 μὴ
2698 2965 2828 3036 παρ’
2869 2968 3087 3032 οὐδενὸς
3135 2970 3415 3025 ἀδικοῖντο
3459 2973 3564 3024 τῶν
3593 2971 3710 3035 ἔξω,

2140 3054 2556 3121 προϐάλλωνται
2601 3057 2845 3123 τούτους,
2902 3060 2997 3112 καὶ
3044 3061 3146 3130 τῆς
3191 3063 3375 3119 αὐτῶν
3421 3064 3709 3131 ἀσφαλείας

2138 3146 2473 3201 καθιστῶσιν
2513 3149 2752 3219 ἀθλητὰς
2812 3152 2904 3204 καὶ
2958 3154 3297 3223 προμάχους,
3336 3157 3389 3209 οἱ
3425 3157 3482 3209 δὲ
3532 3155 3597 3209 δι’
3640 3148 3710 3209 ὧν

2136 3238 2408 3307 ἁρπάζειν
2430 3240 2490 3293 ἐν
2520 3241 2710 3312 εἰρήνῃ
2755 3242 2849 3295 καὶ
2880 3243 3225 3298 πλεονεκτεῖν
3255 3246 3468 3302 οίονται
3500 3247 3626 3311 δεῖν,
3646 3248 3708 3300 τὶ

2134 3329 2415 3398 πολεμίων
2465 3332 2545 3394 είς
2604 3333 2774 3397 αὐτας
2825 3334 3095 3404 δήπουθεν
3149 3338 3382 3407 δρῶσιν,
3434 3342 3495 3394 οὐ
3559 3342 3710 3405 μόνον

2134 3422 2275 3488 σφᾶς
2298 3422 2496 3485 αὐτοὺς
2517 3422 2865 3493 ὲξελέγχουσι
2901 3426 3070 3482 ταῦτα
3107 3429 3422 3496 ποιοῦντες,
3455 3433 3577 3486 οὐδὲ
3604 3434 3710 3494 τοῖς

2132 3511 2317 3581 ἔργοις
2373 3514 2667 3583 ἀρνοῦνται
2723 3516 2822 3587 τὴν
2859 3520 3055 3587 κλῆσιν
3098 3522 3239 3591 ὑπὲρ
3289 3516 3370 3577 ὧν
3409 3525 3711 3594 ἐτάχθησαν

2130 3600 2411 3669 πολεμεῖν,
2448 3603 2657 3664 τούτοις
2693 3606 2851 3659 αὐτοὶ
2875 3606 2944 3659 δι’
2969 3601 3044 3661 ὧν)
3070 3608 3207 3680 ἔφην
3247 3614 3420 3681 ὁμόσε
3470 3612 3706 3683 χωροῦν-

2130 3708 2246 3757 τες,
2275 3692 2415 3745 ἀλλά
2468 3695 2565 3748 καὶ
2607 3694 2857 3749 δοκοῦσιν
2908 3699 3147 3752 ἐοικέναι
3177 3703 3300 3755 κυνὶ
3353 3704 3707 3758 ὲλαύνοντίτε

2129 3784 2257 3846 τοὺς
2292 3782 2487 3848 λύκους
2518 3787 2612 3838 καὶ
2661 3790 3099 3861 προσαπτομένῳ
3151 3793 3251 3861 τῆς
3305 3796 3585 3866 ποίμνηςο
3622 3792 3709 3855 οὓς

2130 3877 2196 3931 ἄν
2220 3893 2304 3939 τις
2331 3876 2527 3948 ἔρηται
2576 3880 2671 3933 τοῦ
2712 3882 2872 3951 χάριν
2906 3884 3320 3953 στρατεύονται,
3354 3889 3449 3942 τοῦ
3487 3890 3562 3961 μὴ
3605 3890 3708 3948 τοῖς

2130 3968 2343 4037 ἐχθροῖς
2369 3970 2577 4024 ἀδικεῖν
2600 3972 2943 4041 ἐπιτρέπειν,
2975 3975 3006 4047 ἢ
3050 3975 3145 4027 καὶ
3191 3977 3532 4049 ἠδικηκότας
3573 3979 3708 4050 ἀμύ-

2130 4059 2337 4122 νεσθαι,
2366 4062 2601 4131 φήσουσι
2654 4065 2874 4126 πάντως
2904 4080 2918 4095 ⁶
2951 4061 3052 4119 εἴθ’
3101 4065 3129 4118 ὃ
3191 4067 3449 4133 κολάζειν
3477 4070 3704 4135 ἀξιοῦσι,

2127 4151 2285 4205 τοῦτο
2314 4155 2609 4223 μιμοῦνται
2641 4161 2735 4210 καὶ
2765 4156 2865 4209 οὑκ
2896 4158 3247 4227 αἰσχύνονται
3271 4163 3493 4225 τούτοις
3527 4163 3706 4231 σαφῶς

2127 4245 2463 4318 ἑνεχόμενοι,
2494 4243 2568 4305 ὧν
2625 4252 2781 4305 αὐτοὶ
2851 4253 3094 4308 κωλυταὶ
3146 4256 3453 4314 καθεστᾶσι
3480 4277 3498 4293 ο
3531 4261 3705 4314 καίτοι

2127 4338 2258 4391 ὅταν
2301 4339 2412 4392 οὐδ’
2467 4341 2525 4393 ὲν
2574 4341 2831 4411 πολέμοις
2861 4343 3043 4412 λέγειν
3082 4364 3135 4400 τι
3166 4348 3278 4403 τῶν
3306 4352 3554 4422 αίσχρῶν
3600 4354 3704 4413 τοῖς

2128 4426 2304 4497 ὀρθῶς
2361 4432 2692 4500 μαχομένοις
2746 4434 2890 4486 κατά
2952 4440 3012 4509 τὸ
3067 4436 3196 4500 ἔπος
3251 4440 3372 4512 ἐξῇ,
3411 4443 3702 4511 ἀὶιλάύτῷ

450 4518 514 4557 ac
544 4503 755 4560 infestis
804 4505 1035 4561 vocibus
1069 4506 1378 4575 increpare,
1435 4507 1648 4579 injuriae
1701 4509 1858 4566 locus
1912 4526 2021 4566 non

2137 4517 2277 4587 μόνῳ
2330 4522 2642 4591 προσέχειν,
2676 4518 2709 4593 ἦ
2743 4540 2845 4577 που
2898 4506 3096 4579 πολλοῦ
3144 4545 3205 4597 γε
3241 4503 3462 4587 καῖ-’τοῦ
3505 4503 3701 4595 παντὸς

449 4614 555 4670 erit
589 4631 606 4682 ;
641 4616 801 4685 plane
821 4618 1153 4672 contrarium
1201 4628 1382 4673 autem
1419 4620 1627 4674 accidet
1671 4636 1685 4672 :
1719 4621 2024 4678 oﬂ'ensores

448 4729 799 4785 oil‘eudentur
828 4738 882 4784 et
917 4731 951 4785 ii
981 4732 1072 4801 qui
1095 4733 1166 4788 ab
1200 4732 1428 4787 offensis
1452 4733 1752 4799 abstinent,
1783 4734 2023 4792 offensas

447 4838 870 4910 haudquaquam
904 4843 1202 4911 patientur.
1238 4843 1372 4897 Nam
1407 4843 1663 4914 injuriam
1697 4846 2017 4914 repellendo

444 4963 501 5008 et
526 4953 699 5023 ipsam
732 4952 986 5024 injuriam
1005 4953 1248 5007 odiosam
1280 4954 1560 5009 reddendo
1584 4970 1680 5010 vos
1699 4956 1845 5026 ipsos
1865 4960 2017 5014 omni

444 5057 611 5128 gloria
631 5057 933 5128 privabitis.
952 5058 1241 5127 Nunquam
1261 5059 1509 5115 eamdem
1532 5062 1799 5117 actionem
1820 5066 2018 5118 malam

445 5174 499 5218 et
557 5163 751 5219 bonam
794 5163 1042 5234 judicare
1109 5163 1256 5217 licet.
1319 5162 1528 5233 Duplici
1598 5166 1764 5237 igitur
1821 5166 2017 5237 agendi

448 5272 714 5326 rationem
747 5268 903 5338 sequi
943 5266 1156 5322 debetis
1182 5286 1198 5324 :
1227 5284 1321 5324 eos
1346 5270 1441 5338 qui
1470 5285 1567 5325 vos
1597 5270 1880 5328 offendunt
1908 5289 2017 5329 non

454 5373 507 5426 vi
537 5373 826 5443 castigare,
889 5371 1163 5440 siquidem
1195 5388 1294 5428 vos
1327 5373 1432 5444 ipsi
1463 5374 1587 5430 aliis
1624 5376 1884 5447 injuriam
1927 5377 2015 5432 in-

446 5479 640 5543 fertis;
672 5486 767 5532 aut
796 5492 906 5547 quo
935 5478 1074 5533 nihil
1102 5480 1314 5550 turpius
1335 5489 1442 5547 est,
1471 5481 1613 5536 male
1648 5496 1744 5536 vos
1772 5484 2015 5552 gerendo

451 5584 506 5637 in
542 5593 917 5654 contemptum
969 5585 1238 5641 etodium
1294 5587 1561 5642 incidere.
1613 5585 1843 5644 Constat
1888 5602 2018 5644 sane

455 5684 626 5755 quod,
654 5687 699 5741 si
730 5704 824 5745 vos
850 5690 985 5747 alios
1023 5690 1238 5759 laeditis,
1272 5692 1429 5748 nihili
1467 5693 1522 5748 id
1563 5708 1688 5750 esse
1735 5694 2015 5759 clamatis;

454 5791 681 5848 maximi
704 5810 828 5854 vero
862 5799 1121 5855 momenti
1154 5799 1196 5853 si
1231 5799 1319 5854 alii
1366 5800 1504 5854 male
1546 5799 1809 5855 fecerunt.
1841 5800 1917 5855 lta
1960 5817 2019 5856 se

2126 4609 2336 4673 τούτοις
2366 4607 2519 4682 οἶμαι
2564 4614 2748 4684 δεήσει
2780 4617 2917 4686 πρῦς
2964 4619 3178 4673 ἀδικίαν
3227 4627 3497 4679 κινεῖσθαι
3524 4644 3538 4658 ·
3570 4627 3701 4687 ὅλως

2126 4700 2183 4752 δὲ
2216 4703 2265 4753 εί
2300 4703 2398 4771 μὲν
2440 4705 2650 4757 ἀδικεῖν
2699 4708 2877 4761 οἴεσθε
2921 4709 3052 4776 δεῖν,
3092 4714 3187 4765 καὶ
3221 4715 3535 4770 ἀδικεῖσθαι
3572 4719 3698 4770 ἀνά-

2126 4794 2343 4861 σχοισθε
2408 4796 2475 4848 ἄν
2502 4813 2517 4829 ο
2567 4799 2616 4850 εί
2671 4798 2727 4851 δὲ
2778 4801 3085 4855 ἀδικεῖσθαι
3118 4804 3217 4859 οὐκ
3248 4806 3316 4859 ἂν
3350 4809 3698 4878 ἀνάσχοισθε,

2128 4883 2254 4952 μηδ’
2286 4885 2496 4939 ἀδικεῖν
2518 4888 2698 4941 οἴεσθε
2727 4890 2860 4944 δεῖν.
2889 4888 2984 4956 Οἷς
3022 4894 3131 4965 γὰρ
3161 4898 3472 4955 ἀδικεῖσθαι
3507 4906 3608 4954 ο)κ
3634 4900 3696 4953 iv

2124 4975 2475 5045 ἀνάσχοισθε.
2501 4977 2560 5031 τὸ
2606 4979 2653 5032 δ’
2707 4981 2914 5036 ἀδικεῖν
2975 4986 3312 5052 διαόάλλετε,
3351 4993 3445 5045 καὶ
3477 4994 3698 5064 προσέτι

2124 5083 2185 5131 γε
2213 5066 2358 5135 ὑμᾶς
2408 5071 2605 5135 αὐτοὺς
2632 5074 2690 5125 ού
2720 5076 2851 5145 περὶ
2878 5078 3086 5131 τούτων
3113 5079 3212 5152 τὴν
3239 5083 3414 5154 αὐτὴν
3451 5085 3696 5154 ἴσχοντας

2122 5156 2283 5222 δόξαν
2305 5173 2321 5189 ο
2354 5159 2476 5211 ἐπεὶ
2503 5160 2602 5214 ποῦ
2627 5177 2757 5216 ποτε
2792 5166 2907 5218 τσον
2936 5168 3028 5220 καὶ
3056 5169 3228 5234 σῶζον
3259 5170 3440 5240 λόγον,
3476 5176 3568 5227 νῦν
3600 5175 3695 5245 μὲν

2125 5249 2330 5316 φαῦλον
2384 5252 2546 5306 τοῦτο
2600 5255 2869 5325 νομίζειν,
2900 5257 2978 5329 τῷ
3033 5260 3161 5331 μηδ’
3195 5262 3262 5316 ἂν
3317 5266 3525 5330 αὐτοὺς
3554 5265 3692 5320 τοῦθ’

2124 5342 2217 5395 ὑπ’
2254 5342 2416 5397 ἄλλου
2448 5346 2786 5411 πεπονθότας
2808 5350 3088 5420 δεδέχθαις
3118 5352 3213 5408 νῦν
3242 5356 3297 5409 δὲ
3325 5359 3527 5413 πολλοῦ
3555 5376 3696 5422 τινος

2124 5431 2350 5501 κρίνειν,
2382 5435 2460 5502 τῷ
2512 5437 2565 5503 γ’
2606 5436 2882 5505 ἁρπάζειν
2931 5442 3101 5511 ήδέως
3147 5444 3219 5497 τά
3256 5444 3365 5498 τῶν
3414 5448 3592 5502 ἄλλων
3617 5449 3697 5501 αἱ·

2128 5523 2375 5591 ρεῖσθαι;
2416 5526 2530 5578 ἀλλ’
2578 5528 2796 5597 ἀνάγκη
2846 5529 2994 5585 δυοῖν
3045 5533 3273 5602 θάτερον
3301 5550 3316 5566 ⁸
3371 5538 3404 5607 ἧ
3443 5541 3539 5593 καὶ
3588 5542 3694 5603 τοῖς

2126 5614 2270 5683 ὑμᾶς
2316 5615 2560 5671 ἀδικοῦσι
2611 5620 2776 5690 μηδὲν
2807 5625 3081 5693 ἐγκαλεῖν,
3117 5626 3253 5698 μηδὲ
3290 5631 3693 5700 πονηροτάτους

2126 5704 2398 5776 ἡγεῖσθαι,
2436 5709 2736 5780 ἐπειδήπερ
2779 5713 2933 5767 αὐτοὶ
2960 5716 3118 5769 τοῦτο
3144 5718 3276 5788 δρᾷν
3323 5718 3541 5783 ἀξιοῦτε
3573 5720 3697 5782 τοὺς

2121 5799 2335 5864 ἄλλους,
2364 5801 2396 5872 ἢ
2419 5803 2465 5856 εἰ
2492 5803 2599 5856 τῶν
2633 5805 3198 5877 ἀτοπωτάτωνέστὶν,
3225 5812 3296 5875 ὡς
3325 5810 3561 5874 ἅπαντες
3588 5813 3698 5865 ἴσα-
