4018 6420
293 320 394 385 513

1271 321 1562 383 ORATIO
1601 323 1701 383 DE
1734 323 2244 385 SUBDI'I‘ORUM
2281 322 2629 384 OFFlCllS.

3457 327 3559 391 514

284 449 387 496 σιν,
441 429 586 499 ὑμᾶς
638 427 811 494 οὕτως
868 428 1111 500 ἔχοντας,
1141 431 1478 500 κακοηθείας
1537 431 1861 485 ἁλίσκεσθαι

1967 445 2254 498 excusare,
2293 432 2431 486 alios
2460 447 2750 499 accusare,
2805 434 2858 490 in
2895 434 3133 490 humana
3164 447 3362 493 natura
3392 442 3558 497 situm

283 524 374 580 καὶ
404 522 711 593 μισεῖσθαι·
759 522 882 576 οὐδὲ
914 524 1024 595 γὰρ
1058 525 1238 579 ἐκεῖνο
1283 525 1489 596 φήσετε
1530 525 1756 596 δήποτε,
1788 525 1865 589 ὡς

283 618 374 672 ἐὰν
407 615 505 686 μὲν
526 617 653 671 τοὺς
685 614 881 679 ἄλλους
914 615 1073 684 ὑμεῖς
1123 616 1372 686 ἀδικῆτε,
1406 618 1645 688 πρᾶγμα
1678 617 1860 682 οὐδὲν,

283 709 377 762 ἐὰν
405 706 451 760 δ’
484 706 629 776 ὑμᾶς
654 706 786 760 αὐτὸ
823 706 972 760 τοῦθ’
1010 707 1193 778 ἕτεροι
1219 708 1445 780 δρῶσιν,
1477 709 1761 779 ἀφόρητον
1785 710 1868 764 δεῖ
1943 727 1947 731 '

282 798 438 854 τοῦτο
468 798 713 870 νομίζειν
746 802 841 853 καὶ
871 801 1027 855 οὐδὲν
1057 803 1209 871 ὑγιές
1242 819 1258 834 ·
1315 803 1425 856 οὐδ’
1455 803 1523 857 ἂν
1554 799 1637 865 εἷς
1688 802 1865 858 ταῦτα

284 895 533 962 φήσειεν,
564 893 704 947 ἀλλὰ
732 893 826 965 τῆς
862 894 1035 965 αὐτῆς
1063 895 1233 966 ἄμφω
1280 894 1463 967 ψήφου
1501 897 1600 949 καὶ
1636 896 1731 950 τοῦ
1763 913 1864 949 κα-

282 986 552 1050 κίζεσθαι.

353 1086 408 1137 ι’.
440 1080 625 1152 Χωρὶς
651 1079 709 1135 δὲ
739 1082 969 1145 τούτων.
1020 1082 1071 1136 εί
1094 1082 1197 1152 μὲν
1217 1075 1293 1139 ὧν
1321 1080 1461 1154 ὑπὲρ
1489 1082 1644 1143 ὑμῶν
1666 1080 1863 1136 πονοῦ-

282 1191 364 1227 σιν
395 1172 674 1239 ἑκάστοτε,
705 1175 911 1231 τούτων
939 1175 1168 1246 μισθοὺς
1204 1176 1304 1230 οὐκ
1338 1175 1553 1248 ἔχοντες
1573 1176 1752 1246 δήπου
1778 1192 1793 1208 ο
1826 1177 1859 1247 ἦ

281 1267 494 1339 ἔχοντες
542 1268 661 1337 μὲν,
693 1270 794 1323 οὐκ
826 1268 1129 1340 ἀξιίχρεως
1174 1268 1233 1322 δέ
1258 1284 1272 1300 ο
1319 1268 1353 1338 ἦ
1403 1268 1705 1338 ἀξιόχρεως
1737 1268 1860 1338 μὲν,

281 1361 379 1414 οὐκ
409 1362 495 1413 ἀεὶ
531 1361 587 1416 δέ
611 1376 628 1393 ⁸
651 1362 768 1417 ἀλλ’
798 1364 856 1414 ὲν
889 1362 1073 1433 μόνοις
1092 1362 1207 1424 τοῖς
1236 1361 1333 1416 τοῦ
1363 1363 1607 1432 πολέμου
1648 1363 1861 1432 καιροῖς

281 1469 338 1506 τε
388 1454 480 1508 καὶ
515 1454 865 1525 πράγμασιν,
898 1455 1092 1511 ἔπειτα
1136 1455 1314 1510 ταῦτα
1348 1456 1615 1528 πράττειν
1640 1455 1859 1528 αἱροῦν-

281 1564 393 1610 ται,
421 1542 490 1617 ἦν
519 1546 590 1600 ἄν
637 1563 692 1599 τι
743 1547 902 1601 τοῦτο
929 1548 1027 1602 καὶ
1049 1547 1153 1602 οὐκ
1183 1547 1252 1602 ἂν
1291 1548 1423 1610 ἴσως
1459 1544 1608 1619 εἶχον
1657 1548 1856 1606 αἰτίαν.

279 1638 342 1691 Ei
370 1637 414 1690 δ’
447 1636 655 1709 ἴσχουσι
690 1638 792 1708 μὲν
843 1639 996 1711 παρὰ
1038 1639 1307 1711 βασιλέως
1346 1641 1443 1696 ἐάν
1481 1658 1541 1695 τε
1571 1640 1857 1713 πολεμῶσι

280 1728 373 1784 sitv
395 1747 458 1789 ἐδ
488 1731 585 1802 μὴ,
628 1731 807 1803 πολλῷ
840 1732 1063 1802 μείζους
1087 1733 1200 1793 τῶν
1225 1733 1428 1801 πόνων,
1466 1735 1516 1788 οί
1541 1735 1642 1806 μὲν
1673 1753 1855 1789 συνοι-

280 1822 402 1887 κίεις
428 1794 521 1876 καὶ
544 1794 750 1893 ἀγροὺς
914 1794 1253 1898 ἀνδράποδα,
1278 1829 1329 1881 οἱ
1352 1827 1399 1883 δ’
1416 1794 1713 1893 ’ἐπετείους
1736 1830 1858 1881 ὲπι-
1889 1794 1938 1855 Β

276 1913 454 1979 (διο-εις
499 1916 820 1985 χρημάτων,
855 1919 1091 1986 πόλεμος
1139 1920 1198 1974 δὲ
1252 1921 1351 1975 καὶ
1409 1922 1603 1992 είρήνη
1657 1921 1857 1975 ταυτὸν

283 2008 465 2072 αὐτοῖς
506 2009 645 2077 πρὸς
682 2011 745 2065 τὸ
772 2009 926 2065 ταῦτ’
961 2014 1106 2084 ἔχειν
1140 2013 1439 2082 λαμϐάνειν
1493 2015 1772 2079 δύνανται,
1806 2014 1858 2067 τί

284 2101 542 2170 ποταμῶν
573 2104 706 2169 ἄνω,
735 2104 828 2158 καὶ
848 2106 947 2174 τῆς
978 2105 1113 2176 πρὸς
1134 2107 1278 2177 ὑμᾶς
1304 2108 1481 2161 αὐτῶν
1510 2108 1858 2179 ὑποσχέσεως

284 2193 429 2248 οὕτω
457 2195 856 2268 θρασύνονταιξ;
884 2199 941 2253 οῖ
962 2215 1026 2267 γε
1066 2198 1163 2254 καὶ
1187 2202 1334 2262 ὅπως
1358 2188 1419 2255 ἓν
1442 2201 1698 2271 πολέμοις
1720 2218 1859 2271 κρα-

282 2282 424 2335 τοῖεν
451 2284 548 2337 καὶ
578 2285 982 2355 περιγίγνοιντο
1013 2286 1124 2340 τῶν
1154 2288 1393 2358 ἐχθρῶν,
1419 2289 1517 2343 καὶ
1546 2290 1705 2344 αὐτοὶ
1733 2289 1858 2360 σφί-

284 2391 368 2429 σιν
390 2377 598 2441 αὐτοῖς,
626 2379 720 2433 καὶ
753 2379 915 2447 ὑμεῖς
943 2377 1101 2436 ταῦτ’
1130 2381 1282 2436 οὐδὲν
1307 2376 1471 2454 ἦττον
1501 2382 1857 2454 συνευχόμεθ’

285 2467 488 2532 αὐτοῖς,
517 2469 614 2524 ἆτε
652 2470 835 2524 κοινοῦ
863 2471 958 2525 τοῦ
995 2472 1207 2541 ἀγῶνος
1236 2472 1389 2539 ὄντος
1412 2491 1427 2507 ο
1463 2474 1542 2545 τῷ
1573 2475 1619 2528 δ’
1645 2476 1858 2531 ἀδικεῖν

285 2561 488 2617 ἐθέλειν
515 2565 609 2617 καὶ
634 2563 724 2636 βίᾳ
759 2564 1090 2637 κεχρῆσθαι.
1138 2569 1237 2623 καὶ
1272 2571 1387 2633 τοῖς
1423 2568 1574 2633 ίδίοις
1600 2571 1676 2632 ὡς
1705 2571 1862 2624 ἀλλο-ι

283 2654 454 2724 τρίοις
504 2655 760 2726 καθάπερ
809 2659 869 2710 ὲν
914 2658 1208 2731 πολιορκίᾳ
1255 2661 1463 2726 πόλεως
1491 2662 1857 2727 ἐπιτίθεσθαι,

285 2746 379 2800 καὶ
409 2747 598 2810 κακῶς
625 2752 821 2816 ποιεῖν,
855 2750 1214 2806 λανθάνουσιν
1232 2755 1294 2807 οὐ
1331 2754 1492 2824 μόνον
1517 2753 1613 2819 οὒς
1641 2754 1861 2809 ἀδικοῦ-

285 2854 360 2902 σι,
397 2839 494 2893 καὶ
526 2842 751 2911 προσέτι
777 2843 907 2908 τοὺς
950 2843 1410 2919 ἄλλουςιᾶπαντας
1429 2847 1497 2901 δι’
1521 2847 1719 2911 αὐτοὺς
1749 2863 1862 2903 πα-

288 2931 717 3000 ρασκευάζοντες
766 2934 942 3006 δήπου
991 2936 1060 2993 τὰ
1120 2939 1300 2994 πάντα
1359 2939 1623 2995 δεινότατ’
1672 2942 1860 3006 αὐτοῖς

286 3022 598 3092 ἐπαρᾶσθαι
630 3042 688 3079 τε
720 3028 816 3080 καὶ
862 3029 1262 3100 κατεύχεσθαιο
1299 3032 1438 3087 ἀλλὰ
1488 3036 1585 3090 καὶ
1608 3034 1637 3089 δ
1661 3036 1856 3090 τούτου

1973 553 2080 597 εει.

2040 1086 2128 1141 10.
2164 1088 2312 1145 Scilu
2350 1107 2518 1161 porro
2545 1093 2770 1165 dignum
2791 1104 2876 1149 est
2900 1094 3045 1165 quod
3089 1096 3122 1148 ii
3150 1096 3241 1165 qui
3302 1112 3400 1152 vos
3453 1113 3553 1167 ag-

1964 1195 2295 1265 grediuntur
2349 1216 2457 1256 non
2486 1204 2797 1259 mercedem
2858 1205 3155 1275 aiiquando
3189 1207 3408 1275 ferunt;
3457 1217 3554 1263 aut

1964 1308 2009 1362 si
2055 1310 2261 1376 ferunt.
2288 1331 2398 1370 non
2431 1332 2771 1388 congruam;
2818 1329 2913 1375 aut
2971 1321 3016 1374 si
3065 1335 3386 1392 congruam,
3438 1340 3549 1379 non

1961 1432 2203 1490 semper.
2236 1421 2643 1483 Tantummodo
2668 1429 2814 1485 inter
2839 1430 2980 1486 bella
3007 1446 3107 1502 pro
3135 1432 3296 1489 lihitu
3325 1444 3381 1491 et
3411 1450 3549 1506 qua-

1959 1544 2177 1603 cunque
2199 1549 2266 1588 ex
2289 1550 2452 1592 causa
2482 1539 2661 1595 facere
2679 1542 2905 1597 audent.
2941 1542 2995 1599 Si
3023 1544 3172 1599 enim
3201 1545 3256 1600 in
3280 1546 3424 1603 bello
3452 1559 3550 1605 aut

1961 1643 2015 1696 in
2045 1658 2182 1713 pace
2214 1647 2357 1703 ultra
2386 1651 2532 1719 quod
2571 1663 2857 1710 merentur
2891 1655 2983 1710 alii
3015 1671 3045 1710 a
3075 1671 3204 1727 rege
3230 1657 3535 1724 domicilia,

1969 1773 2152 1827 agros,
2184 1774 2372 1816 servos
2395 1762 2683 1833 obtinent;
2719 1767 2815 1821 alii
2841 1770 3089 1838 pecunia:
3114 1784 3387 1826 summam
3447 1787 3547 1827 an-

1964 1888 2133 1928 nuam
2157 1873 2454 1943 recipiunt,
2491 1876 2697 1932 bellum
2750 1888 2845 1934 aut
2900 1897 3000 1951 pax
3061 1883 3131 1939 iis
3183 1884 3403 1955 eripere
3454 1885 3547 1941 illa

1959 1983 2355 2054 possunt.Qu:e
2371 2000 2535 2041 causa
2559 1989 2625 2043 de
2643 1990 2808 2045 rebus
2820 1992 3044 2048 caducis
3066 1995 3459 2063 superhiendi?
3479 1998 3544 2053 lli

1958 2095 2203 2166 quidem,
2228 2107 2285 2153 et
2305 2114 2404 2154 nos
2436 2115 2558 2155 cum
2586 2101 2676 2167 iis,
2709 2111 2835 2157 vota
2863 2104 3072 2158 faciunt
3109 2114 3189 2171 ut,
3213 2122 3372 2176 aequo
3395 2107 3544 2163 Mar-

1960 2220 2035 2276 te,
2070 2210 2262 2267 hostes
2291 2222 2575 2281 superent.
2616 2214 2721 2271 Ubi
2748 2225 2933 2270 autem
2960 2218 3014 2271 vi
3038 2217 3285 2274 adhibita
3312 2218 3535 2273 hostili-

1961 2331 2044 2377 ter
2073 2325 2305 2394 agendo,
2344 2339 2402 2381 ut
2430 2328 2485 2383 in
2544 2311 2704 2383 urbe’
2731 2329 2978 2397 obsessa,
3026 2330 3285 2403 injuriam
3329 2333 3535 2389 inferre

1960 2438 2202 2508 cogitant
2228 2440 2331 2495 sibi
2360 2441 2495 2511 ipsis
2553 2443 2793 2514 graviter
2827 2445 3064 2513 obsunt;
3111 2461 3234 2501 nam
3275 2448 3413 2504 alios
3465 2464 3534 2504 eo

1961 2550 2171 2606 ducunt
2201 2562 2261 2607 ut
2297 2555 2540 2624 pessima
2591 2554 2660 2610 iis
2682 2569 2999 2625 precentur,
3051 2571 3114 2616 ut
3147 2569 3354 2617 taceam
3388 2562 3539 2632 quod

1966 2664 2179 2723 Numen
2209 2668 2454 2724 divinum
2480 2670 2579 2728 abs
2604 2688 2665 2729 se
2693 2646 2956 2729 alienant.
2998 2674 3055 2730 Si
3086 2685 3269 2731 autem
3293 2676 3397 2732 sibi
3430 2677 3541 2732 ini-

1962 2779 2139 2835 micos
2178 2781 2419 2835 reddunt
2446 2795 2542 2837 eos
2565 2797 2704 2852 quos
2739 2784 2951 2840 amicos
2976 2784 3182 2842 habere
3236 2787 3530 2855 deberent,

1960 2897 2260 2970 quomodo,
2294 2899 2404 2965 die,
2444 2899 2584 2956 bene
2607 2915 2828 2972 sperare
2859 2910 3121 2973 poterunt
3144 2903 3201 2960 in
3234 2906 3454 2977 pugnis,
3487 2917 3544 2963 et

1960 3025 2072 3081 quo
2098 3021 2262 3083 pacto
2303 3012 2451 3068 inter
2474 3028 2577 3069 nos
2601 3023 2658 3070 et
2697 3015 2850 3085 ipsos
2902 3032 2994 3073 res
3036 3020 3203 3075 salva:
3244 3029 3392 3076 stare
3446 3036 3545 3092 po-

290 3113 495 3185 μεῑζον,
527 3117 742 3185 ἑαυτοῖς
789 3121 1224 3192 ὲκπολεμοῦντες
1274 3124 1335 3179 τὸ
1378 3124 1544 3181 θεῖον.
1580 3127 1647 3183 Et
1676 3128 1735 3182 δὶ
1763 3127 1859 3192 οὓς

1966 3125 2186 3180 terunt?
2249 3123 2420 3205 Quod
2464 3126 2509 3181 si
2534 3127 2795 3184 facientes
2848 3129 2996 3200 quod
3071 3131 3304 3199 faciunt,
3344 3133 3550 3189 amicos

286 3203 422 3275 ὑπὲρ
466 3208 646 3261 αὐτῶν
703 3211 870 3282 ἐχρῆν
910 3212 1078 3283 ἔχειν,

287 3297 616 3365 πράττουσιν
665 3299 872 3384 ἔχουσι,
929 3305 1046 3370 πῶς
1107 3307 1259 3373 είκδς
1311 3310 1556 3380 χρηστάς
1613 3313 1667 3382 γ’
1714 3311 1861 3384 ἔχειν

283 3386 504 3450 ἐλπίδας
535 3391 594 3447 ὲν
626 3392 852 3464 μάχαις,
884 3397 979 3450 καὶ
1026 3397 1228 3463 αὐτοὺς
1261 3399 1402 3473 ὑπὲρ
1457 3402 1610 3472 σφῶν
1655 3404 1857 3470 αὐτῶν,

284 3479 377 3534 καὶ
427 3481 576 3551 ἡμᾶς
604 3485 703 3554 οὐχ
741 3485 883 3557 ὑπὲρ
924 3488 1108 3542 αὐτῶν
1135 3489 1340 3561 μᾶλλον
1395 3493 1429 3565 ἢ
1464 3494 1625 3565 ἡμῶν
1652 3495 1859 3560 αὐτῶν,

284 3570 421 3626 ἀλλὰ
448 3573 605 3629 τοῦτο
630 3578 725 3630 καὶ
753 3577 1120 3648 μᾶλλον,ὅσον
1152 3582 1248 3636 καὶ
1275 3580 1504 3647 τούτους
1533 3585 1675 3657 ὑπὲρ
1702 3586 1863 3657 ήμῶν

286 3660 741 3735 προὸαλλόμεθα;
764 3666 921 3722 Ὠσθ’
948 3670 1079 3724 ὅταν
1106 3665 1189 3736 οἷς
1218 3672 1591 3738 ποιοῦσι,τοὺς
1622 3676 1861 3738 οἰκείους

282 3751 549 3822 λυπῶσιν,
582 3757 752 3828 εὐχὰς
772 3761 884 3824 τοῖς
913 3761 1195 3833 πολεμίοις
1217 3763 1514 3837 πληροῦσι,
1547 3768 1640 3821 καὶ
1677 3767 1864 3839 προδι-

282 3844 467 3901 δόασιν
501 3848 718 3913 ἑκόντες
749 3853 890 3921 σφᾶς
912 3855 1112 3922 αὐτοὺς
1155 3856 1347 3911 τοῦτον
1369 3858 1461 3913 τὸν
1484 3859 1708 3928 τρόπον.
1740 3860 1862 3915 Κᾶν

285 3933 397 4007 γὰρ
424 3936 527 4006 τὴν
568 3937 864 4009 Ἀχιλλέως
916 3941 1085 4014 ἔχωσι
1124 3947 1330 4016 τόλμαν
1370 3950 1468 4001 καὶ
1505 3949 1720 4022 ῥώμην,
1759 3951 1864 4005 κᾶν

282 4024 468 4091 ὅπλοις
495 4029 606 4093 τοῖς
641 4031 852 4086 ἐκείνου
890 4035 1132 4105 χρῶνται
1166 4041 1258 4092 καὶ
1303 4040 1513 4107 ἵπποις,
1544 4042 1648 4097 κᾶν
1677 4045 1862 4099 πᾶσαν

286 4118 593 4193 πολεμικὴν
635 4124 932 4196 ἐμπειρίαν
961 4129 1055 4182 καὶ
1099 4132 1299 4201 τέχνην
1339 4135 1397 4186 ἐν
1421 4137 1491 4206 τῇ
1521 4136 1669 4207 ψυχῇ
1703 4153 1861 4208 περι-

283 4210 545 4281 φέρωσιν,
575 4215 728 4269 οὐδὲν
753 4219 941 4283 αὐτοῖς
970 4220 1122 4276 ἔσται
1158 4223 1324 4277 πλέον
1367 4242 1861 4299 καταστρατηγου-

288 4305 477 4373 μένοις
521 4307 615 4379 ὑφ’
665 4311 901 4367 ἑαυτῶν.
939 4314 1015 4368 οὐ
1065 4316 1176 4388 γὰρ
1229 4319 1284 4371 οἵ
1320 4318 1374 4387 γ’
1420 4319 1594 4379 οὕτως
1619 4322 1859 4392 ἔχοντες,

282 4396 398 4451 οὐδ’
425 4399 475 4451 οί
510 4403 756 4470 πλατεῖς,
787 4406 975 4476 φησὶν,
1001 4408 1110 4462 οὐδ’
1137 4410 1435 4481 εὐρύνωτοι
1466 4414 1667 4482 φῶτες,
1686 4417 1863 4483 ἀσφα-

1114 3210 1341 3282 τούτους
1389 3219 1513 3272 κατ’
1548 3219 1727 3273 αὐτῶν
1775 3215 1860 3284 οἷς

1966 3237 2230 3309 afﬂigunt,
2258 3237 2605 3295 inimicorum
2639 3251 2762 3297 vota
2795 3242 3018 3313 explent
3041 3254 3099 3300 et
3124 3259 3185 3300 se
3218 3246 3275 3300 in
3299 3254 3543 3303 extrema

1962 3352 2207 3423 pericula
2239 3355 2615 3410 committunt.
2651 3354 2721 3412 Ut
2746 3355 2891 3411 enim
2920 3356 3152 3413 Achillis
3177 3358 3464 3414 audaciam
3487 3369 3546 3416 ct

1964 3464 2137 3520 robur
2168 3465 2528 3535 possideant;
2564 3474 2626 3522 ut
2655 3467 2910 3540 ejusdem
2936 3470 3106 3526 armis
3125 3481 3183 3527 et
3208 3473 3370 3542 equis
3391 3482 3552 3531 utan-

1965 3586 2090 3644 tur;
2134 3586 2196 3633 ut
2223 3593 2449 3634 omnem
2478 3579 2709 3636 Achillis
2747 3588 2923 3636 artem
2970 3581 3227 3638 bellicam
3255 3584 3313 3639 in
3363 3584 3549 3642 animo

1963 3691 2356 3749 circumferant
2384 3711 2399 3748 :
2427 3693 2565 3749 nihil
2599 3696 2910 3766 proficient,
2969 3699 3015 3754 si
3078 3680 3289 3770 δείρεοε
3326 3701 3549 3758 domare

1962 3804 2239 3860 nesciunt.
2277 3804 2396 3861 Non
2435 3806 2584 3862 enim
2626 3808 2720 3879 qui
2749 3824 2984 3881 corpore
3009 3821 3140 3867 sunt
3193 3814 3388 3882 fortes,
3443 3815 3544 3886 scd

1963 3918 2058 3987 qui
2089 3916 2220 3972 furti
2242 3927 2372 3974 sunt
2394 3918 2602 3986 animo,
2623 3920 2830 3993 ubique
2852 3923 3072 3991 vicere;
3104 3927 3339 3985 audaces
3363 3937 3548 3985 autem

1962 4027 2214 4083 videmus
2246 4031 2564 4103 quicunque
2591 4033 2864 4104 justitiam
2897 4049 3161 4106 exercent
3190 4049 3248 4096 et
3276 4056 3549 4098 veneran-

1964 4150 2080 4198 tur.
2110 4141 2168 4198 Si
2203 4144 2352 4200 enim
2375 4146 2647 4216 justitiam
2673 4151 2859 4206 colere
2889 4150 3069 4208 ofﬁcio
3094 4155 3414 4212 satisfacere
3437 4166 3545 4222 est,

1962 4258 2069 4315 hoc
2103 4270 2292 4316 autem
2347 4276 2542 4329 rursus
2582 4267 2789 4321 mentis
2820 4268 3115 4325 sanitatem
3152 4269 3381 4339 indicat,
3448 4275 3546 4343 qui

1958 4373 2234 4442 justitiam
2258 4373 2391 4430 facit
2421 4384 2479 4431 et
2530 4391 2664 4432 sana
2694 4392 2761 4433 eo
2797 4380 2915 4448 ipso
2964 4389 3151 4437 mente
3210 4391 3315 4450 est,
3363 4385 3548 4455 justus

282 4487 559 4556 λέστατοι,
590 4493 705 4547 ἀλλ’
735 4497 786 4549 οἱ
813 4498 1140 4568 φρονοῦντες
1168 4502 1228 4555 εὖ
1261 4503 1488 4557 νικῶσιν
1522 4507 1806 4577 πανταχοῦ
1842 4523 1856 4539 θ

1969 4494 2119 4540 recte
2145 4486 2462 4543 habebitur.
2489 4487 2699 4545 Idcirco
2724 4506 2824 4547 nec
2839 4492 3055 4562 justitia
3074 4509 3208 4551 sana
3228 4505 3411 4552 mente
3429 4500 3545 4568 pri-

285 4577 349 4634 εὖ
383 4581 440 4634 δὲ
473 4584 810 4652 φρονοῦντας
861 4588 1104 4654 ἅπαντες
1136 4595 1296 4662 ίσμεν
1335 4597 1462 4659 τοὺς
1509 4595 1861 4669 δικαιοσύνης

283 4675 546 4743 ἐργάτας,
576 4678 673 4731 καὶ
716 4674 799 4743 οἷς
856 4681 1012 4753 μόνοι
1063 4683 1174 4738 τῶν
1227 4685 1446 4739 πάντων
1499 4687 1649 4742 οῦτοι
1704 4692 1861 4746 ταῦτ’

286 4768 437 4821 ἴσασι
463 4768 615 4841 δρᾷν,
643 4772 741 4825 καὶ
764 4768 845 4836 οἷς
875 4774 1028 4827 ταῦτ’
1063 4774 1373 4848 ἐξανάγκης
1404 4779 1617 4834 ἐκεῖθεν
1659 4782 1852 4853 περαί-

284 4876 459 4915 νεται.
489 4860 555 4915 Εί
588 4863 698 4935 γὰρ
721 4867 783 4918 τὸ
806 4867 875 4919 τὶ
904 4866 1088 4920 δίκαια
1112 4871 1396 4940 πράττειν,
1421 4870 1458 4925 ἃ
1484 4872 1567 4925 δεῖ
1597 4874 1862 4945 πράττειν

287 4954 429 5020 ἐστὶ,
458 4955 519 5008 τὸ
545 4955 603 5009 δὲ
653 4958 918 5028 πράττειν
944 4957 981 5013 ἆ
1013 4960 1115 5024 δεῖ,
1153 4962 1366 5032 φρενῶν
1400 4958 1460 5015 εὖ
1497 4962 1645 5035 ἔχειν
1687 4967 1861 5031 ἐστὶν,

285 5047 318 5099 ὁ
351 5047 419 5101 τὰ
461 5047 647 5102 δίκαια
694 5052 953 5119 πράττων
982 5054 1076 5106 καὶ
1123 5053 1339 5123 φρονῶν
1372 5053 1456 5122 εὖ,
1487 5056 1645 5121 οὗτος
1683 5057 1750 5111 ἂν
1778 5059 1862 5129 εἴη

285 5137 499 5205 δίκαιος
523 5141 598 5213 (a)
628 5157 643 5172 '
676 5142 875 5197 οὐκοῦν
902 5143 1026 5197 οὔτε
1054 5145 1407 5218 δικαιοσύνην
1443 5150 1636 5203 ἀσκεῖν
1666 5145 1778 5204 οἷόν
1807 5168 1865 5204 τε

289 5234 607 5304 φρονήσεως
656 5234 786 5289 ἄνευ
813 5251 828 5266 ο
863 5237 984 5300 πῶς
1031 5238 1142 5309 γὰρ
1199 5239 1412 5294 ἐκεῖθεν
1457 5240 1558 5304 τὰς
1609 5243 1869 5312 ἀφορμὰς

287 5327 525 5396 ἔχουσαν
555 5326 650 5381 τοῦ
684 5331 733 5380 τ’
762 5328 825 5383 εὖ
851 5331 1205 5400 φρονοῦντος,
1235 5331 1412 5397 οὕτως
1437 5332 1570 5387 ῐδιον
1598 5335 1661 5388 τδ
1692 5336 1865 5408 ταύτῃ

182 5492 187 5495 _
286 5420 614 5491 κεχρῆσθαι.
651 5421 793 5476 ὥστε
845 5423 951 5488 ἕως
1007 5425 1109 5488 μὲν
1153 5424 1220 5478 ἄν
1259 5425 1485 5496 χρῆται,
1522 5426 1616 5480 καὶ
1661 5429 1757 5480 τοῦ
1802 5444 1867 5497 γε

287 5515 517 5580 φρονεῖν
552 5513 768 5584 μέτεστ⁹
816 5514 968 5585 αὐτῷ
994 5532 1008 5548 ·
1046 5514 1272 5570 ἐπειδὰν
1297 5515 1355 5569 δὲ
1389 5517 1726 5588 παλινῳδίαν
1758 5518 1866 5592 ᾄσῃ

288 5606 401 5666 τοῖς
454 5608 696 5676 τρόποις,
739 5608 833 5659 καὶ
884 5605 1023 5677 μετὰ
1069 5607 1178 5661 τῶν
1226 5607 1561 5664 ἀδικούντων
1615 5610 1867 5683 γένηται,

365 5757 441 5833 (ιι)
475 5762 609 5818 Cod.
635 5763 884 5830 δικαίως.

1971 4610 2096 4656 vata
2120 4608 2209 4657 est
2252 4602 2484 4673 aliquid.
2509 4603 2753 4675 Utraque
2774 4606 2923 4662 enim
2945 4608 3136 4679 juncta
3166 4610 3389 4666 demum
3415 4629 3549 4668 con-

1969 4692 2200 4772 cordare
2226 4718 2450 4787 poterit.
2478 4719 2583 4776 Ubi
2605 4731 2787 4779 autem
2812 4722 2987 4779 bonos
3018 4740 3199 4781 mores
3222 4727 3549 4798 κτείνει-εε-

1973 4828 2127 4885 heris
2160 4840 2213 4886 et
2247 4832 2579 4903 injustorum
2613 4838 3011 4895 commercium
3032 4842 3357 4908 sectaberis,
3392 4845 3548 4902 nullo

1972 4943 2139 4999 modo
2174 4960 2311 5002 sana
2366 4955 2418 5003 te
2446 4958 2631 5005 mente
2672 4951 2780 5007 frui
2819 4926 3176 5013 asseruerim.
3236 4959 3383 5026 Quid
3432 4960 3548 5017 ita?

1971 5054 2225 5133 quianon
2251 5059 2398 5127 quod
2426 5060 2584 5116 decet
2609 5064 2703 5123 sed
2726 5067 2873 5135 quod
2896 5070 3145 5137 dedecet,
3173 5073 3324 5130 facit.
3357 5075 3414 5131 Si
3448 5091 3547 5131 au-

1974 5177 2084 5224 tem
2140 5184 2173 5225 ο
2207 5171 2412 5227 mentis
2442 5174 2761 5234 conditione
2794 5183 3070 5252 provenit,
3096 5160 3153 5240 si
3193 5201 3305 5242 non
3353 5190 3544 5263 utique

1971 5277 2215 5337 victores
2246 5296 2462 5351 sumus,
2483 5283 2621 5340 bene
2650 5287 2858 5345 sentire
2891 5299 3077 5348 autem
3102 5300 3160 5349 et
3175 5294 3323 5365 justa
3350 5297 3539 5357 facere

1966 5391 2163 5449 eodem
2203 5396 2459 5463 redeunt,
2490 5397 2606 5454 ﬁeri
2634 5416 2741 5457 non
2767 5415 2949 5474 pate-st
2970 5406 3103 5476 quin
3134 5410 3229 5480 qui
3266 5410 3341 5467 ita
3388 5425 3543 5484 sunt,

1968 5520 2167 5578 nempe
2198 5507 2389 5581 injusti
2417 5511 2489 5566 ob
2518 5511 2941 5584 imprudentiam
2986 5519 3056 5575 ab
3085 5521 3320 5578 inimicis
3371 5530 3546 5584 casti-

1966 5630 2165 5693 gentur
2202 5631 2260 5681 et
2313 5628 2555 5697 graviter
2581 5631 2984 5701 periclitentur.
3026 5635 3167 5704 Quid
3225 5638 3427 5709 plura?
3483 5641 3555 5699 Et
