4018 6416
1751 316 2149 381 TIIEODULI
2196 322 2544 387 MONAClll

532 409 698 465 robur
718 419 773 465 et
799 410 1106 483 ingeniam,
1130 426 1183 473 et
1211 419 1479 491 quidquid
1518 423 1727 480 dixeris
1755 431 1933 497 parvi,
1993 433 2075 485 inn

2206 439 2495 505 τηνικαῦτ’
2544 439 2664 493 οὑδὲ
2712 416 2928 511 φρονεῖν
2990 444 3128 509 ὅλως
3190 448 3416 518 φήσαιμ’
3473 450 3535 505 ἀν
3591 455 3747 525 ἒγωγε

533 534 718 573 coram
744 520 981 581 Numine
1019 526 1206 581 divino
1227 531 1431 587 nullius
1459 542 1544 588 est
1571 539 1858 605 momenti,
1917 544 2005 595 cui
2037 559 2099 599 se

530 631 839 691 subducere
861 645 1159 709 nequeunt,
1193 639 1305 697 imo
1335 641 1390 697 in
1416 657 1475 699 se
1509 646 1734 703 trahunt
1757 651 1853 720 qui
1882 652 2098 725 ἰιιξιμιίι

534 745 663 800 tiam
692 759 1007 816 operantur.

596 1619 683 1674 ll.
712 1620 783 1678 Ut
815 1623 1123 1694 exemplum
1157 1623 1212 1680 in
1252 1625 1489 1683 medium
1512 1628 1874 1699 proferamus,
1902 1626 2094 1684 Aelim.

528 1732 766 1787 menidie
790 1742 932 1790 terra
985 1737 1230 1816 marique
1254 1740 1608 1806 gravissimas
1658 1741 2087 1798 Atheniensibus
2117 1764 2159 1820 Β

520 1855 709 1908 poenas
730 1843 1022 1912 dederunt,
1043 1848 1188 1917 quod
1208 1848 1472 1905 Graeciam
1509 1852 1740 1923 perdere
1762 1854 2081 1921 voluerant;

518 1964 688 2014 quare
717 1952 919 2009 misere
942 1955 1109 2012 vitam
1143 1959 1467 2018 amiserunt.
1508 1962 1614 2031 Qui
1647 1978 1841 2019 verum
1888 1965 2086 2020 imbel-

517 2057 622 2113 lem
657 2061 804 2119 liunc
835 2065 1140 2124 exercitum
1175 2077 1373 2125 terram
1435 2082 1493 2127 et
1549 2087 1702 2128 mare
1750 2075 2007 2144 quatiens
2031 2084 2089 2130 et

515 2172 715 2228 mentis
750 2177 893 2233 male
924 2192 1072 2236 sanae
1106 2181 1259 2253 signa
1303 2185 1439 2242 dans
1463 2200 1590 2242 eum
1624 2187 1680 2243 in
1715 2187 1879 2245 ﬁnem
1910 2189 2087 2245 addu-

514 2297 669 2340 xerat
709 2297 769 2343 ut
795 2288 1059 2349 Greciam
1083 2294 1261 2365 prima
1292 2300 1643 2369 aggressione
1665 2301 2004 2374 subjugaret,
2043 2305 2088 2360 is

514 2409 704 2454 contra
737 2417 953 2460 omnem
977 2422 1134 2478 spem
1171 2413 1315 2481 turpi
1353 2413 1481 2483 fuga
1528 2415 1756 2472 salutem
1809 2420 2085 2489 quaesivit.

512 2510 804 2583 lnterjecto
837 2517 1040 2575 deinde
1071 2529 1322 2595 tempore
1369 2528 1791 2588 Atheniensium
1816 2534 2002 2593 clades
2026 2537 2083 2593 in

515 2625 706 2682 Sicilia
772 2638 830 2686 et
888 2643 1147 2692 extremae
1193 2637 1300 2695 illae
1345 2642 1689 2703 calamitates
1738 2649 2080 2715 acciderunt.

509 2742 711 2809 quibus
743 2745 879 2800 nihil
908 2748 1147 2816 tristius,
1197 2763 1253 2810 et
1293 2771 1430 2826 quas
1463 2760 1624 2818 siccis
1649 2765 1822 2820 oculis
1880 2766 2084 2823 referre

511 2857 713 2920 posteri
742 2860 1067 2928 nequibant.
1086 2865 1230 2931 Quid
1249 2868 1492 2944 denique
1519 2876 1577 2930 in
1608 2891 1774 2933 causa
1802 2878 1907 2935 fuit
1932 2884 2082 2952 quod

506 2964 628 3019 Chii
657 2968 761 3023 sub
789 2969 1218 3046 Smyrnaeorum,
1270 2980 1670 3044 Lacedaemonii
1711 2992 1817 3048 sub
1864 2991 2083 3049 Theba-

2201 529 2393 583 τοῦτον
2421 532 2578 585 τοῦτο
2613 533 2673 585 τὸ
2716 536 2900 605 μέρος.
2948 535 3050 588 Διά
3093 538 3147 591 τί
3165 555 3179 603 ;
3213 539 3294 591 δτι
3323 541 3421 613 οὑχ
3450 542 3486 597 ἀ
3515 544 3611 612 δεῖ,
3640 548 3748 601 ἀλλ’

2200 621 2237 674 ἃ
2269 624 2344 693 μὴ
2384 623 2465 675 δεῖ
2496 626 2758 693 πράττειν
2803 625 2939 697 ᾤετο
2980 629 3111 683 δεῖν.
3151 630 3215 685 El
3250 632 3307 685 δὲ
3334 633 3395 686 τὸ
3438 635 3513 705 μὴ
3560 654 3751 693 παντα-

2202 712 2300 781 χοῦ
2361 717 2583 782 κρατεῖν
2638 719 2700 769 ὲκ
2732 717 2828 772 τοῦ
2864 723 3082 789 φρονεῖν
3111 724 3513 796 περιγίγνεται,
3542 730 3600 782 τὸ
3625 731 3670 783 δ’
3695 728 3748 785 εὖ

2201 807 2420 875 φρονεῖν
2473 810 2567 859 καὶ
2624 810 2809 862 δίκαια
2860 814 3131 881 πράσσειν
3175 815 3259 879 είς
3303 821 3501 872 ταυτὸν
3525 822 3749 891 ἔρχεται,

2198 895 2414 968 ἀνάγκη
2470 900 2617 953 πᾶσα
2667 901 2793 964 τοὺς
2839 901 2916 974 μὴ
2972 904 3145 976 ταύτῃ
3198 906 3593 980 διακειμένους,
3640 913 3748 968 ἀλλ’

2198 987 2557 1057 ἀδικοῦντας,
2617 990 2694 1054 ὡς
2737 993 2978 1063 ἄφρονας
3035 997 3343 1069 ἑκασταχοῦ
3387 1005 3503 1067 τοῖς
3544 1005 3748 1078 ἐχθροῖς

2197 1080 2342 1133 νῶτα
2362 1082 2582 1145 διδόναι,
2618 1086 2713 1138 καλ⁵
2757 1086 3090 1141 κινδυνεύειν
3131 1089 3322 1161 ὥσπερ
3353 1094 3521 1157 εἰκός.
3559 1099 3666 1151 Καὶ
3697 1100 3748 1153 τί

2199 1172 2280 1225 δεῖ
2321 1173 2495 1227 ταῦτα
2537 1174 2754 1243 λέγειν;
2787 1177 2879 1229 καὶ
2916 1179 3074 1249 ῥώμη
3103 1181 3274 1249 δήπου
3305 1186 3397 1238 καὶ
3428 1185 3636 1252 σύνεσις
3662 1191 3751 1249 καὶ

2200 1267 2230 1319 ὅ
2258 1284 2311 1321 τι
2342 1268 2410 1321 ἂν
2453 1270 2598 1323 εῐποι
2632 1287 2737 1333 τις,
2763 1272 2922 1326 πάντ’
2951 1275 3162 1329 ἐλάττω
3208 1278 3410 1340 μᾶλλον
3439 1279 3494 1333 δὲ
3524 1281 3614 1334 τοῦ
3648 1301 3749 1353 μη·
3799 1316 3806 1321 -

2195 1358 2341 1420 δενδς
2389 1357 2516 1423 ἄξια
2566 1359 2662 1429 τῆς
2698 1360 2847 1425 θείας
2883 1364 3088 1433 ῥοπῆς⁸
3120 1358 3187 1435 ἦς
3215 1368 3313 1437 οὐχ
3342 1368 3495 1432 ὅπως
3528 1372 3751 1424 ἀποστει-

2198 1447 2385 1515 ροῦσιν
2429 1450 2682 1514 ἑαυτοὺς,
2709 1451 2847 1505 ἀλλά
2904 1455 2999 1507 καὶ
3055 1455 3295 1512 κινοῦσιν
3341 1455 3402 1514 εὖ
3446 1461 3589 1531 μάλα
3639 1464 3752 1516 καθ’

2196 1537 2404 1593 ἑαυτῶν
2432 1540 2481 1592 οἱ
2514 1543 2876 1612 προσέχοντες
2907 1545 3113 1618 ἀδικίᾳ.

2267 1637 2357 1685 ια’..
2399 1631 2678 1686 Ἐντεῦθεν
2719 1632 3034 1706 ’Ἀθηναίοις
3078 1639 3451 1711 Ἀχαιμενίδαι
3503 1647 3752 1718 μεγίῖττςν

2194 1722 2304 1776 τῶν
2334 1726 2397 1774 ὲκ
2442 1724 2535 1776 τοῦ
2585 1727 2785 1789 παντὸς
2821 1727 3017 1793 αἰῶνος
3062 1734 3152 1783 καὶ
3184 1734 3330 1788 κατά
3357 1737 3464 1805 γῆν
3499 1739 3591 1791 καὶ
3620 1740 3753 1791 κατὶ

2190 1814 2465 1869 θάλατταν
2491 1814 2647 1885 δίκην
2694 1817 2949 1887 ὑπέσχον,
2983 1819 3103 1871 ἀνθ’
3138 1813 3212 1873 ὧν
3245 1823 3436 1885 κακῶς
3485 1824 3752 1896 ἐπεθύμη-

2191 1923 2289 1958 σαν
2321 1905 2423 1975 τῆς
2457 1905 2704 1969 Ἑλλάδος
2729 1922 2744 1937 ⁸
2775 1910 2821 1960 oi
2852 1908 2951 1977 μὲν
2977 1912 3137 1964 κακοὶ⁵
3160 1915 3349 1979 κακῶς
3389 1917 3622 1971 ἐνταῦθα
3657 1936 3751 1971 πει

2189 2000 2373 2058 σ’ὶντες
2393 2011 2407 2026 ⁶
2432 1999 2459 2050 ὁ
2485 1996 2541 2050 δὲ
2573 1999 2672 2067 τὴν
2709 1997 2922 2068 ἄμαχον
2950 2000 3157 2071 ταύτην
3189 2005 3284 2056 καὶ
3315 2005 3558 2077 πλήθους
3579 2008 3751 2062 εἵνεκα

2187 2088 2330 2155 λέγω
2381 2088 2473 2141 καὶ
2524 2088 2713 2158 ῥώμης
2766 2093 2861 2144 καὶ
2914 2090 3233 2165 Θαυμαστῆς
3265 2095 3353 2150 δια
3408 2101 3624 2154 πάντων
3653 2119 3751 2154 πα-

2191 2179 2465 2247 ρασκευῆς
2491 2181 2832 2251 ἑπαγόμενος
2864 2186 3150 2253 στρατιὰν,
3192 2188 3285 2240 καὶ
3317 2190 3461 2261 πρὸς
3489 2193 3549 2246 τὸ
3574 2193 3751 2247 δοκοῦν

2187 2268 2366 2339 ἑαυτῷ
2417 2270 2510 2323 καὶ⁵
2560 2268 2666 2339 γῆν
2722 2271 2817 2325 καὶ
2868 2272 3139 2328 θάλατταν
3179 2277 3464 2347 μεθιστὰς,
3503 2286 3596 2340 καὶ
3640 2287 3750 2345 ταῖς

2186 2359 2409 2423 ἀτόποις
2471 2360 2799 2433 ὑπερϐολαῖς
2850 2364 3060 2430 πάντας
3098 2368 3440 2441 ἐκπλήττων,
3496 2375 3591 2427 καὶ
3648 2379 3742 2447 τὴν

2195 2449 2421 2505 Ἐλλάδα
2456 2454 2639 2506 πᾶσαν
2666 2457 2904 2526 νομίζων
2936 2459 3184 2514 αὐτοϐοεὶ
3229 2462 3579 2536 διαρπάσειν,
3605 2467 3748 2532 οὗτος
3800 2498 3805 2502 ~

2186 2541 2359 2607 οὑτως
2389 2546 2631 2616 αἰσχρῶς
2663 2548 2975 2616 ἀπαλλάξας
3023 2555 3117 2605 καὶ
3159 2556 3311 2625 παρὰ
3365 2560 3548 2612 πᾶσαν
3598 2562 3744 2626 ἠντι-

2186 2637 2313 2689 νοῦν
2344 2639 2673 2709 προσδοκίαν
2700 2641 2777 2706 ὡς
2824 2646 2920 2700 καὶ
2963 2650 3108 2719 φυγῇ
3140 2648 3241 2719 τὴν
3270 2652 3551 2723 σωτηρίαν
3576 2651 3745 2721 ἑαυτῷ

2187 2730 2517 2800 πεπορίσθαι
2544 2747 2560 2763 ’
2601 2735 2852 2789 ἐντεῦθεν
2899 2739 2931 2808 ἡ
2962 2738 3070 2791 τῶν
3113 2741 3421 2811 Ἀθηναίων
3450 2746 3508 2796 ἐν
3539 2744 3745 2814 Σικελίᾳ

2187 2823 2462 2894 συμφορὰ,
2503 2826 2599 2879 καὶ
2652 2826 2721 2880 τὰ
2784 2828 3068 2901 δεινότατα
3120 2834 3299 2885 ἐκεῖνα
3361 2839 3456 2889 καὶ
3511 2836 3744 2906 ἀφόρητα

2187 2913 2358 2984 πάθη,
2399 2920 2493 2971 καὶ
2525 2920 2705 2973 πᾶσαν
2737 2919 3134 2991 ὑπερϐαίνοντα
3163 2927 3505 2996 τραγῳδίαν,
3530 2922 3605 2981 ὧν
3643 2926 3745 2980 οὐδ’

2187 3006 2452 3077 ἀδακρυτὶ
2501 3011 2814 3079 μεμνῆσθαι
2856 3015 2967 3077 τοῖς
3003 3014 3173 3068 ἔπειτ’
3217 3017 3368 3086 ἐξῆν.
3426 3019 3746 3087 Λακεδαιμο-

508 3095 703 3136 norum
733 3095 860 3154 post
913 3088 1262 3151 Leuctricam
1325 3099 1532 3158 cladem
1591 3102 1856 3164 ditionem
1912 3124 2075 3167 vene-

2184 3099 2329 3163 νίους
2381 3101 2439 3155 δὲ
2491 3105 2586 3155 καὶ
2637 3103 2802 3166 Χίους
2846 3105 2899 3158 τί
2949 3105 3013 3159 τὸ
3063 3108 3300 3177 ποιῆσαν
3364 3112 3489 3175 τοὺς
3526 3113 3623 3183 μὲν
3650 3111 3745 3166 ὑπὸ

507 3198 678 3253 runt?
723 3201 917 3260 Nonne
944 3206 1091 3275 quod
1126 3210 1220 3266 alii
1253 3228 1476 3283 gravem
1511 3216 1566 3273 in
1627 3220 1852 3277 modum
1888 3240 2082 3294 pecca-

508 3323 656 3374 runt,
681 3322 739 3367 et
771 3314 996 3388 insuper
1022 3320 1163 3379 ﬁlias
1186 3336 1369 3396 raptas
1388 3328 1443 3383 in
1478 3340 1676 3400 puteos
1720 3335 2083 3407 dejeeerunt?

503 3418 624 3475 Chii
650 3423 875 3492 quidem
912 3429 966 3485 in
991 3430 1267 3505 Dionysiis
1296 3439 1607 3521 Symrnaeos
1634 3460 1791 3501 saera
1813 3447 2080 3508 facientes

501 3548 776 3593 armorum
795 3542 844 3595 vi
861 3542 981 3599 sine
994 3560 1155 3604 causa
1165 3548 1677 3628 justa,subegerunt.
1694 3561 1952 3621 Utautem
1968 3565 2079 3623 Eu-

503 3647 780 3715 rystheum
800 3651 1045 3713 Stheneli
1070 3658 1248 3718 filium
1272 3667 1542 3735 omittam,
1571 3671 1665 3739 qui
1688 3673 2079 3745 ingratitudine

499 3771 679 3817 motus
716 3762 1032 3830 Heraclidas
1058 3787 1090 3828 ο
1118 3782 1230 3832 tota
1257 3776 1465 3837 Graecia
1488 3787 1746 3855 expulsos
1796 3806 2068 3865 nusquam

498 3878 698 3931 morari
723 3878 958 3951 sinebat,
993 3893 1048 3940 et
1074 3886 1141 3944 iis
1170 3890 1266 3960 qui
1295 3892 1420 3952 illos
1445 3895 1683 3969 hospitio
1720 3905 2075 3976 excipiebant

495 3996 770 4047 extremas
806 3994 986 4053 minas
1018 3997 1347 4072 intentabat,
1388 4017 1445 4064 et
1469 4018 1672 4068 sortem
1706 4015 1844 4073 adeo
1877 4019 2071 4078 duram

494 4111 755 4168 expertus
782 4116 867 4164 est
903 4118 965 4164 ut
988 4110 1044 4167 in
1076 4129 1256 4187 pugna
1283 4133 1459 4180 caesus
1482 4140 1593 4182 non
1626 4138 1839 4189 tantum
1879 4142 2072 4209 sepul-

492 4230 609 4280 cro,
668 4221 765 4276 sed
823 4232 879 4280 et
937 4226 1128 4315 liberis
1183 4234 1434 4304 privatus
1474 4242 1569 4309 sit,
1623 4256 1680 4302 et
1740 4249 1933 4308 nolens
1959 4253 2066 4310 lle-

491 4328 743 4401 raclidas,
782 4351 922 4409 quos
962 4352 1122 4401 antea
1162 4346 1220 4404 in
1275 4366 1561 4412 servorum
1601 4358 1729 4418 loco
1774 4363 2065 4435 habuerat,

490 4458 637 4502 nunc
687 4447 940 4512 dominos

487 4563 635 4630 quod
668 4564 845 4639 Trojze
878 4574 1155 4634 excidium
1184 4581 1476 4642 Alexandri
1500 4591 1833 4651 dementiam
1861 4611 2062 4655 evoca-

495 4681 595 4746 vit,
638 4682 732 4749 qui
766 4685 959 4743 urbem
981 4701 1038 4746 et
1065 4692 1214 4749 cives
1242 4707 1299 4753 et
1314 4700 1553 4771 seipsum
1579 4706 1897 4765 interemit?
1925 4713 2061 4779 Quis

486 4789 703 4860 ignorat
746 4800 893 4867 quod
933 4802 1125 4863 harum
1163 4812 1536 4872 calamitatum
1589 4825 1910 4879 memoriam
1960 4841 2060 4895 per

486 4919 652 4961 omne
678 4915 890 4981 tempus
914 4914 1098 4986 durat,
1123 4932 1178 4978 et
1205 4926 1349 4994 quod
1382 4928 1434 4982 id
1455 4932 1602 5000 quod
1625 4936 1948 4992 mortalibus
1971 4939 2057 4995 di—

490 5017 763 5075 rissimum
796 5026 1045 5106 accidere
1073 5044 1272 5103 potest.
1315 5043 1582 5100 mulorum
1612 5046 1742 5103 llias
1787 5053 2057 5106 vocatur?

486 5139 545 5184 ut
585 5136 773 5202 paucis
808 5100 1084 5200 absolvam
1137 5151 1284 5219 quod
1315 5156 1429 5209 sola
1459 5156 1644 5216 Iliadis
1682 5178 1813 5220 voce
1852 5181 2056 5222 atrum-

485 5266 676 5305 narum
702 5255 976 5328 fastigium
1005 5261 1280 5321 indicatur
1305 5270 1328 5322 ?
2011 5242 2040 5278 θ

551 5459 637 5512 12.
665 5459 813 5516 Nihil
837 5462 1020 5534 itaque
1048 5469 1413 5538 perniciosius
1446 5475 1733 5546 injustitia,
1765 5483 1901 5537 nihil
1934 5493 2055 5539 ma-

478 5552 561 5617 gis
617 5554 928 5620 lugieudum
970 5569 1074 5624 est,
1133 5560 1199 5616 iis
1225 5566 1517 5635 praecipue,
1566 5576 1660 5638 qui
1701 5575 1896 5628 annali
1928 5576 2052 5628 vita:

478 5644 780 5708 perieulum
821 5654 968 5707 omni
1025 5655 1154 5711 hora
1185 5657 1413 5725 faciunt,
1460 5677 1678 5732 semper
1730 5664 1785 5718 in
1835 5682 2049 5722 summo

476 5736 791 5816 diseriminp
829 5762 1137 5823 versantur,
1166 5753 1222 5819 ii,
1250 5757 1492 5824 inquam,
1524 5758 1897 5826 potissimum.
1927 5777 2045 5835 ipo-

2183 3192 2526 3261 Σμυρναίων,
2574 3195 3039 3266 Λακεδαιμονίους
3089 3197 3147 3252 δὲ
3205 3198 3313 3253 ὑπὸ
3382 3202 3632 3272 Θηϐαίων
3691 3203 3743 3255 ἐν

2181 3284 2481 3353 Λεύκτροις
2542 3286 2642 3358 τῆς
2696 3287 2960 3351 Βοιωτίας
3005 3290 3208 3362 ἐσχάτῃ
3266 3296 3589 3363 περιπεσ.τν
3619 3309 3745 3363 συμ-

2181 3379 2355 3450 φορῇ
2383 3380 2481 3450 οὑχ
2523 3380 2605 3433 ὅτι
2643 3380 2712 3434 τὰ
2766 3380 3001 3452 μέγιστα
3041 3384 3257 3437 πάντων
3284 3387 3337 3439 ot
3374 3386 3473 3457 μὲν
3520 3385 3744 3457 παρηνό-

2183 3485 2338 3538 μουν,
2375 3471 2469 3524 καὶ
2503 3465 2583 3533 οἷς
2613 3472 2709 3533 τάς
2734 3471 2905 3543 κόρας
2936 3471 3077 3540 μετά
3107 3473 3198 3527 τδν
3239 3473 3364 3545 βίον
3407 3478 3634 3539 ἀνεῖλον,
3656 3476 3740 3528 καὶ

2178 3556 2259 3624 οἷς
2289 3560 2494 3625 ταύτας
2527 3564 2605 3627 είς
2632 3563 2812 3636 φρέαρ
2838 3565 3130 3632 ὲνέϐαλονς
3160 3567 3280 3620 Χῖοι
3305 3567 3356 3620 δ’
3387 3571 3737 3629 ὲνΔιονυσίοις

2178 3652 2430 3720 ἠσέϐουν,
2472 3652 2801 3723 βακχεύουσι
2827 3655 2940 3719 τοῖς
2980 3655 3313 3727 Σμυρναίοις
3349 3661 3597 3724 ἐπιόντες
3628 3650 3746 3729 μεθ’

2174 3742 2376 3807 ὅπλων,
2413 3744 2508 3798 καὶ
2529 3743 2681 3798 ταῦτ’
2715 3745 2870 3799 οὐδὲν
2897 3747 3005 3801 τῶν
3037 3748 3299 3802 ἁπάντων
3334 3750 3556 3821 ἔχοντες
3587 3754 3738 3819 ἐγκα-

2175 3834 2306 3892 λεῖν.
2341 3836 2459 3890 Ἵνα
2500 3837 2547 3891 δ’
2596 3837 2885 3906 Εὐρυσθέα
2930 3840 3025 3894 τὸν
3078 3839 3339 3895 Σθενέλου
3396 3845 3576 3915 παρῶ,
3608 3843 3739 3897 οὕτω

2173 3925 2264 3979 διὰ
2293 3926 2393 3997 τὴν
2419 3927 2499 3990 είς
2546 3926 2902 3996 Ἡρακλείδας
2946 3928 3372 4000 ἀγνωμοσύνην,
3399 3934 3494 3986 καὶ
3537 3933 3597 3986 τὸ
3635 3948 3735 3999 μη-

2171 4018 2345 4088 δαμοῦ
2386 4019 2485 4087 τῆς
2524 4018 2774 4084 Ἑλλάδος
2811 4018 3034 4084 τούτους
3063 4021 3182 4092 ὲᾷν,
3208 4020 3354 4077 ἀλλὰ
3402 4025 3494 4078 καὶ
3521 4023 3733 4094 δεξομὲ-

2171 4127 2282 4172 νοις
2307 4108 2377 4163 τὰ
2403 4111 2604 4181 ἔσχατα
2631 4112 2897 4176 ἀπειλεῖν,
2927 4110 3072 4167 οὕτω
3099 4113 3368 4169 δυσκόλου
3407 4116 3726 4187 πειραθέντα

2169 4202 2263 4256 τοῦ
2291 4203 2568 4274 δαίμονος,
2598 4203 2677 4267 ὡς
2706 4203 2782 4275 μὴ
2818 4205 2981 4276 μόνον
3017 4205 3176 4276 ἔργον
3209 4205 3378 4262 αὑτὸν
3417 4206 3732 4277 γεγενῆσθαι

2170 4295 2434 4365 πολέμου,
2470 4298 2566 4351 καὶ
2620 4296 2756 4365 πρὸς
2804 4298 2920 4361 τοῖς
2957 4295 3079 4350 οὖσι
3119 4298 3215 4351 καὶ
3246 4301 3349 4369 τῆς
3380 4299 3519 4353 οἴκοι
3565 4297 3730 4366 ταφῆς

2168 4386 2441 4450 ἐκπεσεῖν,
2477 4386 2613 4459 ἀλλὰ
2643 4392 2739 4441 καὶ
2791 4387 2901 4441 τῶν
2935 4385 3103 4442 αὐτῦ
3153 4389 3381 4454 παίδων,
3413 4392 3510 4445 καὶ
3539 4391 3730 4446 άκοντα

985 4460 1224 4520 instituit
1253 4481 1319 4523 ac
1373 4472 1668 4545 principes.
1708 4479 1841 4546 Quis
1888 4486 2065 4541 nescit

2180 4479 2294 4539 τοὺς
2330 4477 2695 4547 Ἡρακλείδας
2720 4480 3062 4550 καταστῆσαι
3090 4481 3340 4551 κυρίους,
3368 4481 3463 4547 οὓς
3503 4482 3727 4553 πρόσθεν

2166 4566 2240 4627 ὡς
2293 4565 2514 4629 δούλους
2559 4567 2839 4637 ἀπήλαυνε
2864 4581 2882 4600 ⁶
2928 4568 3012 4632 τίς
3055 4569 3157 4623 οὑκ
3205 4566 3317 4626 οῐδε
3343 4573 3456 4625 τῶν
3485 4572 3728 4626 ἁπάντων

2162 4661 2291 4728 diu)
2325 4661 2422 4730 τῆς
2465 4661 2621 4715 Ἰλίου
2645 4662 2976 4734 κατασκαφὴ
3020 4663 3121 4733 τῆς
3162 4664 3515 4736 Ἀλεξάνδρου
3557 4678 3725 4733 παρα-

2164 4753 2365 4822 νομίας
2425 4752 2682 4822 ἐξῆπται,
2709 4755 2966 4818 κάκεῖνος
3009 4754 3336 4821 αἰτιώτατος
3367 4758 3609 4827 ἐγεγόνει
3636 4752 3727 4815 τοῦ,

2160 4846 2257 4897 καὶ
2280 4846 2488 4917 ταύτην
2525 4847 2621 4900 καὶ
2653 4847 2808 4914 γένος
2853 4845 3002 4901 ἅπαν
3035 4851 3132 4901 καὶ
3163 4849 3352 4902 τοῦτον
3383 4850 3548 4904 αὑτὸν
3578 4850 3717 4901 btre-

2159 4938 2380 5007 τρέφθαι
2439 4938 2736 5005 καθάπαξ;
2786 4939 2886 5010 τὴν
2938 4939 2999 4994 δὲ
3044 4942 3523 5013 τούτων’μνήμην
3562 4938 3721 4999 οὕτως

2158 5029 2426 5084 ἀθάνατον
2476 5030 2619 5083 κατά
2653 5031 2859 5089 παντὸς
2910 5032 3136 5087 ἑστάναι
3162 5032 3258 5085 τοῦ
3289 5034 3508 5103 χρόνου,
3535 5030 3606 5093 ὡς
3635 5029 3720 5080 καὶ

2159 5124 2226 5174 τὰ
2257 5120 2483 5174 πλείστα
2512 5120 2608 5175 καὶ
2649 5121 2867 5191 μέγισθ’
2897 5123 3158 5178 ἑκάστοτε
3191 5125 3296 5178 τῶν
3329 5125 3390 5178 ἑν
3425 5121 3716 5192 ἀνθρώπως

2157 5211 2507 5281 ἀδικημάτων
2561 5212 2811 5266 ἐντεῦθεν
2867 5214 3013 5283 ἔχειν
3067 5214 3327 5278 ἀκούειν,
3366 5214 3463 5268 καὶ
3531 5211 3715 5265 Ἰλιάδα

2155 5300 2341 5353 κακῶν
2376 5301 2801 5373 προσειρῆσθαν
2833 5304 2907 5367 ὼς
2938 5307 3098 5372 μόνον
3128 5304 3457 5375 ἀποχρῶσαν
3500 5298 3714 5369 ταυτηνὶ

2152 5392 2253 5457 τὴν
2280 5392 2464 5446 εἰκόνα
2493 5396 2632 5464 πρὸς
2666 5394 2893 5460 ἔνδειξιν
2919 5395 3019 5466 τῆς
3053 5394 3259 5449 τούτων
3288 5393 3613 5463 ὑπερϐολῆςο

2226 5482 2311 5553 ιβ’.
2344 5482 2528 5545 Οὕτως
2574 5486 2726 5539 οὐδὲν
2766 5485 3129 5555 ἐξωλέστερον
3172 5486 3444 5559 δήπουθεν
3490 5481 3711 5540 ἀδικίας,

2151 5577 2258 5628 οὐδ’
2291 5576 2320 5627 ὃ
2373 5577 2577 5644 μᾶλλον
2617 5578 2841 5645 φεύγειν
2888 5580 3055 5650 ἐχρῆν
3082 5597 3097 5610 ο
3131 5582 3227 5634 καὶ
3261 5578 3469 5640 πάντας
3518 5574 3709 5644 pii/'75

2152 5669 2278 5729 τοὺς
2312 5670 2525 5732 ἄλλους,
2542 5670 2768 5723 τοσοῦτο
2798 5670 2854 5724 δὲ
2881 5671 3040 5726 πλέον
3062 5672 3193 5747 τούς
3217 5673 3267 5742 γ’
3295 5674 3354 5726 ἐν
3374 5671 3488 5733 τοῖς
3508 5666 3704 5727 ὅπλοεςν

2153 5764 2278 5816 ὅσον
2310 5763 2403 5816 καὶ
2439 5764 2591 5831 μόνοι
2619 5764 2718 5832 τὴν
2750 5764 2970 5819 πάντων
2991 5764 3082 5820 τὸν
3107 5767 3234 5837 περὶ
3261 5764 3438 5834 ψυχῆς
3462 5759 3706 5813 ἑκάστοτε
