4018 6420
303 351 405 413 ΞΠ

1262 343 1545 402 ORATIO
1591 342 1683 402 DE
1725 340 2226 401 SUBDITUiiUM
2274 340 2622 400 OFFICHS.

3457 333 3561 400 518

302 472 537 531 θέοντες,
567 467 656 517 καὶ
695 463 802 517 τῶν
828 462 921 516 τοῦ
947 463 1061 534 βίου
1090 462 1243 530 σφίσι
1275 460 1619 530 πραγμάτων
1652 460 1747 511 ἐπὶ
1779 458 1868 522 ξυ-

1995 455 2145 511 tendi
2180 464 2311 510 sunt
2338 472 2407 511 ne
2434 457 2541 509 vim
2581 454 2704 510 aliis
2727 456 2980 522 inferant,
3012 458 3104 511 sed
3138 471 3167 509 a
3202 454 3343 509 ινξειί
3386 455 3571 507 avari~

305 561 398 633 ροῦ
447 555 827 622 καθεστώτων,
871 557 1118 625 ἀνάγκην
1164 555 1374 624 ἴσχουσι
1409 552 1497 606 διὰ
1542 552 1715 604 ταῦτα
1773 550 1872 617 μά·

300 654 459 708 λιστα
498 652 717 705 πάντων
744 648 875 717 περὶ
915 647 1163 708 πλείονος
1199 644 1494 707 ποιεῖσθαι,
1530 642 1733 710 μηδένα
1757 640 1875 710 βιά-

302 746 490 811 ζεσθαι
527 743 663 811 μηδὲ
693 741 974 804 διασείειν,
1009 738 1084 800 ὡς
1131 737 1309 805 λόγος,
1340 735 1477 790 ἀλλά
1516 734 1616 803 τῆς
1657 731 1874 786 κάκιστ’

302 837 685 905 ἀπολουμένης
717 832 1055 895 πλεονεξίας,
1079 828 1176 883 καὶ⁴
1220 827 1315 881 τού
1362 828 1474 889 τοῖς
1504 822 1875 891 ταλαιπώροις

302 929 560 999 ἀγρόταις
587 928 901 993 ἐπιχειρεῖν,
933 919 1234 989 ἀπέχεσθαι
1272 917 1370 988 μὲν
1423 914 1736 969 παντάπασι
1781 912 1876 963 καὶ

307 1023 482 1091 μισεῖν
517 1018 668 1087 ὁμῶς
700 1016 854 1069 ἀΐδαο
884 1013 1137 1083 πύλῃσιν,
1172 1008 1392 1078 ἔχεσθαι
1426 1006 1484 1059 δὲ
1527 1001 1875 1071 δικαιοσύνης

305 1116 397 1165 καὶ
437 1114 548 1173 τοῖς
600 1105 748 1162 οὖσιν
780 1104 1103 1177 ἀρκεῖσθαι·
1143 1101 1467 1172 θαυμαστήν
1515 1114 1638 1150 τινα
1669 1095 1874 1162 ταύτην

305 1206 380 1274 τῷ
407 1204 545 1256 ’δντι
594 1199 895 1252 πανοπλίαν
939 1193 1272 1264 νομίζοντες,
1300 1193 1395 1246 καὶ
1431 1190 1612 1257 πάσης
1655 1189 1873 1258 ἡστινο-

308 1296 433 1349 σοῦν
481 1295 646 1361 ἀλλης
693 1288 1142 1358 λυσιτελεστέραν
1188 1302 1248 1338 τε
1299 1283 1395 1337 καὶ
1439 1279 1873 1345 καλλίω’.εἱ’περ

306 1382 465 1441 αὗται
530 1387 630 1455 μὲν
680 1381 1030 1446 δικαιοσύνης
1087 1378 1357 1445 ἀπούσης,
1402 1372 1673 1443 σφαλερὸν
1733 1369 1877 1422 κατά

308 1480 580 1549 Σοφοκλέα
615 1472 762 1546 ρὖα
796 1473 1053 1526 πέλονται
1077 1486 1091 1501 ⁸
1126 1471 1157 1538 ἡ
1189 1470 1245 1521 δὲ
1293 1466 1387 1521 καὶ
1427 1464 1632 1518 τούτων
1684 1462 1875 1531 χωρὶς,

309 1576 402 1627 an
438 1569 685 1636 θεοφιλὴς
716 1563 871 1630 οὖσα,
911 1564 1007 1616 καὶ
1035 1562 1128 1615 τοῦ
1164 1560 1363 1621 παντὸς
1391 1556 1537 1625 αὐτῷ
1565 1555 1876 1625 τιμωμένη,

308 1667 396 1718 οἵ).
436 1664 481 1716 τ’
518 1663 636 1714 ἐστὶ
675 1660 798 1721 τοὺς
846 1657 1162 1727 χρωμένους
1188 1655 1281 1707 καὶ
1333 1653 1399 1704 ἐκ
1437 1651 1605 1719 amp”;
1635 1648 1700 1701 ἂν
1734 1646 1881 1701 αἰθο-

313 1759 514 1825 μένοιο,
566 1752 660 1805 καὶ
722 1752 843 1802 ὅτου
898 1765 981 1810 τις
1032 1746 1097 1800 ἂν
1154 1747 1227 1815 φῇ
1285 1740 1608 1812 δυσχεροῦς,
1632 1738 1876 1809 εὐχερῶς

310 1845 655 1915 ἀφαρπάζειν
684 1858 697 1871 ο
728 1843 800 1893 όπ

309 1941 435 2002 λούς
482 1956 539 1989 τε
589 1936 783 1996 ἄλλους
819 1932 1017 1993 καλοὺς
1051 1928 1325 1998 κάγαθούς
1349 1944 1364 1959 ο
1412 1926 1505 1979 καὶ
1532 1925 1595 1993 δὴ
1627 1924 1719 1977 καὶ
1755 1924 1881 1983 τοὺς

312 2034 610 2099 ἀπογόνους
639 2030 736 2099 μὲν
774 2027 1018 2091 Ἐζεκίου
1052 2024 1138 2076 διὰ
1179 2023 1237 2073 δὲ
1270 2019 1491 2090 τρόπων
1529 2014 1881 2082 δικαιοσύνης

313 2124 724 2194 εἰσποιηθέντας
771 2119 923 2188 Θεῷο
954 2118 1043 2170 τὸν
1080 2115 1178 2184 μὲν
1208 2116 1461 2175 λεόντων,
1493 2112 1618 2171 τοὺς
1650 2109 1693 2159 δ’
1720 2107 1877 2173 ἐξάν-

311 2232 421 2278 τεις
444 2210 641 2282 φλογὸς
676 2210 972 2278 γεγονότας
996 2222 1009 2237 ⁶
1042 2206 1137 2259 καὶ
1156 2202 1412 2255 τοσοῦτον
1445 2198 1539 2253 ὑπ’
1584 2195 1883 2265 Ἀσσυρίων

312 2308 407 2359 καὶ
434 2304 529 2357 τοῦ
560 2303 710 2370 σφῶν
744 2301 1003 2371 ἄρχοντος
1056 2294 1493 2364 θαυμασθέντας,
1516 2290 1589 2353 ὡς
1621 2290 1749 2350 τοὺς
1783 2286 1887 2356 μὲν

312 2400 409 2468 τὴν
468 2394 647 2450 αὐτῶν
698 2393 913 2446 ἃπασαν
961 2389 1145 2460 χώραν
1196 2387 1550 2456 δημαγωγεῖν
1590 2380 1881 2453 ἠξιῶσθαι,

314 2492 407 2543 καὶ
454 2487 722 2557 ζηλωτοὺς
771 2484 861 2537 διὰ
911 2483 1128 2535 πάντων
1162 2478 1365 2532 ἅπασιν
1398 2472 1575 2528 εἶναι·
1609 2473 1700 2526 τὸν
1732 2472 1776 2523 δ’
1827 2472 1885 2522 ὲν

318 2583 539 2651 ἀῖόροις
570 2578 803 2645 πόριμον
833 2572 1094 2643 Δανίηλον
1135 2571 1228 2624 τὸν
1265 2567 1499 2638 χρηστὸν
1532 2566 1624 2619 καὶ
1674 2566 1753 2625 είς
1785 2580 1889 2615 πα-

318 2676 451 2740 τέρα
476 2672 551 2739 τῷ
591 2670 803 2739 βασιλεῖ
833 2664 1192 2733 καταστῆναι.
1231 2659 1419 2722 Οὕτως
1471 2653 1553 2722 οἷς
1589 2657 1693 2722 ἔξω
1720 2655 1885 2725 φόϐου

320 2765 409 2816 τον
451 2762 558 2815 τῶν
591 2761 729 2813 ὅλων
777 2757 911 2809 Θεὸν
948 2754 1174 2815 δικαίως
1211 2752 1379 2821 τιμᾷν
1417 2747 1590 2820 ᾤοντο
1629 2748 1760 2812 δεῖν,
1792 2747 1888 2798 καὶ

321 2853 431 2910 τοῖς
466 2848 643 2907 ἀλλοις
696 2842 1009 2914 κηρύττειν,
1044 2838 1369 2909 μισηθέντες
1415 2836 1637 2897 ἀδίκως,
1662 2827 1743 2897 οἷς
1787 2831 1889 2900 τῆς

320 2944 510 2994 τούτου
566 2936 822 3009 προνοίας
872 2933 1095 2995 δικαίως
1133 2931 1471 2994 ἀπέλαυσαν,
1499 2927 1561 2980 οὐ
1608 2927 1773 2997 μόνον
1810 2926 1892 2979 δι-

322 3034 482 3094 mia;
519 3034 611 3084 καὶ
662 3030 759 3096 τῆς
810 3030 939 3097 παρ’
982 3025 1163 3078 αὐτῶν
1194 3022 1381 3092 ἔτυχον
1405 3020 1611 3091 ψήφου,
1644 3015 1889 3089 μεῖζονῆ

321 3123 440 3176 κατ’
467 3120 750 3190 ἄνθρωπον
791 3115 1135 3187 νομισθέντες
1165 3113 1259 3167 καὶ
1288 3109 1611 3179 τιμηθέντες
1644 3106 1790 3169 είκὸς
1822 3104 1890 3157 τὰ
1918 3147 1963 3205 C

320 3213 639 3283 γιγνόμενα,
671 3210 807 3263 ἀλλά
862 3210 955 3261 καὶ
1002 3203 1094 3258 τοῦ
1125 3204 1195 3256 τά
1221 3202 1408 3256 δίκαια
1452 3201 1644 3263 ποιεῖν,
1677 3198 1891 3266 καιροῖς

321 3306 523 3372 ὁμοίοις
553 3301 742 3373 ὥσπερ
768 3318 849 3361 τις
880 3297 1269 3367 οὐρανομήκης
1301 3291 1470 3361 στήλη
1515 3288 1891 3348 καταστάντες

322 3396 400 3465 τῷ
431 3394 561 3465 βίῳο
594 3389 726 3447 εἷεν.
762 3393 826 3446 Et
879 3390 1055 3442 τοίνυν
1100 3385 1417 3447 ἀδικοῦντες
1454 3381 1573 3452 μὲν,
1605 3374 1651 3434 ὧ
1678 3379 1890 3448 ἄνδρες,

323 3491 404 3543 δεῖ
429 3488 534 3559 γὰρ
561 3490 655 3542 καὶ
679 3485 844 3539 πάλιν
875 3484 1010 3554 πρὸς
1041 3481 1187 3551 ὑμᾶς
1230 3478 1427 3548 τρέψαι
1468 3477 1560 3528 τὸν
1590 3473 1768 3541 λόγον,
1800 3486 1891 3523 το-

330 3582 551 3645 σούτους
612 3581 702 3633 καὶ
762 3575 1117 3648 τηλικούτους
1151 3569 1408 3637 ὲνέξεσθ’,
1444 3566 1481 3621 ἃ
1525 3566 1581 3619 δὲ
1627 3564 1894 3634 προσήκει

329 3673 627 3737 ποιοῦντες,
690 3670 771 3722 ὅτι
827 3666 1097 3719 πλείστων
1155 3660 1394 3713 ἐπαίνων
1448 3653 1728 3721 τεύξεσθε,
1799 3649 1893 3703 τοῦ

333 3764 632 3833 κρείττονος
662 3757 906 3827 γένεσθε,
939 3754 1033 3808 τοῦ
1073 3750 1419 3805 πλεονεκτεῖν
1452 3744 1787 3805 ἀποστάντες
1812 3757 1829 3773 °
1859 3739 1892 3810 ἢ

334 3857 408 3925 μὴ
436 3854 594 3924 μόνον
627 3852 841 3913 ἀδικίας
870 3847 1006 3917 πρὸς
1036 3846 1163 3907 τοὺς
1184 3841 1443 3905 οἰκείους,
1471 3838 1609 3891 ἀλλά
1640 3834 1737 3888 καὶ
1766 3847 1901 3905 προ-

330 3952 510 4012 δοσίας
540 3948 723 4002 αὐτῶν
767 3945 904 4016 πρὸς
937 3942 1063 4004 τοὺς
1106 3936 1384 3999 ἐναντίους
1424 3933 1659 4004 ἑτοίμως
1693 3928 1898 4016 ἀλιῦσε-

333 4039 456 4090 οθε·
490 4036 669 4102 δόξετε
701 4013 826 4102 γὰρ’
865 4025 947 4092 οἷς
1001 4026 1071 4081 τά
1122 4023 1330 4079 τούτων
1380 4021 1551 4092 ἡδέως
1597 4013 1897 4088 ἀρπάζετε,

337 4130 456 4199 μηδ’
502 4128 569 4180 ἂν
612 4123 791 4177 αὐτῶν
832 4118 1092 4188 ὶθελῆσαι
1141 4113 1460 4188 φείσασθαι,
1496 4112 1632 4165 ἀλλά
1662 4109 1901 4171 καὶτοῖς

335 4220 546 4290 ἐχθροῖς
584 4217 649 4270 ἂν
682 4214 914 4283 ἑτοίμως
956 4208 1260 4282 χρημάτων
1296 4207 1483 4261 εἵνεκα
1510 4204 1734 4265 τούτους
1764 4217 1895 4271 προ-

335 4312 508 4365 ἐσθαι.
546 4309 606 4361 '0
634 4307 743 4376 γὰρ
788 4305 897 4358 τῶν
932 4300 1144 4373 μικρῶν
1173 4301 1270 4355 καὶ
1316 4297 1539 4367 φαύλων
1582 4291 1756 4354 οὕτως
1804 4291 1873 4359 ήτ

336 4406 576 4471 τώμενος
631 4396 811 4467 πολλῷ
847 4395 1049 4465 μᾶλλον
1076 4392 1143 4446 ἂν
1173 4387 1320 4444 τοῦτ’
1340 4391 1400 4442 ἐν
1428 4388 1539 4449 τοῖς
1565 4382 1901 4453 ὑπερέχουσι

338 4494 534 4545 πάθον
564 4487 715 4544 ταῦτ’
771 4485 858 4556 ἀρ’
916 4484 966 4538 εί
999 4483 1121 4537 καθ’
1164 4480 1312 4551 ὑμᾶς
1364 4476 1561 4541 αὐτοὺς
1609 4472 1901 4537 λογιεῖσθε,
1934 4486 1981 4542 ι)

338 4586 430 4639 καὶ
462 4585 545 4637 ὃτι
582 4582 642 4636 τὸ
688 4580 814 4642 τοὺς
849 4577 1044 4639 ἀλλους
1081 4574 1287 4629 ἀδικεῖν
1346 4568 1542 4625 ἑαυτὸν
1584 4569 1644 4620 ὲν
1669 4566 1781 4627 τοῖς
1815 4578 1911 4634 με-

338 4679 546 4745 γίστοις
588 4673 685 4727 καὶ
738 4669 1121 4741 καιριωτάτοις
1160 4666 1311 4719 ἐστὶν
1367 4664 1596 4728 ἀδικεῖν,
1644 4656 1910 4727 ἀφέξεσθε

345 4773 441 4840 μὲν
470 4766 528 4820 εὖ
562 4762 662 4820 οἶδ’
695 4764 778 4818 ὅτι
829 4760 1067 4829 ταυτησὶ
1099 4757 1197 4828 τῆς
1228 4754 1428 4827 μανίας
1467 4753 1563 4807 καλ⁸
1595 4749 1692 4803 τοῦ
1725 4747 1914 4810 κακῶς

343 4862 483 4929 ὑμᾶς
517 4857 713 4920 αὐτοὺς
740 4857 799 4908 ὲν
819 4852 895 4923 τῷ
927 4852 1053 4914 τοὺς
1088 4849 1279 4912 ἄλλους
1306 4848 1481 4901 ποιεῖν
1506 4861 1520 4876 ⁶
1544 4845 1822 4914 ’ἀσκήσετε
1854 4841 1914 4894 δὲ

342 4950 709 5020 δικαιοσύνην,
752 4948 846 5002 καὶ
884 4946 946 4999 τὸ
1001 4942 1237 5015 μετρίως
1290 4942 1385 4995 καὶ
1433 4938 1693 4998 ἐπιεικῶς
1740 4935 1910 4989 ἅπασι

344 5044 578 5116 χρῆσθαι
604 5059 616 5073 ·
649 5043 706 5093 ἐν
742 5039 918 5108 τούτῳ
972 5038 1084 5105 γάρ
1117 5038 1232 5086 ἐστι
1264 5033 1357 5087 καὶ
1386 5032 1445 5084 τὸ
1469 5029 1757 5098 τυγχάνειν
1786 5026 1916 5079 ὲσά-

348 5156 454 5189 παν
486 5134 884 5204 συναιρομένου
914 5129 1050 5184 Θεοῦ
1071 5145 1085 5159 ’
1117 5128 1179 5182 οὐ
1212 5127 1387 5178 τοίνυν
1416 5125 1542 5185 τοὺς
1576 5121 1673 5190 μὲν
1697 5120 1785 5171 ἐπὶ
1808 5120 1916 5170 τῶν

349 5229 526 5282 ὃπλων
549 5227 723 5288 οὕτως
754 5224 900 5294 ἒχειν
943 5222 1039 5277 καὶ
1071 5221 1244 5290 ταύτῃ
1274 5217 1479 5272 κελεύω
1496 5217 1608 5277 τοῖς
1625 5213 1917 5284 πράγμασι

350 5320 603 5391 χρῆσθαμ

427 5420 497 5481 ιγ’
544 5410 935 5481 Ἀγορανόμοις
960 5408 1016 5463 δὲ
1046 5410 1142 5461 καὶ
1184 5404 1513 5473 ἀστυνόμοις
1552 5402 1646 5455 καὶ
1674 5402 1789 5463 τοῖς
1823 5399 1919 5453 ἀλ-

353 5506 459 5566 λως
487 5503 593 5556 τῶν
620 5503 830 5556 πόλεων
858 5502 1164 5572 ἁρμοσταῖς
1208 5495 1405 5551 πολλοῦ
1454 5495 1565 5548 δέω
1603 5492 1672 5547 τὰ
1714 5491 1921 5547 τοιαῦτ’

355 5595 735 5664 εἰσηγεῖσθαιο
785 5593 921 5649 ἀλλά
968 5595 1063 5647 καὶ
1094 5592 1306 5652 τούτοις
1360 5588 1516 5642 οὐδὲν
1567 5582 1731 5658 ἦττον
1775 5586 1920 5655 φημί

352 5689 463 5741 δεῖν
494 5688 603 5741 τῶν
630 5687 888 5741 τοιούτων
912 5703 925 5718 ·
954 5686 1048 5740 καὶ
1082 5684 1228 5753 μάλα
1256 5681 1306 5750 γ’
1337 5680 1592 5742 εἰκότως·
1638 5679 1768 5731 ὅταν
1812 5681 1921 5749 γὰρ

354 5781 482 5851 περὶ
525 5782 793 5835 τοσούτων
845 5783 937 5834 καὶ
969 5776 1302 5848 τηλικούτων
1351 5777 1447 5842 τὴν
1482 5772 1716 5843 σπουδὴν
1755 5774 1915 5824 x70:-

1982 568 2053 620 tia
2096 580 2152 620 et
2185 567 2240 620 in
2282 567 2513 621 miseros
2542 567 2866 622 crudelitate
2904 568 3062 637 longe
3098 567 3293 622 remoti
3324 568 3439 620 [nec
3470 566 3554 619 vis

1980 682 2055 737 tia
2090 690 2150 736 ut
2176 680 2482 736 inferorum
2539 690 2726 751 portas
2752 691 3081 736 aversentur
3115 689 3170 736 et
3196 681 3465 751 justitiam
3498 690 3554 733 et

1977 808 2187 863 aequam
2217 803 2455 849 mentem
2487 802 2835 859 conservent,
2885 809 2995 863 quo
3021 793 3155 846 nihil
3189 792 3556 861 praestantius,

1979 907 2119 963 nihil
2171 884 2489 977 pulchrius;
2517 922 2665 972 nam,
2707 905 3012 962 secundum
3064 905 3421 975 δοριιοριοιιι,
3462 905 3573 956 vita

1978 1018 2097 1074 sine
2123 1018 2338 1089 justitia
2373 1017 2554 1089 gravis
2578 1015 2762 1072 evadit
2784 1025 3033 1081 torrens;
3061 1017 3175 1085 ipsa
3216 1026 3400 1071 autem
3435 1017 3559 1070 sine

1980 1126 2341 1182 auxiliaribus
2370 1136 2424 1181 et
2449 1126 2558 1180 Deo
2589 1134 2740 1197 grata
2760 1126 2938 1196 justos
2970 1142 3036 1179 ex
3080 1089 3200 1196 igne
3232 1125 3572 1180 inﬂammato

1992 1250 2051 1295 et
2085 1256 2115 1295 e
2146 1239 2374 1294 summis
2403 1238 2669 1309 angustiis
2700 1240 2914 1308 eripere
2950 1248 3147 1308 potest,
3176 1238 3227 1292 id
3282 1238 3430 1308 quod
3465 1253 3567 1293 nos

1985 1356 2087 1426 ipsi
2115 1353 2458 1423 experientia
2502 1351 2686 1406 edocti
2748 1350 2954 1406 scimus
3021 1349 3088 1403 de
3135 1350 3440 1404 Ezechielis
3472 1350 3558 1404 di-

1977 1470 2225 1541 scipulis,
2251 1471 2343 1540 qui
2369 1483 2578 1523 morum
2599 1467 2905 1537 integritate
2929 1464 3021 1519 Dei
3044 1463 3339 1518 amicitiam
3364 1462 3545 1531 adepti

1983 1595 2389 1654 sunt,quorum
2424 1598 2567 1637 unus
2605 1599 2633 1635 a
2683 1582 2957 1645 leonibus,
3021 1579 3205 1634 caeleri
3254 1594 3284 1633 e
3326 1577 3559 1636 ﬂammis

1982 1698 2169 1769 erepti
2197 1696 2337 1751 adeo
2375 1697 2442 1749 ab
2469 1695 2711 1765 Assyriis
2741 1695 2797 1747 in
2825 1694 3189 1748 admiratione
3210 1692 3385 1746 habiti
3407 1699 3560 1756 sunt,

802 1840 945 1901 οίους
972 1838 1034 1907 δή
1066 1854 1217 1895 τινας
1258 1834 1498 1895 suam;
1533 1832 1715 1901 ἴσμεν,
1750 1829 1875 1880 πολ-

1995 1824 2042 1869 ιι
2081 1814 2250 1869 totius
2278 1812 2431 1882 regni
2464 1808 2995 1864 administrationem
3032 1808 3100 1862 iis
3124 1807 3565 1868 committerent,

1990 1920 2273 1976 Danielem
2314 1933 2447 1974 vero
2475 1920 2683 1989 justum
2721 1926 2779 1970 ut
2801 1925 3007 1985 patrem
3044 1916 3158 1983 regi
3208 1914 3568 1968 commenda-

1985 2047 2133 2093 rent.
2173 2036 2285 2092 llac
2312 2037 2523 2090 ratione
2551 2033 2643 2104 qui
2664 2033 2834 2087 Deum
2861 2030 3107 2085 omnium
3137 2039 3441 2084 creatorem
3474 2044 3568 2081 ve-

1982 2149 2169 2235 nerari
2195 2157 2250 2204 et
2276 2147 2488 2205 caeteris
2514 2145 2810 2217 praedicare
2843 2142 3142 2210 audebant,
3184 2158 3331 2197 nunc
3365 2142 3568 2211 injuste

1984 2266 2114 2321 odio
2148 2263 2319 2319 habiti
2354 2269 2505 2327 sunt,
2528 2275 2677 2316 nunc
2703 2260 2914 2314 honore
2944 2258 3068 2328 plus
3104 2273 3264 2328 quam
3319 2257 3564 2311 humano

1990 2381 2142 2451 digni
2166 2378 2337 2433 habiti
2375 2385 2429 2432 et
2464 2375 2622 2446 quasi
2652 2375 2709 2429 in
2746 2375 3000 2429 columna
3059 2372 3324 2426 altissima
3376 2372 3565 2441 positi.

1990 2490 2143 2547 ESto.
2179 2489 2235 2543 Si
2268 2489 2435 2559 igitur
2493 2486 2721 2557 (iterum
2754 2484 2904 2539 enim
2943 2482 3009 2535 ad
3059 2497 3156 2537 vos
3205 2497 3388 2536 sermo
3439 2481 3576 2535 diri-

1990 2602 2223 2674 gendus)
2268 2602 2471 2672 injuste
2504 2599 2715 2668 agendo
2747 2606 2826 2651 tot
2855 2597 3108 2650 homines
3132 2593 3389 2655 offendis.
3416 2593 3568 2663 juste

1990 2726 2172 2768 autem
2228 2711 2485 2767 faciendo
2528 2711 2759 2765 summis
2791 2706 3447 2770 laudibusexaltaberis,
3479 2705 3562 2760 sic

2004 2824 2246 2879 aVaritiae
2277 2822 2660 2877 renuntiantes
2707 2820 2967 2873 meliores
2993 2818 3172 2882 fletis;
3205 2816 3290 2871 sin
3356 2814 3565 2878 minus,

1994 2956 2105 2995 nnn
2146 2939 2309 2993 modo
2338 2937 2617 3009 injustitia:
2651 2950 2775 3004 erga
2801 2932 3154 2993 domesticos,
3183 2929 3279 2984 sed
3313 2927 3575 2985 traditio-

2001 3057 2089 3110 nis
2121 3052 2549 3108 convincemini.
2581 3049 2637 3104 Si
2670 3048 2817 3102 enim
2851 3047 3047 3100 horum
3079 3059 3169 3098 res
3199 3043 3409 3097 lubenti
3457 3032 3579 3094 ani-

2000 3186 2089 3225 mo
2121 3167 2467 3229 subtrahitis,
2495 3164 2744 3219 hostibus
2773 3177 3016 3233 quoque,
3050 3160 3282 3230 pecunia
3303 3158 3453 3223 data,
3482 3171 3579 3211 eos

1993 3276 2327 3333 immolaturi
2360 3272 2645 3328 videmini.
2675 3270 2777 3337 Qui
2807 3270 2955 3323 enim
2994 3273 3049 3321 in
3095 3266 3277 3336 parvis
3331 3262 3575 3318 inlidelis

1994 3399 2099 3457 est,
2129 3391 2182 3443 in
2205 3386 2416 3455 magnis
2448 3384 2618 3455 magis
2642 3383 2749 3438 erit
2772 3381 3040 3452 perﬁdus.
3068 3378 3192 3433 llzec
3216 3380 3259 3432 si
3298 3379 3352 3431 in
3393 3385 3577 3431 mente

1994 3500 2215 3556 volvitis
2236 3507 2292 3553 et
2316 3496 2570 3565 cogitatis
2591 3495 2735 3563 quod
2765 3493 2905 3546 alios
2929 3491 3151 3554 laedere,
3176 3488 3457 3543 oll‘endere
3484 3501 3570 3541 est

1995 3615 2236 3683 seipsum
2275 3652 2291 3677 ,
2351 3610 2421 3665 ab
2479 3609 2581 3662 hac
2638 3606 2912 3661 dementia
2976 3615 3130 3659 certo
3179 3604 3384 3658 certius
3436 3611 3493 3656 et
3545 3618 3575 3654 a

1996 3735 2180 3782 mente
2211 3724 2335 3779 aliis
2386 3722 2527 3776 male
2557 3719 2812 3781 faciendi,
2844 3734 2954 3789 qua
2979 3734 3038 3772 re
3072 3717 3224 3770 vobis
3252 3716 3383 3785 ipsis
3413 3731 3577 3769 noce—

1997 3837 2452 3904 tis.abstinehitis
2475 3852 2491 3902 ;
2517 3850 2549 3890 e
2574 3840 2763 3888 contra
2783 3832 3054 3901 justitiam
3076 3829 3403 3884 exercebitis
3432 3838 3489 3882 et
3521 3830 3574 3882 in

1999 3951 2260 4010 omnibus
2326 3948 2498 4004 rebus
2543 3945 2979 4002 moderationem
3030 3942 3388 3998 adhibebitis.
3455 3941 3574 3994 liae

1999 4068 2147 4125 enim
2179 4063 2500 4121 conditione
2522 4062 2696 4117 Deum
2733 4074 2954 4131 quoque
2988 4074 3207 4126 semper
3241 4068 3575 4128 cooperato-

2004 4193 2126 4235 rem
2161 4176 2416 4233 habebis.
2440 4173 2606 4231 Vides
2633 4188 2745 4245 quo
2776 4172 2941 4229 modo
2962 4173 3131 4229 armis
3160 4173 3235 4229 uti
3280 4181 3335 4228 et
3361 4173 3579 4244 negotia

2003 4304 2333 4363 componere
2368 4298 2419 4345 te
2437 4288 2630 4360 jubeo.

2022 5256 2056 5289 ‘3

2092 5420 2181 5474 l5.
2213 5418 2486 5474 IEdilibus
2531 5426 2717 5474 autem
2782 5417 3105 5484 ceterisque
3170 5416 3396 5471 urbanis
3427 5414 3600 5485 magi—

2019 5533 2283 5588 stratibus
2308 5541 2575 5603 praecepta
2590 5533 2720 5588 dare
2754 5547 2782 5586 a
2817 5546 2902 5586 me
2931 5532 3103 5585 absit!
3138 5532 3265 5585 licet
3294 5530 3443 5583 circa
3470 5529 3603 5581 has»-

2021 5660 2085 5700 ce
2109 5662 2196 5701 res
2218 5646 2472 5715 inprimis
2497 5647 2747 5702 instructi
2766 5661 2885 5702 esse
2910 5645 3165 5700 debeant.
3192 5643 3422 5709 Quando
3446 5644 3600 5696 enim

2024 5757 2294 5827 ejusmodi
2333 5759 2501 5813 rebus
2528 5773 2749 5833 operam
2780 5767 2981 5813 navant
3014 5757 3286 5820 civitates,
3332 5753 3450 5808 ﬁcri
3483 5767 3595 5809 non
