4018 6416
465 314 571 379 519
1678 310 2078 371 THEODULI
2122 311 2471 371 MONACHI
3588 310 3680 371 5520

462 438 663 501 potest,
701 428 835 498 quin
898 428 1079 498 legum
1119 428 1471 483 ferendarum
1555 428 1726 499 gratia
1787 436 2048 482 strenuos

2165 428 2412 491 ςτῶνται,
2448 428 2543 479 καὶ
2580 424 2709 494 παρ’
2739 422 2923 486 αὐτοῖς
2951 421 3159 486 τούτοις
3189 416 3246 475 εὗ
3285 438 3340 475 τε
3373 424 3462 476 καὶ
3488 421 3556 486 ὡς
3583 424 3686 476 ἑτέ-

468 542 821 611 magistratus
849 539 955 595 sibi
980 539 1299 609 praeficiam,
1333 555 1569 609 quorum
1604 539 1713 594 vita
1743 554 1808 594 ac
1859 552 2043 594 mores

2165 538 2255 582 ›ως
2281 517 2665 572 κινδυνεύωσιν
2695 514 2866 584 ἴσχειν
2899 516 2955 568 ai
2993 511 3177 575 πόλεις
3223 513 3318 566 καὶ
3346 514 3411 565 τὰ
3462 513 3564 566 τῶν
3599 518 3675 566 πά

465 652 676 706 exteris
709 665 810 720 pro
866 650 1118 719 exemplo
1156 664 1278 706 esse
1332 660 1583 720 possunt,
1633 649 1811 720 plebis
1859 659 2043 705 autem

466 762 605 817 adeo
626 763 888 826 cultores,
912 770 970 815 ut
994 776 1157 815 nemo
1185 760 1525 831 plebeiorum
1550 760 1812 832 injuriam
1863 760 2037 830 patia-

468 886 581 928 tur.
617 872 820 929 Omnes
850 883 1034 929 autem
1066 876 1134 931 iis
1161 874 1622 945 obtemperabunt
1655 873 1749 927 uhi
1774 871 2033 933 viderint,

469 996 674 1057 quanta
710 987 788 1042 illi
844 986 1123 1057 diligentia
1189 988 1479 1042 utilitatem
1524 985 1802 1056 publicam
1853 990 2048 1038 curant

468 1113 533 1153 ac
565 1098 764 1151 damna
790 1113 822 1153 a
858 1099 1090 1168 singulis
1128 1106 1406 1164 avertunt,
1439 1112 1503 1152 ac
1533 1110 1729 1167 parum
1761 1094 1846 1150 sui
1885 1107 2048 1148 com-

469 1209 618 1263 modi
650 1223 927 1264 memores
966 1208 1106 1264 bene
1140 1216 1345 1264 norunt
1372 1223 1432 1263 se
1463 1222 1561 1277 pro
1590 1208 1767 1262 salute
1822 1204 2031 1260 civium

471 1321 751 1374 institutos
768 1334 911 1375 esse.
931 1319 1117 1390 Longe
1140 1320 1288 1375 enim
1312 1318 1420 1373 alia
1447 1324 1533 1371 est
1558 1331 1695 1371 cura
1716 1314 1796 1370 rei
1820 1312 2052 1368 familia-

472 1433 551 1487 ris
579 1441 633 1486 et
666 1432 744 1487 rei
774 1432 1031 1501 publicae,
1050 1433 1194 1487 sicut
1212 1432 1267 1485 in
1288 1431 1485 1501 vulgus
1505 1439 1697 1483 notum
1724 1436 1830 1484 est.
1870 1426 2050 1480 Minus

474 1546 623 1600 enim
647 1546 714 1601 de
746 1545 862 1600 suis
895 1545 1063 1613 rebus
1088 1559 1252 1614 quam
1300 1542 1369 1598 de
1397 1541 1631 1612 publicis
1657 1540 1880 1596 solliciti
1907 1555 2028 1595 esse

483 1669 765 1730 poterunt,
808 1673 1040 1730 quarum
1075 1658 1213 1714 ratio
1238 1656 1538 1727 aliquando
1569 1656 1846 1711 reddenda
1866 1656 2044 1709 venit.

481 1774 657 1844 Igitur
686 1788 792 1827 non
822 1773 1083 1840 molliter,
1112 1785 1223 1826 non
1245 1770 1560 1824 iudolenter
1589 1767 1911 1839 precedent,
1947 1767 2043 1829 sed
2080 1764 2124 1824 B

486 1889 557 1940 ita
589 1897 648 1941 ut
678 1903 893 1941 summo
914 1885 1099 1942 studio
1125 1896 1223 1941 aut
1250 1885 1307 1940 in
1336 1883 1549 1955 agendo
1567 1892 1663 1937 aut
1685 1883 1739 1937 in
1773 1883 2053 1953 loquendo

484 2010 737 2065 utantur,
766 2013 868 2053 nec
892 2012 1131 2067 unquam
1163 2011 1227 2051 ea
1252 1994 1526 2065 negligant
1556 1993 1703 2064 quod
1723 1991 1792 2048 ad
1827 2009 2053 2064 rempu-

482 2115 680 2169 blicam
738 2122 986 2182 spectat;
1037 2110 1093 2165 id
1143 2111 1295 2182 quod,
1322 2110 1623 2181 Ctesiphon
1675 2108 2058 2165 Demosthenis

485 2228 685 2285 honori
716 2227 1022 2297 imputavit,
1052 2226 1284 2281 dicens:
1317 2244 1334 2275 ι
1367 2223 1610 2294 Populus
1643 2223 2057 2278 Demosthenem

487 2355 694 2398 corona
716 2353 880 2394 aurea
906 2338 1125 2392 redimit
1143 2337 1212 2392 ob
1236 2336 1493 2391 virtutem
1512 2342 1569 2390 et
1598 2349 1923 2406 generosum
1942 2334 2060 2388 ani-

486 2471 633 2509 mum
665 2470 826 2526 quem
849 2469 974 2509 cum
988 2452 1192 2509 Grmcis
1223 2453 1498 2517 omnibus,
1527 2460 1647 2505 tum
1711 2447 2061 2504 Atheniensi-

487 2571 587 2624 bus
619 2554 991 2624 manifestav’it
1012 2566 1269 2622 maxime.
1308 2583 1328 2617 ι
1373 2562 1497 2619 ιίιιξο
1542 2577 1668 2618 cum
1700 2562 1775 2617 ita
1803 2561 1934 2623 sint.
1960 2575 2061 2613 nos

485 2686 580 2752 qui
609 2692 805 2738 natura
837 2682 1087 2755 homines
1116 2695 1330 2743 sumus,
1360 2694 1553 2735 eorum
1593 2694 1715 2749 qua:
1739 2691 1839 2747 per
1869 2675 2057 2730 forum

485 2797 997 2864 circumvehuntur,
1037 2794 1188 2868 large
1246 2796 1539 2867 participes
1576 2809 1701 2850 esse
1751 2804 2056 2860 meremur,

487 2928 599 2968 non
631 2909 1073 2967 tabernariorum
1099 2916 1463 2964 mercaturam
1493 2906 1755 2963 facientes
1802 2904 2063 2961 illibera-

491 3028 628 3090 lem,
670 3034 727 3078 et
756 3024 901 3077 unde
918 3035 1021 3077 nec
1044 3019 1295 3077 venditor
1310 3035 1414 3077 nec
1442 3029 1657 3092 emptor
1685 3018 1917 3089 proficit.
1948 3018 2065 3074 Non

489 3139 641 3193 enim
678 3136 734 3191 id
763 3134 945 3206 agitur
971 3143 1030 3190 ut
1054 3133 1345 3191 commoda
1393 3143 1451 3189 et
1477 3134 1747 3190 utilitates
1775 3133 2061 3197 accedant.
2090 3132 2134 3190 (Ξ

490 3251 588 3307 sed
619 3250 798 3305 omnis
827 3248 1096 3322 iniustitia
1142 3240 1372 3321 iustitiae
1412 3258 1468 3302 et
1494 3246 1677 3318 legum
1708 3247 2066 3302 observantiae

422 3381 426 3387 ·
491 3363 673 3418 cedet.
726 3360 858 3429 Quae
916 3371 978 3416 ut
1033 3362 1355 3431 contingant
1402 3359 1724 3415 inomuium
1784 3364 1926 3415 votis
1950 3369 2060 3416 est.

492 3472 628 3538 Quis
655 3471 803 3528 enim
833 3473 1011 3528 nescit
1043 3471 1225 3544 quod.
1255 3472 1300 3529 si
1330 3473 1566 3543 pepulus
1603 3473 1975 3528 moderatione
2012 3478 2069 3524 et

491 3586 763 3657 sapientia
807 3594 865 3641 et
902 3586 1173 3643 modestia
1232 3587 1425 3650 utitur,
1467 3586 1661 3657 majori
1704 3586 2068 3641 aestimatione

486 3699 693 3770 dignus
736 3674 1122 3755 censeturiet
1147 3697 1294 3769 quod
1350 3713 1380 3753 e
1430 3708 1619 3753 contra
1666 3698 1709 3752 si
1741 3698 2066 3753 seditiosum

492 3825 615 3866 sese
643 3820 700 3866 et
721 3812 877 3883 justo
915 3809 1274 3867 audaciorem
1302 3818 1359 3865 et
1382 3810 1593 3879 legibus
1648 3808 2057 3863 inobedienlcm

494 3921 812 3991 praebuerit,
847 3921 1172 3992 paenitentia
1201 3935 1428 3991 pravum
1461 3921 1555 3989 qui
1586 3919 1770 3975 fuerat
1796 3958 1810 3983 ,
1837 3919 1892 3974 in
1923 3918 2066 3988 frugi

496 4034 775 4089 hominem
836 4031 1274 4097 transformahit,
1312 4030 1459 4086 sicut
1511 4045 1691 4100 equus
1730 4029 1916 4100 pullus
1971 4044 2069 4100 per

494 4144 787 4201 domitoris
802 4160 1021 4202 manum
1039 4160 1107 4201 ex
1124 4142 1317 4200 recalci
1326 4152 1504 4199 trante
1520 4152 1576 4221 et
1590 4142 1783 4198 eﬂ'reni
1800 4158 2067 4213 perquam

494 4258 691 4314 docilis
718 4258 893 4314 evasit
920 4267 977 4314 et
1002 4271 1228 4313 currum
1263 4256 1509 4322 trahere,
1544 4256 1662 4327 ,ἱυεί
1693 4257 1910 4326 patiens
1940 4272 2066 4313 esse

496 4370 730 4427 didicit?
752 4372 1020 4439 Quocirca
1042 4371 1166 4427 illos
1195 4371 1397 4441 probos
1426 4379 1484 4426 et
1517 4370 1764 4426 moribus
1817 4371 2068 4441 egregios

2142 613 2280 664 λεων
2313 610 2639 681 πράγματα.
2680 608 2785 676 χρὴ
2812 607 3033 669 τούτους
3061 606 3275 674 πρῶτον
3306 606 3401 672 μἐν
3431 606 3689 670 τοιοῦτους

2144 686 2207 772 δή
2252 720 2404 765 τινας
2425 700 2557 772 ,καθ’
2601 701 2799 762 αὐτοὺς
2847 695 2985 751 εἶναι
3017 700 3111 751 καὶ
3146 696 3329 765 νόμων
3356 696 3536 750 εἵνεκα
3562 698 3692 765 λέγω

2146 796 2240 848 καὶ
2291 794 2589 857 πολιτείας,
2623 794 2715 847 καὶ
2762 793 3031 861 πράσσειν
3065 790 3100 844 ἂ
3129 791 3230 854 δεῖ,
3263 788 3338 852 ὥς
3371 789 3547 859 πολλῷ
3593 808 3692 844 τινι

2147 884 2406 954 προῦχειν
2440 887 2547 937 τῶν
2587 885 2783 947 ἄλλων,
2821 884 2915 936 καὶ
2951 883 3067 951 βίου
3128 883 3401 949 σώφρονος
3436 876 3569 933 εἶναι
3605 899 3697 934 πα-

2150 978 2414 1047 ράδειγμα
2436 994 2449 1007 ο
2480 976 2654 1028 ἔπειθ’
2682 975 2823 1028 οὕτω
2847 977 3054 1043 σφόδρα
3081 973 3431 1041 δημοτικοὺς,
3453 974 3541 1026 καὶ
3566 975 3699 1037 ὅπως

2149 1070 2469 1137 ἀδικήσεται
2523 1070 2620 1136 μὲν
2679 1067 2868 1136 μηδεὶς
2896 1066 3003 1118 τῶν
3032 1066 3127 1118 τοῦ
3181 1066 3378 1134 δήμου.
3417 1064 3485 1117 Εὖ
3513 1065 3564 1118 δὲ
3595 1067 3703 1118 πεί-

2152 1178 2336 1214 σον-ται
2366 1162 2564 1221 πάντες
2608 1160 2696 1213 διὰ
2741 1159 2958 1213 πάντων
2991 1157 3350 1224 σκοποῦντας,
3382 1159 3474 1210 καὶ
3498 1158 3701 1222 τῶνιείς

2149 1251 2307 1304 τοῦτο
2340 1251 2615 1319 φερόντων
2675 1249 2903 1319 μηδενὸς
2940 1248 3315 1318 φειδομένους,
3346 1249 3467 1319 μηδ’
3501 1248 3564 1302 ἂν
3603 1250 3698 1303 αὐ-

2150 1345 2260 1403 τοῖς
2288 1342 2535 1395 ἐντεῦθεν
2569 1342 2844 1412 συμϐαίνῃ
2874 1341 3230 1410 βλάπτεσθαι,
3263 1340 3340 1402 ὡς
3388 1340 3562 1394 κοινὸν
3584 1339 3703 1407 ὄφε-

2151 1435 2240 1496 λος
2274 1437 2435 1488 πᾶσιν
2464 1435 2558 1488 καὶ
2590 1433 2807 1487 ἀκούειν
2843 1437 2936 1488 καὶ⁵
2984 1432 3123 1487 εἶναι
3144 1450 3159 1465 ·
3192 1435 3300 1486 τῶν
3340 1434 3436 1503 μὲν
3474 1435 3575 1502 ἰδία
3620 1434 3707 1488 καὶ
3736 1434 3745 1439 ’

2151 1526 2290 1578 κατὰ
2338 1527 2477 1593 σφᾶς
2514 1524 2718 1595 βραχύν
2775 1542 2894 1577 τινα
2943 1526 3099 1592 λόγον
3124 1540 3139 1557 ο
3174 1525 3202 1577 ὃ
3237 1525 3292 1577 δὲ
3332 1528 3484 1594 κοινῇ
3539 1527 3709 1595 μέλλει

2154 1614 2445 1671 συνοίσειν.
2481 1616 2659 1667 πᾶσαν
2684 1614 2871 1668 τούτου
2901 1615 3028 1685 πέρι
3058 1616 3297 1684 σπουδὴν
3334 1617 3707 1684 ποιουμένους,

2154 1706 2362 1766 εἰδότας
2407 1700 2481 1758 ὧν
2528 1705 2712 1759 εἵνεκα
2756 1706 3126 1776 προῦστησαν.
3166 1709 3240 1760 Οὐ
3294 1708 3403 1776 γὰρ
3436 1708 3712 1770 ἔστιν,οὐκ

2154 1794 2268 1847 ἐστι
2304 1795 2394 1847 τὸν
2444 1794 2603 1848 αὐτὸν
2634 1796 2834 1866 τρόπον
2882 1798 3019 1866 ὑπέρ
3051 1815 3107 1849 τε
3145 1798 3251 1849 τῶν
3299 1797 3496 1850 κανῶν
3523 1798 3615 1850 καὶ
3642 1789 3712 1850 ὧν

2154 1888 2317 1951 αὐτός
2349 1905 2430 1952 τις
2456 1887 2686 1953 ἕκαστος
2710 1888 2843 1959 ἔχει,
2874 1890 3202 1957 φροντίζειν,
3232 1889 3340 1943 οὐδ’
3370 1890 3534 1958 ini;
3555 1906 3569 1923 '
3603 1866 3709 1945 ἀλλ’

2157 1981 2298 2049 ὑπὲρ
2335 1980 2433 2050 μὲν
2465 1981 2670 2035 τούτων
2697 1982 2846 2044 ὅπως
2893 1983 2958 2035 ἂν
2994 1984 3178 2045 αὐτοῖς
3222 1984 3351 2054 δόξῃ
3398 1982 3711 2050 φροντίζειν.

2158 2071 2335 2124 ἴσασιν
2365 2071 2603 2133 ἅπαντες
2624 2086 2641 2102 ’
2672 2072 2811 2142 ὑπὲρ
2842 2072 2899 2125 δὲ
2930 2074 3037 2125 τῶν
3070 2073 3342 2141 δημοσίων
3391 2075 3487 2143 οὐχ
3521 2074 3715 2135 οὕτως·

2157 2165 2292 2218 ἀλλὰ
2331 2163 2677 2234 φροντίζουσι
2739 2164 2838 2234 μὲν
2889 2166 3067 2219 αὐτῶν
3100 2166 3155 2232 ἐξ
3199 2166 3455 2238 ἀνάγκης
3488 2168 3608 2220 ὅταν
3635 2166 3718 2220 λά-

2159 2275 2337 2327 χωσι,
2374 2257 2719 2326 φροντίζουσι
2803 2258 2859 2311 δὲ
2924 2258 3000 2321 ὼς
3057 2258 3348 2328 ὑφέξοντες
3407 2260 3603 2326 λόγον*
3650 2259 3717 2322 ὡς

2160 2351 2409 2417 ἀνάγκην
2465 2348 2715 2403 ἐντεῦθεν
2763 2349 2908 2419 ἔχειν
2956 2350 3029 2420 μὴ
3077 2351 3377 2422 παρέργως
3412 2352 3533 2422 μηδ’
3565 2352 3716 2422 ἐρρᾳ-

2161 2440 2569 2509 στωνευμένως,
2604 2441 2724 2510 μηδ’
2753 2442 2827 2506 ὡς
2858 2441 3014 2513 ἔτυχε
3050 2446 3160 2506 τοῖς
3204 2445 3527 2515 πράγμασιν
3551 2447 3717 2514 ἐγχειο

2164 2538 2314 2605 μεῖν’
2370 2534 2504 2586 ἀλλὰ
2562 2534 2682 2601 μεθ’
2734 2535 2863 2602 ὅσης
2910 2537 2975 2590 ἄν
3006 2553 3090 2599 τις
3141 2538 3213 2605 φῇ
3245 2537 3347 2605 τῆς
3380 2537 3629 2605 σπουδῆς,
3659 2536 3719 2589 τὰ

2164 2626 2416 2695 βέλτιστα
2442 2626 2521 2695 τῷ
2546 2625 2702 2695 δήμῳ
2731 2626 2824 2679 καὶ
2854 2626 3032 2694 λέγειν
3077 2628 3173 2680 καὶ
3201 2628 3466 2696 πράττειν
3505 2628 3598 2680 καὶ
3628 2643 3721 2697 μη-

2162 2717 2251 2771 δὲν
2303 2718 2609 2788 προθυμίας
2662 2719 2931 2771 ἐλλείπειν
2971 2718 3112 2789 ὑπὲρ
3139 2718 3234 2772 τοῦ
3282 2722 3443 2790 κοινῇ
3476 2720 3718 2788 γιγνομέ·

2164 2825 2296 2863 νου⁸
2328 2810 2356 2863 δ
2406 2811 2501 2864 καὶ
2554 2811 2635 2880 τῷ
2694 2812 2947 2865 Παιανιεῖ
2992 2810 3331 2881 Δημοσθένει
3384 2811 3670 2882 Κτησιφῶν
3699 2811 3724 2863 6

2166 2902 2512 2966 Λεωσθένους
2537 2906 2596 2956 εν
2625 2902 2702 2973 τῷ
2735 2904 2863 2972 περὶ
2913 2903 3010 2957 τοῦ
3042 2904 3310 2972 στεφάνου
3359 2902 3724 2976 προσεμαρτὺ-

2169 3012 2252 3066 ρει
2275 2994 2780 3075 ψηφίσματικὶέγων
2807 2996 2890 3049 ὅτι
2922 3014 2941 3047 ι
2973 2996 3233 3064 Στεφανοί
3263 2996 3441 3067 δῆμος
3464 2994 3724 3066 Δημοσθέ-

2168 3104 2266 3157 νην
2302 3088 2675 3157 Δημοσθένους
2709 3087 2973 3142 Παιανιέα
3004 3087 3195 3159 χρυσῷ
3237 3090 3493 3160 στεφάνῳ
3539 3087 3724 3156 ἀρετῆς

2169 3179 2358 3232 εἵνεκα
2415 3180 2508 3232 καὶ
2559 3179 2797 3245 εὐνοίας,
2824 3174 2893 3252 ἧς
2936 3179 3077 3250 ἔχων
3115 3178 3470 3243 διατελεῖέἴς
3515 3198 3573 3233 τε
3611 3179 3726 3239 τούς

2171 3271 2433 3341 Ἕλληνας
2462 3270 2711 3334 ἅπαντας
2742 3272 2837 3325 καὶ
2888 3273 2981 3326 τὸν
3009 3271 3181 3342 δῆμον
3213 3273 3321 3326 τῶν
3373 3273 3681 3344 Ἀθηναίων.
3704 3289 3722 3322 ι

2171 3361 2442 3415 Τοιούτων
2490 3362 2548 3416 δι
2592 3362 2802 3416 τούτων
2831 3363 3002 3417 ὄντων
3037 3364 3131 3417 καὶ
3175 3366 3315 3417 οὕτω
3365 3364 3725 3434 διακειμένων,

2169 3455 2268 3507 ὅσα
2318 3455 2414 3522 μὲν
2442 3455 2520 3518 εις
2555 3455 2761 3526 ἀγορὰν
2794 3456 2920 3526 ἥκει
2973 3458 3067 3511 καὶ
3106 3456 3168 3511 τὸ
3214 3459 3441 3511 πάντων
3478 3452 3556 3521 οἷς
3584 3456 3664 3524 ἐφ’
3688 3447 3727 3522 ᾧ

2171 3550 2443 3616 πτριεῖναι
2480 3548 2581 3600 καὶ
2628 3548 2747 3617 ζῇν,
2788 3549 3026 3619 χρῆσθαι
3066 3548 3401 3617 πεφύκαμεν
3442 3550 3725 3617 ἄνθρωποι,

2174 3637 2420 3709 μετέχειν
2473 3638 2619 3708 ἔχειν
2656 3640 2925 3707 ἀφθόνως,
2974 3642 3069 3694 καὶ
3098 3642 3470 3705 παντοδαποῖς
3506 3639 3729 3695 τουτοισὶ

2172 3732 2554 3803 περιρρεῖσθαι
2578 3748 2592 3762 ο
2626 3733 2719 3785 καὶ
2759 3734 2898 3802 μήτε
2932 3732 3248 3803 καπηλείας·
3261 3734 3525 3796 ἀτόπους,
3551 3732 3641 3785 καὶ
3673 3730 3731 3789 ἃς

2170 3830 2273 3877 οὐκ
2329 3824 2502 3888 ἔξεστ’
2562 3827 2819 3889 ἐπινοεῖν,
2861 3824 2990 3895 μήθ’
3039 3826 3165 3879 ὅθεν
3211 3828 3324 3886 τοῖς
3377 3826 3735 3893 ταλαιπώροις

2176 3916 2329 3968 ἐσται
2379 3917 2626 3979 πολίταις
2665 3917 2840 3985 ζημία
2873 3917 2966 3970 καὶ
3017 3915 3233 3987 βλάϐος,
3269 3920 3389 3981 τοῖς
3411 3918 3455 3970 δ’
3477 3917 3574 3986 οὐχ
3618 3915 3734 3967 ὅσον

2177 4008 2440 4076 καπήλοις
2467 4009 2590 4062 οὐδὲ
2622 4008 3058 4080 παλιγκαπὴλοις
3076 4012 3092 4040 ⁴
3130 4009 3270 4061 ἀλλὰ
3296 4009 3463 4062 τοῦτο
3492 4006 3735 4067 πολλάκις

2174 4096 2242 4149 δι’
2278 4092 2352 4150 ὢν
2412 4098 2747 4168 πράττουσιν
2793 4094 2965 4166 οὖσιν,
2992 4099 3230 4169 εὐπορία
3260 4098 3358 4151 καὶ
3409 4098 3614 4167 κέρδος.
3644 4093 3733 4148 καὶ

2177 4188 2474 4260 ξυηήὸδην
2514 4192 2712 4253 εἰπεῖν,
2741 4192 2923 4245 πᾶσαν
2966 4192 3066 4259 μὲν
3095 4192 3322 4244 ἀδικίαν
3350 4192 3555 4244 τούτων
3586 4187 3731 4240 ἀπεῖ-

2172 4294 2281 4345 ναι,
2310 4279 2568 4347 εὐνομίαν
2618 4281 2678 4335 δὲ
2719 4283 2815 4334 καὶ
2844 4280 3198 4351 δικαιοσύνην
3227 4282 3367 4349 μετὰ
3417 4278 3610 4333 πολλοῦ
3641 4272 3729 4327 τοῦ

2173 4373 2457 4443 περιόντος
2486 4372 2576 4427 διὰ
2607 4374 2827 4428 πάντων
2875 4376 3155 4443 προσεῖναι
3182 4389 3198 4408 ο
3231 4375 3414 4426 πάντα
3446 4370 3540 4426 οὖν
3577 4368 3735 4423 ταῦτα

495 4484 612 4539 fleri
637 4485 853 4555 expedit
885 4495 941 4541 et
963 4494 1187 4557 propter
1217 4485 1431 4554 seipsos
1472 4491 1530 4538 et
1577 4492 1906 4539 cancrorum
1943 4497 2063 4552 gra-

2172 4465 2250 4527 ὡς
2276 4464 2541 4518 κάλλιστα
2580 4465 2723 4530 ἕξειν
2760 4468 2854 4519 καὶ
2890 4466 3033 4520 πάνυ
3066 4480 3151 4519 τοι
3193 4466 3316 4518 κατ’
3346 4466 3534 4536 εὐχήν.
3585 4460 3736 4513 Ἀλλὰ

501 4599 576 4651 tia
609 4598 811 4668 quibus
832 4606 1096 4668 praesunt,
1128 4605 1186 4653 et
1210 4612 1447 4667 quorum
1491 4597 1722 4652 interest
1760 4604 1822 4649 ut
1877 4605 2071 4663 praeto-

496 4726 587 4766 rcs
622 4710 817 4783 integri
857 4710 988 4766 sint.
1017 4710 1126 4767 Sed
1157 4721 1313 4767 certo
1341 4727 1450 4766 non
1489 4726 1553 4766 ea
1586 4719 1800 4766 tantum
1826 4726 1886 4764 re
1936 4710 2073 4765 civi-

496 4835 634 4879 tates
691 4823 997 4879 subsistunt
1027 4832 1195 4896 atque
1224 4832 1570 4894 prosperant,
1610 4838 1838 4894 quarum
1861 4823 2074 4877 securi.

496 4947 576 4992 tas
606 4937 661 4991 in
683 4936 949 4992 intuentium
974 4937 1176 4991 robore
1207 4939 1461 4993 consistit
1485 4952 1596 4992 non
1621 4937 1805 4992 minus
1828 4953 1991 5008 quam
2020 4938 2077 4992 in

497 5055 909 5125 magistratuum
957 5051 1266 5122 prudentia,
1302 5067 1387 5105 me
1419 5051 1640 5121 quidem
1695 5051 1920 5123 judice;
1984 5051 2077 5105 cui

502 5170 761 5240 equidem
797 5166 979 5223 cilicio
1025 5165 1272 5234 singulos
1296 5167 1611 5221 satisfacere
1653 5166 1916 5228 arbitror,
1950 5182 2074 5219 cum

498 5284 875 5354 unusquisque
933 5280 1277 5346 aadificando,
1320 5280 1695 5336 construendo
1766 5280 2074 5346 machinas,

492 5380 673 5452 omnis
699 5400 916 5467 generis
938 5395 1215 5451 exercitiis
1249 5394 1302 5455 id
1352 5395 1613 5457 efficiunt
1649 5403 1709 5449 ut
1734 5396 2073 5451 obsidionem

491 5514 612 5565 sine
636 5524 833 5580 magno
885 5511 1071 5566 labore
1095 5509 1282 5564 subire
1308 5509 1508 5573 valeat,
1545 5507 1676 5562 dum
1712 5509 1802 5563 civ
1824 5496 1939 5563 ium
1992 5523 2083 5576 ag-

491 5638 618 5680 men
650 5622 787 5679 bene
819 5633 1087 5681 armatum
1127 5624 1294 5680 animi
1320 5625 1557 5695 vigorem
1597 5639 1877 5679 armorum
1944 5624 2070 5677 usui

495 5752 771 5807 nunquam
794 5756 899 5798 non
922 5741 1127 5815 adjicit.
1151 5738 1411 5805 Quandiu'
1432 5738 1577 5795 enim
1601 5736 1797 5807 Sparta
1816 5737 1933 5793 sine
1956 5754 2076 5793 mu-

2175 4554 2260 4616 τίς
2298 4553 2398 4606 οὐκ
2457 4550 2618 4616 οἶδεν,
2651 4555 2726 4617 ὼς
2786 4556 2882 4608 ἐάν
2932 4557 3073 4608 τε·ὁ
3117 4556 3288 4625 δῆμος
3340 4558 3560 4625 μέτριος
3651 4548 3736 4603 καὶ

2176 4644 2425 4714 ἐπιεικὴς
2453 4645 2546 4698 καὶ
2582 4650 2879 4714 σωφρονεῖν
2904 4647 3290 4715 ἐπιστάμενος,
3320 4645 3501 4715 πολλῷ
3530 4642 3737 4714 βελτίων

2173 4736 2424 4788 ἐντεῦθεν
2475 4737 2628 4788 ἔσται
2689 4739 2783 4789 καὶ
2834 4738 3205 4808 δοκιμώτερος
3245 4738 3481 4809 χρῆσθαι
3498 4756 3513 4802 ;
3564 4735 3655 4787 ἐάν
3682 4747 3737 4783 τε

2175 4828 2506 4893 τούναντίον,
2538 4831 2843 4901 στασιώδης
2862 4847 2945 4894 τις
2986 4831 3079 4884 καὶ
3113 4829 3386 4901 τολμηρὸς
3430 4830 3521 4882 καὶ
3547 4822 3736 4896 θρασὺς

2170 4920 2273 4973 ικαὶ
2302 4922 2488 4990 νόμοις
2520 4923 2619 4974 οὐκ
2649 4924 2833 4985 εἴκων,
2868 4923 3201 4991 παλινῳδίαν
3229 4922 3424 4993 ᾄσεται
3453 4920 3549 4974 καὶ
3581 4933 3737 4987 μετα-

2177 5011 2336 5064 6αὶεί
2373 5015 2465 5066 καὶ
2494 5013 2691 5066 θᾶττον
2720 5014 2875 5068 ἔσται
2902 5016 3143 5085 χρηστὸς
3175 5017 3296 5068 ἀντὶ
3331 5015 3569 5080 πονηροῦ
3596 5029 3610 5074 ;
3645 5023 3739 5060 κα-

2180 5102 2356 5172 θάπερ
2394 5120 2478 5164 τις
2514 5103 2692 5166 πῶλος
2748 5105 3008 5175 ὑϐριστὴς
3044 5107 3138 5158 καὶ
3185 5104 3568 5164 δυσκάθεκτος.
3617 5099 3737 5151 θαυ·

2184 5192 2395 5261 μαστοῦ
2439 5210 2583 5257 τινος
2638 5196 2992 5265 πωλοδάμνου
3036 5197 3235 5267 τυχὼν,
3264 5192 3323 5249 εὖ
3373 5193 3497 5263 μάλ’
3550 5190 3738 5245 εὶδῧτος

2182 5286 2335 5353 ἆρμα
2382 5282 2649 5359 ἐλαύνειν,
2694 5289 2789 5340 καὶ
2840 5286 3017 5341 δεινοῦ
3069 5292 3137 5341 τὰ
3188 5287 3415 5341 τοιαῦτα
3444 5300 3458 5313 ·
3492 5282 3627 5335 ὥστε
3654 5276 3739 5330 καὶ

2184 5374 2302 5428 κατ’
2335 5375 2467 5429 αὐτὸ
2493 5378 2654 5430 τοῦτο
2700 5378 2973 5447 χρηστοὺς
3012 5378 3207 5440 αὐτοὺς
3239 5374 3381 5430 εἶναι
3420 5374 3499 5427 δεῖ
3529 5368 3737 5424 καὶτοῖς

2181 5467 2324 5524 ὅλοις
2381 5467 2689 5537 βελτίστους
2742 5469 2839 5522 καὶ
2890 5469 3041 5537 σφῶν
3090 5469 3255 5523 εἵνεκ’
3312 5467 3513 5524 αὐτῶν,
3545 5460 3633 5515 καὶ
3671 5449 3739 5507 ὧν

2182 5557 2356 5625 δήπου
2385 5560 2744 5627 προΐστανται
2769 5578 2785 5593 ·
2823 5561 2893 5614 τὰ
2923 5562 3031 5632 γὰρ
3072 5564 3296 5615 ἐκείνων
3333 5558 3492 5612 ὁποίἆ
3538 5549 3652 5607 ποτ’
3677 5548 3738 5600 ἂν

2183 5646 2239 5720 ᾖ,
2270 5650 2349 5711 είς
2376 5650 2599 5713 τούτους
2624 5652 2839 5721 μάλιστ’
2862 5654 3075 5723 ἀνήκει.
3108 5656 3229 5706 Ἔτι
3251 5652 3425 5705 τοίνυν
3458 5646 3735 5705 ἐπειδήπερ

2185 5740 2283 5791 οὐκ
2307 5740 2556 5794 ἐντεῦθεν
2590 5742 2751 5811 μόνον
2788 5742 2850 5796 εὖ
2872 5745 3217 5799 συνίστανται
3245 5743 3456 5805 πόλεις,
3478 5736 3583 5791 οὐδ’
3610 5726 3742 5786 αὐτὰ
