4018 6472
279 405 377 471 εει

1191 388 1622 464 οιιΑτΙσυΕ
1664 395 2179 464 SUBDITORUM
2223 394 2576 456 OFFlClIS.

3461 391 3566 454 5-22

277 521 450 573 ταῦτα.
492 519 625 590 πρὸς
659 520 969 592 εὐπραγῖαν
999 517 1242 590 ἀπόχρη,
1281 516 1396 572 ἀλλ’
1443 518 1605 588 εἴπερ
1630 533 1724 569 του
1751 513 1864 568 τῶν

1979 509 2046 568 ris
2075 519 2217 576 erat,
2245 509 2554 565 incolarum
2588 502 2856 575 fortitudo
2905 504 3167 563 erunibus
3224 521 3324 563 eos
3369 505 3566 565 forum-

274 611 492 666 πάντων
555 614 648 665 καὶ
704 611 799 665 τοῦ
861 629 923 680 γε
978 617 1176 681 τειχῶν
1223 609 1283 663 εὖ
1319 608 1487 680 ἔχειν,
1517 607 1613 662 καὶ
1653 606 1857 677 σφόδρα

275 705 533 776 ἀσφαλῶς
564 705 712 776 ἔχειν
741 706 930 760 πόλεσι
962 705 1200 774 μάλιστα
1221 704 1304 758 δεῖ
1327 719 1342 734 ο
1381 703 1524 774 μετὰ
1555 701 1613 755 δὲ
1655 700 1864 762 παντὸς

281 799 481 869 μᾶλλον
510 798 606 867 τῆς
635 798 892 867 τοιαύτης
923 796 1178 870 προνοίας
1205 800 1476 851 τουτοισὶν
1507 797 1583 859 ὡς
1614 794 1861 867 προστά-

275 909 415 956 ταις,
451 892 546 943 xui.
579 889 724 944 τοῦτ’
767 890 833 944 ἂν
873 891 1060 954 αὐτοῖς
1094 890 1295 959 ἄριστα
1337 887 1432 942 καὶ
1475 887 1615 959 μετὰ
1659 889 1862 952 παντὸς

275 985 366 1037 τοῦ
420 983 746 1054 γιγνομένου
794 983 1001 1052 νομίζω
1051 981 1392 1054 πεπρᾶχθαι,
1452 980 1550 1035 ἐὰν
1600 981 1862 1036 ἑκάστοτε

275 1067 427 1130 ταῦθ
487 1077 637 1138 ὅπως
681 1073 797 1145 ἔχει
851 1075 1163 1144 περιιόντες
1217 1076 1490 1140 σκοπῶσι,
1544 1073 1640 1128 xal.
1689 1072 1863 1144 μηδὲν

277 1168 416 1236 ὑπὲρ
456 1167 666 1220 τούτων
710 1165 907 1220 ἀνιῶσι
961 1166 1223 1237 σπουδῆς,
1265 1165 1705 1237 οἰκοδομοῦντες,
1737 1166 1862 1219 ὲπιι

279 1260 656 1325 σκευάζοντες,
690 1259 849 1314 πάντ’
882 1260 1216 1332 ἀσκούμενοι
1251 1260 1478 1333 τρόπον,
1510 1259 1600 1328 ἐφ’
1631 1252 1675 1328 ᾧ
1701 1254 1861 1312 ταῦθ’

275 1356 346 1417 ὼς
403 1353 868 1425 ἐρρωμενέστατα
935 1356 1030 1408 καὶ
1086 1353 1478 1423 στεγανώτατα
1537 1352 1634 1407 καὶ⁵
1681 1355 1863 1422 ἀσφα-

275 1449 529 1515 λέστατα,
557 1448 652 1500 καὶ
686 1449 874 1501 πᾶσαν
913 1447 981 1501 ἂν
1027 1447 1270 1518 εὐχερῶς
1313 1447 1612 1516 ἐνεγκόντα
1640 1447 1865 1518 πολιορ-

275 1541 398 1592 κίαν
429 1539 736 1607 είργάσθαι,
787 1538 882 1591 καὶ
907 1537 1046 1600 Elui;
1080 1539 1269 1608 ἄμαχα
1303 1540 1420 1602 τοῖς
1457 1539 1760 1608 πολεμίοις,
1785 1537 1862 1608 τῷ

274 1649 334 1684 τε
381 1631 554 1702 ταύτῃ
604 1630 1093 1699 παρασκευάσθαι,
1127 1633 1222 1684 καὶ
1271 1627 1497 1701 προσ-ἔθ’
1539 1629 1730 1693 ὅπλοις
1785 1631 1865 1693 ώς

276 1727 549 1788 πλείστοις
582 1725 917 1797 πεφράχθαι,
945 1725 1024 1795 τῷ
1053 1742 1112 1778 τε
1163 1725 1389 1788 πολίτας
1442 1725 1620 1796 ίσχειν
1655 1724 1862 1796 φρονήδ-

280 1836 447 1886 ματος
469 1819 744 1887 γέμοντας
769 1819 864 1872 καὶ
898 1819 1240 1889 μελετῶντας
1269 1819 1338 1872 τὰ
1365 1817 1604 1871 τακτικά
1624 1833 1636 1847 °
1654 1817 1862 1888 ταύτης

281 1877 378 1980 μὲν
539 1877 797 1981 βοηθείας
839 1877 1112 1980 ἀπούσης,
1152 1877 1361 1982 μιαρὰν
1409 1905 1580 1964 οὖσαν
1615 1877 1862 1976 ἐκείνην,
1899 1877 1951 1942 Β

281 2003 559 2074 παρούσης
618 2004 802 2074 μέντοι
849 2008 946 2057 καὶ
995 2007 1138 2057 πάνυ
1201 2005 1507 2072 μεγίστηνο
1562 2002 1700 2056 ὅπου
1753 2002 1868 2072 γὰρ

279 2097 586 2166 ἀτειχίστου
635 2100 734 2168 τῆς
783 2097 1044 2169 Σπάρτης
1096 2095 1287 2168 θύτης,
1335 2095 1397 2148 τὸ
1447 2095 1710 2165 φρόνημα
1755 2093 1868 2150 τῶν

277 2189 629 2244 ἐνοικούντων
686 2191 779 2244 καὶ
832 2193 996 2262 μόνον
1057 2191 1271 2262 ἴσχυσε,
1336 2191 1432 2244 καὶ
1475 2189 1699 2260 φοϐεροὶ
1752 2189 1868 2251 τοῖς

279 2283 483 2336 ἅπασιν
518 2279 687 2355 ἦσαν·
740 2284 816 2348 ὡς
856 2285 996 2354 πρὸς
1046 2287 1170 2348 τοὺς
1219 2285 1516 2354 ἐρομένους
1544 2283 1670 2335 ὅτου
1702 2281 1868 2352 χάριν

281 2372 386 2427 εἷεν
414 2376 730 2446 ἀτείχιστοι,
773 2377 926 2432 ταῦτ’
955 2375 1018 2432 εὖ
1053 2378 1180 2447 μάλ’
1220 2375 1648 2446 ἀποκρίνασθαι,
1681 2373 1732 2428 τί
1757 2373 1865 2446 χρὴ

279 2467 518 2538 νομίζειν
547 2472 752 2540 ἀμφοῖν
787 2473 1098 2536 συνόντοιν;

356 2560 438 2612 ιδ’.
480 2561 588 2612 Καὶ
620 2559 840 2628 μάλισθ’
889 2561 1020 2614 ὅταν
1053 2564 1101 2614 οἱ
1145 2561 1439 2630 φυλάττειν
1485 2559 1743 2630 λαχόντες
1789 2555 1867 2626 μή

278 2653 697 2724 τριωὸολιμαίοι
740 2656 837 2708 καὶ
874 2653 1110 2724 πένητες
1145 2660 1254 2707 ,καὶ
1300 2652 1396 2705 τοῦ
1434 2651 1667 2722 μηδενὸς
1722 2649 1865 2713 ἄξιοι

279 2747 625 2815 τυγχάνωσιν
676 2747 852 2812 ὄντες,
906 2747 1024 2801 ἀλλ’
1066 2744 1167 2801 οἷοι
1220 2748 1317 2802 καὶ
1351 2746 1532 2807 οίκίας
1584 2744 1736 2811 σφῶν
1770 2740 1866 2795 καὶ

278 2839 482 2908 ἁγροίκ
514 2842 572 2892 ὲν
602 2840 758 2894 πόλει
799 2842 895 2893 καὶ
926 2841 1133 2910 τάφους
1165 2841 1457 2911 πατρῴους
1487 2855 1546 2891 τε
1589 2839 1686 2891 καὶ
1712 2853 1867 2890 παπ-

281 2932 490 3002 πῴους,
523 2936 618 2987 καὶ
648 2933 710 2987 τὸ
743 2936 999 3004 μέγιστον
1027 2935 1255 3004 γνώμης
1303 2933 1580 3004 εὐθύτητα
1617 2932 1711 2984 καὶ
1739 2931 1860 2999 τρό-

281 3043 420 3090 πους
448 3028 719 3098 χρηστούς
744 3046 804 3081 τε
846 3031 939 3082 καὶ
967 3030 1276 3098 σώφρονας,
1323 3028 1419 3081 καὶ
1445 3028 1624 3080 πάντα
1652 3025 1722 3079 τὰ
1753 3041 1869 3078 τοι·

278 3120 421 3174 αὔτα
468 3123 782 3178 δεικνύναι·
813 3123 906 3177 τὸν
943 3125 1054 3194 γὰρ
1106 3127 1235 3186 τοὺς
1288 3122 1484 3185 ἄλλους
1531 3121 1625 3174 καὶ
1670 3119 1868 3180 αὐτοὺς

280 3217 375 3269 iul.
399 3218 468 3269 τά
497 3217 676 3271 αὐτῶν
707 3217 852 3271 πάνυ
885 3218 1197 3287 φυλάξοντα
1225 3217 1390 3271 αὐτὸν
1413 3217 1681 3287 πρότερον
1712 3214 1866 3268 ταῦτ’
1894 3245 1938 3304 c

277 3309 424 3379 ἔχειν
459 3309 558 3374 δεῖ,
583 3309 658 3372 ὡς
683 3310 752 3364 ἂν
785 3311 853 3364 δι’
886 3313 1028 3381 άπερ
1069 3311 1233 3374 αὐτὸς
1262 3309 1398 3381 ἔχει,
1427 3313 1524 3364 καὶ
1569 3313 1716 3380 ᾶπερ
1745 3311 1865 3363 ἓτε-

279 3419 368 3472 ροι
399 3404 695 3475 κέκτηνται
732 3405 792 3468 ἐξ
823 3405 1074 3475 ἀνάγκης
1125 3406 1300 3475 δήπου
1332 3403 1547 3474 φυλάξῃ
1578 3421 1592 3436 ⁶
1625 3403 1739 3473 ἔχει
1768 3406 1872 3472 γὰρ

271 3496 451 3560 οὕτως
478 3515 492 3530 ·
527 3502 575 3552 εξ
609 3499 708 3570 μὲν
739 3500 808 3553 τὰ
841 3500 949 3552 τῶν
987 3501 1167 3553 ἄλλων
1199 3499 1520 3568 φυλάξεται,
1562 3499 1655 3551 καὶ
1677 3499 1748 3550 τά
1779 3499 1875 3550 αύ-

272 3591 376 3646 τοῦ
410 3593 628 3656 πάντως
680 3591 1020 3661 φυλάξεται⁸
1073 3596 1122 3647 εἰ
1165 3593 1212 3648 δ’
1255 3594 1500 3656 ἐκείνους
1545 3592 1871 3661 προήσεται,

275 3689 378 3741 καὶ
408 3687 571 3742 αὑτὸν
600 3691 1018 3760 συμπροήσεται
1041 3705 1057 3720 ο
1088 3691 1182 3742 καὶ
1208 3690 1264 3742 τί
1294 3689 1499 3756 μᾶλλον
1546 3691 1661 3750 τοῖς
1687 3688 1872 3750 ἄλλοις

279 3782 534 3837 ἐντεῦθεν
565 3785 598 3857 ἢ
633 3785 784 3856 αὑτῴ
809 3785 1175 3853 λυμανεῖται;
1217 3782 1347 3837 ὥστ’
1376 3783 1425 3836 εί
1455 3783 1553 3852 μὲν
1582 3783 1652 3835 τά
1691 3781 1871 3835 οἰκεῖα

282 3874 482 3938 σώζειν
520 3876 779 3945 αἱρεῖται,
804 3879 900 3929 καὶ
928 3876 998 3929 τὰ
1022 3875 1131 3928 τῶν
1157 3875 1335 3930 ἄλλων
1365 3874 1559 3938 σώζειν
1590 3874 1682 3927 τὸν
1707 3873 1871 3927 αὑτὸν

275 3967 576 4036 αἱρήσεται
603 3967 810 4036 τρόπον
837 3983 851 3998 ο
880 3967 928 4020 εἰ
952 3967 1008 4020 δὲ
1043 3968 1112 4019 τά
1144 3967 1245 4038 μὲν
1275 3965 1428 4035 παρὰ
1464 3965 1671 4036 φαῦλον
1702 3968 1870 4018 ποιεῖ-

273 4077 396 4122 ται,
438 4059 576 4128 μόνα
627 4059 684 4113 δὲ
736 4060 808 4113 τά
857 4062 1037 4114 οἰκεῖα
1093 4061 1290 4127 σώζειν
1347 4062 1523 4115 οίεται
1569 4060 1699 4124 δεῖν,
1750 4059 1872 4112 οὐδὲ

274 4148 433 4201 τοῦθ’
465 4149 606 4211 ὅλως
636 4149 768 4216 ἕξει,
795 4149 986 4219 ἐπειδὴ
1010 4149 1086 4220 μὴ
1119 4150 1214 4202 καὶ
1241 4149 1311 4203 τά
1335 4149 1443 4204 τῶν
1477 4148 1654 4203 ἄλλων
1677 4147 1834 4220 ᾠήθη
1853 4164 1866 4176 ·

272 4239 366 4299 τις
415 4233 510 4290 οὖν
541 4234 703 4291 ἕλοιτ’
731 4237 801 4291 ἂν
858 4233 920 4292 εὖ
957 4239 1196 4309 φρονῶν,
1249 4240 1345 4293 καὶ
1398 4240 1564 4294 αὑτὸν
1603 4241 1697 4293 καὶ
1744 4240 1872 4302 τοὺς

274 4332 476 4395 ἄλλους
512 4329 803 4401 προέσθαι,
845 4331 879 4402 ἢ
933 4331 1063 4394 τούς
1094 4349 1156 4386 τε
1183 4331 1380 4396 ἄλλους
1410 4334 1606 4396 σῶσαι,
1648 4332 1744 4388 καὶ
1768 4333 1871 4387 αὐ-

274 4426 378 4478 τὸν
411 4425 552 4496 μετὰ
575 4424 686 4479 τῶν
714 4425 895 4480 ἄλλων
923 4427 1199 4480 σεσῶσθαι
1225 4444 1241 4494 ;
1279 4427 1343 4481 El
1371 4427 1430 4481 δὲ
1457 4429 1584 4491 τοὺς
1606 4427 1695 4481 διὰ
1735 4428 1873 4481 πάνά

277 4537 393 4574 των
427 4515 503 4573 ὦν
533 4518 670 4588 ἔφην
693 4520 896 4575 οὑτωσὶ
928 4521 1480 4592 συγκεκροτημένως
1523 4505 1891 4590 ἁσφαλεστάέ

1967 627 2180 685 dandos
2203 624 2465 682 reddidit.
2499 623 2645 679 Bene
2672 623 2840 694 igitur
2873 623 2942 679 iis
2982 625 3075 697 qui
3127 626 3566 702 interrogabant,

1966 757 2067 796 cur
2096 742 2177 796 sic
2206 742 2325 797 sine
2367 739 2541 795 muris
2564 749 2770 806 essent,
2827 754 3155 812 responsum
3191 743 3319 810 fuit,
3349 747 3398 804 si
3436 765 3565 806 mu-

1966 856 2045 912 ris
2071 855 2341 912 fortitudo
2362 853 2682 922 adderetur,
2712 869 2780 912 eo
2806 855 2980 928 mag-is
3010 857 3245 916 invictos
3285 860 3411 920 fore
3460 865 3569 924 La-

1965 969 2355 1028 cedazmonios.

2045 2563 2134 2622 Η.
2157 2565 2315 2635 Quod
2346 2565 2570 2638 quidem
2604 2573 2720 2622 tum
2747 2565 3020 2638 praecipue
3058 2566 3170 2636 fiet,
3196 2567 3291 2622 ub.
3339 2566 3434 2638 qui
3470 2580 3568 2618 ur-

1972 2677 2097 2734 bem
2145 2680 2468 2735 custodiunt
2523 2696 2633 2736 non
2659 2697 2727 2737 ex
2778 2683 2980 2740 misera
3037 2697 3339 2756 egenorum
3395 2684 3570 2738 classe

1972 2797 2146 2852 trium
2195 2798 2488 2853 obolorum
2546 2801 2724 2870 pretio
2771 2800 3073 2871 eliguntur,
3123 2802 3219 2858 sed
3268 2801 3571 2865 domicilia,

1974 2924 2142 2977 agros
2166 2917 2224 2964 et
2253 2909 2505 2981 sepulcra
2530 2922 2750 2982 patrum
2780 2923 2838 2968 et
2862 2927 3093 2970 avorum
3117 2914 3374 2986 religiose
3403 2930 3575 2969 vene.

1975 3032 2160 3079 rantes
2191 3025 2437 3097 integros
2461 3041 2586 3082 sese
2632 3035 2689 3081 et
2720 3026 2925 3098 probos
2956 3027 3242 3083 exhibent.
3277 3027 3382 3096 Qui
3419 3030 3569 3083 enim

1973 3139 2203 3195 caeteros
2231 3150 2289 3196 et
2319 3157 2444 3212 quae
2475 3141 2725 3212 ipsorum
2775 3151 2907 3199 sunt
2957 3143 3322 3199 custodiendo
3363 3153 3570 3210 servat,

1974 3258 2129 3327 prius
2168 3257 2284 3328 ipse
2331 3258 2432 3313 ista
2479 3259 2664 3314 omnia
2725 3257 3011 3329 possidere
3064 3259 3265 3327 debet;
3323 3273 3394 3314 en
3441 3274 3579 3330 quo-

1974 3373 2136 3426 modo
2170 3387 2260 3426 res
2317 3388 2377 3427 se
2427 3373 2616 3428 habet.
2671 3373 2917 3430 Simulae
2970 3375 3205 3431 aliorum
3267 3390 3357 3431 res
3393 3386 3573 3440 curat,

1972 3501 2103 3542 suas
2144 3486 2321 3557 ipsius
2347 3489 2556 3557 pariter
2585 3489 2844 3557 curabit;
2879 3489 2925 3544 si
2975 3499 3162 3546 autem
3194 3491 3296 3545 ista
3327 3491 3574 3562 negligit,

1973 3616 2199 3656 suarum
2225 3617 2446 3672 quoque
2481 3617 2665 3658 rerum
2686 3618 2876 3658 curam
2907 3605 3131 3661 habebit
3156 3607 3396 3674 nullam;
3423 3609 3572 3662 unde

1974 3715 2077 3770 sibi
2107 3731 2217 3770 non
2245 3716 2428 3772 minus
2457 3733 2622 3787 quam
2657 3719 2766 3775 illis
2815 3735 3012 3776 noxam
3041 3721 3223 3777 all‘ert.
3265 3721 3400 3777 inde
3438 3738 3574 3777 sane

1981 3846 2178 3887 verum
2206 3839 2295 3887 est
2322 3832 2470 3903 quod
2491 3833 2586 3905 qui
2615 3849 2764 3902 suas,
2795 3836 3029 3892 aliorum
3058 3853 3282 3909 quoque
3329 3855 3418 3895 res
3449 3849 3574 3893 tue-
3602 3897 3608 3904 ς

1977 3945 2148 4001 bitur.
2185 3945 2243 4000 Si
2269 3955 2454 4002 autem
2496 3946 2601 4003 ista
2631 3949 2960 4022 negligendo
2990 3968 3090 4008 sua
3139 3964 3351 4008 tantum
3379 3955 3571 4010 obser-

1977 4069 2092 4127 vat,
2121 4074 2287 4130 quam
2326 4059 2457 4117 inde
2503 4061 2800 4120 utilitatem
2844 4065 3152 4137 percipiet?
3185 4067 3321 4134 Quis
3388 4079 3574 4125 autem

1975 4177 2107 4230 dum
2147 4191 2296 4233 sana:
2327 4178 2532 4235 mentis
2574 4187 2683 4245 est,
2713 4195 2773 4236 se
2820 4190 2877 4236 et
2926 4181 3066 4237 alios
3099 4181 3342 4252 perdere
3383 4184 3571 4239 volet?

1974 4288 2170 4346 Nonne
2200 4305 2314 4352 suae
2335 4298 2392 4348 et
2419 4291 2657 4348 aliorum
2698 4293 2864 4350 saluti
2898 4294 3238 4364 prospiciet?
3292 4293 3352 4350 Si
3377 4306 3566 4352 autem

1978 4403 2081 4460 viri
2112 4404 2187 4460 ita
2240 4413 2301 4459 ut
2355 4403 2469 4460 dixi
2535 4405 2832 4476 compositi
2885 4407 3080 4477 optimi
3134 4406 3231 4464 diu
3292 4419 3574 4480 noctuque

1979 4518 2199 4575 urbium
2243 4518 2506 4577 custodes
2543 4518 2788 4578 habendi
2835 4529 2990 4588 sunt,
3052 4523 3232 4594 major
3283 4525 3478 4593 utique
3516 4525 3575 4580 in

275 4628 412 4673 τους
456 4611 672 4681 νύκτωρ
722 4612 820 4665 καὶ
853 4612 1173 4683 μεθημέραν
1223 4613 1332 4666 τῶν
1365 4613 1577 4667 πόλεων
1622 4611 1871 4681 φύλακας

1981 4635 2048 4690 iis
2081 4632 2220 4690 fides
2239 4632 2496 4705 ponenda
2523 4633 2632 4691 erit
2669 4649 2834 4707 quam
2853 4636 2910 4692 in
2941 4635 3264 4695 fortissimis
3293 4638 3576 4696 menibus

278 4705 394 4778 Χρὴ
431 4707 697 4775 νομίζειν,
737 4705 836 4760 καὶ
869 4706 1055 4777 μόνοις
1083 4706 1300 4772 τούτοις
1344 4709 1446 4780 οὐχ
1483 4708 1609 4762 ὅσον
1645 4708 1714 4762 τά
1759 4725 1874 4762 τοι·

281 4798 432 4852 αὔτα
462 4799 766 4864 πιστεύειν,
793 4799 932 4853 ἀλλὰ
962 4800 1057 4854 καὶ
1077 4799 1302 4871 θαρρεῖν
1341 4801 1479 4855 πολὺ
1511 4800 1748 4872 πλέον,ῆ
1779 4817 1877 4872 με-

280 4895 496 4962 γίστοις
527 4895 622 4947 καὶ
665 4893 1003 4962 Θαυμαστοῖς
1053 4893 1262 4963 τείχεσι
1317 4894 1414 4947 καὶ
1462 4893 1752 4963 προϐόλοις
1784 4897 1878 4948 καὶ

283 4982 378 5040 οἷα
399 4987 470 5040 τὰ
502 4987 897 5057 Σεμιράμιδος,
925 4982 1075 5059 ἦπου
1105 4987 1235 5049 τούς
1279 5003 1344 5055 γε
1369 4987 1632 5042 τάναντία
1667 4988 1876 5042 τούτων

285 5079 475 5142 ὄντας,
505 5079 602 5132 καὶ
629 5082 742 5142 τοῖς
768 5078 910 5143 ὅλοις
937 5078 1200 5151 ἀπόρους,
1235 5079 1339 5131 οὐκ
1363 5079 1429 5133 ἂν
1458 5079 1758 5152 φθάνοιμεν
1787 5083 1880 5134 οὐ·

287 5175 426 5225 τωσὶ
472 5173 870 5242 διαγράφοντες
903 5172 1043 5243 πρὸς
1087 5171 1147 5224 τὸ
1180 5171 1333 5225 ταῦθ’
1379 5172 1678 5242 ὑπηρετεῖν
1732 5173 1876 5236 οἴους

290 5265 340 5316 τ’
371 5262 535 5326 εἶναι,
592 5265 669 5328 ὡς
721 5264 859 5335 μηδὲ
913 5265 1114 5336 χρῆναι
1181 5263 1392 5317 τούτων
1439 5265 1770 5334 τοπαράπαν
1821 5267 1878 5318 ὲν

291 5355 504 5418 τούτοις
542 5355 878 5426 μεμνῆσθαι.
933 5355 1104 5408 Πόθεν
1152 5355 1248 5406 καὶ
1297 5354 1406 5424 γὰρ
1441 5353 1620 5416 ἕξουσι
1669 5355 1730 5407 τὸ
1786 5374 1877 5408 m-

294 5445 588 5497 στεύεσοαι
616 5461 630 5511 ;
665 5445 896 5514 πότερον
941 5443 1035 5512 ἀφ’
1064 5437 1138 5496 ὧν
1175 5445 1474 5513 κέκτηνται
1502 5461 1516 5508 ;
1560 5443 1699 5497 ’Δλλ’
1725 5446 1880 5498 οὐδὲν

288 5537 624 5607 τοπαράπαν
656 5538 954 5609 κέκτηνται
981 5553 996 5570 ·
1024 5535 1166 5607 πλὴν
1189 5537 1238 5589 εί
1259 5537 1322 5589 τὸ
1353 5537 1522 5607 μηδὲν
1553 5537 1878 5607 κεκτῆσθαι,

294 5634 580 5701 φήσουσιν,
650 5631 856 5702 ὑπέρου
924 5631 1254 5701 γυμνότεροι
1315 5631 1458 5683 κατὰ
1514 5631 1612 5701 τὴν
1673 5631 1880 5702 ἀγοράν

290 5723 541 5785 ὂιῐόντες,
567 5726 660 5776 καὶ⁵
690 5725 830 5794 πρὸς
859 5723 1296 5794 ἀνδραποδώδεις
1331 5724 1424 5776 καὶ
1454 5723 1663 5792 φαύλας
1691 5726 1881 5778 διακο-

293 5816 432 5878 νίας,
463 5817 630 5886 τριῶν
665 5816 697 5886 ἢ
750 5818 1030 5887 τεττάρων
1059 5815 1268 5869 όσολῶν
1313 5815 1494 5884 χάριν,
1544 5818 1659 5879 τοῖς
1692 5815 1878 5886 βουλο-

294 5911 482 5976 μένοις
538 5909 866 5977 ἐκκείμενοι.
917 5906 1162 5960 Τοιοῦτοι
1204 5907 1315 5976 γάρ
1357 5925 1502 5973 τινες
1543 5908 1638 5966 νῦν
1688 5911 1733 5963 οξ
1769 5909 1878 5985 τῷν

622 6007 893 6070 Parnm.
939 6007 1058 6071 Gn.
1103 6004 1330 6073 CXLV.

1983 4763 2050 4808 ac
2072 4747 2254 4813 vallis.
2273 4748 2458 4822 qualia
2498 4747 2882 4806 Semiramidis
2906 4750 3285 4818 celebrantur,
3325 4752 3454 4808 dum
3479 4755 3576 4824 qui

1982 4863 2120 4920 tales
2134 4877 2246 4918 non
2271 4870 2404 4918 sunt
2429 4877 2459 4917 a
2502 4861 2696 4918 limine
2723 4862 3002 4920 salutandi
3024 4873 3210 4921 erunt.
3240 4864 3397 4922 Unde
3424 4868 3577 4922 enim

1982 4977 2088 5034 fide
2109 4977 2263 5048 digni
2286 4976 2451 5032 sunt?
2485 4992 2619 5032 num
2647 4977 2778 5047 quia
2796 4976 3106 5048 locupletes
3138 4979 3308 5034 sunt?
3337 4979 3409 5035 At
3435 4981 3577 5036 nihil

1983 5103 2213 5160 prorsus
2244 5088 2557 5159 possident,
2593 5096 2652 5145 et
2688 5089 2760 5145 ob
2790 5088 2846 5144 id
2879 5089 3058 5159 ipsum
3091 5092 3257 5147 trium
3283 5093 3574 5149 obolorum

1982 5205 2161 5274 pretio
2231 5204 2597 5260 humillimam
2661 5219 2728 5260 ae
2800 5205 3171 5275 turpissimam
3251 5207 3576 5264 servitutem

1983 5322 2213 5377 obeunt.
2251 5320 2412 5376 Tales
2437 5336 2588 5376 nunc
2614 5321 2840 5391 quidem
2873 5332 3005 5376 sunt
3037 5321 3259 5375 urbium
3292 5325 3572 5379 custodes.

1985 5433 2094 5488 Sed
2119 5448 2304 5489 nonne
2335 5443 2396 5488 ut
2421 5434 2738 5504 proditores
2766 5443 2824 5489 et
2852 5435 3102 5490 omnium
3127 5435 3287 5504 egeni
3322 5449 3578 5505 compre-

1990 5549 2306 5605 hendentur
2327 5549 2352 5603 ?
2376 5563 2562 5604 nonne
2589 5550 2822 5620 pecunia
2863 5549 2991 5604 data
3025 5561 3208 5603 castra
3262 5557 3452 5602 nostra
3483 5548 3580 5604 de-

1986 5663 2213 5719 serent?
2244 5661 2350 5718 Ubi
2402 5663 2550 5718 enim
2585 5663 2732 5718 inter
2770 5664 2919 5734 ipsos
2959 5663 3160 5718 divites
3215 5663 3575 5733 reperiuntur

1987 5791 2126 5847 quos
2154 5792 2270 5832 rem
2299 5775 2626 5832 familiarem
2679 5775 2914 5846 augendi
2976 5790 3130 5845 ergo,
3193 5777 3374 5845 turpia
3417 5792 3579 5846 agere

1990 5909 2098 5949 non
2131 5893 2335 5964 pudet,
2370 5902 2578 5964 quanto
2603 5892 2776 5964 magis
2818 5892 2852 5948 ii
2885 5891 2979 5963 qui
3005 5891 3125 5949 sine
3169 5893 3280 5946 ulla
3313 5907 3406 5963 spe
3460 5905 3577 5948 me-

3169 6010 3242 6072 17
