4018 6416
521 319 647 394 ’1523

1770 345 2171 409 THEODULI
2217 351 2559 412 MONACIII

3679 362 3772 426 524

541 439 742 498 liorum
777 449 1086 516 temporum
1119 448 1172 502 in
1201 458 1522 520 paupertate
1564 451 1771 524 jacent,
1819 465 1880 511 ut
1929 456 2116 512 funem

2237 462 2446 516 πόλεων
2477 463 2737 531 φύλακες.
2773 463 2914 517 Ἀλλ’
2936 464 3034 534 οὐχ
3060 464 3362 542 ἁλώσονται
3395 468 3665 536 προδοσίας
3691 479 3774 538 καὶ

543 568 918 627 compescant,
947 561 1073 615 talia
1097 560 1280 617 facere
1304 563 1477 634 parati
1511 575 1695 622 erunt.
1728 567 1856 622 Mihi
1900 570 2124 640 quidem

475 667 482 678 ’
541 671 625 726 vel
661 673 914 728 inimicos
945 674 1197 732 nolentes
1249 677 1315 730 ad
1349 693 1410 732 ea
1450 681 1760 750 propellere
1821 682 2122 750 videntur;

541 784 712 854 probe
772 786 916 839 enim
974 798 1178 842 norunt
1234 789 1382 856 quod
1441 792 1587 845 nulla
1635 793 1742 848 alia
1775 795 1988 848 ratione
2058 811 2125 849 ex

535 907 779 966 egestate
814 900 878 953 ad
914 902 1336 969 prosperitatem
1405 906 1639 959 transire
1673 918 1924 975 possunt.
1969 907 2125 963 Hunc

536 1012 588 1063 in
630 1011 852 1065 modum
908 1014 1127 1068 urbium
1163 1015 1643 1073 administratores
1698 1021 1882 1075 vivere
1926 1022 2117 1090 decet;

537 1125 668 1179 l‘cet
699 1141 808 1179 non
837 1128 1139 1195 quemlibet
1176 1131 1405 1186 eiecturi
1451 1134 1644 1196 simus,
1677 1134 1904 1188 fortuito
1950 1151 2125 1201 augu-

530 1237 733 1299 rando,
776 1237 868 1292 sed
900 1238 1139 1306 optimos
1179 1259 1425 1313 quosque
1460 1246 1631 1308 cives,
1657 1263 1760 1302 nec
1792 1248 1864 1302 ob
1902 1250 1951 1302 id
1998 1262 2120 1304 Ian-

539 1360 654 1402 ta.m
687 1351 832 1419 quod
864 1352 1040 1406 virtus
1079 1355 1224 1423 apud
1263 1355 1412 1423 ipsos
1465 1359 1810 1414 liaereilitaria
1867 1373 1972 1425 est,
2026 1364 2121 1418 sed

534 1465 660 1531 quia
687 1463 987 1518 absurdum
1015 1474 1157 1520 esset
1187 1469 1325 1522 velle
1374 1481 1431 1522 ut
1474 1470 1520 1523 is
1542 1471 1635 1539 qui
1690 1472 1967 1528 civitatem
2001 1475 2124 1531 feli-

539 1589 661 1627 cem
695 1585 751 1627 et
785 1576 853 1629 de
911 1575 1163 1632 hostibus
1214 1580 1498 1636 victricem
1553 1584 1784 1639 reddere
1823 1597 2005 1657 potest
2058 1605 2124 1644 ac

536 1687 676 1750 vult,
714 1689 1064 1758 magistratus
1091 1691 1264 1746 instar
1283 1694 1357 1746 ob
1395 1695 1621 1752 divitias
1667 1699 1868 1768 quibus
1924 1711 2122 1772 potens

535 1813 618 1857 est
645 1803 898 1870 eligatur.
925 1805 1015 1860 Sic
1035 1808 1182 1861 enim
1211 1809 1487 1865 urbisnon
1519 1813 1838 1882 sospitator,
1865 1818 1959 1871 sed
1992 1833 2120 1887 ιιι-ο·
2155 1835 2193 1888 ιι

537 1918 684 1972 diter
717 1921 890 1975 fieret.
919 1920 974 1976 Si
1019 1923 1167 1978 enim
1201 1940 1312 1978 non
1359 1925 1531 1994 domi,
1567 1945 1674 1984 non
1733 1932 1786 1985 in
1829 1933 1976 2003 agris
2027 1945 2121 1990 aut

540 2032 756 2102 pascuis
785 2033 834 2087 id
871 2035 1190 2104 permittere
1223 2037 1306 2093 fas
1337 2051 1443 2103 est,
1483 2041 1656 2097 multo
1677 2045 1858 2100 minus
1889 2046 1972 2103 bis
1993 2049 2119 2118 qui-

535 2145 660 2201 dem
686 2146 917 2210 colonis,
945 2147 1053 2202 illis
1079 2164 1210 2203 vero
1232 2149 1570 2220 inspectores
1591 2155 1869 2223 praeficere
1898 2159 1951 2212 in
1982 2161 2118 2215 urbe

533 2259 888 2315 conducibile
916 2263 1046 2316 erit.
1080 2262 1324 2332 Exiguos
1346 2275 1531 2318 autem
1567 2277 1622 2321 et
1659 2270 1841 2324 minus
1886 2273 2114 2340 probos,

531 2382 587 2424 ct
620 2371 762 2425 unde
792 2386 984 2440 parum
1009 2373 1195 2427 damni
1251 2388 1343 2428 aut
1366 2375 1617 2430 utilitatis
1643 2382 1979 2448 sperandum
2008 2396 2113 2451 est,

535 2485 717 2537 minus
748 2483 1009 2539 conducit
1029 2500 1310 2542 assumere
1346 2505 1509 2559 quam
1535 2491 1829 2560 prmclaros
1850 2505 1906 2550 et
1942 2513 2118 2567 popu~

534 2599 587 2653 lo
610 2609 891 2670 acceptos,
912 2610 968 2656 et
1004 2618 1238 2670 quorum
1271 2605 1407 2660 facta
1441 2613 1497 2661 et
1529 2607 1695 2663 verba
1745 2613 1923 2682 magni
1975 2629 2107 2674 sunt
2142 2660 2147 2664 .

535 2689 821 2781 momenti,
855 2714 909 2770 id
938 2716 1086 2786 quod
1115 2718 1228 2773 sole
1268 2720 1473 2775 clarius
1493 2733 1597 2778 est.

601 4051 679 4108 15.
718 4057 842 4112 llzec
871 4059 1062 4114 eadem
1089 4073 1252 4132 porro
1273 4061 1436 4118 etiam
1463 4063 1531 4120 de
1564 4069 1854 4123 nocturnis
1881 4066 2101 4121 urbium

517 4169 846 4225 custodibus
869 4171 1079 4226 dictum
1109 4175 1251 4237 volo,
1294 4176 1386 4245 qui
1417 4174 1470 4231 in
1517 4177 1706 4234 eadem
1744 4179 1934 4251 utique
1966 4193 2101 4233 con-

512 4280 723 4336 ditione
756 4284 918 4352 positi
951 4300 1076 4340 esse
1107 4285 1412 4354 debebunt,
1444 4290 1593 4360 quod
1621 4291 1676 4345 in
1710 4302 1976 4363 prytaneo
2001 4307 2106 4346 nu-

515 4397 777 4462 triuntur,
803 4413 973 4468 quare
995 4414 1213 4456 summo
1234 4402 1288 4457 id
1313 4404 1495 4459 studio
1531 4414 1691 4476 agent
1713 4415 1774 4461 ut
1820 4420 1970 4475 spem
1993 4403 2108 4460 suf-

513 4511 842 4580 fragantium
867 4517 1344 4586 transgrediantnr
1364 4503 1419 4575 et
1439 4521 1696 4577 meliores
1717 4537 1882 4592 quam
1909 4536 1968 4576 se
1984 4520 2099 4576 fore
2125 4541 2178 4601 ι)

513 4619 741 4687 polliciti
761 4631 941 4688 erant,
957 4638 1017 4678 se
1038 4625 1354 4682 exhibeant.
1373 4627 1442 4684 Et
1459 4645 1650 4685 revera
1678 4631 1814 4687 tales
1831 4631 1926 4699 qui
1947 4641 2098 4698 sunt,

513 4731 706 4784 urbem
735 4741 903 4786 noctu
931 4745 988 4788 et
1007 4735 1059 4788 in
1088 4739 1261 4792 armis
1277 4750 1625 4808 percurrent,
1652 4756 1710 4796 se
1744 4742 1981 4798 invicem
2009 4757 2104 4798 ex-

510 4843 798 4898 hortantes
819 4854 880 4899 et
895 4847 1156 4901 moenium
1180 4851 1440 4906 custodes
1460 4851 1527 4905 ad
1547 4851 1882 4921 vigilantiam
1903 4861 2104 4906 etcen-

511 4955 802 5008 tinentiam
827 4972 1106 5027 nunquam
1123 4974 1234 5015 non
1252 4964 1693 5018 exStimttlantes.
1721 4963 1813 5017 Sic
1835 4964 1927 5033 qui
1949 4963 2101 5019 intus

507 5072 636 5114 sunt
656 5063 816 5132 plena
832 5065 1129 5121 securitate
1150 5067 1427 5136 fruentur,
1450 5072 1731 5141 tranquilli
1755 5083 1810 5128 et
1833 5073 2104 5127 laetisom-

508 5185 582 5224 no
611 5169 809 5225 cedent
839 5173 982 5227 bene
1010 5175 1282 5242 scientes,
1301 5176 1508 5232 alteros
1533 5179 1778 5249 ipsorum
1800 5180 1923 5237 loco
1963 5182 2102 5252 vigi-

505 5279 621 5334 lare
645 5291 702 5336 et
727 5282 872 5350 quod
902 5283 1162 5339 hostibus
1195 5284 1542 5342 formidolosi
1574 5299 1778 5344 metum
1808 5290 2102 5360 quibusvis

502 5391 776 5460 iujiciant.
810 5393 1098 5464 Ejusmodi
1125 5395 1228 5450 viri
1271 5396 1491 5453 civibus
1516 5401 1631 5455 suis
1653 5399 1940 5456 fortissimi
1965 5417 2100 5472 pro-

503 5507 843 5568 pugnatores
865 5510 1062 5570 erunt;
1089 5513 1146 5558 et
1171 5504 1263 5558 ubi
1293 5506 1492 5562 itinere
1508 5507 1576 5561 ad
1608 5509 1838 5563 multam
1865 5521 2084 5565 noctem

506 5605 773 5675 producto
787 5607 1012 5663 domum
1038 5625 1097 5666 se
1124 5614 1368 5684 recipere
1386 5615 1591 5682 volent,
1616 5627 1806 5672 metuo
1833 5633 1902 5675 nc
1927 5619 2103 5673 hosti-

501 5715 607 5768 bus
627 5717 747 5784 plus
772 5734 939 5789 quam
956 5722 1070 5777 suis
1087 5727 1500 5795 propugnaculo
1523 5728 1655 5783 sint.
1677 5727 1834 5794 Quod
1850 5730 1996 5782 enim
2019 5729 2098 5785 illi

500 5827 632 5878 ante
662 5828 845 5884 omnia
874 5829 1192 5890 desiderant
1215 5846 1269 5890 et
1297 5835 1548 5893 hostibus
1569 5838 1818 5893 invident
1854 5840 2095 5896 victores

2232 556 2400 627 μηδὲν
2425 558 2662 628 ἔχοντες,
2695 559 2818 612 οὐδὲ
2851 561 2949 630 τὴν
3000 561 3142 632 ὑπὲρ
3170 564 3201 632 ή
3212 563 3328 632 μῶν
3375 563 3609 635 λείψουσι
3636 571 3775 634 τάξιν

2229 651 2454 720 κέρδους
2484 654 2671 706 εἵνεκα
2697 670 2711 719 ;
2747 652 2857 706 Καὶ
2877 655 2958 718 τίς
2994 654 3061 708 ἂν
3083 654 3234 708 ταῦτ’
3264 652 3418 726 οἶμαι
3445 659 3550 710 τῶν
3579 661 3777 715 πάντων

2228 742 2480 809 δέξαιτο;
2532 745 2666 797 ὅπου
2699 745 2806 816 γάρ
2844 746 2937 798 καὶ
2983 746 3092 800 τῶν
3122 748 3497 817 εὐπορούντων
3535 751 3671 804 εστιν
3696 752 3778 815 οὓς

2231 833 2372 902 ὑπὲρ
2421 835 2516 887 τοῦ
2560 837 2627 889 τὰ
2671 835 2802 889 ὄντα
2851 837 3022 891 πλείω
3081 839 3330 906 ποιῆσαι,
3379 842 3490 904 τοῖς
3539 844 3778 906 τοιούτοις

2228 923 2614 993 ἐγχειροῦντας
2667 927 2922 994 δρῶμενο
2967 930 3016 982 ο¹ί
3071 929 3244 994 οὕτως
3296 932 3514 1001 ἀπόρως
3563 933 3732 1002 ἔχοντε
3765 977 3778 998 ,

2231 1014 2324 1066 καὶ
2357 1015 2481 1086 μηδ’
2508 1017 2630 1070 ὅθεν
2667 1018 2734 1072 ἂν
2767 1021 3007 1074 πέσωσιν
3040 1021 3282 1092 ἔχοντες,
3317 1023 3455 1094 ὑπὲρ
3494 1022 3661 1078 δὲτδῦ
3691 1026 3780 1094 τὴν

2229 1109 2474 1180 γαστέρα
2511 1111 2674 1179 μόνον
2702 1113 3005 1184 ἐμπλῆσαι,
3047 1116 3208 1170 πάντ’
3240 1117 3307 1171 ἂν
3344 1119 3537 1187 δρᾶσαι
3566 1118 3655 1170 καὶ
3691 1135 3781 1172 πα-

2229 1199 2342 1253 θεῖν
2377 1201 2615 1272 ἔχοντες,
2667 1206 2769 1259 τίν’
2819 1207 2919 1260 οὐκ
2962 1207 3029 1260 ἂν
3067 1211 3295 1271 τούτους
3345 1211 3491 1273 είκὸς
3544 1213 3782 1280 τοιαύτην

2228 1294 2433 1364 τόλμαν
2463 1297 2772 1367 τολμῆσαι;
2804 1301 2932 1369 ἐμοὶ
2961 1303 3068 1370 γὰρ
3105 1303 3327 1356 δοκοῦσι
3378 1306 3471 1356 καὶ
3507 1305 3580 1373 μὴ
3614 1303 3782 1373 βουλο-

2229 1387 2428 1453 μένους
2475 1389 2541 1443 ἂν
2579 1392 2705 1454 τοὺς
2753 1393 2978 1464 ἐχθροὺς
3031 1396 3123 1449 ἐπὶ
3154 1394 3330 1448 ταῦτα
3386 1395 3782 1463 παρακαλέσαι·

2230 1476 2378 1530 ίσασι
2411 1479 2520 1550 γὰρ
2559 1484 2653 1533 καὶ
2687 1483 2837 1549 μάλα
2869 1484 3058 1555 σαφῶς
3090 1485 3292 1552 ἴσασιν,
3321 1485 3420 1540 οὐκ
3448 1485 3514 1540 ἂν
3543 1485 3707 1547 ἄλλως
3733 1484 3787 1549 ἐξ

2226 1571 2444 1640 ἀπόρων
2494 1575 2781 1642 γεγονότες
2842 1577 3094 1647 εὔποροι.
3152 1578 3325 1632 Τοῦτο
3373 1579 3474 1648 μὲν
3514 1579 3577 1649 δή
3612 1579 3786 1632 τοῦτον

2226 1660 2368 1714 ἔστω
2402 1667 2491 1716 τὸν
2532 1666 2734 1736 τρόπον
2767 1670 2859 1722 καὶ
2909 1671 3299 1738 φυλασσόντων
3337 1673 3437 1734 τὰς
3479 1673 3674 1735 πόλεις,
3707 1673 3784 1725 ῖνα

2227 1755 2320 1806 καὶ
2374 1755 2532 1820 αὖθις
2563 1758 2718 1812 ταῦτ’
2771 1761 2932 1828 εἷπω,
2984 1765 3083 1834 οὐχ
3113 1765 3210 1830 οὓς
3261 1766 3328 1819 ἄν
3359 1785 3443 1829 τις
3479 1765 3637 1829 εὐθὺς
3679 1765 3786 1818 ἰδὼν

2223 1847 2532 1904 οίωνίσαιτο
2555 1868 2567 1881 '
2602 1854 2712 1907 οὐδ’
2758 1851 2902 1909 οἷσιν
2933 1859 3053 1912 οὐδὲ
3099 1865 3476 1930 φαρμακοῖσιν
3509 1862 3572 1914 ἂν
3599 1861 3702 1929 εἴη,
3734 1857 3786 1910 τὸ

2222 1940 2316 1993 τοῦ
2350 1942 2537 2010 ἔπους,
2570 1953 2864 2018 χρηστέον,
2893 1952 3010 2005 ἀλλ’
3042 1954 3090 2006 οἱ
3125 1953 3399 2024 βέλτιστοι
3435 1955 3544 2008 τῶν
3575 1951 3786 2007 πολιτῶν

2222 2035 2286 2085 ὲκ
2314 2035 2565 2108 διαῗοχῆς
2593 2054 2605 2068 ·
2638 2041 2699 2092 οὐ
2747 2043 2910 2112 μόνον
2961 2047 3156 2115 ὅτιπερ
3189 2039 3337 2100 οὗτοι
3377 2047 3438 2100 τὸ
3476 2048 3600 2116 περὶ
3629 2044 3784 2099 ταῦτα

2225 2133 2653 2202 συγκεχωρηκὸς
2675 2136 2777 2204 ἀφ’
2808 2137 2994 2200 ἑστίας
3026 2139 3102 2202 ὡς
3141 2143 3320 2194 εἰπεῖν
3352 2142 3659 2210 κέκτηνται,
3685 2134 3786 2191 ἀλλ’

2221 2222 2302 2275 ὅτι
2340 2225 2566 2278 καὶτῶν
2599 2228 2972 2285 ἀτοπωτάτων
3004 2233 3071 2286 ἂν
3102 2234 3210 2304 εἴη,
3244 2236 3339 2288 τὸν
3369 2236 3469 2305 μὲν
3495 2232 3778 2302 κρατοῦντα

2219 2319 2491 2390 τυσαύτην
2527 2321 2677 2385 ὅπως
2708 2323 2770 2376 εὖ
2798 2325 3094 2394 πράττοιεν
3135 2328 3191 2379 αἱ
3243 2329 3435 2392 πόλεις
3487 2331 3582 2382 καὶ
3615 2329 3782 2397 κρείτ·

2217 2429 2342 2475 τους
2374 2410 2485 2465 εἶεν
2528 2415 2640 2468 τῶν
2675 2417 2958 2487 πολεμίων
3000 2422 3276 2475 ποιεῖσθαι
3316 2423 3573 2493 σπουδὴν,
3617 2421 3685 2484 ὡς
3721 2423 3780 2474 τά

2217 2521 2275 2556 τε
2307 2505 2444 2560 ἄλλοι
2473 2508 2566 2560 καὶ
2615 2511 2740 2572 τοὺς
2772 2515 2925 2580 σφῶν
2975 2514 3242 2586 ἄρχοντας
3284 2519 3601 2589 ἀριστίνδην
3635 2518 3780 2569 πλου-

2216 2595 2398 2663 τίνδην
2443 2600 2716 2666 αίρεῑσθαι
2743 2617 2758 2631 ο
2789 2604 2914 2665 τοὺς
2961 2605 3006 2658 δ’
3040 2608 3098 2660 ὲν
3130 2609 3323 2673 αὑταῖς
3361 2611 3508 2674 ὅπως
3538 2611 3611 2674 ὡς
3649 2611 3782 2680 τάχι-

2218 2685 2300 2737 σθ’
2330 2687 2511 2740 ἁλοῖεν
2554 2695 3004 2761 παρασκευάζειν
3039 2699 3369 2769 πειρᾶσθαι,
3399 2703 3476 2772 τῷ
3504 2703 3778 2765 τοιούτους.

2214 2775 2287 2838 ὡς
2319 2777 2417 2846 μὲν
2449 2779 2605 2834 αὐτοὶ
2637 2786 2819 2851 φαῖειν
2864 2786 2952 2851 ἂν,
2995 2790 3244 2858 φύλακας
3274 2798 3511 2849 τουτωνὶ
3541 2795 3780 2848 καθιστά-

2213 2887 2320 2933 ναι,
2357 2872 2432 2933 ὼς
2469 2872 2526 2925 δὲ
2559 2875 2616 2927 τὸ
2649 2877 2797 2941 είκὸς
2829 2877 2962 2949 ἔχει,
3017 2885 3309 2952 προδότας.
3349 2887 3518 2942 Ὅταν
3551 2890 3654 2956 γὰρ
3693 2888 3780 2940 οὐκ

2213 2961 2271 3011 ὲν
2301 2962 2493 3032 ἀγροῖς
2537 2965 2649 3019 οὐδ’
2699 2967 2756 3021 ὲν
2783 2970 2975 3037 οἴκοις,
3025 2972 3136 3026 οὐδ’
3169 2973 3251 3027 ἔτι
3297 2977 3440 3031 πολὺ
3485 2978 3679 3046 μᾶλλον
3729 2978 3778 3028 ὲν

2214 3053 2496 3124 θρέμμασι
2547 3061 2706 3112 ταυτὶ
2737 3060 3042 3134 ξυγχωρεῖν
3081 3065 3331 3136 οἰώμεθα
3383 3070 3517 3132 δεῖν,
3569 3072 3670 3123 οὐδ’
3698 3069 3779 3130 οὓς

2213 3145 2278 3197 ἄν
2310 3164 2441 3198 ποτε
2477 3147 2650 3220 τύχοι,
2704 3153 2843 3206 ἀλλὰ
2881 3157 3008 3224 τοὺς
3057 3160 3470 3229 ἐξητασμένους
3503 3163 3593 3216 καὶ
3639 3161 3778 3227 δόξαν

2211 3239 2424 3311 ἀγαθὴν
2475 3245 2804 3314 ἐσχηκότας,
2857 3251 2968 3313 τοῖς
3003 3250 3104 3321 μὲν
3135 3257 3363 3321 νομέας,
3400 3260 3513 3322 τιῖς
3543 3258 3598 3312 δὲ
3639 3258 3779 3328 μελε-

2209 3332 2416 3396 δωνοὺς
2448 3338 2760 3404 ἐφιστάναι,
2790 3343 2986 3410 κομιδῆ
3013 3343 3168 3398 ταῦτ’
3192 3348 3250 3399 ἐν
3280 3349 3472 3404 πόλεσι
3501 3352 3777 3422 ξυγχωρεῖν

2209 3422 2320 3475 οὐδ’
2352 3423 2418 3511 άν
2467 3420 2549 3490 εἷς
2583 3428 2817 3493 ἀξιώσαι
2845 3448 2857 3461 ·
2895 3436 2942 3487 εί
2983 3434 3044 3488 τὸ
3078 3439 3294 3509 μικρῶν
3334 3459 3397 3496 τε
3435 3443 3531 3497 καὶ
3558 3420 3777 3511 φαιλωνι

2211 3517 2306 3568 καὶ
2342 3509 2416 3568 ὧν
2465 3514 2524 3572 εὖ
2581 3521 2613 3590 ἢ
2658 3523 2843 3588 κακῶς
2877 3527 3110 3596 ἑχόντων
3143 3531 3202 3585 ὲν
3255 3533 3534 3608 ἐλαχίστῳ
3582 3537 3648 3590 τά
3691 3536 3776 3603 τῆς

2210 3607 2482 3676 ὡφελείας
2513 3615 2610 3666 καὶ
2635 3613 2845 3684 βλάϐης
2872 3619 3186 3689 συμϐαίνοι,
3213 3627 3478 3682 τοσοῦτον
3500 3627 3780 3698 ποιούμεθα

2208 3701 2388 3768 λόγον,
2420 3700 2563 3776 ἦπου
2609 3708 2719 3761 τῶν
2752 3711 3032 3779 μεγίστων
3076 3715 3172 3770 καὶ
3209 3723 3548 3776 κοινοτάῖων
3592 3725 3684 3777 καὶ
3714 3717 3778 3775 ὧι

2209 3794 2364 3849 ταῦτ’
2396 3800 2510 3850 ἐστὶ
2537 3800 2706 3870 μέρη,
2734 3804 2826 3856 καὶ
2868 3807 3093 3874 προσέθ’
3129 3810 3269 3882 ὑπὲρ
3297 3809 3378 3867 ὧν
3415 3816 3595 3885 μόνων
3621 3819 3779 3870 πάντα

2210 3890 2304 3940 καὶ
2341 3893 2519 3943 ποιεῖν
2560 3895 2653 3946 καὶ
2695 3895 2874 3964 λέγειν
2906 3900 3077 3978 ἐχρῇν
3106 3903 3182 3966 ὡς
3222 3904 3282 3969 ἐξ
3314 3909 3573 3979 ἀνάγκης
3611 3911 3779 3976 διαφε-

2211 3983 2437 4052 ρόντων,
2475 3986 2585 4038 οὐδ’
2620 3990 2770 4041 ἐστιν
2801 3991 2978 4044 είπεῖν
3011 3995 3134 4047 ὅσον
3167 3997 3336 4060 εἰκός.

2284 4078 2363 4124 ιε’.
2400 4072 2586 4128 Ταῦτα
2621 4076 2676 4127 δὲ
2714 4077 2888 4133 ταῦτα
2937 4081 3082 4151 λέγω
3125 4088 3224 4139 καὶ
3273 4091 3408 4161 περὶ
3436 4091 3542 4146 τῶν
3565 4095 3621 4146 ἐν
3670 4093 3776 4153 ταῖς

2209 4162 2330 4228 νυξὶ
2361 4167 2676 4234 περιπόλων
2699 4186 2712 4199 ο
2748 4173 2843 4225 καὶ
2880 4173 2988 4242 γὰρ
3013 4172 3110 4229 οὖν
3141 4181 3238 4230 καὶ
3263 4181 3492 4248 τούτους
3521 4185 3776 4245 τοιούτους

2209 4251 2350 4309 εἷναι
2393 4259 2631 4324 μάλιστα
2665 4261 2750 4317 δεῖ
2778 4282 2788 4294 ⁸
2831 4269 2898 4321 τά
2925 4283 2984 4320 τε
3017 4269 3156 4324 ἄλλα
3185 4274 3278 4326 καὶ
3317 4278 3533 4344 σίτησιν
3562 4279 3617 4330 ἐν
3652 4295 3777 4346 πρυ-

2207 4352 2408 4424 τανείῳ
2440 4353 2819 4426 λαμϐάνοντας
2848 4378 2861 4392 ο
2896 4363 2957 4415 οὐ
2991 4362 3099 4435 μὴν
3131 4366 3270 4421 άλλὰ
3311 4371 3408 4424 καὶ
3460 4372 3568 4443 ίδίᾳ
3600 4372 3777 4424 τοσοὺ-

2208 4464 2302 4500 του
2330 4449 2392 4520 δή
2426 4467 2571 4514 τινος
2593 4454 2794 4518 αὐτοὺς
2823 4458 3106 4528 ὑπόχρεως
3132 4456 3274 4516 εἶναι
3300 4466 3570 4534 νομίζειν,
3597 4465 3669 4530 ὡς
3692 4465 3776 4518 καὶ

2210 4543 2309 4604 τὰς
2338 4543 2449 4596 τῶν
2494 4543 2792 4617 ἑλομένων,
2819 4549 2898 4621 τῷ
2931 4551 3030 4622 τῆς
3064 4556 3308 4626 σπουδῆς
3345 4562 3612 4628 περιόντι,
3646 4574 3774 4626 παρ-

2208 4633 2457 4688 ελαύνειν
2491 4637 2734 4706 ἐλπίδας,
2782 4645 2878 4696 και
2921 4646 3202 4714 κρείττους
3242 4647 3274 4720 ἢ
3309 4652 3500 4704 ’κεῖνοι
3532 4649 3772 4721 προσεδόο

2209 4743 2385 4794 κησαν
2446 4729 2781 4798 φαίνεσθαι·
2831 4735 3054 4802 θέοντας
3117 4741 3218 4808 μὲν
3273 4745 3397 4812 μεθ’
3467 4745 3643 4798 ὃπλων
3695 4745 3774 4794 δια

2207 4819 2388 4886 πάσης
2419 4824 2612 4886 νυκτὸς
2637 4824 2752 4878 άνω
2777 4828 2871 4881 καὶ
2901 4831 3052 4885 κάτω
3078 4834 3174 4903 τῆς
3201 4835 3438 4906 πόλεως,
3464 4837 3774 4907 ὁτρύνονιας

2207 4914 2302 4964 καὶ
2331 4913 2819 4987 διακελευομένους
2861 4923 3119 4990 ἀλλήλοις
3150 4943 3212 4978 τε
3261 4929 3360 4982 καὶ
3411 4932 3527 4993 τοῖς
3575 4930 3664 4981 ἐπὶ
3690 4923 3772 4978 τοῦ

2206 5007 2420 5075 τείχους
2452 5011 2820 5082 ἐγρηγορέναι
2855 5017 2948 5068 καὶ
2975 5019 3165 5086 νήφειν
3193 5021 3290 5073 καὶ
3314 5021 3491 5090 μηδὲν
3512 5021 3616 5074 τῶν
3644 5021 3774 5086 δεον-

2203 5115 2313 5151 των
2339 5103 2608 5158 ἐλλείπειν
2633 5122 2647 5136 ·
2677 5107 2737 5171 ἐξ
2759 5125 2834 5161 ων
2859 5113 2972 5174 τοῖς
3000 5113 3097 5178 μὲν
3119 5114 3342 5179 οἰκείοις
3365 5116 3634 5186 ἀσφάλεια
3654 5131 3774 5167 παν·

2205 5191 2443 5244 τάπασιν
2469 5195 2646 5260 ἕσῑαι,
2691 5202 2784 5250 καὶ
2817 5201 2878 5253 τὸ
2925 5205 3348 5274 τεθαρρηκότως
3381 5224 3441 5260 τε
3485 5209 3576 5260 καὶ
3615 5204 3769 5276 ἡδέως

2207 5279 2512 5345 καθεύδειν,
2549 5284 2756 5346 εἰδότας
2784 5287 2857 5350 ὼς
2893 5289 3048 5343 ἄλλοι
3072 5293 3176 5359 πρὸ
3204 5294 3388 5348 αὐτῶν
3416 5294 3762 5364 ὲγρηγόρασι⁶

2205 5373 2547 5443 κλτάπληξις
2573 5377 2628 5429 δὲ
2661 5382 2770 5442 τοῖς
2801 5382 3066 5445 ἐναντίοις
3112 5386 3207 5436 καὶ
3239 5385 3429 5453 φόϐος,
3468 5391 3560 5440 καὶ
3586 5387 3643 5438 τὸ
3672 5399 3764 5453 μη·

2203 5465 2291 5516 δὲν
2315 5465 2349 5518 ἃ
2379 5471 2453 5538 μὴ
2483 5471 2564 5522 δεῖ
2585 5476 2706 5525 κα;’
2741 5475 2924 5528 αὐτῶν
2949 5479 3247 5549 ἐπιχειρεῖν
3277 5481 3504 5545 ἐννοεῖν,
3539 5479 3568 5550 ἤ
3597 5478 3766 5531 διακε-

2205 5560 2301 5630 νῆς
2330 5563 2552 5616 ἐννοεῖν.
2593 5566 2839 5622 ’[οιοῦτοι
2880 5570 2979 5639 μὲν
3024 5571 3176 5634 ὄντες
3219 5573 3316 5628 καὶ
3345 5572 3522 5634 οὕτως
3550 5573 3764 5640 ἔχοντες,

2205 5652 2345 5724 ὑπὲρ
2383 5657 2556 5709 πάντα
2585 5663 2697 5722 τοῖς
2743 5665 3050 5731 χρωμένοις
3095 5666 3314 5719 ἔσονται
3349 5666 3643 5736 πρόϐολον·
3679 5662 3765 5711 ἐὰν

2204 5747 2259 5800 δὲ
2291 5749 2417 5819 ἄχρι
2452 5751 2671 5820 βαθείας
2706 5757 2946 5827 ἑσπέρας
2969 5761 3060 5812 τὸν
3089 5760 3298 5831 δόλιχον
3326 5762 3633 5827 ποιούμενοι
3654 5753 3738 5808 τοῦ

2206 5859 2316 5909 τον,
2356 5845 2527 5898 ἔπειτ’
2573 5849 2742 5902 οἱκαῖ
2787 5851 3094 5923 ἀναχωρεῖν
3127 5854 3346 5910 οἴωνται
3391 5853 3518 5922 δεῖν»
3563 5849 3760 5905 δέδοικα
