  <div class='ocr_page' id='page_1' title='image "/cluster/home/n/w/nwhite01/storage/ocr_20150623/145:no.1/coo.31924054870500/270.png"; bbox 0 0 4018 6420; ppageno 0'>
   <div class='ocr_carea' id='block_1_1' title="bbox 313 367 502 442">
    <p class='ocr_par' dir='ltr' id='par_1_1' title="bbox 313 367 502 442">
     <span class='ocr_line' id='line_1_1' title="bbox 313 367 502 442; baseline 0.011 -14"><span class='ocrx_word' id='word_1_1' title='bbox 313 367 422 430; x_wconf 62' lang='grc'>525</span> <span class='ocrx_word' id='word_1_2' title='bbox 485 427 502 442; x_wconf 86' lang='grc'>,</span> 
     </span>
    </p>
   </div>
   <div class='ocr_carea' id='block_1_2' title="bbox 1247 368 2632 458">
    <p class='ocr_par' dir='ltr' id='par_1_2' title="bbox 1247 368 2632 458">
     <span class='ocr_line' id='line_1_2' title="bbox 1247 368 2632 458; baseline 0.009 -26"><span class='ocrx_word' id='word_1_3' title='bbox 1247 368 1536 458; x_wconf 77' lang='lat' dir='ltr'>ORATIO</span> <span class='ocrx_word' id='word_1_4' title='bbox 1576 369 1674 436; x_wconf 90' lang='lat' dir='ltr'>DE</span> <span class='ocrx_word' id='word_1_5' title='bbox 1717 369 2240 441; x_wconf 70' lang='lat' dir='ltr'><strong>susurronum</strong></span> <span class='ocrx_word' id='word_1_6' title='bbox 2277 377 2632 445; x_wconf 81' lang='lat' dir='ltr'>OFFICIIS.</span> 
     </span>
    </p>
   </div>
   <div class='ocr_carea' id='block_1_3' title="bbox 3496 384 3602 453">
    <p class='ocr_par' dir='ltr' id='par_1_3' title="bbox 3496 384 3602 453">
     <span class='ocr_line' id='line_1_3' title="bbox 3496 384 3602 453; baseline 0.038 -4"><span class='ocrx_word' id='word_1_7' title='bbox 3496 384 3602 453; x_wconf 70' lang='lat'>526</span> 
     </span>
    </p>
   </div>
   <div class='ocr_carea' id='block_1_4' title="bbox 308 480 1894 569">
    <p class='ocr_par' dir='ltr' id='par_1_4' title="bbox 308 480 1894 565">
     <span class='ocr_line' id='line_1_4' title="bbox 308 480 1894 565; baseline 0.003 -29"><span class='ocrx_word' id='word_1_8' title='bbox 308 483 484 552; x_wconf 83' lang='grc' dir='ltr'>δήπου</span> <span class='ocrx_word' id='word_1_9' title='bbox 519 480 761 548; x_wconf 75' lang='grc' dir='ltr'>δέδοικα,</span> <span class='ocrx_word' id='word_1_10' title='bbox 801 481 878 553; x_wconf 80' lang='grc' dir='ltr'>μὴ</span> <span class='ocrx_word' id='word_1_11' title='bbox 913 483 1038 565; x_wconf 13' lang='grc' dir='ltr'>’τοῖς</span> <span class='ocrx_word' id='word_1_12' title='bbox 1085 483 1372 555; x_wconf 86' lang='grc' dir='ltr'>πολεμίοις</span> <span class='ocrx_word' id='word_1_13' title='bbox 1417 485 1710 556; x_wconf 86' lang='grc' dir='ltr'>περίπολοί</span> <span class='ocrx_word' id='word_1_14' title='bbox 1759 503 1894 551; x_wconf 72' lang='grc' dir='ltr'>τινες</span> 
     </span>
    </p>
   </div>
   <div class='ocr_carea' id='block_1_5' title="bbox 2002 480 3604 569">
    <p class='ocr_par' dir='ltr' id='par_1_5' title="bbox 2015 490 3604 569">
     <span class='ocr_line' id='line_1_5' title="bbox 2015 490 3604 569; baseline 0.011 -26"><span class='ocrx_word' id='word_1_15' title='bbox 2015 490 2309 558; x_wconf 84' lang='lat' dir='ltr'>recedere,</span> <span class='ocrx_word' id='word_1_16' title='bbox 2346 491 2400 548; x_wconf 88' lang='lat' dir='ltr'><strong>id</strong></span> <span class='ocrx_word' id='word_1_17' title='bbox 2435 492 2493 548; x_wconf 88' lang='lat' dir='ltr'><strong>hi</strong></span> <span class='ocrx_word' id='word_1_18' title='bbox 2520 494 2606 550; x_wconf 86' lang='lat' dir='ltr'>vel</span> <span class='ocrx_word' id='word_1_19' title='bbox 2645 491 2890 551; x_wconf 77' lang='lat' dir='ltr'>molliter</span> <span class='ocrx_word' id='word_1_20' title='bbox 2913 497 3129 568; x_wconf 82' lang='lat' dir='ltr'><strong>agendo</strong></span> <span class='ocrx_word' id='word_1_21' title='bbox 3159 497 3511 569; x_wconf 85' lang='lat' dir='ltr'><strong>obtinebunt,</strong></span> <span class='ocrx_word' id='word_1_22' title='bbox 3545 513 3604 560; x_wconf 88' lang='lat' dir='ltr'><strong>et</strong></span> 
     </span>
    </p>
   </div>
   <div class='ocr_carea' id='block_1_6' title="bbox 309 569 1894 648">
    <p class='ocr_par' dir='ltr' id='par_1_6' title="bbox 309 569 1894 648">
     <span class='ocr_line' id='line_1_6' title="bbox 309 569 1894 648; baseline 0.002 -20"><span class='ocrx_word' id='word_1_23' title='bbox 309 569 414 628; x_wconf 80' lang='grc' dir='ltr'>ὦσι</span> <span class='ocrx_word' id='word_1_24' title='bbox 450 574 650 643; x_wconf 81' lang='grc' dir='ltr'>μᾶλλον</span> <span class='ocrx_word' id='word_1_25' title='bbox 685 574 720 641; x_wconf 87' lang='grc' dir='ltr'>ἢ</span> <span class='ocrx_word' id='word_1_26' title='bbox 751 577 866 638; x_wconf 89' lang='grc' dir='ltr'>τοῖς</span> <span class='ocrx_word' id='word_1_27' title='bbox 910 575 1137 638; x_wconf 73' lang='grc' dir='ltr'>οἰκείοις</span> <span class='ocrx_word' id='word_1_28' title='bbox 1165 592 1178 606; x_wconf 91' lang='grc'>·</span> <span class='ocrx_word' id='word_1_29' title='bbox 1223 575 1258 631; x_wconf 76' lang='grc' dir='ltr'><strong>ἃ</strong></span> <span class='ocrx_word' id='word_1_30' title='bbox 1288 578 1396 647; x_wconf 82' lang='grc' dir='ltr'>γὰρ</span> <span class='ocrx_word' id='word_1_31' title='bbox 1430 579 1649 648; x_wconf 87' lang='grc' dir='ltr'>μάλιστ’</span> <span class='ocrx_word' id='word_1_32' title='bbox 1695 578 1894 632; x_wconf 80' lang='grc' dir='ltr'>ἐκεῖνοι</span> 
     </span>
    </p>
   </div>
   <div class='ocr_carea' id='block_1_7' title="bbox 313 668 1897 738">
    <p class='ocr_par' dir='ltr' id='par_1_7' title="bbox 313 668 1897 738">
     <span class='ocr_line' id='line_1_7' title="bbox 313 668 1897 738; baseline 0.003 -18"><span class='ocrx_word' id='word_1_33' title='bbox 313 669 665 734; x_wconf 77' lang='grc' dir='ltr'>συνεύξαιντο</span> <span class='ocrx_word' id='word_1_34' title='bbox 695 668 884 738; x_wconf 78' lang='grc' dir='ltr'>σφίσιν</span> <span class='ocrx_word' id='word_1_35' title='bbox 913 670 1118 736; x_wconf 82' lang='grc' dir='ltr'>αὐτοῖς,</span> <span class='ocrx_word' id='word_1_36' title='bbox 1151 671 1247 724; x_wconf 72' lang='grc' dir='ltr'>καὶ</span> <span class='ocrx_word' id='word_1_37' title='bbox 1278 671 1484 724; x_wconf 88' lang='grc' dir='ltr'>τούτων</span> <span class='ocrx_word' id='word_1_38' title='bbox 1515 671 1897 737; x_wconf 78' lang='grc' dir='ltr'>κατεύξαιντο,</span> 
     </span>
    </p>
   </div>
   <div class='ocr_carea' id='block_1_8' title="bbox 308 760 1898 836">
    <p class='ocr_par' dir='ltr' id='par_1_8' title="bbox 308 760 1898 836">
     <span class='ocr_line' id='line_1_8' title="bbox 308 760 1898 836; baseline 0.006 -23"><span class='ocrx_word' id='word_1_39' title='bbox 308 761 384 824; x_wconf 84' lang='grc' dir='ltr'>ὡς</span> <span class='ocrx_word' id='word_1_40' title='bbox 412 763 545 814; x_wconf 83' lang='grc' dir='ltr'>ὅταν</span> <span class='ocrx_word' id='word_1_41' title='bbox 576 760 879 830; x_wconf 84' lang='grc' dir='ltr'>βούλωνται</span> <span class='ocrx_word' id='word_1_42' title='bbox 921 764 1120 835; x_wconf 80' lang='grc' dir='ltr'>ῥᾳδίως</span> <span class='ocrx_word' id='word_1_43' title='bbox 1153 767 1297 836; x_wconf 87' lang='grc' dir='ltr'>σφᾶς</span> <span class='ocrx_word' id='word_1_44' title='bbox 1341 766 1544 831; x_wconf 78' lang='grc' dir='ltr'>ἐξελεῖν</span> <span class='ocrx_word' id='word_1_45' title='bbox 1573 767 1898 836; x_wconf 78' lang='grc' dir='ltr'>δεδυνῆσθαι</span> 
     </span>
    </p>
   </div>
   <div class='ocr_carea' id='block_1_9' title="bbox 307 849 1898 932">
    <p class='ocr_par' dir='ltr' id='par_1_9' title="bbox 307 849 1898 932">
     <span class='ocr_line' id='line_1_9' title="bbox 307 849 1898 932; baseline 0.008 -28"><span class='ocrx_word' id='word_1_46' title='bbox 307 855 404 908; x_wconf 60' lang='grc' dir='ltr'>κιὶ</span> <span class='ocrx_word' id='word_1_47' title='bbox 457 855 782 922; x_wconf 83' lang='grc' dir='ltr'>κατασχεῖν,</span> <span class='ocrx_word' id='word_1_48' title='bbox 833 855 990 909; x_wconf 89' lang='grc' dir='ltr'>ταῦθ’</span> <span class='ocrx_word' id='word_1_49' title='bbox 1027 849 1175 911; x_wconf 80' lang='grc' dir='ltr'>οὗτοι</span> <span class='ocrx_word' id='word_1_50' title='bbox 1203 859 1273 912; x_wconf 78' lang='grc' dir='ltr'>δι’</span> <span class='ocrx_word' id='word_1_51' title='bbox 1319 852 1396 912; x_wconf 80' lang='grc' dir='ltr'>ὧν</span> <span class='ocrx_word' id='word_1_52' title='bbox 1432 860 1633 914; x_wconf 71' lang='grc' dir='ltr'>οὑτωσὶ</span> <span class='ocrx_word' id='word_1_53' title='bbox 1683 863 1898 932; x_wconf 79' lang='grc' dir='ltr'>ρᾳστω-</span> 
     </span>
    </p>
   </div>
   <div class='ocr_carea' id='block_1_10' title="bbox 307 944 1902 1025">
    <p class='ocr_par' dir='ltr' id='par_1_10' title="bbox 307 944 1902 1025">
     <span class='ocr_line' id='line_1_10' title="bbox 307 944 1902 1025; baseline 0.006 -27"><span class='ocrx_word' id='word_1_54' title='bbox 307 944 616 1008; x_wconf 83' lang='grc' dir='ltr'>νεύσονται,</span> <span class='ocrx_word' id='word_1_55' title='bbox 652 949 1125 1017; x_wconf 78' lang='grc' dir='ltr'>κατεργάσονταιο</span> <span class='ocrx_word' id='word_1_56' title='bbox 1154 952 1249 1004; x_wconf 80' lang='grc' dir='ltr'>καὶ</span> <span class='ocrx_word' id='word_1_57' title='bbox 1297 947 1371 1005; x_wconf 82' lang='grc' dir='ltr'>ὧν</span> <span class='ocrx_word' id='word_1_58' title='bbox 1417 954 1760 1023; x_wconf 76' lang='grc' dir='ltr'>κατέστησαν</span> <span class='ocrx_word' id='word_1_59' title='bbox 1801 953 1902 1025; x_wconf 73' lang='grc' dir='ltr'>φύ-</span> 
     </span>
    </p>
   </div>
   <div class='ocr_carea' id='block_1_11' title="bbox 309 1038 1900 1116">
    <p class='ocr_par' dir='ltr' id='par_1_11' title="bbox 309 1038 1900 1116">
     <span class='ocr_line' id='line_1_11' title="bbox 309 1038 1900 1116; baseline 0.008 -27"><span class='ocrx_word' id='word_1_60' title='bbox 309 1038 516 1100; x_wconf 79' lang='grc' dir='ltr'>λακες,</span> <span class='ocrx_word' id='word_1_61' title='bbox 579 1039 807 1103; x_wconf 80' lang='grc' dir='ltr'>τούτους</span> <span class='ocrx_word' id='word_1_62' title='bbox 879 1042 1100 1106; x_wconf 83' lang='grc' dir='ltr'>ἑκόντες</span> <span class='ocrx_word' id='word_1_63' title='bbox 1156 1045 1312 1108; x_wconf 76' lang='grc' dir='ltr'>ὄντες</span> <span class='ocrx_word' id='word_1_64' title='bbox 1379 1049 1713 1116; x_wconf 76' lang='grc' dir='ltr'>προήσονται</span> <span class='ocrx_word' id='word_1_65' title='bbox 1787 1052 1900 1112; x_wconf 84' lang='grc' dir='ltr'>τοῖς</span> 
     </span>
    </p>
   </div>
   <div class='ocr_carea' id='block_1_12' title="bbox 309 1131 1899 1206">
    <p class='ocr_par' dir='ltr' id='par_1_12' title="bbox 309 1131 1899 1206">
     <span class='ocr_line' id='line_1_12' title="bbox 309 1131 1899 1206; baseline 0.007 -25"><span class='ocrx_word' id='word_1_66' title='bbox 309 1131 525 1200; x_wconf 68' lang='grc' dir='ltr'>ἐχθροῖς</span> <span class='ocrx_word' id='word_1_67' title='bbox 553 1148 565 1160; x_wconf 93' lang='grc'><strong>·</strong></span> <span class='ocrx_word' id='word_1_68' title='bbox 597 1133 758 1204; x_wconf 81' lang='grc' dir='ltr'>εἴπερ</span> <span class='ocrx_word' id='word_1_69' title='bbox 789 1134 910 1200; x_wconf 83' lang='grc' dir='ltr'>ἐξδν</span> <span class='ocrx_word' id='word_1_70' title='bbox 944 1134 981 1188; x_wconf 76' lang='grc' dir='ltr'>ἃ.</span> <span class='ocrx_word' id='word_1_71' title='bbox 1015 1135 1124 1206; x_wconf 86' lang='grc' dir='ltr'>χρὴ</span> <span class='ocrx_word' id='word_1_72' title='bbox 1180 1137 1528 1206; x_wconf 84' lang='grc' dir='ltr'>πράττοντας</span> <span class='ocrx_word' id='word_1_73' title='bbox 1575 1138 1670 1191; x_wconf 80' lang='grc' dir='ltr'>καὶ</span> <span class='ocrx_word' id='word_1_74' title='bbox 1704 1155 1899 1192; x_wconf 88' lang='grc' dir='ltr'>νυκτο-</span> 
     </span>
    </p>
   </div>
   <div class='ocr_carea' id='block_1_13' title="bbox 310 1220 1899 1296">
    <p class='ocr_par' dir='ltr' id='par_1_13' title="bbox 310 1220 1899 1296">
     <span class='ocr_line' id='line_1_13' title="bbox 310 1220 1899 1296; baseline 0.007 -24"><span class='ocrx_word' id='word_1_75' title='bbox 310 1220 710 1289; x_wconf 82' lang='grc' dir='ltr'>φυλακοῦντας,</span> <span class='ocrx_word' id='word_1_76' title='bbox 743 1223 934 1295; x_wconf 77' lang='grc' dir='ltr'>ὥσπερ</span> <span class='ocrx_word' id='word_1_77' title='bbox 961 1225 1118 1296; x_wconf 74' lang='grc' dir='ltr'>ἔφην,</span> <span class='ocrx_word' id='word_1_78' title='bbox 1150 1229 1228 1289; x_wconf 85' lang='grc' dir='ltr'>είς</span> <span class='ocrx_word' id='word_1_79' title='bbox 1259 1227 1435 1292; x_wconf 88' lang='grc' dir='ltr'>τέλος,</span> <span class='ocrx_word' id='word_1_80' title='bbox 1470 1228 1663 1283; x_wconf 74' lang='grc' dir='ltr'>ἔπειτα</span> <span class='ocrx_word' id='word_1_81' title='bbox 1689 1230 1899 1283; x_wconf 87' lang='grc' dir='ltr'>τούτων</span> 
     </span>
    </p>
   </div>
   <div class='ocr_carea' id='block_1_14' title="bbox 311 1313 1896 1396">
    <p class='ocr_par' dir='ltr' id='par_1_14' title="bbox 311 1313 1896 1396">
     <span class='ocr_line' id='line_1_14' title="bbox 311 1313 1896 1396; baseline 0.007 -30"><span class='ocrx_word' id='word_1_82' title='bbox 311 1313 570 1380; x_wconf 75' lang='grc' dir='ltr'>καθάπαξ</span> <span class='ocrx_word' id='word_1_83' title='bbox 608 1316 979 1387; x_wconf 83' lang='grc' dir='ltr'>ὑπερφρονεῖν</span> <span class='ocrx_word' id='word_1_84' title='bbox 1017 1319 1111 1372; x_wconf 75' lang='grc' dir='ltr'>καί</span> <span class='ocrx_word' id='word_1_85' title='bbox 1164 1322 1378 1391; x_wconf 88' lang='grc' dir='ltr'>χαίρειν</span> <span class='ocrx_word' id='word_1_86' title='bbox 1409 1324 1525 1385; x_wconf 88' lang='grc' dir='ltr'>τοῖς</span> <span class='ocrx_word' id='word_1_87' title='bbox 1569 1323 1713 1384; x_wconf 86' lang='grc' dir='ltr'>ὅλοις</span> <span class='ocrx_word' id='word_1_88' title='bbox 1757 1325 1852 1396; x_wconf 81' lang='grc' dir='ltr'>ἐᾷν</span> <span class='ocrx_word' id='word_1_89' title='bbox 1883 1343 1896 1358; x_wconf 74' lang='grc' dir='ltr'><strong>ο</strong></span> 
     </span>
    </p>
   </div>
   <div class='ocr_carea' id='block_1_15' title="bbox 307 1405 1900 1486">
    <p class='ocr_par' dir='ltr' id='par_1_15' title="bbox 307 1405 1900 1486">
     <span class='ocr_line' id='line_1_15' title="bbox 307 1405 1900 1486; baseline 0.009 -30"><span class='ocrx_word' id='word_1_90' title='bbox 307 1407 357 1456; x_wconf 84' lang='grc' dir='ltr'>οἱ</span> <span class='ocrx_word' id='word_1_91' title='bbox 384 1405 428 1459; x_wconf 83' lang='grc' dir='ltr'>δ’</span> <span class='ocrx_word' id='word_1_92' title='bbox 463 1407 568 1459; x_wconf 81' lang='grc' dir='ltr'>ὑπὸ</span> <span class='ocrx_word' id='word_1_93' title='bbox 602 1407 696 1461; x_wconf 88' lang='grc' dir='ltr'>τοῦ</span> <span class='ocrx_word' id='word_1_94' title='bbox 733 1410 810 1480; x_wconf 83' lang='grc' dir='ltr'>μὴ</span> <span class='ocrx_word' id='word_1_95' title='bbox 839 1413 1026 1466; x_wconf 84' lang='grc' dir='ltr'>πονεῖν</span> <span class='ocrx_word' id='word_1_96' title='bbox 1064 1412 1270 1467; x_wconf 84' lang='grc' dir='ltr'>ἐθέλειν</span> <span class='ocrx_word' id='word_1_97' title='bbox 1309 1417 1402 1467; x_wconf 84' lang='grc' dir='ltr'>καὶ</span> <span class='ocrx_word' id='word_1_98' title='bbox 1436 1416 1748 1486; x_wconf 86' lang='grc' dir='ltr'>τρίϐεσθαι,</span> <span class='ocrx_word' id='word_1_99' title='bbox 1779 1418 1900 1471; x_wconf 75' lang='grc' dir='ltr'>ἀλλ’</span> 
     </span>
    </p>
   </div>
   <div class='ocr_carea' id='block_1_16' title="bbox 308 1496 1899 1582">
    <p class='ocr_par' dir='ltr' id='par_1_16' title="bbox 308 1496 1899 1582">
     <span class='ocr_line' id='line_1_16' title="bbox 308 1496 1899 1582; baseline 0.009 -33"><span class='ocrx_word' id='word_1_100' title='bbox 308 1496 462 1568; x_wconf 79' lang='grc' dir='ltr'>ὕπνῳ</span> <span class='ocrx_word' id='word_1_101' title='bbox 497 1502 592 1554; x_wconf 78' lang='grc' dir='ltr'>καὶ</span> <span class='ocrx_word' id='word_1_102' title='bbox 627 1501 830 1574; x_wconf 75' lang='grc' dir='ltr'>νωθείᾳ</span> <span class='ocrx_word' id='word_1_103' title='bbox 865 1503 1162 1572; x_wconf 76' lang='grc' dir='ltr'>δουλεύειν,</span> <span class='ocrx_word' id='word_1_104' title='bbox 1216 1507 1312 1560; x_wconf 74' lang='grc' dir='ltr'>καὶ</span> <span class='ocrx_word' id='word_1_105' title='bbox 1348 1509 1447 1578; x_wconf 81' lang='grc' dir='ltr'>τὴν</span> <span class='ocrx_word' id='word_1_106' title='bbox 1483 1509 1664 1562; x_wconf 75' lang='grc' dir='ltr'>αὐτῶν</span> <span class='ocrx_word' id='word_1_107' title='bbox 1702 1510 1899 1582; x_wconf 70' lang='grc' dir='ltr'>ἡδονὴν</span> 
     </span>
    </p>
   </div>
   <div class='ocr_carea' id='block_1_17' title="bbox 308 1593 1899 1671">
    <p class='ocr_par' dir='ltr' id='par_1_17' title="bbox 308 1593 1899 1671">
     <span class='ocr_line' id='line_1_17' title="bbox 308 1593 1899 1671; baseline 0.008 -26"><span class='ocrx_word' id='word_1_108' title='bbox 308 1593 587 1662; x_wconf 82' lang='grc' dir='ltr'>προτέραν</span> <span class='ocrx_word' id='word_1_109' title='bbox 615 1594 708 1648; x_wconf 90' lang='grc' dir='ltr'>τοῦ</span> <span class='ocrx_word' id='word_1_110' title='bbox 737 1600 894 1668; x_wconf 83' lang='grc' dir='ltr'>κοινῇ</span> <span class='ocrx_word' id='word_1_111' title='bbox 920 1597 1294 1670; x_wconf 73' lang='grc' dir='ltr'>ξυμφέροντος</span> <span class='ocrx_word' id='word_1_112' title='bbox 1317 1607 1548 1671; x_wconf 87' lang='grc' dir='ltr'>κρίνειν,</span> <span class='ocrx_word' id='word_1_113' title='bbox 1574 1604 1642 1658; x_wconf 85' lang='grc' dir='ltr'>τὰ</span> <span class='ocrx_word' id='word_1_114' title='bbox 1670 1604 1899 1658; x_wconf 88' lang='grc' dir='ltr'>τοιαῦτα</span> 
     </span>
    </p>
   </div>
   <div class='ocr_carea' id='block_1_18' title="bbox 303 1685 1896 1766">
    <p class='ocr_par' dir='ltr' id='par_1_18' title="bbox 303 1685 1896 1766">
     <span class='ocr_line' id='line_1_18' title="bbox 303 1685 1896 1766; baseline 0.006 -27"><span class='ocrx_word' id='word_1_115' title='bbox 303 1685 762 1742; x_wconf 83' lang='grc' dir='ltr'>λειποτακτοῦσιν</span> <span class='ocrx_word' id='word_1_116' title='bbox 786 1704 802 1720; x_wconf 89' lang='grc'><strong>·</strong></span> <span class='ocrx_word' id='word_1_117' title='bbox 837 1690 965 1744; x_wconf 83' lang='grc' dir='ltr'>ἄνευ</span> <span class='ocrx_word' id='word_1_118' title='bbox 1002 1692 1058 1744; x_wconf 86' lang='grc' dir='ltr'>δὲ</span> <span class='ocrx_word' id='word_1_119' title='bbox 1102 1694 1314 1748; x_wconf 88' lang='grc' dir='ltr'>τούτων</span> <span class='ocrx_word' id='word_1_120' title='bbox 1343 1697 1445 1748; x_wconf 74' lang='grc' dir='ltr'>οὐκ</span> <span class='ocrx_word' id='word_1_121' title='bbox 1474 1696 1540 1749; x_wconf 80' lang='grc' dir='ltr'>ἂν</span> <span class='ocrx_word' id='word_1_122' title='bbox 1570 1696 1687 1766; x_wconf 73' lang='grc' dir='ltr'>ἔχοι</span> <span class='ocrx_word' id='word_1_123' title='bbox 1717 1697 1896 1765; x_wconf 88' lang='grc' dir='ltr'>λόγον,</span> 
     </span>
    </p>
   </div>
   <div class='ocr_carea' id='block_1_19' title="bbox 305 1778 1900 1860">
    <p class='ocr_par' dir='ltr' id='par_1_19' title="bbox 305 1778 1900 1860">
     <span class='ocr_line' id='line_1_19' title="bbox 305 1778 1900 1860; baseline 0.008 -31"><span class='ocrx_word' id='word_1_124' title='bbox 305 1778 406 1847; x_wconf 85' lang='grc' dir='ltr'>τῆς</span> <span class='ocrx_word' id='word_1_125' title='bbox 441 1778 541 1847; x_wconf 83' lang='grc' dir='ltr'>μὲν</span> <span class='ocrx_word' id='word_1_126' title='bbox 573 1781 824 1849; x_wconf 85' lang='grc' dir='ltr'>φυλακῆς</span> <span class='ocrx_word' id='word_1_127' title='bbox 869 1784 997 1846; x_wconf 80' lang='grc' dir='ltr'>τοὺς</span> <span class='ocrx_word' id='word_1_128' title='bbox 1032 1785 1264 1854; x_wconf 79' lang='grc' dir='ltr'>μισθοὺς</span> <span class='ocrx_word' id='word_1_129' title='bbox 1311 1787 1551 1851; x_wconf 80' lang='grc' dir='ltr'>ἐντελεῖς</span> <span class='ocrx_word' id='word_1_130' title='bbox 1595 1787 1900 1860; x_wconf 77' lang='grc' dir='ltr'>λαμϐάνειν</span> 
     </span>
    </p>
   </div>
   <div class='ocr_carea' id='block_1_20' title="bbox 2005 606 3600 679">
    <p class='ocr_par' dir='ltr' id='par_1_20' title="bbox 2005 606 3600 679">
     <span class='ocr_line' id='line_1_20' title="bbox 2005 606 3600 679; baseline 0.007 -18"><span class='ocrx_word' id='word_1_131' title='bbox 2005 621 2241 676; x_wconf 86' lang='lat' dir='ltr'><strong>quorum</strong></span> <span class='ocrx_word' id='word_1_132' title='bbox 2271 606 2423 676; x_wconf 90' lang='lat' dir='ltr'><strong>prius</strong></span> <span class='ocrx_word' id='word_1_133' title='bbox 2449 607 2711 664; x_wconf 77' lang='lat' dir='ltr'>custodes</span> <span class='ocrx_word' id='word_1_134' title='bbox 2737 608 2978 679; x_wconf 79' lang='lat' dir='ltr'>fuerant,</span> <span class='ocrx_word' id='word_1_135' title='bbox 3016 627 3115 668; x_wconf 80' lang='lat' dir='ltr'>eos</span> <span class='ocrx_word' id='word_1_136' title='bbox 3155 613 3396 670; x_wconf 83' lang='lat' dir='ltr'>libenter</span> <span class='ocrx_word' id='word_1_137' title='bbox 3419 615 3600 672; x_wconf 79' lang='lat' dir='ltr'><strong>hosti-</strong></span> 
     </span>
    </p>
   </div>
   <div class='ocr_carea' id='block_1_21' title="bbox 2004 721 3605 794">
    <p class='ocr_par' dir='ltr' id='par_1_21' title="bbox 2004 721 3605 794">
     <span class='ocr_line' id='line_1_21' title="bbox 2004 721 3605 794; baseline 0.007 -19"><span class='ocrx_word' id='word_1_138' title='bbox 2004 721 2108 775; x_wconf 88' lang='lat' dir='ltr'>bus</span> <span class='ocrx_word' id='word_1_139' title='bbox 2145 721 2386 785; x_wconf 89' lang='lat' dir='ltr'><strong>tradent,</strong></span> <span class='ocrx_word' id='word_1_140' title='bbox 2419 733 2534 777; x_wconf 88' lang='lat' dir='ltr'>tum</span> <span class='ocrx_word' id='word_1_141' title='bbox 2565 738 2691 778; x_wconf 92' lang='lat' dir='ltr'>cum</span> <span class='ocrx_word' id='word_1_142' title='bbox 2716 725 3050 794; x_wconf 86' lang='lat' dir='ltr'><strong>permissum</strong></span> <span class='ocrx_word' id='word_1_143' title='bbox 3073 736 3160 782; x_wconf 87' lang='lat' dir='ltr'><strong>est</strong></span> <span class='ocrx_word' id='word_1_144' title='bbox 3203 728 3396 785; x_wconf 78' lang='lat' dir='ltr'><strong>officiis</strong></span> <span class='ocrx_word' id='word_1_145' title='bbox 3427 731 3605 786; x_wconf 87' lang='lat' dir='ltr'><strong>satis-</strong></span> 
     </span>
    </p>
   </div>
   <div class='ocr_carea' id='block_1_22' title="bbox 2009 834 3608 910">
    <p class='ocr_par' dir='ltr' id='par_1_22' title="bbox 2009 834 3608 910">
     <span class='ocr_line' id='line_1_22' title="bbox 2009 834 3608 910; baseline 0.008 -23"><span class='ocrx_word' id='word_1_146' title='bbox 2009 834 2217 900; x_wconf 79' lang='lat' dir='ltr'>facere,</span> <span class='ocrx_word' id='word_1_147' title='bbox 2244 836 2512 892; x_wconf 83' lang='lat' dir='ltr'>excubias</span> <span class='ocrx_word' id='word_1_148' title='bbox 2551 853 2710 908; x_wconf 80' lang='lat' dir='ltr'><strong>agere</strong></span> <span class='ocrx_word' id='word_1_149' title='bbox 2737 854 2914 910; x_wconf 89' lang='lat' dir='ltr'><strong>usque</strong></span> <span class='ocrx_word' id='word_1_150' title='bbox 2941 839 3006 894; x_wconf 87' lang='lat' dir='ltr'>ad</span> <span class='ocrx_word' id='word_1_151' title='bbox 3032 840 3338 908; x_wconf 82' lang='lat' dir='ltr'><strong>fastidium,</strong></span> <span class='ocrx_word' id='word_1_152' title='bbox 3375 843 3506 900; x_wconf 86' lang='lat' dir='ltr'><strong>dein</strong></span> <span class='ocrx_word' id='word_1_153' title='bbox 3539 845 3608 900; x_wconf 88' lang='lat' dir='ltr'>iis</span> 
     </span>
    </p>
   </div>
   <div class='ocr_carea' id='block_1_23' title="bbox 2004 950 3600 1029">
    <p class='ocr_par' dir='ltr' id='par_1_23' title="bbox 2004 950 3600 1029">
     <span class='ocr_line' id='line_1_23' title="bbox 2004 950 3600 1029; baseline 0.006 -24"><span class='ocrx_word' id='word_1_154' title='bbox 2004 950 2342 1006; x_wconf 83' lang='lat' dir='ltr'>valedicere.</span> <span class='ocrx_word' id='word_1_155' title='bbox 2375 951 2416 1006; x_wconf 90' lang='lat' dir='ltr'>li</span> <span class='ocrx_word' id='word_1_156' title='bbox 2445 951 2648 1008; x_wconf 89' lang='lat' dir='ltr'><strong>deinde</strong></span> <span class='ocrx_word' id='word_1_157' title='bbox 2677 952 2771 1024; x_wconf 90' lang='lat' dir='ltr'>qui</span> <span class='ocrx_word' id='word_1_158' title='bbox 2801 969 3006 1024; x_wconf 89' lang='lat' dir='ltr'><strong>corpus</strong></span> <span class='ocrx_word' id='word_1_159' title='bbox 3031 955 3342 1012; x_wconf 87' lang='lat' dir='ltr'><strong>laborando</strong></span> <span class='ocrx_word' id='word_1_160' title='bbox 3367 956 3600 1029; x_wconf 81' lang='lat' dir='ltr'><strong>fatigare</strong></span> 
     </span>
    </p>
   </div>
   <div class='ocr_carea' id='block_1_24' title="bbox 2004 1065 3604 1141">
    <p class='ocr_par' dir='ltr' id='par_1_24' title="bbox 2004 1065 3604 1141">
     <span class='ocr_line' id='line_1_24' title="bbox 2004 1065 3604 1141; baseline 0.006 -22"><span class='ocrx_word' id='word_1_161' title='bbox 2004 1065 2222 1129; x_wconf 89' lang='lat' dir='ltr'><strong>nolunt,</strong></span> <span class='ocrx_word' id='word_1_162' title='bbox 2251 1081 2508 1121; x_wconf 89' lang='lat' dir='ltr'><strong>somnum</strong></span> <span class='ocrx_word' id='word_1_163' title='bbox 2528 1075 2714 1121; x_wconf 87' lang='lat' dir='ltr'><strong>autem</strong></span> <span class='ocrx_word' id='word_1_164' title='bbox 2733 1076 2790 1123; x_wconf 92' lang='lat' dir='ltr'>et</span> <span class='ocrx_word' id='word_1_165' title='bbox 2813 1067 3176 1124; x_wconf 87' lang='lat' dir='ltr'>indolentiam</span> <span class='ocrx_word' id='word_1_166' title='bbox 3208 1071 3381 1141; x_wconf 83' lang='lat' dir='ltr'><strong>magis</strong></span> <span class='ocrx_word' id='word_1_167' title='bbox 3411 1081 3604 1127; x_wconf 87' lang='lat' dir='ltr'><strong>amant</strong></span> 
     </span>
    </p>
   </div>
   <div class='ocr_carea' id='block_1_25' title="bbox 2003 1181 3602 1256">
    <p class='ocr_par' dir='ltr' id='par_1_25' title="bbox 2003 1181 3602 1256">
     <span class='ocr_line' id='line_1_25' title="bbox 2003 1181 3602 1256; baseline 0.004 -20"><span class='ocrx_word' id='word_1_168' title='bbox 2003 1193 2060 1236; x_wconf 90' lang='lat' dir='ltr'>et</span> <span class='ocrx_word' id='word_1_169' title='bbox 2084 1181 2180 1252; x_wconf 88' lang='lat' dir='ltr'>qui</span> <span class='ocrx_word' id='word_1_170' title='bbox 2219 1182 2555 1252; x_wconf 85' lang='lat' dir='ltr'><strong>voluptatem</strong></span> <span class='ocrx_word' id='word_1_171' title='bbox 2591 1183 2862 1252; x_wconf 85' lang='lat' dir='ltr'><strong>privatam</strong></span> <span class='ocrx_word' id='word_1_172' title='bbox 2917 1184 3142 1240; x_wconf 90' lang='lat' dir='ltr'><strong>utilitati</strong></span> <span class='ocrx_word' id='word_1_173' title='bbox 3176 1186 3414 1256; x_wconf 59' lang='lat' dir='ltr'><strong>publicat</strong></span> <span class='ocrx_word' id='word_1_174' title='bbox 3439 1197 3602 1243; x_wconf 87' lang='lat' dir='ltr'><strong>ante-</strong></span> 
     </span>
    </p>
   </div>
   <div class='ocr_carea' id='block_1_26' title="bbox 2008 1294 3596 1364">
    <p class='ocr_par' dir='ltr' id='par_1_26' title="bbox 2008 1294 3596 1364">
     <span class='ocr_line' id='line_1_26' title="bbox 2008 1294 3596 1364; baseline 0.004 -17"><span class='ocrx_word' id='word_1_175' title='bbox 2008 1301 2246 1364; x_wconf 91' lang='lat' dir='ltr'><strong>ponunt,</strong></span> <span class='ocrx_word' id='word_1_176' title='bbox 2277 1294 2474 1350; x_wconf 88' lang='lat' dir='ltr'><strong>ordine</strong></span> <span class='ocrx_word' id='word_1_177' title='bbox 2503 1294 2810 1362; x_wconf 84' lang='lat' dir='ltr'>excedent;</span> <span class='ocrx_word' id='word_1_178' title='bbox 2844 1295 3000 1351; x_wconf 80' lang='lat' dir='ltr'><strong>nefas</strong></span> <span class='ocrx_word' id='word_1_179' title='bbox 3023 1296 3172 1351; x_wconf 90' lang='lat' dir='ltr'><strong>enim</strong></span> <span class='ocrx_word' id='word_1_180' title='bbox 3197 1308 3346 1353; x_wconf 88' lang='lat' dir='ltr'><strong>esset</strong></span> <span class='ocrx_word' id='word_1_181' title='bbox 3379 1312 3596 1355; x_wconf 88' lang='lat' dir='ltr'><strong>merce-</strong></span> 
     </span>
    </p>
   </div>
   <div class='ocr_carea' id='block_1_27' title="bbox 2009 1404 3598 1479">
    <p class='ocr_par' dir='ltr' id='par_1_27' title="bbox 2009 1404 3598 1479">
     <span class='ocr_line' id='line_1_27' title="bbox 2009 1404 3598 1479; baseline 0.005 -21"><span class='ocrx_word' id='word_1_182' title='bbox 2009 1404 2423 1476; x_wconf 86' lang='lat' dir='ltr'><strong>demintegram</strong></span> <span class='ocrx_word' id='word_1_183' title='bbox 2460 1407 2744 1476; x_wconf 87' lang='lat' dir='ltr'><strong>postulare</strong></span> <span class='ocrx_word' id='word_1_184' title='bbox 2785 1422 2887 1477; x_wconf 90' lang='lat' dir='ltr'>pro</span> <span class='ocrx_word' id='word_1_185' title='bbox 2918 1407 3106 1464; x_wconf 88' lang='lat' dir='ltr'><strong>labore</strong></span> <span class='ocrx_word' id='word_1_186' title='bbox 3141 1424 3282 1479; x_wconf 89' lang='lat' dir='ltr'><strong>pene</strong></span> <span class='ocrx_word' id='word_1_187' title='bbox 3316 1411 3598 1468; x_wconf 83' lang='lat' dir='ltr'><strong>inchoato.</strong></span> 
     </span>
    </p>
   </div>
   <div class='ocr_carea' id='block_1_28' title="bbox 2009 1517 3603 1592">
    <p class='ocr_par' dir='ltr' id='par_1_28' title="bbox 2009 1517 3603 1592">
     <span class='ocr_line' id='line_1_28' title="bbox 2009 1517 3603 1592; baseline 0.004 -18"><span class='ocrx_word' id='word_1_188' title='bbox 2009 1517 2065 1574; x_wconf 91' lang='lat' dir='ltr'><strong>Si</strong></span> <span class='ocrx_word' id='word_1_189' title='bbox 2091 1519 2240 1575; x_wconf 87' lang='lat' dir='ltr'><strong>enim</strong></span> <span class='ocrx_word' id='word_1_190' title='bbox 2261 1519 2529 1575; x_wconf 68' lang='lat' dir='ltr'><strong>custodite</strong></span> <span class='ocrx_word' id='word_1_191' title='bbox 2554 1535 2730 1591; x_wconf 90' lang='lat' dir='ltr'><strong>usque</strong></span> <span class='ocrx_word' id='word_1_192' title='bbox 2751 1520 2821 1576; x_wconf 88' lang='lat' dir='ltr'>ad</span> <span class='ocrx_word' id='word_1_193' title='bbox 2845 1521 3008 1577; x_wconf 83' lang='lat' dir='ltr'><strong>linem</strong></span> <span class='ocrx_word' id='word_1_194' title='bbox 3030 1537 3254 1592; x_wconf 82' lang='lat' dir='ltr'><strong>operam</strong></span> <span class='ocrx_word' id='word_1_195' title='bbox 3279 1523 3412 1578; x_wconf 89' lang='lat' dir='ltr'><strong>dare</strong></span> <span class='ocrx_word' id='word_1_196' title='bbox 3444 1539 3603 1580; x_wconf 87' lang='lat' dir='ltr'><strong>recu-</strong></span> 
     </span>
    </p>
   </div>
   <div class='ocr_carea' id='block_1_29' title="bbox 2006 1635 3603 1710">
    <p class='ocr_par' dir='ltr' id='par_1_29' title="bbox 2006 1635 3603 1710">
     <span class='ocr_line' id='line_1_29' title="bbox 2006 1635 3603 1710; baseline 0.003 -21"><span class='ocrx_word' id='word_1_197' title='bbox 2006 1645 2152 1702; x_wconf 86' lang='lat' dir='ltr'><strong>sant,</strong></span> <span class='ocrx_word' id='word_1_198' title='bbox 2185 1637 2464 1706; x_wconf 91' lang='lat' dir='ltr'><strong>quomodo</strong></span> <span class='ocrx_word' id='word_1_199' title='bbox 2518 1635 2828 1694; x_wconf 88' lang='lat' dir='ltr'><strong>mercedem</strong></span> <span class='ocrx_word' id='word_1_200' title='bbox 2857 1636 3129 1709; x_wconf 83' lang='lat' dir='ltr'><strong>integram</strong></span> <span class='ocrx_word' id='word_1_201' title='bbox 3188 1637 3603 1710; x_wconf 77' lang='lat' dir='ltr'><strong>eﬂlagitabunt?</strong></span> 
     </span>
    </p>
   </div>
   <div class='ocr_carea' id='block_1_30' title="bbox 2012 1747 3602 1825">
    <p class='ocr_par' dir='ltr' id='par_1_30' title="bbox 2012 1747 3602 1825">
     <span class='ocr_line' id='line_1_30' title="bbox 2012 1747 3602 1825; baseline 0.004 -21"><span class='ocrx_word' id='word_1_202' title='bbox 2012 1747 2172 1816; x_wconf 84' lang='lat' dir='ltr'><strong>Quod</strong></span> <span class='ocrx_word' id='word_1_203' title='bbox 2197 1749 2244 1806; x_wconf 88' lang='lat' dir='ltr'>si</span> <span class='ocrx_word' id='word_1_204' title='bbox 2274 1762 2460 1807; x_wconf 88' lang='lat' dir='ltr'><strong>autem</strong></span> <span class='ocrx_word' id='word_1_205' title='bbox 2485 1765 2636 1806; x_wconf 91' lang='lat' dir='ltr'><strong>nunc</strong></span> <span class='ocrx_word' id='word_1_206' title='bbox 2672 1751 2850 1807; x_wconf 78' lang='lat' dir='ltr'><strong>cilicio</strong></span> <span class='ocrx_word' id='word_1_207' title='bbox 2882 1759 3080 1808; x_wconf 88' lang='lat' dir='ltr'><strong>vacant</strong></span> <span class='ocrx_word' id='word_1_208' title='bbox 3113 1753 3260 1823; x_wconf 91' lang='lat' dir='ltr'><strong>quod</strong></span> <span class='ocrx_word' id='word_1_209' title='bbox 3292 1754 3458 1824; x_wconf 83' lang='lat' dir='ltr'><strong>paulo</strong></span> <span class='ocrx_word' id='word_1_210' title='bbox 3479 1763 3602 1825; x_wconf 91' lang='lat' dir='ltr'><strong>post</strong></span> 
     </span>
    </p>
   </div>
   <div class='ocr_carea' id='block_1_31' title="bbox 303 1863 1894 1950">
    <p class='ocr_par' dir='ltr' id='par_1_31' title="bbox 303 1871 1894 1950">
     <span class='ocr_line' id='line_1_31' title="bbox 303 1871 1894 1950; baseline 0.006 -26"><span class='ocrx_word' id='word_1_211' title='bbox 303 1871 537 1938; x_wconf 80' lang='grc' dir='ltr'>ἐθέλειν,</span> <span class='ocrx_word' id='word_1_212' title='bbox 564 1873 738 1946; x_wconf 79' lang='grc' dir='ltr'>αὐτὴν</span> <span class='ocrx_word' id='word_1_213' title='bbox 771 1875 828 1927; x_wconf 83' lang='grc' dir='ltr'>δέ</span> <span class='ocrx_word' id='word_1_214' title='bbox 850 1875 1057 1948; x_wconf 88' lang='grc' dir='ltr'>ταύτην</span> <span class='ocrx_word' id='word_1_215' title='bbox 1091 1880 1262 1950; x_wconf 81' lang='grc' dir='ltr'>ἀτελῆ</span> <span class='ocrx_word' id='word_1_216' title='bbox 1291 1881 1670 1934; x_wconf 75' lang='grc' dir='ltr'>καταλείπειν.</span> <span class='ocrx_word' id='word_1_217' title='bbox 1705 1882 1770 1934; x_wconf 81' lang='lat' dir='ltr'>El</span> <span class='ocrx_word' id='word_1_218' title='bbox 1802 1880 1894 1950; x_wconf 78' lang='grc' dir='ltr'>μὲν</span> 
     </span>
    </p>
   </div>
   <div class='ocr_carea' id='block_1_32' title="bbox 2002 1863 3602 1950">
    <p class='ocr_par' dir='ltr' id='par_1_32' title="bbox 2009 1863 3602 1936">
     <span class='ocr_line' id='line_1_32' title="bbox 2009 1863 3602 1936; baseline 0.002 -17"><span class='ocrx_word' id='word_1_219' title='bbox 2009 1863 2467 1935; x_wconf 72' lang='lat' dir='ltr'><strong>tergiversantur,</strong></span> <span class='ocrx_word' id='word_1_220' title='bbox 2499 1864 2655 1921; x_wconf 88' lang='lat' dir='ltr'><strong>nullo</strong></span> <span class='ocrx_word' id='word_1_221' title='bbox 2695 1865 2823 1936; x_wconf 86' lang='lat' dir='ltr'><strong>jure</strong></span> <span class='ocrx_word' id='word_1_222' title='bbox 2853 1866 3186 1922; x_wconf 86' lang='lat' dir='ltr'><strong>alterutrum</strong></span> <span class='ocrx_word' id='word_1_223' title='bbox 3215 1865 3450 1932; x_wconf 89' lang='lat' dir='ltr'><strong>faciunt,</strong></span> <span class='ocrx_word' id='word_1_224' title='bbox 3489 1867 3602 1922; x_wconf 85' lang='lat' dir='ltr'>imo</span> 
     </span>
    </p>
   </div>
   <div class='ocr_carea' id='block_1_33' title="bbox 302 1965 1897 2044">
    <p class='ocr_par' dir='ltr' id='par_1_33' title="bbox 302 1965 1897 2044">
     <span class='ocr_line' id='line_1_33' title="bbox 302 1965 1897 2044; baseline 0.006 -28"><span class='ocrx_word' id='word_1_225' title='bbox 302 1965 413 2035; x_wconf 69' lang='grc' dir='ltr'>γὰρ</span> <span class='ocrx_word' id='word_1_226' title='bbox 448 1966 510 2019; x_wconf 83' lang='grc' dir='ltr'>οὐ</span> <span class='ocrx_word' id='word_1_227' title='bbox 541 1967 800 2036; x_wconf 81' lang='grc' dir='ltr'>μέλλουσι</span> <span class='ocrx_word' id='word_1_228' title='bbox 825 1967 914 2022; x_wconf 82' lang='grc' dir='ltr'>διὰ</span> <span class='ocrx_word' id='word_1_229' title='bbox 944 1970 1136 2034; x_wconf 80' lang='grc' dir='ltr'>τέλους</span> <span class='ocrx_word' id='word_1_230' title='bbox 1165 1975 1485 2040; x_wconf 81' lang='grc' dir='ltr'>φυλάττειν,</span> <span class='ocrx_word' id='word_1_231' title='bbox 1520 1975 1572 2027; x_wconf 90' lang='grc' dir='ltr'>τί</span> <span class='ocrx_word' id='word_1_232' title='bbox 1615 1977 1745 2044; x_wconf 64' lang='grc' dir='ltr'>περ)⁸</span> <span class='ocrx_word' id='word_1_233' title='bbox 1769 1977 1897 2037; x_wconf 63' lang='grc' dir='ltr'>τοὺς</span> 
     </span>
    </p>
   </div>
   <div class='ocr_carea' id='block_1_34' title="bbox 308 2055 1899 2137">
    <p class='ocr_par' dir='ltr' id='par_1_34' title="bbox 308 2055 1899 2137">
     <span class='ocr_line' id='line_1_34' title="bbox 308 2055 1899 2137; baseline 0.008 -30"><span class='ocrx_word' id='word_1_234' title='bbox 308 2055 536 2123; x_wconf 82' lang='grc' dir='ltr'>μισθοὺς</span> <span class='ocrx_word' id='word_1_235' title='bbox 561 2059 1052 2131; x_wconf 81' lang='grc' dir='ltr'>ἁκριϐολογοῦνται</span> <span class='ocrx_word' id='word_1_236' title='bbox 1078 2081 1094 2131; x_wconf 88' lang='grc'><strong>;</strong></span> <span class='ocrx_word' id='word_1_237' title='bbox 1119 2067 1169 2118; x_wconf 86' lang='grc' dir='ltr'>εἰ</span> <span class='ocrx_word' id='word_1_238' title='bbox 1199 2065 1246 2119; x_wconf 80' lang='grc' dir='ltr'>δ’</span> <span class='ocrx_word' id='word_1_239' title='bbox 1275 2067 1333 2119; x_wconf 84' lang='grc' dir='ltr'>ὲν</span> <span class='ocrx_word' id='word_1_240' title='bbox 1365 2066 1510 2137; x_wconf 81' lang='grc' dir='ltr'>λόγῳ</span> <span class='ocrx_word' id='word_1_241' title='bbox 1531 2066 1692 2122; x_wconf 85' lang='grc' dir='ltr'>τοῦτο</span> <span class='ocrx_word' id='word_1_242' title='bbox 1721 2070 1899 2121; x_wconf 84' lang='grc' dir='ltr'>ποιεῖν</span> 
     </span>
    </p>
   </div>
   <div class='ocr_carea' id='block_1_35' title="bbox 304 2148 1899 2230">
    <p class='ocr_par' dir='ltr' id='par_1_35' title="bbox 304 2148 1899 2230">
     <span class='ocr_line' id='line_1_35' title="bbox 304 2148 1899 2230; baseline 0.009 -30"><span class='ocrx_word' id='word_1_243' title='bbox 304 2149 513 2202; x_wconf 79' lang='grc' dir='ltr'>οἴονται</span> <span class='ocrx_word' id='word_1_244' title='bbox 553 2151 686 2216; x_wconf 84' lang='grc' dir='ltr'>δεῖν,</span> <span class='ocrx_word' id='word_1_245' title='bbox 719 2148 801 2216; x_wconf 74' lang='grc' dir='ltr'>οἷς</span> <span class='ocrx_word' id='word_1_246' title='bbox 830 2156 889 2206; x_wconf 85' lang='grc' dir='ltr'>ἐν</span> <span class='ocrx_word' id='word_1_247' title='bbox 920 2155 1117 2225; x_wconf 79' lang='grc' dir='ltr'>ἐκείνῳ</span> <span class='ocrx_word' id='word_1_248' title='bbox 1140 2158 1236 2211; x_wconf 84' lang='grc' dir='ltr'>τοῦ</span> <span class='ocrx_word' id='word_1_249' title='bbox 1264 2160 1641 2230; x_wconf 84' lang='grc' dir='ltr'>προσήκοντος</span> <span class='ocrx_word' id='word_1_250' title='bbox 1667 2160 1899 2229; x_wconf 83' lang='grc' dir='ltr'>ἁλογοῦ-</span> 
     </span>
    </p>
   </div>
   <div class='ocr_carea' id='block_1_36' title="bbox 305 2241 1897 2324">
    <p class='ocr_par' dir='ltr' id='par_1_36' title="bbox 305 2241 1897 2324">
     <span class='ocr_line' id='line_1_36' title="bbox 305 2241 1897 2324; baseline 0.009 -33"><span class='ocrx_word' id='word_1_251' title='bbox 305 2257 414 2300; x_wconf 87' lang='grc' dir='ltr'>σιν,</span> <span class='ocrx_word' id='word_1_252' title='bbox 448 2241 570 2294; x_wconf 81' lang='grc' dir='ltr'>οὐδὲ</span> <span class='ocrx_word' id='word_1_253' title='bbox 600 2243 790 2298; x_wconf 82' lang='grc' dir='ltr'>τοῦτον</span> <span class='ocrx_word' id='word_1_254' title='bbox 825 2246 884 2298; x_wconf 87' lang='grc' dir='ltr'>ἐν</span> <span class='ocrx_word' id='word_1_255' title='bbox 913 2247 1058 2317; x_wconf 81' lang='grc' dir='ltr'>λόγῳ</span> <span class='ocrx_word' id='word_1_256' title='bbox 1102 2251 1282 2303; x_wconf 85' lang='grc' dir='ltr'>ποιεῖν</span> <span class='ocrx_word' id='word_1_257' title='bbox 1321 2251 1734 2324; x_wconf 87' lang='grc' dir='ltr'>μαρτυροῦσιν·</span> <span class='ocrx_word' id='word_1_258' title='bbox 1762 2252 1897 2306; x_wconf 85' lang='grc' dir='ltr'>ἀλλὰ</span> 
     </span>
    </p>
   </div>
   <div class='ocr_carea' id='block_1_37' title="bbox 308 2334 1899 2418">
    <p class='ocr_par' dir='ltr' id='par_1_37' title="bbox 308 2334 1899 2418">
     <span class='ocr_line' id='line_1_37' title="bbox 308 2334 1899 2418; baseline 0.008 -32"><span class='ocrx_word' id='word_1_259' title='bbox 308 2336 405 2387; x_wconf 75' lang='grc' dir='ltr'>καὶ</span> <span class='ocrx_word' id='word_1_260' title='bbox 435 2334 535 2405; x_wconf 86' lang='grc' dir='ltr'>τὴν</span> <span class='ocrx_word' id='word_1_261' title='bbox 585 2337 742 2390; x_wconf 86' lang='grc' dir='ltr'>πόλιν</span> <span class='ocrx_word' id='word_1_262' title='bbox 779 2341 836 2391; x_wconf 84' lang='grc' dir='ltr'>ὲν</span> <span class='ocrx_word' id='word_1_263' title='bbox 869 2341 930 2393; x_wconf 86' lang='grc' dir='ltr'>οὐ</span> <span class='ocrx_word' id='word_1_264' title='bbox 983 2345 1206 2413; x_wconf 83' lang='grc' dir='ltr'>μικροῖς</span> <span class='ocrx_word' id='word_1_265' title='bbox 1248 2345 1479 2408; x_wconf 82' lang='grc' dir='ltr'>ἀδικεῖν,</span> <span class='ocrx_word' id='word_1_266' title='bbox 1528 2346 1668 2416; x_wconf 80' lang='grc' dir='ltr'>ὑπὲρ</span> <span class='ocrx_word' id='word_1_267' title='bbox 1701 2341 1770 2418; x_wconf 80' lang='grc' dir='ltr'>ἧς</span> <span class='ocrx_word' id='word_1_268' title='bbox 1808 2364 1899 2414; x_wconf 89' lang='grc' dir='ltr'>μι-</span> 
     </span>
    </p>
   </div>
   <div class='ocr_carea' id='block_1_38' title="bbox 309 2423 1897 2506">
    <p class='ocr_par' dir='ltr' id='par_1_38' title="bbox 309 2423 1897 2506">
     <span class='ocr_line' id='line_1_38' title="bbox 309 2423 1897 2506; baseline 0.009 -30"><span class='ocrx_word' id='word_1_269' title='bbox 309 2423 674 2497; x_wconf 86' lang='grc' dir='ltr'>σθοφοροῦσιν</span> <span class='ocrx_word' id='word_1_270' title='bbox 726 2431 829 2484; x_wconf 84' lang='grc' dir='ltr'>οὐκ</span> <span class='ocrx_word' id='word_1_271' title='bbox 867 2432 1091 2501; x_wconf 84' lang='grc' dir='ltr'>ἐνδεῶς,</span> <span class='ocrx_word' id='word_1_272' title='bbox 1147 2433 1358 2506; x_wconf 87' lang='grc' dir='ltr'>ταύτην</span> <span class='ocrx_word' id='word_1_273' title='bbox 1413 2437 1780 2506; x_wconf 86' lang='grc' dir='ltr'>φυλάττοντες</span> <span class='ocrx_word' id='word_1_274' title='bbox 1815 2439 1897 2491; x_wconf 82' lang='grc' dir='ltr'>ἐν·</span> 
     </span>
    </p>
   </div>
   <div class='ocr_carea' id='block_1_39' title="bbox 305 2517 1896 2600">
    <p class='ocr_par' dir='ltr' id='par_1_39' title="bbox 305 2517 1896 2600">
     <span class='ocr_line' id='line_1_39' title="bbox 305 2517 1896 2600; baseline 0.006 -28"><span class='ocrx_word' id='word_1_275' title='bbox 305 2517 465 2584; x_wconf 87' lang='grc' dir='ltr'>δεῶς,</span> <span class='ocrx_word' id='word_1_276' title='bbox 499 2521 797 2576; x_wconf 85' lang='grc' dir='ltr'>κάντεῦθεν</span> <span class='ocrx_word' id='word_1_277' title='bbox 827 2525 886 2578; x_wconf 85' lang='grc' dir='ltr'>ὃν</span> <span class='ocrx_word' id='word_1_278' title='bbox 914 2525 1054 2596; x_wconf 79' lang='grc' dir='ltr'>ἔφην</span> <span class='ocrx_word' id='word_1_279' title='bbox 1084 2529 1287 2598; x_wconf 86' lang='grc' dir='ltr'>τρόπον</span> <span class='ocrx_word' id='word_1_280' title='bbox 1319 2532 1434 2590; x_wconf 87' lang='grc' dir='ltr'>τοῖς</span> <span class='ocrx_word' id='word_1_281' title='bbox 1464 2531 1677 2600; x_wconf 79' lang='grc' dir='ltr'>ἐχθροῖς</span> <span class='ocrx_word' id='word_1_282' title='bbox 1706 2530 1896 2600; x_wconf 86' lang='grc' dir='ltr'>προδι-</span> 
     </span>
    </p>
   </div>
   <div class='ocr_carea' id='block_1_40' title="bbox 306 2613 1895 2690">
    <p class='ocr_par' dir='ltr' id='par_1_40' title="bbox 306 2613 1895 2690">
     <span class='ocr_line' id='line_1_40' title="bbox 306 2613 1895 2690; baseline 0.006 -24"><span class='ocrx_word' id='word_1_283' title='bbox 306 2613 529 2676; x_wconf 77' lang='grc' dir='ltr'>δόντεςο</span> <span class='ocrx_word' id='word_1_284' title='bbox 579 2615 654 2679; x_wconf 83' lang='grc' dir='ltr'>ὡς</span> <span class='ocrx_word' id='word_1_285' title='bbox 685 2616 780 2670; x_wconf 88' lang='grc' dir='ltr'>οῦν</span> <span class='ocrx_word' id='word_1_286' title='bbox 813 2620 872 2672; x_wconf 86' lang='grc' dir='ltr'>ἐν</span> <span class='ocrx_word' id='word_1_287' title='bbox 918 2620 1132 2683; x_wconf 83' lang='grc' dir='ltr'>τούτοις</span> <span class='ocrx_word' id='word_1_288' title='bbox 1184 2623 1294 2674; x_wconf 86' lang='grc' dir='ltr'>τῶν</span> <span class='ocrx_word' id='word_1_289' title='bbox 1351 2623 1488 2675; x_wconf 78' lang='grc' dir='ltr'>ὅλων</span> <span class='ocrx_word' id='word_1_290' title='bbox 1541 2624 1895 2690; x_wconf 81' lang='grc' dir='ltr'>πραγμάτων</span> 
     </span>
    </p>
   </div>
   <div class='ocr_carea' id='block_1_41' title="bbox 306 2701 1894 2780">
    <p class='ocr_par' dir='ltr' id='par_1_41' title="bbox 306 2701 1894 2780">
     <span class='ocr_line' id='line_1_41' title="bbox 306 2701 1894 2780; baseline 0.006 -26"><span class='ocrx_word' id='word_1_291' title='bbox 306 2701 664 2775; x_wconf 80' lang='grc' dir='ltr'>ὑπαρχόντων</span> <span class='ocrx_word' id='word_1_292' title='bbox 703 2709 770 2777; x_wconf 81' lang='grc' dir='ltr'>τῇ</span> <span class='ocrx_word' id='word_1_293' title='bbox 821 2707 1000 2771; x_wconf 85' lang='grc' dir='ltr'>πόλει,</span> <span class='ocrx_word' id='word_1_294' title='bbox 1045 2709 1142 2762; x_wconf 80' lang='grc' dir='ltr'>καὶ</span> <span class='ocrx_word' id='word_1_295' title='bbox 1174 2709 1276 2779; x_wconf 88' lang='grc' dir='ltr'>τῆς</span> <span class='ocrx_word' id='word_1_296' title='bbox 1321 2711 1516 2780; x_wconf 82' lang='grc' dir='ltr'>κοινῆς</span> <span class='ocrx_word' id='word_1_297' title='bbox 1565 2711 1894 2780; x_wconf 78' lang='grc' dir='ltr'>ἀσφαλείας,</span> 
     </span>
    </p>
   </div>
   <div class='ocr_carea' id='block_1_42' title="bbox 305 2796 1894 2869">
    <p class='ocr_par' dir='ltr' id='par_1_42' title="bbox 305 2796 1894 2869">
     <span class='ocr_line' id='line_1_42' title="bbox 305 2796 1894 2869; baseline 0.004 -21"><span class='ocrx_word' id='word_1_298' title='bbox 305 2799 354 2848; x_wconf 80' lang='grc' dir='ltr'>εἰ</span> <span class='ocrx_word' id='word_1_299' title='bbox 389 2796 470 2849; x_wconf 85' lang='grc' dir='ltr'>δεῖ</span> <span class='ocrx_word' id='word_1_300' title='bbox 497 2798 782 2869; x_wconf 76' lang='grc' dir='ltr'>συντόμως</span> <span class='ocrx_word' id='word_1_301' title='bbox 819 2801 1017 2865; x_wconf 83' lang='grc' dir='ltr'>εἰπεῖν,</span> <span class='ocrx_word' id='word_1_302' title='bbox 1057 2801 1311 2854; x_wconf 77' lang='grc' dir='ltr'>ἐντεῦθεν</span> <span class='ocrx_word' id='word_1_303' title='bbox 1356 2797 1500 2855; x_wconf 81' lang='grc' dir='ltr'>εἶναι</span> <span class='ocrx_word' id='word_1_304' title='bbox 1550 2803 1894 2856; x_wconf 69' lang='grc' dir='ltr'>κινδυνευούσ</span> 
     </span>
    </p>
   </div>
   <div class='ocr_carea' id='block_1_43' title="bbox 306 2890 1894 2966">
    <p class='ocr_par' dir='ltr' id='par_1_43' title="bbox 306 2890 1894 2966">
     <span class='ocr_line' id='line_1_43' title="bbox 306 2890 1894 2966; baseline 0.003 -22"><span class='ocrx_word' id='word_1_305' title='bbox 306 2906 408 2962; x_wconf 87' lang='grc' dir='ltr'>σης</span> <span class='ocrx_word' id='word_1_306' title='bbox 436 2890 534 2944; x_wconf 77' lang='grc' dir='ltr'>καὶ</span> <span class='ocrx_word' id='word_1_307' title='bbox 583 2891 683 2964; x_wconf 79' lang='grc' dir='ltr'>μὴ,</span> <span class='ocrx_word' id='word_1_308' title='bbox 735 2892 945 2947; x_wconf 86' lang='grc' dir='ltr'>κελεύω</span> <span class='ocrx_word' id='word_1_309' title='bbox 993 2895 1090 2948; x_wconf 75' lang='grc' dir='ltr'>καὶ</span> <span class='ocrx_word' id='word_1_310' title='bbox 1139 2895 1366 2958; x_wconf 87' lang='grc' dir='ltr'>τούτους</span> <span class='ocrx_word' id='word_1_311' title='bbox 1406 2895 1498 2947; x_wconf 77' lang='grc' dir='ltr'>καὶ</span> <span class='ocrx_word' id='word_1_312' title='bbox 1547 2894 1642 2958; x_wconf 81' lang='grc' dir='ltr'>οὓς</span> <span class='ocrx_word' id='word_1_313' title='bbox 1691 2896 1894 2966; x_wconf 82' lang='grc' dir='ltr'>ἀρτίως</span> 
     </span>
    </p>
   </div>
   <div class='ocr_carea' id='block_1_44' title="bbox 305 2985 1894 3060">
    <p class='ocr_par' dir='ltr' id='par_1_44' title="bbox 305 2985 1894 3060">
     <span class='ocr_line' id='line_1_44' title="bbox 305 2985 1894 3060; baseline 0.004 -24"><span class='ocrx_word' id='word_1_314' title='bbox 305 2985 610 3056; x_wconf 77' lang='grc' dir='ltr'>ἐμνήσθην,</span> <span class='ocrx_word' id='word_1_315' title='bbox 650 2987 1003 3040; x_wconf 87' lang='grc' dir='ltr'>παντάπασιν</span> <span class='ocrx_word' id='word_1_316' title='bbox 1045 2992 1414 3060; x_wconf 77' lang='grc' dir='ltr'>ἐγρηγορέναι</span> <span class='ocrx_word' id='word_1_317' title='bbox 1443 2991 1539 3043; x_wconf 76' lang='grc' dir='ltr'>καὶ</span> <span class='ocrx_word' id='word_1_318' title='bbox 1587 2991 1783 3060; x_wconf 78' lang='grc' dir='ltr'>νήφειν</span> <span class='ocrx_word' id='word_1_319' title='bbox 1812 2992 1894 3054; x_wconf 86' lang='grc' dir='ltr'>είς</span> 
     </span>
    </p>
   </div>
   <div class='ocr_carea' id='block_1_45' title="bbox 305 3077 1890 3155">
    <p class='ocr_par' dir='ltr' id='par_1_45' title="bbox 305 3077 1890 3155">
     <span class='ocr_line' id='line_1_45' title="bbox 305 3077 1890 3155; baseline 0.001 -22"><span class='ocrx_word' id='word_1_320' title='bbox 305 3077 492 3133; x_wconf 81' lang='grc' dir='ltr'>ἆπανο</span> <span class='ocrx_word' id='word_1_321' title='bbox 526 3082 619 3133; x_wconf 74' lang='grc' dir='ltr'>καὶ</span> <span class='ocrx_word' id='word_1_322' title='bbox 667 3081 812 3136; x_wconf 88' lang='grc' dir='ltr'>οῦτω</span> <span class='ocrx_word' id='word_1_323' title='bbox 851 3084 980 3155; x_wconf 84' lang='grc' dir='ltr'>περὶ</span> <span class='ocrx_word' id='word_1_324' title='bbox 1030 3084 1133 3154; x_wconf 87' lang='grc' dir='ltr'>τὴν</span> <span class='ocrx_word' id='word_1_325' title='bbox 1181 3081 1432 3154; x_wconf 82' lang='grc' dir='ltr'>φυλακὴν</span> <span class='ocrx_word' id='word_1_326' title='bbox 1487 3085 1890 3149; x_wconf 86' lang='grc' dir='ltr'>διανίστασθαι,</span> 
     </span>
    </p>
   </div>
   <div class='ocr_carea' id='block_1_46' title="bbox 303 3169 1886 3248">
    <p class='ocr_par' dir='ltr' id='par_1_46' title="bbox 303 3169 1886 3248">
     <span class='ocr_line' id='line_1_46' title="bbox 303 3169 1886 3248; baseline 0.005 -24"><span class='ocrx_word' id='word_1_327' title='bbox 303 3171 380 3235; x_wconf 80' lang='grc' dir='ltr'>ὡς</span> <span class='ocrx_word' id='word_1_328' title='bbox 417 3173 585 3242; x_wconf 82' lang='grc' dir='ltr'>μηδὲν</span> <span class='ocrx_word' id='word_1_329' title='bbox 622 3169 786 3246; x_wconf 77' lang='grc' dir='ltr'>ἧττον</span> <span class='ocrx_word' id='word_1_330' title='bbox 814 3177 1168 3248; x_wconf 87' lang='grc' dir='ltr'>κυϐερνητῶν</span> <span class='ocrx_word' id='word_1_331' title='bbox 1200 3177 1376 3247; x_wconf 88' lang='grc' dir='ltr'>ίσχειν</span> <span class='ocrx_word' id='word_1_332' title='bbox 1410 3177 1478 3232; x_wconf 84' lang='grc' dir='ltr'>τά</span> <span class='ocrx_word' id='word_1_333' title='bbox 1510 3194 1575 3247; x_wconf 82' lang='grc' dir='ltr'>γε</span> <span class='ocrx_word' id='word_1_334' title='bbox 1610 3179 1844 3232; x_wconf 86' lang='grc' dir='ltr'>τοιαῦτα</span> <span class='ocrx_word' id='word_1_335' title='bbox 1873 3196 1886 3210; x_wconf 88' lang='grc'><strong>·</strong></span> 
     </span>
    </p>
   </div>
   <div class='ocr_carea' id='block_1_47' title="bbox 305 3267 1889 3343">
    <p class='ocr_par' dir='ltr' id='par_1_47' title="bbox 305 3267 1889 3343">
     <span class='ocr_line' id='line_1_47' title="bbox 305 3267 1889 3343; baseline 0.003 -25"><span class='ocrx_word' id='word_1_336' title='bbox 305 3267 528 3336; x_wconf 74' lang='grc' dir='ltr'>καὶγὰρ</span> <span class='ocrx_word' id='word_1_337' title='bbox 550 3270 750 3322; x_wconf 81' lang='grc' dir='ltr'>ἐκεῖνοι</span> <span class='ocrx_word' id='word_1_338' title='bbox 769 3274 865 3322; x_wconf 67' lang='grc' dir='ltr'>καὶ</span> <span class='ocrx_word' id='word_1_339' title='bbox 888 3273 1038 3342; x_wconf 75' lang='grc' dir='ltr'>παρὰ</span> <span class='ocrx_word' id='word_1_340' title='bbox 1061 3273 1239 3326; x_wconf 84' lang='grc' dir='ltr'>πάντα</span> <span class='ocrx_word' id='word_1_341' title='bbox 1262 3273 1365 3342; x_wconf 77' lang='grc' dir='ltr'>μὲν</span> <span class='ocrx_word' id='word_1_342' title='bbox 1387 3273 1560 3343; x_wconf 85' lang='grc' dir='ltr'>δήπου</span> <span class='ocrx_word' id='word_1_343' title='bbox 1580 3273 1674 3326; x_wconf 83' lang='grc' dir='ltr'>τὸν</span> <span class='ocrx_word' id='word_1_344' title='bbox 1700 3272 1889 3338; x_wconf 83' lang='grc' dir='ltr'>πλοῦν,</span> 
     </span>
    </p>
   </div>
   <div class='ocr_carea' id='block_1_48' title="bbox 303 3360 1896 3436">
    <p class='ocr_par' dir='ltr' id='par_1_48' title="bbox 303 3360 1896 3436">
     <span class='ocr_line' id='line_1_48' title="bbox 303 3360 1896 3436; baseline 0.003 -22"><span class='ocrx_word' id='word_1_345' title='bbox 303 3360 402 3430; x_wconf 76' lang='grc' dir='ltr'>οὐχ</span> <span class='ocrx_word' id='word_1_346' title='bbox 446 3360 645 3430; x_wconf 83' lang='grc' dir='ltr'>ἥκιστα</span> <span class='ocrx_word' id='word_1_347' title='bbox 674 3362 731 3414; x_wconf 85' lang='grc' dir='ltr'>δὲ</span> <span class='ocrx_word' id='word_1_348' title='bbox 783 3362 1056 3428; x_wconf 76' lang='grc' dir='ltr'>κλύδωνος</span> <span class='ocrx_word' id='word_1_349' title='bbox 1108 3365 1377 3432; x_wconf 88' lang='grc' dir='ltr'>ὲπιόντος,</span> <span class='ocrx_word' id='word_1_350' title='bbox 1412 3365 1522 3420; x_wconf 68' lang='grc' dir='ltr'>οὐδ’</span> <span class='ocrx_word' id='word_1_351' title='bbox 1567 3368 1659 3418; x_wconf 76' lang='grc' dir='ltr'>ἐπὶ</span> <span class='ocrx_word' id='word_1_352' title='bbox 1697 3367 1896 3436; x_wconf 84' lang='grc' dir='ltr'>μικρὸν</span> 
     </span>
    </p>
   </div>
   <div class='ocr_carea' id='block_1_49' title="bbox 304 3453 1892 3530">
    <p class='ocr_par' dir='ltr' id='par_1_49' title="bbox 304 3453 1892 3530">
     <span class='ocr_line' id='line_1_49' title="bbox 304 3453 1892 3530; baseline 0.003 -24"><span class='ocrx_word' id='word_1_353' title='bbox 304 3453 632 3522; x_wconf 81' lang='grc' dir='ltr'>ἀφίστανται</span> <span class='ocrx_word' id='word_1_354' title='bbox 665 3457 776 3508; x_wconf 90' lang='grc' dir='ltr'>τῶν</span> <span class='ocrx_word' id='word_1_355' title='bbox 810 3459 1036 3521; x_wconf 76' lang='grc' dir='ltr'>οἰάκων,</span> <span class='ocrx_word' id='word_1_356' title='bbox 1066 3459 1178 3512; x_wconf 83' lang='grc' dir='ltr'>οὐδ’</span> <span class='ocrx_word' id='word_1_357' title='bbox 1205 3453 1281 3513; x_wconf 82' lang='grc' dir='ltr'>ὧν</span> <span class='ocrx_word' id='word_1_358' title='bbox 1308 3462 1340 3530; x_wconf 75' lang='grc' dir='ltr'><strong>ἡ</strong></span> <span class='ocrx_word' id='word_1_359' title='bbox 1379 3461 1540 3530; x_wconf 84' lang='grc' dir='ltr'>τέχνη</span> <span class='ocrx_word' id='word_1_360' title='bbox 1584 3463 1678 3512; x_wconf 80' lang='grc' dir='ltr'>καὶ</span> <span class='ocrx_word' id='word_1_361' title='bbox 1705 3460 1777 3511; x_wconf 77' lang='grc' dir='ltr'>τὸ</span> <span class='ocrx_word' id='word_1_362' title='bbox 1796 3460 1892 3528; x_wconf 83' lang='grc' dir='ltr'>τῆς</span> 
     </span>
    </p>
   </div>
   <div class='ocr_carea' id='block_1_50' title="bbox 303 3548 1894 3623">
    <p class='ocr_par' dir='ltr' id='par_1_50' title="bbox 303 3548 1894 3623">
     <span class='ocr_line' id='line_1_50' title="bbox 303 3548 1894 3623; baseline -0.007 -9"><span class='ocrx_word' id='word_1_363' title='bbox 303 3548 496 3619; x_wconf 72' lang='grc' dir='ltr'>χρείας</span> <span class='ocrx_word' id='word_1_364' title='bbox 525 3549 838 3618; x_wconf 76' lang='grc' dir='ltr'>ἀναγκάζον</span> <span class='ocrx_word' id='word_1_365' title='bbox 870 3552 1108 3622; x_wconf 81' lang='grc' dir='ltr'>παρέχει</span> <span class='ocrx_word' id='word_1_366' title='bbox 1133 3569 1147 3584; x_wconf 88' lang='grc'><strong>·</strong></span> <span class='ocrx_word' id='word_1_367' title='bbox 1179 3552 1318 3606; x_wconf 79' lang='grc' dir='ltr'>ἀλλὰ</span> <span class='ocrx_word' id='word_1_368' title='bbox 1370 3555 1468 3606; x_wconf 76' lang='grc' dir='ltr'>καὶ</span> <span class='ocrx_word' id='word_1_369' title='bbox 1491 3554 1734 3623; x_wconf 86' lang='grc' dir='ltr'>νύκτωρ,</span> <span class='ocrx_word' id='word_1_370' title='bbox 1775 3552 1894 3604; x_wconf 78' lang='grc' dir='ltr'>ἔστι</span> 
     </span>
    </p>
   </div>
   <div class='ocr_carea' id='block_1_51' title="bbox 303 3642 1894 3718">
    <p class='ocr_par' dir='ltr' id='par_1_51' title="bbox 303 3642 1894 3718">
     <span class='ocr_line' id='line_1_51' title="bbox 303 3642 1894 3718; baseline 0.013 -25"><span class='ocrx_word' id='word_1_371' title='bbox 303 3642 352 3694; x_wconf 83' lang='grc' dir='ltr'>δ’</span> <span class='ocrx_word' id='word_1_372' title='bbox 392 3643 482 3694; x_wconf 80' lang='grc' dir='ltr'>ὅτε</span> <span class='ocrx_word' id='word_1_373' title='bbox 529 3645 625 3696; x_wconf 72' lang='grc' dir='ltr'>καὶ</span> <span class='ocrx_word' id='word_1_374' title='bbox 669 3645 768 3715; x_wconf 76' lang='grc' dir='ltr'>τῆς</span> <span class='ocrx_word' id='word_1_375' title='bbox 806 3648 1237 3717; x_wconf 77' lang='grc' dir='ltr'>ἐπιγιγνομένης</span> <span class='ocrx_word' id='word_1_376' title='bbox 1267 3647 1506 3718; x_wconf 77' lang='grc' dir='ltr'>ἡμέρας,</span> <span class='ocrx_word' id='word_1_377' title='bbox 1557 3646 1719 3700; x_wconf 73' lang='grc' dir='ltr'>πάνθ’</span> <span class='ocrx_word' id='word_1_378' title='bbox 1751 3646 1894 3715; x_wconf 67' lang='grc' dir='ltr'>ὑπὲρ</span> 
     </span>
    </p>
   </div>
   <div class='ocr_carea' id='block_1_52' title="bbox 304 3735 1892 3809">
    <p class='ocr_par' dir='ltr' id='par_1_52' title="bbox 304 3735 1892 3809">
     <span class='ocr_line' id='line_1_52' title="bbox 304 3735 1892 3809; baseline 0.002 -24"><span class='ocrx_word' id='word_1_379' title='bbox 304 3735 401 3804; x_wconf 86' lang='grc' dir='ltr'>τῆς</span> <span class='ocrx_word' id='word_1_380' title='bbox 435 3735 544 3787; x_wconf 91' lang='grc' dir='ltr'>τῶν</span> <span class='ocrx_word' id='word_1_381' title='bbox 585 3738 935 3804; x_wconf 78' lang='grc' dir='ltr'>ἐμπλεόντων</span> <span class='ocrx_word' id='word_1_382' title='bbox 965 3737 1246 3809; x_wconf 84' lang='grc' dir='ltr'>σωτηρίας</span> <span class='ocrx_word' id='word_1_383' title='bbox 1278 3742 1459 3790; x_wconf 83' lang='grc' dir='ltr'>ποιεῖν</span> <span class='ocrx_word' id='word_1_384' title='bbox 1502 3739 1708 3790; x_wconf 76' lang='grc' dir='ltr'>οἴονται</span> <span class='ocrx_word' id='word_1_385' title='bbox 1752 3737 1892 3807; x_wconf 83' lang='grc' dir='ltr'>χρῆ-</span> 
     </span>
    </p>
   </div>
   <div class='ocr_carea' id='block_1_53' title="bbox 294 3830 1894 3902">
    <p class='ocr_par' dir='ltr' id='par_1_53' title="bbox 294 3830 1894 3902">
     <span class='ocr_line' id='line_1_53' title="bbox 294 3830 1894 3902; baseline -0.003 -20"><span class='ocrx_word' id='word_1_386' title='bbox 294 3848 417 3896; x_wconf 75' lang='grc' dir='ltr'>ναι,</span> <span class='ocrx_word' id='word_1_387' title='bbox 456 3831 592 3901; x_wconf 85' lang='grc' dir='ltr'>ὁμοῦ</span> <span class='ocrx_word' id='word_1_388' title='bbox 625 3849 684 3883; x_wconf 90' lang='grc' dir='ltr'>τε</span> <span class='ocrx_word' id='word_1_389' title='bbox 720 3831 858 3902; x_wconf 85' lang='grc' dir='ltr'>πρὸς</span> <span class='ocrx_word' id='word_1_390' title='bbox 886 3833 1040 3901; x_wconf 83' lang='grc' dir='ltr'>κῦμα</span> <span class='ocrx_word' id='word_1_391' title='bbox 1079 3830 1586 3900; x_wconf 81' lang='grc' dir='ltr'>παραϐαλλόμενοι,</span> <span class='ocrx_word' id='word_1_392' title='bbox 1620 3830 1717 3882; x_wconf 78' lang='grc' dir='ltr'>καὶ</span> <span class='ocrx_word' id='word_1_393' title='bbox 1757 3832 1894 3898; x_wconf 85' lang='grc' dir='ltr'>πρὸς</span> 
     </span>
    </p>
   </div>
   <div class='ocr_carea' id='block_1_54' title="bbox 185 3921 1894 4004">
    <p class='ocr_par' dir='ltr' id='par_1_54' title="bbox 185 3921 1894 4004">
     <span class='ocr_line' id='line_1_54' title="bbox 185 3921 1894 4004; baseline -0.003 -28"><span class='ocrx_word' id='word_1_394' title='bbox 185 3993 203 4004; x_wconf 76' lang='lat'><em>_</em></span> <span class='ocrx_word' id='word_1_395' title='bbox 304 3924 542 3995; x_wconf 83' lang='grc' dir='ltr'>ἀστέρας</span> <span class='ocrx_word' id='word_1_396' title='bbox 577 3924 822 3994; x_wconf 82' lang='grc' dir='ltr'>συνεχῶς</span> <span class='ocrx_word' id='word_1_397' title='bbox 853 3923 1194 3994; x_wconf 82' lang='grc' dir='ltr'>ἀφορῶντες,</span> <span class='ocrx_word' id='word_1_398' title='bbox 1227 3923 1488 3977; x_wconf 79' lang='grc' dir='ltr'>κάκεῖθεν</span> <span class='ocrx_word' id='word_1_399' title='bbox 1516 3921 1894 3992; x_wconf 85' lang='grc' dir='ltr'>λαμϐάνοντες</span> 
     </span>
    </p>
   </div>
   <div class='ocr_carea' id='block_1_55' title="bbox 302 4007 1893 4084">
    <p class='ocr_par' dir='ltr' id='par_1_55' title="bbox 302 4007 1893 4084">
     <span class='ocr_line' id='line_1_55' title="bbox 302 4007 1893 4084; baseline -0.006 -16"><span class='ocrx_word' id='word_1_400' title='bbox 302 4014 397 4070; x_wconf 87' lang='grc' dir='ltr'>τοῦ</span> <span class='ocrx_word' id='word_1_401' title='bbox 421 4015 680 4083; x_wconf 84' lang='grc' dir='ltr'>ποιητέου</span> <span class='ocrx_word' id='word_1_402' title='bbox 708 4015 770 4066; x_wconf 71' lang='grc' dir='ltr'>τὸ</span> <span class='ocrx_word' id='word_1_403' title='bbox 799 4013 1073 4084; x_wconf 87' lang='grc' dir='ltr'>σύνθημα.</span> <span class='ocrx_word' id='word_1_404' title='bbox 1103 4007 1238 4065; x_wconf 79' lang='grc' dir='ltr'>Εἶτα</span> <span class='ocrx_word' id='word_1_405' title='bbox 1263 4011 1636 4082; x_wconf 83' lang='grc' dir='ltr'>κυϐερνήταις</span> <span class='ocrx_word' id='word_1_406' title='bbox 1672 4009 1772 4079; x_wconf 77' lang='grc' dir='ltr'>μὲν</span> <span class='ocrx_word' id='word_1_407' title='bbox 1800 4008 1893 4060; x_wconf 81' lang='grc' dir='ltr'>οὑ-</span> 
     </span>
    </p>
   </div>
   <div class='ocr_carea' id='block_1_56' title="bbox 301 4103 1892 4179">
    <p class='ocr_par' dir='ltr' id='par_1_56' title="bbox 301 4103 1892 4179">
     <span class='ocr_line' id='line_1_56' title="bbox 301 4103 1892 4179; baseline -0.005 -16"><span class='ocrx_word' id='word_1_408' title='bbox 301 4110 436 4164; x_wconf 74' lang='grc' dir='ltr'>τωσὶ</span> <span class='ocrx_word' id='word_1_409' title='bbox 469 4109 620 4179; x_wconf 85' lang='grc' dir='ltr'>μέλει</span> <span class='ocrx_word' id='word_1_410' title='bbox 648 4107 786 4162; x_wconf 87' lang='grc' dir='ltr'>νεῶν</span> <span class='ocrx_word' id='word_1_411' title='bbox 813 4108 908 4162; x_wconf 79' lang='grc' dir='ltr'>καὶ</span> <span class='ocrx_word' id='word_1_412' title='bbox 939 4108 1034 4161; x_wconf 87' lang='grc' dir='ltr'>τοῦ</span> <span class='ocrx_word' id='word_1_413' title='bbox 1070 4105 1191 4159; x_wconf 72' lang='grc' dir='ltr'>κατ’</span> <span class='ocrx_word' id='word_1_414' title='bbox 1221 4106 1394 4168; x_wconf 79' lang='grc' dir='ltr'>αὐτάς</span> <span class='ocrx_word' id='word_1_415' title='bbox 1425 4103 1700 4174; x_wconf 82' lang='grc' dir='ltr'>σωτηρίου</span> <span class='ocrx_word' id='word_1_416' title='bbox 1721 4118 1736 4132; x_wconf 75' lang='grc'><strong>⁸</strong></span> <span class='ocrx_word' id='word_1_417' title='bbox 1766 4105 1892 4165; x_wconf 79' lang='grc' dir='ltr'>τοὺς</span> 
     </span>
    </p>
   </div>
   <div class='ocr_carea' id='block_1_57' title="bbox 301 4198 1893 4270">
    <p class='ocr_par' dir='ltr' id='par_1_57' title="bbox 301 4198 1893 4270">
     <span class='ocr_line' id='line_1_57' title="bbox 301 4198 1893 4270; baseline -0.003 -15"><span class='ocrx_word' id='word_1_418' title='bbox 301 4202 359 4255; x_wconf 82' lang='grc' dir='ltr'>δὲ</span> <span class='ocrx_word' id='word_1_419' title='bbox 395 4205 504 4255; x_wconf 75' lang='grc' dir='ltr'>τῶν</span> <span class='ocrx_word' id='word_1_420' title='bbox 560 4201 771 4254; x_wconf 86' lang='grc' dir='ltr'>πόλεων</span> <span class='ocrx_word' id='word_1_421' title='bbox 823 4200 1077 4270; x_wconf 87' lang='grc' dir='ltr'>φύλακας</span> <span class='ocrx_word' id='word_1_422' title='bbox 1122 4201 1184 4252; x_wconf 83' lang='grc' dir='ltr'>οὐ</span> <span class='ocrx_word' id='word_1_423' title='bbox 1238 4198 1424 4268; x_wconf 88' lang='grc' dir='ltr'>πολλῷ</span> <span class='ocrx_word' id='word_1_424' title='bbox 1476 4199 1679 4268; x_wconf 84' lang='grc' dir='ltr'>μᾶλλον</span> <span class='ocrx_word' id='word_1_425' title='bbox 1732 4203 1893 4251; x_wconf 73' lang='grc' dir='ltr'>ταυτὶ</span> 
     </span>
    </p>
   </div>
   <div class='ocr_carea' id='block_1_58' title="bbox 302 4285 1890 4361">
    <p class='ocr_par' dir='ltr' id='par_1_58' title="bbox 302 4285 1890 4361">
     <span class='ocr_line' id='line_1_58' title="bbox 302 4285 1890 4361; baseline -0.004 -17"><span class='ocrx_word' id='word_1_426' title='bbox 302 4291 570 4360; x_wconf 83' lang='grc' dir='ltr'>πράττειν</span> <span class='ocrx_word' id='word_1_427' title='bbox 617 4291 868 4361; x_wconf 86' lang='grc' dir='ltr'>φήσομεν</span> <span class='ocrx_word' id='word_1_428' title='bbox 914 4289 1154 4361; x_wconf 86' lang='grc' dir='ltr'>χρῆναι;</span> <span class='ocrx_word' id='word_1_429' title='bbox 1209 4287 1338 4342; x_wconf 81' lang='grc' dir='ltr'>ὅσον</span> <span class='ocrx_word' id='word_1_430' title='bbox 1376 4287 1485 4360; x_wconf 81' lang='grc' dir='ltr'>γάρ</span> <span class='ocrx_word' id='word_1_431' title='bbox 1545 4285 1814 4356; x_wconf 80' lang='grc' dir='ltr'>μειζόνων</span> <span class='ocrx_word' id='word_1_432' title='bbox 1858 4287 1890 4356; x_wconf 84' lang='grc' dir='ltr'>ἢ</span> 
     </span>
    </p>
   </div>
   <div class='ocr_carea' id='block_1_59' title="bbox 302 4377 1893 4450">
    <p class='ocr_par' dir='ltr' id='par_1_59' title="bbox 302 4377 1893 4450">
     <span class='ocr_line' id='line_1_59' title="bbox 302 4377 1893 4450; baseline -0.003 -17"><span class='ocrx_word' id='word_1_433' title='bbox 302 4379 488 4435; x_wconf 85' lang='grc' dir='ltr'>’κεῖνοι</span> <span class='ocrx_word' id='word_1_434' title='bbox 543 4381 925 4450; x_wconf 78' lang='grc' dir='ltr'>προΐστανται,</span> <span class='ocrx_word' id='word_1_435' title='bbox 981 4378 1211 4432; x_wconf 90' lang='grc' dir='ltr'>τοσοῦτο</span> <span class='ocrx_word' id='word_1_436' title='bbox 1273 4377 1445 4448; x_wconf 79' lang='grc' dir='ltr'>μείζω</span> <span class='ocrx_word' id='word_1_437' title='bbox 1489 4377 1585 4430; x_wconf 80' lang='grc' dir='ltr'>καὶ</span> <span class='ocrx_word' id='word_1_438' title='bbox 1617 4379 1718 4447; x_wconf 72' lang='grc' dir='ltr'>τὴν</span> <span class='ocrx_word' id='word_1_439' title='bbox 1762 4393 1893 4444; x_wconf 89' lang='grc' dir='ltr'>περι</span> 
     </span>
    </p>
   </div>
   <div class='ocr_carea' id='block_1_60' title="bbox 300 4469 1892 4544">
    <p class='ocr_par' dir='ltr' id='par_1_60' title="bbox 300 4469 1892 4544">
     <span class='ocr_line' id='line_1_60' title="bbox 300 4469 1892 4544; baseline -0.004 -17"><span class='ocrx_word' id='word_1_440' title='bbox 300 4473 478 4527; x_wconf 86' lang='grc' dir='ltr'>ταῦτα</span> <span class='ocrx_word' id='word_1_441' title='bbox 505 4472 755 4544; x_wconf 83' lang='grc' dir='ltr'>φυλακὴν</span> <span class='ocrx_word' id='word_1_442' title='bbox 785 4472 1100 4542; x_wconf 84' lang='grc' dir='ltr'>ὀφείλουσιν</span> <span class='ocrx_word' id='word_1_443' title='bbox 1129 4470 1324 4540; x_wconf 79' lang='grc' dir='ltr'>ἴσχειν,</span> <span class='ocrx_word' id='word_1_444' title='bbox 1361 4469 1585 4540; x_wconf 87' lang='grc' dir='ltr'>πτηνῶν</span> <span class='ocrx_word' id='word_1_445' title='bbox 1622 4469 1782 4538; x_wconf 83' lang='grc' dir='ltr'>δίκην</span> <span class='ocrx_word' id='word_1_446' title='bbox 1805 4470 1892 4522; x_wconf 80' lang='grc' dir='ltr'>διὰ</span> 
     </span>
    </p>
   </div>
   <div class='ocr_carea' id='block_1_61' title="bbox 301 4563 1973 4640">
    <p class='ocr_par' dir='ltr' id='par_1_61' title="bbox 301 4563 1973 4640">
     <span class='ocr_line' id='line_1_61' title="bbox 301 4563 1973 4640; baseline -0.004 -19"><span class='ocrx_word' id='word_1_447' title='bbox 301 4569 488 4640; x_wconf 85' lang='grc' dir='ltr'>πάσης</span> <span class='ocrx_word' id='word_1_448' title='bbox 506 4569 702 4630; x_wconf 87' lang='grc' dir='ltr'>νυκτὸς</span> <span class='ocrx_word' id='word_1_449' title='bbox 727 4564 1203 4637; x_wconf 81' lang='grc' dir='ltr'>περισκοποῦντες</span> <span class='ocrx_word' id='word_1_450' title='bbox 1223 4565 1293 4616; x_wconf 84' lang='grc' dir='ltr'>τὰ</span> <span class='ocrx_word' id='word_1_451' title='bbox 1317 4565 1473 4635; x_wconf 81' lang='grc' dir='ltr'>τείχη</span> <span class='ocrx_word' id='word_1_452' title='bbox 1501 4563 1597 4616; x_wconf 77' lang='grc' dir='ltr'>καὶ</span> <span class='ocrx_word' id='word_1_453' title='bbox 1619 4563 1895 4634; x_wconf 75' lang='grc' dir='ltr'>περιθέονι</span> <span class='ocrx_word' id='word_1_454' title='bbox 1928 4585 1973 4640; x_wconf 78' lang='grc' dir='ltr'>ι)</span> 
     </span>
    </p>
   </div>
   <div class='ocr_carea' id='block_1_62' title="bbox 301 4653 1896 4728">
    <p class='ocr_par' dir='ltr' id='par_1_62' title="bbox 301 4653 1896 4728">
     <span class='ocr_line' id='line_1_62' title="bbox 301 4653 1896 4728; baseline -0.004 -15"><span class='ocrx_word' id='word_1_455' title='bbox 301 4676 398 4723; x_wconf 86' lang='grc' dir='ltr'>τες</span> <span class='ocrx_word' id='word_1_456' title='bbox 437 4659 659 4728; x_wconf 85' lang='grc' dir='ltr'>σύναμα</span> <span class='ocrx_word' id='word_1_457' title='bbox 685 4658 765 4726; x_wconf 81' lang='grc' dir='ltr'>τῷ</span> <span class='ocrx_word' id='word_1_458' title='bbox 799 4657 1096 4726; x_wconf 86' lang='grc' dir='ltr'>ἁστυνόμῳ</span> <span class='ocrx_word' id='word_1_459' title='bbox 1127 4653 1204 4725; x_wconf 83' lang='grc' dir='ltr'>τῷ</span> <span class='ocrx_word' id='word_1_460' title='bbox 1237 4669 1296 4706; x_wconf 89' lang='grc' dir='ltr'>τε</span> <span class='ocrx_word' id='word_1_461' title='bbox 1328 4655 1428 4722; x_wconf 88' lang='grc' dir='ltr'>τῆς</span> <span class='ocrx_word' id='word_1_462' title='bbox 1475 4654 1685 4716; x_wconf 88' lang='grc' dir='ltr'>πόλεως</span> <span class='ocrx_word' id='word_1_463' title='bbox 1718 4654 1896 4725; x_wconf 79' lang='grc' dir='ltr'>ἁρμο-</span> 
     </span>
    </p>
   </div>
   <div class='ocr_carea' id='block_1_63' title="bbox 303 4747 1897 4834">
    <p class='ocr_par' dir='ltr' id='par_1_63' title="bbox 303 4747 1897 4834">
     <span class='ocr_line' id='line_1_63' title="bbox 303 4747 1897 4834; baseline -0.006 -26"><span class='ocrx_word' id='word_1_464' title='bbox 303 4757 404 4827; x_wconf 80' lang='grc' dir='ltr'>στῇ</span> <span class='ocrx_word' id='word_1_465' title='bbox 445 4753 778 4824; x_wconf 84' lang='grc' dir='ltr'>διεγείρουσι</span> <span class='ocrx_word' id='word_1_466' title='bbox 809 4751 953 4834; x_wconf 78' lang='grc' dir='ltr'>σφᾶς</span> <span class='ocrx_word' id='word_1_467' title='bbox 987 4751 1081 4804; x_wconf 80' lang='grc' dir='ltr'>καὶ</span> <span class='ocrx_word' id='word_1_468' title='bbox 1109 4747 1562 4819; x_wconf 86' lang='grc' dir='ltr'>προθυμοτέρους</span> <span class='ocrx_word' id='word_1_469' title='bbox 1606 4749 1684 4818; x_wconf 82' lang='grc' dir='ltr'>τῷ</span> <span class='ocrx_word' id='word_1_470' title='bbox 1717 4751 1897 4800; x_wconf 86' lang='grc' dir='ltr'>συνεῖ-</span> 
     </span>
    </p>
   </div>
   <div class='ocr_carea' id='block_1_64' title="bbox 301 4845 1140 4902">
    <p class='ocr_par' dir='ltr' id='par_1_64' title="bbox 301 4845 1140 4902">
     <span class='ocr_line' id='line_1_64' title="bbox 301 4845 1140 4902; baseline -0.006 -1"><span class='ocrx_word' id='word_1_471' title='bbox 301 4865 392 4902; x_wconf 88' lang='grc' dir='ltr'>ναι</span> <span class='ocrx_word' id='word_1_472' title='bbox 413 4850 509 4900; x_wconf 80' lang='grc' dir='ltr'>καὶ</span> <span class='ocrx_word' id='word_1_473' title='bbox 549 4845 764 4900; x_wconf 84' lang='grc' dir='ltr'>συνθεῖν</span> <span class='ocrx_word' id='word_1_474' title='bbox 793 4845 1140 4898; x_wconf 83' lang='grc' dir='ltr'>καθιστᾶσιν.</span> 
     </span>
    </p>
   </div>
   <div class='ocr_carea' id='block_1_65' title="bbox 375 4935 1892 5006">
    <p class='ocr_par' dir='ltr' id='par_1_65' title="bbox 375 4935 1892 5006">
     <span class='ocr_line' id='line_1_65' title="bbox 375 4935 1892 5006; baseline -0.006 -11"><span class='ocrx_word' id='word_1_475' title='bbox 375 4948 474 5006; x_wconf 85' lang='grc' dir='ltr'>ις’.</span> <span class='ocrx_word' id='word_1_476' title='bbox 519 4940 674 4994; x_wconf 69' lang='grc' dir='ltr'>Ἐπεὶ</span> <span class='ocrx_word' id='word_1_477' title='bbox 697 4940 742 4992; x_wconf 82' lang='grc' dir='ltr'>δ’</span> <span class='ocrx_word' id='word_1_478' title='bbox 781 4939 838 5005; x_wconf 79' lang='grc' dir='ltr'>ἐξ</span> <span class='ocrx_word' id='word_1_479' title='bbox 870 4939 1132 4992; x_wconf 86' lang='grc' dir='ltr'>ἁπάντων</span> <span class='ocrx_word' id='word_1_480' title='bbox 1163 4938 1372 4990; x_wconf 88' lang='grc' dir='ltr'>τούτων</span> <span class='ocrx_word' id='word_1_481' title='bbox 1404 4937 1764 4991; x_wconf 87' lang='grc' dir='ltr'>συνίστασθαι</span> <span class='ocrx_word' id='word_1_482' title='bbox 1793 4935 1892 5005; x_wconf 79' lang='grc' dir='ltr'>μὲν</span> 
     </span>
    </p>
   </div>
   <div class='ocr_carea' id='block_1_66' title="bbox 301 5031 1891 5108">
    <p class='ocr_par' dir='ltr' id='par_1_66' title="bbox 301 5031 1891 5108">
     <span class='ocr_line' id='line_1_66' title="bbox 301 5031 1891 5108; baseline -0.005 -16"><span class='ocrx_word' id='word_1_483' title='bbox 301 5037 399 5092; x_wconf 81' lang='grc' dir='ltr'>καὶ</span> <span class='ocrx_word' id='word_1_484' title='bbox 431 5036 693 5108; x_wconf 84' lang='grc' dir='ltr'>πράττειν</span> <span class='ocrx_word' id='word_1_485' title='bbox 736 5031 799 5088; x_wconf 86' lang='grc' dir='ltr'>εὖ</span> <span class='ocrx_word' id='word_1_486' title='bbox 843 5035 1066 5088; x_wconf 87' lang='grc' dir='ltr'>πόλεσιν</span> <span class='ocrx_word' id='word_1_487' title='bbox 1097 5034 1198 5098; x_wconf 68' lang='lat' dir='ltr'><strong>Evr,</strong></span> <span class='ocrx_word' id='word_1_488' title='bbox 1251 5033 1349 5087; x_wconf 78' lang='grc' dir='ltr'>καὶ</span> <span class='ocrx_word' id='word_1_489' title='bbox 1388 5032 1612 5102; x_wconf 82' lang='grc' dir='ltr'>προσέτ’</span> <span class='ocrx_word' id='word_1_490' title='bbox 1653 5032 1891 5102; x_wconf 87' lang='grc' dir='ltr'>ἀσφαλέ-</span> 
     </span>
    </p>
   </div>
   <div class='ocr_carea' id='block_1_67' title="bbox 303 5123 1891 5201">
    <p class='ocr_par' dir='ltr' id='par_1_67' title="bbox 303 5123 1891 5201">
     <span class='ocr_line' id='line_1_67' title="bbox 303 5123 1891 5201; baseline -0.004 -18"><span class='ocrx_word' id='word_1_491' title='bbox 303 5146 476 5184; x_wconf 86' lang='grc' dir='ltr'>στατα</span> <span class='ocrx_word' id='word_1_492' title='bbox 503 5129 699 5201; x_wconf 73' lang='grc' dir='ltr'>ἴσχειν,</span> <span class='ocrx_word' id='word_1_493' title='bbox 735 5128 1036 5182; x_wconf 87' lang='grc' dir='ltr'>ἐπιδιδόναι</span> <span class='ocrx_word' id='word_1_494' title='bbox 1062 5128 1120 5181; x_wconf 90' lang='grc' dir='ltr'>δέ</span> <span class='ocrx_word' id='word_1_495' title='bbox 1155 5126 1447 5181; x_wconf 86' lang='grc' dir='ltr'>τουλοιποῦ</span> <span class='ocrx_word' id='word_1_496' title='bbox 1479 5128 1576 5180; x_wconf 82' lang='grc' dir='ltr'>καὶ</span> <span class='ocrx_word' id='word_1_497' title='bbox 1623 5123 1891 5190; x_wconf 72' lang='grc' dir='ltr'>αὔξεσθαι</span> 
     </span>
    </p>
   </div>
   <div class='ocr_carea' id='block_1_68' title="bbox 299 5220 1889 5291">
    <p class='ocr_par' dir='ltr' id='par_1_68' title="bbox 299 5220 1889 5291">
     <span class='ocr_line' id='line_1_68' title="bbox 299 5220 1889 5291; baseline -0.003 -15"><span class='ocrx_word' id='word_1_498' title='bbox 299 5225 513 5288; x_wconf 82' lang='grc' dir='ltr'>τούτοις</span> <span class='ocrx_word' id='word_1_499' title='bbox 544 5224 733 5278; x_wconf 83' lang='grc' dir='ltr'>οὐκέτι</span> <span class='ocrx_word' id='word_1_500' title='bbox 756 5237 772 5253; x_wconf 82' lang='lat'><strong><em>°</em></strong></span> <span class='ocrx_word' id='word_1_501' title='bbox 821 5222 906 5276; x_wconf 80' lang='grc' dir='ltr'>δεῖ</span> <span class='ocrx_word' id='word_1_502' title='bbox 937 5221 998 5275; x_wconf 85' lang='grc' dir='ltr'>δὲ</span> <span class='ocrx_word' id='word_1_503' title='bbox 1030 5222 1125 5276; x_wconf 76' lang='grc' dir='ltr'>καὶ</span> <span class='ocrx_word' id='word_1_504' title='bbox 1172 5224 1368 5275; x_wconf 89' lang='grc' dir='ltr'>τούτου</span> <span class='ocrx_word' id='word_1_505' title='bbox 1399 5220 1497 5274; x_wconf 90' lang='grc' dir='ltr'>τοῦ</span> <span class='ocrx_word' id='word_1_506' title='bbox 1550 5220 1753 5291; x_wconf 86' lang='grc' dir='ltr'>μέρους</span> <span class='ocrx_word' id='word_1_507' title='bbox 1790 5221 1889 5290; x_wconf 84' lang='grc' dir='ltr'>οὐχ</span> 
     </span>
    </p>
   </div>
   <div class='ocr_carea' id='block_1_69' title="bbox 298 5315 1888 5391">
    <p class='ocr_par' dir='ltr' id='par_1_69' title="bbox 298 5315 1888 5391">
     <span class='ocr_line' id='line_1_69' title="bbox 298 5315 1888 5391; baseline -0.004 -18"><span class='ocrx_word' id='word_1_508' title='bbox 298 5320 482 5391; x_wconf 80' lang='grc' dir='ltr'>ἥκιστ’</span> <span class='ocrx_word' id='word_1_509' title='bbox 512 5320 726 5382; x_wconf 88' lang='grc' dir='ltr'>αὐταῖς.</span> <span class='ocrx_word' id='word_1_510' title='bbox 775 5317 852 5371; x_wconf 84' lang='grc' dir='ltr'>Οὐ</span> <span class='ocrx_word' id='word_1_511' title='bbox 881 5318 992 5389; x_wconf 86' lang='grc' dir='ltr'>γὰρ</span> <span class='ocrx_word' id='word_1_512' title='bbox 1030 5315 1090 5370; x_wconf 86' lang='grc' dir='ltr'>εῦ</span> <span class='ocrx_word' id='word_1_513' title='bbox 1133 5317 1399 5388; x_wconf 85' lang='grc' dir='ltr'>πράττειν</span> <span class='ocrx_word' id='word_1_514' title='bbox 1437 5315 1602 5386; x_wconf 89' lang='grc' dir='ltr'>μόνον</span> <span class='ocrx_word' id='word_1_515' title='bbox 1644 5315 1888 5386; x_wconf 79' lang='grc' dir='ltr'>ἀπόχρη,</span> 
     </span>
    </p>
   </div>
   <div class='ocr_carea' id='block_1_70' title="bbox 298 5409 1890 5484">
    <p class='ocr_par' dir='ltr' id='par_1_70' title="bbox 298 5409 1890 5484">
     <span class='ocr_line' id='line_1_70' title="bbox 298 5409 1890 5484; baseline -0.003 -18"><span class='ocrx_word' id='word_1_516' title='bbox 298 5411 436 5466; x_wconf 72' lang='grc' dir='ltr'>ἀλλὰ</span> <span class='ocrx_word' id='word_1_517' title='bbox 472 5413 567 5466; x_wconf 79' lang='grc' dir='ltr'>καὶ</span> <span class='ocrx_word' id='word_1_518' title='bbox 598 5413 738 5484; x_wconf 80' lang='grc' dir='ltr'>πρὸς</span> <span class='ocrx_word' id='word_1_519' title='bbox 785 5413 853 5466; x_wconf 69' lang='grc' dir='ltr'>τὰ</span> <span class='ocrx_word' id='word_1_520' title='bbox 885 5413 1127 5484; x_wconf 86' lang='grc' dir='ltr'>κρείττω</span> <span class='ocrx_word' id='word_1_521' title='bbox 1154 5414 1248 5464; x_wconf 76' lang='grc' dir='ltr'>καὶ</span> <span class='ocrx_word' id='word_1_522' title='bbox 1304 5409 1478 5481; x_wconf 77' lang='grc' dir='ltr'>μείζω</span> <span class='ocrx_word' id='word_1_523' title='bbox 1521 5410 1726 5480; x_wconf 88' lang='grc' dir='ltr'>χωρεῖν</span> <span class='ocrx_word' id='word_1_524' title='bbox 1757 5410 1890 5462; x_wconf 80' lang='grc' dir='ltr'>ἐκά-</span> 
     </span>
    </p>
   </div>
   <div class='ocr_carea' id='block_1_71' title="bbox 302 5502 1890 5578">
    <p class='ocr_par' dir='ltr' id='par_1_71' title="bbox 302 5502 1890 5578">
     <span class='ocr_line' id='line_1_71' title="bbox 302 5502 1890 5578; baseline -0.004 -19"><span class='ocrx_word' id='word_1_525' title='bbox 302 5523 457 5560; x_wconf 88' lang='grc' dir='ltr'>στοτε</span> <span class='ocrx_word' id='word_1_526' title='bbox 492 5507 573 5560; x_wconf 89' lang='grc' dir='ltr'>δεῖ</span> <span class='ocrx_word' id='word_1_527' title='bbox 609 5507 707 5562; x_wconf 78' lang='grc' dir='ltr'>καὶ</span> <span class='ocrx_word' id='word_1_528' title='bbox 737 5507 932 5578; x_wconf 88' lang='grc' dir='ltr'>πρόσω</span> <span class='ocrx_word' id='word_1_529' title='bbox 977 5505 1220 5575; x_wconf 80' lang='grc' dir='ltr'>βαίνειν·</span> <span class='ocrx_word' id='word_1_530' title='bbox 1254 5506 1352 5556; x_wconf 80' lang='grc' dir='ltr'>καὶ</span> <span class='ocrx_word' id='word_1_531' title='bbox 1381 5502 1520 5565; x_wconf 82' lang='grc' dir='ltr'>ὅλως</span> <span class='ocrx_word' id='word_1_532' title='bbox 1560 5504 1706 5573; x_wconf 84' lang='grc' dir='ltr'>μετὰ</span> <span class='ocrx_word' id='word_1_533' title='bbox 1751 5519 1890 5554; x_wconf 86' lang='grc' dir='ltr'>παν-</span> 
     </span>
    </p>
   </div>
   <div class='ocr_carea' id='block_1_72' title="bbox 299 5594 1889 5674">
    <p class='ocr_par' dir='ltr' id='par_1_72' title="bbox 299 5594 1889 5674">
     <span class='ocr_line' id='line_1_72' title="bbox 299 5594 1889 5674; baseline -0.004 -19"><span class='ocrx_word' id='word_1_534' title='bbox 299 5604 388 5666; x_wconf 59' lang='grc' dir='ltr'>τός</span> <span class='ocrx_word' id='word_1_535' title='bbox 417 5603 504 5655; x_wconf 72' lang='grc' dir='ltr'>ἀεὶ</span> <span class='ocrx_word' id='word_1_536' title='bbox 527 5602 622 5656; x_wconf 89' lang='grc' dir='ltr'>τοῦ</span> <span class='ocrx_word' id='word_1_537' title='bbox 667 5603 938 5674; x_wconf 82' lang='grc' dir='ltr'>βελτίονος</span> <span class='ocrx_word' id='word_1_538' title='bbox 967 5603 1059 5655; x_wconf 85' lang='grc' dir='ltr'>τὸν</span> <span class='ocrx_word' id='word_1_539' title='bbox 1102 5601 1276 5654; x_wconf 84' lang='grc' dir='ltr'>αἰῶνα</span> <span class='ocrx_word' id='word_1_540' title='bbox 1308 5599 1521 5668; x_wconf 80' lang='grc' dir='ltr'>διάγειν</span> <span class='ocrx_word' id='word_1_541' title='bbox 1543 5613 1556 5628; x_wconf 84' lang='grc'><strong>·</strong></span> <span class='ocrx_word' id='word_1_542' title='bbox 1595 5599 1706 5650; x_wconf 87' lang='grc' dir='ltr'>δεῖν</span> <span class='ocrx_word' id='word_1_543' title='bbox 1748 5594 1889 5649; x_wconf 82' lang='grc' dir='ltr'>εἶναι</span> 
     </span>
    </p>
   </div>
   <div class='ocr_carea' id='block_1_73' title="bbox 300 5693 1888 5767">
    <p class='ocr_par' dir='ltr' id='par_1_73' title="bbox 300 5693 1888 5767">
     <span class='ocr_line' id='line_1_73' title="bbox 300 5693 1888 5767; baseline -0.002 -19"><span class='ocrx_word' id='word_1_544' title='bbox 300 5697 397 5749; x_wconf 77' lang='grc' dir='ltr'>καὶ</span> <span class='ocrx_word' id='word_1_545' title='bbox 425 5696 568 5750; x_wconf 84' lang='grc' dir='ltr'>πάνυ</span> <span class='ocrx_word' id='word_1_546' title='bbox 614 5698 761 5767; x_wconf 73' lang='grc' dir='ltr'>φημὶ</span> <span class='ocrx_word' id='word_1_547' title='bbox 807 5696 938 5757; x_wconf 86' lang='grc' dir='ltr'>τοὺς</span> <span class='ocrx_word' id='word_1_548' title='bbox 971 5696 1080 5750; x_wconf 90' lang='grc' dir='ltr'>τῶν</span> <span class='ocrx_word' id='word_1_549' title='bbox 1133 5694 1574 5763; x_wconf 86' lang='grc' dir='ltr'>πολιτευομένων</span> <span class='ocrx_word' id='word_1_550' title='bbox 1629 5693 1888 5762; x_wconf 85' lang='grc' dir='ltr'>ἀρίστους</span> 
     </span>
    </p>
   </div>
   <div class='ocr_carea' id='block_1_74' title="bbox 301 5788 1888 5860">
    <p class='ocr_par' dir='ltr' id='par_1_74' title="bbox 301 5788 1888 5860">
     <span class='ocr_line' id='line_1_74' title="bbox 301 5788 1888 5860; baseline 0.011 -18"><span class='ocrx_word' id='word_1_551' title='bbox 301 5792 367 5842; x_wconf 81' lang='grc' dir='ltr'>τά</span> <span class='ocrx_word' id='word_1_552' title='bbox 392 5790 439 5842; x_wconf 85' lang='grc' dir='ltr'>τ’</span> <span class='ocrx_word' id='word_1_553' title='bbox 466 5790 602 5843; x_wconf 81' lang='grc' dir='ltr'>ἄλλα</span> <span class='ocrx_word' id='word_1_554' title='bbox 630 5793 726 5844; x_wconf 78' lang='grc' dir='ltr'>καὶ</span> <span class='ocrx_word' id='word_1_555' title='bbox 763 5789 941 5845; x_wconf 85' lang='grc' dir='ltr'>ὁτιοῦν</span> <span class='ocrx_word' id='word_1_556' title='bbox 986 5788 1228 5860; x_wconf 87' lang='grc' dir='ltr'>χρηστὸν</span> <span class='ocrx_word' id='word_1_557' title='bbox 1259 5789 1662 5860; x_wconf 73' lang='grc' dir='ltr'>εἰργασμένους</span> <span class='ocrx_word' id='word_1_558' title='bbox 1698 5790 1888 5857; x_wconf 73' lang='grc' dir='ltr'>διαφε“</span> 
     </span>
    </p>
   </div>
   <div class='ocr_carea' id='block_1_75' title="bbox 305 5885 1886 5956">
    <p class='ocr_par' dir='ltr' id='par_1_75' title="bbox 305 5885 1886 5956">
     <span class='ocr_line' id='line_1_75' title="bbox 305 5885 1886 5956; baseline 0.001 -18"><span class='ocrx_word' id='word_1_559' title='bbox 305 5885 505 5953; x_wconf 81' lang='grc' dir='ltr'>ρόντως</span> <span class='ocrx_word' id='word_1_560' title='bbox 521 5888 762 5942; x_wconf 79' lang='grc' dir='ltr'>ἐπαινεῖν</span> <span class='ocrx_word' id='word_1_561' title='bbox 781 5885 1196 5956; x_wconf 74' lang='grc' dir='ltr'>καὶθαυμάζειν</span> <span class='ocrx_word' id='word_1_562' title='bbox 1222 5885 1314 5939; x_wconf 72' lang='grc' dir='ltr'>καὶ</span> <span class='ocrx_word' id='word_1_563' title='bbox 1337 5901 1400 5938; x_wconf 86' lang='grc' dir='ltr'>πε</span> <span class='ocrx_word' id='word_1_564' title='bbox 1410 5885 1464 5954; x_wconf 70' lang='lat' dir='ltr'>pi</span> <span class='ocrx_word' id='word_1_565' title='bbox 1489 5885 1734 5950; x_wconf 79' lang='grc' dir='ltr'>πλείονος</span> <span class='ocrx_word' id='word_1_566' title='bbox 1765 5903 1886 5939; x_wconf 81' lang='grc' dir='ltr'>ποι-</span> 
     </span>
    </p>
   </div>
   <div class='ocr_carea' id='block_1_76' title="bbox 2006 1977 3602 2050">
    <p class='ocr_par' dir='ltr' id='par_1_76' title="bbox 2006 1977 3602 2050">
     <span class='ocr_line' id='line_1_76' title="bbox 2006 1977 3602 2050; baseline -0.001 -18"><span class='ocrx_word' id='word_1_567' title='bbox 2006 1977 2200 2035; x_wconf 87' lang='lat' dir='ltr'><strong>urbem</strong></span> <span class='ocrx_word' id='word_1_568' title='bbox 2239 1992 2438 2048; x_wconf 81' lang='lat' dir='ltr'><strong>magna</strong></span> <span class='ocrx_word' id='word_1_569' title='bbox 2495 1978 2700 2050; x_wconf 79' lang='lat' dir='ltr'><strong>injuria</strong></span> <span class='ocrx_word' id='word_1_570' title='bbox 2731 1977 2997 2044; x_wconf 71' lang='lat' dir='ltr'><strong>adiciunt,</strong></span> <span class='ocrx_word' id='word_1_571' title='bbox 3023 1977 3267 2048; x_wconf 87' lang='lat' dir='ltr'><strong>pretium</strong></span> <span class='ocrx_word' id='word_1_572' title='bbox 3321 1978 3602 2048; x_wconf 87' lang='lat' dir='ltr'><strong>integrum</strong></span> 
     </span>
    </p>
   </div>
   <div class='ocr_carea' id='block_1_77' title="bbox 2002 2090 3600 2165">
    <p class='ocr_par' dir='ltr' id='par_1_77' title="bbox 2002 2090 3600 2165">
     <span class='ocr_line' id='line_1_77' title="bbox 2002 2090 3600 2165; baseline 0.001 -19"><span class='ocrx_word' id='word_1_573' title='bbox 2002 2108 2105 2164; x_wconf 86' lang='lat' dir='ltr'>pro</span> <span class='ocrx_word' id='word_1_574' title='bbox 2138 2092 2390 2149; x_wconf 90' lang='lat' dir='ltr'><strong>custodia</strong></span> <span class='ocrx_word' id='word_1_575' title='bbox 2450 2092 2776 2165; x_wconf 89' lang='lat' dir='ltr'><strong>imperfecta</strong></span> <span class='ocrx_word' id='word_1_576' title='bbox 2829 2102 3212 2163; x_wconf 83' lang='lat' dir='ltr'>exposcentes.</span> <span class='ocrx_word' id='word_1_577' title='bbox 3267 2090 3409 2159; x_wconf 89' lang='lat' dir='ltr'><strong>Quia</strong></span> <span class='ocrx_word' id='word_1_578' title='bbox 3433 2091 3600 2161; x_wconf 82' lang='lat' dir='ltr'><strong>igitur</strong></span> 
     </span>
    </p>
   </div>
   <div class='ocr_carea' id='block_1_78' title="bbox 2003 2205 3600 2276">
    <p class='ocr_par' dir='ltr' id='par_1_78' title="bbox 2003 2205 3600 2276">
     <span class='ocr_line' id='line_1_78' title="bbox 2003 2205 3600 2276; baseline 0.001 -17"><span class='ocrx_word' id='word_1_579' title='bbox 2003 2215 2117 2260; x_wconf 88' lang='lat' dir='ltr'><strong>tota</strong></span> <span class='ocrx_word' id='word_1_580' title='bbox 2177 2205 2416 2260; x_wconf 88' lang='lat' dir='ltr'><strong>civitatis</strong></span> <span class='ocrx_word' id='word_1_581' title='bbox 2461 2220 2595 2261; x_wconf 88' lang='lat' dir='ltr'><strong>cura</strong></span> <span class='ocrx_word' id='word_1_582' title='bbox 2659 2205 2715 2260; x_wconf 89' lang='lat' dir='ltr'>in</span> <span class='ocrx_word' id='word_1_583' title='bbox 2777 2205 2846 2261; x_wconf 90' lang='lat' dir='ltr'>iis</span> <span class='ocrx_word' id='word_1_584' title='bbox 2890 2205 3131 2275; x_wconf 83' lang='lat' dir='ltr'><strong>reposita</strong></span> <span class='ocrx_word' id='word_1_585' title='bbox 3178 2215 3286 2270; x_wconf 89' lang='lat' dir='ltr'><strong>est,</strong></span> <span class='ocrx_word' id='word_1_586' title='bbox 3319 2205 3413 2276; x_wconf 90' lang='lat' dir='ltr'>qui</span> <span class='ocrx_word' id='word_1_587' title='bbox 3469 2220 3600 2276; x_wconf 90' lang='lat' dir='ltr'><strong>pro-</strong></span> 
     </span>
    </p>
   </div>
   <div class='ocr_carea' id='block_1_79' title="bbox 2002 2319 3594 2391">
    <p class='ocr_par' dir='ltr' id='par_1_79' title="bbox 2002 2319 3594 2391">
     <span class='ocr_line' id='line_1_79' title="bbox 2002 2319 3594 2391; baseline 0.001 -18"><span class='ocrx_word' id='word_1_588' title='bbox 2002 2319 2162 2375; x_wconf 87' lang='lat' dir='ltr'><strong>desse</strong></span> <span class='ocrx_word' id='word_1_589' title='bbox 2178 2325 2235 2373; x_wconf 91' lang='lat' dir='ltr'>et</span> <span class='ocrx_word' id='word_1_590' title='bbox 2260 2319 2459 2374; x_wconf 88' lang='lat' dir='ltr'><strong>obesse</strong></span> <span class='ocrx_word' id='word_1_591' title='bbox 2488 2327 2748 2391; x_wconf 89' lang='lat' dir='ltr'><strong>possunt,</strong></span> <span class='ocrx_word' id='word_1_592' title='bbox 2778 2328 2836 2374; x_wconf 90' lang='lat' dir='ltr'><strong>et</strong></span> <span class='ocrx_word' id='word_1_593' title='bbox 2863 2327 2974 2374; x_wconf 90' lang='lat' dir='ltr'><strong>tota</strong></span> <span class='ocrx_word' id='word_1_594' title='bbox 3007 2333 3194 2374; x_wconf 89' lang='lat' dir='ltr'><strong>rerum</strong></span> <span class='ocrx_word' id='word_1_595' title='bbox 3228 2319 3380 2374; x_wconf 87' lang='lat' dir='ltr'><strong>salus</strong></span> <span class='ocrx_word' id='word_1_596' title='bbox 3419 2334 3594 2391; x_wconf 82' lang='lat' dir='ltr'><strong>penes</strong></span> 
     </span>
    </p>
   </div>
   <div class='ocr_carea' id='block_1_80' title="bbox 2002 2431 3602 2506">
    <p class='ocr_par' dir='ltr' id='par_1_80' title="bbox 2002 2431 3602 2506">
     <span class='ocr_line' id='line_1_80' title="bbox 2002 2431 3602 2506; baseline -0.001 -16"><span class='ocrx_word' id='word_1_597' title='bbox 2002 2450 2101 2490; x_wconf 90' lang='lat' dir='ltr'>eos</span> <span class='ocrx_word' id='word_1_598' title='bbox 2124 2435 2422 2506; x_wconf 77' lang='lat' dir='ltr'><strong>est,jubeo</strong></span> <span class='ocrx_word' id='word_1_599' title='bbox 2451 2435 2711 2506; x_wconf 89' lang='lat' dir='ltr'><strong>equidem</strong></span> <span class='ocrx_word' id='word_1_600' title='bbox 2749 2443 2812 2489; x_wconf 89' lang='lat' dir='ltr'>ut</span> <span class='ocrx_word' id='word_1_601' title='bbox 2861 2447 3215 2502; x_wconf 85' lang='lat' dir='ltr'><strong>summopere</strong></span> <span class='ocrx_word' id='word_1_602' title='bbox 3260 2431 3490 2504; x_wconf 85' lang='lat' dir='ltr'><strong>vigilcnt</strong></span> <span class='ocrx_word' id='word_1_603' title='bbox 3537 2449 3602 2488; x_wconf 90' lang='lat' dir='ltr'>ac</span> 
     </span>
    </p>
   </div>
   <div class='ocr_carea' id='block_1_81' title="bbox 2006 2547 3601 2619">
    <p class='ocr_par' dir='ltr' id='par_1_81' title="bbox 2006 2547 3601 2619">
     <span class='ocr_line' id='line_1_81' title="bbox 2006 2547 3601 2619; baseline -0.003 -13"><span class='ocrx_word' id='word_1_604' title='bbox 2006 2548 2180 2606; x_wconf 87' lang='lat' dir='ltr'><strong>sobrii</strong></span> <span class='ocrx_word' id='word_1_605' title='bbox 2223 2549 2357 2615; x_wconf 91' lang='lat' dir='ltr'><strong>sint,</strong></span> <span class='ocrx_word' id='word_1_606' title='bbox 2383 2564 2490 2604; x_wconf 89' lang='lat' dir='ltr'><strong>nec</strong></span> <span class='ocrx_word' id='word_1_607' title='bbox 2519 2549 2702 2603; x_wconf 85' lang='lat' dir='ltr'><strong>minus</strong></span> <span class='ocrx_word' id='word_1_608' title='bbox 2741 2563 2807 2604; x_wconf 87' lang='lat' dir='ltr'>ac</span> <span class='ocrx_word' id='word_1_609' title='bbox 2833 2549 3236 2619; x_wconf 78' lang='lat' dir='ltr'><strong>gubernatores</strong></span> <span class='ocrx_word' id='word_1_610' title='bbox 3267 2547 3474 2619; x_wconf 79' lang='lat' dir='ltr'><strong>navigii</strong></span> <span class='ocrx_word' id='word_1_611' title='bbox 3505 2563 3601 2602; x_wconf 78' lang='lat' dir='ltr'><strong>ru-</strong></span> 
     </span>
    </p>
   </div>
   <div class='ocr_carea' id='block_1_82' title="bbox 2000 2663 3600 2736">
    <p class='ocr_par' dir='ltr' id='par_1_82' title="bbox 2000 2663 3600 2736">
     <span class='ocr_line' id='line_1_82' title="bbox 2000 2663 3600 2736; baseline -0.001 -17"><span class='ocrx_word' id='word_1_612' title='bbox 2000 2680 2116 2719; x_wconf 91' lang='lat' dir='ltr'>ram</span> <span class='ocrx_word' id='word_1_613' title='bbox 2172 2674 2336 2735; x_wconf 80' lang='lat' dir='ltr'><strong>agant</strong></span> <span class='ocrx_word' id='word_1_614' title='bbox 2391 2665 2487 2736; x_wconf 92' lang='lat' dir='ltr'>qui</span> <span class='ocrx_word' id='word_1_615' title='bbox 2555 2681 2652 2736; x_wconf 86' lang='lat' dir='ltr'><strong>per</strong></span> <span class='ocrx_word' id='word_1_616' title='bbox 2715 2673 2884 2720; x_wconf 88' lang='lat' dir='ltr'><strong>totam</strong></span> <span class='ocrx_word' id='word_1_617' title='bbox 2921 2665 3330 2736; x_wconf 78' lang='lat' dir='ltr'><strong>navigationem</strong></span> <span class='ocrx_word' id='word_1_618' title='bbox 3374 2663 3600 2734; x_wconf 80' lang='lat' dir='ltr'><strong>quando</strong></span> 
     </span>
    </p>
   </div>
   <div class='ocr_carea' id='block_1_83' title="bbox 2007 2779 3599 2850">
    <p class='ocr_par' dir='ltr' id='par_1_83' title="bbox 2007 2779 3599 2850">
     <span class='ocr_line' id='line_1_83' title="bbox 2007 2779 3599 2850; baseline 0.001 -18"><span class='ocrx_word' id='word_1_619' title='bbox 2007 2785 2310 2848; x_wconf 86' lang='lat' dir='ltr'><strong>tempestas</strong></span> <span class='ocrx_word' id='word_1_620' title='bbox 2337 2779 2521 2844; x_wconf 85' lang='lat' dir='ltr'><strong>irruit,</strong></span> <span class='ocrx_word' id='word_1_621' title='bbox 2541 2795 2610 2834; x_wconf 90' lang='lat' dir='ltr'><strong>ne</strong></span> <span class='ocrx_word' id='word_1_622' title='bbox 2631 2779 2916 2834; x_wconf 84' lang='lat' dir='ltr'><strong>minimum</strong></span> <span class='ocrx_word' id='word_1_623' title='bbox 2939 2780 3161 2850; x_wconf 88' lang='lat' dir='ltr'><strong>quidem</strong></span> <span class='ocrx_word' id='word_1_624' title='bbox 3181 2795 3210 2833; x_wconf 90' lang='lat' dir='ltr'>a</span> <span class='ocrx_word' id='word_1_625' title='bbox 3225 2779 3599 2850; x_wconf 88' lang='lat' dir='ltr'><strong>gubernaculo</strong></span> 
     </span>
    </p>
   </div>
   <div class='ocr_carea' id='block_1_84' title="bbox 1996 2893 3596 2967">
    <p class='ocr_par' dir='ltr' id='par_1_84' title="bbox 1996 2893 3596 2967">
     <span class='ocr_line' id='line_1_84' title="bbox 1996 2893 3596 2967; baseline -0.003 -17"><span class='ocrx_word' id='word_1_626' title='bbox 1996 2895 2230 2962; x_wconf 90' lang='lat' dir='ltr'><strong>recedit,</strong></span> <span class='ocrx_word' id='word_1_627' title='bbox 2257 2895 2558 2967; x_wconf 82' lang='lat' dir='ltr'><strong>nihilquod</strong></span> <span class='ocrx_word' id='word_1_628' title='bbox 2591 2912 2678 2952; x_wconf 85' lang='lat' dir='ltr'>ars</span> <span class='ocrx_word' id='word_1_629' title='bbox 2701 2895 2918 2961; x_wconf 83' lang='lat' dir='ltr'><strong>suadet,</strong></span> <span class='ocrx_word' id='word_1_630' title='bbox 2937 2896 3272 2951; x_wconf 87' lang='lat' dir='ltr'><strong>intentatum</strong></span> <span class='ocrx_word' id='word_1_631' title='bbox 3309 2893 3596 2965; x_wconf 73' lang='lat' dir='ltr'><strong>relinquit,</strong></span> 
     </span>
    </p>
   </div>
   <div class='ocr_carea' id='block_1_85' title="bbox 1997 3007 3599 3081">
    <p class='ocr_par' dir='ltr' id='par_1_85' title="bbox 1997 3007 3599 3081">
     <span class='ocr_line' id='line_1_85' title="bbox 1997 3007 3599 3081; baseline -0.004 -16"><span class='ocrx_word' id='word_1_632' title='bbox 1997 3011 2110 3066; x_wconf 83' lang='lat' dir='ltr'><strong>into</strong></span> <span class='ocrx_word' id='word_1_633' title='bbox 2144 3020 2312 3066; x_wconf 86' lang='lat' dir='ltr'><strong>noctu</strong></span> <span class='ocrx_word' id='word_1_634' title='bbox 2339 3011 2544 3081; x_wconf 90' lang='lat' dir='ltr'><strong>diuque</strong></span> <span class='ocrx_word' id='word_1_635' title='bbox 2583 3008 2713 3064; x_wconf 89' lang='lat' dir='ltr'><strong>facit</strong></span> <span class='ocrx_word' id='word_1_636' title='bbox 2752 3007 2902 3078; x_wconf 88' lang='lat' dir='ltr'><strong>quod</strong></span> <span class='ocrx_word' id='word_1_637' title='bbox 2946 3008 3003 3062; x_wconf 90' lang='lat' dir='ltr'>in</span> <span class='ocrx_word' id='word_1_638' title='bbox 3030 3007 3408 3078; x_wconf 85' lang='lat' dir='ltr'><strong>navigantium</strong></span> <span class='ocrx_word' id='word_1_639' title='bbox 3455 3007 3599 3060; x_wconf 84' lang='lat' dir='ltr'><strong>salu-</strong></span> 
     </span>
    </p>
   </div>
   <div class='ocr_carea' id='block_1_86' title="bbox 1997 3122 3594 3196">
    <p class='ocr_par' dir='ltr' id='par_1_86' title="bbox 1997 3122 3594 3196">
     <span class='ocr_line' id='line_1_86' title="bbox 1997 3122 3594 3196; baseline -0.002 -18"><span class='ocrx_word' id='word_1_640' title='bbox 1997 3133 2106 3180; x_wconf 85' lang='lat' dir='ltr'>tem</span> <span class='ocrx_word' id='word_1_641' title='bbox 2160 3125 2421 3196; x_wconf 85' lang='lat' dir='ltr'><strong>adjuvare</strong></span> <span class='ocrx_word' id='word_1_642' title='bbox 2474 3131 2674 3196; x_wconf 86' lang='lat' dir='ltr'><strong>potest,</strong></span> <span class='ocrx_word' id='word_1_643' title='bbox 2708 3124 2886 3178; x_wconf 87' lang='lat' dir='ltr'><strong>undas</strong></span> <span class='ocrx_word' id='word_1_644' title='bbox 2943 3139 3291 3189; x_wconf 90' lang='lat' dir='ltr'><strong>mensurans,</strong></span> <span class='ocrx_word' id='word_1_645' title='bbox 3333 3122 3402 3178; x_wconf 83' lang='lat' dir='ltr'><strong>ad</strong></span> <span class='ocrx_word' id='word_1_646' title='bbox 3449 3133 3594 3177; x_wconf 88' lang='lat' dir='ltr'><strong>astra</strong></span> 
     </span>
    </p>
   </div>
   <div class='ocr_carea' id='block_1_87' title="bbox 1918 3234 3600 3312">
    <p class='ocr_par' dir='ltr' id='par_1_87' title="bbox 1918 3234 3600 3312">
     <span class='ocr_line' id='line_1_87' title="bbox 1918 3234 3600 3312; baseline 0.001 -19"><span class='ocrx_word' id='word_1_647' title='bbox 1918 3234 1963 3292; x_wconf 73' lang='grc' dir='ltr'>Ο</span> <span class='ocrx_word' id='word_1_648' title='bbox 1999 3241 2325 3311; x_wconf 82' lang='lat' dir='ltr'><strong>suspiciens,</strong></span> <span class='ocrx_word' id='word_1_649' title='bbox 2360 3249 2420 3296; x_wconf 88' lang='lat' dir='ltr'><strong>et</strong></span> <span class='ocrx_word' id='word_1_650' title='bbox 2461 3241 2586 3296; x_wconf 91' lang='lat' dir='ltr'><strong>inde</strong></span> <span class='ocrx_word' id='word_1_651' title='bbox 2613 3241 2734 3312; x_wconf 85' lang='lat' dir='ltr'><strong>ejus</strong></span> <span class='ocrx_word' id='word_1_652' title='bbox 2766 3240 2912 3310; x_wconf 84' lang='lat' dir='ltr'><strong>quod</strong></span> <span class='ocrx_word' id='word_1_653' title='bbox 2965 3240 3278 3296; x_wconf 89' lang='lat' dir='ltr'><strong>faciendum</strong></span> <span class='ocrx_word' id='word_1_654' title='bbox 3327 3251 3434 3308; x_wconf 88' lang='lat' dir='ltr'><strong>est,</strong></span> <span class='ocrx_word' id='word_1_655' title='bbox 3468 3256 3600 3296; x_wconf 88' lang='lat' dir='ltr'><strong>con-</strong></span> 
     </span>
    </p>
   </div>
   <div class='ocr_carea' id='block_1_88' title="bbox 2001 3355 3606 3427">
    <p class='ocr_par' dir='ltr' id='par_1_88' title="bbox 2001 3355 3606 3427">
     <span class='ocr_line' id='line_1_88' title="bbox 2001 3355 3606 3427; baseline 0.002 -17"><span class='ocrx_word' id='word_1_656' title='bbox 2001 3355 2184 3410; x_wconf 89' lang='lat' dir='ltr'><strong>silium</strong></span> <span class='ocrx_word' id='word_1_657' title='bbox 2221 3357 2466 3427; x_wconf 88' lang='lat' dir='ltr'><strong>capiens.</strong></span> <span class='ocrx_word' id='word_1_658' title='bbox 2493 3355 2651 3422; x_wconf 88' lang='lat' dir='ltr'><strong>Quod</strong></span> <span class='ocrx_word' id='word_1_659' title='bbox 2690 3357 2734 3410; x_wconf 89' lang='lat' dir='ltr'>si</span> <span class='ocrx_word' id='word_1_660' title='bbox 2774 3356 3239 3427; x_wconf 82' lang='lat' dir='ltr'><strong>gubernatoribus</strong></span> <span class='ocrx_word' id='word_1_661' title='bbox 3291 3356 3414 3410; x_wconf 84' lang='lat' dir='ltr'><strong>talia</strong></span> <span class='ocrx_word' id='word_1_662' title='bbox 3451 3372 3606 3413; x_wconf 50' lang='lat' dir='ltr'><strong>cura)»</strong></span> 
     </span>
    </p>
   </div>
   <div class='ocr_carea' id='block_1_89' title="bbox 1999 3458 3598 3540">
    <p class='ocr_par' dir='ltr' id='par_1_89' title="bbox 1999 3458 3598 3540">
     <span class='ocr_line' id='line_1_89' title="bbox 1999 3458 3598 3540; baseline 0.003 -16"><span class='ocrx_word' id='word_1_663' title='bbox 1999 3478 2150 3533; x_wconf 89' lang='lat' dir='ltr'><strong>sunt,</strong></span> <span class='ocrx_word' id='word_1_664' title='bbox 2189 3484 2301 3540; x_wconf 92' lang='lat' dir='ltr'>quo</span> <span class='ocrx_word' id='word_1_665' title='bbox 2328 3480 2487 3540; x_wconf 86' lang='lat' dir='ltr'><strong>pacto</strong></span> <span class='ocrx_word' id='word_1_666' title='bbox 2523 3471 2676 3525; x_wconf 85' lang='lat' dir='ltr'><strong>urbis</strong></span> <span class='ocrx_word' id='word_1_667' title='bbox 2699 3458 3178 3525; x_wconf 14' lang='lat' dir='ltr'><strong>aedilibus’minus</strong></span> <span class='ocrx_word' id='word_1_668' title='bbox 3204 3471 3474 3527; x_wconf 87' lang='lat' dir='ltr'><strong>sollicitos</strong></span> <span class='ocrx_word' id='word_1_669' title='bbox 3510 3488 3598 3528; x_wconf 83' lang='lat' dir='ltr'><strong>es-</strong></span> 
     </span>
    </p>
   </div>
   <div class='ocr_carea' id='block_1_90' title="bbox 1999 3579 3588 3652">
    <p class='ocr_par' dir='ltr' id='par_1_90' title="bbox 1999 3579 3588 3652">
     <span class='ocr_line' id='line_1_90' title="bbox 1999 3579 3588 3652; baseline 0.005 -18"><span class='ocrx_word' id='word_1_670' title='bbox 1999 3593 2058 3634; x_wconf 82' lang='lat' dir='ltr'><strong>se</strong></span> <span class='ocrx_word' id='word_1_671' title='bbox 2083 3579 2252 3634; x_wconf 88' lang='lat' dir='ltr'><strong>licere</strong></span> <span class='ocrx_word' id='word_1_672' title='bbox 2274 3579 2566 3634; x_wconf 81' lang='lat' dir='ltr'><strong>dicemus?</strong></span> <span class='ocrx_word' id='word_1_673' title='bbox 2591 3584 2712 3646; x_wconf 82' lang='lat' dir='ltr'>Quo</span> <span class='ocrx_word' id='word_1_674' title='bbox 2738 3582 3009 3652; x_wconf 83' lang='lat' dir='ltr'><strong>majorum</strong></span> <span class='ocrx_word' id='word_1_675' title='bbox 3039 3583 3190 3637; x_wconf 90' lang='lat' dir='ltr'><strong>enim</strong></span> <span class='ocrx_word' id='word_1_676' title='bbox 3215 3599 3404 3638; x_wconf 89' lang='lat' dir='ltr'><strong>rerum</strong></span> <span class='ocrx_word' id='word_1_677' title='bbox 3435 3600 3500 3640; x_wconf 92' lang='lat' dir='ltr'>cu</span> <span class='ocrx_word' id='word_1_678' title='bbox 3513 3603 3588 3642; x_wconf 75' lang='lat' dir='ltr'>rte</span> 
     </span>
    </p>
   </div>
   <div class='ocr_carea' id='block_1_91' title="bbox 1998 3691 3596 3763">
    <p class='ocr_par' dir='ltr' id='par_1_91' title="bbox 1998 3691 3596 3763">
     <span class='ocr_line' id='line_1_91' title="bbox 1998 3691 3596 3763; baseline 0.008 -20"><span class='ocrx_word' id='word_1_679' title='bbox 1998 3691 2282 3761; x_wconf 67' lang='lat' dir='ltr'><strong>praepositi</strong></span> <span class='ocrx_word' id='word_1_680' title='bbox 2307 3701 2463 3757; x_wconf 87' lang='lat' dir='ltr'><strong>sunt,</strong></span> <span class='ocrx_word' id='word_1_681' title='bbox 2490 3711 2518 3743; x_wconf 86' lang='grc' dir='ltr'>ιι</span> <span class='ocrx_word' id='word_1_682' title='bbox 2543 3693 2753 3763; x_wconf 84' lang='lat' dir='ltr'><strong>ajorem</strong></span> <span class='ocrx_word' id='word_1_683' title='bbox 2779 3692 2945 3746; x_wconf 87' lang='lat' dir='ltr'><strong>etiam</strong></span> <span class='ocrx_word' id='word_1_684' title='bbox 2973 3691 3030 3746; x_wconf 90' lang='lat' dir='ltr'>in</span> <span class='ocrx_word' id='word_1_685' title='bbox 3059 3694 3126 3749; x_wconf 87' lang='lat' dir='ltr'>iis</span> <span class='ocrx_word' id='word_1_686' title='bbox 3158 3695 3596 3754; x_wconf 86' lang='lat' dir='ltr'><strong>sollicitudinem</strong></span> 
     </span>
    </p>
   </div>
   <div class='ocr_carea' id='block_1_92' title="bbox 1999 3806 3598 3879">
    <p class='ocr_par' dir='ltr' id='par_1_92' title="bbox 1999 3806 3598 3879">
     <span class='ocr_line' id='line_1_92' title="bbox 1999 3806 3598 3879; baseline 0.005 -17"><span class='ocrx_word' id='word_1_687' title='bbox 1999 3821 2206 3879; x_wconf 88' lang='lat' dir='ltr'><strong>ponere</strong></span> <span class='ocrx_word' id='word_1_688' title='bbox 2236 3806 2521 3863; x_wconf 84' lang='lat' dir='ltr'><strong>debebunt</strong></span> <span class='ocrx_word' id='word_1_689' title='bbox 2549 3816 2627 3872; x_wconf 91' lang='lat' dir='ltr'>et,</span> <span class='ocrx_word' id='word_1_690' title='bbox 2655 3809 2949 3864; x_wconf 90' lang='lat' dir='ltr'><strong>volucrum</strong></span> <span class='ocrx_word' id='word_1_691' title='bbox 2995 3810 3191 3878; x_wconf 88' lang='lat' dir='ltr'><strong>instar,</strong></span> <span class='ocrx_word' id='word_1_692' title='bbox 3249 3813 3452 3869; x_wconf 77' lang='lat' dir='ltr'><strong>moenia</strong></span> <span class='ocrx_word' id='word_1_693' title='bbox 3487 3815 3598 3872; x_wconf 86' lang='lat' dir='ltr'><strong>cir-</strong></span> 
     </span>
    </p>
   </div>
   <div class='ocr_carea' id='block_1_93' title="bbox 1999 3921 3594 4001">
    <p class='ocr_par' dir='ltr' id='par_1_93' title="bbox 1999 3921 3594 4001">
     <span class='ocr_line' id='line_1_93' title="bbox 1999 3921 3594 4001; baseline 0.007 -26"><span class='ocrx_word' id='word_1_694' title='bbox 1999 3921 2406 3989; x_wconf 87' lang='lat' dir='ltr'><strong>cumvolantes,</strong></span> <span class='ocrx_word' id='word_1_695' title='bbox 2435 3937 2545 3976; x_wconf 89' lang='lat' dir='ltr'>una</span> <span class='ocrx_word' id='word_1_696' title='bbox 2571 3937 2698 3978; x_wconf 90' lang='lat' dir='ltr'>cum</span> <span class='ocrx_word' id='word_1_697' title='bbox 2757 3923 2912 3979; x_wconf 86' lang='lat' dir='ltr'><strong>urbis</strong></span> <span class='ocrx_word' id='word_1_698' title='bbox 2948 3924 3210 3996; x_wconf 69' lang='lat' dir='ltr'><strong>prafecto</strong></span> <span class='ocrx_word' id='word_1_699' title='bbox 3259 3926 3328 3982; x_wconf 90' lang='lat' dir='ltr'><strong>ad</strong></span> <span class='ocrx_word' id='word_1_700' title='bbox 3361 3927 3594 4001; x_wconf 86' lang='lat' dir='ltr'><strong>vigilan-</strong></span> 
     </span>
    </p>
   </div>
   <div class='ocr_carea' id='block_1_94' title="bbox 1998 4035 3488 4111">
    <p class='ocr_par' dir='ltr' id='par_1_94' title="bbox 1998 4035 3488 4111">
     <span class='ocr_line' id='line_1_94' title="bbox 1998 4035 3488 4111; baseline 0.009 -22"><span class='ocrx_word' id='word_1_701' title='bbox 1998 4035 2128 4090; x_wconf 92' lang='lat' dir='ltr'>dum</span> <span class='ocrx_word' id='word_1_702' title='bbox 2161 4044 2217 4092; x_wconf 88' lang='lat' dir='ltr'><strong>et</strong></span> <span class='ocrx_word' id='word_1_703' title='bbox 2245 4038 2679 4109; x_wconf 84' lang='lat' dir='ltr'><strong>coeperandum,</strong></span> <span class='ocrx_word' id='word_1_704' title='bbox 2711 4053 2853 4111; x_wconf 88' lang='lat' dir='ltr'><strong>quos</strong></span> <span class='ocrx_word' id='word_1_705' title='bbox 2883 4054 2982 4110; x_wconf 89' lang='lat' dir='ltr'>par</span> <span class='ocrx_word' id='word_1_706' title='bbox 3026 4050 3134 4106; x_wconf 90' lang='lat' dir='ltr'><strong>est,</strong></span> <span class='ocrx_word' id='word_1_707' title='bbox 3166 4042 3488 4102; x_wconf 88' lang='lat' dir='ltr'><strong>admonere.</strong></span> 
     </span>
    </p>
   </div>
   <div class='ocr_carea' id='block_1_95' title="bbox 2070 4938 3591 5026">
    <p class='ocr_par' dir='ltr' id='par_1_95' title="bbox 2070 4938 3591 5026">
     <span class='ocr_line' id='line_1_95' title="bbox 2070 4938 3591 5026; baseline 0.013 -34"><span class='ocrx_word' id='word_1_708' title='bbox 2070 4939 2158 4993; x_wconf 80' lang='grc'>16.</span> <span class='ocrx_word' id='word_1_709' title='bbox 2193 4938 2455 5006; x_wconf 87' lang='lat' dir='ltr'><strong>Quamvis</strong></span> <span class='ocrx_word' id='word_1_710' title='bbox 2489 4957 2589 5014; x_wconf 89' lang='lat' dir='ltr'><strong>per</strong></span> <span class='ocrx_word' id='word_1_711' title='bbox 2630 4945 2756 5002; x_wconf 63' lang='lat' dir='ltr'><strong>haec</strong></span> <span class='ocrx_word' id='word_1_712' title='bbox 2786 4951 2972 5006; x_wconf 86' lang='lat' dir='ltr'><strong>omnia</strong></span> <span class='ocrx_word' id='word_1_713' title='bbox 3013 4950 3214 5010; x_wconf 87' lang='lat' dir='ltr'><strong>civitas</strong></span> <span class='ocrx_word' id='word_1_714' title='bbox 3243 4955 3426 5025; x_wconf 80' lang='lat' dir='ltr'><strong>aliqua</strong></span> <span class='ocrx_word' id='word_1_715' title='bbox 3460 4970 3591 5026; x_wconf 85' lang='lat' dir='ltr'><strong>pro-</strong></span> 
     </span>
    </p>
   </div>
   <div class='ocr_carea' id='block_1_96' title="bbox 1994 5065 3583 5148">
    <p class='ocr_par' dir='ltr' id='par_1_96' title="bbox 1994 5065 3583 5148">
     <span class='ocr_line' id='line_1_96' title="bbox 1994 5065 3583 5148; baseline 0.009 -31"><span class='ocrx_word' id='word_1_716' title='bbox 1994 5065 2260 5133; x_wconf 86' lang='lat' dir='ltr'><strong>speritate</strong></span> <span class='ocrx_word' id='word_1_717' title='bbox 2285 5079 2351 5121; x_wconf 90' lang='lat' dir='ltr'><strong>ac</strong></span> <span class='ocrx_word' id='word_1_718' title='bbox 2399 5066 2699 5125; x_wconf 89' lang='lat' dir='ltr'><strong>securitate</strong></span> <span class='ocrx_word' id='word_1_719' title='bbox 2746 5068 2856 5126; x_wconf 89' lang='lat' dir='ltr'><strong>frui</strong></span> <span class='ocrx_word' id='word_1_720' title='bbox 2885 5073 3084 5142; x_wconf 89' lang='lat' dir='ltr'><strong>possit,</strong></span> <span class='ocrx_word' id='word_1_721' title='bbox 3116 5072 3171 5128; x_wconf 90' lang='lat' dir='ltr'><strong>id</strong></span> <span class='ocrx_word' id='word_1_722' title='bbox 3206 5089 3372 5144; x_wconf 89' lang='lat' dir='ltr'><strong>porro</strong></span> <span class='ocrx_word' id='word_1_723' title='bbox 3413 5091 3583 5148; x_wconf 61' lang='lat' dir='ltr'><strong>ageno</strong></span> 
     </span>
    </p>
   </div>
   <div class='ocr_carea' id='block_1_97' title="bbox 1991 5175 3586 5254">
    <p class='ocr_par' dir='ltr' id='par_1_97' title="bbox 1991 5175 3586 5254">
     <span class='ocr_line' id='line_1_97' title="bbox 1991 5175 3586 5254; baseline 0.012 -24"><span class='ocrx_word' id='word_1_724' title='bbox 1991 5175 2125 5230; x_wconf 91' lang='lat' dir='ltr'>dum</span> <span class='ocrx_word' id='word_1_725' title='bbox 2160 5179 2525 5235; x_wconf 83' lang='lat' dir='ltr'><strong>restatutista</strong></span> <span class='ocrx_word' id='word_1_726' title='bbox 2562 5184 2900 5254; x_wconf 88' lang='lat' dir='ltr'><strong>prosperitas</strong></span> <span class='ocrx_word' id='word_1_727' title='bbox 2923 5197 3164 5244; x_wconf 88' lang='lat' dir='ltr'><strong>maneat.</strong></span> <span class='ocrx_word' id='word_1_728' title='bbox 3190 5187 3406 5247; x_wconf 81' lang='lat' dir='ltr'><strong>Felices</strong></span> <span class='ocrx_word' id='word_1_729' title='bbox 3433 5193 3586 5249; x_wconf 88' lang='lat' dir='ltr'><strong>enim</strong></span> 
     </span>
    </p>
   </div>
   <div class='ocr_carea' id='block_1_98' title="bbox 1991 5289 3590 5366">
    <p class='ocr_par' dir='ltr' id='par_1_98' title="bbox 1991 5289 3590 5366">
     <span class='ocr_line' id='line_1_98' title="bbox 1991 5289 3590 5366; baseline 0.013 -23"><span class='ocrx_word' id='word_1_730' title='bbox 1991 5289 2141 5345; x_wconf 77' lang='lat' dir='ltr'><strong>cives</strong></span> <span class='ocrx_word' id='word_1_731' title='bbox 2175 5305 2297 5347; x_wconf 89' lang='lat' dir='ltr'><strong>esse</strong></span> <span class='ocrx_word' id='word_1_732' title='bbox 2346 5306 2454 5348; x_wconf 92' lang='lat' dir='ltr'><strong>non</strong></span> <span class='ocrx_word' id='word_1_733' title='bbox 2488 5293 2687 5352; x_wconf 79' lang='lat' dir='ltr'><strong>suﬂicit</strong></span> <span class='ocrx_word' id='word_1_734' title='bbox 2709 5337 2724 5362; x_wconf 95' lang='lat'>,</span> <span class='ocrx_word' id='word_1_735' title='bbox 2759 5298 2869 5354; x_wconf 89' lang='lat' dir='ltr'>imo</span> <span class='ocrx_word' id='word_1_736' title='bbox 2905 5301 3165 5358; x_wconf 87' lang='lat' dir='ltr'><strong>meliores</strong></span> <span class='ocrx_word' id='word_1_737' title='bbox 3193 5304 3250 5358; x_wconf 93' lang='lat' dir='ltr'>in</span> <span class='ocrx_word' id='word_1_738' title='bbox 3287 5304 3433 5361; x_wconf 88' lang='lat' dir='ltr'><strong>diem</strong></span> <span class='ocrx_word' id='word_1_739' title='bbox 3466 5307 3590 5366; x_wconf 85' lang='lat' dir='ltr'><strong>fiert</strong></span> 
     </span>
    </p>
   </div>
   <div class='ocr_carea' id='block_1_99' title="bbox 1993 5410 3586 5488">
    <p class='ocr_par' dir='ltr' id='par_1_99' title="bbox 1993 5410 3586 5488">
     <span class='ocr_line' id='line_1_99' title="bbox 1993 5410 3586 5488; baseline 0.014 -28"><span class='ocrx_word' id='word_1_740' title='bbox 1993 5419 2230 5477; x_wconf 91' lang='lat' dir='ltr'><strong>oportet,</strong></span> <span class='ocrx_word' id='word_1_741' title='bbox 2271 5418 2328 5464; x_wconf 90' lang='lat' dir='ltr'><strong>et</strong></span> <span class='ocrx_word' id='word_1_742' title='bbox 2363 5410 2492 5467; x_wconf 90' lang='lat' dir='ltr'><strong>inde</strong></span> <span class='ocrx_word' id='word_1_743' title='bbox 2535 5413 2590 5468; x_wconf 91' lang='lat' dir='ltr'>in</span> <span class='ocrx_word' id='word_1_744' title='bbox 2622 5413 2836 5471; x_wconf 88' lang='lat' dir='ltr'><strong>honore</strong></span> <span class='ocrx_word' id='word_1_745' title='bbox 2865 5427 3032 5488; x_wconf 90' lang='lat' dir='ltr'><strong>atque</strong></span> <span class='ocrx_word' id='word_1_746' title='bbox 3061 5419 3432 5479; x_wconf 86' lang='lat' dir='ltr'><strong>admiratione</strong></span> <span class='ocrx_word' id='word_1_747' title='bbox 3462 5439 3586 5483; x_wconf 87' lang='lat' dir='ltr'><strong>esse</strong></span> 
     </span>
    </p>
   </div>
   <div class='ocr_carea' id='block_1_100' title="bbox 1993 5525 3589 5597">
    <p class='ocr_par' dir='ltr' id='par_1_100' title="bbox 1993 5525 3589 5597">
     <span class='ocr_line' id='line_1_100' title="bbox 1993 5525 3589 5597; baseline 0.012 -20"><span class='ocrx_word' id='word_1_748' title='bbox 1993 5526 2136 5596; x_wconf 87' lang='lat' dir='ltr'><strong>apud</strong></span> <span class='ocrx_word' id='word_1_749' title='bbox 2169 5525 2416 5597; x_wconf 81' lang='lat' dir='ltr'><strong>vulgum,</strong></span> <span class='ocrx_word' id='word_1_750' title='bbox 2459 5527 2505 5583; x_wconf 90' lang='lat' dir='ltr'>si</span> <span class='ocrx_word' id='word_1_751' title='bbox 2533 5527 2738 5585; x_wconf 90' lang='lat' dir='ltr'><strong>virtute</strong></span> <span class='ocrx_word' id='word_1_752' title='bbox 2761 5533 3063 5588; x_wconf 81' lang='lat' dir='ltr'><strong>excellunt.</strong></span> <span class='ocrx_word' id='word_1_753' title='bbox 3095 5533 3162 5588; x_wconf 87' lang='lat' dir='ltr'><strong>Et</strong></span> <span class='ocrx_word' id='word_1_754' title='bbox 3196 5550 3255 5591; x_wconf 88' lang='lat' dir='ltr'>re</span> <span class='ocrx_word' id='word_1_755' title='bbox 3292 5551 3422 5592; x_wconf 89' lang='lat' dir='ltr'><strong>vera</strong></span> <span class='ocrx_word' id='word_1_756' title='bbox 3447 5539 3589 5595; x_wconf 82' lang='lat' dir='ltr'><strong>civi-</strong></span> 
     </span>
    </p>
   </div>
   <div class='ocr_carea' id='block_1_101' title="bbox 1993 5641 3588 5718">
    <p class='ocr_par' dir='ltr' id='par_1_101' title="bbox 1993 5641 3588 5718">
     <span class='ocr_line' id='line_1_101' title="bbox 1993 5641 3588 5718; baseline 0.012 -25"><span class='ocrx_word' id='word_1_757' title='bbox 1993 5649 2076 5694; x_wconf 90' lang='lat' dir='ltr'>tas</span> <span class='ocrx_word' id='word_1_758' title='bbox 2103 5641 2209 5695; x_wconf 83' lang='lat' dir='ltr'><strong>isto</strong></span> <span class='ocrx_word' id='word_1_759' title='bbox 2238 5643 2402 5698; x_wconf 83' lang='lat' dir='ltr'><strong>modo</strong></span> <span class='ocrx_word' id='word_1_760' title='bbox 2445 5643 2775 5713; x_wconf 89' lang='lat' dir='ltr'><strong>procedens,</strong></span> <span class='ocrx_word' id='word_1_761' title='bbox 2810 5661 2912 5702; x_wconf 88' lang='lat' dir='ltr'><strong>nec</strong></span> <span class='ocrx_word' id='word_1_762' title='bbox 2935 5647 3110 5718; x_wconf 84' lang='lat' dir='ltr'><strong>gloria</strong></span> <span class='ocrx_word' id='word_1_763' title='bbox 3152 5665 3256 5706; x_wconf 87' lang='lat' dir='ltr'>nec</span> <span class='ocrx_word' id='word_1_764' title='bbox 3287 5652 3412 5709; x_wconf 75' lang='lat' dir='ltr'><strong>vita:</strong></span> <span class='ocrx_word' id='word_1_765' title='bbox 3435 5670 3588 5711; x_wconf 88' lang='lat' dir='ltr'><strong>com-</strong></span> 
     </span>
    </p>
   </div>
   <div class='ocr_carea' id='block_1_102' title="bbox 1993 5756 3585 5839">
    <p class='ocr_par' dir='ltr' id='par_1_102' title="bbox 1993 5756 3585 5839">
     <span class='ocr_line' id='line_1_102' title="bbox 1993 5756 3585 5839; baseline 0.011 -31"><span class='ocrx_word' id='word_1_766' title='bbox 1993 5756 2172 5811; x_wconf 86' lang='lat' dir='ltr'><strong>modis</strong></span> <span class='ocrx_word' id='word_1_767' title='bbox 2207 5757 2440 5826; x_wconf 88' lang='lat' dir='ltr'><strong>carebit,</strong></span> <span class='ocrx_word' id='word_1_768' title='bbox 2475 5759 2696 5829; x_wconf 88' lang='lat' dir='ltr'><strong>quando</strong></span> <span class='ocrx_word' id='word_1_769' title='bbox 2720 5758 2848 5816; x_wconf 88' lang='lat' dir='ltr'><strong>boni</strong></span> <span class='ocrx_word' id='word_1_770' title='bbox 2899 5779 3083 5820; x_wconf 86' lang='lat' dir='ltr'><strong>mores</strong></span> <span class='ocrx_word' id='word_1_771' title='bbox 3117 5765 3304 5836; x_wconf 83' lang='lat' dir='ltr'><strong>vigent</strong></span> <span class='ocrx_word' id='word_1_772' title='bbox 3334 5778 3391 5821; x_wconf 91' lang='lat' dir='ltr'>et</span> <span class='ocrx_word' id='word_1_773' title='bbox 3429 5772 3585 5839; x_wconf 77' lang='lat' dir='ltr'><strong>pravi</strong></span> 
     </span>
    </p>
   </div>
   <div class='ocr_carea' id='block_1_103' title="bbox 1993 5872 3588 5944">
    <p class='ocr_par' dir='ltr' id='par_1_103' title="bbox 1993 5872 3588 5944">
     <span class='ocr_line' id='line_1_103' title="bbox 1993 5872 3588 5944; baseline 0.012 -20"><span class='ocrx_word' id='word_1_774' title='bbox 1993 5872 2409 5941; x_wconf 87' lang='lat' dir='ltr'><strong>perdomantur.</strong></span> <span class='ocrx_word' id='word_1_775' title='bbox 2442 5875 2522 5930; x_wconf 84' lang='lat' dir='ltr'>ita</span> <span class='ocrx_word' id='word_1_776' title='bbox 2549 5874 2696 5932; x_wconf 90' lang='lat' dir='ltr'><strong>cnim</strong></span> <span class='ocrx_word' id='word_1_777' title='bbox 2731 5876 2909 5934; x_wconf 85' lang='lat' dir='ltr'><strong>virtus</strong></span> <span class='ocrx_word' id='word_1_778' title='bbox 2948 5879 3017 5936; x_wconf 81' lang='lat' dir='ltr'>ad</span> <span class='ocrx_word' id='word_1_779' title='bbox 3055 5880 3386 5940; x_wconf 85' lang='lat' dir='ltr'><strong>altissimum</strong></span> <span class='ocrx_word' id='word_1_780' title='bbox 3431 5885 3588 5944; x_wconf 83' lang='lat' dir='ltr'><strong>fasti-</strong></span> 
     </span>
    </p>
   </div>
  </div>
