4018 6416
504 368 605 433 527

1750 358 2148 424 THEODULI
2193 355 2452 421 MONAC
2468 359 2553 419 IIl

3554 358 3762 435 .528

499 486 650 556 gium
697 479 967 539 evehetur
1021 487 1076 534 et
1123 491 1421 535 numerosa
1472 485 1812 535 sectatorum
1865 477 2087 534 cohorte

2203 473 2389 528 εῐσθαι
2420 473 2530 526 τῶν
2556 469 2760 536 ἄλλων,
2800 468 2894 522 καὶ
2924 469 3094 522 πᾶσιν
3135 463 3217 533 οἷς
3245 463 3388 530 εἰκὸς
3420 471 3653 524 τουτουσὶ
3683 473 3763 526 θε-

493 593 817 664 stipabitur.
848 592 905 649 Si
935 593 1081 648 enim
1108 591 1164 646 in
1195 607 1284 661 eo,
1309 601 1368 648 ut
1393 591 1472 647 ait
1502 593 1820 663 Euripides,
1840 591 2102 662 plurimae

495 709 746 765 civitates
775 715 1005 778 peccant
1023 705 1170 776 quod
1192 705 1474 762 hominem
1507 705 1768 775 probum,
1792 713 2084 761 strenuum

496 835 605 875 non
641 820 927 888 patiuntur
973 819 1188 874 meliori
1227 834 1393 889 quam
1426 820 1632 874 malum
1663 835 1728 874 ac
1762 834 2088 889 perversum

495 935 625 1000 frui,
662 934 778 990 fieri
800 948 911 988 non
937 942 1121 1003 potest
1143 933 1277 1002 quin
1304 934 1471 997 idem,
1506 934 1552 989 si
1585 943 1810 1004 propter
1841 947 1932 990 res
1955 935 2098 991 bene

493 1063 677 1121 gestas
701 1064 733 1104 a
765 1048 981 1106 civibus
1026 1047 1357 1115 honoratur,
1400 1048 1592 1119 patria)
1637 1049 1946 1105 commodis
1977 1060 2103 1104 stu-

496 1165 658 1230 deat;
693 1163 828 1233 quin
867 1162 1054 1233 quivis
1085 1163 1269 1217 bonus
1312 1162 1486 1220 citato
1515 1163 1685 1234 gradu
1719 1165 1786 1219 ad
1831 1163 1974 1220 bene
2022 1163 2106 1219 fa-

500 1277 786 1340 ciendum,
844 1276 973 1332 inde
1021 1288 1283 1332 coronam
1314 1278 1475 1348 pretii
1529 1279 1652 1334 loco
1694 1288 2096 1349 reportaturus,

493 1393 836 1463 aceingatur.
856 1390 968 1446 Nec
994 1391 1217 1447 mirum.
1239 1391 1452 1462 Spartae
1481 1392 1704 1463 quidem
1733 1402 1813 1448 tot
1837 1403 1895 1448 et
1919 1393 2093 1449 tantis

507 1501 670 1557 bonis
723 1501 829 1556 frui
886 1502 1076 1558 datum
1125 1502 1230 1558 fuit
1255 1515 1295 1558 ‘a
1332 1503 1579 1576 Lycurgo
1639 1505 1950 1576 legislatore
1999 1505 2096 1577 qui

496 1630 718 1673 omnem
779 1627 980 1672 terram
1043 1617 1213 1686 gloria
1275 1632 1376 1673 sua
1427 1618 1660 1687 replevit
1723 1619 2087 1690 sempiterna.

499 1733 640 1788 llinc
668 1733 734 1787 ad
786 1741 976 1788 nostra
1005 1749 1182 1802 usque
1233 1742 1492 1801 tempora
1513 1748 1674 1787 nemo
1738 1730 2092 1787 Lacedaemo-

2213 566 2521 638 ραπεύείν·
2578 565 2716 636 προς
2768 563 2878 634 γὰρ
2927 562 3006 634 τῷ
3065 562 3166 633 τὴν
3225 560 3402 616 ταῦτα
3439 563 3764 634 πράσσουσαν

2209 659 2368 714 πόλιν
2416 656 2657 727 μάλιστα
2692 655 2818 711 νοῦν
2851 655 2998 727 ἔχειν
3027 656 3231 721 δοκεῖν,
3263 656 3360 710 καὶ
3402 656 3556 720 δόξαν
3583 657 3767 724 εὐγνω-

2211 751 2456 822 μοσύνης
2489 750 2781 822 φέρεσθαι,
2814 751 2912 805 καὶ
2942 749 3094 804 πόλλ’
3123 750 3264 821 αὐτῇ
3306 749 3376 804 τὰ
3402 747 3654 803 κάλλιστα
3678 766 3767 803 πε-

2210 847 2538 916 ριγίγνεται,
2587 847 2686 915 τῆς
2715 860 2777 896 τε
2833 843 3150 914 προσούσης
3194 841 3404 913 ἀρετῆς
3450 842 3764 912 τιμωμένης,

2207 939 2306 1008 τῆς
2339 956 2399 991 τε
2439 939 2642 1000 κακίας
2689 934 2953 1000 καθάπαξ
2991 935 3409 1006 ἁνειργομένης,
3435 934 3507 996 ὼς
3551 934 3646 1004 τὴν
3679 934 3768 1004 μὲν

2211 1031 2570 1102 μεταϐάλλειν
2599 1026 2660 1084 εὖ
2689 1029 2858 1100 μάλα,
2885 1029 2983 1100 τὴν
3005 1027 3050 1080 δ’
3077 1027 3156 1092 είς
3186 1027 3315 1082 ὅσον
3339 1025 3514 1092 ἔξεστι
3537 1026 3769 1080 πλεῖστον

2208 1124 2530 1190 ἐπιδιδόναι,
2566 1125 2661 1178 καὶ
2711 1122 3002 1184 πλείστους
3055 1119 3310 1190 ζηλωτὰς
3353 1117 3769 1174 καθιστάναι.Εί

2209 1220 2324 1287 γὰρ
2353 1220 2412 1270 ἐν
2439 1217 2576 1286 τῷδε
2601 1214 2724 1269 κατ’
2755 1214 3062 1285 Εὐριπίδην
3091 1215 3146 1266 αί
3176 1212 3372 1266 πολλαὶ
3398 1211 3662 1281 κάμνουσι
3687 1212 3774 1262 πό-

2209 1311 2343 1377 λεις,
2386 1311 2515 1363 ὅταν
2545 1326 2628 1372 τις
2655 1308 2848 1370 ἐσθλὸς
2883 1307 2978 1361 καὶ
3011 1306 3293 1377 πρόθυμος
3323 1304 3400 1358 ὢν
3436 1303 3592 1375 ἀνὴρ,
3618 1303 3771 1375 μηδὲν

2211 1403 2452 1472 φέρηται
2484 1402 2592 1454 τῶν
2623 1401 2892 1454 κακιόνων
2921 1399 3106 1460 πλέον,
3141 1396 3362 1468 εὖδηλον
3387 1394 3462 1460 ὡς
3487 1395 3612 1450 ὅταν
3632 1388 3772 1457 οὗτος

2208 1497 2372 1558 αὐτὸς
2416 1497 2512 1548 καὶ
2550 1495 2690 1564 ὑπὲρ
2716 1495 2784 1546 τὰ
2825 1493 3131 1562 γιγνόμενα
3170 1491 3473 1562 οτέργηται
3505 1489 3597 1542 καὶ
3627 1487 3772 1558 φιλῆ-

2207 1607 2320 1654 ται,
2377 1587 2634 1642 τοσοῦτον
2684 1587 2842 1639 ἔσται
2870 1589 2934 1656 τῇ
2977 1585 3224 1655 λαχούσῃ
3271 1582 3428 1636 πόλει
3479 1581 3541 1634 τὸ
3578 1580 3771 1650 κέρδος,

2209 1683 2284 1746 ὼς
2322 1681 2590 1752 μὴμόνον
2635 1683 2764 1741 τοὺς
2789 1679 2973 1747 αὐτῆς
3020 1681 3231 1740 πάντας
3275 1675 3434 1745 λόγον
3467 1674 3664 1744 ἀρετῆς
3707 1672 3773 1736 ὡς

2218 1777 2453 1846 μάλιστα
2488 1776 2681 1843 ἴσχειν,
2738 1773 2830 1824 καλ⁵
2879 1774 2947 1823 τὰ
2983 1770 3196 1840 μεγάλα
3243 1772 3310 1840 τῇ
3344 1767 3563 1838 πατρίδι
3593 1766 3777 1834 φιλοτι-

499 1847 718 1902 niorum
748 1848 868 1902 sine
895 1847 1060 1902 laude
1086 1857 1143 1902 et
1171 1846 1544 1903 admiratione
1573 1847 1914 1903 mentionem
1947 1846 2087 1901 facit.

2209 1840 2431 1934 μεῖσθαι
2467 1840 2778 1936 βούλεσθαι,
2806 1864 2944 1916 ἀλλὰ
2975 1863 3067 1914 καὶ
3093 1861 3220 1924 τοὺς
3253 1860 3565 1930 ὁπηδήποτε
3591 1857 3774 1918 καλοὺς

495 1963 751 2033 Alioquin
801 1963 1210 2032 Epaminondas
1265 1963 1560 2019 Thebanos
1619 1979 1686 2018 eo
1742 1964 1998 2031 perduxit
2031 1971 2091 2018 ut

497 2087 626 2149 post.
682 2092 920 2148 pugnam
968 2075 1313 2132 Leuctricam
1344 2075 1413 2130 ab
1449 2075 1724 2130 universis
1777 2085 2094 2130 metueren-

501 2205 613 2255 tur,
651 2206 760 2244 non
789 2191 920 2258 quin
955 2190 1096 2244 altos
1144 2190 1248 2244 sibi
1280 2189 1506 2258 spiritus
1557 2199 1859 2244 sumerent.
1908 2190 2097 2244 Altera

492 2321 563 2359 ex
611 2316 769 2374 parte
812 2305 1204 2376 Amphipolim:
1260 2304 1499 2360 Brasidte
1543 2316 1604 2358 ut
1637 2305 1792 2360 heroi
1831 2315 1887 2360 et
1917 2305 2098 2360 consi-

495 2418 656 2472 liario
693 2434 845 2473 sacra
896 2419 1079 2474 facere
1114 2420 1323 2491 dignati
1357 2429 1511 2487 sunt,
1543 2421 1691 2491 quod
1721 2437 1818 2477 eos
1851 2437 1882 2477 a
1915 2423 2090 2478 socie-

494 2541 606 2587 tate
633 2533 1058 2589 Atheniensium
1094 2534 1419 2589 abduxerat.
1459 2536 1552 2592 Sic
1606 2536 1775 2607 igitur
1827 2536 2086 2606 Spartani

492 2646 827 2720 Lycurgum,
871 2646 1120 2704 Thebani
1173 2649 1638 2719 Epaminondam,
1693 2648 1765 2704 ob
1820 2651 2083 2720 praeclare

472 2760 564 2817 ab
626 2760 761 2831 ipsis
791 2770 930 2818 acta
974 2771 1035 2817 ut
1065 2762 1214 2816 viros
1249 2763 1696 2834 suprahumanos
1726 2762 1837 2818 diis
1887 2777 2087 2819 accen-

495 2889 681 2940 suere,
738 2875 1012 2931 extremis
1057 2890 1156 2930 eos
1208 2875 1517 2932 honoribus
1545 2876 1944 2948 gratiﬁcantes.
2005 2876 2099 2932 Sic

496 3002 670 3059 porro
705 2990 975 3060 Smyrnaei
1015 2990 1337 3054 Homerum,
1393 2989 1784 3061 Hippocratem
1816 2992 1941 3057 Coi,
1995 2992 2101 3047 De'

494 3101 755 3156 metriutn
813 3102 1115 3164 Abderitae,
1162 3101 1330 3158 Samii
1383 3101 1770 3174 Pythagoram,
1842 3103 2096 3172 Ajantem

495 3211 812 3278 Salaminii,
866 3212 1089 3284 Troiani
1129 3212 1444 3281 llectorem,
1487 3211 1582 3267 alii
1614 3213 1754 3268 alios
1805 3213 2004 3268 mirum
2040 3213 2097 3267 in
2126 3213 2168 3270 (Ζ

498 3327 726 3384 modum
757 3327 1072 3383 coluerunt.
1120 3327 1271 3383 inter
1301 3342 1442 3397 quos
1485 3335 1670 3384 tamen
1725 3327 2095 3384 Athenienses

499 3444 556 3497 in
595 3457 812 3502 summo
869 3442 994 3496 loco
1043 3441 1286 3511 ponendi
1322 3451 1472 3497 sunt.
1522 3440 1636 3498 Soli
1673 3441 1821 3497 enim
1883 3452 2094 3498 morta-

489 3559 625 3614 lium
676 3558 976 3613 maximum
1025 3573 1315 3613 numerum
1375 3558 1622 3612 virorum
1694 3559 2085 3615 excellentium

488 3675 692 3732 virtute
718 3682 775 3730 et
828 3671 988 3728 factis
1023 3687 1128 3726 non
1188 3672 1240 3725 in
1281 3670 1616 3736 Graecorum,
1675 3669 1773 3727 sed
1825 3673 2079 3726 omnium

471 3801 714 3855 prorsus
746 3785 1033 3855 hominum
1088 3785 1380 3844 utilitatem
1440 3784 1756 3854 progenuit.
1784 3785 1824 3840 li
1861 3786 2086 3854 potissi-

479 3911 638 3964 mum
667 3897 733 3950 ad
765 3895 954 3964 patriae
996 3894 1358 3950 necessitates
1399 3893 1708 3963 implendas
1762 3895 2090 3950 contribue-

485 4013 658 4078 runt;
688 4014 908 4061 exteros
957 4003 1200 4074 hospitio
1227 4014 1585 4075 exceperunt,
1616 4005 1862 4076 praemiis
1883 4007 2079 4076 dignos

485 4116 856 4184 decorantes;
888 4115 1004 4171 sive
1043 4115 1353 4182 sacrificiis,
1411 4118 1526 4172 sive
1572 4117 1924 4179 sacerdotiis,
1961 4120 2081 4174 sive

483 4232 730 4287 carmine
756 4239 850 4286 aut
899 4230 1098 4286 statuis
1153 4229 1520 4297 decoravere;
1556 4230 1824 4301 quosdam
1865 4248 2073 4289 corona

482 4364 650 4404 aurea
684 4347 880 4418 dignos
909 4345 1250 4412 habuerunt,
1289 4347 1381 4401 tali
1412 4347 1574 4404 modo
1614 4349 1765 4404 viros
1796 4351 2081 4406 laureatos

479 4469 747 4514 ornantcs
794 4471 851 4513 et
882 4458 948 4512 ad
1005 4474 1192 4514 rerum
1240 4458 1514 4514 bonarum
1553 4470 1836 4516 certamen
1869 4477 2081 4532 provo-

479 4584 690 4640 cantes,
732 4583 789 4629 et
809 4573 1005 4629 eodem
1038 4583 1163 4629 actu
1209 4574 1452 4629 civitatis
1485 4573 1770 4630 fortunam
1803 4588 2084 4648 augentes
2115 4565 2160 4620 Ῑ)

479 4697 537 4742 et
565 4685 862 4741 virtutibus
889 4685 1216 4741 exercendis
1259 4685 1444 4742 locum
1478 4686 1769 4754 facientes,
1822 4688 2072 4755 ipsorum

479 4797 547 4850 all
602 4795 834 4867 gloriam
893 4801 1175 4862 utcunque
1204 4807 1316 4848 non
1367 4808 1563 4863 parum
1614 4793 2070 4852 contribuerunt.

477 4908 635 4978 Quod
669 4908 713 4962 si
772 4906 1014 4961 honores
1045 4919 1257 4960 merces
1298 4914 1430 4960 sunt
1456 4905 1646 4961 debita
1695 4906 1912 4975 virtuti,
1972 4923 2076 4965 nos

478 5021 524 5090 si
561 5019 759 5092 ingrati
789 5032 1001 5086 sumus,
1040 5031 1257 5074 summa
1289 5015 1488 5089 dignos
1530 5017 1678 5072 viros
1709 5016 1910 5090 injuria
1959 5018 2078 5074 allio

479 5138 683 5205 cimus,
707 5151 774 5192 eo
806 5137 952 5206 quod
995 5135 1077 5190 eis
1130 5132 1386 5202 debetur,
1434 5133 1753 5203 spoliantes.
1784 5131 1896 5189 Nec
1944 5148 2080 5190 sane

479 5250 606 5306 novi
666 5265 731 5306 ac
766 5249 1002 5304 inauditi
1034 5248 1268 5303 facimus
1301 5246 1349 5302 si
1400 5246 1545 5316 quod.
1579 5246 1850 5309 debemus
1899 5249 2075 5304 solvi-

479 5379 640 5430 mus;
674 5363 833 5418 factis
858 5363 1006 5418 enim
1039 5363 1156 5419 suis
1182 5378 1241 5417 se
1267 5361 1335 5416 iis
1363 5359 1485 5416 istis
1510 5361 1837 5417 muneribus
1871 5362 2072 5435 dignos

480 5479 877 5550 praestiterunt,
900 5494 1022 5550 quae
1050 5477 1155 5534 sibi
1191 5477 1327 5552 ipsis
1353 5476 1529 5550 magis
1555 5489 1719 5548 quam
1746 5476 1910 5534 nobis
1937 5480 2072 5534 dan-

483 5591 633 5645 tibus
654 5593 955 5650 attribuere
991 5605 1243 5666 possunt.

2207 1961 2486 2029 κάγαθοὺς
2524 1961 2589 2013 ἐκ
2623 1959 2772 2011 δυοῖν
2813 1956 2993 2008 ποδοῖν
3041 1954 3279 2007 ἐνταῦθα
3330 1954 3552 2024 χωρεῖν,
3590 1950 3774 2004 ἐπιδεί-

2206 2053 2341 2116 ξεως
2393 2052 2579 2104 εἵνεκα
2628 2051 2724 2102 καί
2775 2049 3083 2115 στεφάνων.
3135 2046 3310 2115 Δῆλον
3343 2045 3424 2098 δέ.
3474 2045 3550 2113 Τῇ
3596 2060 3651 2095 τε
3679 2042 3773 2111 γὰρ

2205 2148 2432 2214 Σπάρτῃ
2463 2143 2736 2196 τοσούτων
2764 2141 2858 2194 καὶ
2883 2140 3220 2206 τηλικουῖτων
3244 2139 3466 2206 ἀγαθῶν
3489 2135 3774 2189 ἀπολαῦσαι

2206 2238 2300 2291 καὶ
2337 2234 2484 2288 οὕτω
2517 2234 2854 2302 θαυμαστοῖς
2892 2248 3033 2284 τισιν
3068 2230 3211 2296 ἄγαν
3257 2227 3637 2298 κεκοσμῆσθαι
3663 2243 3776 2293 τρο·

2205 2331 2390 2388 παίοις
2423 2327 2513 2380 διὰ
2564 2325 2882 2394 Λυκοῦργον
2929 2324 3024 2377 καὶ
3063 2325 3162 2384 τὰς
3212 2322 3534 2392 Λυκούργου
3565 2318 3772 2390 νομοθε-

2206 2421 2328 2483 σίας
2359 2416 2625 2488 ύπῆρξεν,
2667 2417 2742 2480 ὡς
2789 2414 3018 2481 καὶτῆς
3069 2415 3406 2485 οἰκουμένης
3455 2410 3770 2481 ἑκασταχόσε

2202 2509 2440 2579 ταυτησὶ
2468 2509 2531 2560 τὸ
2554 2507 2710 2570 κλέος
2733 2506 2946 2571 ἐλάσαι,
2975 2507 3068 2560 καὶ
3096 2505 3328 2574 προσέτι
3359 2506 3615 2576 ἀκίνητον
3642 2502 3772 2556 κατὰ

2204 2602 2407 2665 παντὸς
2441 2599 2666 2654 ἑστάναι
2703 2599 2803 2654 to?)
2848 2601 3045 2670 χρόνον
3071 2617 3084 2632 ·
3113 2597 3312 2656 οὔκουν
3350 2599 3466 2653 ἔστι
3505 2616 3567 2667 γε
3615 2595 3771 2658 οὐδεὶς

2203 2696 2334 2766 ἄχρι
2367 2697 2463 2749 τοῦ
2494 2695 2680 2766 δεῦρο,
2725 2695 2785 2758 ὃς
2825 2696 3278 2764 Λακεδαιμονίων
3328 2693 3608 2764 μνησθεὶς,
3653 2693 3769 2746 ἄνευ

2200 2785 2500 2856 ἐγκωμίων
2531 2785 2803 2856 ἐμνήσθη,
2835 2785 2951 2839 ἀλλ’
2988 2787 3105 2854 ἅμα
3126 2783 3205 2853 τῷ
3240 2783 3577 2855 μεμνῆσθαι,
3609 2781 3698 2835 καὶ
3717 2778 3770 2831 τὸ

2203 2877 2585 2948 θαυμάζεσθαι
2635 2877 3086 2947 συνεισέρχεται·
3127 2877 3256 2940 τούς
3297 2893 3364 2931 τε
3393 2876 3659 2949 Θηϐαίους
3696 2875 3772 2928 ὲν-

2202 2971 2380 3026 ταῦθα
2408 2970 2569 3041 δόξης
2616 2969 3065 3040 Ἐπαμεινώνδας
3092 2972 3443 3042 προήγαγεν,
3473 2971 3548 3036 ὡς
3576 2975 3662 3026 καὶ
3686 2984 3770 3038 φο-

2203 3064 2401 3134 ϐεροὺς
2427 3066 2541 3128 τοῖς
2583 3065 2718 3118 πᾶσι
2752 3065 2892 3132 μετὰ
2921 3063 3021 3134 τὴν
3050 3065 3110 3117 ὲν
3140 3065 3450 3136 Λεύκτροις
3479 3068 3653 3136 μάχην
3691 3079 3770 3129 γε·

2203 3159 2416 3226 νέσθαι,
2459 3160 2554 3214 καὶ
2605 3157 2792 3228 μεῖζον
2829 3158 2860 3228 ἢ
2897 3157 3023 3211 καθ’
3051 3159 3250 3222 αὐτοὺς
3301 3161 3563 3232 φρόνημα
3601 3159 3764 3228 σχεῖν·

2199 3253 2320 3307 ἀνθ’
2343 3247 2419 3306 ὧν
2441 3250 2631 3321 ὥσπερ
2669 3251 3065 3320 Ἀμφιπολῖται
3088 3252 3331 3323 Βρασίδᾳ
3364 3254 3613 3322 καθάπερ
3643 3252 3770 3321 ἥρωϊ

2197 3347 2294 3400 καὶ
2311 3349 2529 3417 οἰκιστῇ
2563 3344 2716 3399 θύειν
2743 3345 2952 3416 ἠξίουν,
2980 3345 3061 3399 ὅτι
3085 3347 3287 3411 αὐτοὺς
3323 3348 3624 3420 Ἀθηναίων
3647 3346 3766 3401 ἀπέ-

2199 3457 2398 3508 στησεν
2419 3456 2434 3472 ·
2469 3437 2615 3493 οὕτω
2643 3439 2967 3508 Λυκοῦργον
2997 3441 3095 3508 μὲν
3140 3439 3517 3509 Σπαρτιᾶται,
3559 3441 3768 3509 Θηϐαῖοι

2194 3533 2252 3586 δὲ
2307 3530 2772 3601 Ἐπαμεινώνδαν,
2826 3531 2896 3587 δι’
2944 3533 3090 3602 ἆπερ
3141 3537 3223 3596 είς
3273 3535 3476 3598 αὐτοὺς
3530 3534 3765 3603 ἔδρασαν,

2200 3625 2444 3687 ἰσοθέους
2487 3626 2812 3695 νομίσαντες
2848 3620 2991 3679 εἶναι
3027 3627 3123 3680 καὶ
3154 3626 3257 3697 τῆς
3295 3628 3645 3698 ἀνθρωπείας
3675 3623 3766 3694 φύς

2198 3735 2336 3782 σεως
2375 3720 2686 3788 κρείττους,
2717 3720 2784 3773 τὰ
2819 3720 3058 3789 μέγιστα
3103 3720 3322 3774 πάντων
3357 3724 3450 3776 καὶ
3492 3724 3655 3793 τιμᾷν
3679 3720 3767 3772 αύ-

2195 3809 2326 3871 τοὺς
2354 3809 2524 3880 ᾤοντο
2563 3811 2763 3880 χρῆναι
2787 3827 2803 3842 ο
2837 3811 3012 3875 οὕτως
3046 3814 3298 3882 Ὅμηρον
3337 3815 3439 3884 μὲν
3465 3814 3763 3884 Σμυρναῖοι,

2196 3901 2348 3955 Κῶοι
2403 3901 2461 3954 δὲ
2504 3902 2901 3972 Ἱπποκράτην,
2931 3906 3026 3957 καὶ
3063 3905 3415 3975 Δημόκριτον
3443 3905 3762 3975 Ἀϐδηρῖται,

2193 3992 2294 4045 καὶ
2343 3993 2538 4062 Σάμιοι
2590 3993 2936 4063 Πυθαγόραν,
2991 3993 3200 4048 Αἴαντα
3250 3995 3306 4048 δὲ
3368 3997 3631 4066 Σαλαμὶς,
3682 3994 3765 4047 καὶ

2194 4082 2384 4152 Τρῶες
2417 4083 2683 4153 Ἕκτορα,
2712 4085 2806 4136 καὶ
2853 4082 3074 4152 ἐτέρους
3107 4082 3326 4154 ἕτεροι·
3372 4084 3682 4156 Ἀθηναίους
3711 4080 3763 4134 δὲ

2192 4175 2427 4247 ἐξαιρῶν
2457 4175 2554 4229 τοῦ
2589 4177 2776 4244 λόγου·
2807 4177 2959 4244 μόνοι
2987 4175 3102 4246 γὰρ
3129 4177 3209 4247 τῷ
3245 4178 3338 4247 ὑφ’
3376 4179 3506 4250 ἡλίῳ
3538 4178 3761 4237 πάντων,

2193 4267 2242 4318 εί
2280 4264 2362 4318 δεῖ
2396 4264 2683 4334 συντόμως
2708 4265 2910 4330 εἰπεῖν,
2941 4264 3228 4328 πλείστους
3257 4283 3317 4319 τε
3353 4271 3447 4322 καὶ
3467 4267 3763 4334 βελτίστους

2191 4359 2289 4411 καὶ
2312 4357 2427 4418 τοῖς
2457 4355 2599 4418 ὅλοις
2621 4356 2948 4427 κρατίστους
2977 4359 3076 4409 καὶ
3100 4358 3402 4425 γεγονότας
3429 4360 3527 4429 οὐχ
3549 4357 3762 4425 Ἕλλησι
3782 4387 3794 4398 ν

2192 4449 2359 4520 μόνον
2391 4447 2530 4502 ἀλλὰ
2557 4453 2654 4502 καὶ
2685 4449 2853 4503 πᾶσιν
2883 4448 3061 4502 εἰπεῖν
3109 4447 3424 4521 ἀνθρώποις
3461 4452 3536 4513 ὡς
3560 4447 3781 4554 dinem}

2187 4544 2246 4595 ὲν
2277 4541 2497 4612 καιρῷο
2529 4545 2626 4596 καὶ
2651 4541 2809 4594 αὐτοὶ
2842 4543 2994 4614 παρὰ
3021 4540 3174 4609 σφῶν
3205 4542 3391 4596 αὐτῶν
3419 4544 3501 4606 είς
3541 4542 3635 4602 τὰς
3658 4555 3736 4591 nat

2230 4633 2673 4652 I,,,___!,_,_,,
2714 4633 2855 4652 ,Alﬁ,
2916 4650 2943 4652 η
2985 4634 3196 4652 ὶκκὶγι
3253 4638 3262 4649 ι
3358 4634 3385 4652 Λ
3492 4635 3506 4652 Ψ
3621 4631 3759 4652 ο--)λ,

2187 4636 2285 4697 νὰς
2313 4633 2644 4703 παρείχοντο
2666 4633 2880 4705 χρείας,
2912 4634 3155 4696 καὶτοὺς
3177 4634 3450 4704 ἑτέρωθεν
3475 4635 3550 4699 ὡς
3575 4631 3793 4758 αὐτοὺςὶ-

2187 4730 2424 4758 ι..-..-..-
2477 4729 2760 4758 ’,μεμε--..ρ
2784 4731 2845 4758 ἓ]-
2880 4746 3034 4758 -....--
3070 4731 3472 4758 L-......I..-.._--
3524 4731 3613 4758 -.-ἱ
3644 4728 3758 4758 με’.-

2185 4730 2444 4801 ἥκοντας,
2477 4729 2760 4793 τοιούτους
2783 4731 2847 4802 δή
2880 4746 3034 4794 τινας
3067 4731 3493 4800 ἀποφαίνοντες,
3524 4731 3617 4786 καὶ
3644 4728 3761 4782 τού-

2183 4839 2314 4886 τους
2351 4822 2644 4888 κάκείνους
2689 4823 2802 4876 τῶν
2830 4823 3176 4894 γιγνομένων
3212 4826 3398 4896 γερῶν
3442 4827 3519 4889 ὡς
3553 4818 3759 4895 μάλιστ’

2183 4914 2395 4985 ἠξίουν,
2427 4915 2558 4979 τοὺς
2602 4914 2704 4984 μὲν
2731 4919 2790 4970 ὲν
2829 4899 2998 4986 ἱεροῖς
3038 4933 3098 4970 τε
3133 4917 3230 4972 καὶ
3270 4918 3528 4982 τελεταῖς
3555 4916 3646 4972 καὶ⁵
3672 4914 3757 4966 θυ-

2187 5009 2356 5077 σίαις,
2411 5009 2539 5072 τοὺς
2566 5007 2613 5062 δ’
2649 5010 2711 5062 ὲν
2759 5009 3152 5080 ἐπιγράμμασι
3193 5013 3290 5066 καὶ
3334 5013 3512 5067 εἰκόσι
3559 5011 3650 5065 καὶ
3681 5002 3756 5068 οἷς

2182 5099 2395 5166 ἔξεστιν
2420 5112 2435 5129 ·
2473 5099 2591 5152 ἔστι
2615 5099 2661 5151 δ’
2688 5098 2787 5163 οὓς
2810 5100 2908 5154 καὶ
2935 5103 3047 5164 τοῖς
3077 5102 3222 5168 μετὰ
3250 5101 3460 5172 χρυσοῦ
3485 5101 3754 5168 στεφάνοις

2181 5193 2495 5271 έκόσμουνς
2523 5190 2664 5262 ὁμοῦ
2715 5194 2816 5264 μὲν
2841 5192 3071 5257 τούτους
3115 5188 3197 5256 οῖς
3239 5193 3381 5265 ἔφην
3405 5194 3748 5265 δωρούμενοι,

2180 5285 2316 5355 ὁμοῦ
2354 5286 2413 5339 δὲ
2449 5288 2542 5341 καὶ
2573 5287 2702 5351 τοὺς
2736 5285 2933 5351 ἄλλους
2961 5288 3054 5342 ἐπὶ
3083 5288 3152 5341 τὰ
3179 5289 3274 5344 tua
3297 5287 3746 5359 παρακαλοῦντες.

2179 5379 2242 5432 οὐ
2279 5379 2486 5449 μᾶλλον
2515 5380 2617 5449 τὴν
2639 5381 2740 5450 τῆς
2771 5381 2984 5446 πόλεως
3023 5381 3398 5453 εὐδαιμονίαν,
3434 5384 3465 5454 ἢ
3506 5383 3566 5436 τὸ
3597 5377 3747 5433 καλὸν

2178 5473 2274 5528 καὶ
2298 5473 2396 5545 τὴν
2420 5474 2623 5546 ἀρετὴν
2666 5476 2730 5528 ἐκ
2762 5475 2984 5530 πάντων
3022 5477 3258 5532 τουτωνὶ
3297 5473 3744 5546 συγκροτοῦντες·

2180 5563 2439 5618 τοσοῦτον
2473 5561 2539 5634 ἦν
2573 5569 2686 5629 τοῖς
2730 5570 2948 5620 τοιούτο
2974 5584 3000 5630 ς
3029 5567 3090 5620 τὸ
3132 5568 3284 5637 παρὰ
3319 5567 3539 5635 μάλιστ’
3582 5562 3748 5616 αὐτῶν

2181 5655 2646 5726 συγκεχωρηκὸς·
2683 5657 2868 5712 δίκαιά
2907 5677 2966 5723 τε
3020 5665 3324 5715 ποιούντων
3365 5661 3460 5712 καὶ
3499 5659 3590 5726 τῆς
3625 5669 3746 5720 σφε-

2179 5752 2347 5818 τέρας
2380 5749 2561 5801 αὐτῶν
2591 5750 2859 5820 ἀξιόχρεω
2889 5751 3070 5822 δόξης,
3100 5757 3195 5810 καὶ
3242 5752 3344 5806 τοῦ
3377 5753 3506 5822 περὶ
3532 5753 3594 5802 τὰ
3616 5743 3747 5801 καλὰ

2180 5842 2734 5915 συγκεκληρωμένου.
2791 5845 2984 5897 Καίτοι
3031 5848 3078 5898 εἰ
3130 5848 3189 5900 τὸ
3236 5851 3370 5909 τοὺς
3404 5842 3630 5913 ἀγαθοὺς
3674 5854 3748 5889 τε·
