4018 6416
282 384 391 453 529

256 594 486 660 ἰσασιν,
535 592 757 662 εὔδηλον
786 591 862 657 ὡς
893 594 989 647 ἐὰν
1039 594 1116 665 μὴ
1161 594 1323 650 τοῦτο
1368 597 1636 667 ποιῶμεν,
1669 599 1738 652 τὰ
1770 599 1866 671 μὲ-

279 686 427 756 γιστ’
454 684 656 751 αὐτοὺς
685 685 1007 755 ἀδικοῦμεν,
1050 688 1161 741 τῶν
1198 692 1594 763 προσηκόντων
1633 695 1866 748 ἀποστε-

281 774 527 847 ροῦντες.
553 774 670 831 Νῦν
685 775 732 831 δ’
746 776 899 831 οὐδὲν
927 780 1137 846 καινὸν,
1157 775 1339 851 οῖμαι,
1369 781 1610 853 δρῶμεν,
1633 783 1696 836 τὸ
1716 784 1863 848 είκὸς

279 870 627 935 ἰκτιννύντες
651 888 667 906 ·
705 871 803 924 καὶ
831 870 860 924 ὃ
893 870 1080 943 σφίσιν
1118 873 1308 939 αὐτοῖς
1337 873 1404 928 δι’
1429 868 1507 929 ὧν
1532 875 1768 931 τοιοῦτοι
1798 876 1862 948 δή

278 979 425 1026 τινες
474 962 726 1031 ἔγνωσαν
771 963 947 1029 ὅντες,
1002 968 1532 1036 παρεσκευάκασινο
1586 968 1729 1023 ὥστε
1780 965 1862 1033 οἷς

278 1055 504 1125 ἀκριϐεῖ
546 1055 690 1124 λόγῳ
719 1057 852 1128 παρ’
895 1058 1110 1111 ἑαυτῶν
1163 1058 1225 1112 οὐ
1253 1059 1387 1129 παρ’
1423 1061 1582 1131 ημῶν
1629 1061 1864 1131 ταυτηνὶ

279 1152 600 1220 κομίζονται
631 1153 733 1224 τὴν
763 1154 1101 1220 συντέλειαν,
1136 1158 1368 1223 εἰκότως
1397 1159 1463 1211 ἂν
1497 1158 1691 1213 τούτου
1733 1158 1860 1226 σξρεά

281 1262 364 1298 σιν
393 1246 600 1309 αὐτοῖς,
632 1247 731 1315 οὐχ
762 1247 893 1316 ἡμῖν
923 1247 1101 1319 ἔχοιεν
1132 1250 1316 1320 χάριν.

353 1338 441 1401 ιζ’.
472 1340 548 1392 Οὐ
596 1341 708 1411 μὴν
753 1340 892 1395 ἀλλὰ
925 1343 1019 1396 καὶ
1058 1344 1186 1408 τοὺς
1233 1344 1476 1412 ἀγαθοὺς
1510 1347 1632 1415 μὲν,
1668 1348 1769 1402 οὐκ
1801 1350 1863 1416 ιε

280 1432 504 1499 ἀγαθῶν
535 1433 594 1486 δὲ
630 1436 950 1502 γεγονότας,
998 1437 1101 1491 οὐκ
1148 1439 1625 1510 ἀποδοκιμαστέον
1675 1442 1765 1496 διὰ
1800 1443 1864 1497 τὸ

278 1525 439 1592 γένος
470 1527 642 1589 ἐστὶν,
679 1527 818 1582 ἀλλὰ
869 1529 940 1581 δι’
975 1529 1175 1594 αὐτοὺς
1207 1532 1410 1595 αὐτοὺς
1451 1534 1821 1589 σπουδαστέον
1842 1554 1856 1568 ο

275 1616 504 1670 τοσοῦτο
551 1618 806 1683 καλλίους
852 1620 1016 1685 ὄντας
1065 1626 1146 1685 είς
1194 1626 1504 1694 παράδοξον
1537 1630 1707 1697 φάναι
1752 1629 1861 1683 τῶν

274 1711 398 1765 κατ’
428 1711 596 1781 ἄμφω
626 1717 1047 1785 σεμνυνομένων
1066 1762 1081 1784 ,
1117 1719 1246 1775 ὅσον
1269 1722 1317 1777 οί
1354 1723 1456 1792 μὲν
1490 1724 1643 1780 οὐδὲν
1673 1726 1862 1781 καινὸν

272 1799 424 1872 οἶμαι
452 1804 648 1873 δρῶσι,
683 1807 967 1873 ποιοῦντες
1000 1810 1038 1866 ἃ
1067 1813 1168 1877 δεῖ,
1187 1814 1280 1867 καὶ
1302 1811 1340 1869 ἃ
1361 1816 1489 1878 τοὺς
1510 1819 1574 1870 ἐκ
1602 1819 1859 1873 τοιούτων

273 1899 421 1963 εἰκός
444 1917 459 1933 ·
489 1901 612 1954 ἐπεὶ
634 1904 868 1969 καὶτοῖς
903 1911 1164 1979 πονηροῖς
1194 1909 1305 1962 κάκ
1327 1911 1585 1981 πονηρῶν
1616 1914 1862 1980 πεφυκό-

274 2009 356 2045 σιν
386 1993 547 2048 οὐδὲν
579 1996 769 2065 ἕτερον
801 2000 944 2069 πρὸς
981 2003 1111 2064 τοὺς
1138 2002 1517 2071 ἐγκαλοῦντας
1558 2004 1737 2059 ἔνεστι
1766 2007 1861 2061 λέ-

272 2096 412 2147 γειν,
430 2082 514 2134 ὅτι
541 2082 616 2151 μὴ
641 2084 702 2137 τὸ
730 2085 889 2150 γένος
917 2088 1013 2141 καὶ
1041 2088 1104 2141 τὸ
1138 2090 1294 2161 παρά
1317 2090 1412 2143 τοῦ
1436 2091 1632 2161 γένους
1661 2093 1863 2148 οὑτωσὶ

272 2172 608 2240 διακεῖσθαι,
654 2177 731 2240 ὡς
766 2180 937 2248 μόνην
972 2186 1182 2252 ταύτην
1214 2183 1405 2248 αὐτοῖς
1451 2185 1620 2239 οὖσαν
1653 2189 1861 2254 παραίσ-

271 2281 433 2335 τησιν
467 2268 561 2321 καὶ
606 2273 959 2343 καταφυγήν.
996 2275 1061 2328 0i
1094 2274 1139 2327 δ’
1174 2277 1242 2330 ὲκ
1286 2279 1513 2346 φαύλων
1543 2278 1863 2350 ὁρμώμενοι

271 2359 381 2412 τῶν
424 2362 923 2435 παραδειγμάτων,
948 2368 1010 2420 ού
1044 2368 1145 2440 τὴν
1192 2370 1367 2440 αὐτὴν
1396 2375 1514 2441 τοῖς
1561 2376 1860 2446 πατράσιν,

272 2453 413 2506 ἀλλά
463 2459 757 2529 περιουσίᾳ
809 2460 1034 2528 φύσεως
1085 2463 1287 2533 ἑτέραν
1328 2467 1656 2537 ἐτράποντο,
1705 2469 1866 2522 καλοὶ

273 2548 510 2616 κάγαθοὶ
543 2552 857 2619 γεγονότες,
894 2555 993 2609 καὶ
1020 2556 1283 2612 τοσούτου
1320 2559 1486 2629 ζήλου
1522 2563 1615 2614 καὶ
1644 2560 1861 2633 θαύμα-

272 2658 364 2703 τος
396 2641 563 2709 ἄξιοι,
596 2645 723 2702 ὅσον
745 2646 918 2716 ψόγου
951 2649 1050 2704 καὶ
1082 2646 1422 2723 κατηγορίας
1452 2653 1502 2707 οἱ
1523 2656 1624 2725 τὴν
1660 2656 1862 2711 ὑπόθε-

276 2749 360 2786 σιν
379 2734 821 2807 διαφθείραντες,
846 2742 944 2795 καὶ
971 2743 1100 2807 τοὺς
1136 2726 1541 2815 γεγεννηκότας
1570 2748 1862 2818 αἰσχύναν-

273 2842 367 2889 τες
415 2830 530 2893 τοῖς
578 2831 714 2896 παρ’
771 2834 1007 2890 ἑαυτῶν.
1058 2836 1297 2901 Τούτους
1336 2833 1434 2893 οὖν
1482 2839 1603 2893 δέον
1658 2841 1865 2911 μᾶλλον

274 2914 506 2968 ἐκείνων
548 2919 840 2988 τιμᾶσθαι,
875 2923 1039 2995 ἡμεῖς
1073 2924 1130 2978 δὲ
1180 2927 1417 2982 καὶτῶν
1466 2931 1862 2999 προσηκόντων

277 3007 607 3080 ἀποστερεῖν
640 3012 842 3076 αὐτοὺς
869 3017 1175 3086 οἰησόμεθα
1213 3018 1329 3073 δεῖν
1366 3021 1458 3075 διὰ
1486 3021 1586 3093 τὴν
1615 3023 1726 3077 τῶν
1756 3042 1865 3078 πα-

274 3099 452 3172 τέρων
481 3102 831 3176 φαυλότητα;
866 3110 1104 3175 καὶπῶς
1124 3112 1225 3167 οὐκ
1255 3114 1370 3168 ἀνω
1390 3118 1656 3187 ποταμῶν
1681 3119 1862 3175 ταῦτα

1203 388 1496 452 ORATIO
1538 393 1637 453 DE
1679 373 2559 461 SUBDITORUMW‘OFFICIIS

287 501 418 574 μᾷν.
441 490 511 572 ἧς
541 498 788 571 ἴσχουσιν
814 498 1041 572 ἀρετῆς,
1078 500 1271 572 μισθός
1310 502 1489 573 ἐστιν,
1521 506 1598 569 ὡς
1633 506 1874 569 ἅπαντες
1899 513 1950 573 Α

2040 1271 2130 1327 l7.
2159 1272 2294 1329 Boni
2322 1273 2475 1331 cives
2502 1290 2670 1347 porro
2689 1276 2894 1335 vilibus
2923 1277 3067 1337 forte
3096 1282 3421 1354 parentibus
3451 1283 3563 1338 orti

1964 1400 2075 1440 non
2103 1401 2169 1440 ex
2204 1387 2721 1460 originejudicandi
2755 1401 2906 1460 sunt,
2934 1394 3030 1450 sed
3071 1374 3384 1452 secundum
3413 1396 3564 1469 quod

1965 1509 2094 1556 sunt
2122 1512 2213 1558 aut
2245 1502 2520 1576 fecerunt,
2548 1522 2616 1562 eo
2643 1508 2818 1580 magis
2847 1509 3068 1567 scilicet
3114 1512 3424 1568 honorandi
3453 1527 3565 1583 quo

1964 1614 2140 1684 magis
2190 1632 2220 1671 a
2270 1618 2577 1689 majoribus
2609 1621 2898 1678 differunt.
2952 1625 3091 1700 Nam
3133 1627 3229 1697 qui
3286 1643 3317 1683 e
3376 1626 3565 1697 pravis

1965 1727 2116 1796 pravi
2143 1729 2313 1799 geniti
2342 1741 2495 1795 sunt,
2533 1735 2664 1804 quid
2710 1736 2860 1792 aliud
2913 1741 3412 1810 reprehensor-ibus
3469 1762 3565 1801 re-

1892 1855 1936 1913 Β
1964 1841 2314 1910 spondebunt
2372 1844 2479 1900 nisi
2513 1847 2661 1917 quod
2702 1850 2930 1920 ignobili
2984 1869 3186 1924 genere
3227 1859 3341 1912 nati
3399 1859 3566 1916 aliter

1963 1952 2146 2007 facere
2180 1968 2290 2009 non
2324 1944 2593 2024 possunt?
2619 1940 2761 2017 Sunt
2797 1979 2962 2032 porro
2989 1976 3047 2022 et
3072 1950 3299 2025 fuerunt
3325 1972 3420 2042 qui
3448 1988 3563 2028 ma-

1961 2064 2079 2121 lum
2110 2070 2382 2140 majorum
2421 2074 2734 2144 exemplum
2766 2078 2994 2135 minime
3046 2083 3244 2151 seculi,
3287 2084 3429 2140 bona
3483 2086 3568 2142 in-

1963 2182 2086 2237 dole
2137 2184 2293 2251 m0ti,
2345 2185 2485 2258 frugi
2547 2188 2800 2247 homines
2850 2192 3002 2261 facti,
3043 2196 3409 2256 admiratione
3438 2216 3562 2257 sese

1966 2295 2166 2368 dignos
2199 2299 2562 2357 reddiderunt
2602 2315 2660 2360 et
2706 2306 2928 2377 iniquus
2975 2309 3320 2368 detractores
3350 2322 3408 2370 et
3470 2331 3572 2387 pa.

1964 2420 2153 2469 rentes
2197 2413 2349 2485 ipsos
2400 2417 2615 2488 pudore
2665 2408 2972 2492 replerunt.
3022 2423 3206 2501 Quare
3268 2444 3367 2485 eos
3413 2433 3565 2488 omni

1965 2523 2128 2580 laude
2211 2528 2538 2598 cumulare,
2593 2532 2793 2588 nedum
2850 2534 2921 2590 ob
2996 2549 3287 2608 parentum
3357 2544 3569 2601 scelera

1961 2639 2321 2709 proscindere
2349 2641 2636 2698 debemus.
2671 2644 2939 2703 Periclem
2971 2651 3220 2720 quidem,
3253 2650 3561 2725 Xanthippi

1964 2749 2157 2817 illium,
2195 2760 2253 2807 et
2284 2767 2537 2823 magnum
2568 2754 2889 2821 Pompeium
2914 2757 3008 2828 qui
3033 2759 3180 2816 circa
3208 2761 3393 2817 omnia
3419 2761 3567 2818 inter

1963 2878 2157 2919 omnes
2190 2866 2576 2922 excelluerunt
2610 2877 2667 2924 et
2695 2869 3022 2939 reipublicae
3055 2875 3288 2930 salutem
3320 2890 3570 2932 summo~

1962 2991 2095 3049 pere
2123 2990 2420 3046 auxerunt,
2450 2980 2685 3044 Romani
2720 2982 2945 3039 maximi
2977 2984 3268 3055 facientes,
3291 2988 3394 3044 sibi
3427 2989 3565 3061 ipsis

1966 3090 2093 3146 Imto
2143 3092 2329 3146 animo
2360 3102 2843 3165 anteposuerunt;
2877 3107 3091 3170 patrem
3123 3110 3334 3171 autem,
3374 3103 3565 3160 homi-

276 3193 586 3265 δράσομεν;
615 3198 895 3271 Περικλέα
916 3205 1054 3270 γοῦν
1081 3205 1175 3259 τὸν
1202 3206 1546 3279 Ξανθίππου,
1574 3213 1671 3266 καὶ
1714 3214 1865 3284 Πομ·

1970 3217 2094 3257 nem
2131 3203 2325 3260 rudem
2358 3205 2499 3262 adeo
2520 3206 2577 3262 in
2612 3208 2740 3265 odio
2770 3210 3110 3282 habuerunt,
3135 3225 3323 3271 utnec
3349 3228 3570 3275 mortuo

276 3289 442 3360 πήϊον
470 3289 720 3360 Μάγνον,
766 3287 852 3358 οἷς
900 3295 986 3350 ὅτι
1018 3295 1109 3351 διά
1138 3299 1359 3355 πάντων
1404 3300 1516 3355 τῶν
1562 3303 1870 3359 καλλίστων

279 3381 501 3437 πάντων
544 3385 836 3454 ἐκράτουν.
877 3390 972 3442 καὶ
1026 3389 1097 3444 τὰ
1146 3391 1306 3445 κοινά
1355 3392 1594 3462 μάλιστα
1643 3394 1869 3448 πάντων

279 3474 472 3541 αὔξειν
501 3478 816 3547 ἐπίσταντο,
846 3479 936 3534 τὸν
971 3482 1073 3552 μὲν
1112 3483 1385 3554 μεγίστης
1417 3485 1514 3539 καὶ
1544 3485 1869 3556 θαυμαστῆς

278 3568 521 3640 ἠξίωσαν
558 3572 721 3643 δόξης
764 3574 1052 3644 Ῥωμαῖοι,
1089 3577 1187 3629 καὶ
1223 3577 1374 3647 σφῶν
1400 3578 1585 3632 αὐτῶν
1615 3575 1677 3634 εὖ
1719 3579 1868 3649 μάλα

279 3665 701 3737 προύστήσαντο
725 3684 740 3699 ο
770 3668 996 3721 τοσοῦτο
1026 3668 1165 3739 πρὸς
1187 3671 1283 3724 τὸν
1313 3672 1481 3726 αὐτοῦ
1500 3674 1716 3742 πατέρα
1740 3673 1869 3744 τρέο

279 3773 475 3827 φοντες
508 3761 686 3830 μῖσος,
715 3759 784 3815 δι’
815 3763 883 3832 ἢν
912 3759 1060 3830 εῖχεν
1103 3761 1389 3836 ὠμότητα,
1421 3765 1499 3829 ὡς
1551 3766 1689 3837 μηδὲ
1727 3765 1868 3836 μετά

277 3850 546 3921 τελευτὴν
576 3854 875 3922 φείσασθαι
903 3856 1127 3920 τούτου,
1170 3856 1312 3911 ἀλλὰ
1342 3859 1438 3913 καὶ
1470 3858 1665 3928 νεκρὸν
1693 3857 1866 3913 ὲκόα-

276 3944 489 4007 λόντες,
521 3947 591 3999 τὰ
641 3947 861 4002 πάντων
891 3950 1045 4019 αὐτῷ
1091 3952 1377 4005 δεινότατα
1406 3953 1755 4023 χρήσασθαιο
1805 3953 1867 4019 ἐξ

277 4037 509 4105 ἐναγοῦς
534 4038 591 4093 δὲ
620 4034 722 4109 τῆς
758 4041 937 4104 οἰκίας
966 4041 1042 4096 ὣν
1074 4043 1351 4113 Περικλῆς
1393 4045 1546 4098 οὐδέν
1573 4063 1624 4097 τι
1660 4046 1866 4115 μᾶλλον

291 4133 604 4202 Ἀθηναίοις
637 4132 922 4205 ἀπηξίωτο
955 4136 1047 4190 διὰ
1074 4137 1270 4202 ταῦτα,
1314 4136 1430 4190 ἀλλ’
1459 4136 1657 4192 ἅπαντ’
1678 4139 1869 4204 αὐτοῖς

274 4222 371 4299 ἢν,
394 4230 488 4282 καὶ
516 4231 852 4301 δημαγωγὸς
876 4231 968 4284 καὶ
994 4231 1252 4305 κηδεμὼν
1273 4231 1370 4292 καὶ
1400 4233 1741 4302 προστάτης,
1771 4234 1868 4287 καὶ

279 4317 584 4390 ξυλλήόδην
623 4320 823 4386 εἰπεῖν,
858 4320 1080 4395 ἀπάσης
1123 4320 1428 4391 ἀσφαλείας
1460 4324 1554 4376 καὶ
1589 4321 1867 4391 σωτηρίας

280 4408 573 4479 πρόόολος.
599 4411 710 4464 Καὶ
732 4412 843 4481 μὴν
864 4410 1055 4481 ὥσπερ
1076 4416 1189 4476 τοῖς
1214 4414 1575 4484 φαυλοτάτοις
1597 4415 1710 4467 τῶν
1738 4414 1869 4468 παί-

279 4502 390 4557 δων
408 4505 508 4558 οὐκ
534 4503 796 4575 ἀξιοῦμεν
824 4501 966 4560 εῖναι
987 4505 1126 4577 πρὸς
1138 4506 1302 4572 δόξαν
1326 4508 1428 4578 τὴν
1450 4507 1714 4580 πατρῴαν
1735 4510 1869 4580 ἀρε-

275 4596 401 4666 τὴν,
427 4596 536 4651 οὐδ’
559 4596 905 4653 ἐπαινεῖσθαι
923 4599 1015 4654 διὰ
1032 4598 1209 4655 ταῦτα
1242 4601 1428 4670 σφίσιν
1461 4601 1702 4669 ἐξέσται,
1730 4602 1867 4657 ἀλλὰ

278 4689 378 4744 καὶ
399 4689 572 4761 μείζω
591 4690 749 4745 ταῦτ’
773 4691 958 4756 αὐτοῖς
979 4694 1139 4763 φέρει
1155 4692 1256 4764 τὴν
1279 4693 1512 4765 μέμψιν,
1531 4695 1595 4748 τό
1609 4710 1670 4747 τε
1697 4710 1868 4765 πονη-

283 4784 412 4853 ροὺς
445 4779 611 4850 εἶναι,
642 4786 704 4838 τό
731 4799 794 4838 τε
830 4784 906 4855 μὴ
936 4783 1015 4854 τῷ
1044 4786 1195 4851 γένει
1238 4783 1581 4852 ξυμϐαίνειν,
1616 4784 1792 4848 οὕτως
1817 4787 1869 4840 οἱ

283 4875 565 4946 σώφρονες
583 4879 679 4932 καὶ
695 4877 983 4939 ἐπιεικεῖς.
1005 4877 1106 4930 ἐὰν
1127 4874 1225 4931 οὖν
1245 4879 1674 4948 ἐπαινουμένους
1693 4880 1867 4952 σχῶσι

283 4972 552 5043 πατέρας,
604 4973 766 5026 οὐδὲν
799 4967 968 5045 ἦττον
992 4972 1213 5040 ἕξουσιν
1241 4971 1279 5026 ἃ
1319 4977 1446 5036 τοὺς
1474 4974 1755 5038 τοιούτους
1790 4976 1872 5030 εἱ-

284 5066 404 5132 κὸς,
423 5066 693 5137 τιμᾶσθαι
720 5065 865 5133 λέγω
888 5068 980 5120 καὶ
996 5065 1290 5137 τυγχάνειν
1323 5066 1588 5121 ἐπαίνων*
1612 5067 1866 5130 εἰκότωςο

284 5157 400 5213 οὗτ⁹
427 5159 603 5230 ἀρετὴ
633 5159 743 5229 γὰρ
776 5158 901 5212 οὔτε
928 5159 1098 5213 κακία
1127 5157 1289 5228 φύσει
1327 5160 1600 5232 δήπουθεν
1631 5163 1746 5223 τοῖς
1772 5161 1870 5213 ἁν-

285 5252 548 5322 θρῶποιε,
587 5253 726 5307 ἀλλὰ
755 5254 834 5323 τῷ
877 5253 1269 5324 προαιρεῖσθαι
1298 5252 1394 5306 καὶ
1421 5254 1608 5305 πονεῐν
1635 5255 1871 5323 προσγί-

285 5344 515 5412 γνεσθαι
561 5346 801 5415 πέφυκε.
850 5347 961 5399 Καὶ
994 5346 1152 5416 δῆλον
1194 5347 1261 5398 ἐκ
1293 5343 1388 5398 τοῦ
1417 5347 1530 5407 τοῖς
1577 5345 1679 5413 μὲν
1705 5344 1867 5415 γέρα,

286 5439 399 5500 τοῖς
422 5438 479 5491 δὲ
511 5438 765 5501 κολάσεις
788 5437 1049 5508 ὡρίσθαι.
1084 5437 1146 5490 El
1173 5433 1231 5490 δέ
1262 5453 1326 5505 γε
1358 5435 1520 5504 φύσει
1544 5437 1683 5505 πρὸς
1715 5436 1872 5490 ταῦτ’

288 5529 632 5603 ἐχωροῦμεν,
663 5533 759 5584 καὶ
800 5531 945 5585 κατά
973 5533 1133 5600 γένος
1160 5528 1362 5599 ἀγαθοὶ
1388 5530 1486 5583 καὶ
1530 5529 1691 5583 κακοί
1726 5544 1871 5591 τινες

289 5616 456 5693 ἦμεν,
488 5623 641 5678 οὐδὲν
669 5623 736 5678 ἂν
782 5622 987 5677 τούτων
1024 5623 1246 5696 ἀπήντα
1272 5638 1286 5654 ·
1326 5622 1398 5676 τὰ
1436 5623 1549 5693 γὰρ
1589 5623 1743 5693 παρὰ
1772 5622 1874 5689 τῆς

293 5716 511 5785 φύσεως
548 5717 838 5787 ὁποτέρως·
856 5717 924 5771 ἂν
967 5715 1106 5786 ἔχοι,
1132 5716 1229 5769 καὶ
1261 5710 1352 5770 οἷά
1394 5715 1516 5769 ποτ’
1556 5715 1624 5769 ἂν
1657 5711 1715 5789 ᾗ,
1760 5713 1873 5767 οὔτ’

291 5809 534 5863 ἐπαίνων
556 5806 671 5862 οὔτ’
691 5809 761 5863 αὖ
782 5809 968 5881 ψόγων
990 5810 1281 5879 τυγχάνεν
1310 5806 1406 5862 νῦν
1430 5809 1488 5862 δὲ
1511 5803 1593 5871 οἷς
1612 5808 1679 5861 ἂν
1698 5809 1860 5876 πρὰτι

279 5902 497 5973 ’τωμεν,
527 5904 593 5957 τὰ
628 5905 725 5974 μὲν
758 5902 1196 5974 στεφανούμεθα,
1223 5902 1289 5955 τὰ
1313 5900 1361 5956 δ’
1388 5902 1664 5973 ὑπέλχομεν
1695 5900 1847 5969 δίκην

1971 3317 2346 3387 perpecerint,
2377 3319 2472 3374 sed
2526 3334 2559 3377 e
2620 3323 2919 3394 sepulchro
2960 3327 3270 3399 projectum
3327 3332 3568 3402 pessime

1974 3432 2279 3487 tractarint.
2336 3433 2574 3491 Pericles
2609 3452 2641 3492 e
2675 3448 2865 3495 contra
2904 3455 2973 3496 ex
3014 3442 3361 3502 infortunato
3409 3426 3575 3519 patro,

1969 3549 2242 3606 oriundus
2270 3568 2555 3624 nunquam
2603 3554 3041 3614 Atheniensibus
3074 3560 3387 3630 despicatui
3423 3577 3567 3632 erat,

1970 3664 2081 3719 imo
2131 3665 2316 3720 omnia
2369 3667 2450 3723 cis
2479 3677 2619 3735 erat,
2677 3669 2974 3739 publicola,
3021 3673 3342 3743 prmfectus,
3385 3658 3568 3735 omnis

1970 3777 2215 3849 denique
2246 3779 2562 3857 securitatis
2588 3792 2647 3837 et
2692 3783 2886 3839 salutis
2933 3785 3251 3857 sospitator.
3285 3788 3569 3858 Quemad-

1969 3890 2193 3944 modum
2222 3906 2388 3961 porro
2421 3892 2684 3949 nolumus
2713 3909 2916 3964 pravos
2960 3912 3164 3967 pueros
3192 3915 3223 3954 e
3260 3900 3432 3972 gloria
3471 3919 3569 3973 pa-

1972 4014 2128 4058 terna
2165 4004 2404 4060 fructum
2441 4022 2735 4077 usurpare.
2796 4011 2909 4063 imo
2963 4013 3135 4084 magis
3182 3996 3565 4086 vituperamus

1971 4131 2096 4171 cum
2152 4116 2479 4187 parentibus
2536 4133 2961 4192 comparantes;
3034 4128 3115 4182 sic
3176 4127 3565 4186 adolescentes

1969 4229 2113 4286 bene
2174 4234 2396 4299 morati,
2431 4234 2479 4289 si
2528 4237 2789 4304 patribus
2816 4239 3129 4298 illustribus
3159 4236 3271 4298 nati
3329 4256 3481 4309 sunt,
3512 4247 3564 4300 id

1971 4362 2144 4401 unum
2184 4357 2350 4417 agent
2403 4359 2463 4403 ut
2498 4366 2608 4405 non
2641 4350 2826 4407 minus
2857 4368 3022 4423 quam
3081 4342 3361 4425 genitor-es
3389 4357 3566 4414 hono-

1971 4468 2184 4522 reutur,
2221 4469 2277 4515 et
2311 4470 2459 4516 recte
2490 4463 2735 4532 quidem.
2762 4464 2897 4519 Nam
2946 4482 3048 4521 nec.
3084 4467 3260 4524 virtus
3306 4484 3409 4525 nec
3432 4471 3566 4529 vitia

1899 4581 1945 4638 ι)
1972 4574 2293 4632 hominibus
2324 4593 2355 4633 a
2398 4587 2592 4635 natura
2629 4582 2873 4652 ingenita
2904 4591 3068 4650 sunt,
3110 4586 3206 4640 sed
3237 4587 3481 4641 studium
3510 4598 3569 4645 et

1976 4692 2133 4748 labor
2184 4674 2481 4764 genuinus,
2538 4692 2689 4764 quod
2739 4694 2930 4752 videre
2963 4696 3094 4752 inde
3135 4709 3222 4755 est
3271 4701 3418 4771 quod
3472 4702 3568 4758 alit

1976 4806 2305 4862 muneribus
2331 4806 2671 4871 honorificis,
2707 4809 2890 4879 ptenis
2906 4809 2995 4864 alii
3032 4809 3350 4869 afﬁciuntur
3375 4832 3390 4879 ;
3417 4817 3567 4886 quod

1979 4918 2095 4974 fieri
2148 4934 2259 4973 non
2302 4930 2491 4990 posset
2513 4921 2558 4975 si
2588 4921 2766 4975 virtus
2794 4929 2851 4975 et
2882 4921 3013 4976 vitia
3051 4932 3246 4978 natura
3291 4927 3454 4984 nobis
3483 4930 3569 4984 in-

1979 5031 2091 5085 dita
2148 5028 2348 5085 forent.
2389 5029 2530 5085 llinc
2582 5039 2794 5088 naturae
2826 5031 2972 5088 dona
3016 5049 3119 5088 nec
3168 5034 3425 5094 laudibus
3469 5056 3571 5098 nec

1978 5144 2389 5214 vituperatione
2416 5144 2582 5214 digna
2614 5155 2782 5210 sunt;
2814 5160 2916 5216 pro
2952 5145 3019 5201 iis
3064 5158 3250 5203 autem
3282 5165 3406 5220 quae
3436 5168 3569 5223 pro...

1979 5259 2103 5328 prio
2138 5257 2310 5315 Marte
2357 5258 2595 5330 agimus,
2626 5268 2721 5315 aut
2764 5274 3102 5327 coronamur
3131 5270 3229 5317 aut
3259 5267 3428 5319 ctiam
3473 5284 3568 5326 ca-

1982 5375 2270 5446 stigamur.
2458 5408 2499 5429 εει,
