4018 6416
501 399 599 466 531

1740 401 2137 465 THEODULI
2176 406 2525 469 MONACHI

3649 411 3741 479 539.

567 513 657 568 18.
682 509 793 568 Nos
819 511 1042 582 quidem
1085 512 1174 579 iis,
1220 513 1290 568 de
1320 513 1523 583 quibus
1577 512 1719 568 bene
1764 513 2060 583 opinamur

2264 523 2355 587 ιη’.
2392 520 2607 593 Ὠσπερ
2644 523 2700 577 δὲ
2738 522 2819 589 οἷς
2844 526 2912 581 τὰ
2952 529 3215 583 κάλλιστα
3245 527 3521 597 σύνισμεν,
3547 527 3740 592 τούτοις

402 680 419 691 ο
494 622 633 677 nihil
660 623 1004 693 refutamus;
1049 638 1146 680 eos
1194 626 1452 681 omnibus
1487 633 1645 680 terrae
1674 625 1979 680 commodis
2002 625 2091 679 di-

492 752 630 808 gnos
679 752 993 803 censemus,
1024 752 1126 793 nec
1169 746 1353 792 tamen
1395 752 1493 793 eos
1545 752 1782 808 quorum
1841 737 2087 792 membra

496 851 744 906 mutilata
780 859 932 915 sunt,
962 850 1207 907 ludibrio
1252 851 1458 907 habere
1498 866 1704 922 eosque
1738 851 1810 907 ob
1844 850 2085 907 infortu-

497 969 645 1021 nium
662 967 1003 1022 suhsanuare
1029 965 1316 1029 debemus,
1347 965 1460 1021 imo
1488 964 1867 1020 consolatione
1887 977 2085 1020 eorum

434 1082 439 1093 '
492 1079 705 1133 animos
759 1078 1003 1134 mulcere
1064 1077 1242 1141 decet,
1267 1077 1431 1149 idque
1459 1093 1529 1134 eo
1579 1078 1772 1149 magis,
1802 1078 1951 1149 quod
1982 1094 2087 1134 nos

494 1196 628 1270 ipsis
678 1195 876 1255 malum
924 1205 1128 1252 sortem
1161 1194 1398 1265 experiri
1447 1194 1770 1265 poterimus.
1794 1193 2083 1264 Nunquam

488 1310 656 1382 igitur
693 1310 1097 1385 desperemus;
1137 1326 1360 1381 semper
1410 1309 1593 1365 verbis
1618 1324 1682 1363 ac
1727 1309 1889 1365 factis
1938 1311 2085 1380 ejus-

380 1456 383 1461 -
486 1422 635 1477 modi
703 1423 1032 1477 miserorum
1093 1422 1341 1476 animum
1406 1421 1732 1486 clevemus,
1791 1420 2080 1475 Timonem

484 1537 859 1597 Eclteeratldae
890 1538 1084 1594 flilium
1122 1537 1193 1593 ob
1226 1536 1419 1592 oculos
1455 1543 1747 1604 ponentes,
1786 1550 1853 1590 ne
1884 1535 1937 1589 in
1978 1536 2081 1591 isto

484 1666 669 1706 rerum
711 1651 1035 1708 discrimine
1082 1648 1429 1706 semimortui
1483 1647 1697 1704 vivendi
1729 1662 1926 1703 causas
1958 1663 2082 1717 per-

481 1763 634 1821 dant.
664 1762 770 1831 Qui
797 1765 944 1820 enim
979 1773 1238 1829 mortuus
1270 1761 1412 1816 male
1449 1760 1625 1825 audit,
1652 1761 1767 1827 jam
1802 1775 1911 1815 non
1943 1774 2078 1814 ma:-

2195 608 2458 681 ἀξιοῦμεν
2493 613 2528 668 ἃ
2562 619 2831 689 προσήκει
2885 621 3211 692 κεχρῆσθαι,
3263 622 3355 675 καὶ
3407 619 3501 690 τὴν
3545 619 3745 689 νομιζο-

2196 701 2368 772 μένην
2402 697 2512 770 τοῖς
2556 710 2820 774 τοιούτοις
2856 711 3165 765 ἀποδιδόναι
3196 712 3395 784 φορὰν.
3429 710 3596 774 οὕτως
3628 712 3744 764 ὅταν

2192 796 2549 853 οὑστινασοῦν
2597 802 2708 856 τῶν
2762 821 2817 858 τι
2872 806 2965 859 τοῦ
3012 805 3266 875 σώματος
3328 804 3748 874 πεπηρωμένους

2191 888 2430 957 δρῶμεν,
2463 895 2565 944 οὐκ
2594 892 2879 959 ὀνειδίζειν
2923 895 3031 949 οὐδ’
3073 895 3391 965 ἐπιχαίρειν
3436 894 3614 956 αὐτοῖς
3654 894 3747 961 τὴν

2192 982 2481 1052 συμφορὰν
2530 984 2938 1055 ἐπιτρίϐοντας,
2970 987 3108 1041 ἀλλά
3140 987 3234 1040 καὶ
3267 985 3625 1057 συνάχθεσθαι
3652 986 3744 1049 δεῖ,

2191 1074 2286 1125 καὶ
2332 1072 2421 1126 διὰ
2474 1078 2696 1129 πάντων
2759 1079 2946 1141 ἀξιοῦν
3008 1079 3381 1149 προμηθείας,
3427 1079 3524 1147 οὐχ
3573 1077 3749 1149 ἥκισθ’

2188 1165 2348 1234 ἡμῶν
2408 1168 2590 1222 αὐτῶν
2629 1170 2839 1225 τούτων
2894 1173 3323 1243 φροντίζοντας·
3382 1172 3613 1239 μάλιστα
3659 1170 3748 1240 μὲν

2187 1255 2269 1308 ὄτι
2313 1258 2427 1321 δέος
2454 1257 2513 1311 ὃν
2548 1260 2623 1331 μὴ
2656 1264 2769 1324 τοῖς
2809 1263 2996 1326 αὐτοῖς
3042 1280 3170 1315 ποτε
3211 1263 3309 1316 καὶ
3347 1262 3502 1315 αὐτοὶ
3533 1262 3748 1330 περιπέο

2188 1365 2394 1417 σωμεν,
2426 1351 2535 1405 τῶν
2560 1354 3010 1421 ἀναγκαιοτάτων
3038 1355 3157 1407 ἐστὶ
3198 1357 3470 1426 χρησταῖς
3512 1353 3747 1407 ὲκιτεῦθεν

2184 1444 2306 1503 ταῖς
2361 1443 2543 1498 ἐλπίσι
2594 1446 2797 1517 συζῇν·
2835 1445 3012 1500 ἔπειτ’
3047 1446 3110 1500 οὔ
3161 1448 3326 1516 μόνον
3379 1446 3443 1500 τὺ
3496 1445 3746 1514 συγγενὲς

2184 1537 2282 1587 καὶ
2328 1537 2471 1590 κατά
2504 1537 2671 1605 φύσιν
2712 1540 2915 1594 οίκεῖον
2943 1540 3099 1593 ταῦτ’
3137 1541 3218 1604 είς
3250 1540 3456 1603 αὐτοὺς
3502 1538 3593 1591 καὶ
3638 1538 3748 1590 δια-

2182 1627 2423 1681 νοεῖσθαι
2474 1628 2568 1682 καὶ
2616 1629 2885 1701 πράττειν
2939 1631 3013 1692 ὡς
3074 1631 3293 1702 μάλιστ’
3328 1630 3581 1700 ὲπαίρει”
3623 1629 3747 1683 ἀλλά

2182 1715 2276 1768 καὶ
2309 1716 2528 1784 ,τούτου
2582 1720 2777 1789 χωρὶς,
2816 1720 2912 1774 καὶ⁸
2959 1721 3188 1791 Τίμωνα
3233 1721 3326 1773 τὸν
3380 1720 3747 1791 Ἐχεκρατίδου

2182 1807 2317 1876 πρὸς
2351 1811 2443 1863 τὸν
2469 1811 2654 1865 αὐτῶν
2681 1807 2863 1866 οἶκτον
2892 1813 3311 1867 ἐπισπάσασθαι
3342 1812 3411 1866 ἄν
3441 1829 3531 1883 μοι
3566 1813 3748 1866 δοκοῦ-

374 2982 380 2989 .
471 2921 697 2962 necesse
717 2917 877 2961 estut
905 2907 1181 2978 ejusmodi
1214 2907 1375 2977 nugis
1405 2906 1801 2972 valedicentes,
1823 2908 2064 2963 humane

481 1886 568 1933 ret
598 1880 668 1934 ob
699 1895 821 1936 eam
855 1894 991 1936 rem.
1028 1878 1085 1935 Si
1131 1888 1318 1936 autem
1351 1879 1553 1944 oculis,
1584 1889 1682 1936 aut
1711 1880 1940 1935 auribus
1975 1889 2068 1936 aut

2178 1916 2281 1961 σιν,
2308 1899 2482 1966 οὕτως
2518 1902 2722 1967 ἀθλίως
2754 1905 2848 1958 καὶ
2893 1905 2986 1958 τὸν
3034 1905 3216 1959 αὐτῶν
3244 1878 3748 1976 ἠκρωττιριασμένοι

478 1997 727 2067 quolibet
765 2013 932 2054 sensu
967 1997 1220 2068 privatus
1253 2008 1338 2053 est
1386 1997 1591 2067 aliquis
1627 1998 1960 2053 acerrimum
2018 2000 2068 2054 in

2179 1987 2312 2056 βίον,
2346 1992 2441 2043 καὶ
2486 1990 2644 2055 ὄντες
2695 1992 2773 2055 ὡς
2825 1995 3005 2048 εἰπεῖν
3061 1992 3407 2064 ἡμιθνῆτεςο
3440 1995 3630 2064 ὅτιπερ
3674 1995 3748 2056 είς

2178 2080 2389 2144 ζῶντας
2426 2082 2605 2145 ἄλλως
2653 2083 2941 2147 τελοῦντες
2987 2084 3213 2138 τεθνᾶσι
3241 2086 3423 2155 τούτῳ
3450 2084 3527 2156 τῷ
3565 2086 3744 2156 μέρει*

2173 2169 2218 2244 ᾧ
2242 2178 2340 2229 καὶ
2381 2176 2598 2246 μάλιστ’
2634 2178 2701 2232 ἄν
2732 2196 2818 2242 τις
2851 2180 3086 2242 εἰκότως
3118 2179 3337 2253 ἀλγήσῃ
3359 2195 3379 2212 ο
3415 2179 3575 2250 εῖπερ
3601 2181 3629 2231 ό
3657 2179 3748 2248 μὲν

2173 2268 2406 2332 τεθνεὼς
2432 2269 2533 2322 κᾶν
2566 2271 2827 2339 μυριάκις
2856 2272 3031 2343 ἀκούῃ
3063 2271 3268 2338 κακῶς,
3288 2272 3449 2326 οὐδὲν
3470 2272 3579 2325 ἐστ’
3608 2269 3747 2338 αὐτῷ

2175 2360 2338 2414 πλέον
2387 2360 2738 2432 ἀναισθήτως
2793 2363 3054 2427 καθάπαξ
3108 2365 3329 2433 ἐχοντι³
3387 2366 3518 2419 ὅταν
3567 2365 3623 2419 δέ
3668 2380 3747 2427 τις

2174 2452 2305 2523 περὶ
2343 2452 2659 2522 ὀφθαλμοὺς
2696 2453 2729 2523 ἢ
2765 2447 2883 2508 ὦτα
2910 2455 2943 2524 ἦ
2970 2456 3069 2507 τιν’
3109 2456 3277 2527 ἀλλην
3322 2453 3638 2532 αἴσθησινῇ
3668 2455 3749 2525 βε-

2174 2543 2520 2614 ϐλαμμένος,
2586 2545 2915 2616 προσθήκην
2968 2546 3070 2616 τῆς
3128 2550 3430 2618 συμφορᾶς
3489 2547 3747 2610 τοῦνειδος

2170 2636 2411 2707 δέχεται,
2443 2636 2538 2689 καὶ
2585 2636 2812 2690 διπλοῦν
2860 2636 3158 2707 ὑφίσταται
3196 2638 3383 2708 βέλος,
3414 2640 3477 2695 τό
3511 2640 3560 2694 θ’
3584 2640 3745 2703 οὕτως

2172 2730 2268 2781 καὶ
2317 2727 2392 2798 μὴ
2425 2730 2536 2792 τοῖς
2565 2727 2750 2790 ἄλλοις
2780 2728 2928 2798 ἔχειν
2978 2729 3124 2782 κατὰ
3169 2731 3371 2795 ταυτα,
3417 2732 3478 2785 τό
3508 2730 3554 2786 θ’
3582 2729 3743 2793 οὕτως

2170 2821 2334 2891 ἔχων,
2356 2821 2417 2875 οὐ
2445 2821 2982 2892 παραμυθουμένους
3006 2821 3122 2875 ἀλλ’
3151 2822 3551 2893 ὲπιχαίροντας
3578 2824 3743 2894 ἔχειν·

2167 2909 2243 2968 ὧν
2277 2913 2441 2982 ἔγωγ’
2469 2914 2537 2968 ἂν
2580 2916 2753 2983 ἡδέως
2780 2915 3079 2984 πυθοίμην,
3110 2917 3299 2988 πότερ’
3329 2919 3522 2982 αὐτοῖς
3550 2918 3746 2979 τούτοις

2166 3009 2280 3071 τοῖς
2306 3005 2461 3059 ταῦτ’
2495 3008 2679 3077 ἔχουσι
2713 3009 3045 3078 νεμεσῶσιν.
3078 3010 3139 3061 El
3173 3009 3275 3078 μὲν
3301 3012 3419 3081 γάρ
3447 3014 3560 3076 τοῖς
3597 3010 3742 3081 ἔχους-

2171 3119 2276 3165 σιν,
2303 3102 2406 3155 οὐκ
2454 3101 2562 3154 ἔδει
2616 3101 2790 3172 δήπου
2847 3101 3002 3156 ταῦτ’
3056 3104 3246 3166 αὐτοῖς
3297 3104 3612 3175 προτείνειν
3668 3104 3744 3166 είς

476 2129 605 2169 eum
664 2113 829 2168 telum
889 2113 1371 2185 intorqueremus,
1419 2112 1621 2167 malum
1681 2113 1816 2167 illud
1879 2115 2073 2170 convi-

474 2230 674 2286 ciando
699 2230 1082 2286 obtrudentes.
1124 2228 1217 2285 Sic
1262 2228 1413 2284 enim
1463 2229 1802 2283 infelicitatis
1832 2230 2074 2299 pondere

472 2343 643 2401 ctiam
668 2342 841 2413 magis
869 2351 1294 2412 premerentur;
1330 2341 1497 2411 idque
1530 2356 1598 2396 eo
1642 2340 1814 2411 magis
1864 2353 2072 2411 quanto

485 2456 671 2511 minus
712 2453 897 2518 amici,
928 2452 1137 2509 inimici
1176 2454 1288 2524 jam
1342 2450 1495 2517 facti,
1548 2450 1945 2507 consolabundi
1976 2466 2074 2506 ne-

473 2571 592 2628 scio
628 2585 756 2624 num
790 2585 891 2640 per
940 2566 1202 2623 invidiam
1245 2566 1312 2622 ad
1346 2582 1443 2623 eos
1474 2566 1769 2622 accedunt.
1813 2565 1873 2623 Si
1920 2567 2069 2623 enim

424 2722 427 2727 ς
471 2682 626 2745 nefas
647 2692 733 2739 est
767 2682 913 2738 malo
946 2682 1145 2752 aliquo
1184 2690 1412 2737 vexatos
1441 2682 1685 2740 ludibrio
1709 2681 1912 2738 habere
1935 2684 2070 2753 (quo

471 2795 606 2874 quid
640 2794 788 2851 aliud
833 2810 994 2867 quam
1031 2809 1132 2849 nos
1153 2795 1301 2865 ipsos
1338 2793 1824 2850 int-riminaremur
1848 2796 1871 2849 ’ί
1890 2803 1907 2863 )
1937 2810 2070 2851 sane

470 3038 570 3078 eos
625 3032 926 3079 tractemus
981 3023 1076 3097 qui
1136 3039 1166 3078 a
1228 3024 1448 3079 fortuna
1482 3027 1625 3081 male
1658 3025 1975 3092 habentur;
2035 3040 2067 3079 e

470 3146 663 3195 contra
700 3135 850 3193 enim
881 3137 1093 3211 agendo
1113 3135 1219 3192 illis
1246 3138 1473 3209 quidem
1502 3138 1632 3194 mali
1661 3138 1801 3195 nihil
1829 3137 2063 3202 faciunt,

469 3264 529 3306 se
560 3247 709 3323 ipsos
748 3260 934 3303 autem
969 3247 1364 3321 imprudentia:
1391 3258 1446 3305 et
1480 3249 1903 3305 inhumanitatis
1933 3264 2062 3304 reos
2093 3227 2138 3289 ε

466 3357 845 3427 ostenderent,
892 3374 1003 3430 quo
1040 3358 1176 3413 nihil
1231 3360 1476 3415 stultius.
1518 3357 1573 3415 Si
1611 3361 1870 3431 deinceps
1904 3362 2054 3430 leges

466 3470 671 3528 divinae
709 3470 1038 3549 praecipiunt
1061 3480 1121 3533 ut
1151 3469 1218 3527 iis
1242 3471 1337 3546 qui
1359 3471 1571 3528 laedunt
1592 3472 1732 3528 bene
1760 3474 2057 3539 faciamus,

464 3602 627 3658 quam
652 3585 949 3642 vindictam
987 3586 1190 3643 eaedem
1238 3595 1462 3643 sument
1498 3586 1567 3643 de
1614 3602 1681 3643 eo
1705 3588 1798 3661 qui
1833 3604 1933 3659 pro
1970 3590 2060 3643 in-

466 3700 814 3757 humanitate
867 3714 968 3755 sua
1022 3698 1281 3755 homines
1306 3698 1690 3756 misericordia
1721 3699 1920 3771 dignos
1967 3700 2058 3757 lu-

464 3809 649 3865 dibrio
667 3808 910 3869 habent?
935 3808 1076 3876 Quia
1101 3809 1147 3864 si
1181 3808 1286 3880 ipsi
1318 3807 1373 3863 in
1402 3810 1654 3865 eamdem
1688 3802 2056 3868 calamitatem

465 3922 757 3983 incidunt?
788 3921 845 3976 Si
874 3922 1059 3977 minus
1087 3922 1224 3977 dura
1243 3931 1351 3988 est,
1386 3923 1704 3981 tolerabunt
1731 3942 1746 3990 ;
1780 3924 1826 3980 si
1846 3925 2054 3995 gravis,

465 4052 578 4109 quo
608 4045 769 4106 pacto
799 4021 909 4118 non
942 4034 1009 4091 iis
1044 4035 1137 4104 qui
1169 4036 1350 4091 vexati
1382 4045 1515 4093 sunt
1541 4036 1897 4093 sublevandis
1919 4053 2059 4107 ope-

462 4165 580 4211 ram
620 4148 853 4211 dabunt,
887 4162 1162 4205 memores
1209 4155 1479 4219 quantum
1512 4148 1665 4219 ipsos
1703 4166 1974 4218 aerumna,
2009 4152 2055 4208 si

461 4266 763 4345 accideret,
798 4262 1177 4339 opprimeret?
1204 4261 1456 4321 Humane
1499 4264 1671 4335 igitur
1710 4267 1805 4337 qui
1835 4283 2058 4323 meren-

461 4394 574 4452 tur,
608 4379 1028 4463 tergiversando
1060 4380 1347 4459 improbos
1399 4388 1722 4436 tractemus.
1754 4378 1869 4436 Illis
1911 4395 2051 4437 con-

461 4498 752 4562 solationis
788 4511 853 4552 ac
907 4496 1164 4553 fraterna:
1204 4494 1492 4553 charitatis
1539 4495 1697 4567 signa
1725 4494 2051 4564 offeramus,

2168 3195 2396 3259 ὄνειδος,
2431 3195 2549 3261 ὲξδν
2584 3198 2726 3265 σφᾶς
2760 3195 2936 3259 ἄλλως
2961 3198 3217 3261 κακίζειν
3242 3213 3258 3229 ⁸
3295 3199 3438 3253 ά).λά
3471 3199 3578 3269 μὴν
3611 3199 3661 3252 εί
3682 3214 3740 3265 γε

2168 3292 2278 3351 τοῖς
2321 3291 2522 3343 πάθεσι
2566 3291 2863 3361 φήσουσιν,
2894 3289 3112 3361 ἀνάγκη
3174 3294 3330 3344 πᾶσα
3370 3293 3439 3347 τά
3471 3293 3573 3362 μὲν
3614 3293 3740 3345 ἁπο-

2171 3379 2503 3450 στρέφεσθαι
2543 3382 2641 3435 καὶ
2684 3381 2867 3449 φαῦλα
2901 3381 3171 3451 νομίζειν,
3204 3386 3319 3446 τοῖς
3370 3384 3430 3438 δὲ
3468 3383 3738 3451 συναλγεῖν

2169 3469 2251 3531 είς
2304 3467 2459 3521 ταῦτ’
2517 3468 2898 3534 ὲμπεσοῦσιν⁸
2956 3471 3157 3524 οὐκοῦν
3201 3467 3283 3534 οἷς
3363 3474 3464 3544 μὶν
3526 3473 3742 3543 θάτερον

2168 3561 2510 3632 ἀναιροῦσιν,
2547 3562 2836 3632 οὐδέτερον
2878 3562 3023 3616 κατὰ
3056 3562 3214 3630 λόγον
3257 3566 3543 3618 ποιοῦσιν·
3576 3559 3653 3626 οἷς
3686 3562 3739 3615 δὲ

2166 3655 2294 3717 τοὺς
2327 3653 2501 3717 οὕτως
2532 3653 2755 3723 ἔχοντας
2806 3654 3097 3726 κωμῳδεῖν
3146 3655 3269 3710 ἀντὶ
3329 3659 3428 3711 τοῦ
3467 3657 3741 3723 συναλγεῖν

2166 3747 2401 3813 ἀξιοῦσι,
2431 3749 2559 3813 τοὺς
2586 3748 2686 3817 μὲν
2709 3749 2863 3802 οὐδὲν
2899 3748 3083 3801 ὁτιοῦν
3110 3750 3365 3803 ἐντεῦθεν
3401 3750 3736 3821 ἐργάζονται·

2170 3841 2327 3910 σφίσι
2359 3840 2404 3893 δ’
2434 3842 2617 3904 αὐτοῖς
2646 3840 2873 3909 ἀλογίαν
2919 3841 3013 3895 καὶ
3045 3841 3477 3912 μισανθρωπίαν
3515 3845 3582 3895 τὰ
3615 3840 3740 3894 πάν-

2165 3950 2276 3987 των
2319 3934 2576 4003 αἰσχιστα
2619 3931 2990 4004 μαρτυροῦσι.
3046 3935 3242 3988 Καίτοι
3268 3937 3318 3987 εἰ
3347 3937 3479 3998 τοὺς
3505 3932 3739 3989 ἀδικοῦν-

2165 4044 2264 4090 τας
2292 4022 2351 4080 εὖ
2384 4029 2563 4080 ποιεῖν
2609 4026 2745 4080 θεῖοι
2786 4026 3265 4096 παρακελεύονται
3317 4028 3506 4098 νόμοι,
3533 4032 3594 4081 τὸ
3622 4029 3740 4084 τοὺς

2164 4121 2261 4190 οὐχ
2291 4120 2438 4181 ὅπως
2471 4118 2628 4173 οὐδὲν
2659 4118 3006 4183 ἀδικοῦντας,
3040 4118 3183 4172 ἀλλὰ
3211 4120 3307 4173 καὶ
3341 4122 3435 4175 διὰ
3473 4122 3572 4190 τὴν
3611 4135 3739 4187 συμο

2163 4213 2337 4283 φορὰν
2388 4211 2574 4274 ἐλέους
2636 4211 2825 4275 ἀξίους
2878 4209 3241 4282 μυκτηρίζειν
3288 4214 3389 4266 καὶ
3438 4212 3739 4269 διαὸάλλειν

2163 4304 2460 4375 αἱρεῖσθαι,
2497 4304 2684 4373 ἡλίκον
2727 4302 2915 4357 θεόθεν
2975 4304 3115 4356 οἴσει
3172 4304 3265 4357 τὸν
3320 4305 3578 4378 ὅλεθρον;
3616 4304 3734 4374 Φέρ⁹

2161 4398 2257 4451 ἐὰν
2296 4396 2342 4449 δ’
2395 4398 2477 4460 είς
2525 4394 2679 4449 ταῦτ’
2713 4396 2900 4458 αὐτ·.ἰς
2948 4396 3293 4465 ὲμπεσοῦσι;
3330 4400 3550 4453 τουτονὶ
3580 4413 3737 4468 προσ-

2161 4490 2356 4560 ενεχθῇ
2382 4506 2468 4553 τις
2493 4488 2583 4542 τὸν
2612 4488 2839 4558 τρόπον,
2861 4487 2979 4551 πῶς
3008 4487 3247 4554 ἕξουσιν·
3279 4491 3329 4544 εί
3355 4491 3458 4560 μὲν
3484 4487 3733 4547 ἐπιεικῶς

464 4609 764 4665 verborum
812 4607 1312 4669 consolatoriorum
1348 4606 1592 4668 medulla
1622 4608 1823 4667 malam
1858 4622 2050 4665 eorum

2169 4585 2251 4637 καὶ
2300 4583 2565 4652 μετρίως,
2610 4581 2735 4635 οὐδὲ
2784 4582 3010 4645 τούτους
3054 4583 3203 4645 είκδς
3251 4578 3336 4647 οἷς
3394 4585 3589 4654 ἀμέλει
3640 4581 3736 4634 πά-

2162 4693 2353 4746 σχουσι
2383 4676 2763 4744 δυσχεραίνειν
2784 4690 2800 4708 ο
2836 4676 2885 4728 εί
2920 4675 2978 4729 δὲ
3008 4675 3209 4728 πολλοῦ
3242 4693 3306 4744 γε
3334 4677 3432 4731 καὶ
3467 4676 3560 4729 τοῦ
3604 4691 3734 4728 παν-

2155 4766 2248 4826 τὸς
2277 4764 2429 4834 σφίσι
2474 4763 2656 4834 δεήσει
2707 4764 2776 4816 τὰ
2820 4763 3027 4816 τοιαῦτ’
3074 4763 3444 4833 ἀνασχέσθαι,
3485 4764 3596 4826 πῶς
3642 4762 3732 4815 οὐκ

2156 4857 2375 4919 ἀτόπως
2416 4857 2599 4927 ἔχουσι
2630 4857 2781 4909 ταῦτ’
2815 4857 2899 4920 είς
2931 4857 3062 4920 τοὺς
3090 4855 3283 4920 ἄλλους
3319 4859 3498 4911 ποιεῖν
3528 4855 3732 4920 ἀξιοῦν-

2154 4963 2270 5009 τες,
2303 4941 2379 5003 ὧν
2429 4948 2525 5000 ἐάν
2573 4947 2695 4999 ποτ’
2742 4946 2900 4999 αὐτοὶ
2955 4945 3288 5015 πειραθῶσι,
3326 4946 3614 5016 συμφορὰν
3651 4960 3729 4995 νο-

2157 5041 2377 5113 μιοῦσι;
2426 5040 2526 5094 Διά
2579 5040 2645 5110 δὴ
2690 5038 2865 5093 ταῦτα
2919 5039 3151 5106 κελεύω,
3210 5039 3272 5094 τὸ
3326 5040 3429 5109 μὲν
3473 5035 3729 5093 τουτοισὶν

2155 5133 2489 5204 ἐπιχαίρειν,
2528 5127 2608 5195 οἷς
2642 5133 2743 5202 οὐχ
2791 5133 2943 5196 ὅπως
2993 5132 3202 5202 ἥκιστα
3254 5132 3479 5187 πάντων
3525 5127 3729 5198 ἐπιχαί-

2158 5242 2295 5294 ρειν,
2325 5226 2463 5279 ἀλλὰ
2511 5225 2608 5279 καὶ
2657 5223 2901 5294 μάλιστα
2934 5224 3183 5288 πάντων,
3213 5219 3293 5287 οἷς
3321 5223 3497 5286 οὕτως
3530 5222 3724 5292 ἔχουσι,

2154 5315 2528 5388 συνάχθεσθαι
2557 5316 2686 5387 χρὴ,
2722 5317 2945 5386 χαίρειν
2986 5315 3246 5381 καθάπαξ
3273 5317 3369 5385 ὲᾷν
3391 5332 3406 5348 ·
3447 5315 3508 5367 τὸ
3534 5313 3591 5366 δὲ
3632 5310 3724 5377 τῆς

2150 5408 2360 5462 τούτων
2395 5409 2759 5481 παραμυθίας
2789 5405 3217 5474 ἀντιποιεῖσθαι,
3248 5409 3347 5462 καὶ
3377 5409 3468 5461 διὰ
3517 5407 3722 5459 πάντων

2147 5492 2223 5554 ὧν
2251 5499 2433 5565 ἔξεστι
2482 5502 2719 5570 ταυτησὶ
2757 5500 2920 5569 λόγον
2968 5499 3273 5566 ποιεῖσθαι,
3305 5501 3438 5569 περὶ
3471 5499 3610 5553 πάνυ
3642 5509 3719 5547 τοι

2149 5591 2409 5649 πλείστου
2456 5592 2752 5655 ποιεῖσθαι,
2792 5592 3014 5661 πρῶτον
3073 5594 3175 5663 μὲν
3223 5594 3350 5645 ἵλεω
3393 5592 3490 5645 καὶ
3543 5590 3716 5642 οἴκτου

2151 5683 2361 5753 μεστὴν
2418 5685 2605 5749 αὐτοῖς
2671 5686 3032 5754 εἰσφέροντας
3075 5688 3324 5757 γνώμην,
3367 5685 3563 5738 ἔπειτα
3606 5680 3715 5741 ταῖς

2144 5776 2256 5829 τῶν
2301 5777 2478 5844 λόγων
2527 5779 2787 5849 ἐπῳδαῖς,
2819 5780 2914 5834 καὶ
2965 5781 3132 5852 ῥᾴους
3179 5778 3430 5835 ἐντεῦθεν
3478 5772 3715 5835 τουτουσὶ

2147 5868 2535 5933 καθιστάντας.

465 4734 670 4789 sortem
702 4721 1032 4782 alleviaturi.
