4018 6422
271 399 378 466 533

1200 406 1492 470 onum
1531 407 1632 471 DE
1676 370 2195 473 SUBDITORUM
2235 409 2592 474 oremus.

3459 407 3566 474 531

337 515 426 570 ιθ’.
475 513 673 587 Ἐχόμε
687 532 771 570 νον
801 516 850 571 δ’
879 515 947 571 ἂν
998 517 1087 588 εἴη
1138 518 1232 573 καὶ
1263 520 1395 592 περὶ
1438 520 1551 575 τῶν
1583 520 1861 577 δουλεύειν

2035 523 2123 580 19.
2161 521 2205 577 Ε
2233 537 2292 579 re
2325 521 2518 594 utique
2543 528 2629 578 est
2658 519 2764 579 hoc
2780 521 2917 579 loco
2946 521 3014 580 de
3045 522 3222 581 servis
3251 522 3427 595 loqui,
3459 516 3559 592 qui

264 606 563 679 εἰληχότων
602 606 640 661 ἃ.
671 607 755 661 δεῖ
784 607 1017 664 διελθεῖν
1040 625 1059 645 ο
1107 610 1206 666 καὶ
1253 614 1366 683 γὰρ
1404 613 1473 683 δὴ
1514 613 1625 667 τῶν
1671 614 1855 669 αὐτῶν

264 703 362 756 καὶ
409 694 561 754 οὗτοι
608 702 725 764 τοῖς
777 702 886 772 πρὸ
935 703 1122 759 αὐτῶν
1170 704 1364 776 ἀμέλει
1405 705 1731 777 πειρῶνται,
1758 705 1855 760 καί

263 809 383 856 πως
430 792 797 866 παραπλησίᾳ
827 795 1069 867 χρῶνται
1111 800 1180 870 τῇ
1226 797 1391 870 τύχῃ,
1420 797 1612 869 ὥσπερ
1655 798 1856 852 ἐκεῖνοι

264 887 325 939 τὸ
365 883 544 956 σῶμα,
577 885 652 949 ὡς
679 885 737 940 δὲ
758 885 856 941 καὶ
883 878 1033 942 οὗτοι
1063 888 1165 961 τὴν
1189 893 1465 961 σφετέραν
1492 889 1677 944 αὐτῶν
1705 890 1860 945 ἔλευ-

264 977 455 1049 θερίαν
483 977 561 1042 ὡς
589 979 656 1034 ἄν
678 996 764 1044 τις
802 981 935 1052 εἴπῃ
971 983 1396 1054 πεπηρωμένοι,
1435 984 1535 1039 καὶ
1568 985 1723 1055 παρὰ
1753 984 1856 1048 τὰς

263 1070 363 1140 τῆς
393 1069 611 1139 φύσεως
641 1071 991 1135 δουλεύοντες
1032 1074 1256 1145 ψήφους
1280 1090 1296 1108 ο
1343 1079 1376 1147 ἡ
1417 1076 1520 1146 μὲν
1565 1078 1674 1145 γὰρ
1706 1077 1860 1130 ἐλευ-

266 1163 463 1234 θέρους
492 1164 705 1227 πάντας
748 1166 1081 1237 ἀνθρώπους
1115 1168 1382 1239 εἴργαστο
1404 1172 1505 1240 τὴν
1542 1172 1742 1243 ἀρχὴν,
1776 1171 1857 1242 τῷ

268 1257 343 1324 μὴ
362 1256 462 1332 τὸν
509 1257 610 1326 μὲν
643 1258 869 1328 μᾶλλον,
903 1259 998 1314 τὸν
1045 1260 1093 1314 δ’
1125 1258 1315 1336 ἦττον,
1348 1264 1495 1319 ἀλλὰ·
1538 1264 1753 1329 πάντας
1796 1264 1860 1329 ἐξ

267 1346 384 1402 ἴσον
442 1347 554 1402 τῶν
607 1352 744 1422 παρ’
800 1352 973 1422 αὐτῆς
1022 1352 1257 1420 ἀξιῶσαι
1310 1357 1408 1410 καὶ
1455 1358 1599 1412 κατὰ
1654 1357 1857 1411 ταυτὸν

267 1441 484 1513 ἑκάστῳ
521 1441 586 1512 δὴ
618 1442 899 1513 διανεῖμαι
921 1463 936 1479 ο
968 1450 1037 1519 τῇ
1067 1447 1211 1522 τύχῃ
1247 1449 1305 1503 δὲ
1335 1449 1433 1504 καὶ
1457 1452 1581 1514 ταῖς
1628 1450 1730 1517 τῆς
1758 1450 1857 1504 τύ·-

263 1553 367 1606 χης
398 1539 663 1605 στροφαῖς
698 1540 794 1593 καὶ
823 1540 903 1610 τῷ
936 1542 1203 1612 μηδέποτ’
1248 1543 1310 1596 ὲν
1351 1543 1542 1614 ταυτῷ
1574 1544 1646 1597 τὰ
1676 1543 1860 1611 πράγ-

266 1643 415 1696 ματα
444 1627 653 1697 μένειν,
683 1628 802 1682 ἀλλ’
836 1629 952 1685 ἄνω
983 1629 1080 1684 καὶ
1120 1630 1279 1685 κάτω
1315 1631 1584 1704 φέρεσθαι
1615 1632 1712 1684 καὶ
1750 1648 1860 1700 χω·-

268 1720 405 1790 ρεῖν,
435 1720 464 1772 ό
496 1720 599 1790 μὲν
626 1721 900 1792 δεσπότης
927 1723 955 1776 ὁ
986 1721 1043 1775 δὲ
1073 1721 1263 1788 δοῦλος
1300 1725 1545 1794 κατέστη
1569 1738 1585 1753 ⁸
1617 1721 1858 1787 ἐπίδοξοί

263 1828 414 1876 τινες
442 1813 618 1880 ὅντες,
651 1816 746 1867 καὶ
799 1815 960 1869 αὐτοὶ⁸
1002 1817 1188 1885 σφίσιν
1222 1817 1411 1880 αὐτοῖς
1446 1818 1558 1871 τῶν
1592 1816 1860 1871 ἐναντίων

1961 638 2155 695 eadem
2215 646 2368 695 sorte
2416 653 2528 710 qua
2560 637 2800 711 majores
2829 648 3083 706 utuntur,
3125 650 3182 697 et
3240 640 3361 712 qui,
3389 638 3437 695 si
3474 637 3566 694 isti

1958 768 2226 825 corpore,
2278 752 2540 811 libertate
2588 767 2690 809 sua
2749 753 2986 810 mutilati
3042 753 3221 810 videri
3286 762 3562 825 possunt,

1960 877 2153 940 utpote
2192 877 2387 924 contra
2418 876 2635 925 natura
2680 867 2831 939 leges
2862 868 2918 924 in
2942 868 3270 925 servitutem
3322 864 3560 924 redacti.

1959 974 2086 1032 Haec
2136 989 2332 1031 omnes
2382 976 2641 1033 homines
2670 992 2702 1032 a
2736 976 3010 1048 principio
3060 977 3272 1034 liberos
3320 976 3554 1045 creavit,

1959 1102 2066 1144 nec
2091 1084 2194 1144 ulli
2244 1087 2618 1160 privilegium,
2660 1087 2757 1145 sed
2792 1078 3165 1161 aequalitatem
3214 1089 3554 1146 conditionis

1959 1201 2178 1257 cunctis
2232 1200 2576 1272 impertivit;
2628 1200 2723 1257 sed
2786 1200 3025 1258 fortunae
3076 1201 3561 1259 vicissitudinibus

1959 1328 2082 1384 quae
2109 1328 2199 1370 res
2228 1328 2513 1384 nunquam
2567 1313 2764 1370 eodem
2815 1313 2939 1370 loco
2988 1314 3297 1371 consistere
3348 1316 3560 1380 sinunt,

1959 1428 2103 1485 alius
2128 1428 2410 1495 dominus,
2441 1428 2587 1486 alius
2633 1443 2830 1485 servus
2870 1428 3068 1485 evasit.
3101 1427 3247 1484 Sunt
3299 1443 3431 1485 sane
3461 1431 3558 1499 qui

1960 1544 2102 1600 mala
2129 1543 2234 1615 ipsi
2280 1545 2428 1615 passi
2462 1553 2597 1600 sunt
2642 1552 2701 1599 et
2745 1544 2885 1599 alios
2916 1551 2976 1597 ut
3005 1542 3190 1598 minus
3237 1551 3561 1613 paterentur

1960 1653 2364 1724 impedierunt;
2398 1652 2611 1709 domini
2640 1663 2792 1709 certe
2835 1650 3181 1734 privilegium
3225 1667 3412 1713 nemo.
3448 1666 3565 1706 ser-

1960 1769 2156 1825 vitutis
2182 1768 2562 1825 conditionem
2592 1784 2789 1825 omnes
2819 1770 3306 1827 demonstrabunt.
3335 1767 3562 1823 Etiamsi

265 1906 387 1958 ποτ’
416 1904 485 1960 ἂν
530 1908 931 1977 πεπειρᾶσθαι,
962 1879 1061 1962 καί
1086 1908 1188 1981 τὴν
1232 1908 1485 1980 ἀλλήλων
1514 1909 1859 1975 ἀλλάξασθαι

1967 1882 2109 1938 enim
2144 1897 2375 1939 summa:
2415 1896 2603 1938 rerum
2645 1881 2858 1961 potitus
2897 1884 2996 1951 sis,
3029 1880 3391 1938 nihilominus
3422 1879 3565 1935 liber

264 1996 439 2067 τύχην
470 1998 612 2052 κατὰ
643 1999 705 2053 τὸ
732 1999 844 2055 τῶν
870 2001 1221 2072 πραγμάτων
1265 2002 1571 2073 ξυμϐαῖνον
1597 2019 1610 2033 ο
1653 2004 1860 2069 μᾶλλον

264 2091 322 2145 δὲ
366 2091 639 2162 δεσπότην
673 2092 771 2163 μὲν
807 2094 874 2147 ἂν
920 2094 1055 2148 αὐτὸ
1099 2078 1278 2151 τοῦτο
1314 2096 1479 2167 μόνον
1520 2096 1861 2167 οὐδοντινοῦν

263 2185 374 2240 τῶν
426 2186 688 2240 ἁπάντων
728 2186 842 2240 οὐδ’
872 2187 940 2241 ἂν
983 2184 1064 2251 εἷς
1107 2190 1332 2244 δύναιτο
1371 2191 1547 2255 δεῖξαι
1577 2207 1594 2223 ο
1633 2190 1862 2255 δούλους

265 2278 312 2333 δ’
339 2277 609 2342 ἅπαντας,
635 2279 864 2343 πάντες.
896 2281 1016 2334 Κᾶν
1049 2281 1159 2352 γὰρ
1187 2282 1290 2354 τὴν
1319 2283 1554 2338 ἁπασῶν
1587 2283 1860 2356 μεγίστην

266 2370 443 2442 ἄρχῃς
488 2370 690 2441 λαχὼν.
726 2373 822 2425 καὶ
872 2372 1052 2437 οὕτως
1104 2375 1261 2429 οὐδὲν
1311 2376 1517 2447 μᾶλλον
1571 2375 1863 2449 ἐλεύθερος

272 2466 338 2517 ἂν
383 2463 523 2533 εἴης,
559 2462 674 2517 ἀλλ’
725 2466 803 2529 εἰς
852 2465 1078 2525 δούλους
1112 2466 1327 2531 τελεῖς·
1377 2469 1522 2540 ἀρχῇ
1567 2469 1859 2538 δουλεύων,

269 2558 364 2610 καὶ
417 2555 495 2626 τῷ
548 2558 704 2627 κοινῇ
760 2557 984 2613 πάντων
1040 2558 1253 2613 ἐθέλειν
1301 2561 1713 2632 προΐστασθαι⁸
1768 2563 1865 2616 καὶ

271 2644 463 2698 σιωπῶ
507 2648 728 2715 τρυφήν
777 2662 837 2699 τε
891 2649 987 2700 καὶ
1020 2647 1122 2709 τὰς
1154 2648 1257 2702 οὐκ
1291 2650 1706 2720 ἐπαινουμένας
1734 2651 1863 2721 ηδοο

269 2734 389 2800 νὰς,
421 2734 519 2788 καὶ
543 2736 703 2789 πάνθ*
734 2738 902 2807 ἕτερα
942 2732 1026 2800 οἷς
1057 2730 1275 2810 ἀνάγκη
1311 2735 1593 2794 δουλεύειν
1614 2742 1743 2805 τοὺς
1774 2741 1867 2795 οὗ·

270 2847 383 2891 τως
407 2829 657 2900 ἔχοντας.
685 2831 826 2900 Φησὶ
857 2830 988 2899 γοῦν
1020 2832 1326 2904 Εὐριπίδης
1365 2835 1552 2898 καλῶς
1585 2853 1649 2903 γε
1687 2835 1864 2904 λέγων

270 2921 487 2992 καὶτῆς
515 2923 703 2989 κοινῆς
722 2921 881 2993 δῦξης
912 2923 1106 2989 ἀξίως·
1146 2943 1165 2977 ι
1195 2925 1301 2979 Φεῦ
1332 2927 1343 2980 !
1378 2929 1480 2981 οὐκ
1509 2928 1625 2982 ἔστι
1652 2927 1864 2999 θνητῶν

272 3012 333 3076 ὃς
378 3012 489 3066 ἔστ’
538 3013 863 3081 ἐλεύθεροςο
909 3035 926 3064 ι
961 3017 994 3086 ἢ
1033 3019 1340 3088 χρημάτων
1392 3020 1502 3090 γάρ
1528 3021 1647 3073 ἐστι
1677 3021 1866 3086 δοῦλος

270 3105 306 3174 ἢ
356 3103 528 3176 τύχης
580 3105 613 3174 ἢ
657 3106 797 3158 ὅτων
847 3107 912 3159 ἄν
952 3125 1033 3171 τις
1079 3110 1174 3161 καὶ
1217 3109 1427 3180 φήσαιο
1463 3113 1511 3163 εἰ
1561 3111 1616 3164 δὲ
1660 3113 1867 3180 τρόπον

270 3198 460 3268 ἕτερον
516 3196 820 3269 ἄρχοντες,
871 3198 1061 3268 ἕτερον
1113 3200 1320 3272 τρόπον
1380 3201 1703 3272 ἀρχόμεθα,
1769 3205 1865 3257 καὶ

272 3291 420 3345 τοῦθ’
461 3289 536 3345 ὡν
572 3289 789 3360 ἀληθῶς
833 3291 1040 3359 μᾶλλον
1089 3293 1141 3363 η’
1194 3296 1365 3359 κεῖνο,
1401 3295 1606 3349 δίκαιοι
1640 3297 1862 3360 πάντως

273 3383 441 3452 ἐσμὲν
490 3377 566 3445 ὧς
621 3381 775 3453 παρὰ
828 3381 994 3449 φύσιν
1051 3385 1402 3455 κατέστημεν
1450 3386 1738 3459 ἄρχοντες,
1784 3387 1866 3459 τῷ

273 3480 486 3539 πάντας
516 3475 858 3546 ἐλευθέρους,
891 3477 966 3539 ὡς
989 3476 1160 3549 ἔφην,
1188 3478 1248 3546 ἐξ
1281 3480 1458 3553 ἀρχῆς
1489 3482 1825 3552 γεγενῆσθαι
1846 3500 1864 3517 ·

271 3569 484 3622 τούτων
514 3570 609 3624 καὶ
650 3570 715 3641 δὴ
760 3570 905 3623 κατὰ
940 3570 1104 3640 φύσιν
1139 3571 1300 3641 λόγον
1331 3574 1632 3642 ποιεῖσθαι,
1667 3578 1764 3632 καὶ
1796 3576 1864 3630 τὰ

273 3664 579 3733 γιγνόμενα
635 3663 910 3734 χρῆσθαι,
966 3663 1061 3717 καὶ
1119 3664 1195 3735 μὴ
1259 3666 1616 3721 παντάπασιν
1678 3668 1866 3732 αὐτοῖς

274 3754 611 3820 ἐπικεῖσθαι,
659 3755 786 3827 μηδ’
815 3756 1128 3826 ἑπιτρίδειν
1175 3757 1387 3811 ἐθέλειν
1435 3758 1525 3813 διὰ
1570 3759 1672 3830 τὴν
1704 3759 1865 3831 ἡμῶν

273 3862 336 3897 τε
369 3845 638 3899 κάκείνων
675 3845 975 3900 ἀντίπαλον
1023 3846 1221 3917 τύχην,
1251 3848 1371 3901 ἀλλ’
1422 3849 1502 3903 ὃσ⁹
1535 3850 1723 3916 αὐτοῖς
1752 3850 1869 3915 ἔξε-

277 3955 368 3991 στι
391 3939 486 3991 καὶ
520 3937 703 3991 δίδωσι
734 3937 795 3991 τὸ
822 3938 973 4003 είκὸς
1020 3940 1433 4008 ἐπιτάττοντες,
1464 3943 1636 4014 μηδὲν
1669 3942 1867 3998 ἔπειτα

275 4030 916 4102 προσπεριεργάζεσθαι,
952 4030 1080 4102 μηδ’
1111 4034 1332 4100 ἀγνοεῖν
1362 4033 1470 4087 ὑπὸ
1518 4034 1621 4104 τῆς
1662 4035 1866 4089 δεσπο-

271 4126 430 4189 τείας
459 4126 558 4195 τὴν
600 4124 785 4195 φύσιν,
817 4124 1010 4197 ὥσπερ
1054 4129 1103 4180 οἱ
1142 4127 1442 4197 μεθύοντες
1480 4129 1613 4194 τοὺς
1641 4129 1826 4185 αὐτῶν
1849 4147 1865 4164 ’

272 4219 415 4276 ἀλλὰ
442 4219 502 4273 τὸ
536 4218 635 4290 μὲν
661 4219 1104 4290 ἀφιλανθρὼπως
1133 4221 1333 4284 αὐτοὺς
1366 4223 1545 4292 ἴσχειν
1581 4226 1677 4277 καὶ
1712 4227 1869 4294 παρὰ

273 4312 339 4366 τὸ
388 4313 508 4366 δέον
539 4313 825 4384 ἐπιτιμᾷν,
856 4315 952 4366 καὶ
1000 4311 1196 4381 ὕϐρεσι
1245 4313 1495 4376 πλύνειν,
1527 4317 1624 4368 καὶ
1658 4318 1728 4370 τὰ
1758 4318 1871 4372 δει-

277 4405 480 4458 νότατα
515 4407 784 4473 ἀπειλεῖν,
815 4408 911 4469 καὶ
958 4407 1260 4478 μαστιγοῦν
1293 4408 1388 4461 καὶ
1427 4408 1540 4462 δεῖν
1574 4410 1668 4464 καὶ
1714 4427 1872 4482 στρε-

275 4498 441 4553 ϐλοῦν
481 4500 577 4553 καὶ
611 4499 819 4566 ξαίνειν
848 4500 994 4555 κατὰ
1042 4500 1137 4554 τοῦ
1169 4500 1345 4556 νώτου
1375 4502 1604 4571 πολλὰς,
1631 4504 1727 4558 καὶ
1761 4504 1870 4576 μὴν

275 4590 375 4643 καὶ
427 4591 541 4653 τοῖς
600 4589 746 4661 ὑπὲρ
792 4589 1027 4661 δύναμιν
1078 4591 1360 4662 ἐγχειρεῖν
1414 4592 1647 4656 τούτους
1695 4611 1871 4647 κατα·
1910 4613 1953 4665 ι)

277 4680 599 4750 ναγκάζειν,
628 4684 676 4735 εί
711 4683 808 4735 καὶ
836 4682 949 4756 τῶν
983 4682 1127 4736 πάνυ
1158 4699 1243 4736 τοι
1290 4683 1468 4738 ταῦτα
1500 4683 1717 4751 δεινῶν,
1750 4685 1869 4740 ἀλλ’

234 4828 253 4836 _
277 4771 374 4828 οὖν
413 4775 645 4845 φορητά
672 4774 790 4839 πώς
822 4774 941 4828 ἐστι
977 4776 1064 4829 διὰ
1100 4776 1204 4847 τὴν
1229 4776 1436 4847 τύχηνο
1474 4795 1493 4829 t
1531 4772 1602 4831 Αῖ
1639 4774 1698 4831 αἶ
1735 4778 1868 4849 γὰρ,

280 4869 437 4936 φησὶ,
466 4864 527 4921 τὸ
553 4866 742 4922 δοῦλον
771 4868 846 4930 ὡς
876 4869 1064 4932 κακῶς
1096 4870 1404 4939 πεφυκέναι
1426 4886 1443 4901 ’
1476 4869 1705 4941 τολμᾶθ⁹
1726 4869 1762 4926 ἃ
1794 4870 1872 4943 μὴ

279 4961 387 5035 χρὴ
418 4963 484 5030 τῇ
516 4961 607 5032 βία
636 4960 967 5031 νικώμενον.
1012 4986 1030 5015 ι

355 5052 425 5108 κ’.
461 5055 629 5107 Ὅταν
687 5053 744 5107 δὲ
799 5055 895 5108 καὶ
948 5055 1060 5108 τῶν
1110 5057 1390 5110 δεσποτῶν
1442 5057 1596 5112 ἔστιν
1645 5059 1694 5113 οἳ
1740 5061 1871 5122 τοὺς

283 5147 643 5218 γιγνομένους
694 5148 804 5200 τῶν
852 5148 1031 5202 πόνων
1068 5149 1332 5220 μισθοὺς,
1366 5152 1493 5216 τοὺς
1526 5154 1625 5224 μὲν
1651 5152 1713 5217 ἐξ
1743 5155 1873 5223 ἡμι-

285 5240 458 5305 σείας,
501 5241 628 5302 τοὺς
675 5240 731 5294 δὲ
792 5242 890 5294 καὶ
950 5243 1210 5311 καθάπαξ
1266 5244 1596 5315 ἀποστερεῖν
1644 5246 1872 5300 οἴωνται

283 5332 416 5396 δεῖν,
448 5336 543 5386 καὶ
588 5333 812 5398 δούλους
842 5335 988 5404 λέγω
1039 5340 1134 5389 καὶ
1169 5337 1347 5400 ἄλλως
1399 5337 1718 5408 ἐλευθέρους
1748 5340 1868 5411 μὲν,

287 5425 392 5478 ὑπὸ
421 5426 478 5480 δὲ
526 5426 716 5490 πενίας
747 5428 841 5481 καὶ
876 5430 936 5481 τὸ
971 5429 1141 5499 μηδὲν
1187 5430 1338 5501 ἔχειν
1382 5431 1872 5501 ἀναγκαζομένους

292 5520 645 5589 μισθοφορεῖν
692 5521 959 5574 ἑκάστοτε
1007 5524 1100 5575 καὶ
1154 5527 1362 5589 πονεῖν,
1393 5525 1488 5579 καὶ
1531 5525 1694 5580 πάνθ’
1726 5527 1872 5598 ὑπὲρ

287 5613 380 5667 τοῦ
429 5615 551 5668 καθ’
596 5616 813 5687 ἡμέραν
852 5616 969 5686 βίου
1023 5619 1116 5671 καὶ
1174 5619 1468 5689 βούλεσθαι
1521 5621 1613 5675 καὶ
1669 5626 1868 5689 ποιεῖν,

287 5699 415 5761 ὅταν
448 5705 540 5760 οὖν
573 5711 913 5779 παρανομεῖν
943 5712 1013 5766 τὰ
1043 5713 1272 5765 τοιαῦτα
1312 5714 1692 5783 προάγωνται,
1720 5715 1872 5769 τοῦτ’

290 5798 400 5852 Em
451 5799 508 5853 τὸ
563 5800 801 5871 μάλιστα
841 5802 1064 5857 πάντων
1111 5805 1510 5877 ἀπηχθημένον
1552 5807 1693 5878 Θεῷ,
1724 5811 1816 5862 καὶ
1844 5808 1872 5862 δ

296 5894 416 5964 μηδ’
444 5892 510 5947 ἂν
542 5888 619 5958 εἷς
667 5912 757 5967 μοι
804 5896 956 5950 δοκεῖ
1011 5899 1085 5969 μὴ
1133 5898 1215 5952 ὅτι
1268 5899 1460 5954 παθεῖν
1511 5900 1868 5972 ἀνασχέσθαι,

1963 2013 2077 2054 non
2103 2011 2276 2064 esses,
2311 1996 2424 2053 imo
2447 1996 2690 2052 servires
2710 2005 2766 2053 et
2790 1997 2931 2067 ipse,
2962 1996 3094 2069 quia
3124 1994 3359 2062 imperio
3387 1993 3565 2049 servis

1962 2120 2021 2166 et
2065 2111 2197 2182 quia
2245 2110 2511 2168 omnibus
2548 2125 2787 2182 praeesse
2840 2110 2949 2166 vis.
2989 2110 3291 2166 Luxuriem
3328 2106 3477 2165 enim
3509 2112 3571 2161 et

1960 2226 2298 2299 voluptatem
2323 2235 2378 2283 ct
2399 2235 2596 2284 caetera
2627 2226 2813 2282 omnia
2838 2226 3062 2283 silentio
3110 2235 3406 2297 praetereo,
3433 2223 3566 2294 qui-

1963 2343 2071 2400 bus
2122 2344 2303 2399 virum
2349 2344 2406 2398 in
2466 2343 2560 2399 tali
2602 2343 2926 2399 conditione
2948 2341 3314 2397 constitutum
3352 2338 3567 2394 servire

1965 2476 2190 2517 necesse
2208 2469 2311 2516 est.
2355 2460 2588 2532 Egregie
2629 2459 2798 2531 igitur
2850 2458 3179 2529 Euripides:
3214 2457 3358 2512 Proh
3385 2454 3563 2525 dolor,

1966 2575 2172 2646 inquit,
2228 2588 2393 2630 nemo
2441 2572 2745 2637 estliber.
2772 2569 2884 2628 Aut
2913 2571 3062 2626 enim
3098 2568 3420 2624 divitiarum
3469 2577 3568 2623 aut

1964 2701 2079 2749 suae
2122 2692 2290 2750 sortis
2338 2700 2434 2749 aut
2462 2692 2765 2764 cujuslibet
2808 2691 2890 2747 rei
2926 2705 3123 2747 servus
3150 2697 3258 2744 est.
3286 2686 3343 2743 Si
3377 2696 3564 2742 autem

1964 2826 2079 2865 uno
2108 2811 2276 2865 modo
2322 2809 2721 2881 gubernamus,
2795 2807 2972 2862 altero
3007 2804 3384 2877 gubernamur
3437 2806 3568 2873 (huc

1965 2933 2148 2980 autem
2187 2922 2371 2994 potius
2410 2936 2576 2993 qnam
2627 2918 2809 2992 illud),
2837 2928 2893 2974 et
2918 2919 2999 2975 sic
3026 2918 3114 2973 vel
3145 2926 3341 2974 contra
3405 2925 3568 2972 natu-

1966 3055 2083 3095 ram
2126 3038 2531 3110 gubernatores
2573 3036 2968 3093 constituimus
3006 3033 3161 3104 quia,
3193 3041 3251 3085 ut
3299 3031 3563 3095 diximus,

1969 3170 1997 3209 a
2023 3154 2296 3224 principio
2328 3167 2524 3209 omnes
2554 3151 2717 3206 liberi
2751 3151 2864 3205 nati
2904 3164 3119 3205 sumus.
3149 3147 3311 3203 Absit
3342 3160 3371 3200 a
3408 3146 3568 3200 nobis

1890 3257 1935 3314 (ἶ
1966 3270 2134 3326 sortis
2162 3260 2610 3338 superioritatem
2671 3271 3025 3331 usurpantes.
3061 3263 3309 3332 regimen
3360 3259 3415 3313 in
3468 3271 3570 3313 eos

1966 3395 2225 3437 exercere
2277 3393 2484 3448 eosque
2538 3376 2875 3447 opprimere,
2904 3376 3001 3431 sed
3038 3370 3370 3444 obsequium
3400 3372 3571 3426 ratio-

1966 3495 2148 3552 nabile
2176 3494 2244 3549 iis
2282 3493 2655 3563 imponamus.
2701 3504 2805 3545 nec
2851 3488 3107 3560 gubernii
3142 3486 3352 3542 limites
3383 3481 3568 3540 trans-

1966 3607 2304 3680 grediamur,
2360 3620 2472 3659 non
2506 3604 2620 3675 jam
2682 3601 2860 3656 nostri
2923 3608 3232 3669 compotes,
3290 3608 3348 3652 ut
3399 3597 3565 3653 ebrii.

1965 3723 2180 3779 Interea
2209 3736 2341 3777 vero
2375 3733 2567 3775 servos
2595 3716 2900 3772 inhumane
2947 3724 3206 3782 tractant,
3257 3715 3382 3785 plus
3416 3714 3573 3785 j-usto

1973 3837 2160 3892 verbis
2206 3834 2503 3904 castigant,
2571 3831 2864 3898 insultant,
2898 3833 3205 3893 minantur,
3265 3828 3564 3900 ﬂagellant,

1970 3951 2266 4008 tormentis
2305 3957 2529 4014 vexant,
2581 3948 2748 4002 dorso
2801 3947 2992 4018 plagas
3044 3944 3314 4016 plurimas
3360 3943 3570 4015 impiu-

1968 4077 2131 4141 gunt,
2178 4067 2248 4123 ab
2284 4065 2354 4122 iis
2387 4065 2534 4135 quod
2579 4063 2731 4119 vires
2761 4061 3108 4119 transcendit
3135 4063 3387 4133 exigunt.
3419 4061 3567 4130 Quid

1969 4183 2156 4241 enim?
2190 4180 2541 4252 tolerandum
2574 4188 2681 4247 est,
2715 4186 2865 4235 sorte
2888 4177 2962 4233 ita
3000 4176 3242 4232 volente.
3285 4175 3566 4243 Quantum

1971 4298 2198 4364 malum,
2224 4295 2364 4367 proh
2401 4294 2581 4362 dolor,
2606 4292 2676 4350 ad
2702 4293 3029 4350 servitutem
3048 4292 3201 4347 nasci
3227 4292 3242 4346 l
3278 4292 3566 4348 ferendum

1971 4421 2057 4468 est
2087 4409 2239 4482 quod
2278 4408 2331 4464 vi
2365 4410 2543 4464 averti
2575 4408 2787 4478 nequit.

2045 5069 2140 5125 20.
2179 5066 2411 5134 Quando
2447 5066 2697 5137 despota:
2748 5068 2924 5139 aliqui
2964 5066 3233 5125 mercedis
3263 5082 3368 5139 pro
3418 5065 3569 5127 tabo.

1976 5193 2134 5248 ribus
2167 5192 2429 5263 praestitis
2456 5190 2658 5248 debita:
2718 5200 2816 5248 aut
2858 5202 3070 5264 partem
3112 5204 3211 5249 aut
3245 5202 3419 5249 totum
3476 5209 3567 5249 re-

1975 5315 2264 5378 scindunt,
2319 5314 2436 5371 sive
2462 5327 2658 5370 servos
2709 5314 2826 5370 sive
2875 5315 3084 5373 liberos
3128 5330 3198 5373 eo
3233 5316 3383 5389 quod
3433 5316 3571 5387 ipsis

1974 5439 2210 5493 debetur
2242 5436 2545 5508 puivantes,
2578 5437 2673 5508 qui
2711 5447 2892 5494 tamen
2917 5438 2988 5494 ob
3020 5448 3324 5508 egestatem
3351 5454 3569 5496 rerum-

1975 5578 2082 5633 quc
2119 5561 2407 5633 penuriam
2434 5560 2690 5616 laborare
2729 5561 2781 5617 vi
2837 5561 3015 5617 coaeti
3052 5562 3295 5633 debent;
3328 5567 3449 5637 qui.
3486 5567 3573 5623 in-

1974 5692 2163 5748 quam,
2231 5674 2319 5729 his
2365 5673 2420 5728 in
2477 5673 2642 5728 rebus
2701 5674 2906 5745 injuste
2963 5688 3154 5746 agunt,
3193 5691 3309 5732 rem
3343 5678 3570 5736 Numini

1980 5790 2170 5843 divino
2218 5787 2624 5844 odiosissimam
2660 5785 2892 5854 faciunt,
2930 5800 2988 5845 et
3024 5805 3188 5861 quam
3236 5806 3337 5846 nec
3370 5795 3568 5857 oculis.

1976 5915 2079 5956 nec
2125 5898 2357 5957 auribus
2410 5897 2657 5971 perferre
2689 5902 2855 5957 volet.
2905 5899 3196 5969 Quomodo
3235 5902 3386 5961 enim
3436 5921 3565 5960 cum
