4018 6420
504 366 614 431 535

1737 375 2138 436 THEODULI
2177 379 2521 442 MONACHI

3659 390 3750 456 536

500 485 715 542 ratione
747 487 830 542 vel
862 487 978 557 ipsa
1012 488 1352 544 humanitate
1384 491 1637 560 congruit
1681 492 1912 548 miseros
1945 495 2069 548 istos

2187 498 2442 554 ἁλλόὐδ⁹
2491 502 2569 564 είς
2617 499 2794 570 άκοὴν
2841 499 2982 561 ὅλως
3020 499 3267 572 δεδέχθαι
3295 516 3307 530 ’
3362 499 3465 556 ποῦ
3513 503 3614 573 γάρ
3642 507 3743 561 ἐστι

498 599 788 657 laboribus
838 601 1132 657 molestare
1169 610 1226 656 et
1269 617 1432 672 supra
1473 619 1640 674 quam
1696 605 1777 661 fas
1831 617 1917 663 est
1968 619 2088 662 tor-

498 731 692 786 quere,
751 717 863 770 imo
904 717 1102 787 pugnis
1155 717 1408 773 aedere?
1435 715 1655 774 Siccine
1703 719 1958 776 homines
1987 721 2085 790 qui

497 840 598 895 pro
636 826 885 896 improbo
912 827 1104 882 labore
1130 828 1379 884 meritam
1399 830 1710 886 mercedem
1739 842 2084 902 exspectant.

497 943 651 1008 quasi
685 956 742 995 re
775 943 914 998 male
945 955 1099 1015 gesta
1139 960 1343 1001 vacuos
1365 946 1687 1003 dimittere?
1725 947 1948 1004 Siccine
1983 961 2086 1004 eos

495 1052 588 1122 qui
621 1054 754 1107 nulli
788 1055 1058 1126 ejusmodi
1090 1056 1243 1128 operi
1273 1067 1493 1129 tempus
1523 1073 1591 1115 ac
1622 1059 1773 1115 vires
1803 1059 2083 1116 dederunt

492 1177 756 1232 prospera
805 1166 857 1218 in
895 1165 1116 1222 fortuna
1147 1182 1375 1236 ponere,
1405 1177 1462 1224 et
1484 1169 1612 1225 vitae
1655 1170 1921 1227 arumnis
1960 1172 2082 1226 exi-

493 1293 642 1334 mere
676 1289 726 1335 et
780 1281 896 1335 otio
945 1282 1112 1336 vitam
1149 1283 1384 1338 inertem
1439 1282 1776 1354 transigere;
1804 1284 2083 1342 modestos

489 1407 624 1447 vero
648 1393 784 1448 istos
821 1396 1197 1452 mercenarios
1228 1405 1418 1452 contra
1450 1397 1541 1467 jus
1569 1395 1766 1468 fasque
1797 1397 1866 1453 ad
1909 1398 2076 1454 imam

490 1502 768 1558 miseriam
834 1506 1218 1562 crudelissime
1275 1507 1558 1576 detrusos,
1593 1509 1849 1567 mercede
1894 1510 2078 1565 debita

488 1618 710 1689 privare
751 1618 1012 1674 ?llorum
1069 1621 1292 1690 quidem
1353 1622 1641 1678 hominum
1690 1625 1735 1680 si
1790 1624 2076 1680 adversam

489 1728 766 1785 fortunam
822 1732 985 1788 nobis
1017 1734 1391 1790 commiserari
1419 1737 1569 1804 licet,
1621 1746 1858 1793 tortores
1883 1753 2074 1794 eorum

485 1852 636 1898 certe
666 1845 793 1898 odio
823 1845 1043 1911 habere,
1068 1847 1336 1903 malorum
1372 1849 1682 1904 daemonum
1714 1852 1838 1906 loco
1868 1867 2074 1922 ponere
2107 1834 2151 1893 Β

485 1957 814 2024 permissum
877 1969 984 2025 est,
1018 1959 1112 2032 qui
1169 1958 1422 2018 subditos
1477 1963 1618 2018 male
1652 1973 1890 2021 tractare
1921 1965 2076 2021 haud

483 2072 843 2139 erubescunt,
877 2073 1082 2131 nullam
1106 2073 1209 2130 sibi
1237 2075 1508 2132 rationem
1538 2075 1875 2132 reddendam
1907 2087 2070 2132 autu-

483 2192 667 2249 mant;
695 2199 854 2240 versa
879 2187 1024 2241 enim
1052 2187 1168 2243 vice
1197 2189 1554 2245 humaniores
1582 2205 1732 2246 seac
1757 2192 2075 2248 misericor-

487 2297 674 2352 diores
696 2307 1042 2368 praestarent.
1068 2300 1242 2356 Parva
1280 2302 1428 2357 enim
1472 2311 1529 2357 et
1571 2319 1766 2374 parum
1801 2306 2067 2361 duratura

482 2419 612 2466 sunt
640 2427 763 2483 quae
792 2412 1174 2470 fraudulenter
1201 2416 1377 2471 servis
1431 2417 1549 2472 suis
1578 2417 1791 2488 eripere
1827 2419 2066 2487 audent;

481 2527 716 2581 maxima
747 2536 930 2583 autem
974 2538 1104 2583 sunt
1153 2528 1294 2584 bona
1334 2530 1536 2600 quibus
1567 2530 1668 2600 ipsi
1698 2532 1978 2599 excidunt,
2011 2547 2068 2591 et

479 2642 622 2699 mala
656 2657 778 2711 quae
808 2642 864 2697 in
899 2643 1130 2698 istorum
1154 2644 1334 2700 locum
1367 2645 1687 2715 succedent,
1720 2657 1776 2702 et
1801 2664 1922 2718 qua:
1954 2666 2062 2704 non

479 2773 580 2830 per
628 2769 843 2830 tempus
875 2759 1096 2830 aliquod
1147 2760 1310 2813 ﬁxum
1347 2761 1646 2831 durabunt,
1677 2763 1771 2819 sed
1800 2774 2060 2820 aeternam

477 2875 648 2928 vitam
677 2871 940 2937 reddent,
983 2871 1130 2940 quod
1165 2880 1315 2928 certe
1355 2881 1618 2930 extrema:
1663 2875 1946 2933 felicitatis
1989 2879 2064 2932 si-

478 3001 646 3060 gnum
673 2996 777 3049 est,
803 3002 925 3057 quae
949 2987 1181 3042 summis
1214 2985 1269 3039 in
1300 2985 1410 3042 Deo
1451 2987 1614 3043 bouis
1645 2987 1757 3043 frui
1789 2989 1967 3055 dabit,
2004 3000 2061 3044 et

476 3100 761 3157 doloribus
788 3109 954 3172 atque
985 3103 1248 3159 aerumnis
1275 3103 1504 3170 liberat,
1540 3105 1596 3157 in
1642 3117 1781 3174 quas
1808 3103 2061 3161 homines

475 3215 722 3292 perversi
746 3222 802 3270 et
830 3215 1086 3271 crudeles
1125 3215 1395 3270 incidunt.
1428 3215 1484 3271 SI
1513 3217 1661 3271 enim
1702 3217 1846 3274 Deus
1874 3219 1925 3273 ei
1963 3221 2058 3291 qui

477 3331 546 3386 de
573 3346 676 3386 suo
727 3330 862 3388 dare
911 3329 1122 3402 aliquid
1164 3330 1418 3402 proximo
1455 3345 1568 3386 non
1605 3332 1742 3399 vult,
1777 3334 2061 3404 irascitur,

474 3450 752 3520 quomodo
779 3450 932 3508 illum
964 3448 1192 3506 habebit
1227 3448 1322 3520 qui
1359 3448 1516 3518 alios,
1547 3459 1608 3506 ut
1639 3450 1751 3519 fur,
1783 3451 1984 3523 spoliat
2006 3463 2064 3508 et

475 3567 745 3640 sperariis
794 3565 1108 3623 mercedem
1149 3574 1389 3637 recusat,
1435 3582 1550 3642 quo
1602 3567 1746 3629 nihil
1795 3569 2061 3641 injustius

477 3683 706 3764 reperiri
746 3680 965 3756 potest?

537 4605 631 4668 ﬁt.
690 4601 960 4674 Equidem
1035 4612 1239 4656 censeo
1293 4595 1596 4667 unicuique
1669 4605 1920 4652 vestrum
1987 4593 2057 4648 ad

467 4734 610 4792 opus
662 4715 883 4795 aliquod
952 4729 1014 4772 se
1068 4713 1390 4770 accinctum
1442 4708 1554 4764 duo
1593 4708 1777 4763 inesse
1825 4703 2056 4770 debere,

466 4837 707 4915 primum
739 4833 883 4888 bona
911 4839 970 4886 et
998 4830 1230 4886 honesta
1271 4841 1471 4896 capere
1493 4821 1725 4883 conSilia
1753 4833 1856 4875 suo
1884 4819 2058 4889 ipsius

467 4944 690 5009 nomine
713 4952 769 5000 et
800 4951 1032 4998 caeteros
1073 4940 1141 4994 ad
1166 4939 1313 4995 idem
1340 4936 1643 5000 cohortari,
1665 4943 1723 4990 et
1766 4934 1849 4990 sic
1899 4948 2056 4988 men-

466 5068 578 5119 tem
597 5066 657 5117 et
671 5057 918 5116 animum
947 5052 1016 5111 ad
1049 5053 1314 5107 honestas
1335 5050 1688 5120 operationes
1715 5061 2053 5117 provocare;

467 5175 669 5232 deinde
717 5173 785 5228 iis
817 5186 941 5242 quae
984 5174 1114 5239 post
1147 5173 1425 5220 maturam
1471 5161 1930 5221 deliberationem
1962 5161 2058 5216 de-

466 5297 617 5345 creta
665 5295 817 5352 sunt,
862 5298 1061 5344 manus
1109 5279 1473 5342 industriosas
1522 5278 1785 5350 injicere,
1823 5291 2057 5348 seseque

463 5401 631 5462 laude
662 5401 888 5471 dignum
921 5396 1153 5453 reddere
1187 5394 1431 5465 expedit.
1489 5393 1727 5464 Legibus
1777 5394 2058 5464 obtempe~

479 5531 610 5581 rare
637 5526 696 5576 et
729 5529 899 5587 opera
937 5513 1205 5584 perlicere
1234 5511 1568 5582 gratitndine
1592 5508 1998 5579 compensanda
2024 5523 2056 5563 c

467 5650 530 5695 re
598 5630 736 5698 erit;
789 5629 1118 5700 nullumque
1173 5626 1457 5696 iniustitiae
1497 5627 1681 5682 locum
1751 5625 2057 5681 concedere

471 5744 740 5800 malarum
775 5743 1053 5800 actionum
1090 5741 1250 5798 matri
1282 5751 1338 5797 et
1373 5740 1612 5796 fautrici.
1635 5740 1768 5810 Ejus
1789 5743 1866 5795 rei
1903 5742 2055 5795 testi-

471 5855 720 5920 ninnium
782 5860 1072 5940 perhibent
1124 5857 1486 5913 Athenienses
1531 5856 1620 5927 qui
1659 5855 1800 5910 bello
1852 5855 2060 5910 Illa-dico

2193 591 2350 660 λόγον
2387 592 2579 657 σῶζον,
2610 593 2815 662 μᾶλλον
2853 592 2909 646 δὲ
2956 593 3072 656 πῶς
3103 593 3204 646 οὐκ
3233 593 3438 648 ἄτοπον
3474 598 3562 650 καὶ
3592 597 3750 666 ὑπερ.

2191 682 2348 752 φυές,
2378 684 2507 746 τοὺς
2549 683 2650 753 μὲν
2692 681 3078 753 ταλαιπώρους
3129 684 3359 749 τούτους
3405 692 3749 760 κατατρύχειν

2188 773 2300 833 τοῖς
2327 770 2536 842 ἔργοις,
2573 770 2671 824 καὶ⁸
2703 771 2871 842 μηδὲν
2903 773 3151 844 ἀνάγκης
3183 773 3591 842 μηδοπωστιοῦν
3615 779 3752 830 divis:-

2187 881 2301 928 ναι,
2340 862 2480 916 ἀλλὰ
2504 866 2599 919 καὶ
2627 862 2964 928 κονδυλίζειν
3001 865 3149 918 ἔστιν
3193 865 3284 919 ὅτε
3318 866 3412 919 καὶ
3443 868 3619 922 παίειν
3639 885 3652 901 -
3683 864 3750 922 ὧν

2185 954 2242 1008 δὲ
2289 955 2451 1026 χάριν
2501 955 2753 1022 πονοῦσι,
2789 958 2866 1028 μὴ
2914 956 3071 1012 ταῦτ’
3122 958 3309 1022 αὐτοῖς
3364 959 3621 1030 παρέχειν
3665 965 3746 1032 αἱ-

2187 1050 2419 1118 ρεῖσθαι,
2458 1049 2596 1102 ἀλλὰ
2627 1049 2735 1117 πρὸ
2768 1049 2870 1119 μὲν
2919 1047 3032 1103 τῶν
3066 1049 3245 1120 ἐργων
3285 1050 3515 1119 μισθοὺς
3555 1070 3751 1123 μνημο-

2186 1141 2362 1196 νεύειν
2411 1142 2504 1196 καὶ
2539 1142 2879 1212 καταθήσειν
2913 1143 3152 1210 φάσκειν
3189 1142 3445 1212 ἑτοίμως,
3479 1142 3666 1198 ἔπειτα
3697 1145 3749 1200 δέ

2183 1233 2254 1296 ὡς
2311 1233 2647 1306 ἠδικηκότας
2705 1235 2901 1299 κενοὺς
2951 1235 3347 1306 ἀποπέμπειν;
3401 1235 3496 1299 οὓς
3542 1255 3604 1303 γε
3659 1239 3746 1290 καὶ

2185 1323 2351 1394 μηδέν
2395 1341 2451 1378 τι
2493 1325 2737 1380 τοιοῦτον
2767 1326 2829 1380 τὸ
2869 1326 3136 1397 παράπαν
3189 1327 3613 1396 ἐργαζομένους,
3643 1329 3749 1382 ἀλλ’

2183 1416 2316 1469 αύτδ
2345 1415 2506 1470 τοῦτο
2553 1418 2717 1488 μόνον
2750 1417 2916 1488 πενίᾳ
2947 1417 3252 1480 συζῶντας.
3286 1417 3345 1471 εὖ
3387 1419 3614 1488 πάσχειν
3648 1421 3746 1476 ὑπὸ

2179 1509 2289 1560 τῶν
2315 1509 2554 1579 ἐχόντων
2579 1511 2772 1582 ἐχρῆν,
2811 1511 2904 1564 καὶ
2941 1510 3020 1580 μὴ
3069 1512 3436 1581 περιορᾶσθαι
3464 1527 3478 1542 ·
3528 1512 3749 1579 μάλιστα

2184 1602 2284 1669 μὲν
2328 1602 2416 1655 διὰ
2463 1602 2560 1673 τὴν
2593 1603 2738 1656 οὕτω
2769 1603 3102 1657 κελεύουσαν
3147 1604 3393 1672 ἐντολὴν,
3434 1605 3532 1675 οὐχ
3559 1606 3749 1674 ἥκιστα

2180 1694 2236 1745 δὲ
2272 1701 2365 1748 καὶ
2399 1695 2490 1748 διὰ
2535 1696 2636 1765 τὴν
2674 1695 3238 1765 ἐπαμφοτερίζουσαν
3287 1697 3548 1750 ἑκάστοτε
3591 1697 3748 1764 τύχην

2183 1790 2276 1840 καὶ
2323 1787 2450 1850 τοὺς
2480 1787 2574 1840 τοῦ
2628 1787 2746 1856 βίου
2778 1787 3134 1858 στροϐίλουςο
3171 1791 3220 1842 οἱ
3251 1788 3308 1840 δὲ
3329 1831 3344 1854 ,
3379 1789 3519 1857 πρὸς
3546 1789 3620 1858 τῷ
3651 1807 3747 1858 μη-

2181 1878 2331 1941 δενός
2361 1896 2506 1940 τινος
2546 1879 2831 1944 ἀξιοῦσθαι
2866 1879 3137 1945 τοιούτου,
3179 1881 3276 1934 καὶ
3301 1873 3378 1934 ὧν
3413 1883 3551 1948 σφᾶς
3580 1879 3747 1946 ἀξιοῦ-

2182 1991 2266 2025 σιν
2310 1974 2360 2025 οί
2413 1974 2566 2026 πόνοι
2612 1974 2708 2026 καὶ
2751 1973 2814 2026 τὸ
2865 1974 3360 2043 ταλαιπωρεῖσθαι,
3413 1976 3506 2027 καὶ
3553 1974 3746 2026 τούτων

2180 2067 2332 2135 παρὰ
2366 2067 2578 2128 πάντας
2627 2067 2754 2130 τοὺς
2791 2067 2993 2135 νόμους
3039 2067 3473 2136 ἀποστεροῦνται
3530 2066 3747 2135 μισθῶν.

2179 2159 2344 2213 Ὅσον
2401 2156 2498 2213 οὖν
2528 2160 2742 2223 τούτοις
2774 2177 2834 2212 τε
2865 2160 2958 2212 καὶ
3000 2163 3114 2221 τοῖς
3159 2161 3335 2223 ἄλλως
3383 2160 3750 2227 ἀδικουμένοις

2177 2249 2542 2320 συνάχθεσθαι
2590 2251 2684 2304 καὶ
2736 2250 3026 2317 συναλγεῖν
3079 2249 3330 2313 ἅπαντας
3385 2251 3487 2318 δεῖ,
3539 2248 3749 2302 τοσοῦτο

2175 2345 2268 2398 καὶ
2313 2343 2391 2396 ἔτι
2425 2344 2630 2412 μᾶλλον
2682 2346 2791 2405 τοῖς
2830 2341 3040 2397 ἀδικεῖν
3091 2343 3472 2412 αἱρουμένοις,
3519 2339 3748 2410 ἀπεχθά-

2174 2436 2363 2490 νεσθαι
2409 2436 2502 2488 καὶ
2545 2436 2753 2505 μισεῖν,
2783 2436 2880 2488 καὶ
2911 2436 3052 2487 πάνυ
3099 2452 3183 2488 τοι
3217 2432 3748 2504 κακοδαιμονοῦντας

2171 2530 2250 2600 τῷ
2287 2531 2402 2583 ὄντι
2431 2530 2695 2601 νομίζειν,
2728 2529 2788 2581 ού
2825 2529 2987 2598 μόνον
3019 2523 3101 2591 οἷς
3133 2527 3276 2581 οὕτω
3308 2523 3748 2597 παρανομοῦντες

2171 2625 2273 2676 οὐκ
2307 2622 2682 2694 αἰσχύνονται,
2720 2621 2830 2675 οὐδ’
2861 2621 3070 2675 οἴονται
3100 2621 3258 2690 δίκην
3301 2619 3553 2686 ὑφέξειν,
3584 2614 3618 2688 ἦ
3648 2620 3748 2685 γὰρ

2169 2711 2234 2764 ἂν
2261 2711 2696 2781 κακουργοῦντες
2727 2710 3014 2773 ἐπαύοντο,
3038 2708 3173 2762 ἀλλὰ
3203 2708 3298 2760 καὶ
3323 2701 3414 2770 οἷς
3447 2707 3547 2760 οὐκ
3574 2707 3744 2776 ἔχουσι

2171 2802 2402 2873 ξυνορᾷν
2432 2819 2443 2832 ο
2476 2802 2548 2864 ὡς
2586 2800 2620 2855 ἃ
2665 2801 2767 2871 μέν
2814 2801 2911 2853 νῦν
2949 2799 3227 2870 ἁρπάζειν
3268 2799 3366 2853 καὶ
3417 2798 3744 2853 πλεονεκτεῖν

2167 2897 2370 2950 οἴονται
2416 2895 2548 2961 δεῖν,
2575 2894 2753 2947 ταῦτα
2791 2893 2973 2947 πάντα
3013 2893 3186 2962 μικρά
3233 2892 3294 2944 τέ
3344 2895 3486 2956 ἐστι,
3522 2893 3612 2945 καὶ
3652 2890 3743 2943 οὐκ

2167 2991 2246 3052 είς
2279 2989 2426 3042 ἆπαν
2467 2986 2769 3057 μενοῦντα·
2801 2978 2877 3038 ὧν
2916 2984 2962 3037 δ’
3009 2983 3184 3036 ἔπειτ’
3225 2983 3454 3052 ἀγαθῶν
3485 2983 3570 3036 διὰ
3604 2977 3743 3034 ταῦτ’

2167 3077 2553 3142 ἐκπεσοῦνται,
2609 3077 2706 3128 καὶ
2761 3071 2844 3139 οἷς
2907 3074 2965 3139 ἐξ
3019 3075 3271 3143 ἀνάγκης
3320 3073 3741 3144 περιπεσοῦνται

2089 3175 2132 3234 C.
2163 3174 2384 3237 δεινοῖς,
2415 3169 2570 3223 ταῦθ’
2619 3169 2765 3223 οὕτω
2795 3169 2896 3238 μὲν
2929 3169 3049 3222 ἐστι
3095 3167 3356 3238 μέγιστα,
3393 3170 3468 3231 ὼς
3520 3166 3638 3237 μηδ’
3667 3168 3742 3218 εί-

2169 3268 2336 3322 κάσαι
2379 3265 2441 3319 τὸ
2488 3264 2752 3334 παράπαν
2793 3262 3017 3328 ἐξεῖναι,
3056 3264 3131 3332 μή
3181 3263 3231 3314 τί
3265 3279 3331 3330 γε
3373 3263 3542 3332 φάναι
3569 3278 3582 3293 ο
3613 3259 3743 3312 οὕτω

2165 3359 2221 3413 δὲ
2272 3357 2418 3412 κατὰ
2474 3355 2676 3419 παντὸς
2726 3355 2941 3408 ἵσταται
3001 3354 3215 3425 χρόνου,
3263 3349 3741 3426 ὡς,μηδηντινοῦν

2164 3451 2418 3522 δέχεσθαι
2457 3449 2634 3518 λῆξιν,
2664 3448 2780 3502 ἀλλ’
2829 3450 2910 3512 είς
2955 3447 3265 3517 ἀπέραντον
3315 3447 3502 3519 ἣκειν,
3530 3445 3622 3501 καὶ
3650 3445 3740 3514 τὴν

2165 3541 2423 3612 τελευτὴν
2455 3541 2629 3610 ἴσχειν
2677 3539 2948 3592 ἀθάνατον
2967 3553 2982 3568 ·
3015 3539 3076 3591 οὐ
3129 3538 3238 3608 μὴν
3265 3539 3406 3594 ἀλλὰ
3437 3537 3615 3591 καὶτὸ
3654 3552 3741 3587 τυ-

2165 3635 2284 3706 χεῖν
2317 3629 2670 3702 ἀμφοτέρων,
2700 3628 2760 3680 τὸ
2798 3627 2896 3698 μὲν
2937 3627 3084 3680 ἐστιν
3117 3628 3364 3698 ἐσχάτης
3409 3627 3740 3696 εὐδαιμονίας

2165 3725 2262 3778 καὶ
2299 3721 2419 3782 οἵας
2473 3719 2599 3782 τοὺς
2635 3718 2723 3772 διὰ
2765 3719 3116 3789 χρηστότητα
3167 3718 3391 3787 τρόπων
3449 3719 3584 3790 μετὰ
3613 3715 3741 3770 Θεοῦ

2163 3813 2532 3884 τεταγμένους
2565 3811 2864 3865 ἀπολαύειν
2895 3810 3065 3875 είκδς,
3093 3811 3155 3863 τὸ
3183 3811 3229 3862 δ’
3263 3811 3576 3883 ἀφορήτους
3603 3809 3738 3879 ἐχειν

2163 3908 2259 3962 καὶ
2306 3908 2607 3978 ὑπερφυεῖς
2652 3907 2751 3968 τὰς
2799 3903 3023 3967 essm.
3057 3904 3151 3958 καὶ
3195 3906 3333 3957 πᾶσι
3375 3905 3478 3976 μέν
3529 3921 3588 3970 γε
3632 3903 3736 3961 τοῖς

2163 4001 2336 4072 κακίᾳ
2375 4000 2633 4064 συζῶσιν,
2667 3999 2768 4068 οὐχ
2812 3997 3016 4067 ἥκιστα
3057 3997 3113 4049 δὲ
3161 3997 3257 4049 καὶ
3291 4000 3408 4060 τοῖς
3440 3997 3640 4051 ἀδικεῖν
3666 3995 3741 4045 αἱ·

2165 4095 2471 4165 ρουμένοις.
2509 4092 2570 4144 Εἰ
2598 4091 2706 4160 γὰρ
2747 4089 2826 4158 τῷ
2872 4088 2948 4158 μὴ
2981 4087 3091 4141 τῶν
3121 4087 3342 4142 οἰκείων
3406 4087 3737 4159 μεταδιδόντι

2163 4184 2300 4254 τιμᾷ
2356 4181 2466 4235 τῶν
2515 4182 2761 4251 ἐσχάτων
2810 4180 2966 4243 Θεὸς,
3011 4180 3091 4250 τῷ
3139 4181 3237 4233 καὶ
3282 4180 3357 4235 τὰ
3405 4182 3515 4235 τῶν
3574 4179 3741 4235 ἄλλων

2162 4274 2578 4344 ἀφαιρουμένῳ,
2622 4274 2719 4326 καὶ
2769 4272 2896 4336 τοὺς
2949 4272 3061 4324 τῶν
3117 4272 3297 4325 πόνων
3355 4271 3738 4342 ἀποστεροῦντι

2166 4368 2416 4439 μισθοὺς,
2448 4366 2477 4419 ὃ
2521 4365 2776 4440 μείζονος
2805 4363 3028 4430 ἀδικίας
3068 4365 3187 4418 ἐστὶ
3214 4365 3533 4436 γνώρισμα,
3566 4364 3619 4418 τί
3651 4362 3739 4416 καὶ

2160 4462 2429 4535 χρήσεται
2449 4476 2466 4524 ;
3045 4453 3050 4455 ’

2235 4558 2341 4607 κα’.
2380 4551 2658 4621 Ἥγοῦμαι
2702 4549 2748 4603 δ’
2780 4547 2998 4619 ἑκάστῳ
3041 4546 3094 4614 γ’
3129 4545 3284 4618 ὑμῶν
3329 4549 3440 4601 τῶν
3489 4545 3738 4616 πράττειν

2162 4645 2344 4701 ὁτιοῦν
2371 4644 2773 4716 ἐγχειρούντων
2807 4642 2900 4696 δύο
2951 4639 3109 4695 ταῦτ’
3160 4639 3220 4706 ἐξ
3253 4641 3503 4712 ἀνάγκης
3551 4636 3757 4710 χρῆναι’

2163 4736 2704 4811 προσεῖναιοπρῶτον
2728 4736 2828 4806 μὲν
2850 4735 2909 4788 τὸ
2933 4731 3288 4804 βουλεύεσθαι
3315 4733 3502 4800 καλῶς
3530 4731 3622 4787 καὶ
3647 4729 3739 4782 αύ-

2160 4835 2253 4888 τδν
2272 4833 2358 4904 ἐφ’
2378 4830 2575 4885 ἐαυτοῦ
2600 4829 2694 4884 καὶ
2721 4829 2818 4882 σὺν
2840 4826 3043 4892 ἄλλοις,
3065 4827 3113 4880 εί
3134 4825 3326 4879 τούτου
3355 4825 3564 4896 δεήσει’
3587 4821 3736 4877 τοῦτο

2160 4928 2205 4982 δ’
2228 4927 2294 4981 ἂν
2319 4927 2403 4996 εῖη
2427 4925 2486 4978 τὸ
2508 4925 2569 4977 οὐ
2591 4925 2752 4993 μόνον
2790 4921 2971 4975 πᾶσαν
2995 4917 3248 4991 ἡντινοῦν
3279 4918 3426 4989 ὑπὲρ
3453 4917 3544 4971 τοῦ
3578 4912 3736 4970 καλεῦ

2160 5026 2258 5075 καὶ
2296 5019 2506 5073 δικαίου
2543 5017 2774 5086 γνώμην
2821 5015 3015 5072 κινεῖν.
3054 5012 3192 5067 ἀλλὰ
3245 5013 3338 5065 καὶ
3385 5013 3486 5074 τὰς
3535 5010 3735 5080 ψήφους

2159 5114 2267 5166 τῶν
2299 5109 2644 5181 πραγμάτων
2687 5108 2794 5160 ἀπὸ
2822 5104 2918 5158 τοῦ
2962 5105 3148 5166 τέλους
3190 5103 3398 5158 ἐθέλειν
3430 5101 3696 5157 ποιεῖσθαι
3718 5113 3733 5128 ο

2159 5205 2354 5258 ἔπειτα
2376 5203 2438 5255 τδ
2470 5203 2580 5264 τοῖς
2605 5198 2782 5268 ὀρθῶς
2811 5195 3260 5266 βεϐουλευμένοις
3295 5195 3574 5262 ἐπιμελῶς
3603 5193 3732 5256 ἄγαν

2160 5299 2254 5351 καὶ
2280 5293 2584 5354 σπουδαίως
2619 5289 3006 5362 προσκεῖσθαι,
3047 5290 3142 5342 καὶ
3180 5289 3288 5358 ὅλῳ
3335 5305 3402 5355 γε
3447 5288 3540 5339 καὶ
3574 5283 3728 5336 παντὶ

2157 5390 2290 5460 δρᾷν
2323 5387 2402 5458 τῷ
2444 5383 2619 5454 θυμῷ,
2648 5383 2724 5443 ὡς
2774 5383 2840 5434 ἂν
2881 5382 2974 5432 καὶ
3011 5380 3310 5450 κατορθοῦν
3365 5381 3526 5448 ἔχητε
3567 5377 3732 5445 ῥᾷστα

2160 5482 2248 5536 καὶ
2294 5479 2582 5548 τυγχάνειν
2638 5474 2881 5528 ἐπαίνων
2911 5489 2925 5503 ·
2963 5474 3023 5525 τὸ
3069 5474 3169 5542 μὲν
3202 5473 3289 5526 διὰ
3321 5472 3383 5523 τὸ
3413 5473 3525 5534 τοῖς
3555 5469 3730 5534 νόμοις

2161 5573 2420 5642 ἐμμένειν
2471 5569 2783 5639 βούλεσθαι,
2816 5567 2875 5620 τὸ
2904 5566 2961 5618 δὲ
3000 5565 3102 5634 τῆς
3129 5566 3259 5635 περὶ
3301 5565 3371 5615 τὰ
3412 5564 3549 5631 ἔργα
3578 5562 3728 5631 χάριν

2160 5665 2429 5733 σπουδῆςο
2476 5663 2551 5721 ὡς
2607 5661 2666 5712 τό
2717 5677 2781 5728 γε
2831 5658 2953 5710 καθ’
2981 5659 3242 5728 ὁπότερον
3294 5656 3504 5710 τούτων
3546 5651 3726 5709 ἐνδεῖν,

2159 5760 2251 5810 καὶ
2281 5757 2490 5808 ἀδικίαν
2523 5755 2832 5822 προτεῖναι,
2865 5751 2964 5802 οὐκ
3002 5750 3211 5818 ἀγαθὰς
3261 5749 3376 5802 οὐδ’
3417 5742 3729 5809 ἐπαινουμέ-

3086 5844 3340 5911 πίὰξεις.
3377 5840 3659 5907 Μάρτυρες
3687 5833 3726 5882 δ’

2367 5849 2376 5860 ο
2798 5846 2806 5857 ι
2829 5845 2852 5860 9-
2983 5846 2990 5856 ι

2157 5870 2248 5914 νοις
2283 5867 2450 5904 ῖίίῖλττῖ
2491 5862 2905 5917 παρασκευῑι.,ει
2939 5862 3032 5905 TI;

2429 5907 2452 5918 ..
