4018 6420
318 417 427 481 537

1227 413 1518 476 ORATIO
1562 412 1660 474 DE
1701 412 2219 488 SUBDITURUM
2261 412 2618 475 OFFICIIS.

3495 406 3604 475 538

318 540 527 613 ἀμφοῖν
567 538 842 609 Ἀθηναῖοι
872 536 932 589 ὲν
981 535 1061 607 τῷ
1108 535 1341 607 Μηδικῷ
1384 535 1628 608 πολέμῳ,
1660 535 1800 605 μετὰ
1827 536 1904 588 δι-

2013 530 2305 589 fortissime
2334 530 2632 605 pugnando
2662 526 3117 601 pmclarissimas
3156 536 3282 598 post
3305 524 3598 584 hominum

319 633 626 703 καιοσύνης
667 632 764 685 καὶ
792 629 1110 701 προθυμίας
1146 630 1467 701 ὑπερφυοῦς
1514 627 1783 685 κάλλιστα
1810 629 1909 682 ἀν·

320 726 560 799 θρὼπων
606 724 829 778 πάντων
872 723 1281 795 ἠγωνισμένοι,
1346 723 1439 776 καὶ
1485 723 1588 788 τὰς
1641 724 1910 795 μεγίστας

320 818 416 875 καὶ
473 816 803 885 θαυμαστὰς
848 815 959 869 τῶν
1000 816 1277 870 ἁπάντων
1323 815 1520 870 πασῶν
1552 818 1656 871 οὐκ
1688 818 1748 871 ἐν
1791 818 1908 879 τοῖς

319 910 638 980 ὗμπροσθεν
695 908 879 978 μόνον,
913 909 1052 964 ἀλλὰ
1094 910 1197 964 κάν
1239 912 1355 973 τοῖς
1399 909 1593 964 lustra
1651 908 1907 980 χρόνοις,

316 1001 620 1070 προσθήσω
650 999 707 1054 δὲ
732 1001 828 1055 καὶ
855 1001 948 1054 τὸν
977 1001 1175 1055 ἅπαντ’
1217 1001 1391 1056 αίῶνα
1424 1001 1583 1065 νίκας
1628 1002 1910 1076 ἀνῃρημέ-

315 1115 398 1151 νοι
419 1114 435 1129 ο
471 1095 630 1149 τοῦτο
655 1094 700 1148 δ’
726 1096 823 1149 ἐπὶ
844 1095 954 1148 τῶν
980 1095 1284 1151 Σικελικῶν
1307 1098 1375 1151 τὰ
1401 1096 1623 1151 πάντων
1647 1095 1908 1166 αἴσχιστα

319 1189 410 1244 διὰ
455 1192 554 1261 τὴν
595 1191 692 1244 τοῦ
744 1190 1185 1258 στρατηγοῦντος
1234 1190 1490 1256 νωθείαν,
1540 1191 1638 1246 καὶ
1682 1190 1908 1261 προσέτι

321 1283 470 1351 σφῶν
523 1282 705 1337 αὐτῶν
770 1281 1091 1348 πλεονεξίαν
1149 1283 1532 1353 ἠτυχηκότες’
1592 1282 1689 1337 καὶ
1747 1280 1908 1335 ταῦθ’

319 1374 462 1430 οὕτω
505 1375 750 1445 πλήθους
792 1375 889 1429 καὶ
943 1373 1216 1445 μεγέθους
1260 1374 1625 1447 παρασκευῆς
1660 1374 1905 1443 ἔχοντες,

319 1470 394 1532 ὡς
436 1469 527 1522 καὶ.
565 1470 665 1535 τῆς
712 1467 988 1539 Εὐρώπης
1033 1469 1255 1540 ἁπάσης
1284 1467 1540 1525 ἐντεῦθεν
1581 1468 1648 1523 ἂν
1683 1484 1909 1537 περιγε-

318 1562 505 1616 νέσθαι
537 1562 743 1616 δοκεῖν.
774 1562 840 1617 Ei
871 1562 1054 1616 τοίνυν
1081 1562 1118 1617 ἃ
1167 1562 1432 1633 πράττειν
1459 1562 1730 1633 αἱρεῖσθε,
1751 1563 1906 1617 ταῦθ’

315 1656 391 1718 ὡς
426 1653 690 1711 κάλλιστα
725 1652 873 1722 ἔχειν
902 1654 1173 1724 αἱρεῖσθε,
1206 1655 1302 1708 καὶ
1338 1654 1476 1724 πρὸς
1512 1654 1667 1725 ὑμῶν
1703 1655 1904 1723 μᾶλλον

315 1746 350 1815 ἢ
398 1746 520 1799 καθ’
565 1746 741 1815 ὑμῶν,
774 1743 857 1809 οἷς
900 1746 1041 1817 ἔφην
1071 1747 1216 1802 οὕτω
1255 1748 1544 1818 χρηστέον,
1570 1747 1647 1811 ὡς
1697 1749 1906 1817 ταύτην

316 1839 577 1893 ἑκάστοτε
604 1838 803 1904 σώζειν
833 1840 931 1911 τὴν
955 1841 1129 1908 τάξιν.
1172 1843 1232 1895 Ei
1267 1841 1368 1912 μὲν
1395 1842 1502 1912 γὰρ
1545 1844 1605 1895 ὲν
1641 1842 1745 1911 ἴσῳ
1789 1844 1903 1907 τοῖς

2012 647 2333 703 memoriam
2376 648 2638 703 victorias
2687 652 3080 716 reportatum;
3121 658 3302 715 quas,
3355 651 3418 698 ut
3463 642 3605 700 nihil

2009 766 2284 833 omittam,
2340 764 2647 822 foedissima
2705 763 2761 819 in
2815 761 3004 820 Sicilia
3059 761 3249 818 clades
3309 760 3382 817 ob
3435 759 3606 831 primi
3688 806 3691 807 ν

2011 888 2248 944 militum
2277 885 2436 942 ducis
2466 882 2743 957 ignaviam
2792 891 2851 938 et
2890 880 3140 952 ipsorum
3165 878 3339 935 malas
3382 876 3609 950 cupidi-

2012 1010 2151 1059 tates
2176 1011 2364 1058 secuta
2396 1009 2516 1067 est;
2554 998 2809 1069 quamvis
2856 1004 2992 1052 tunc
3023 994 3265 1051 maxime
3311 991 3605 1049 hominum

2009 1117 2366 1177 multitudine
2389 1125 2445 1171 et
2500 1114 2699 1186 opibus
2727 1082 2811 1167 ad
2835 1110 3043 1167 bellum
3081 1109 3383 1182 gerendum
3416 1123 3608 1164 neces-

2008 1237 2168 1300 sariis
2189 1247 2407 1290 omnem
2428 1231 2710 1300 Europam
2729 1225 2899 1283 armis
2927 1225 3225 1297 subjugare
3253 1237 3414 1294 posse
3450 1223 3607 1279 vide-
3676 1240 3689 1246 ·

2007 1316 2219 1407 rentur.
2263 1346 2645 1415 Quodcunque
2697 1341 2866 1412 igitur
2914 1339 3101 1395 facere
3147 1338 3306 1394 vobis
3350 1337 3607 1410 proposi-

2010 1479 2123 1523 tum
2153 1475 2258 1528 est,
2296 1465 2372 1519 ita
2418 1461 2582 1516 facite
2631 1467 2693 1515 ut
2725 1458 2907 1513 bonus
2955 1455 3081 1511 inde
3119 1454 3241 1510 finis
3295 1455 3609 1525 proveniat.

2008 1585 2064 1641 Si
2097 1583 2245 1638 enim
2279 1579 2581 1635 bestiarum
2608 1589 2762 1631 more
2782 1573 2992 1630 nullius
3011 1572 3091 1628 rei
3121 1587 3312 1628 curam
3337 1569 3611 1625 habentes

2007 1695 2182 1767 ignari
2234 1691 2555 1747 sederemus
2610 1685 2955 1757 temporique
3010 1683 3328 1741 indolenter
3382 1680 3611 1738 cedere-

2007 1825 2152 1874 mus,
2218 1806 2353 1861 nihil
2416 1818 2548 1861 sane
2597 1801 3010 1874 perﬁceremus.
3061 1796 3203 1854 Huic
3260 1797 3426 1869 igitur
3463 1795 3610 1860 malo

315 1933 531 1999 ἀλόγοις
580 1903 908 2001 γεγόναμεν,
930 1934 1007 1998 ὡς
1036 1903 1154 1989 *καὶ
1203 1903 1505 2006 φροντίδων
1544 1903 1900 2009 ἀπηλλάχθαι

2013 1921 2286 1980 remederi
2332 1934 2432 1974 nos
2459 1925 2676 1989 oportet
2696 1915 2789 1986 qui
2826 1914 2896 1969 de
2934 1912 3120 1968 .rcbus
3174 1904 3520 1967 deliberandi
3550 1920 3611 1966 et

315 2026 595 2093 καθάπαξ,
626 2030 722 2080 καὶ
763 2030 995 2097 μηδενὸς
1023 2029 1249 2083 ὁτουοῦν
1277 2029 1390 2082 τῶν
1427 2031 1689 2092 ἁπάντων
1717 2029 1905 2099 μέλειν

316 2119 466 2189 ὑμῖν,
504 2120 622 2173 ἀλλ’
654 2120 845 2185 ἁπλῶς
874 2122 1021 2176 οὓτω
1059 2122 1339 2193 καθῆσθαι
1382 2126 1498 2188 τοῖς
1543 2125 1903 2195 ἐπιτυχοῦσιν

313 2207 614 2279 χρώμενοι,
642 2210 744 2263 οὐκ
770 2210 838 2263 ἂν
871 2213 1093 2281 εἴχομεν
1125 2213 1430 2281 πράγματα
1451 2229 1465 2245 ο
1498 2212 1813 2285 ἀνθρώποις
1843 2215 1903 2267 δὲ

312 2303 436 2358 οῦσι
466 2305 561 2356 καὶ
580 2303 894 2372 λογίζεσθαι
923 2306 1214 2373 πεφυκόσι,
1241 2308 1339 2360 καὶ
1363 2308 1460 2360 τοῦ
1496 2306 1907 2370 λυσιτελοῦντος

313 2399 373 2461 ες
399 2400 486 2453 ἀεὶ
519 2398 780 2467 πρόνοιαν
815 2401 1012 2470 ῖσχειν,
1050 2400 1258 2454 τούτων
1298 2401 1428 2473 ὑμῖν
1457 2401 1567 2454 τῶν
1595 2402 1909 2474 φαρμάκων

315 2492 535 2558 πάντως
571 2493 657 2546 δεῖ
680 2509 693 2524 ο
728 2493 854 2547 ὅθεν
880 2493 983 2547 οὐκ
1023 2494 1091 2548 ἄν
1129 2512 1221 2564 μοι
1256 2495 1471 2549 δοκεῖτε
1505 2494 1603 2547 τοῦ
1630 2494 1907 2565 ποθουμέ-

317 2603 410 2639 νου
435 2587 780 2657 διαμαρτεῖν,
800 2586 918 2641 ἀλλ’
937 2585 1131 2641 ἔσεσθε
1163 2587 1266 2657 μὲν
1290 2590 1349 2652 ἐς
1374 2589 1464 2643 ἀεὶ
1485 2589 1904 2661 κατορθοῦντες.

320 2678 421 2734 Ἦν
438 2681 482 2736 δ’
506 2681 615 2752 ἄρα
637 2681 770 2734 ποτὲ
792 2681 862 2736 τὰ
891 2681 1182 2753 πράγμαθ’
1207 2684 1339 2751 ὑμῖν
1370 2682 1467 2735 καὶ
1487 2684 1640 2750 παρὰ
1668 2682 1729 2735 τὸ
1757 2681 1908 2747 εἰκὸς

316 2775 610 2846 ἀπαντήσῃ
649 2775 747 2830 καὶ
782 2775 892 2829 τῶν
919 2775 1156 2830 ἐλπίδων
1187 2777 1490 2847 ἐκπέσητε,
1523 2776 1685 2844 ὑμεῖς
1717 2775 1777 2830 δὲ
1808 2776 1909 2829 καὶ

316 2865 492 2930 οὕτως
537 2867 693 2920 οὐδὲν
722 2862 890 2939 ἦττον
942 2866 1136 2922 ἔσεσθε
1180 2867 1608 2938 κατορθοῦντες,
1642 2866 1722 2938 τῷ
1772 2867 1909 2920 κάλ-

314 2959 476 3014 λιστα
516 2963 617 3016 καὶ
655 2961 729 3024 ὼς
762 2962 935 3033 ἐχρῆν
980 2961 1110 3033 περὶ
1143 2961 1330 3015 αὐτῶν
1361 2960 1782 3031 βεϐουλεῦσθαι,
1812 2960 1907 3013 καὶ

318 3055 487 3127 μηδέν
509 3072 566 3108 τι
590 3056 702 3110 τῶν
718 3057 960 3111 είκύτων
987 3055 1366 3111 ἑλλελοτπέναι
1394 3057 1596 3113 δοκεῖν.

386 3147 494 3219 κβ’.
527 3150 593 3202 ’0
622 3148 682 3202 δέ
727 3165 795 3219 με
830 3142 1071 3220 πρόσθεν
1112 3148 1383 3216 διέλαθεν,
1423 3150 1521 3205 νῦν
1565 3150 1612 3204 δ’
1657 3144 1796 3222 ἧκεν
1826 3155 1911 3214 είς

2012 2035 2432 2096 commodorum
2462 2042 2778 2087 nostrorum
2808 2030 3080 2085 rationem
3114 2024 3342 2081 ineundi
3371 2023 3610 2081 faculta-

2015 2167 2124 2212 tem
2156 2156 2445 2217 habemus,
2478 2159 2536 2206 et
2558 2149 2612 2205 id
2652 2146 2802 2218 quod
2836 2144 3117 2202 tendimus
3143 2141 3523 2200 obtinehimus
3550 2147 3613 2196 et

2013 2287 2138 2333 cum
2172 2268 2414 2326 secunda
2447 2265 2669 2323 fortuna
2702 2262 2973 2318 vivemus.
2994 2258 3062 2329 .Si
3096 2264 3341 2315 econtra
3364 2246 3478 2311 'res
3496 2252 3609 2308 mi-

2012 2404 2120 2444 nus
2144 2386 2287 2442 bene
2313 2380 2615 2439 succedent
2634 2387 2692 2434 et
2712 2378 2760 2435 si
2792 2375 2943 2449 quod
2984 2372 3294 2447 sperabatis
3346 2386 3453 2425 non
3480 2382 3612 2425 eve-

2014 2501 2118 2566 nit,
2141 2512 2240 2554 vos
2262 2497 2337 2552 ob
2371 2494 2425 2551 id
2455 2509 2566 2550 non
2595 2492 2755 2553 vobis
2785 2488 3035 2554 deeritis,
3063 2494 3125 2543 et
3163 2484 3302 2541 nihil
3344 2482 3612 2539 omittetis

2015 2630 2117 2687 pro
2168 2614 2314 2670 virili
2352 2620 2511 2684 parte
2548 2608 2697 2682 quod
2727 2622 2820 2665 res
2850 2604 3181 2678 desperatae
3224 2601 3611 2670 redintegrare

2016 2735 2217 2797 valeat.

2028 3132 2035 3137 ’
2088 3147 2180 3207 2‘2".
2205 3118 2476 3221 Quod‘me
2512 3145 2692 3221 pridie
2717 3143 2955 3217 fugerat,
2988 3133 3101 3214 jam
3150 3138 3208 3194 in
3250 3142 3491 3192 mentem
3526 3143 3613 3186 re-

319 3242 564 3313 μνήμην,
594 3243 896 3309 ἀναγκαῖον
935 3240 995 3295 δὲ
1040 3245 1156 3305 τοῖς
1199 3244 1522 3314 εἰρημένοις
1546 3243 1902 3315 προσθεῖναι,

2019 3270 2205 3337 venit;
2237 3279 2433 3340 quare,
2470 3261 2616 3336 quod
2643 3258 2864 3334 publico
2892 3271 3018 3315 esse
3044 3251 3336 3312 commodo
3364 3247 3609 3313 videtur,

315 3337 414 3392 ἅτε
440 3332 675 3404 μάλιστα
704 3333 931 3388 πάντων
953 3332 1268 3404 ἀνθρώποις
1293 3335 1600 3405 προσῆκον,
1628 3333 1778 3388 τοῦτ’
1803 3336 1905 3407 ήδη

314 3429 475 3484 δώσω
513 3427 593 3498 τῷ
632 3427 781 3500 λόγῳ
806 3442 823 3459 ⁸
876 3429 1004 3499 ἐμοὶ
1041 3429 1153 3499 γὰρ
1197 3429 1333 3483 ἔνιοι
1366 3429 1477 3484 τῶν
1520 3429 1781 3500 πατέρων
1820 3430 1910 3482 δοο

314 3523 526 3585 κοῦσιν.
554 3519 638 3587 οἷς
667 3522 768 3593 μὲν
802 3521 1006 3593 μᾶλλον
1033 3523 1219 3577 αὐτῶν
1253 3523 1434 3590 φιλεῖν
1460 3523 1752 3591 νομίζουσι
1776 3522 1911 3586 τοὺς

314 3618 473 3681 utsic,
505 3618 601 3670 καὶ
653 3618 907 3691 στέργειν
964 3617 1109 3687 ὑπὲρ
1163 3618 1283 3680 τὰς.
1312 3616 1466 3686 σφῶν
1494 3617 1764 3684 κεφαλὰς,
1802 3634 1909 3668 παι

313 3713 492 3780 τέρων
511 3712 734 3780 ἀγαθῶν
761 3711 838 3775 ὡς
869 3711 1087 3781 ἀληθῶς
1119 3711 1283 3781 ¹ιξργον
1312 3712 1493 3766 ποιεῖν
1516 3727 1531 3744 ο
1572 3704 1658 3774 οἷς
1700 3710 1760 3763 δὶ
1799 3709 1908 3765 τῶν

321 3802 422 3873 μὲν
444 3801 624 3856 ἄλλων
649 3802 935 3865 ἁπάντων,
956 3794 1031 3854 ὧν
1065 3799 1108 3853 δ’
1150 3798 1337 3863 αὐτοῖς
1371 3798 1739 3869 μάλιστα-δεῖ,
1778 3799 1911 3854 τού-

315 3914 425 3949 των
457 3896 558 3949 οὑκ
591 3894 1014 3961 ἀξιοῦναύτοὺς
1041 3894 1249 3947 οἴονται
1275 3893 1408 3959 δεῖν,
1445 3893 1508 3945 οὐ
1535 3892 1698 3960 μόνον
1723 3893 1915 3948 αὐτῶν

317 3991 376 4053 ἐξ
410 3986 669 4058 ἡμισείας
715 3988 1048 4058 φροντίζειν,
1077 3987 1215 4041 ἀλλὰ
1253 3987 1388 4057 μηδὲ
1419 3984 1617 4056 φιλεῖν
1664 3986 1805 4051 ὅλως
1831 3987 1909 4052 ὡς

316 4081 399 4133 δεῖ
436 4081 634 4143 παῖδας
678 4080 879 4133 εἰδέναι
909 4079 1004 4133 τοῦ
1047 4081 1271 4134 πάντων
1303 4078 1570 4150 μεγίστου
1608 4080 1707 4133 καὶ
1743 4092 1911 4133 σπου-

318 4174 604 4229 δαιοτάτου
635 4173 735 4229 καὶ
763 4173 908 4227 κατὰ
937 4172 1101 4243 φύσιν
1146 4173 1468 4246 ἀνθρώποις
1501 4174 1744 4245 ἔχοντος,
1766 4176 1911 4228 ητούέ

320 4283 445 4331 τους
475 4264 948 4333 ἀποστεροῦντεςο
981 4266 1289 4336 χρημάτων
1333 4266 1436 4337 μὲν
1467 4267 1578 4337 γὰρ
1609 4265 1779 4334 ὄγκον
1808 4267 1910 4321 καὶ

318 4359 526 4430 πλῆθος
566 4360 866 4430 κτημάτων
917 4360 1015 4413 καὶ
1068 4359 1285 4431 πλέθρα
1329 4359 1437 4429 γῆς
1457 4360 1593 4415 τόσα
1634 4359 1733 4414 καὶ
1774 4360 1910 4414 τόσα

320 4450 418 4506 καὶ
444 4451 675 4523 προσιτι
699 4449 1063 4505 παντοδαπῶν
1088 4450 1460 4522 βοσκημάτων
1487 4450 1713 4519 ἀγέλας,
1736 4450 1910 4505 ταῦτα

322 4544 422 4615 μὲν
451 4544 600 4604 ὅπως
627 4543 787 4597 παισὶ
815 4542 1192 4607 καταλίποιεν,
1226 4543 1410 4597 πάντα
1435 4542 1686 4599 ποιοῦσιν
1711 4559 1728 4576 ο
1759 4544 1910 4609 ὅπως

2017 3383 2076 3439 in
2126 3380 2368 3437 medium
2417 3355 2716 3448 proferam.
2786 3370 2944 3428 Multi
2976 3377 3160 3441 patres
3212 3346 3425 3422 liberos
3474 3373 3612 3416 suos

2016 3458 2142 3570 plus
2169 3511 2337 3568 quam
2368 3508 2429 3551 se
2459 3493 2608 3563 ipsos
2622 3487 2859 3545 amando
2876 3494 3095 3557 patrum
3126 3456 3402 3539 bonorum
3430 3476 3612 3534 ofﬁcio

2017 3612 2336 3669 satisfacere
2373 3607 2478 3663 sibi
2515 3605 2793 3669 \identur,
2816 3601 3084 3673 neglectis
3102 3598 3316 3655 οωιετὶε
3343 3596 3458 3652 fere
3491 3610 3614 3650 om-

2016 3700 2182 3783 nibus
2213 3738 2353 3796 quos
2381 3735 2492 3793 prae
2513 3720 2709 3775 liberis
2731 3731 2917 3772 amare
2944 3714 3169 3779 volunt;
3194 3721 3437 3766 attamen
3472 3707 3612 3780 ipsis

2016 3839 2212 3896 liberis
2242 3839 2297 3893 in
2334 3833 2671 3908 gravissimis
2710 3831 2878 3890 rebus
2929 3840 3117 3885 curam
3153 3839 3317 3896 quam
3370 3821 3610 3877 maxime

2017 3930 2239 4033 oportet
2283 3922 2770 4022 nonimpendun't.
2796 3943 2944 4002 Nihil
2971 3922 3121 4001 enim
3146 3918 3476 3997 intentatum
3525 3951 3614 3993 rev

2015 4076 2279 4145 linquunt
2308 4079 2370 4126 ut
2393 4038 2515 4128 auri
2540 4067 2742 4140 grande
2780 4063 3019 4137 pondus,
3030 4073 3232 4135 greges
3252 4066 3310 4114 et
3324 4070 3485 4128 agros
3503 4054 3617 4151 ima

2018 4200 2239 4243 mensos
2264 4184 2410 4239 natis
2437 4183 2492 4237 in
2516 4182 2751 4237 articulo
2780 4177 2977 4235 mortis
3009 4173 3365 4252 tradant;de
3392 4168 3613 4227 summo
3678 4254 3681 4257 Ι

2017 4311 2201 4359 autem
2251 4299 2499 4369 ipsorum
2537 4296 2705 4362 bono,
2752 4294 2894 4357 bona
2937 4276 3285 4349 institutione
3334 4301 3392 4344 et
3441 4288 3614 4342 disci-

2017 4418 2164 4490 plina
2204 4412 2422 4472 liberali
2452 4420 2509 4466 et
2559 4408 2845 4482 praeceptis
2872 4421 3107 4478 quorum
3155 4404 3317 4460 venia
3359 4417 3477 4459 rem
3533 4402 3616 4458 fa-

2020 4500 2298 4586 miliarem
2349 4537 2551 4597 augere
2596 4537 2662 4578 ac
2693 4513 3028 4578 conservare
3085 4527 3331 4590 possent,
3383 4517 3614 4573 minime

318 4636 376 4690 δι
402 4635 499 4689 καὶ
536 4634 790 4698 παιδείας
840 4635 937 4689 καὶ
981 4634 1160 4704 λόγων
1199 4635 1541 4706 ἐργάσαιντο
1586 4636 1905 4705 κοινωνοὺς,

2013 4657 2231 4706 curant.
2296 4643 2436 4700 Item
2483 4655 2594 4697 non
2645 4643 2955 4695 monstrant
2989 4633 3268 4718 quomodo
3321 4631 3485 4689 amici
3554 4640 3616 4687 et

319 4727 418 4788 καί
455 4728 592 4798 πρὸς
626 4730 728 4799 τὴν
757 4728 992 4783 ἁπασῶν
1022 4728 1230 4799 ταύτην
1266 4728 1568 4800 καλλίστην
1598 4733 1692 4785 καὶ
1741 4747 1915 4786 σπου-

316 4822 611 4892 δαιοτάτην
654 4823 725 4876 τὰ
775 4820 994 4891 μέγιστ’
1038 4821 1229 4886 αὐτοῖς
1289 4821 1622 4892 συνάραιντο
1686 4823 1907 4894 κτῆσιν,

317 4913 387 4968 δι’
413 4908 480 4987 ἦς
516 4914 697 4970 πάντα
737 4914 838 4985 μὲν
883 4913 1060 4970 ταῦτα
1085 4914 1181 4968 καὶ
1226 4913 1426 4979 σώζειν
1472 4914 1570 4968 καὶ
1616 4915 1912 4983 συναύξειν

317 5007 532 5073 ἕξουσιν
568 5009 747 5075 ἐσαεὶ,
775 5007 935 5062 αὐτοὶ
980 5007 1037 5061 δὲ
1066 5007 1163 5062 καὶ
1196 5005 1353 5075 σφῶν
1386 5006 1571 5061 αὐτῶν
1609 5008 1708 5063 καὶ
1743 5007 1913 5063 πατέ-

322 5117 435 5171 ρων
459 5097 602 5154 εἶναι
629 5100 879 5170 βελτίους
899 5115 915 5132 ⁸
947 5101 1047 5156 καὶ
1079 5101 1269 5172 φίλους
1303 5103 1404 5175 μὶν
1434 5101 1689 5174 ὠφελεῖν,
1720 5098 1820 5163 τὰς
1855 5098 1917 5153 δὶη

318 5190 499 5245 αὐτῶν
524 5191 795 5257 πατρίδας
841 5193 900 5245 ἐν
950 5189 1030 5262 τῷ
1063 5194 1408 5263 παρασχόντι
1448 5194 1625 5247 ποιεῖν
1655 5189 1716 5245 εῦ
1737 5206 1754 5221 ο
1786 5190 1914 5244 τού-

314 5302 429 5338 των
464 5282 807 5339 οὐδοντινοῦν
847 5284 911 5340 τὸ
956 5286 1225 5357 παράπαν
1266 5286 1485 5361 ἴσχουσι
1516 5286 1694 5355 λόγον,
1719 5279 1764 5354 ᾧ
1810 5285 1914 5352 μά-

316 5375 477 5430 λιστα
509 5375 728 5431 πάντων
770 5374 929 5442 λόγον
977 5376 1127 5447 ἔχειν
1177 5379 1367 5449 ἐχρῆν.
1410 5377 1611 5432 Καίτοι
1638 5380 1667 5430 ό
1695 5379 1796 5446 μὲν
1820 5377 1911 5429 λό-

315 5485 452 5538 γους
501 5467 659 5532 εἱδὼς
706 5470 938 5523 κάκεῖνα
989 5471 1404 5540 προσκτήσεται
1449 5470 1625 5540 δήπου
1652 5485 1665 5499 ⁸
1709 5468 1914 5541 καὶμὴ

319 5562 668 5633 κτησάμενος
714 5562 935 5632 μέντοι,
984 5563 1253 5630 γενναίως
1300 5562 1361 5617 εὖ
1420 5563 1570 5634 μάλα
1615 5563 1712 5617 καὶ
1771 5567 1914 5632 μετὰ

320 5660 675 5726 φρονήματος
703 5658 795 5711 τὸν
826 5655 1046 5710 ἅπαντα
1084 5656 1331 5718 διὰξεται
1373 5656 1569 5726 χρόνον
1591 5674 1605 5689 θ
1632 5660 1659 5710 ὀ
1698 5656 1755 5709 δὲ
1785 5659 1912 5721 τοῦτ

316 5767 431 5803 των
461 5748 813 5818 ἀφεστηκὼς,
847 5749 948 5805 κᾶν
987 5749 1200 5820 εὐπορῇ
1236 5750 1346 5803 τῶν
1377 5749 1542 5803 Μίδου
1580 5750 1910 5820 χρημάτων,

319 5844 665 5911 θαυμάσαιμ’
693 5844 763 5897 ἂν
785 5847 834 5896 εἰ
862 5847 999 5912 μετὰ
1022 5842 1115 5895 τοῦ
1143 5844 1485 5911 τεταγμένου
1513 5845 1608 5896 καὶ
1634 5844 1912 5913 σώφρονος

319 5938 407 5990 διὰ
428 5938 615 6000 τέλους
633 5937 797 6009 pugn],
823 5937 960 5992 ἀλλὰ
982 5939 1064 6008 μὴ
1087 5936 1227 6006 πρὸς
1246 5936 1685 6006 ἀνδραποδώδεις
1716 5937 1912 6003 ἡδονὰς

2013 4764 2164 4822 cives
2191 4756 2487 4830 adiuvandi
2522 4755 2654 4812 sint.
2687 4755 2946 4809 Attamen
2985 4752 3078 4821 qui
3132 4748 3332 4805 litteris
3366 4738 3617 4805 imhutus

2011 4886 2141 4955 est,
2186 4875 2420 4932 fortuna:
2447 4870 2809 4933 nihilominus
2859 4867 3200 4940 prospicere,
3247 4859 3314 4921 et.
3362 4862 3616 4955 quamvis

2012 5007 2222 5067 pauper
2250 4992 2343 5057 sit,
2379 4989 2670 5045 honestam
2702 4985 3009 5058 transigere
3040 4983 3209 5039 vitam
3256 4981 3479 5054 poterit.
3505 4978 3612 5047 Qui

2012 5109 2161 5166 enim
2208 5107 2415 5162 virtute
2466 5114 2639 5166 caret.
2671 5102 2801 5160 licet
2863 5101 3020 5158 Midae
3056 5113 3254 5158 aurum
3305 5091 3610 5169 possideat,

2014 5226 2203 5283 nescio
2250 5240 2320 5281 an
2350 5222 2583 5280 honeste
2615 5221 2788 5287 vivat,
2829 5221 2944 5277 imo
2983 5218 3041 5274 in
3085 5214 3300 5274 servilis
3327 5215 3455 5271 vitae
3494 5222 3614 5269 tur-

2014 5338 2324 5410 pitudincm
2349 5332 2674 5397 descendat,
2700 5331 2910 5405 quippe
2929 5331 3025 5403 qui
3049 5326 3356 5386 secundum
3378 5324 3611 5411 rationis

2017 5463 2289 5527 praecepta
2315 5453 2503 5510 vivere
2534 5465 2645 5507 non
2679 5447 2896 5505 didicit.
