4018 6414
480 389 588 453 539

533 680 628 737 25.
659 681 1000 754 Pauperibus
1038 684 1166 741 dein
1203 697 1258 742 et
1288 687 1553 746 divitibus
1599 702 1792 748 auctor
1820 711 1942 750 sum
1995 713 2066 753 ne

465 795 608 850 ﬁlios
643 795 698 850 in
737 799 1056 868 artealiqua
1088 799 1445 856 instrnendos
1481 804 1698 862 tradant
1741 808 2063 878 priusquam

464 923 494 959 a
530 917 716 962 tenera
751 918 908 964 artate
953 909 1194 967 Litteras
1222 929 1411 969 sacras
1433 917 1728 973 didicerint
1759 930 1816 976 et
1841 923 1921 977 sic
1943 926 2064 978 ani-

466 1032 617 1071 mum
644 1021 1006 1089 spiritualiter
1037 1026 1391 1082 nutriverint.
1443 1028 1533 1084 Sic
1567 1031 1713 1085 enim
1771 1031 1927 1088 bona:
1978 1035 2062 1089 in-

462 1133 603 1186 dolis
641 1133 908 1188 beneficio
935 1137 1076 1192 bene
1107 1137 1175 1191 de
1209 1139 1277 1194 iis
1307 1156 1530 1210 sperare
1565 1154 1825 1212 poterunt
1862 1163 2059 1216 paren-

464 1252 567 1305 tes,
586 1243 883 1299 dummodo
909 1247 1009 1314 ipsi
1039 1262 1406 1319 coeperentur
1424 1255 1568 1309 idem
1594 1257 1749 1325 quasi
1776 1267 2055 1314 certamen

465 1354 720 1411 ineuntes
767 1366 826 1412 ut
859 1360 1021 1413 linem
1056 1361 1391 1418 laudabilem
1414 1366 1822 1437 attingant;sin
1850 1371 2054 1436 minus,

462 1461 658 1518 saltem
693 1465 746 1518 in
776 1466 972 1523 litteris
1005 1478 1060 1523 et
1100 1472 1314 1528 artibus
1363 1473 1636 1531 elementa
1685 1477 2055 1548 degustarint,

461 1571 604 1629 bene
633 1579 878 1644 persuasi
909 1581 1057 1650 quod
1088 1584 1279 1640 istbznc
1303 1585 1368 1639 ad
1400 1587 1540 1643 bene
1567 1589 1858 1646 vivendum
1886 1595 2057 1664 pluri-

461 1701 612 1740 mum
646 1691 1044 1759 contribuunt,
1088 1699 1392 1766 praesertim
1435 1700 1530 1756 ubi
1574 1702 1882 1760 litterarum
1937 1718 2056 1762 stu.

461 1795 612 1850 dium
662 1800 874 1856 artibus
929 1806 1257 1862 associatur.
1321 1807 1412 1864 Sic
1463 1810 1835 1872 Athenienses
1903 1818 2045 1872 lllios

1715 402 2120 466 TllEODULI
2165 407 2514 474 MONACHI

2086 527 2480 599 Αάποκλίνα;,
2550 533 2759 605 ὑπέρου
2819 537 3157 610 γυμνότερος
3215 539 3275 594 ἐν
3334 540 3524 613 βραχεῖ
3572 561 3729 602 κατα-

2260 222 2284 246 \

3644 427 3737 493 540

2174 623 2360 693 σταίη,
2406 627 2480 695 μὴ
2524 626 2684 696 λόγον
2721 629 2893 700 ἴσχων
2929 635 3333 704 σωφρονιστήν.

2247 717 2354 785 κγ’.
2393 719 2561 773 Ταῦτ’
2587 720 2697 792 ἄρα
2727 727 2823 779 καὶ
2851 725 3052 794 πένησι
3085 727 3180 780 καὶ
3225 727 3505 792 πλουσίοις
3541 731 3733 785 κελεύω

2171 815 2246 884 μὴ
2281 814 2547 884 πρότερον
2593 817 2674 877 είς
2716 817 2917 888 τέχνας
2963 819 3026 890 δή
3064 835 3215 882 τινας
3246 822 3374 883 τοὺς
3406 823 3538 885 υἱεῖς
3569 839 3734 894 παρα-

2165 909 2434 975 πέμπειν,
2465 907 2595 975 πρὶν
2627 907 2693 960 ἂν
2725 910 2926 973 αὐτοὺς
2958 910 3123 981 ἄχρις
3155 913 3322 983 ἥϐης,
3350 914 3381 982 ἢ
3414 915 3504 967 καὶ
3547 917 3731 986 μικρὸν

2167 1003 2276 1065 πρὸ
2315 1000 2418 1068 τῆς
2466 1001 2627 1070 ἥϐης,
2659 1004 2990 1071 γράμμασιν
3033 1005 3197 1075 ίεροῖς
3255 1006 3619 1072 ἑκπαιδεὺειν,
3649 1012 3736 1064 καὶ

2165 1091 2307 1145 οῦτω
2341 1093 2440 1164 τὴν
2489 1096 2640 1163 σφῶν
2685 1096 2865 1166 ψυχὴν
2916 1098 3349 1168 καταρτίζοντας
3399 1101 3494 1153 καὶ
3541 1119 3735 1170 προκα-

2165 1185 2484 1250 θιστάντας,
2534 1187 2630 1240 ἐὰν
2691 1187 2791 1257 μὲν
2848 1188 2910 1242 εῦ
2955 1190 3119 1258 ἔχωσι
3168 1192 3408 1260 φύσεως,
3467 1195 3559 1246 καὶ
3611 1195 3735 1250 θαυ-

2166 1279 2383 1350 μαστάς
2407 1296 2559 1342 τινας
2587 1280 2840 1334 ἐντεῦθεν
2897 1281 3226 1337 ὑποτείνωσι
3275 1286 3375 1349 τὰς
3411 1287 3649 1350 ἐλπίδας,
3680 1290 3734 1342 οὗ

2165 1371 2327 1437 μόνον
2356 1371 2554 1434 αὐτοὺς
2588 1372 2682 1442 ὲᾷν
2704 1369 2914 1442 ταύτην
2941 1375 3020 1436 είς
3047 1374 3204 1436 τέλος
3228 1375 3426 1440 σώζειν
3449 1377 3545 1448 τὴν
3570 1379 3734 1445 τάξιν,

2160 1464 2295 1517 ἀλλὰ
2343 1465 2436 1517 καὶ
2483 1466 2586 1527 ἓως
2634 1464 2814 1530 ἔξεστι
2849 1466 3146 1536 ξυμπονεῖν
3200 1470 3296 1522 καὶ
3348 1470 3733 1541 ξυμπράττειν,

2159 1561 2253 1607 καὶ
2283 1556 2440 1609 πάντ’
2489 1557 2673 1619 αὐτοῖς
2725 1559 3196 1626 συναγωνίζεσθαι
3237 1563 3444 1630 τρόπον
3471 1579 3486 1593 ο
3516 1565 3590 1626 ὡς
3623 1563 3736 1632 μέγ’

2159 1646 2362 1714 ἀγαθὸν
2408 1649 2688 1717 ἐσομένοις
2735 1649 2813 1719 τῷ
2861 1651 2960 1719 βίῳ
3017 1651 3240 1720 φύσεώς
3279 1671 3338 1705 τε
3408 1653 3600 1725 ῥώμης
3649 1657 3737 1708 καί⁵

2159 1741 2420 1808 σπουδῆς,
2441 1743 2550 1800 ,καὶ
2589 1739 2665 1795 ὧν
2722 1743 2869 1806 sua;
2922 1744 3334 1798 συνελθόντων·
3389 1749 3487 1800 ἐὰν
3535 1748 3590 1800 δὲ
3643 1748 3733 1818 μὴ,

2155 1834 2264 1886 τότ’
2295 1835 2394 1906 ἤδη
2441 1837 2537 1889 καὶ
2565 1836 2628 1889 τὸ
2672 1836 2784 1889 τῶν
2813 1838 3022 1908 τεχνῶν
3055 1840 3113 1893 ὲν
3159 1839 3361 1910 καιρῷ,
3404 1841 3479 1904 ὡς
3510 1841 3574 1895 ἂν
3605 1843 3722 1895 ἑκα-

460 1909 598 1963 mari
633 1915 1043 1984 assuescebant,
1092 1930 1150 1974 ut
1205 1923 1344 1978 artis
1399 1927 1672 1981 maritinze
1733 1933 2050 1998 peritissimi

2157 1929 2394 1996 τέρωθεν
2441 1929 2534 1982 τοῦ
2587 1947 2648 1982 τε
2687 1930 2833 1999 λόγῳ
2889 1934 2984 1984 καὶ
3033 1932 3258 2003 παιδείᾳ
3307 1934 3734 2003 στοιχειωθῆναιν

458 2023 672 2077 ﬂerent.
691 2025 800 2080 Nos
818 2029 1094 2099 praecipue
1118 2048 1251 2089 vero
1280 2036 1374 2105 qui
1397 2037 1604 2093 Christi
1629 2042 1826 2098 fratres
1859 2060 2052 2102 sumus

458 2138 518 2186 et
549 2135 642 2204 qui
675 2140 996 2206 praeclarum
1029 2158 1093 2198 ac
1140 2146 1453 2203 mirandum
1473 2165 1675 2206 nomen
1696 2152 2048 2211 Christiano-

460 2261 588 2301 rum
621 2265 1028 2321 nuneupamus,
1075 2273 1182 2312 non
1213 2270 1424 2317 tantum
1458 2263 1648 2320 istbaac
1681 2277 1808 2323 ante
1868 2271 2051 2326 omnia

367 2377 371 2381 ·
457 2360 640 2418 facere
661 2374 717 2419 et
748 2366 887 2422 filios
909 2380 1129 2427 nostros
1161 2390 1480 2433 assuescere
1525 2379 1814 2451 debemus,
1852 2384 1951 2438 sed
1981 2394 2042 2440 ut

460 2477 680 2534 initium
706 2491 761 2536 et
814 2483 976 2539 finem
1006 2490 1396 2556 operationum
1439 2503 1752 2552 nostrarum
1806 2499 2032 2555 intueri.

463 2593 558 2648 Sic
586 2595 733 2650 enim
770 2599 1115 2666 potissimum
1165 2620 1563 2676 cognoscemus
1591 2613 1685 2682 qui
1718 2613 1893 2670 simus
1923 2633 1938 2682 ;
1970 2617 2052 2672 sic

459 2713 723 2768 virtutem
774 2718 1167 2786 amplertemur
1211 2733 1267 2777 et
1319 2725 1702 2783 exercebimus
1748 2729 2053 2786 secundum

460 2825 664 2880 excelsi
692 2827 938 2886 doctoris
979 2834 1320 2890 mandatum.
1354 2835 1461 2901 Qui
1511 2838 1680 2902 enim,
1718 2848 1777 2894 ut
1822 2841 2052 2918 debent,

461 2941 676 2996 artibus
703 2942 1015 3002 ediscendis
1053 2963 1278 3018 operam
1320 2961 1526 3005 navant
1560 2962 1617 3008 et
1659 2953 1893 3010 feliciter
1924 2973 2054 3027 pro-

459 3055 806 3126 grediuntur,
874 3058 940 3113 iis
966 3063 1153 3114 datum
1201 3071 1286 3116 est
1317 3063 1384 3116 ad
1434 3077 1713 3119 summum
1768 3065 2051 3138 fastigium

460 3168 763 3224 ascendere
793 3179 848 3226 et
877 3174 1092 3228 caeteris
1121 3175 1381 3230 omnibus
1409 3175 1598 3246 gloria:
1631 3179 1870 3248 palmam
1905 3196 2051 3249 pra:-

459 3284 664 3354 ripere.
691 3285 831 3353 Quia
870 3287 1018 3342 enim
1070 3289 1125 3343 in
1159 3289 1318 3345 libris
1343 3290 1632 3347 historiam
1679 3305 2058 3365 cognoverunt
2085 3279 2129 3340 (ἶ

459 3392 530 3448 de
583 3401 891 3465 temporum
955 3406 1011 3452 et
1061 3399 1309 3454 locorum
1362 3405 1775 3472 opportunitate
1829 3408 2054 3477 quando

456 3508 601 3563 bella
647 3517 776 3564 sunt
829 3511 1066 3582 gerenda
1113 3525 1458 3585 cognoscunt
1513 3520 1829 3590 optimeque
1870 3523 2053 3577 sciunt

459 3633 651 3677 contra
683 3640 821 3694 quos
869 3626 1275 3696 dimicandum,
1301 3641 1356 3686 et
1385 3643 1576 3688 contra
1610 3650 1750 3704 quos
1799 3653 1909 3690 non
1945 3647 2048 3701 est,

456 3748 514 3792 et
547 3739 694 3808 quod
735 3739 990 3797 faciendo
1025 3755 1120 3798 aut
1152 3745 1390 3800 victores
1436 3755 1534 3801 aut
1564 3747 1692 3802 victi
1715 3758 1902 3803 erunt.
1943 3751 2048 3816 Qui

459 3869 666 3918 autem,
709 3857 892 3913 minus
922 3845 1064 3914 bene
1091 3860 1356 3926 instituti,
1399 3862 1476 3917 nil
1511 3863 1616 3918 nisi
1658 3880 1808 3918 arma
1845 3865 2050 3928 Sciunt,

459 3971 498 4024 ii
525 3970 763 4024 ferarum
788 3971 951 4024 modo
979 3971 1033 4025 in
1057 3973 1553 4031 deliberationibus
1582 3985 1638 4031 et
1665 3977 1720 4030 in
1755 3977 2053 4046 pugnando

459 4101 615 4154 mque
639 4084 1051 4156 prmeipitanler
1079 4097 1265 4157 agunt,
1291 4098 1347 4142 et
1377 4098 1557 4144 tamen
1590 4091 1791 4158 saepius
1817 4090 2053 4144 victores

461 4200 752 4265 recedunt,
796 4201 851 4256 in
889 4215 1022 4269 pace
1058 4201 1244 4257 rudes.
1275 4203 1579 4274 Eurydices
1601 4206 1912 4274 exemplum
1950 4205 2054 4258 ini-

461 4314 718 4379 randum,
749 4313 859 4369 imo
889 4314 1214 4370 imitandum
1244 4317 1507 4386 reperias,
1540 4332 1664 4387 qtne
1697 4333 1820 4371 cum
1846 4317 2053 4372 liberos

457 4449 591 4490 suos
636 4434 835 4488 mirum
909 4433 964 4488 in
1020 4435 1243 4488 modum
1296 4441 1547 4496 amaret,
1610 4432 2054 4502 sapientiamque

456 4563 650 4600 eorum
701 4547 899 4603 animis
956 4548 1246 4603 infundere
1281 4557 1532 4618 cuperet,
1566 4549 1828 4617 magistro
1867 4558 2053 4603 amoto

457 4659 575 4727 ipsa
605 4659 737 4730 ipsis
779 4659 1041 4730 magistra
1075 4676 1197 4716 esse
1259 4660 1455 4723 voluit,
1486 4661 1634 4730 quod
1673 4676 1796 4714 cum
1845 4676 1942 4731 per
1969 4661 2052 4716 fe-

457 4772 664 4827 minam
698 4775 962 4846 illyricam
1019 4773 1426 4844 barbaramque
1465 4773 1651 4842 perlici
1684 4788 1791 4827 non
1844 4787 2050 4843 posset,

460 4899 568 4937 una
602 4899 725 4938 cum
757 4887 898 4938 natis
926 4883 1309 4941 adolescentiae
1337 4886 1517 4940 studia
1551 4887 1871 4954 renovavit;
1904 4889 2051 4958 quod

460 4996 684 5065 quidem
713 4995 851 5052 adeo
881 4996 1020 5052 bene
1059 4999 1248 5064 cessit,
1282 5009 1341 5052 ut
1403 4999 1577 5054 musis
1611 5000 1778 5054 hocce
1824 5016 2052 5056 carmen

462 5107 728 5163 obtulerit
760 5121 819 5165 ut
842 5121 897 5166 et
928 5126 1030 5181 pro
1054 5127 1111 5166 se
1142 5112 1258 5182 ipsa
1293 5113 1498 5183 gratias
1525 5125 1711 5184 ageret
1739 5123 1795 5170 et
1819 5127 2050 5173 caeteros

466 5232 720 5278 moneret
753 5232 813 5279 ut
854 5238 1068 5279 summo
1091 5241 1217 5280 cum
1268 5225 1467 5283 ardore
1495 5229 1798 5284 liberorum
1845 5232 2051 5286 educa-

466 5338 604 5394 tioni
645 5339 1050 5396 incumberent.
1082 5341 1182 5396 Est
1216 5351 1402 5397 autem
1440 5342 1826 5415 hujuscemodi
1854 5362 1869 5398 :

2159 2015 2250 2068 τοῦ
2281 2033 2337 2068 τε
2370 2017 2436 2070 τὰ
2467 2019 2602 2088 πρὸς
2631 2018 2846 2073 δίαιταν
2871 2015 2928 2074 εὖ
2969 2021 3116 2090 μάλα
3141 2021 3330 2090 σφίσιν
3355 2026 3546 2087 αὐτοῖς
3583 2027 3737 2077 ἐκπο-

2162 2109 2334 2178 ρίζειν
2385 2110 2611 2176 εἰδέναι,
2641 2111 2909 2166 κάλλιστα
2951 2115 3046 2167 καὶ
3076 2114 3152 2178 ὼς
3187 2116 3356 2186 ἐχρῆν
3412 2118 3646 2187 χρῶνται
3669 2116 3739 2187 τῷ

2162 2201 2264 2270 βίῳ
2291 2217 2304 2231 ·
2339 2205 2434 2255 καὶ
2467 2204 2691 2272 μάλισθ’
2736 2207 2867 2260 ὅταν
2914 2211 3050 2274 μετὰ
3078 2207 3178 2276 τὴν
3211 2208 3320 2260 τῶν
3346 2210 3558 2278 τεχνῶν
3588 2210 3738 2277 ἀσχο-

2160 2295 2282 2347 λίαν
2327 2298 2727 2368 ἑνασχολῶνται
2784 2301 3033 2370 βιϐλίοις.
3090 2301 3284 2355 Καίτοι
3335 2305 3388 2356 εὶ
3427 2304 3573 2366 ὅπως
3615 2303 3741 2370 κρά-

2159 2391 2336 2442 τιστοί
2368 2407 2532 2454 τινες
2562 2387 2674 2445 εἷεν
2715 2392 2993 2461 Ἀθηναῖοι
3049 2393 3119 2446 τὰ
3174 2397 3436 2462 ναυτικὰ,
3466 2397 3615 2447 πλεῖν
3643 2393 3742 2463 πρὸ

2160 2480 2271 2534 τῶν
2316 2482 2494 2536 ἄλλων
2545 2484 2671 2547 τοὺς
2729 2486 2927 2550 παῖδας
2964 2487 3280 2552 ἐδίδασκον,
3331 2489 3437 2541 καὶ
3484 2487 3741 2543 θάλατταν

2162 2575 2456 2643 προοίμιον
2489 2577 2766 2630 ποιεῖσθαι
2794 2577 2891 2630 τοῦ
2919 2578 3038 2646 βίου
3071 2593 3085 2608 ⁶
3139 2576 3174 2650 ἦ
3212 2579 3307 2633 τοῦ
3338 2599 3412 2650 γε
3446 2581 3580 2635 πολὺ
3615 2581 3742 2650 μᾶλ-

2160 2665 2253 2719 λον
2283 2669 2444 2736 ἡμεῖς
2495 2669 2545 2720 οι
2590 2669 2687 2722 τοῦ
2721 2670 2965 2738 Χριστοῦ
3007 2675 3281 2742 κοινωνοὶ,
3315 2675 3418 2727 καὶ
3465 2674 3560 2745 τὴν
3601 2672 3744 2743 μεγί-

2162 2775 2295 2829 στην
2321 2763 2416 2814 καὶ
2447 2761 2777 2833 θαυμαστὴν
2812 2765 3020 2834 ταύτην
3049 2765 3217 2818 αὑτοῦ
3244 2767 3563 2838 πρόσρησιν
3597 2783 3743 2836 περι-

2161 2853 2430 2922 κείμενοι,
2458 2856 2758 2925 ὑφείλομεν
2806 2857 2903 2909 καὶ
2954 2857 3155 2911 δίκαιοι
3191 2859 3428 2924 πάντως
3461 2860 3643 2930 ἐσμὲν,
3675 2858 3742 2928 μὴ

2164 2946 2326 3012 μόνον
2362 2948 2799 3017 προύργιαίτερα
2843 2949 3116 3003 ποιεῖσθαι
3147 2951 3218 3004 τὰ
3264 2951 3486 3016 τούτου,
3516 2953 3604 3004 καὶ
3635 2953 3738 3011 τοῖς

2164 3038 2321 3088 παισὶ
2361 3038 2469 3105 πρὸ
2499 3038 2608 3090 τῶν
2639 3039 2818 3092 ἄλλων
2869 3038 3024 3093 ταῦτ’
3072 3043 3446 3110 εἰσηγεῖσθαι,
3477 3043 3611 3096 ἀλλὰ
3648 3043 3735 3094 καὶ

2163 3126 2360 3197 πρῶτα
2384 3128 2494 3181 τῶν
2519 3129 2696 3182 ἄλλων
2723 3130 3003 3193 ἁπάντων,
3033 3135 3130 3185 καὶ
3163 3136 3304 3202 μέσα
3335 3136 3433 3188 καὶ
3464 3135 3734 3187 τελευταῖα

2162 3220 2336 3273 ταῦτα
2391 3220 2712 3274 ποιεῖσθαι·
2768 3226 2825 3276 ἐν
2886 3225 3064 3294 τούτῳ
3113 3226 3221 3295 γὰρ
3258 3226 3380 3279 ἔστι
3432 3226 3525 3280 καὶ
3571 3227 3627 3279 τὸ
3660 3245 3735 3294 γι-

2160 3314 2389 3371 νώσκειν
2435 3317 2701 3388 ἀκριϐῶς,
2756 3319 2896 3388 ὅπερ
2919 3320 3112 3387 ἐσμὲν,
3145 3321 3240 3372 καὶ
3275 3322 3419 3391 πρὸς
3458 3323 3652 3392 ἀρετὴν
3679 3320 3732 3374 εὖ

2157 3405 2484 3470 διακεῖσθαι,
2518 3407 2614 3458 καὶ
2643 3407 2852 3476 ταύτης
2892 3408 3113 3477 μάλιστ’
3149 3411 3556 3464 ἀντιποιεῖσθαι
3600 3410 3731 3463 κατὰ

2156 3501 2217 3552 τὸ
2258 3499 2467 3551 ἐκείνου
2514 3499 2736 3552 κελεῦον
2761 3516 2774 3528 ·
2824 3502 2949 3554 ἐπεὶ
2991 3502 3086 3553 καὶ
3127 3504 3246 3564 τοῖς
3284 3503 3356 3555 τὰ
3384 3504 3616 3556 τακτικὰ
3643 3518 3732 3570 με·

2156 3587 2386 3653 τιοῦσιν,
2417 3584 2499 3651 οἷς
2554 3591 2652 3660 μὲν
2679 3591 2965 3661 ἀπῆρχθαι
2995 3591 3205 3646 τούτων
3258 3595 3445 3648 αὐτῶν
3495 3593 3731 3647 ἐντεῦθεν

2157 3681 2628 3751 ὑπῆρξε,τοῦτοις
2686 3685 2785 3752 μὲν
2834 3685 3083 3753 ἀρίστοις
3141 3681 3284 3740 εἶναι
3344 3689 3591 3756 περίεστι
3647 3688 3732 3738 καὶ

2157 3778 2382 3844 κρατεῖν
2439 3776 2764 3846 ἑκασταχοῦ.
2800 3777 2880 3829 Δι’
2924 3771 2998 3832 ὧν
3046 3779 3155 3847 γὰρ
3200 3779 3467 3833 ἑκάστοτε
3516 3779 3731 3849 βιϐλίοις

2156 3869 2249 3921 καὶ
2281 3870 2522 3936 γραφαῖς
2559 3869 2865 3938 ὁμιλοῦσιν,
2906 3870 3053 3923 ἴσασι
3088 3871 3226 3923 πάνυ
3269 3873 3503 3942 καιροὺς
3534 3875 3625 3925 καὶ
3653 3872 3732 3922 τό·

2156 3977 2292 4022 πους
2351 3961 2610 4029 πολέμου,
2647 3961 2743 4015 καὶ
2787 3963 2897 4016 τίσι
2950 3964 3032 4017 δεῖ
3081 3965 3464 4034 μεμαχῆσθαι,
3499 3965 3591 4018 καὶ
3629 3963 3731 4015 τίσι

2158 4055 2254 4123 μὴ.
2285 4055 2380 4107 καὶ
2406 4053 2481 4116 ὼς
2515 4055 2584 4107 τὰ
2612 4058 2707 4107 καὶ
2741 4056 2811 4109 τὰ
2845 4055 3153 4120 ποιοῦντες,
3195 4057 3292 4110 νῦν
3324 4059 3429 4127 μὲν
3459 4058 3732 4125 περιέσον-

2153 4165 2265 4210 ται,
2291 4146 2386 4199 νῦν
2418 4147 2461 4200 δ’
2489 4149 2817 4217 ήτςήσονται
2839 4165 2852 4179 °
2884 4149 3009 4213 τοὺς
3036 4151 3092 4202 δὲ
3126 4149 3202 4221 μὴ
3243 4153 3426 4225 ταύτῃ
3466 4147 3728 4218 διακειμέ-

2153 4255 2299 4301 νους,
2334 4239 2428 4291 καὶ
2475 4239 2638 4292 πλέον
2697 4239 2852 4294 οὐδὲν
2916 4241 3102 4294 ὃπλων
3157 4243 3394 4308 εἰδότας,
3437 4243 3552 4298 ἀλλ’
3596 4240 3730 4308 ἀμφὶ

2153 4329 2307 4382 ταῦτ’
2338 4329 2562 4398 ἔχοντας
2591 4332 2774 4399 μόνον,
2809 4331 2940 4395 ίδοις
2976 4331 3043 4385 ἂν
3075 4333 3258 4404 ἀλόγῳ
3292 4337 3491 4405 θράσει
3527 4333 3733 4406 χρωμέ-

2154 4436 2278 4483 νους
2321 4421 2415 4472 καὶ
2450 4421 2573 4490 περῖ
2628 4420 2826 4490 βουλάς
2882 4439 2942 4475 τε
2977 4424 3071 4476 καὶ
3107 4424 3339 4494 πράξεις
3391 4425 3487 4480 τοῦ
3535 4425 3732 4484 δέοντος

2156 4516 2554 4588 ὑστεροῦντας“
2608 4517 2668 4583 ἐξ
2711 4511 2788 4571 ὧν
2831 4517 2910 4582 ὡς
2959 4522 3031 4574 τὰ
3064 4520 3238 4574 πολλὰ
3281 4521 3611 4588 σφάλλεσθαι
3645 4518 3732 4570 καὶ

2089 4628 2132 4683 ι)
2159 4607 2414 4661 νικᾶσθαι
2464 4609 2754 4676 ξυμϐαίνει
2781 4625 2794 4640 ⁶
2830 4613 2878 4664 εί
2912 4612 2969 4665 δὲ
3007 4613 3101 4665 καὶ
3149 4614 3455 4682 κατορθοῦν
3504 4613 3727 4683 ἔχουσιν,

2157 4701 2292 4754 ἀλλὰ
2339 4700 2526 4768 μεῖζον
2571 4701 2637 4754 ἂν
2683 4698 2753 4774 ἦν
2799 4704 2987 4768 αὐτοῖς
3023 4707 3565 4776 παρεσκευασμένοις
3595 4703 3731 4759 ἑκεί-

2155 4795 2382 4857 νως.Τὸ
2430 4797 2487 4850 δὲ
2545 4798 2643 4866 τῆς
2686 4798 2994 4869 Εὐρυδίκης
3030 4800 3128 4853 καὶ
3179 4803 3367 4869 μεῖξον
3408 4798 3724 4870 ἀτεχνῶ;,ἢ

2155 4888 2296 4942 ὥστε
2335 4890 2638 4958 θαυμάζειν
2671 4893 2821 4962 ἔχειν
2862 4893 3051 4959 ἀξίως,
3094 4896 3167 4966 μή
3212 4897 3269 4949 τί
3313 4913 3376 4964 γε
3423 4897 3519 4950 καὶ
3561 4893 3732 4964 μιμεῖ·

2156 4982 2322 5034 σθαι’
2368 4984 2588 5051 λέγεται
2644 4987 2755 5056 γὰρ
2809 4987 2884 5050 ὡς
2939 4989 3129 5057 ἐπειδὴ
3180 4989 3526 5057 φιλοτεχνίας
3568 4986 3728 5042 οὕτως

2153 5072 2318 5144 εἶχεν,
2369 5076 2443 5139 ὡς
2498 5081 2591 5130 καὶ
2624 5079 2821 5147 σοφίαν
2881 5084 3001 5141 ταῖς
3043 5081 3225 5134 αὐτῶν
3272 5083 3511 5136 ἐνθεῖναι
3541 5079 3728 5149 ψυχῖῖς

2154 5171 2286 5235 περὶ
2316 5169 2569 5222 πλείστου
2596 5173 2886 5239 ποιεῖσθαι,
2915 5174 3168 5227 ἐϐούλετο
3197 5175 3297 5246 μὲν
3331 5177 3390 5228 οῦ
3417 5172 3724 5240 διδάξασθαι

2153 5260 2400 5328 τούτους,
2430 5261 2542 5313 ἀλλ’
2580 5265 2720 5334 αὐτὴ
2751 5265 2926 5334 δήπου
2958 5267 3026 5320 τὰ
3055 5268 3287 5322 τοιαῦτα
3312 5269 3560 5333 διδάξαι·
3591 5265 3728 5334 ἁμήο

2153 5373 2318 5425 χανον
2359 5357 2418 5410 δὲ
2457 5361 2811 5414 παντάπασιν
2859 5359 2928 5434 ἦν
2993 5365 3257 5435 Ἰλλυρίδα
3316 5367 3412 5419 καὶ
3461 5363 3726 5434 βάρϐαρον

2153 5445 2342 5512 οὖσαν,
2371 5451 2469 5520 ὀψὲ
2518 5453 2619 5523 τῆς
2661 5456 2880 5524 ἡλικίας
2912 5452 3087 5528 ἧφθαι
3140 5460 3387 5521 παιδείας
3416 5473 3428 5489 ’
3475 5461 3568 5511 καὶ
3593 5454 3724 5508 οὕτω

2153 5543 2215 5593 τὸ
2276 5543 2720 5614 σπουδαζόμενον
2780 5547 3024 5601 κάλλιστ’
3085 5550 3304 5614 ἀνῦσαι,
3346 5550 3424 5611 ὠς
3471 5549 3563 5602 καὶ
3613 5547 3722 5604 ταῖς

2160 5633 2391 5703 μούσαις
2433 5635 2588 5689 ταῦτ’
2643 5639 2925 5694 ἀναθεῖναι
2969 5640 3040 5694 τὰ
3075 5641 3203 5713 ἔπη,
3239 5640 3376 5712 ὁμοῦ
3416 5641 3512 5709 μὲν
3543 5637 3722 5697 αὑταῖς

2157 5726 2316 5797 χάριν
2342 5727 2534 5794 εἰδυῖα,
2563 5731 2701 5800 ὁμοῦ
2729 5733 2785 5785 δὲ
2825 5735 2920 5786 καὶ
2951 5737 3336 5805 προτρέπουσα
3377 5735 3503 5796 τοὺς
3537 5730 3720 5788 ἄλλους

2153 5818 2340 5872 πᾶσαν
2371 5821 2512 5890 ὑπὲρ
2547 5822 2656 5874 τῶν
2685 5823 2890 5876 παίέων
2920 5827 3192 5895 εἰσφέρειν
3224 5824 3480 5896 σπουδήν.
