4018 6418
310 416 415 484 541

305 537 610 608 Εὐρυδίκη
650 537 1084 610 Ἱεραπολιῆτις
1114 543 1278 597 τόνδ’
1305 543 1566 611 ἀνέθηκε

375 611 674 682 Μούσαις,
707 611 956 667 εὔιστον
991 612 1165 682 ψυχῇ
1199 615 1433 669 ἑλοῦσα
1462 616 1674 670 πόθον.

304 679 632 756 Γρνάμέιατα
666 683 810 756 γὰρ,
839 679 1364 756 μνημεῖᾱαόγων,
1394 686 1598 753 μήτηρ
1643 683 1891 754 γεγαυῖα

376 751 616 806 Μαίδων
645 751 1326 826 ἡϐώντων-,ἐξεπόνησε
1361 751 1577 827 μαθεῖν
1607 751 1710 828 (ι’).

374 888 475 944 κδ’.
508 891 630 944 Ἔτι
658 891 842 946 τοίνυν
871 892 1177 962 φυλακτέον
1213 895 1344 962 ὑμῖν
1372 896 1490 947 ἐστι
1516 894 1716 954 παντὸς
1751 891 1893 962 μᾶλ-

305 979 419 1041 λον,
461 981 537 1053 μὴ
567 981 770 1051 λάθητε
802 986 930 1049 τοὺς
979 987 1178 1050 παῖδας
1211 981 1292 1051 οἷς
1324 988 1425 1040 οὐκ
1465 987 1634 1058 ἐχρῆν
1675 984 1896 1054 ἐπιτρέ-

305 1071 508 1140 ψαντες
555 1079 882 1144 σοφισταῖς
931 1077 1051 1131 ἀλλ’
1091 1080 1254 1150 εἴπερ
1310 1080 1494 1133 αὐτῶν
1553 1080 1684 1150 ὑμῖν
1742 1077 1893 1148 μέλει

306 1166 456 1229 ὅπως
506 1167 633 1230 τούς
687 1185 748 1222 τε
803 1171 999 1238 λόγους
1033 1171 1133 1240 τήν
1164 1190 1225 1225 τε
1259 1173 1439 1243 ψυχὴν
1469 1173 1686 1225 ἔσονται
1721 1171 1895 1242 βέλτι-

309 1275 444 1321 στοι,
475 1260 570 1312 καὶ
594 1258 1000 1326 λυσιτελοῦντες
1027 1265 1180 1332 σφίσι
1209 1282 1266 1318 τε
1301 1266 1485 1327 αὐτοῖς
1517 1265 1612 1316 καὶ
1650 1263 1763 1325 τοῖς
1795 1261 1893 1315 ἆλ-

307 1354 440 1419 λοις,
470 1356 714 1412 ἔστωσαν
739 1350 908 1426 οὗτοι,
932 1363 994 1414 οὐ
1023 1361 1306 1415 παιδεύειν
1336 1362 1436 1432 μὲν
1459 1362 1678 1425 ἀγαθοὶ,
1711 1358 1896 1413 σκαιοὶ

303 1447 352 1500 δ’
399 1448 575 1512 ἄλλως
623 1451 720 1504 καὶ
769 1451 1114 1523 διεφθορότες
1171 1456 1298 1515 τοὺς
1353 1455 1612 1522 τρόπους,
1662 1449 1773 1503 οὐδ’
1826 1444 1894 1501 αὖ

303 1541 535 1612 χρηστοὶ
563 1541 664 1610 μὶν
693 1542 789 1595 καὶ
813 1546 1097 1607 ἐπιεικεῖς,
1123 1546 1229 1598 ὑπὸ
1259 1545 1316 1599 δὲ
1348 1545 1690 1614 φαυλότητος
1718 1543 1898 1610 λόγων

302 1633 696 1704 λυμαινόμενοι
744 1635 919 1707 δήπου
969 1641 1078 1702 τοῖς
1126 1639 1264 1702 νέοις
1291 1655 1306 1670 ο
1349 1637 1466 1691 ἀλλ’
1517 1637 1610 1702 οὓς
1654 1637 1896 1701 ἅπαντες

305 1724 459 1778 ἴσασι
491 1727 586 1779 καὶ
618 1727 793 1796 λόγων
839 1729 994 1798 ίσχὺν
1020 1729 1117 1784 καὶ
1167 1730 1282 1801 βίον
1325 1731 1668 1801 κατάλληλον
1699 1745 1899 1798 κεκτη-

307 1821 505 1892 μένους
533 1823 644 1886 τοῖς
681 1823 890 1892 λόγοις·
927 1827 1022 1880 καὶ
1052 1826 1153 1878 οὐκ
1180 1825 1246 1879 ἂν
1277 1825 1455 1887 ἄλλως
1485 1826 1571 1896 εἴη
1613 1823 1894 1893 γενέσθαι,

303 1917 401 1971 καὶ
429 1915 507 1980 ὥς
549 1917 650 1988 οὐχ
701 1917 843 1987 ὑπὲρ
871 1919 982 1972 τῶν
1011 1920 1223 1973 παίδων
1259 1921 1463 1991 μᾶλλον
1498 1920 1529 1990 ἢ
1564 1919 1707 1990 ὑπὲρ
1735 1917 1892 1987 ὑμῶν
1926 1896 1967 1952 Β

303 2009 487 2064 αὐτῶν
533 2011 630 2064 καὶ
669 2011 893 2082 προσέτ’
939 2011 1126 2066 αὐτῶν
1176 2012 1539 2077 διδασκάλων,
1575 2010 1784 2080 γνοίητ’
1825 2010 1892 2063 ἂν

303 2103 423 2157 ὡδί.
457 2102 521 2157 El
559 2103 670 2173 γὰρ
721 2102 790 2158 τὰ
833 2105 932 2175 μὲν
965 2106 1162 2176 πρῶτα
1200 2105 1312 2158 τῶν
1345 2107 1696 2176 μαθημάτων
1733 2103 1892 2156 δυνά-

307 2217 428 2272 μεις
455 2201 595 2253 εἱσὶν
625 2201 893 2270 ἑκατέρου
930 2199 1073 2270 βίου,
1105 2200 1202 2256 καὶ
1234 2194 1348 2254 οἷον
1399 2199 1688 2262 ὑποθέσεις
1713 2199 1777 2269 δή
1809 2213 1892 2248 τι-

303 2311 394 2356 νες
425 2295 518 2347 καὶ
543 2295 896 2364 παρασκευαὶ
920 2293 1016 2346 τοῦ
1049 2293 1186 2361 πρὶς
1215 2293 1417 2364 ἀρετὴν
1444 2294 1478 2365 ἢ
1512 2295 1712 2346 κακίαν
1739 2293 1890 2353 ὅπως

302 2386 370 2441 ἂν
397 2387 554 2458 τύχοι
591 2389 864 2460 χωρῆσαι,
907 2389 1008 2450 τάς
1048 2389 1107 2440 δὲ
1139 2388 1248 2442 τῶν
1275 2389 1410 2442 νέων
1439 2387 1617 2460 ψυχὰς
1650 2388 1891 2456 μάλιστα

305 2481 407 2550 μὲν
449 2484 545 2538 καὶ
585 2481 672 2535 διὰ
719 2482 780 2534 τὸ
831 2481 1008 2552 κηροῦ
1039 2482 1199 2553 δίκην
1247 2483 1606 2552 ἁπαλωτέρας
1637 2479 1780 2536 εἶναι
1810 2480 1892 2552 τῷ

301 2575 618 2647 χρόνῳ,οὒχ
647 2577 854 2645 ἥκιστα
875 2575 931 2630 δὲ
959 2575 1056 2630 καὶ
1089 2576 1177 2629 διὰ
1213 2579 1275 2630 τὸ
1304 2577 1772 2647 μηδουστινασοῦν
1803 2594 1890 2630 πω

301 2671 409 2722 τῶν
433 2668 695 2723 ἐναντίων
721 2669 1049 2740 χαρακτῆρα
1079 2669 1348 2739 δεδέχθαι,
1369 2670 1512 2724 οὕτω
1540 2669 1642 2740 μὲν
1674 2669 1885 2742 ῥᾳδίας,

302 2762 447 2816 οὕτω
481 2763 527 2816 δ’
556 2766 639 2827 εἱς
680 2762 952 2833 ὑποδοχὴν
987 2763 1240 2832 ἑτοίμους
1282 2759 1426 2816 εἶναι
1462 2763 1774 2833 ξυμϐαίνει,
1812 2763 1889 2826 ὡς

301 2856 466 2917 εὐθὺς
502 2856 717 2920 τούτοις
746 2856 1057 2925 ἐνίσχεσθαι
1087 2857 1182 2909 καὶ
1214 2858 1559 2926 παραμένειν
1595 2859 1676 2919 εἱς
1712 2856 1884 2922 ἅπαν,

302 2949 525 3020 εὔδηλον
568 2950 644 3013 ὠς
689 2951 788 3003 ὲάν
843 2950 944 3020 μὲν
990 2950 1178 3009 αὐτοῖς
1226 2951 1446 3020 χρηστὰ
1499 2952 1884 3021 προσαγάγῃς,

302 3043 574 3112 χρηστοὺς
603 3043 826 3097 ἔσεσθαί
868 3059 950 3096 σει
991 3045 1083 3097 καὶ
1128 3043 1410 3106 τοιούτους
1458 3044 1752 3117 προσδόκα,
1791 3043 1889 3097 καὶ

303 3156 386 3192 σοι
412 3138 570 3206 δόξαν
595 3139 694 3208 οὐχ
733 3133 897 3212 ἧττον
939 3139 1206 3209 φέροντας
1226 3155 1242 3171 ⁶
1275 3139 1372 3193 ἐὰν
1401 3139 1457 3192 δὲ
1484 3140 1580 3208 μὴ,
1610 3141 1710 3209 τῆς
1756 3138 1885 3210 περὶ

300 3234 474 3290 ταῦτα
515 3235 851 3306 διαμαρτίας
899 3235 1066 3298 αὐτὸς
1101 3234 1167 3288 σὺ
1217 3234 1416 3288 ταυτὸν
1447 3233 1612 3287 αἰτιῶ
1639 3251 1653 3264 ·
1687 3233 1781 3286 καὶ
1818 3233 1883 3285 σὺ

304 3329 506 3400 μᾶλλον
535 3327 727 3391 δώσεις
755 3329 853 3400 τὴν
888 3329 1046 3396 δίκην
1082 3329 1157 3400 μὴ
1185 3329 1540 3398 θαυμαστούς
1571 3345 1725 3389 τινας
1758 3327 1887 3380 τού-

298 3439 428 3485 τους
458 3422 760 3492 ἐπιστήσας
805 3423 933 3485 τους
972 3423 1239 3484 πλάστας.
1275 3421 1428 3488 Ἐξδν
1458 3419 1552 3473 οὖν
1603 3422 1700 3474 καὶ
1732 3420 1888 3474 παιδὶ

297 3520 396 3572 καὶ
426 3516 612 3588 σαυτῷ
644 3516 712 3569 δι’
750 3509 824 3571 ὧν
853 3516 993 3588 ἔφην
1031 3517 1098 3570 τὰ
1149 3516 1399 3586 βέλτιστα
1441 3514 1754 3585 χρήσασθαι
1792 3515 1888 3566 καὶ

300 3611 442 3683 μέγα
476 3611 902 3682 παρασκευάσαι
937 3612 1178 3681 φρονεῖν,
1213 3606 1315 3663 εἶτ’
1345 3611 1440 3686 οὐχ
1478 3610 1718 3679 αἱρήσῃ;
1753 3607 1886 3660 Ὅτε

296 3705 406 3774 γὰρ
435 3705 557 3756 οὐδὲ
587 3707 702 3766 τοῖς
752 3703 983 3773 τυχοῦσι
1018 3702 1126 3756 τῶν
1165 3701 1353 3771 μύθων
1389 3701 1524 3770 πρὸς
1576 3701 1646 3753 τὰ
1695 3699 1887 3753 παιδία

296 3795 602 3866 κεχρῆσθαι
655 3794 884 3849 Πλάτων
932 3795 1031 3858 τὰς
1083 3793 1272 3857 τίτθας
1303 3793 1499 3865 ὲᾷ,διὰ
1545 3793 1602 3846 τὸ
1653 3793 1732 3862 μὴ
1774 3793 1886 3854 τοῖς

298 3889 526 3958 φαύλοις
559 3888 796 3959 ἐξαρχῆς
842 3886 1165 3949 ἐνειθίσθαι,
1201 3887 1258 3948 ὅς
1304 3903 1366 3954 γε
1401 3886 1524 3939 οὐδὲ
1571 3885 1887 3956 βαρϐάρους

296 3981 416 4035 ἀλλ’
454 3979 768 4050 Ἑλληνίδας
798 3979 1007 4040 ταύτας
1046 3974 1188 4031 εἶναι
1233 3976 1472 4042 κελεύει,
1503 3973 1649 4048 ἦπου
1680 3976 1790 4030 τῶν
1823 3993 1886 4046 γε

297 4075 602 4129 παιδευτῶν
624 4075 738 4137 τοῖς
767 4073 830 4127 οὗ
868 4072 1053 4136 καλῶς
1085 4072 1270 4144 ἔχουσι
1308 4072 1436 4134 τοὺς
1484 4073 1620 4135 υἱεῖς
1657 4071 1886 4141 ἐπιτρέ-

297 4187 421 4221 πειν
463 4169 571 4220 τῶν
629 4168 997 4222 ἀτοπωτάτων
1041 4168 1107 4220 ἂν
1157 4165 1282 4236 εἴη·
1325 4167 1433 4237 χρὴ
1479 4166 1589 4235 γὰρ
1631 4166 1773 4219 κατὰ
1827 4165 1888 4218 τὸ

297 4261 424 4324 ἔπος
457 4279 477 4315 t
516 4259 660 4314 παῖδ’
689 4259 764 4312 ἐτ’
795 4260 953 4312 ὲόντα
977 4258 1120 4312 καλὰ
1147 4258 1498 4330 διδασκέμεν.
1529 4277 1547 4310 ι
1589 4257 1750 4312 Ἀ).λά
1779 4257 1887 4329 μὴν

297 4358 532 4418 καὶτοῖς
587 4356 933 4409 διδάσκουσιν
987 4355 1172 4418 αὐτοῖς
1219 4355 1319 4424 οὐχ
1368 4355 1494 4408 ὅσον
1536 4356 1616 4417 εἰς
1661 4352 1887 4406 ἔπαινον

296 4447 452 4515 φέρει
516 4447 613 4497 καὶ
665 4445 861 4515 κέρδος
912 4463 930 4495 ι
985 4445 1176 4514 μύθων
1235 4461 1295 4497 τε
1351 4447 1597 4516 ρητῆρας
1651 4444 1887 4514 ἔμμεναι

1211 425 1503 486 ORATIO
1545 424 1652 485 DE
1699 420 2216 484 SUBDITORUM
2255 419 2606 483 OFFICIIS.

1927 546 1974 602 Α
2079 540 2348 612 Eurydice
2407 538 2824 610 Hieropolitana
2892 542 3046 596 hosce
3093 557 3272 597 versus
3316 556 3588 602 consecrat

3476 420 3586 488 5l2

1995 634 2192 687 musis:
2228 633 2311 687 E1:
2341 632 2602 687 laudabili
2631 633 2892 687 desiderio
2925 633 3154 699 litteras,
3193 637 3450 691 orationis
3469 637 3591 708 fun-

1994 725 2248 779 damenta
2277 741 2389 780 una
2415 740 2534 778 cum
2569 727 2712 778 natis
2735 726 2971 782 edidicit.

2064 896 2155 952 24.
2190 895 2324 951 Illud
2361 899 2667 967 prmsertim
2708 898 3012 953 cavendum
3046 909 3153 966 est,
3179 917 3288 956 non
3327 901 3595 971 sephista-

1995 1027 2118 1066 rum
2163 1011 2370 1068 scholis
2402 1011 2542 1065 ﬁlios
2570 1011 3018 1078 committamus;
3069 1025 3124 1067 at
3153 1013 3198 1067 si
3231 1012 3391 1068 nobis
3435 1012 3590 1066 cordi

1994 1135 2160 1180 estut
2208 1125 2262 1178 in
2297 1124 2495 1178 litteris
2542 1138 2605 1177 ac
2642 1123 2892 1179 moribus
2933 1140 3096 1194 quam
3143 1124 3376 1178 maxime
3424 1123 3592 1193 proﬁ-

1994 1240 2163 1300 ciant.
2196 1249 2251 1294 et
2298 1240 2400 1294 sibi
2459 1247 2515 1293 et
2567 1238 2690 1294 aliis
2726 1255 2890 1308 quam
2939 1239 3216 1294 utilissimi
3261 1239 3412 1305 ﬁant,
3453 1255 3596 1308 pra:-

1996 1361 2247 1419 ccptores
2277 1367 2386 1406 non
2419 1351 2455 1406 ii
2482 1361 2776 1407 sumantur
2809 1351 2904 1422 qui
2941 1351 3085 1406 bene
3114 1350 3340 1420 quidem
3378 1350 3594 1405 litteras

1998 1465 2221 1530 docent,
2268 1465 2452 1536 pravis
2505 1476 2688 1521 autem
2751 1475 2904 1531 sunt,
2971 1465 3249 1532 moribus;
3303 1475 3397 1520 aut
3461 1466 3592 1520 dum

1999 1580 2179 1650 quoad
2227 1595 2410 1636 mores
2437 1579 2634 1652 integri
2658 1591 3014 1653 sunt,parum
3048 1579 3231 1637 idonei
3259 1581 3325 1636 ad
3350 1580 3597 1652 discipli-

1999 1707 2126 1746 nam
2187 1691 2634 1747 adolescentibus
2689 1690 3057 1756 tradendam;
3111 1689 3222 1744 imo
3261 1687 3300 1743 ii
3353 1687 3590 1758 eligendi

1998 1816 2164 1864 erunt
2193 1819 2427 1876 quorum
2468 1803 2774 1860 doctrinam
2818 1805 3067 1860 moribus
3095 1802 3430 1874 respondere
3465 1817 3598 1858 con-

1997 1933 2142 1988 stat;
2206 1923 2285 1978 sic
2317 1921 2464 1977 enim
2497 1929 2554 1975 et
2578 1918 2883 1988 discipulis,
2911 1926 2968 1974 et
3008 1918 3169 1974 nobis
3207 1925 3264 1972 et
3311 1917 3594 1988 magistris

1997 2037 2138 2092 bene
2170 2036 2482 2091 consultum
2505 2035 2628 2089 erit.
2672 2031 2728 2087 Si
2757 2033 2904 2088 enim
2941 2031 3211 2087 doctrinae
3241 2029 3496 2102 primitiae
3522 2044 3590 2085 ac

1995 2154 2349 2208 fundamenta
2381 2163 2672 2223 utramque
2692 2149 2858 2206 vitam
2886 2159 3198 2206 sustentant
3232 2157 3288 2203 et
3323 2149 3584 2203 virtutem

1995 2277 2090 2323 aut
2116 2268 2248 2322 vitia
2302 2268 2510 2334 fovent,
2559 2267 2613 2321 id
2666 2282 2776 2321 non
2801 2275 2887 2322 est
2948 2264 3391 2321 obliviscendum
3442 2262 3592 2333 quod

1995 2397 2291 2452 puerorum
2327 2381 2494 2436 animi
2545 2396 2726 2437 ceram
2771 2379 2998 2436 mollitie
3058 2387 3278 2450 mquam
3329 2388 3382 2432 et
3433 2377 3593 2433 facile

1994 2497 2402 2552 conviventium
2433 2496 2728 2568 imaginem
2764 2505 2820 2552 et
2861 2495 3179 2566 exemplum
3209 2493 3503 2548 imitantur
3537 2499 3595 2546 et

1992 2613 2230 2670 ﬁdeliter
2255 2614 2596 2686 exprimunt.
2620 2614 2760 2669 lline
2787 2622 2939 2685 patet
2970 2613 3115 2683 quod
3151 2612 3195 2666 si
3233 2611 3424 2668 isthaec
3446 2609 3594 2664 bona

1989 2734 2140 2792 sunt,
2190 2726 2322 2782 boni
2385 2735 2440 2781 et
2482 2725 2586 2797 ipsi
2635 2734 2896 2790 erunt,et
2925 2735 3074 2781 tuam
3134 2725 3308 2795 ipsius
3362 2723 3593 2794 gloriam

1968 2838 2290 2911 augebunt.
2322 2839 2416 2895 Sin
2444 2840 2627 2894 minus
2660 2839 2846 2894 [tntum
2882 2838 3126 2894 fructum
3153 2838 3281 2894 inde
3315 2837 3586 2909 percipis,

1991 2958 2045 3005 te.
2079 2950 2194 3020 ipse
2212 2961 2467 3006 accusato
2485 2951 2580 3019 qui
2604 2951 2785 3006 minus
2800 2949 2975 3005 bonos
2999 2959 3369 3020 prazceptores
3392 2950 3589 3005 liberis

1991 3066 2103 3119 tuis
2159 3061 2473 3133 praefecisti.
2521 3062 2678 3128 Quod
2723 3063 2767 3117 si
2799 3072 2857 3118 et
2898 3061 2997 3118 tibi
3028 3071 3084 3116 et
3131 3061 3594 3117 adolescentibus

1914 3167 1957 3226 ο
1991 3193 2140 3234 nunc
2169 3178 2514 3250 potissimum
2547 3186 2793 3249 tempore
2814 3194 2902 3234 res
2921 3189 3228 3249 praesentes
3251 3177 3308 3231 in
3344 3186 3594 3232 vestrum

1989 3302 2315 3350 convertere
2359 3292 2712 3348 commodum
2769 3293 2918 3356 licet,
2956 3309 3056 3348 cur
3111 3309 3220 3346 non
3284 3291 3592 3347 consilium

1988 3417 2208 3472 aequum
2278 3403 2515 3473 capitis?
2569 3403 2707 3458 Dum
2736 3403 2894 3459 Plato
2927 3403 3187 3474 prohibet
3217 3419 3286 3460 ne
3348 3403 3596 3459 nutrices

1987 3529 2218 3573 teneros
2248 3516 2544 3572 infantium
2572 3518 2790 3574 animos
2815 3519 3074 3574 absurdis
3091 3519 3308 3574 fabellis
3338 3519 3596 3573 imbuant

1990 3647 2057 3686 ne
2096 3632 2177 3686 sic
2228 3631 2498 3686 malarum
2550 3647 2737 3687 rerum
2790 3633 3036 3702 germina
3093 3641 3373 3696 serantur,
3404 3641 3464 3687 et
3535 3633 3586 3687 si

1997 3758 2124 3798 eum
2156 3743 2209 3798 in
2240 3744 2405 3798 ﬁnem
2431 3744 2648 3800 Graecas
2675 3760 2790 3812 eas,
2827 3761 2935 3801 non
2968 3744 3236 3800 Barbaras
3259 3745 3419 3815 jubet
3444 3762 3590 3812 esse,

1991 3857 2131 3912 nihil
2162 3873 2296 3913 sane
2348 3858 2642 3913 absurdius
2681 3870 2953 3930 estquam
3000 3860 3141 3916 ﬁlios
3175 3867 3402 3917 nostros
3462 3878 3584 3916 ma-

1988 3973 2177 4044 gistris
2211 3971 2520 4043 reprobatis
2566 3973 2870 4030 conlidere.
2928 3974 3088 4043 Nam,
3114 3984 3173 4031 ut
3223 3985 3309 4030 est
3357 3976 3414 4031 in
3465 3993 3592 4048 pro-

1994 4087 2208 4148 verbio,
2263 4086 2317 4140 in
2357 4095 2545 4141 tenera
2598 4097 2758 4143 astate
2813 4089 3056 4143 animum
3107 4090 3354 4146 honestis
3419 4091 3592 4147 rebus

1987 4203 2335 4258 assuefacere
2357 4209 2599 4270 Oportet,
2631 4203 2778 4258 sicut
2802 4207 3240 4276 prmeeptoribus
3266 4223 3370 4262 non
3397 4223 3591 4277 parum

1987 4316 2137 4371 laudi
2161 4324 2245 4372 est
2271 4317 2538 4370 doctrina:
2563 4319 2994 4373 coneordantem
3017 4320 3221 4389 degere
3247 4323 3449 4383 vitam.
3484 4322 3591 4377 nisi

1990 4432 2046 4486 in
2077 4429 2326 4487 omnium
2373 4439 2756 4498 contemptum
2804 4433 3002 4487 cadere
3041 4434 3253 4488 volunt.
3303 4435 3399 4489 llis
3424 4437 3594 4506 igitur

295 4539 625 4607 πρηκτῆράς
662 4535 710 4589 τ’
744 4536 964 4607 ἔργων’
1029 4555 1049 4589 ι
1111 4536 1249 4589 ἀλλὰ
1300 4538 1396 4588 καὶ
1459 4539 1613 4590 πᾶσα
1667 4537 1882 4606 ἀνάγκη

1991 4547 2407 4604 conditionibus
2441 4546 2665 4616 optimis
2695 4563 2916 4618 semper
2952 4549 3228 4619 magistris
3258 4554 3412 4619 pueri
3450 4556 3590 4606 edu-

294 4628 571 4688 10tod1’60;
599 4627 664 4697 δή
694 4645 848 4689 τινας
882 4628 1083 4690 αὐτοὺς
1128 4623 1351 4698 εἴναι.ἢ
1391 4628 1622 4699 μηδενὸς
1667 4628 1728 4681 τὸ
1779 4646 1884 4682 πα-

297 4727 474 4794 ράπαι
511 4722 700 4792 ἀξίους
743 4718 908 4785 εἶναι,
941 4720 1066 4792 μηδ’
1098 4721 1319 4775 ἀκούειν
1361 4721 1500 4785 ὅλως
1530 4723 1557 4774 δ
1599 4723 1884 4794 προῄρην-

297 4815 386 4866 ταί
422 4831 482 4866 τε
517 4817 612 4869 καὶ
645 4815 920 4883 λέγονται.
955 4813 1126 4867 Ὅταν
1179 4816 1288 4884 γὰρ
1327 4814 1481 4866 τουτὶ
1526 4814 1614 4867 διὰ
1661 4816 1884 4868 πάντων

296 4911 568 4979 κρατήσῃ,
609 4908 684 4971 ὠς
738 4907 921 4979 μόνοις
958 4907 1134 4978 δήπου
1185 4909 1301 4970 τοῖς
1345 4909 1515 4978 ἄμφω
1565 4909 1884 4978 κρατίστοις

291 4996 474 5054 δοτέον
519 5002 639 5055 ἐστὶ
686 5005 814 5063 τοὺς
865 5001 1084 5064 παῖδας,
1135 5000 1463 5072 αἱρήσονται
1512 5003 1610 5055 καὶ
1659 5002 1884 5065 ἄκοντες

293 5088 461 5159 οὗτοι,
502 5095 710 5163 ἐάνπερ
767 5093 868 5146 οὐκ
911 5087 1039 5156 ὦσι,
1069 5091 1306 5146 τοιοῦτοι
1337 5093 1401 5164 δή
1455 5111 1602 5156 τινες
1650 5096 1885 5164 γεγενῆ-

293 5189 421 5242 σθαι
486 5189 580 5243 καὶ
624 5189 806 5242 πᾶσαν
841 5188 983 5258 ὑπὲρ
1026 5187 1192 5241 αὑτοῦ
1243 5187 1438 5242 τούτου
1490 5189 1728 5261 σπουδὴν
1771 5193 1886 5244 εἰσ-

293 5282 537 5350 ενέγκαι,
575 5281 784 5344 εἰδότες
832 5283 905 5345 ὡς
952 5283 1105 5335 οὐδὲν
1150 5283 1336 5345 αὐτοῖς
1385 5285 1539 5336 ἔσται
1587 5284 1753 5337 πλέον
1805 5286 1883 5356 μὴ

291 5373 467 5450 ταύτῃ
527 5377 934 5450 διακειμένοιςο
973 5377 1114 5431 ὥστε
1179 5383 1274 5431 καὶ
1335 5377 1394 5443 ἐξ
1448 5372 1523 5432 ὧν
1576 5379 1887 5450 βελτίστους

290 5469 468 5530 οὕτως
517 5471 670 5538 ἕξετε
717 5471 846 5533 τοὺς
911 5473 1073 5535 υἱεῖς,
1107 5473 1200 5525 καὶ
1253 5472 1312 5539 ἐξ
1369 5467 1446 5528 ὧν
1495 5475 1684 5540 αὐτοῖς
1729 5477 1888 5545 ὑμεῖς

293 5560 723 5634 συιιητθήσεσθε,
759 5563 854 5617 καὶ
897 5558 979 5628 οἷς
1009 5567 1121 5629 τοῖς
1152 5564 1501 5620 διδάσκουσιν
1531 5566 1706 5631 οὕτως
1737 5569 1891 5640 ἔχου-

294 5667 378 5703 σιν
411 5653 611 5708 ἀπανθ’
635 5653 748 5722 ἕξει
778 5655 984 5726 καλῶς,
1018 5657 1112 5710 καὶ
1135 5652 1214 5720 οἷς
1257 5658 1306 5710 εἰ
1337 5659 1412 5725 μὴ
1462 5657 1638 5724 οὕτως
1669 5661 1889 5729 ἔχουσιν

1993 4667 2152 4721 eundi
2177 4665 2476 4732 dabuntur,
2499 4665 2594 4734 qui
2627 4665 3048 4720 edncandorum
3078 4683 3270 4723 curam
3307 4669 3590 4726 habebunt

1989 4796 2109 4834 eam
2134 4796 2258 4850 quae
2305 4781 2515 4836 fruetus
2538 4781 2678 4836 ferat
2714 4781 2915 4852 iustos.
2965 4782 3044 4837 Ita
3077 4784 3170 4838 ﬁet
3196 4793 3256 4838 ut
3280 4783 3379 4840 ﬁlii
3415 4786 3589 4843 vestri

1989 4895 2206 4952 favente
2235 4897 2475 4953 Minerva
2501 4899 2609 4953 heti
2643 4909 2964 4970 augescant,
2992 4911 3048 4957 el.
3077 4913 3138 4957 ut
3160 4919 3258 4958 vos
3287 4903 3391 4975 ipsi
3430 4905 3591 4963 vobis

1989 5013 2442 5080 eongratulemini
2472 5015 2671 5070 talibus
2719 5017 2884 5071 vitam
2926 5017 3168 5086 dedisse,
3208 5031 3264 5074 et
3293 5028 3351 5075 ut
3379 5036 3594 5091 praece-

1986 5132 2173 5191 ptores
2202 5123 2450 5178 lab..-rutn
2479 5142 2710 5182 suorum
2753 5132 3063 5186 mercedem
3089 5132 3344 5188 auferant
3373 5144 3429 5190 et
3458 5135 3582 5190 lau-

1985 5231 2150 5288 dibus
2177 5235 2441 5289 cumulati
2468 5236 2519 5290 id
2549 5255 2716 5292 unum
2759 5254 2919 5311 agant
2947 5252 3003 5296 ut
3036 5243 3292 5299 alumnos
3319 5245 3500 5306 bonis.
3529 5255 3592 5303 ut

1988 5339 2125 5404 dixi,
2151 5343 2366 5399 artibus
2396 5347 2566 5417 adjuti
2621 5363 2790 5419 quam
2813 5351 3059 5406 maxime
3097 5361 3422 5423 provehant.
3459 5355 3582 5413 llue

1987 5451 2200 5506 accedit
2227 5453 2372 5522 quod
2423 5471 2528 5510 non
2567 5456 2792 5513 obvium
2856 5476 3245 5532 quemcunque
3283 5476 3589 5535 przecepto-

1989 5576 2106 5616 rem
2160 5562 2367 5631 eligere
2421 5566 2680 5635 expedit,
2715 5569 2810 5637 qui
2868 5570 3094 5624 nomine
3145 5580 3357 5626 tantum
3404 5582 3490 5628 est
3532 5583 3590 5632 et

1988 5671 2173 5740 specie
2195 5685 2449 5743 externa,
2481 5676 2686 5748 quippe
2715 5679 2810 5748 qui
2860 5679 3168 5750 prudentes
3196 5693 3254 5738 et
3283 5685 3439 5755 puris
3471 5701 3590 5740 mo-

367 5817 1436 5922 illan[3513:3103epigrammainter
1474 5831 1750 5904 Adespota
1814 5833 1868 5889 in
1913 5833 2174 5894 Brunckii
2237 5839 2516 5900 Analectis
2548 5844 2612 5900 T.
2637 5844 2727 5916 Ill,
2762 5863 2816 5919 p.
2851 5847 2976 5916 183,
3013 5859 3293 5922 sumptum
3323 5866 3390 5908 ex
3449 5851 3582 5910 Plu-

295 5892 488 5949 tarcho
524 5897 596 5951 De
625 5892 938 5966 puerorum
959 5892 1314 5957 educatione.
