4018 6416
264 378 381 445 545

1206 377 1494 441 ORATIO
1533 376 1632 437 DE
1677 372 2188 437 SUBUITORUM
2231 372 2592 434 OFFiClIS.

3449 373 3553 432 $.46

260 499 547 572 προῦργου
592 497 862 563 ποιεῖσθε,
902 497 1120 565 ἀνάγκη
1179 496 1332 550 πᾶσα
1384 493 1735 566 τρισαθλίους
1782 509 1844 545 τε

1964 488 2210 560 illamque
2242 504 2344 558 pro
2375 484 2683 543 acccssoria
2722 488 2818 539 aut
2871 477 3029 554 plane
3068 483 3216 540 nulla
3261 484 3548 546 habentes.

257 594 402 664 ὑμᾶς
455 589 735 647 εἷναισκαὶ
792 591 1219 655 κακοδαίμονας,
1265 590 1361 643 καὶ
1408 588 1639 660 προσέτι
1696 587 1844 641 δυοῖν

253 688 567 758 ἐνίσχεσθαι
608 688 724 739 τοῖν
759 687 1070 750 κακίστοιν,
1099 683 1180 751 τῷ
1213 683 1262 739 θ’
1293 682 1330 738 ἃ
1374 683 1454 752 μὴ
1484 683 1732 749 πέφυκεν
1764 683 1845 745 είς

254 783 407 837 ἅπαν
437 780 649 849 μενεῖν,
669 778 790 834 ἀλλ’
816 780 940 834 ὅσον
971 778 1039 833 ἂν
1072 777 1273 832 αὐτίκα
1304 775 1646 843 πεπαῦσθαι,
1668 774 1847 829 ταῦτα

254 876 384 946 περὶ
414 874 660 937 πλείονος
687 873 844 942 ἄγειν
881 873 994 927 τῶν
1017 872 1099 934 είς
1127 871 1275 926 ἅπαν
1312 870 1656 941 μενούντωνς
1678 869 1757 940 τῷ
1787 866 1848 933 ἐξ

256 967 518 1037 ἡμισείας
551 967 746 1037 ὥσπερ
787 967 867 1031 είς
914 964 1246 1036 ἀνθρώπους
1278 963 1458 1018 τελεῖν
1497 964 1846 1035 νομίζεσθαι,

255 1058 325 1111 δι’
347 1050 423 1111 ὧν
464 1055 682 1126 σώματι
724 1055 827 1127 μὲν
856 1056 954 1109 καὶ
977 1057 1091 1120 τοῖς
1118 1056 1201 1118 είς
1226 1052 1391 1124 σῶμα
1416 1053 1647 1125 φέρουσι
1672 1052 1844 1126 δῄπου

257 1150 557 1221 προσέχετε
593 1147 781 1219 μόνον,
819 1146 998 1218 ψυχὴν
1027 1147 1084 1200 δὲ
1115 1147 1310 1216 ὥσπερ
1343 1145 1378 1217 ἢ
1416 1143 1614 1216 μηκέτ’
1655 1138 1848 1209 οὖσαν,

257 1242 292 1313 ἢ
326 1238 495 1296 οὖσαν
538 1242 662 1311 μὲν,
703 1240 991 1311 τηνάλλως
1023 1239 1084 1296 δὲ
1113 1241 1210 1294 καὶ
1256 1234 1371 1294 οἷον
1405 1239 1661 1308 ἐφόλκιον
1693 1237 1848 1308 παρά

259 1334 467 1404 φαῦλον
493 1333 751 1389 πονεῖσθε
771 1351 787 1367 ⁶
823 1334 892 1405 ἢν
925 1332 1118 1404 ἐπειδὴ
1141 1334 1288 1388 κατά
1320 1332 1451 1396 τοὺς
1487 1332 1588 1403 τῆς
1626 1329 1844 1399 φύσεως

259 1431 501 1501 θεσμοὺς
547 1428 688 1500 ἴσχει
739 1428 800 1481 τὸ
840 1430 1064 1498 κράτος,
1095 1428 1219 1482 δέον
1249 1428 1346 1482 καὶ
1378 1424 1509 1496 παρ’
1550 1427 1687 1497 ἡμῖν
1726 1424 1846 1492 μεί-

258 1527 410 1590 ζονος
434 1524 725 1593 ἀξιοῦσθαι
763 1523 1053 1593 προνοίας,
1088 1523 1185 1576 καὶ
1210 1524 1279 1577 τὰ
1306 1522 1579 1592 πρεσϐεῖα
1620 1519 1697 1590 τῷ
1725 1518 1839 1573 ὄντι

258 1617 529 1689 φέρεσθαι
549 1634 564 1650 ·
596 1618 645 1670 οἱ
672 1616 716 1669 δ’
755 1612 838 1679 οἷς
869 1615 1157 1684 ποιοῦμεν,
1193 1614 1581 1685 κινδυνεύομεν
1614 1611 1851 1683 ἀνατρέ-

258 1728 387 1767 πειν
417 1710 514 1782 τὴν
558 1710 744 1775 τάξιν,
784 1710 866 1780 τῷ
922 1709 1128 1779 χείρονι
1184 1708 1288 1780 τὴν
1339 1706 1649 1778 ἡγεμονίαν
1694 1705 1849 1777 παρά

258 1805 425 1872 φύσιν
474 1803 735 1867 διδόντες,
780 1803 883 1856 καὶ
936 1800 1205 1870 ποταμῶν
1254 1799 1370 1854 ἀνω
1420 1801 1488 1853 τά
1522 1798 1850 1870 ,πράγματα

258 1898 560 1968 κρίνοντε..

329 1991 445 2055 σις’.
482 1987 696 2042 Ἐπειτ’
732 1988 782 2040 εἰ
809 1986 911 2057 μὲν
940 1985 1056 2038 ἐστι
1081 1984 1230 2055 ψυχὴ
1264 1982 1521 2052 σώματος
1561 1982 1847 2047 σύστασις,

260 2075 452 2147 ὥσπερ
503 2075 597 2130 οῦν
645 2078 821 2138 ἐστιν,
861 2076 1002 2145 αὐτὴ
1051 2075 1109 2127 δὲ
1159 2074 1378 2137 οὐδενὸς
1435 2073 1628 2144 ἐτέρου
1676 2073 1851 2129 δεῖται

260 2174 398 2243 πρὸς
433 2154 896 2236 σύστασινξὰλλά
940 2171 1085 2223 κινεῖ
1120 2168 1220 2238 μὲν
1251 2169 1349 2221 καὶ
1398 2167 1657 2231 ζωοποιεῖ
1690 2165 1852 2221 τοῦτο

263 2264 524 2326 συνοῦσα,
547 2263 768 2330 ἐξιοῦσα
796 2263 853 2316 δὲ
874 2263 934 2316 τὸ
962 2265 1063 2332 μὲν
1090 2261 1253 2320 εὐθὺς
1282 2261 1488 2331 οἴχεται
1519 2261 1617 2314 καὶ
1640 2263 1851 2331 καταῤ-

262 2360 367 2429 ῥεῖ,
400 2358 498 2411 καὶ
529 2358 668 2428 πρὸς
699 2357 761 2409 τὸ
792 2356 962 2425 μηδὲν
996 2356 1099 2427 ἤδη
1132 2355 1323 2426 χωρεῖ,
1361 2355 1394 2424 ἡ
1425 2352 1470 2405 δ’
1505 2353 1659 2406 οῦδὲν
1682 2347 1851 2424 ἦττον

259 2453 354 2504 καὶ
381 2449 560 2513 οὕτως
586 2451 708 2504 ἐστὶ
731 2450 904 2521 ψυχὴ,
937 2450 1157 2519 ἀνάγκη
1192 2449 1249 2502 δὲ
1273 2449 1377 2519 τὴν
1407 2448 1588 2511 οὕτως
1618 2447 1853 2519 ἔχουσαν

260 2545 518 2599 τοσοῦτον
551 2545 726 2615 μείζω
748 2546 843 2597 καὶ
865 2542 1205 2614 τιμιωτέραν
1238 2539 1461 2595 τουτουῖ
1491 2539 1849 2606 καθεστάναι,

260 2637 387 2690 ὅσον
415 2635 512 2690 τοῦ
538 2634 942 2705 συνισταμένου
971 2635 1033 2687 τὺ
1058 2633 1339 2702 συνιστᾷν,
1377 2636 1472 2686 καὶ
1499 2630 1596 2685 τοῦ
1629 2631 1727 2685 νῦν
1750 2633 1853 2703 μὲν

260 2729 439 2794 Mog,
474 2727 573 2783 νῦν
623 2729 670 2784 δ’
719 2728 824 2782 οὐκ
872 2728 1053 2795 ὄντος,
1083 2727 1146 2780 τό
1178 2726 1230 2795 γ’
1264 2723 1534 2787 ὡσαύτως
1579 2710 1707 2795 ἰχον
1736 2726 1849 2788 ἀεὶ,

262 2820 504 2893 κάκείνῳ
533 2820 739 2875 τούτων
770 2820 950 2876 αῐτιον
995 2818 1079 2887 ὃν,
1112 2817 1353 2889 ῖσχάτης
1382 2816 1572 2880 ἀνοίας
1601 2817 1669 2871 ἂν
1700 2816 1788 2887 εἴη
1817 2816 1851 2880 ἢ

263 2916 592 2987 παρανοίας.
629 2914 663 2988 ἢ
699 2915 805 2969 οὐκ
838 2911 936 2968 οἷδ’
975 2914 1004 2966 ὃ
1033 2929 1089 2965 τι
1130 2912 1229 2967 καὶ
1276 2911 1386 2982 φῶ,
1434 2910 1644 2981 ταύτην
1690 2910 1856 2981 θερα-

263 3015 455 3075 πεύειν
481 3012 741 3080 ἀφέντας,
777 3007 969 3063 τούτου
1000 3005 1394 3078 φροντίζοντας
1418 3004 1733 3073 φαίνεσθαι,
1758 3006 1856 3058 καὶ

263 3104 364 3176 τῆς
400 3105 600 3173 ἀλόγου
627 3122 688 3158 τε
718 3102 812 3158 καὶ
846 3102 1051 3173 θνητῆς
1097 3101 1197 3170 τὴν
1217 3100 1452 3172 λογικήν
1483 3115 1543 3153 τε
1592 3099 1688 3154 καὶ
1717 3097 1855 3152 ἀθά-

264 3216 425 3253 νατον
462 3200 592 3270 περὶ
625 3196 910 3258 ἐλάττονος
941 3198 1137 3266 μοῖραν
1190 3194 1488 3248 ποιεῖσθαι.
1527 3192 1589 3247 '0
1624 3194 1726 3263 μὲν
1755 3192 1850 3245 οῦν

264 3293 327 3358 ἐξ
358 3293 639 3360 Δίγύπτου
692 3291 966 3352 Πλωτῖνος
1018 3287 1148 3359 μήθ’
1193 3287 1334 3357 ὑπὲρ
1367 3287 1462 3341 τοῦ
1491 3286 1646 3350 ὄντος
1681 3287 1851 3347 ὅντως

263 3387 419 3458 δόξης
449 3386 607 3448 εἰδὼς
641 3386 677 3440 ἃ.
700 3387 801 3451 δεῖ,
833 3383 963 3456 μήθ’
994 3378 1070 3440 ὧν
1105 3385 1269 3454 ἡμεῖς
1309 3381 1479 3451 μηδὲν
1511 3380 1853 3451 προσδοκῶν,

265 3483 520 3536 τοσοῦτον
554 3483 748 3551 ἀπεῖχε
802 3478 900 3532 τοῦ
959 3476 1215 3547 σώματος
1256 3477 1460 3547 ὁρμαῖς
1509 3476 1606 3530 καὶ
1644 3473 1854 3547 ὀπηοῦν

266 3577 506 3645 ἐφιέναι,
536 3575 661 3628 ὅσον
710 3570 809 3627 τοῦ
858 3570 957 3638 τῆς
1009 3572 1187 3641 ψυχῆς
1220 3570 1431 3638 κόσμου
1460 3567 1578 3634 ,καὶ
1623 3566 1855 3629 κάλλους

266 3669 480 3723 ἐτίθετο
504 3666 662 3736 λόγον
688 3646 719 3700 ί
740 3663 887 3720 οὕτω
920 3664 977 3718 δὲ
1006 3666 1216 3732 ταύτην
1238 3662 1351 3714 τῶν
1387 3659 1665 3731 μεγίστων
1696 3656 1855 3728 ἠξίου

268 3764 364 3818 καὶ
406 3757 482 3817 ὧν
528 3762 765 3833 μάλιστα
806 3761 938 3832 χρὴ,
964 3757 1096 3812 ὥσθ’
1131 3758 1214 3811 ὅτι
1253 3755 1328 3825 μὴ
1362 3757 1502 3826 μόνῃ
1529 3753 1728 3825 ταυτῃὶ
1763 3770 1859 3805 πε-

275 3860 423 3929 ριῆν,
475 3861 503 3913 ὁ
549 3858 595 3910 δ’
639 3856 831 3925 ὥσπερ
879 3842 1513 3922 ὲαυτῷδυσχεραίνειν,
1565 3849 1659 3900 καὶ
1720 3834 1856 3916 πρὸξ

268 3953 533 4024 αἰσχύνης
564 3951 815 4023 ἡγεῖσθαι
839 3950 938 4020 τὴν
966 3948 1104 4018 μετά
1128 3945 1382 4014 σώματος
1411 3943 1624 3997 δίαιταν
1644 3957 1660 3973 ⁸
1686 3944 1858 3996 ταυτὰ

267 4041 443 4096 ταῦτα
476 4039 786 4110 φιλοσοφῶν
812 4037 891 4107 τῷ
919 4036 1014 4088 τοῦ
1059 4033 1279 4097 Ἰεσσαὶ,
1316 4033 1693 4103 δεσμωτήριον
1720 4031 1861 4083 ἀπο.

266 4135 526 4190 καλοῦντι
548 4135 606 4187 τὸ
628 4133 810 4203 σῶμα,
832 4132 929 4185 καὶ
954 4130 1044 4184 διὰ
1074 4130 1233 4183 τοῦτο
1259 4130 1358 4199 τὴν
1379 4127 1559 4194 ἔξοδον
1593 4127 1861 4179 ἐπισπεύ-

266 4229 413 4282 δοντι
440 4245 454 4260 ο
503 4229 666 4298 ἡμεῖς
695 4226 775 4291 δὲ,
821 4222 868 4278 ὣ
902 4222 1064 4277 κενοῦ
1106 4221 1351 4285 πάθουςί
1382 4224 1481 4291 τὴν
1535 4218 1859 4273 δεσποτείαν

268 4325 363 4378 τοῦ
400 4323 493 4377 νοῦ
531 4308 866 4390 κατάγοντες
905 4323 985 4383 είς
1014 4319 1287 4383 δουλείαν,
1321 4320 1419 4371 καὶ
1450 4316 1512 4370 τὸ
1543 4313 1864 4385 θαυμαστὸν

272 4423 370 4474 καὶ
410 4419 702 4472 θεσπέσιον
755 4414 910 4470 τουτὶ
960 4415 1151 4485 χρῆμα
1193 4411 1288 4465 καὶ
1330 4410 1432 4481 τῆς
1479 4408 1743 4462 ἀνωτάτω
1767 4409 1864 4463 καὶ

290 4515 502 4587 πρώτης
528 4514 709 4576 αἰτίας
757 4511 996 4582 μάλιστα
1050 4508 1339 4578 ξυγγενὲς,
1388 4505 1717 4576 μολύνοντες
1750 4504 1864 4565 τοῖς

270 4610 578 4682 αἰσχίστοις
620 4607 776 4662 οὐδὲν
829 4606 891 4660 τὸ
936 4603 1201 4675 παράπαν
1249 4601 1482 4668 οἰόμεθα
1531 4599 1701 4671 δρᾷνο
1755 4595 1864 4651 οὐδ’
1900 4625 1943 4680 D

270 4707 420 4776 ἡμᾶς
467 4705 669 4767 αὐτοὺς
713 4700 1101 4771 καταισχύνειν
1150 4696 1326 4761 οὕτως
1374 4695 1613 4766 ἔχοντες,
1663 4692 1866 4765 μᾶλλον

277 4801 378 4872 μὲν
406 4794 502 4854 οῦν
529 4799 625 4853 καὶ
656 4796 747 4851 διά
777 4796 1000 4850 πάντων
1035 4792 1109 4857 ὡς
1134 4786 1248 4847 οἷόν
1277 4807 1338 4844 τε
1366 4790 1597 4859 ταυτηνὶ
1628 4805 1866 4859 συγκρο-

271 4896 480 4966 τοῦμεν
530 4894 634 4966 τὴν
689 4885 889 4966 ἧτταν,
922 4889 1116 4958 ὥσπερ
1148 4887 1182 4960 ἢ
1233 4884 1446 4958 μηδένα
1476 4883 1609 4954 περὶ
1639 4881 1868 4953 μηδενὸς

273 4988 542 5051 δώσοντες
588 4965 773 5055 λόγον,
801 4984 836 5056 ἢ
887 4982 1072 5054 γερῶν
1119 4983 1360 5051 οίόμενοι
1403 4965 1732 5042 τεύξεσθαι·
1775 4976 1893 5041 καὶ,

281 5083 393 5154 μὴν
420 5077 502 5146 οἷς
539 5081 641 5151 μὲν
690 5079 839 5151 λόγῳ
883 5078 980 5132 καὶ
1027 5075 1244 5153 διανοίᾳ
1287 5073 1425 5145 πρὸς
1457 5071 1680 5126 ἅπαντα
1728 5068 1873 5139 χρώ-

283 5178 445 5249 μεθα,
475 5176 574 5231 καὶ
605 5175 751 5249 μετά
778 5172 875 5227 τοῦ
901 5169 1239 5227 διανοεῖσθαί
1270 5186 1332 5222 τε
1379 5166 1478 5222 καὶ⁵
1506 5166 1728 5236 φρονεῖν
1760 5163 1872 5226 τοῖς

278 5274 608 5343 πράγμασιν
665 5266 1031 5339 ἐγχειροῦμεν
1078 5266 1161 5327 είς
1208 5259 1535 5333 ἀνθρώπους
1564 5255 1867 5326 τελοῦμεν·

279 5363 475 5433 ἀμέλει
504 5361 600 5414 καὶ
647 5359 872 5413 Πλάτων
895 5358 1093 5427 ὅτιπερ
1115 5356 1217 5409 οὐκ
1239 5354 1457 5422 ἄλογος,
1488 5349 1626 5405 ἀλλά
1651 5348 1873 5417 λογικὸς

279 5451 549 5522 ἐγεγόνει,
580 5447 1103 5519 μεγαλαυχούμενος
1158 5442 1227 5517 ἦν
1248 5461 1264 5479 ο
1297 5440 1380 5509 οἷς
1425 5442 1472 5497 δ’
1501 5441 1678 5505 οὕτως
1714 5441 1875 5511 ἀνοή-

279 5565 390 5609 τως
426 5545 637 5613 ἀλόγων
672 5544 831 5612 δίκην
860 5546 972 5606 τοῖς
1011 5539 1242 5595 πάθεσιν
1271 5538 1618 5608 ύποκείμεθα
1648 5538 1743 5589 καὶ
1773 5536 1873 5606 τὴν

285 5637 545 5690 ὑπόθεσιν
595 5634 1038 5707 παραϐαίνομεν,
1074 5635 1175 5702 τὴν
1230 5631 1397 5701 φύσιν
1452 5627 1808 5699 ἀρνούμεθα-⁸
1847 5624 1875 5678 ὃ

286 5733 381 5783 καὶ
429 5729 698 5793 θαυμάζω
747 5730 798 5780 εί
846 5726 1080 5794 ἀλόγους
1132 5724 1234 5794 μέν
1280 5740 1427 5784 τινος
1462 5722 1612 5791 ἡμᾶς
1651 5735 1878 5789 προσει-

289 5824 482 5886 πόντος
528 5825 629 5875 οὐκ
677 5822 744 5875 ἂν
791 5820 1156 5892 ἠνεσχόμεθα,
1189 5817 1345 5869 αὐτοὶ
1393 5815 1448 5868 δὲ
1483 5810 1563 5876 οἷς
1611 5810 1875 5881 ποοῦμεν

289 5921 517 5991 ἀλογίαν
543 5918 856 5983 νοσοῦντες,
881 5917 982 5968 οὐκ
1019 5914 1428 5984 αἰσθακόμεθα·
1460 5905 1525 5964 οῦ
1565 5908 1749 5981 μεῖζον
1779 5910 1873 5961 οὺ-

1954 599 2012 656 in
2053 618 2257 657 vanum
2302 601 2642 658 laborabitis.
2700 598 2808 656 Ubi
2854 612 3039 657 autem
3080 600 3199 665 illa,
3242 608 3305 655 ut
3352 610 3553 656 natura

1954 718 2290 788 prmscribit,
2337 717 2679 783 dominatur,
2726 717 2914 772 omnia
2966 715 3111 773 bene
3146 715 3365 780 cedent,
3449 731 3554 772 nec

1956 834 2315 891 metuendum
2365 842 2452 888 est
2493 849 2561 889 ne
2601 832 2855 889 ordinem
2902 832 3278 889 intervertatis
3318 842 3375 889 et
3407 833 3553 888 malo

1956 945 2235 1018 principio
2264 954 2459 1000 contra
2502 951 2763 1000 naturam
2818 942 3153 1016 indulgeatis
3181 951 3238 1000 et
3269 957 3445 1014 pravo
3462 944 3554 1016 ju-

1958 1062 2108 1118 dicio
2135 1060 2322 1118 omnia
2353 1058 2730 1118 confundatis.

2026 1996 2122 2054 28.
2158 1999 2218 2058 Si
2252 2000 2490 2075 denique
2517 2004 2702 2063 anima
2734 2005 2984 2078 corporis
3012 2005 3417 2064 adminiculum
3437 2019 3547 2076 est,

1951 2109 2221 2184 nullaque
2251 2131 2312 2171 re
2354 2117 2420 2173 ad
2457 2119 2544 2174 sui
2589 2090 3056 2176 sustentationem
3104 2130 3253 2192 eget,
3286 2121 3383 2177 sed
3414 2122 3551 2178 illud

1936 2224 2138 2283 'movet
2160 2235 2218 2284 et
2252 2228 2515 2299 viviﬁcat,
2558 2248 2590 2289 e
2618 2224 2855 2305 corpore
2886 2244 3070 2291 autem
3100 2234 3292 2292 exiens
3327 2234 3460 2293 facit
3494 2212 3555 2319 ut

1936 2341 2063 2398 'hoc
2118 2336 2343 2418 corpus
2375 2347 2560 2405 subito
2594 2348 2930 2407 dissolvatur
2976 2362 3035 2407 et
3076 2351 3132 2406 in
3177 2351 3413 2407 nihilum
3465 2367 3558 2408 re-

1952 2455 2121 2524 deat;
2155 2460 2337 2515 anima
2366 2470 2548 2516 tamen
2574 2459 2944 2518 nihilominus
2986 2461 3282 2534 perdurat,
3326 2470 3385 2518 et
3423 2478 3556 2519 cor-

1953 2586 2092 2644 p0re
2149 2581 2302 2628 tanto
2360 2574 2535 2645 major
2584 2556 2693 2640 est,
2751 2580 2962 2646 quanto
3018 2572 3253 2648 simplex
3298 2586 3559 2635 creatura

1954 2689 2131 2777 major
2148 2699 2234 2747 est
2262 2691 2591 2763 composita,
2616 2707 2740 2763 qua:
2764 2706 2915 2748 nunc
2940 2700 3043 2759 est,
3072 2706 3224 2747 nunc
3249 2692 3555 2758 evanescit,

1953 2801 2418 2858 absurdissimum
2449 2818 2583 2860 sane
2608 2814 2757 2860 esset
2780 2814 2839 2860 et
2868 2802 3286 2877 stultissimum,
3311 2804 3558 2859 animam

1955 2915 2012 2970 in
2044 2917 2373 2973 servitutem
2407 2919 2683 2990 redigere,
2728 2917 2925 2990 reique
2962 2916 3276 2974 irrationali
3307 2929 3366 2974 et
3402 2933 3557 2974 mor-

1959 3028 2075 3096 tali,
2113 3028 2336 3100 corpori
2361 3029 2612 3100 inquam,
2654 3043 2775 3085 rem
2818 3026 3144 3084 rationalem
3178 3037 3237 3084 et
3262 3027 3560 3085 immorta-

1955 3144 2066 3202 lem
2101 3145 2399 3216 subjicere.
2453 3144 2704 3202 Plotinus
2734 3132 2974 3218 quidem
3005 3141 3301 3216 Egyptius
3338 3143 3437 3215 qui
3484 3144 3560 3202 de

1880 3252 1929 3320 C
1965 3274 2154 3315 rerum
2180 3261 2429 3317 essentia
2459 3262 2718 3318 eruditus
2753 3270 2817 3318 ut
2844 3275 3010 3317 nemo
3059 3263 3237 3332 magis
3278 3259 3381 3317 fuit
3437 3275 3569 3317 cor—Vr

1964 3376 2118 3445 poris
2153 3376 2444 3447 minorem,
2486 3378 2683 3432 anima:
2715 3378 2979 3454 majorem
3015 3377 3558 3447 habuit'rationem;

1964 3504 2139 3559 quare
2193 3490 2335 3544 hanc
2388 3491 2614 3544 maximi
2679 3490 3017 3561 aestimavit,
3069 3491 3319 3561 corporis
3374 3502 3565 3549 autem

1965 3601 2344 3656 exsistentiam
2391 3601 2446 3656 in
2513 3601 2763 3656 inferiori
2796 3602 2923 3657 loco
2956 3603 3161 3672 posuit,
3203 3612 3273 3665 ut
3324 3604 3563 3663 Davides

1966 3730 2170 3786 corpus
2194 3730 2474 3803 carcerem
2499 3717 2804 3816 appellans,
2833 3717 2981 3772 unde
3002 3718 3157 3773 exire
3185 3719 3569 3791 maximopere
3623 3722 3637 3729 ’

1966 3830 2392 3914 desiderantium
2452 3840 2558 3886 est.
2613 3831 2747 3897 Nos,
2779 3846 2812 3886 ο
2839 3830 3130 3887 stultitiam
3157 3834 3170 3888 ι
3202 3835 3405 3891 mentis
3462 3837 3564 3892 do-

1966 3947 2328 4031 minationem
2362 3949 2417 4003 in
2449 3949 2775 4019 servitutem
2806 3949 3213 4022 redegimus,et
3245 3951 3324 4006 sic
3346 3966 3568 4009 summa

1969 4063 2097 4119 imis
2127 4063 2535 4120 confundentes
2571 4063 2731 4134 quasi
2769 4078 2829 4119 re
2860 4065 3004 4121 bene
3033 4075 3184 4137 gesta
3226 4066 3568 4138 gloriamuri

1969 4197 2072 4238 nos
2101 4181 2241 4237 citra
2290 4196 2514 4237 omnem
2546 4181 2815 4252 pudorem
2842 4197 2947 4238 nos
2966 4183 3105 4239 sitos
3134 4183 3469 4261 opinantes,
3491 4185 3562 4242 de

1970 4295 2126 4352 clade
2170 4294 2510 4350 exsultamus
2536 4294 2694 4365 quasi
2737 4295 2951 4379 nemini
2982 4298 3255 4377 rationem
3284 4298 3562 4356 reddituri

1971 4418 2069 4463 aut
2115 4407 2541 4464 retributionem
2581 4407 2880 4479 aliquando
2909 4461 2915 4475 ι
2945 4411 3253 4481 accepturi.
3305 4415 3566 4469 Attamen

1973 4524 2253 4580 ratiocinii
2275 4524 2449 4582 solius
2474 4540 2579 4595 ope
2611 4525 2719 4581 rite
2750 4534 2807 4581 et
2840 4525 3129 4583 hominum
3183 4543 3339 4585 more
3393 4545 3562 4602 agere

1972 4638 2241 4693 valemus.
2267 4636 2408 4693 Num
2458 4636 2616 4693 Plato
2641 4637 2715 4693 ob
2765 4638 2818 4694 id
2858 4639 3009 4706 quod
3039 4640 3460 4700 rationalis'nec
3493 4645 3572 4700 ir.

1972 4746 2259 4803 rationalis
2286 4756 2435 4804 esset
2469 4748 2827 4820 superbivit?
2859 4748 2971 4807 Nos
3012 4762 3198 4808 autem
3229 4755 3324 4825 qui
3361 4755 3567 4813 bestia-

1972 4876 2096 4916 rum
2129 4862 2305 4918 instar
2346 4864 2533 4933 pravis
2556 4864 2831 4921 servimus
2860 4867 3279 4938 cupiditatibus,
3312 4883 3566 4930 naturam

1972 4990 2263 5047 negamus.
2317 4975 2482 5033 Certe
2516 4976 2563 5032 si
2589 4978 2717 5048 quis
2751 4978 2972 5051 stupide
3024 4995 3127 5038 nos
3164 4983 3568 5056 alloqueretur,
3637 5010 3641 5056 ;

1973 5108 2118 5164 πετο
2168 5092 2466 5160 ferremus,
2515 5108 2622 5150 nec
2646 5093 2902 5151 videmus
2957 5111 3061 5152 nos
3115 5098 3268 5170 ipsos
3319 5100 3571 5159 stultitiae

1975 5207 2174 5264 morbo
2214 5208 2515 5276 laborare;
2558 5224 2670 5280 quo
2720 5210 2861 5265 nihil
2927 5211 3165 5283 turpius.
3222 5214 3364 5269 Dum
3419 5217 3572 5275 enim

1976 5318 2120 5390 parti
2159 5318 2358 5373 anima:
2388 5318 2533 5373 male
2582 5332 2731 5373 sana:
2778 5321 3139 5388 attendimus,
3172 5322 3374 5377 mentis
3423 5336 3573 5379 sanae

1975 5437 2249 5493 rationem
2274 5435 2483 5490 nullam
2534 5434 2828 5500 habemus,
2865 5435 2917 5491 id
2953 5438 3100 5507 quod
3133 5437 3274 5492 nihil
3305 5437 3455 5494 aliud
3486 5449 3575 5495 est

1976 5551 2083 5607 nisi
2125 5551 2425 5619 dementia,
2453 5551 2630 5622 caligo
2677 5568 2801 5623 qua:
2839 5569 2870 5608 e
2915 5552 3269 5623 passionibus
3309 5567 3576 5610 emanans

1973 5670 2244 5740 judicium
2275 5671 2535 5724 obscurat
2569 5677 2625 5721 et
2657 5668 2903 5722 animum
2940 5666 3006 5721 ad
3041 5682 3331 5722 servorum
3368 5665 3576 5724 [cedam

1980 5785 2356 5843 conditionem
2388 5782 2657 5837 detrudit.
2690 5782 2748 5837 In
2774 5782 3036 5840 omnibus
3082 5782 3248 5854 igitur
3279 5785 3419 5839 ratio
3449 5798 3585 5857 Ope:

1984 5911 2159 5969 retur,
2199 5907 2252 5955 ct
2280 5912 2369 5953 res
2410 5895 2573 5952 salva:
2606 5904 2791 5950 erunt.
