4018 6420
298 328 3527 374 WW3

297 359 428 375 ~-.

1493 529 1671 578 ANNO
1716 531 1945 578 DOMINI
1991 534 2340 582 MCCCXXXV

568 710 1972 899 NICEPHOBUS
2109 711 3311 904 CALLISTUS

1415 1036 2478 1162 XANTHOPULUS

1257 1437 1777 1532 NOTITIA
1846 1440 2013 1533 EX
2086 1441 2653 1537 FABRICIO

1280 1639 1580 1721 7(Bibliolh.
1609 1643 1693 1701 6r.
1720 1644 1803 1695 ed.
1827 1644 2025 1703 Harles,
2059 1648 2179 1695 tom.
2207 1642 2342 1707 VIll,
2372 1659 2424 1709 p.
2449 1645 2585 1711 437.)

375 1941 723 2009 Nieephorus
760 1945 1020 2003 Callistus
1064 1944 1475 2019 Xantbopulus,
1513 1951 1829 2008 Callistidcs
1880 1954 1997 2008 sive
2049 1951 2262 2008 Callisti
2299 1951 2636 2025 Xanthopnli
2669 1952 2838 2018 illius,
2869 1950 3167 2010 Historiam
3195 1969 3352 2011 suam
3381 1955 3588 2014 obtulit

301 2033 620 2091 Andronico
652 2037 960 2110 Palzeologo
992 2041 1311 2113 imperatori
1338 2044 1449 2114 jam
1479 2043 1599 2098 seni
1633 2043 1736 2114 (a),
1769 2043 1862 2115 qui
1892 2044 1957 2099 A.
1995 2044 2056 2100 C.
2099 2045 2238 2100 1527
2264 2048 2689 2115 septuagenario
2721 2048 2898 2118 major
2930 2048 3071 2103 obiit
3103 2067 3117 2104 :
3151 2049 3384 2122 ipseque
3415 2059 3587 2106 testa-

303 2133 401 2180 tur
424 2143 548 2183 eam
594 2146 652 2186 se
709 2134 763 2186 in
793 2135 1085 2205 juvcntnte
1145 2136 1394 2191 scribere
1457 2152 1802 2208 aggressum,
1837 2137 2143 2194 absolvisse
2180 2154 2306 2193 cum
2342 2155 2549 2194 annum
2601 2141 2779 2197 a-tatis
2812 2141 2881 2196 56
2927 2144 3177 2198 nondum
3205 2158 3471 2201 emensus
3508 2146 3584 2215 (b)

299 2233 473 2287 esset,
527 2226 889 2298 adjutumque
941 2229 1282 2286 bibliotheca
1333 2231 1549 2287 Sanctae
1603 2231 1825 2301 Sophia
1857 2231 2020 2287 CPoli
2058 2232 2152 2299 (ε),
2218 2232 2273 2287 in
2339 2248 2445 2302 qua
2509 2232 2701 2287 llorem
2744 2234 2921 2291 aetatis
2972 2239 3261 2310 transegit.
3305 2238 3592 2297 Michaelis

303 2315 597 2388 Palteologi
636 2319 985 2390 imperatoris
1012 2331 1069 2378 et
1090 2322 1395 2378 Andronici
1420 2326 1638 2392 nepotis
1672 2324 1926 2379 meminit
1965 2324 2022 2378 in
2054 2324 2307 2395 catalogo
2341 2323 2741 2394 imperatorum
2774 2323 2941 2382 CPol.
2968 2325 3090 2397 (d):

1248 2466 1521 2538 Λαμπρδς
1550 2465 1798 2538 Μιχαὴλ,
1835 2466 2206 2535 Παλαιολὸγος
2236 2468 2421 2536 τρίτος

1247 2537 1458 2599 Ὄντως
1498 2536 1752 2605 βασιλεὺξ
1777 2540 1871 2591 καὶ
1900 2537 2085 2607 λόγοις
2115 2541 2211 2591 καὶ
2249 2537 2576 2606 πρακτέοις.

1245 2607 1594 2678 Ἀνδρόνικος
1623 2610 1757 2670 παῖς
1792 2607 2073 2680 συνδρομὴ
2095 2611 2206 2662 τῶν
2240 2610 2504 2680 χαρίτων.

381 2749 527 2818 Quin
556 2752 636 2807 ad.
662 2752 799 2824 imp.
847 2749 1080 2808 Joannis
1107 2749 1480 2807 Cantacuzcni
1514 2758 1763 2819 tempora
1811 2750 2133 2821 pervenisse
2161 2760 2330 2822 atque
2363 2751 2505 2806 adeo
2559 2750 2709 2807 circa
2754 2752 3003 2808 medium
3047 2755 3232 2809 saeculi
3284 2770 3376 2810 xrv
3413 2755 3600 2811 adhuc

302 2842 535 2910 vixisse,
581 2861 649 2901 ex
678 2846 939 2917 Catalogo
965 2845 1428 2916 patriarcharum,
1459 2844 1527 2899 de
1559 2859 1670 2914 quo
1702 2843 1866 2910 infra,
1895 2859 2219 2918 cognoscas.
2260 2845 2492 2901 Exstant
2536 2845 2789 2901 Historia!
2828 2847 3219 2904 Ecclesiaslicte
3245 2849 3368 2904 libri
3408 2850 3460 2905 Χ
3473 2849 3598 2906 Vlll

305 2938 514 3006 (neque
546 2938 733 3007 plures
771 2945 904 2992 tunc
926 2937 1099 2992 libros
1126 2936 1416 3006 scripsisse
1446 2951 1506 2991 se
1538 2951 1663 3007 pag.
1701 2935 1772 2991 58
1833 2935 2185 3008 Nicephorus
2214 2937 2331 3008 ipse
2360 2948 2556 2994 auctor
2579 2937 2686 3011 est)
2725 2954 2758 2994 ι
2787 2950 2917 2994 nato
2943 2940 3166 2997 Christo
3205 2940 3275 2996 ad
3307 2943 3596 2999 interitum

304 3049 488 3103 usque
517 3035 736 3101 Phocas,
766 3034 825 3089 h.
856 3049 908 3090 e.
940 3034 1010 3089 ad
1041 3035 1107 3089 A.
1140 3034 1204 3090 (Ζ.
1230 3033 1358 3098 610,
1392 3048 1458 3088 ex
1490 3033 1755 3096 Eusebio,
1788 3033 2123 3101 Sozomeno,
2153 3036 2405 3100 Socrate,
2450 3035 2831 3103 Theodoreto,
2878 3036 3269 3109 Philostorgio,
3303 3038 3599 3098 Theodoro

303 3128 565 3198 Lectore,
596 3130 802 3187 Basilio
829 3130 1023 3196 Cilice,
1052 3129 1289 3202 Evagrio
1318 3132 1482 3200 (quos
1519 3145 1642 3200 pag.
1691 3130 1764 3186 55
1815 3132 2151 3187 nominatim
2197 3133 2412 3203 laudat)
2439 3131 2677 3202 aliisque
2715 3131 2983 3187 contexti.
3008 3130 3177 3204 igitur
3207 3149 3332 3204 qua:
3361 3144 3484 3203 post
3510 3150 3603 3190 ar-

301 3234 570 3294 gumenta
624 3225 896 3280 librorum
949 3223 1117 3279 XVIII
1178 3230 1493 3293 sequuntur
1522 3238 1644 3295 pag.
1699 3223 1771 3278 42
1820 3236 2144 3295 argumenta
2193 3226 2320 3282 libri
2374 3224 2492 3280 XIX
2538 3240 2594 3281 et
2625 3226 2977 3296 sequentium
3013 3236 3191 3297 usque
3218 3227 3285 3282 ad
3317 3226 3512 3294 XXIII,
3544 3237 3603 3284 ct

304 3326 549 3374 mortem
582 3318 785 3375 Leonis
818 3317 1139 3389 Philosophi
1190 3317 1308 3373 sive
1363 3318 1429 3372 A.
1486 3315 1551 3372 C.
1599 3317 1728 3382 911,
1759 3318 1829 3372 ah
1862 3318 1972 3373 alio
2002 3328 2236 3375 auctore
2273 3335 2342 3374 an
2400 3319 2714 3389 Nicephoro
2759 3321 2882 3390 ipso
2939 3321 3177 3377 additam
3210 3339 3314 3378 nec
3366 3324 3606 3394 amplius

302 3420 621 3466 exstantem
679 3412 938 3468 llistorise
974 3412 1458 3469 continuationem
1495 3412 1826 3483 respiciunt,
1860 3423 1917 3468 et
1939 3415 2010 3470 ab
2045 3416 2349 3486 interprete
2395 3416 2592 3471 Latino
2620 3414 2708 3470 lo.
2742 3413 2927 3487 Lange
2957 3426 3088 3471 sunt
3139 3417 3344 3486 rejecta
3379 3418 3447 3473 ad
3490 3420 3605 3475 cal-

305 3522 433 3565 cem
472 3510 676 3581 operis.
709 3510 1188 3578 Quemadmodum
1223 3526 1390 3581 porro
1415 3509 1488 3565 ob
1537 3511 1666 3580 styli
1703 3513 2035 3580 elegantiam
2085 3512 2408 3583 Thucydides
2462 3511 2851 3567 ecclesiasticus
2903 3513 2996 3569 hic
3044 3514 3393 3583 Nicephorus
3447 3518 3606 3571 audit

304 3601 528 3658 clariss.
565 3602 1054 3670 Schurzileischio,
1097 3604 1172 3659 ita
1205 3619 1235 3658 a
1266 3603 1327 3658 Β.
1353 3603 1567 3658 Joanne
1594 3602 1881 3659 Gerhardo
1909 3605 1983 3659 ob
2030 3604 2245 3660 fabulas
2281 3608 2353 3675 (ε)
2380 3621 2515 3674 quas
2548 3605 2783 3672 miscet,
2822 3604 3204 3675 Tlieologorum
3233 3605 3470 3663 Plinium
3501 3624 3605 3678 ap-

307 3696 509 3769 pellari
548 3697 714 3753 video
743 3712 868 3768 pag.
920 3696 1029 3752 258
1060 3696 1297 3751 Methodi
1324 3696 1490 3751 studii
1532 3696 1691 3751 theol.
1722 3696 1875 3753 Illius
1910 3706 2092 3752 tamen
2131 3699 2327 3767 pannis
2362 3713 2663 3767 purpuram
2693 3697 3028 3767 quandoque
3055 3699 3318 3754 intextam
3346 3714 3413 3753 ex
3445 3700 3609 3758 bonis

305 3796 409 3866 qui
442 3795 659 3866 periere
689 3796 1079 3868 scriptoribus.
1114 3804 1267 3851 recte
1289 3804 1481 3850 monet
1510 3792 1788 3859 [rabbeus,
1828 3804 1868 3852 ι.
1908 3794 1978 3859 ll,
2013 3797 2087 3852 De
2119 3796 2180 3852 S.
2223 3796 2286 3852 E.
2321 3813 2374 3865 ι).
2409 3796 2532 3851 102.

388 3892 654 3949 Prodiere
680 3894 804 3949 libri
836 3893 915 3948 illi
946 3893 1139 3955 XVIII,
1177 3907 1415 3962 quorum
1450 3891 1646 3962 primat
1679 3892 1878 3948 litterae
1934 3909 1975 3948 nt

2017 3909 2137 3949 men
2198 3892 2514 3965 Νικηφόρον
2541 3892 2850 3947 Καλλίστου
2889 3890 3181 3951 referunt.
3208 3907 3276 3948 ex
3301 3890 3388 3947 Jo.
3430 3890 3604 3962 Langi

311 3988 754 4058 Erphurdiensis
773 3989 1034 4045 versione
1068 3986 1287 4050 Latine,
1318 3987 1488 4045 Basil.
1523 3988 1685 4051 1553,
1723 3987 1843 4051 iol.,
1869 3998 1927 4044 et
1954 4004 2023 4044 ex
2051 3992 2226 4046 altera
2268 3991 2390 4061 ejds
2424 3991 2804 4061 recognitione
2833 3988 2967 4045 ibid.
2989 3989 3149 4054 1561,
3181 3987 3300 4053 (01.,
3327 4003 3451 4043 cum
3483 3990 3606 4058 ejus

314 4083 573 4146 scholiis,
604 4097 723 4137 tum
752 4084 1037 4153 Antwerp.
1067 4081 1246 4146 156ος
1279 4083 1458 4137 Paris.
1491 4082 1652 4146 1562,
1680 4082 1861 4148 1575;
1902 4082 2159 4139 Francof.
2201 4084 2375 4152 1588;
2408 4083 2530 4149 fol.,
2568 4085 2747 4139 Paris.
2777 4083 2938 4149 1566,
2970 4084 3034 4151 8;
3086 4084 3307 4139 duobus
3344 4083 3478 4149 vol.;
3510 4083 3610 4139 sed

313 4190 377 4236 et
410 4177 620 4233 Gallice
651 4179 956 4249 interprete
1012 4177 1105 4234 lo.
1147 4178 1377 4245 Gilloto,
1410 4179 1589 4236 Paris.
1625 4179 1788 4244 1567,
1820 4180 1891 4236 fol

2024 4181 2209 4251 :nique
2237 4180 2427 4237 Graece
2487 4190 2546 4237 et
2602 4180 2797 4236 Latine
2830 4181 3008 4236 Paris.
3066 4180 3229 4245 1650,
3264 4179 3359 4235 fol.
3392 4180 3448 4234 2.
3484 4179 3611 4236 Vol.

314 4293 446 4335 cum
497 4275 665 4347 Langi
708 4276 1001 4342 versione,
1049 4292 1149 4347 per
1179 4275 1517 4332 Frontonem
1564 4277 1850 4344 Ducaaum,
1886 4288 1945 4333 ut
1992 4278 2161 4334 habet
2220 4277 2435 4342 titulus,
2482 4277 2799 4348 recognita;
2835 4275 2931 4331 sed
2964 4272 3330 4330 Combeiisius
3359 4273 3415 4328 in
3468 4272 3613 4330 Bibl.

316 4377 761 4439 Concionatoria,
803 4376 998 4447 Langi,
1039 4375 1255 4445 inquit,
1292 4376 1715 4447 recognoscenda
1764 4376 2004 4431 versione
2040 4384 2088 4429 et
2111 4373 2433 4443 castigandis
2462 4373 2659 4428 natalis
2694 4387 2814 4444 qua:
2844 4369 3041 4443 passim
3063 4383 3295 4439 asperare
3323 4376 3469 4433 sunt,
3499 4385 3616 4423 ma-
3701 4358 3709 4364 ’

309 4473 491 4542 jarem
541 4470 724 4525 Durati
750 4470 1082 4539 diligentiam
1133 4468 1344 4533 vellem,
1389 4470 1445 4523 ni
1496 4469 1632 4537 forte
1665 4469 1984 4541 typograplti
2010 4471 2066 4522 in
2105 4484 2224 4521 eum
2278 4467 2601 4523 liberaliora
2655 4467 2821 4538 fuere,
2882 4465 3101 4535 ejusque
3138 4460 3359 4533 pra'ﬁxo
3402 4464 3618 4521 nomine

323 4563 608 4620 voluerunt
630 4563 763 4632 libri
786 4564 1017 4632 pretium
1048 4560 1471 4628 augere.Grteca
1506 4576 1537 4615 a
1565 4560 1763 4615 Ducam
1785 4561 2063 4630 descripta
2086 4570 2213 4616 sunt
2235 4575 2266 4615 e
2296 4560 2487 4617 codice
2516 4577 2626 4631 quo
2654 4561 2783 4616 olim
2818 4573 2948 4612 usus
2969 4555 3279 4627 Langns,et
3303 4556 3395 4626 qui
3420 4558 3618 4612 unicus

322 4656 576 4711 creditur
611 4631 1101 4726 hodiesuperare,
1133 4652 1341 4725 quique
1376 4669 1444 4708 ex
1488 4653 1730 4709 Matthiae
1755 4653 1981 4710 Corvini
2016 4654 2151 4710 bibl.
2182 4653 2423 4709 Budcnsi
2469 4654 2719 4724 direptus
2743 4652 2875 4707 olim
2909 4667 2937 4704 a
2974 4648 3192 4714 Turcis,
3220 4658 3278 4704 at
3321 4647 3482 4705 CPoli
3533 4666 3619 4705 re-

325 4754 585 4822 demptus
612 4753 684 4807 ab
710 4750 935 4821 homine
959 4747 1280 4804 Christiano
1306 4748 1532 4804 devenit
1556 4749 1612 4803 in
1639 4748 1776 4804 bibl.
1810 4749 2118 4805 Caesaream
2173 4750 2237 4820 (Γ)
2275 4748 2783 4813 Vindobonensem,
2818 4742 2910 4799 ubi
2972 4742 3249 4813 hodieque
3274 4755 3616 4800 asservatur.

402 4944 480 5010 ta)
515 4938 861 5010 Nirephorus
901 4937 956 4991 in
999 4934 1350 5010 dedicatione
1402 4933 1541 5010 Hist.
1586 4932 1913 5010 Efeles._ad
2022 4934 2160 4989 Hist.
2204 4928 2356 5004 ags,
2383 4950 2417 5003 p
2467 4934 2581 4988 δάε
2621 4950 2744 4987 nam
2779 4931 2872 5001 qui
2912 4930 2985 4985 ibi
3042 4933 3110 5010 de
3141 4930 3476 5010 junioribus
3511 4931 3585 5010 im

330 5003 480 5065 hunc
507 5003 885 5065 Andronicum
919 5023 1040 5078 pag.
1072 5005 1177 5060 20:
1199 5007 1308 5059 Καὶ
1327 5022 1386 5058 σε
1413 5005 1708 5078 οῐομαιλδιὰ
1729 5003 1917 5078 fabra

2032 5003 2371 5078 peratorihus
2400 5013 2711 5078 sequuntur
2744 5018 2966 5078 versus,
3009 5005 3078 5078 ab
3105 5003 3215 5078 alio
3249 5003 3479 5078 fuerunt
3516 5006 3584 5057 ad
3605 5029 3619 5042 -

332 5081 427 5133 καὶ
453 5082 511 5144 ἐς
558 5081 825 5148 μήκιστόν
852 5071 935 5132 σοί
971 5071 1240 5148 βῖὡσιμον
1276 5071 1698 5148 προσγενέσθοιι.
1728 5076 1917 5148 itaque

2033 5071 2146 5138 diti,
2182 5077 2369 5145 itaque
2404 5071 2587 5148 neque
2620 5075 2671 5129 in
2708 5074 2884 5148 altero
2925 5074 3122 5148 codice
3178 5071 3350 5143 Hegio
3381 5114 3396 5139 ,
3436 5088 3620 5143 neque

335 5165 388 5220 p.
424 5152 454 5204 7
481 5143 501 5208 :7
538 5143 695 5212 ἄνθος
744 5150 895 5220 ὥρας
948 5143 1056 5202 non
1108 5143 1449 5220 reddendum
1491 5147 1683 5220 «etatis,
1713 5146 1812 5220 ﬂos
1828 5143 1850 5220 '_
1868 5153 1918 5200 et
2022 5147 2076 5201 in
2114 5143 2358 5220 ulloqno
2383 5143 2512 5220 us_us
2536 5144 2776 5220 Joannes
2807 5143 3049 5220 La_ngus,
3088 5146 3371 5220 leguntur.

334 5212 500 5290 rigor,
551 5221 646 5275 sed
677 5222 773 5292 ﬂos
797 5212 1095 5292 'venustatis
1126 5218 1204 5288 (l)
1231 5235 1248 5284 ;
1295 5220 1373 5272 uti
1424 5234 1478 5287 p.
1512 5216 1615 5278 24,
1661 5212 1919 5292 6_"Aplo_-
2037 5212 2403 5292 __(e)_Cdnl'er
2423 5216 2833 5292 Casaubonum,
2863 5212 3058 5292 Ex'er‘c.
3088 5214 3140 5279 1,
3166 5213 3221 5269 in
3250 5212 3451 5292 lia-ron.
3478 5221 3621 5292 se_c_t.

334 5283 501 5355 τῶνος
526 5283 949 5346 ιιιθιθίὈάἀίιυι·
994 5283 1295 5355 Aristonus,
1325 5283 1451 5343 cum
1485 5283 1812 5342 vertendum
1844 5288 1920 5343 sit
2029 5283 2449 5350 i7tCamerar,
2479 5286 2546 5340 ad
2575 5284 2737 5340 Joan.
2776 5302 2850 5352 xu,
2887 5289 2907 5339 1
2936 5301 2958 5351 ;
2984 5286 3178 5341 Bezam
3204 5285 3271 5338 ad
3306 5289 3430 5338 Act.
3462 5300 3499 5342 ι.
3528 5283 3617 5347 15,

335 5364 597 5420 Aristonis
626 5359 720 5426 F.,
750 5377 947 5431 nempe
971 5359 1146 5415 Plato.
1171 5430 1199 5431 ί
2027 5369 2083 5414 et
2117 5359 2381 5414 Blondelli
2414 5355 2927 5428 Speudolsidorum,
2956 5373 3010 5426 p.
3038 5358 3138 5424 37;
3165 5356 3534 5411 Posscvinutn
3561 5355 3619 5407 in

399 5433 474 5499 (bl
513 5432 615 5487 Lib
665 5443 702 5497 I,
734 5448 856 5501 cap.
884 5430 942 5495 1,
980 5446 1103 5501 pag.
1134 5430 1225 5484 45.
2029 5431 2330 5501 Apparatu,
2365 5442 2468 5501 etc.

406 5495 477 5574 (ο)
520 5502 643 5558 Lib.
674 5495 712 5574 t',
747 5495 870 5570 cap.
912 5495 1125 5574 l.'pa'g_
1157 5502 1247 5574 57.
1457 5571 1467 5574 Α
1594 5572 1617 5574 _
1845 5572 1853 5574 _
2076 5495 2163 5570 ’([ι
2190 5500 2393 5574 Confer
2442 5498 2823 5574 Lambecium,
2870 5499 2950 5574 de
2981 5495 3121 5551 Bibl.
3170 5496 3389 5553 Vindob.
3436 5496 3539 5552 lib.
3578 5507 3619 5559 ι,

741 5541 1390 5643 δίἵιοίρᾟιιῖἶῖθῐιξιίίιθιιιη
1454 5571 1510 5626 in
1583 5572 1918 5645 Protreptico
2028 5541 3138 5643 pa‘g'.’

403 5733 474 5796 (ι)
497 5731 632 5786 Nihil
655 5733 942 5784 mutandum
966 5742 1261 5793 censemus;
1288 5730 1381 5780 hoc
1414 5729 1603 5781 etenim
1626 5730 1736 5781 loco
1772 5736 1945 5781 auctor
1964 5728 2110 5780 dotes
2132 5737 2391 5779 enumerat
2430 5741 2541 5792 quae
2565 5725 2900 5777 Andronicum
2921 5726 3163 5789 juvenem
3186 5725 3449 5776 ornabant.
3471 5723 3616 5777 Eutr.
