4018 6412
504 398 636 461 πΞῖἒὶ
1754 396 2171 458 NICEPHORI
2216 397 2300 456 CA
2316 398 2562 459 LLISTI
3651 402 3742 463 ἴρὓο

526 516 639 594 qui
682 512 956 594 publicis
998 512 1286 576 invidens
1320 512 1679 588 commodis,
1729 531 1909 573 suum
1945 513 2550 591 fecissevidebatur,
2596 531 2672 573 ne
2717 521 2870 574 esset
2913 514 3207 575 aliorum.
3240 512 3364 575 Sed
3398 505 3631 576 tandem
3670 516 3738 577 ab

512 619 767 698 injuste
799 616 1049 678 domino
1088 615 1158 675 in
1192 615 1504 693 familiam
1540 617 1943 694 imperatoris
1971 617 2252 690 transiit,
2281 636 2352 675 ac
2377 616 2773 694 postliminio
2804 617 3132 677 restitutus
3163 635 3226 675 eo
3262 624 3349 675 est
3374 614 3529 699 unde
3553 616 3744 693 fuerat

517 718 780 779 ablatus
818 740 838 779 :
887 725 1107 777 auctor
1139 716 1444 795 siquidem
1478 717 1609 795 ipse
1641 716 2036 796 Nicephorus
2088 735 2270 777 suum
2309 721 2683 795 imperatore
2717 717 2975 795 dignum
3020 736 3243 777 munus
3259 717 3664 796 judicaverat.
3695 723 3745 776 et

527 817 903 897 Palceologo,
934 819 1030 878 uti
1066 818 1339 895 suspicio
1370 827 1484 892 est,
1518 819 1848 880 historiam
1879 825 2299 879 consecrarat.
2325 819 2601 878 Joannes
2630 820 2906 897 Langus,
2937 820 3039 879 vir
3070 818 3143 879 de
3178 818 3495 896 republica
3523 818 3746 878 littera-

526 919 631 980 ria
675 921 903 997 optime
950 920 1237 991 meritus,
1273 937 1410 978 eum
1435 920 1681 997 primus
1729 939 1758 979 e
1791 919 2198 980 Bibliotheca
2241 919 2510 979 vinculis
2544 919 2830 995 exsolvit,
2864 940 2935 980 ac
2977 919 3152 980 Latio
3182 922 3461 993 donavit,
3499 938 3611 1000 quo
3640 918 3750 979 sibi

528 1021 777 1081 nomine
817 1021 935 1111 etsi
964 1018 1310 1080 obstrinxit
1349 1022 1699 1094 universos,
1737 1040 1865 1081 non
1906 1030 2111 1081 tamen
2141 1021 2346 1100 effecit
2375 1030 2445 1081 ut
2477 1022 2680 1099 ipsum
2718 1041 2746 1081 e
2790 1022 2967 1081 vultu
2995 1021 3414 1100 Nicephorum
3436 1038 3613 1080 nosse
3640 1039 3754 1081 non

531 1123 907 1201 cuperentii
936 1120 1166 1201 quibus
1196 1123 1599 1201 antiquitatis
1626 1124 1905 1184 studium
1936 1134 1993 1183 et
2027 1122 2251 1184 Greece
2274 1122 2591 1200 facundiae
2623 1122 2903 1200 dignitas
2961 1132 3112 1183 esset
3167 1125 3234 1182 in
3273 1122 3503 1199 pretia.
3528 1122 3754 1181 Prester

531 1231 784 1284 exteros
832 1233 1034 1284 autem
1086 1222 1311 1284 Jacobi
1362 1225 1415 1283 Τ
1413 1223 1609 1284 huani
1651 1227 1721 1284 in
1755 1232 1975 1284 senatu
2014 1226 2368 1287 Parisiensi
2391 1224 2708 1302 prxsidis,
2744 1233 2801 1283 et
2841 1226 3007 1284 inter
3044 1225 3284 1303 egregie
3331 1224 3542 1284 doctos
3585 1221 3753 1298 facile

530 1326 870 1405 principis,
910 1329 977 1388 in
1012 1327 1174 1389 hanc
1205 1347 1420 1390 curam
1450 1330 1697 1389 animus
1731 1331 1991 1402 exarsit,
2021 1331 2447 1408 pugnavitque
2489 1330 2657 1389 omni
2692 1347 2813 1407 qua
2845 1326 3087 1387 valebat
3117 1329 3351 1406 gratia,
3388 1336 3444 1387 et
3483 1326 3752 1405 perfecit,

527 1436 599 1488 ut
630 1447 659 1487 e
690 1426 1065 1490 bibliotheca
1096 1430 1502 1509 imperatoris
1536 1432 1852 1510 exemplar
1882 1431 2083 1502 ipsum
2116 1431 2397 1493 Graecum
2427 1429 2605 1491 nobis
2642 1429 2855 1490 liceret
2886 1428 3261 1502 exscribere,
3294 1426 3460 1509 quod
3489 1435 3756 1488 accurate

524 1534 960 1611 praestitimus.
994 1536 1203 1616 Hujus
1238 1544 1443 1597 autem
1479 1538 1561 1598 ad
1607 1538 1979 1614 transcripti
2011 1537 2193 1615 ﬁdem
2222 1536 2462 1597 Latina
2504 1536 2707 1596 versio
2762 1534 3088 1613 explorata
3129 1534 3566 1613 commissaque
3607 1541 3693 1591 est
3723 1549 3757 1590 a

533 1637 610 1697 Β.
651 1637 721 1696 Ρ.
757 1638 1077 1697 Frontone
1110 1641 1332 1699 Ducam
1385 1658 1413 1698 e
1451 1642 1744 1700 societate
1779 1642 1957 1712 Jesu,
1996 1641 2105 1719 qui
2137 1657 2269 1699 eam
2298 1637 2702 1715 interpolavit
2743 1655 2980 1698 onmem
3038 1644 3093 1696 et
3123 1636 3457 1696 recensuit.
3487 1634 3623 1695 Non
3653 1632 3756 1693 du-

533 1739 806 1802 bitamus
843 1750 1049 1803 autem
1090 1743 1209 1804 isto
1250 1762 1567 1822 sponsore,
1603 1743 2026 1827 Nicephorum
2065 1745 2226 1805 hunc
2257 1754 2538 1804 nostrum
2577 1761 2942 1823 germanum
2973 1758 3271 1811 asserere,
3308 1747 3365 1800 et
3402 1738 3497 1798 vel
3522 1736 3759 1799 Callisto

512 1845 705 1925 ~patri
744 1846 822 1922 (si
848 1845 1061 1908 redeat
1106 1849 1174 1909 in
1206 1849 1390 1927 vivis)
1432 1850 2000 1928 recognoscendum
2044 1849 2217 1911 dare.
2248 1850 2430 1911 Nunc
2472 1847 2671 1920 illum,
2713 1846 3148 1908 Illustrissime
3187 1839 3761 1929 Cordinalisvorbis

537 1949 945 2013 Christianus
989 1952 1207 2015 Gallia:
1247 1953 1575 2015 debiturus
1608 1964 1720 2028 est,
1756 1956 1866 2034 qui
1894 1972 2012 2033 per
2053 1963 2109 2014 te
2133 1956 2272 2034 jam
2303 1953 2400 2014 illi
2426 1952 2623 2013 multa
2655 1950 2855 2012 debet.
2894 1951 3091 2029 Atque
3130 1951 3228 2011 hic
3261 1968 3443 2028 quam
3484 1950 3566 2009 sit
3605 1956 3757 2013 tuus,

531 2052 670 2128 ipsa
699 2053 973 2113 nominis
1004 2054 1311 2114 iudicatio
1344 2056 1749 2115 demonstrat.
1784 2056 1977 2130 Quem
2007 2056 2169 2114 enim
2201 2053 2469 2133 appellet
2504 2052 2697 2113 alium
2732 2061 3078 2131 Νικηφόρος,
3118 2068 3299 2129 quam
3331 2068 3471 2109 eum
3495 2047 3600 2127 qui
3626 2064 3763 2126 qua-

501 2173 776 2235 -cunque
807 2159 930 2219 iter
956 2159 1113 2236 fecit
1144 2161 1478 2221 victoriam
1513 2160 1966 2221 circumtulisse
1997 2161 2166 2220 visus
2204 2168 2316 2220 est.
2353 2160 2477 2234 Qui
2516 2156 2885 2219 rebellantes
2920 2156 3282 2235 provincias
3313 2172 3443 2212 non
3476 2161 3597 2212 tam
3625 2168 3758 2230 pas-

528 2256 729 2332 sibus,
756 2276 954 2338 quam
1000 2260 1288 2320 victoriis
1319 2262 1730 2339 peragravit:
1766 2263 1873 2340 qui
1901 2260 2233 2340 felicitate,
2268 2259 2624 2339 vigilantia,
2668 2261 2901 2320 virtute
2950 2257 3259 2337 quidquid
3288 2255 3585 2316 hactenus
3621 2248 3761 2312 Gal-

506 2359 637 2420 liae
658 2358 948 2423 beatitati
977 2360 1328 2436 obstiterat,
1353 2365 1576 2424 evertit
1627 2364 2016 2444 disjecitque.
2041 2365 2265 2441 Pergis
2291 2372 2493 2421 autem
2516 2365 2699 2421 etiam
2728 2362 2917 2431 nunc,
2940 2359 3375 2420 Illustrissime
3400 2350 3761 2422 Cardinalis,

502 2465 700 2525 talias
748 2465 817 2524 in
858 2483 1003 2526 oras
1050 2467 1178 2527 vim
1213 2467 1487 2528 eamdem
1527 2466 1856 2546 beneﬁcam
1892 2468 2305 2544 invictamque
2344 2465 2665 2527 deducere.
2695 2465 3027 2537 Exstabit,
3065 2483 3141 2525 ne
3184 2464 3430 2535 dubita,
3467 2454 3765 2521 alterali-

496 2608 511 2617 -
531 2570 782 2652 quando
815 2570 1236 2650 Nicephorus,
1278 2572 1389 2652 qui
1417 2580 1669 2633 tuarum
1697 2573 2106 2634 victoriarum
2132 2590 2377 2632 cursum
2403 2572 2679 2650 posteris
2731 2569 3100 2649 explicabit,
3134 2585 3490 2649 quanquam
3517 2576 3584 2627 ut
3611 2564 3767 2643 facta

502 2684 645 2732 .tuu
689 2690 866 2733 nemo
908 2675 1163 2752 scriptis
1201 2674 1489 2750 celebret,
1519 2676 1691 2753 fama
1730 2686 1938 2736 tamen
1967 2674 2256 2754 loquetur
2304 2675 2467 2753 ipsa,
2510 2691 2704 2752 neque
2733 2681 2997 2732 ventura
3028 2670 3101 2731 de
3137 2680 3194 2730 te
3231 2679 3385 2730 aetas
3408 2667 3538 2729 ulla
3571 2674 3767 2746 postea

505 2778 928 2842 conticescet.
967 2778 1100 2841 Nos
1132 2789 1296 2840 certe
1326 2779 1532 2860 quoad
1561 2781 1693 2842 vita
1721 2789 2029 2859 suppetet,
2077 2781 2203 2841 tuis
2235 2778 2523 2839 obstricti
2561 2781 2892 2857 ornatique
2919 2773 3519 2863 beneﬁciis,_quiqui
3554 2786 3765 2842 sumus,

534 2878 725 2956 ﬁdam
753 2895 990 2957 semper
1019 2876 1400 2960 obsequendi
1426 2880 1809 2943 voluntatem
1838 2881 2128 2959 proﬁteri
2156 2899 2284 2942 non
2326 2879 2698 2976 desinemus,

1150 3005 1506 3068 Jllustriss.
1540 3015 1597 3066 et
1625 3005 2054 3067 Reverendiss.
2088 3002 2490 3078 Cardinalis,‘

1626 3094 1655 3129 χ
2110 3129 2505 3191 Deditissimi
2538 3126 2994 3207 humillimique
3028 3124 3327 3197 Clientes,

1968 3262 2396 3324 SEBASTIANUS
2437 3277 2515 3321 ET
2556 3260 2836 3323 GABRIEL
2876 3258 3199 3318 CRAMOISY
3239 3269 3541 3316 FRATRES.

514 3405 3747 3475 Μ

1626 3568 2703 3686 ΠΡΟΣΦΩΝΗΜΑ

1817 3766 1912 3822 ΕΝ
1947 3766 2124 3820 ΕΙΔΕΙ
2155 3764 2515 3820 ΕΓΚΩΜΙΟΥ

768 3917 847 3973 ΙΣ
885 3913 1027 3969 TON
1056 3909 1639 3967 ΕῑΣΕΒΕΣΤΑΤΟΝ
1674 3908 1801 3962 KAI
1830 3906 2067 3960 ΑΓΙΟΝ
2091 3903 2306 3958 ΗΜΩΝ
2338 3903 2877 3957 ΑΥΤΟΚΡΑΤΟΒΑ
2924 3903 3118 3957 ΥΠΕΡ
3162 3903 3297 3957 ἸἨΣ
3336 3902 3617 3958 ΒΙΒΛΟΥ

1564 4020 1706 4078 ΤΗΣ
1738 4020 2391 4076 ΕΚΚΑΗΣῙΑΣΤΙΚΗΣ
2427 4020 2780 4079 ΙΣΤΟΡῙᾹΣ.

1191 4300 2004 4415 ALLOCUTIO
2081 4296 3148 4412 ENCOMIASTICA

921 4484 1546 4592 .A’D.PllSSIMUM
1624 4530 1712 4586 ET
1760 4527 2169 4587 SANCTUM
2252 4528 2895 4585 IMPERATOREM
2967 4527 3385 4587 NOSTRUM

1066 4690 1388 4771 SUPER
1468 4690 1775 4769 LIBRO
1855 4685 2364 4766 HISTORIIE
2432 4686 3259 4766 ECCLESIAS’I’ICIE.

634 4995 682 5065 ι
718 4987 1096 5048 Ecclesiastiea
1136 4982 1377 5040 Historia
1410 4982 1738 5054 composita,
1790 4981 2122 5038 multorum-
2154 4988 2203 5045 Α

2186 4999 2203 5045 ι
2314 4983 2472 5053 Ἐμοὶ
2514 4982 2572 5037 δὲ
2620 4982 2730 5053 ἄρα
2776 4982 3234 5052 ὲκκλησιαστικὴν
3266 4982 3508 5055 ἱστορίαν
3532 4976 3773 5053 ᾑρημένῳ

557 5101 665 5160 que
703 5093 759 5140 et
800 5078 1248 5138 admirandorum
1281 5075 1525 5145 virorum
1543 5075 1707 5130 rebus
1730 5074 1898 5145 gestis
1954 5088 1985 5128 a
2040 5087 2128 5127 me

2229 5074 2594 5139 συντάττειν,
2654 5074 2750 5127 καὶ
2811 5072 3022 5126 πολλῶν
3077 5075 3171 5125 καὶ
3220 5072 3524 5126 θεσπεσίων
3571 5068 3774 5139 πράξεις

557 5158 798 5248 scriptis,
827 5171 1035 5229 nemini
1079 5170 1327 5240 profecto
1347 5182 1485 5238 opus
1536 5167 1614 5232 id,
1646 5183 1810 5238 quam
1862 5167 1982 5232 tibi,
2041 5182 2129 5222 re-

2230 5166 2441 5236 ἀνδρῶν
2481 5165 2812 5235 πειρωμένῳ
2859 5164 2922 5235 δὴ
2978 5163 3338 5235 ξυγγράφειν,
3389 5165 3491 5218 τίνι
3541 5180 3603 5231 γε
3647 5158 3773 5224 ἄλλῳ

557 5273 701 5327 ctius
731 5263 1122 5328 consecrat-im,
1165 5261 1483 5330 imperator,
1511 5259 1825 5330 principum
1879 5261 2128 5314 omnium

2228 5258 2435 5329 ταύτην
2466 5259 2745 5313 ἀναθεῖναι
2765 5257 3065 5330 προσῆκεν,
3098 5258 3131 5329 ἢ
3160 5257 3264 5326 σοὶ,
3293 5257 3553 5327 βασιλέων
3581 5254 3774 5307 πάντων

555 5363 756 5418 Christi
788 5354 1161 5414 amantissimo
1191 5362 1357 5422 atque
1387 5352 1788 5406 humanissimo
1811 5392 1828 5416 ,
1886 5352 1978 5422 qui
2013 5367 2132 5406 om-

2230 5353 2682 5422 φιλοχριστότατε
2712 5351 2803 5403 καὶ
2838 5350 3343 5420 φιλανθρωπότατε,
3400 5349 3575 5410 πάσας
3625 5343 3775 5413 ἄρδην

566 5473 665 5512 nos
708 5468 932 5524 prorsus
967 5450 1198 5501 virtutes
1237 5446 1571 5516 complexus,
1606 5446 1740 5499 nihil
1781 5460 1965 5499 rerum
2007 5445 2132 5514 pul-

2234 5443 2327 5497 ἆτε
2362 5443 2687 5498 συλλαϐόντι
2727 5443 2824 5505 τὰς
2868 5445 3094 5512 ἀρετὰς,
3132 5445 3227 5495 καὶ
3255 5441 3522 5510 μηδεμίαν
3561 5433 3775 5503 ὑπερὸοσ

559 5550 955 5605 cherrimurum
988 5549 1043 5593 et
1088 5538 1672 5594 cxcellcnlissimarum
1701 5537 2126 5606 praetermisisti.

2234 5537 2331 5605 λὴν
2358 5537 2468 5591 τῶν
2500 5537 2753 5607 χρηστῶν
2778 5538 2833 5589 ἒν
2862 5537 3035 5590 οὐδενὶ
3062 5535 3506 5597 καταλελοιπότις
3542 5529 3599 5584 οὗ
3627 5524 3776 5579 ’πολὶέι

496 5658 499 5661 ’
555 5640 773 5694 Etcum
836 5631 1104 5703 permulta
1148 5641 1313 5700 alque
1370 5629 1509 5683 adeo
1562 5628 1985 5683 innumerabilia
2037 5638 2083 5683 tu

2239 5630 2336 5699 μὲν
2367 5630 2459 5681 καὶ
2504 5629 2643 5682 ἄλλα
2682 5628 2751 5681 τὰ
2796 5627 3223 5698 κατορθώματα,
3261 5627 3353 5680 καὶ
3383 5626 3458 5687 ὡς
3486 5619 3594 5677 οἷαν
3622 5620 3776 5673 εἰπεῖν

554 5731 668 5787 sint
699 5735 955 5797 prim-Iure
979 5725 1138 5789 furui,
1169 5724 1475 5778 orationem
1512 5732 1752 5776 nostram
1775 5721 1935 5792 longe
1962 5737 2131 5791 supe-

2236 5723 2463 5791 ἅπειρα,
2497 5721 2590 5772 καὶ
2637 5720 2792 5789 λόγον
2847 5720 3172 5773 ἐκϐαίνοντα
3205 5720 3295 5772 τὸν
3345 5717 3627 5787 ﬁgit-Scaptia),
3656 5705 3775 5762 Θεῦῦ

560 5818 759 5879 rantis.
788 5834 950 5873 manu
983 5817 1166 5872 divina
1207 5815 1497 5872 consilium
1525 5828 1687 5869 omne
1727 5824 1880 5868 tuum
1940 5824 2001 5870 et
2052 5814 2130 5869 fa-

2237 5816 2374 5884 χειρῖ
2410 5813 2545 5883 πρὶς
2576 5814 2757 5866 πᾶσαν
2811 5814 2904 5865 καὶ
2962 5812 3160 5884 βουλὴν
3202 5813 3295 5864 καὶ
3338 5808 3536 5878 πρᾶξιν
3572 5803 3776 5869 ὁδηγῡυο

3214 6002 3257 6013 φ’
