4018 6418
253 393 348 462 561

256 519 447 589 μένου,
494 510 714 570 πάντων
761 516 806 571 δ’
842 516 1030 588 ἔμοιγε
1080 516 1360 589 μέγιστον,
1409 524 1501 576 καὶ
1541 520 1614 587 ώς
1649 525 1713 577 ἄν
1743 540 1827 585 τις
1861 528 1901 581 Α

253 607 533 686 εὐστόχως
567 608 705 678 φαίη
737 608 1032 679 ἐπίσημον,
1059 612 1092 680 ἡ
1118 611 1393 680 εὐσέϐεια,
1420 613 1456 684 ἦ
1481 630 1538 666 τε
1571 614 1700 684 περὶ
1730 613 1830 683 τὴν

256 698 504 767 Χριστοῦ
555 698 887 769 Ἐκκλησίαν
940 702 1147 767 σπουδὴ
1182 742 1197 767 ,
1251 704 1347 758 καὶ
1401 705 1427 756 ὁ
1483 706 1613 774 περὶ
1658 704 1829 765 αὐτὴν

254 792 523 861 ἔνθερμος
571 786 684 845 οἷον
739 793 835 845 καὶ
870 795 1149 864 ἄφραστος
1185 795 1346 865 ἔρως,
1403 797 1494 850 καὶ
1528 797 1596 848 τὰ
1645 796 1714 849 σά
1741 796 1832 849 διὰ

255 884 462 952 ταύτην
492 883 732 953 τρίπαιά
759 901 817 937 τε
858 885 953 939 καὶ
987 887 1302 955 νικητήρια.
1353 889 1455 940 Ἢν
1480 888 1612 956 δῆτα
1646 887 1826 955 πολλῷ

254 978 350 1031 καὶ
398 977 579 1047 μυρίῳ
629 976 779 1046 σάλῳ
831 976 940 1029 τῶν
991 979 1090 1045 τῆς
1129 978 1446 1042 δυσσεϐείας
1511 981 1822 1050 ῥευμάτων,

262 1068 517 1137 σκληρῶν
553 1086 613 1122 τε
652 1070 980 1137 πνευμάτων
1026 1068 1367 1132 ἀντιπνοίαις
1422 1071 1687 1141 ἁμηγέπη
1737 1087 1833 1137 φε-

263 1160 500 1231 ρομένην
563 1161 763 1231 εὑρὼν,
814 1161 993 1216 πάντα
1035 1161 1263 1231 θέμενος
1296 1164 1354 1215 ὲν
1392 1163 1652 1233 δευτέρῳ,
1696 1164 1831 1232 πρὸς

257 1257 385 1315 τοὺς
431 1252 562 1315 σοὺς
609 1253 879 1322 γαληνοῦς
917 1254 1151 1323 λιμένας
1185 1254 1445 1323 ἀσφαλῶς
1476 1254 1830 1325 διανήξασθαι

258 1349 352 1399 καὶ
390 1347 628 1414 κατᾶραι
660 1347 1079 1418 παρεσκευάσω.
1123 1349 1230 1400 Καὶ
1260 1346 1355 1400 νῦν
1402 1347 1672 1409 ἄκλαστος
1714 1347 1832 1399 δια·

263 1442 521 1506 μένουσα,
553 1432 642 1492 οἷα
672 1439 735 1505 δὴ
786 1439 880 1491 τὸν
919 1440 1239 1509 πρόσφατον
1282 1439 1455 1509 ῥύπον
1488 1438 1830 1510 ἀποθεμένη,

259 1532 352 1582 καὶ
396 1529 533 1599 πρδς
569 1531 672 1597 τὴν
723 1529 962 1600 ἀρχαίαν
1019 1530 1388 1599 ὲπαναχθεῖσα
1453 1531 1829 1600 εὐπρέπειαν,

265 1619 470 1687 μᾶλλον
507 1619 564 1673 δὲ
613 1621 714 1690 τὴν
763 1623 826 1673 ὲκ
876 1621 976 1689 τῆς
1013 1621 1179 1691 ζάλης
1213 1621 1395 1692 ἅλμην
1433 1624 1545 1686 τοῖς
1588 1621 1695 1676 τῶν
1726 1623 1833 1675 σῶν

260 1713 438 1780 λόγων
497 1713 901 1782 ποτιμωτάτοις
977 1712 1179 1784 ῥοθίοις
1248 1714 1675 1785 άποκλυσαμένη
1738 1714 1833 1768 καὶ

261 1803 651 1866 ἅποπτύσασα,
708 1805 793 1859 σοὶ⁵
839 1804 918 1875 τῷ
952 1808 1016 1858 ὲκ
1067 1806 1203 1860 Θεοῦ
1254 1807 1605 1878 κοσμαγωγῷ
1644 1824 1703 1861 τε
1739 1809 1834 1861 καὶ

260 1895 601 1965 κυϐερνήτῃ,
632 1895 773 1948 είπω
801 1896 849 1950 δ’
872 1867 953 1949 iis:
989 1899 1081 1953 καὶ
1122 1897 1251 1969 ἰερῴ
1279 1867 1658 1969 νυμφοστδλῳ,
1692 1899 1839 1966 άξιὸ-
1868 1867 1911 1925 Β

262 2003 441 2056 χρεων
478 1988 577 2057 τὴν
613 1988 775 2059 χάριν
825 1990 1157 2060 ἀποπληροῖ,
1188 1991 1435 2060 διάτορον
1461 1985 1575 2045 οἷον
1607 1992 1704 2044 καὶ
1743 2010 1839 2055 μει-

260 2080 436 2147 γάλην
482 2080 730 2152 ῥηγνῦσα
780 2081 984 2151 φωνὴν,
1027 2083 1102 2145 ώς
1150 2083 1237 2136 διὰ
1271 2082 1366 2137 σοῦ
1416 2083 1615 2147 πάντες
1642 2083 1837 2137 ἄσυλον

261 2172 325 2225 τὸ
361 2173 554 2243 χρῆμα
593 2175 694 2244 τῆς
743 2173 1030 2239 εὐσεϐείας
1070 2175 1386 2247 τηροῦντες,
1436 2180 1493 2231 ἐν
1518 2178 1595 2248 τῷ
1632 2178 1840 2247 βεϐαίῳ

259 2266 493 2319 ἱστάναι
540 2266 641 2337 τῆς
693 2267 989 2339 ἁκιϐδήλου
1036 2268 1281 2339 στερρῶς
1316 2270 1545 2341 οἰόμεθα
1579 2270 1838 2335 πίστεωτ,

262 2356 364 2429 τὴν
393 2357 539 2428 ἀμφὶ
565 2357 643 2428 τῷ
684 2359 803 2429 Θεῷ
837 2362 1201 2431 πλανωμένην
1229 2361 1387 2426 δόξαν
1422 2362 1611 2433 πόρρω
1643 2379 1742 2432 πη,
1768 2361 1842 2426 ῶς

265 2466 333 2517 γε
368 2445 438 2521 ἦν
482 2450 659 2515 είκὸς,
703 2450 1107 2523 διαρρίψαντες.
1140 2453 1217 2506 Οὐ
1255 2454 1364 2524 μὴν
1399 2453 1516 2508 ἀλλ’
1550 2455 1598 2508 εί
1643 2457 1743 2525 μὲν
1775 2451 1844 2526 ἦν

267 2544 394 2613 ἐμοὶ
423 2544 781 2615 σκοπουμένῳ
837 2545 1013 2616 ἀρχῆς
1046 2546 1143 2600 ἀπ’
1178 2547 1357 2617 ἄκρας
1394 2550 1505 2612 τοῖς
1549 2553 1663 2612 σοῖς
1702 2551 1845 2603 κατὰ

272 2633 437 2704 μέρος
486 2634 693 2688 ἅπασιν
743 2637 1054 2705 ἐπιστῆναι,
1094 2653 1237 2703 οῑαις
1260 2656 1320 2693 τε
1357 2640 1537 2711 ῥίζαις
1567 2642 1678 2695 τῶν
1714 2643 1845 2712 περὶ⁴

270 2724 333 2778 σὲ
365 2726 710 2796 πραγμάτων
738 2728 837 2792 τὰς
880 2729 1139 2799 ἀφορμὰς
1171 2732 1206 2803 ἡ
1244 2731 1423 2786 πάντα
1461 2734 1642 2802 σοφῶς
1670 2733 1840 2799 διεξά-

268 2833 441 2886 γουσα
472 2819 708 2889 Πρόνοια
760 2821 1090 2875 κατεϐάλετο
1112 2864 1127 2889 ,
1161 2823 1412 2889 διελθεῖν,
1458 2825 1553 2879 ἐπὶ
1587 2826 1730 2896 μέγα
1781 2827 1848 2881 ἂν

268 2912 339 2965 τά
382 2913 480 2982 τῆς
509 2913 728 2983 γραφῆς
779 2913 1007 2987 ἐξετάθη
1061 2922 1178 2987 μοι,
1208 2916 1302 2971 καὶ
1340 2918 1668 2989 συγγραφὴν
1694 2918 1850 2986 ἔδοξα

274 3006 476 3074 μᾶλλον
535 3006 569 3077 ἢ
632 3007 1013 3078 προσφώνημα
1045 3008 1437 3081 διεξέρχεσθαι.
1492 3012 1631 3065 Νυνὶ
1681 3010 1726 3064 δ’
1760 3010 1849 3066 ἐπ’

273 3098 410 3151 ἄλλα
441 3115 533 3168 μοι
571 3098 666 3152 τοῦ
699 3100 903 3153 σκοποῦ
939 3100 1255 3173 βλέποντος,
1296 3105 1546 3174 σμικρῶν
1589 3103 1652 3176 δή
1686 3122 1851 3158 τινων

272 3190 398 3242 ὅσον
445 3190 690 3259 ἅψασθαι
729 3191 839 3246 τῶν
873 3194 982 3247 σῶν
1006 3235 1022 3259 ,
1077 3195 1173 3249 καὶ
1221 3194 1545 3266 ἐπιδραμεῖν
1584 3194 1740 3250 ἔσται
1771 3194 1850 3266 τῷ
1878 3203 1917 3261 C

274 3282 437 3354 λόγῳ·
473 3285 701 3338 ἐκείνων
733 3284 796 3355 δὴ
829 3285 905 3356 τῷ
939 3287 1239 3356 καθήκοντι
1273 3288 1667 3359 προσηκόντως
1702 3288 1849 3359 μάλα

274 3376 695 3445 ταμιευομένων
715 3377 911 3448 καιρῷ·
947 3379 1070 3432 ἐπεί
1098 3380 1184 3433 τοί
1218 3397 1283 3448 γε
1332 3382 1428 3433 καὶ
1456 3380 1653 3447 άλλως,
1684 3380 1748 3433 τό
1786 3396 1849 3447 γε

276 3464 372 3519 νῦν
404 3467 668 3539 ᾑρημένῳ
702 3468 907 3537 λέγειν,
939 3471 972 3541 ἡ
1014 3470 1304 3542 περιουσία
1321 3472 1431 3526 τῶν
1461 3472 1570 3525 σῶν
1597 3473 1852 3543 χρηστῶν

277 3559 357 3621 είς
392 3560 590 3629 καινὴν
629 3561 756 3631 ἐμοί
797 3579 921 3615 τινα
972 3564 1324 3633 περιίσταται
1371 3564 1619 3631 ἔνδειαν,
1669 3565 1852 3636 ἥκιστ’

276 3649 652 3704 ὲῶσ’άνύτειν
691 3651 752 3704 τὸ
808 3652 946 3722 πρὸς
1003 3653 1205 3722 βουλῆς
1228 3696 1243 3719 ,
1283 3654 1501 3708 πάντων
1535 3655 1610 3719 ὡς
1650 3656 1705 3707 ὲν
1744 3655 1854 3708 λει-

283 3739 423 3807 μῶνι
468 3739 700 3809 ποικίλῳ
753 3741 938 3809 σχεδὸν
980 3742 1073 3794 καὶ
1101 3742 1325 3812 μυρίαις
1373 3742 1613 3813 βρίθοντι
1642 3744 1850 3814 χάρισι,

280 3834 418 3902 πρὶς
471 3834 640 3886 ἑαυτά
687 3833 923 3886 ἕκαστον
959 3834 1335 3904 μεθελκόντων
1365 3835 1462 3888 καὶ
1491 3836 1744 3905 κατέχειν
1790 3836 1854 3906 δὴ

281 3925 527 3995 σφοδρῶς
576 3926 961 3997 πειρωμένων.
1007 3926 1146 3980 Ἀλλ’
1172 3927 1282 3993 ἐγὼ
1320 3927 1418 3997 μὲν
1452 3929 1550 3999 ἤδη
1604 3926 1717 3981 λύω
1764 3928 1855 3981 τὸν

281 4018 439 4084 λόγον
468 4034 482 4050 ο
528 4019 683 4080 τόσος
734 4020 779 4072 δ’
810 4019 964 4072 ἔσται
1013 4020 1139 4082 ὅσος
1176 4019 1290 4090 δῆτ’
1331 4022 1579 4090 ἀρκέσαι,
1612 4020 1857 4090 άμυδρδν

282 4106 393 4161 οἷον
454 4109 544 4161 τδν
604 4111 730 4181 περὶ
788 4111 847 4161 σέ
882 4126 971 4178 μοι
1032 4110 1199 4163 πόθον
1243 4109 1603 4176 ἐνδείξασθαι,
1649 4111 1745 4167 καὶ
1798 4111 1858 4163 τ’)

284 4202 478 4254 εῦνουν
532 4203 668 4271 μετὰ
723 4204 1041 4274 παρρησίας
1098 4202 1554 4272 ἀφοσιώσασθαι,
1612 4202 1741 4274 ἄχρι
1794 4204 1858 4276 δὴ

282 4295 376 4348 τοῦ
412 4295 572 4365 δεῦρο
617 4295 940 4365 ὑποχωροῦν
991 4297 1086 4350 καὶ
1139 4297 1545 4367 κρυπτόμενον.
1587 4299 1687 4351 Σὺν
1714 4298 1759 4351 δ’
1793 4298 1859 4354 ἂν

286 4387 373 4458 εἴη
408 4389 509 4459 τῆς
544 4391 759 4460 ἡμέρου
784 4391 877 4443 καὶ
906 4390 1294 4461 φιλανθρώπου
1320 4390 1507 4460 ψυχῆς
1538 4393 1701 4444 ἵλεων
1734 4391 1859 4462 ἐμοὶ

286 4483 503 4551 ἑνορᾷν,
536 4482 738 4552 θάρσος
772 4481 822 4534 τ’
853 4481 1095 4554 ἄρρητον
1123 4483 1350 4536 ἐνιέναι’
1386 4482 1483 4536 καὶ
1516 4481 1623 4551 πρό
1651 4499 1715 4550 γε
1749 4481 1860 4535 τῶν

1663 398 2094 470 DEDlCA'l‘IO.

3412 401 3579 469 5i???

1934 532 2083 576 ctum
2115 520 2385 590 dirigcnte
2433 538 2446 572 :
2482 530 2620 581 tum,
2658 514 3138 585 utmibi-quidem
3172 515 3410 579 videtur,
3459 526 3565 569 σιμ·

1934 621 2082 667 recte
2115 610 2388 681 quispiam
2412 609 2634 675 dixerit,
2683 609 2928 662 omnium
2985 607 3221 663 maxima
3278 617 3335 662 et
3387 607 3550 663 illuv-

1933 706 2211 759 stri'ssima
2265 712 2348 758 est
2392 702 2591 772 pietas.
2637 700 3032 773 egregiumque
3085 701 3141 755 in
3216 699 3515 755 Ecclesiam

1931 794 2140 851 Christi
2163 795 2432 859 studium,
2474 803 2537 849 et»
2581 793 2818 863 ﬂagrans
2863 801 3031 862 atque
3080 788 3428 846 incredibilis
3459 788 3515 841 iu

1935 889 2185 946 eamdem
2218 904 2393 953 amor,
2449 895 2504 943 et
2564 902 2700 957 quas
2750 887 2871 958 ejus
2924 886 3148 942 nomine
3197 880 3534 953 reportasti,.

1935 982 2181 1037 victorian
2227 994 2283 1036 et
2341 990 2562 1051 trnpaca.
2613 981 2745 1047 Quae
2791 995 2923 1035 sane
2979 979 3176 1049 pietas,
3235 974 3518 1031 immensis

1936 1073 2223 1130 saevientis
2268 1072 2566 1143 impietatis
2594 1070 2877 1134 ﬂuctibus,
2917 1068 3359 1136 irnmauibusque
3389 1081 3522 1120 cnn-

1934 1167 2258 1222 ﬂictantium
2280 1174 2572 1220 ventorum
2605 1164 2867 1239 procellis
2890 1163 2998 1217 huc
3024 1171 3189 1231 atque
3219 1160 3350 1214 illuc
3379 1172 3522 1228 quo-

1936 1260 2232 1315 dammodo
2264 1258 2414 1325 gravi
2460 1258 2761 1329 jactatioue
2802 1256 3026 1325 agitata,
3077 1253 3347 1308 beneﬂcio
3399 1258 3523 1304 tau-

1934 1352 2057 1406 dem
2093 1361 2208 1413 tuo,
2238 1350 2333 1420 qui
2372 1350 2537 1404 rebus
2558 1348 2818 1402 omnibus
2846 1346 2971 1401 aliis
3025 1342 3377 1413 posthabitis,
3413 1340 3522 1394 hoc

1936 1461 2107 1500 unum
2140 1443 2354 1498 curaris
2386 1443 2646 1505 maxime,
2674 1451 2790 1495 tuto
2816 1441 2881 1494 ad
2909 1437 3266 1508 tranquillum
3296 1448 3516 1505 portum

1936 1550 2088 1595 tuum
2120 1538 2525 1607 annavitatque
2554 1534 2840 1606 applicuit.
2860 1533 2927 1587 Et
2961 1548 3112 1587 nunc
3145 1531 3381 1599 integra,
3408 1527 3526 1581 velo

1935 1634 2014 1687 uti
2034 1630 2239 1687 recenti
2272 1629 2603 1698 situabjecto
2617 1636 2673 1682 et
2695 1626 2919 1697 pristina
2936 1625 3219 1693 veterique
3237 1627 3527 1676 venustate

1936 1729 2179 1791 recepta,
2226 1735 2322 1776 seu
2357 1720 2540 1789 potius
2574 1716 2871 1787 salsugine,
2920 1730 3084 1786 quam
3105 1730 3174 1770 ex
3198 1722 3526 1782 tempestate

1937 1819 2292 1882 conceperat,
2328 1808 2596 1865 orationis
2641 1816 2746 1861 tute
2768 1804 3097 1861 suavissimo
3130 1802 3315 1859 sonitu
3334 1816 3534 1871 repur-

1940 1914 2063 1977 gata
2119 1913 2282 1972 atque
2303 1900 2529 1971 rrjecta,
2555 1898 2656 1954 tibi
2706 1897 2897 1953 divino
2928 1895 3081 1951 orbis
3106 1893 3311 1949 rectori
3365 1903 3532 1962 atque

1938 1995 2329 2069 gubernatori,
2355 2006 2623 2062 sacroque
2646 1991 2748 2061 (sic
2762 1990 2910 2045 enim
2929 1986 3251 2056 dicendum)
3307 1983 3523 2054 auspici

1938 2101 1992 2147 et
2008 2089 2271 2154 curatori,
2291 2086 2590 2154 condignas
2617 2082 2781 2138 refert
2813 2083 3036 2153 gratias,
3061 2080 3112 2150 2
3130 2079 3332 2135 claram
3357 2076 3543 2133 veluti.

1938 2193 1995 2236 et
2022 2182 2297 2250 ingentem
2322 2179 2587 2232 emittens
2625 2189 2840 2240 vocem,
2866 2188 3057 2228 omnes
3080 2188 3184 2226 nos
3210 2187 3310 2242 per
3346 2179 3399 2225 te
3427 2169 3541 2224 sal-

1940 2289 2063 2327 vam
2087 2281 2249 2342 atque
2270 2269 2581 2325 inviolatam
2598 2269 2899 2323 retinentes
2912 2264 3193 2335 pietatem,
3212 2271 3533 2320 constanter

1944 2366 2284 2435 ﬁrntiterque
2314 2362 2368 2417 in
2399 2361 2626 2417 sincerae
2680 2359 2806 2414 ﬁdei
2829 2357 3125 2423 sententia,
3162 2355 3427 2427 opinione
3461 2353 3532 2409 de

1945 2457 2182 2512 Numine
2227 2456 2411 2511 divino
2431 2468 2684 2517 erronea,
2732 2452 2805 2506 ita
2852 2460 2908 2506 ut
2931 2449 3312 2515 conveniebat,
3336 2446 3538 2516 longis-

1948 2551 2086 2606 sime
2125 2548 2434 2618 repudiata,
2459 2545 2999 2601 consiste-reﬂerent
3014 2544 3319 2605 enimvero,
3338 2539 3382 2593 si
3401 2539 3538 2593 deli-

1949 2643 2235 2699 beratione
2270 2641 2456 2696 habita
2486 2655 2573 2695 res
2621 2648 2746 2693 tuas
2770 2655 2799 2692 a
2829 2638 3007 2707 primo
3038 2636 3195 2692 initio
3218 2634 3539 2705 singillatim

1946 2736 2226 2807 prosequi,
2275 2750 2482 2806 quasve
2538 2732 2751 2786 radices
2791 2731 3070 2785 actionum
3124 2737 3365 2790 tuarum,
3412 2740 3538 2793 quas

1948 2831 2134 2884 omnia
2223 2829 2504 2899 sapienter
2552 2825 2847 2881 constituit
2916 2822 3103 2878 divina
3159 2818 3537 2881 Providentia,

1950 2921 2147 2992 egerit,
2174 2934 2451 2988 exponere
2499 2919 2718 2983 vellem,
2754 2917 2811 2971 in
2843 2916 3178 2971 immensum
3223 2913 3404 2968 oratio
3432 2926 3533 2966 ex-

1952 3024 2273 3079 cresceret,
2336 3020 2394 3068 et
2439 3012 2722 3066 historiam
2756 3009 2960 3080 potius,
3000 3022 3165 3078 quam
3211 3004 3396 3076 operis
3423 3004 3541 3073 {de-

1954 3103 2286 3159 dicationem
2310 3102 2600 3157 instituere
2631 3099 2870 3155 viderer.
2903 3098 3010 3155 Sed
3044 3112 3168 3152 cum
3206 3094 3356 3150 aliud
3406 3094 3545 3149 scri-

1954 3195 2119 3251 bendi
2145 3193 2438 3250 consilium
2470 3191 2600 3246 mihi
2633 3190 2705 3245 sit
2732 3189 3099 3262 propositum,
3147 3201 3351 3258 paucas
3375 3202 3540 3255 quas-

1955 3291 2078 3346 dam
2111 3304 2201 3345 res
2244 3298 2367 3343 tuas
2422 3287 2478 3341 in
2515 3285 2806 3356 praesentia
2866 3282 3134 3353 attingere
3186 3291 3351 3351 atque
3410 3294 3547 3333 ora-

1958 3386 2107 3438 tione
2166 3380 2540 3452 perstringere
2581 3387 2667 3434 est
2719 3378 2936 3435 visum:
2992 3376 3221 3445 reliquis
3268 3390 3367 3428 suo
3416 3374 3540 3428 loco

1955 3483 2011 3529 et
2036 3474 2289 3543 tempori,
2323 3487 2425 3543 pro
2477 3486 2545 3526 eo
2580 3480 2742 3540 atque
2790 3468 2971 3533 decet,
3030 3475 3181 3524 recte
3202 3466 3539 3522 reservatis:

1956 3565 2260 3636 praesertim
2294 3579 2419 3619 cum
2448 3563 2501 3617 id
2527 3561 2673 3632 quod
2735 3575 2884 3615 nunc
2936 3573 3157 3629 quoque
3220 3557 3404 3612 dicere
3463 3557 3556 3611 in-

1956 3655 2135 3721 stitui,
2191 3663 2417 3725 propter
2497 3652 2883 3708 abundantem
2992 3659 3155 3719 atque
3236 3648 3544 3702 extulerim-

1957 3761 2064 3804 tem
2130 3763 2316 3803 rerum
2377 3746 2619 3817 copiam,
2716 3759 2805 3800 me
2884 3742 2950 3797 ad
2996 3758 3190 3796 novam
3261 3740 3549 3810 quandam

1958 3843 2169 3913 redigat
2190 3841 2430 3911 inepiam
2463 3858 2476 3894 :
2508 3840 2584 3893 ita
2616 3846 2672 3891 ut
2721 3837 2889 3892 etiam
2914 3852 2978 3891 ea
3009 3851 3132 3905 quae
3189 3835 3377 3904 cupio,
3414 3842 3537 3900 per;

1959 3935 2123 3991 ﬁcere
2158 3944 2322 4004 atque
2342 3933 2480 4003 style
2498 3931 2720 4001 exsequi
2737 3944 3005 4000 nequeam
3029 3943 3124 3982 :co
3140 3927 3285 3998 quod
3311 3928 3539 3996 perinde

1960 4028 2207 4099 atquein
2264 4035 2422 4097 prato
2457 4024 2631 4090 vario,
2685 4022 3104 4091 inuumcrisque
3129 4019 3551 4076 ammuitatibus

1960 4120 2216 4188 scatenti,
2242 4120 2309 4174 ad
2343 4134 2401 4173 se
2441 4132 2673 4188 qumque
2706 4130 2795 4170 res
2831 4131 2919 4169 me
2945 4113 3295 4186 pertrahant,
3352 4113 3545 4182 eisque

1962 4210 2268 4266 tractandis
2325 4208 2567 4262 retinere
2612 4215 2907 4261 conentur.
2974 4204 3249 4259 Caeterum
3305 4192 3559 4256 orationi~

1962 4317 2098 4357 mea:
2148 4299 2373 4354 modum
2423 4297 2701 4365 imponam
2754 4314 2769 4351 :
2836 4309 2971 4366 qua:
3010 4310 3122 4349 non
3183 4292 3400 4362 longior
3457 4291 3547 4345 l'u-

1963 4404 2085 4448 tura
2113 4400 2218 4456 est,
2246 4406 2410 4462 quam
2432 4388 2955 4458 utqualemcunque
2986 4385 3178 4441 saltem
3205 4385 3312 4438 mei
3336 4399 3463 4454 erga
3494 4394 3547 4436 te

1965 4484 2169 4539 amoris
2213 4494 2269 4538 et
2304 4479 2564 4536 desiderii
2625 4478 3079 4550 signiﬁcationem
3122 4476 3378 4532 exhibeat
3409 4516 3426 4541 ,
3490 4486 3550 4528 et

286 4575 489 4635 ἄλλων,
527 4576 580 4628 εί
623 4593 675 4628 τι
719 4576 793 4643 μὴ
828 4576 971 4629 κατὰ
1011 4574 1171 4639 λόγον
1217 4574 1295 4643 τῷ
1325 4575 1556 4643 παρόντι
1598 4592 1689 4645 μοι
1736 4592 1852 4629 συν-

1964 4591 2067 4648 ego
2089 4574 2365 4645 egregiam
2402 4574 2455 4627 in
2494 4580 2546 4628 te
2576 4572 2911 4626 voluntatem
2964 4584 3165 4635 meam,
3197 4585 3320 4639 quae
3347 4569 3413 4622 ad
3443 4567 3549 4625 hoc

289 4667 537 4733 τάγματι
565 4665 855 4727 λέλεκται,
889 4665 1225 4734 συγγνώμην
1258 4662 1569 4734 βραϐεύειν,
1606 4665 1698 4717 καὶ
1742 4667 1866 4729 ταῖς

289 4759 390 4824 τῆς
423 4756 520 4824 σῆς
553 4756 838 4826 ἀκριϐείας
867 4756 1213 4828 προσθήκαις
1239 4756 1334 4811 καὶ
1359 4757 1721 4827 ἀφαιρέσεσιν
1772 4758 1867 4811 ὲκ-

291 4850 580 4921 καθαίρειν
604 4850 703 4921 τὴν
729 4852 1074 4922 συγγραφήν.
1104 4852 1328 4914 Πάντως
1348 4856 1455 4923 γὰρ
1489 4854 1516 4905 ὅ
1547 4870 1599 4905 τι
1638 4850 1704 4905 ἂν
1736 4853 1770 4923 ή
1798 4853 1866 4923 σὴ

292 4944 474 5011 ψῆφος
508 4943 773 5011 ἀκριϐοῦν
829 4942 1027 5009 ἕλοιτο,
1070 4946 1246 4997 ἐκεῖνο
1285 4943 1351 5014 δὴ
1400 4942 1569 5011 κάμοὶ
1604 4944 1699 4995 καὶ
1731 4945 1867 4996 πᾶσι

291 5033 485 5103 σχεδὸν
518 5033 671 5102 φίλον
707 5032 862 5088 ἔσται
906 5034 998 5086 καὶ
1032 5032 1465 5100 ἀσφαλέστατον,
1490 5034 1711 5085 πάντων
1744 5032 1863 5085 ὅσοι

286 5125 555 5193 γεγόνασι
613 5125 853 5195 μάλιστα
898 5126 1011 5187 τοῖς
1041 5123 1326 5187 ’τοιούτοις
1359 5123 1441 5187 είς
1480 5122 1647 5194 βάθος
1687 5123 1866 5188 ἐξικέ-

293 5217 420 5271 σθαι
455 5218 553 5270 xui.
584 5216 792 5286 διορᾷν,
826 5215 980 5287 τάχει
1031 5232 1092 5269 τε
1133 5218 1231 5270 καὶ
1274 5216 1496 5286 μεγέθει
1529 5215 1745 5284 φύσεως
1775 5217 1869 5285 γέ-

294 5328 397 5381 ρας
430 5310 567 5380 πρὺς
614 5309 751 5362 Θεοῦ
782 5309 1047 5380 είληχὸτιο
1085 5310 1221 5380 πρὸς
1251 5310 1307 5362 δὲ
1348 5310 1531 5378 λέγειν
1563 5326 1621 5362 τε
1653 5312 1750 5362 καὶ
1782 5327 1871 5378 φι-

291 5403 543 5469 λοσοφεῖν
573 5403 642 5454 τά
677 5402 797 5455 θεῖα
838 5403 1132 5473 σωφρόνως
1182 5402 1300 5472 ἅμα
1351 5406 1443 5457 καὶ
1490 5402 1735 5471 ἀκριϐῶς
1758 5402 1867 5455 δέει

295 5495 443 5567 μάλα
477 5494 660 5555 πολλῷ
704 5493 955 5558 διειδότι,
1004 5494 1081 5564 νῷ
1129 5511 1188 5547 τε
1248 5494 1323 5548 αὖ·
1354 5496 1448 5547 καὶ
1502 5493 1718 5565 γλώττῃ
1752 5493 1868 5545 δια-

290 5588 569 5661 τρανούσῃ
594 5587 658 5639 τὸ
694 5587 1108 5657 παριστάμενον
1163 5587 1231 5641 τά
1277 5604 1339 5655 γε
1370 5586 1597 5640 τοιαῦτα
1625 5587 1868 5657 διευκρι-

295 5683 409 5730 νείν
441 5678 681 5747 ἰσχυρῶς
715 5677 913 5748 ἔχοντιο
948 5679 1021 5739 ὡς
1057 5676 1284 5747 θάτερον
1326 5681 1428 5732 ῦπὸ
1464 5678 1693 5747 θατέρου
1729 5696 1867 5745 γνω-

298 5769 567 5839 ρίζεσθαιε
600 5771 683 5823 ὅτι
729 5787 791 5838 γε
843 5771 981 5823 κάπὶ
1037 5770 1252 5840 βασάνῳ
1284 5770 1420 5840 δῆτα
1469 5773 1534 5840 τῇ
1591 5773 1657 5841 σῇ
1692 5771 1867 5833 obici;

295 5862 441 5917 οὕτω
463 5859 797 5933 θρασὺς-κοιλΙ
820 5862 1079 5934 αὐθάδης,
1103 5861 1233 5917 ὥστ’
1259 5864 1449 5917 ἔπειτα
1475 5863 1555 5935 δὴ
1571 5865 1662 5916 καὶ
1679 5862 1869 5917 δάκτυο

1967 4683 2144 4738 usque
2167 4675 2383 4736 tempus
2418 4674 2560 4721 tecta
2590 4664 2919 4733 occultaque
2948 4661 3076 4726 fuit,
3106 4677 3230 4717 cum
3287 4662 3546 4718 libertate

1967 4762 2145 4836 palam
2198 4759 2493 4815 declarem.
2525 4757 2657 4812 Tuae
2707 4773 2841 4813 vero
2889 4756 3334 4811 mansuetudinis
3380 4768 3549 4827 atque

1971 4854 2339 4911 humanitatis
2370 4852 2558 4917 fuerit,
2602 4860 2661 4905 ut
2688 4866 2773 4906 me
2815 4850 3030 4920 placide
3093 4851 3344 4922 aspiciat,
3379 4862 3546 4921 atque

1971 4947 2227 5004 ﬁduciam
2282 4945 2468 4999 animo
2512 4959 2635 4998 meo
2685 4943 2873 5008 addat,
2928 4942 2987 4997 in
3037 4942 3233 5013 primis
3281 4957 3437 5009 vero,
3498 4942 3546 4997 si

1969 5039 2100 5110 quid
2134 5037 2316 5092 minus
2342 5044 2487 5091 recte
2523 5035 2577 5090 in
2609 5035 2716 5090 hoc
2740 5049 2905 5103 opere
2939 5051 2968 5089 a
2991 5049 3078 5089 me
3108 5034 3316 5089 dictum
3356 5034 3547 5092 fuerit.

1972 5127 2188 5183 utmihi
2218 5126 2489 5198 ignoscat,
2541 5124 2942 5197 historiamque
3004 5140 3203 5191 meam,
3248 5140 3350 5195 pro
3397 5126 3549 5197 judi»

1970 5221 2039 5275 cii
2075 5219 2155 5274 sui
2188 5219 2514 5282 acrimonia,
2549 5216 2803 5273 addendo
2832 5227 2999 5288 atque
3028 5216 3325 5272 adimeudo
3352 5233 3551 5286 repur-

1971 5323 2082 5385 get.
2113 5311 2389 5381 Quidquid
2419 5311 2566 5367 enim
2598 5310 2837 5365 calculus
2869 5321 2996 5365 tuus
3021 5309 3334 5367 accuratius
3356 5325 3549 5363 emcn-

1972 5405 2205 5469 davcrit,
2244 5404 2297 5458 id
2330 5412 2386 5458 et
2409 5402 2540 5457 mihi
2566 5412 2621 5457 et
2643 5403 2900 5457 omnibus
2920 5403 3043 5457 aliis
3071 5413 3285 5473 gratum
3304 5412 3550 5458 certum-

1973 5512 2080 5568 que
2112 5496 2439 5551 habebitur:
2486 5503 2774 5564 propterea
2808 5494 2954 5565 (μιοά
2993 5503 3052 5549 et
3102 5495 3379 5559 omnibus,
3419 5498 3545 5565 qui-

1970 5601 2188 5654 cunque
2248 5583 2420 5646 fuere,
2478 5583 2576 5637 tibi
2645 5583 2878 5636 maxime
2946 5581 3255 5651 perspicere
3311 5583 3437 5638 talia
3492 5594 3547 5641 ct

1972 5676 2404 5745 deprehendere,
2435 5672 2869 5745 promptitudinc
2898 5682 2955 5727 et
2986 5673 3285 5729 acrimonia
3317 5685 3556 5737 natura}.

1973 5769 2067 5824 Dei
2126 5770 2269 5823 dono
2326 5768 2667 5839 contigerit:
2733 5778 2789 5823 et
2841 5766 2987 5837 quod
3060 5767 3333 5823 disserere
3385 5781 3574 5838 atque.

1974 5865 2280 5935 disputare,
2359 5862 2747 5920 moderatione
2791 5863 2958 5936 iusta,
3016 5874 3075 5921 et
3119 5862 3316 5920 timore
3377 5864 3591 5921 malum
