4018 6448
424 355 529 420 563
1655 348 2077 422 NICEPHORl
2117 364 2467 428 CALLlSTI
3592 362 3687 431 564

424 470 696 533 adhibito,
719 469 790 526 de
809 468 974 526 rebus
999 468 1199 526 divinis
1230 472 1498 541 explicate
1527 474 1679 529 noris
1704 493 1719 530 :
1752 486 2015 546 praetcrea
2047 504 2061 546 λ

2165 500 2213 536 ον
2260 483 2468 555 τολμᾷν
2516 484 2636 547 ταῖς
2676 484 2919 556 γραφαῖς
2975 483 3311 539 ἐπιϐάλλειν.
3370 485 3479 537 Καὶ
3515 485 3689 538 τοίνυν

424 562 577 632 quod
606 573 790 618 mente
839 563 1154 631 concipere,
1201 572 1259 619 et
1295 577 1395 619 ore
1453 564 1665 623 diserto
1710 569 1897 640 eloqui
1953 572 2011 628 id

2165 578 2323 646 παρεὶς
2379 577 2452 631 τὰ
2504 576 2701 644 πολλὰ,
2755 575 3007 631 ἐντεῦθέν
3043 576 3213 631 ποθεν
3257 576 3368 629 τῶν
3422 578 3551 646 περὶ
3599 573 3690 629 σοῦ

425 654 575 724 quod
603 655 785 711 visum
814 668 923 721 est,
970 656 1308 726 insuperque
1352 655 1593 728 ldipsum
1639 660 1812 729 probe
1870 663 2015 735 diju-

2165 668 2301 736 όγων
2339 668 2689 740 ἀπάρχομαι.

429 749 641 814 dicare,
670 749 743 803 ita
779 758 837 804 ut
862 749 1095 805 alterum
1153 750 1223 806 ab
1290 750 1468 807 altero
1517 762 1883 823 pernoscatur
1912 794 1928 820 ,
1980 760 2189 828 optime
2255 762 2455 832 possis.
2516 762 2709 833 Neque
2753 762 3043 833 quisquam
3092 761 3369 834 reperitur
3415 776 3536 817 esse
3590 769 3694 816 tam

431 842 611 897 audax
640 854 695 896 et
734 842 1080 906 temerarius.
1105 844 1225 915 qui,
1262 854 1389 915 post
1414 845 1602 902 limam
1655 848 2038 921 iudiciumque
2081 856 2519 926 tuum,‘fdigitum
2547 855 2814 912 adhibere
2859 856 3083 926 scriptis
3153 856 3444 911 sustineat.
3514 854 3705 924 Itaque

433 938 601 992 rebus
630 938 818 992 multis
869 938 1113 1006 omissis,
1148 939 1278 995 inde
1312 941 1539 997 tandem
1595 944 1903 999 orationem
1956 944 2026 1001 de
2065 949 2234 1004 rebus
2292 950 2405 1005 tuis
2450 949 2660 1007 ordiar.

501 1031 555 1101 3
638 1030 774 1086 Cum
821 1032 977 1087 enim
1056 1032 1231 1088 veluti
1302 1034 1578 1105 quispiam
1669 1052 1867 1093 eorum
1925 1038 2024 1108 qui

433 1122 695 1192 singulari
783 1123 879 1179 Dei
957 1123 1105 1180 dono
1166 1126 1278 1181 dati
1339 1139 1490 1196 sunt,
1550 1130 1887 1200 optimorum
1953 1141 2013 1188 et

433 1212 908 1269 nobilissimorum
949 1215 1173 1271 illorum
1212 1217 1482 1285 virorum,
1536 1222 1711 1288 nasci,
1775 1232 1833 1279 et
1906 1223 2018 1278 im-

436 1305 653 1372 perium
715 1307 771 1361 in
818 1307 1074 1365 homines
1138 1308 1429 1366 universos
1485 1313 1763 1383 suscipere
1860 1314 2028 1370 debe-

439 1407 549 1457 res,
589 1397 769 1466 magni
811 1398 1031 1453 consilii
1063 1401 1311 1471 angelus,
1345 1417 1410 1458 ac
1439 1403 1624 1473 potius
1659 1421 1843 1461 rerum
1896 1406 2023 1462 uni-

2165 1424 2221 1459 ον
2253 1406 2297 1459 δ’
2324 1409 2352 1460 ό
2380 1408 2490 1461 τῶν
2521 1409 2740 1463 πάντων
2790 1407 2984 1478 Πατήρ
3012 1423 3073 1459 τε
3115 1406 3210 1459 καὶ
3258 1403 3515 1474 ἡγεμὼν,
3555 1406 3712 1459 πάλιν

440 1499 728 1541 versatum
757 1486 920 1543 Pater
978 1499 1141 1559 atque
1172 1500 1375 1556 rector,
1432 1493 1726 1549 consilium
1775 1496 2021 1567 agitavit,

2165 1518 2192 1552 ν
2244 1499 2460 1569 βουλαῖς
2494 1488 2584 1571 ἦν,
2634 1499 2730 1553 καὶ
2770 1499 2906 1570 πρὸς
2948 1499 3018 1552 τὰ
3051 1498 3275 1570 συμφυῆ
3320 1499 3420 1551 καὶ
3455 1498 3714 1570 ὀμότιμα,

443 1585 501 1629 ct
532 1577 600 1630 ad
654 1593 751 1633 eos
802 1580 899 1648 qui
957 1596 1082 1636 cum
1140 1583 1236 1637 illo
1285 1584 1535 1655 ejusdem
1569 1596 1697 1642 sunt
1724 1599 1933 1643 naturae
1974 1597 2029 1643 et

2165 1593 2463 1662 Ιοιήσωμεν
2527 1587 2683 1655 αὖθις
2735 1591 3027 1663 ἄνθρωπον
3056 1629 3072 1654 ,
3113 1590 3299 1658 ἔλεγε,
3355 1588 3484 1643 κατ’
3533 1591 3714 1642 εἰκόνα

447 1668 710 1723 honoris:
758 1670 1044 1727 Faciamus
1094 1674 1316 1744 (inquit)
1366 1692 1587 1731 rursum
1628 1678 1910 1735 hominem
1960 1679 2030 1736 ad

2165 1685 2419 1756 ίμετέραν
2469 1684 2564 1739 καὶ⁵
2614 1681 2738 1737 καθ’
2778 1682 3045 1752 ὁμοίωσιν
3096 1681 3191 1735 τοῦ
3227 1681 3461 1751 πρώτου
3506 1680 3713 1735 ἐκείνου

449 1760 757 1832 imaginem
792 1773 1057 1831 nostram,
1089 1776 1145 1821 et
1195 1766 1612 1824 similitudinem
1661 1772 1826 1842 primi
1884 1773 2034 1828 illius

2165 1771 2311 1825 πάλαι
2362 1771 2737 1843 διαρρυέντος.
2779 1772 2891 1825 Καὶ
2941 1769 3141 1842 ἀθρόον
3185 1771 3469 1824 ἐπλάττου
3500 1773 3568 1840 τῇ
3600 1771 3720 1840 θείᾳ

454 1854 549 1923 qui
582 1853 792 1908 dudum
832 1854 1090 1913 dillluxit.
1116 1858 1184 1913 Et
1233 1859 1421 1916 editus
1444 1876 1525 1927 es,
1557 1862 1741 1918 divina
1797 1864 2033 1934 quadam

2165 1861 2329 1931 ρύσει,
2367 1863 2504 1931 πνοῇ
2560 1861 2707 1931 ζωῆς
2756 1862 3183 1932 ἐμφυσώμενοςο
3235 1860 3449 1932 ζωτικὴ
3488 1864 3599 1924 τοῖς
3629 1860 3721 1913 ἀλ-

452 1948 575 1999 viet
609 1955 825 2013 natura,
866 1948 1063 2018 spiritu
1120 1950 1249 2006 vita
1301 1952 1397 2008 tibi
1449 1952 1651 2021 aﬂl‘ato,
1708 1956 1803 2026 qui
1857 1956 2037 2012 vitalis

2165 1971 2254 2019 .Ot;
2303 1952 2515 2023 μέλλων
2548 1952 2776 2023 δύναμις
2816 1952 3202 2022 χρηματίζειν,
3236 1951 3333 2004 καὶ
3373 1951 3601 2023 ἀπαρχὴ
3628 1952 3719 2004 καὶ

2214 1042 2370 1097 Ἐπεὶ
2403 1043 2515 1115 γὰρ
2547 1043 2774 1113 ἔμελλες
2800 1040 3109 1109 τίκτεσθαι,
3141 1034 3233 1096 οἶά
3279 1057 3365 1104 τις
3392 1040 3506 1095 τῶν
3538 1040 3705 1097 πάλαι

2131 1135 2285 1206 παρά
2336 1134 2476 1189 Θεοῦ
2527 1134 2829 1206 δεδομένων
2867 1135 3001 1205 ἡμῖν
3029 1134 3279 1205 ἀρίστων
3310 1133 3412 1186 καὶ
3438 1132 3709 1201 γενναίων

2129 1224 2357 1280 ἐκείνων
2407 1226 2645 1297 ἀνδρῶν,
2682 1226 2780 1282 καὶ
2827 1226 2929 1297 τὴν
2982 1224 3128 1279 κατὰ
3156 1225 3380 1279 πάντων
3409 1226 3709 1295 ἠγεμονίαν

2132 1315 2555 1385 κληρώσασθαι,
2589 1318 2617 1369 ὁ
2654 1316 2754 1386 τῆς
2786 1314 3033 1386 μεγάλης
3065 1313 3263 1385 βουλῆς
3282 1313 3548 1381 ἄγγελος,
3575 1313 3711 1382 μᾶλ-

453 2038 577 2093 aliis
590 2040 1193 2113 virtus,primitizeque,
1232 2054 1288 2099 et
1308 2047 1462 2113 quasi
1484 2047 1701 2116 quidam
1717 2049 1857 2103 alius
1874 2063 2040 2119 gene-

456 2131 535 2184 ris
553 2131 811 2201 princeps
834 2134 891 2188 in
913 2136 1049 2190 orbe
1069 2145 1262 2191 nostro
1293 2137 1516 2192 futurus
1542 2154 1687 2194 eras.
1717 2139 1835 2207 Qua
1861 2142 1917 2194 in
1954 2155 2037 2209 re,

457 2224 573 2291 illa,
602 2225 831 2295 perinde
877 2236 1041 2298 atque
1108 2228 1479 2286 instrumento
1532 2241 1588 2286 et
1663 2243 1891 2289 auctore
1942 2249 2041 2289 usa

459 2324 551 2370 est
624 2324 778 2386 patre
831 2329 946 2384 tuo,
972 2320 1066 2389 qui
1124 2320 1394 2391 majorum
1452 2337 1681 2378 suorum
1727 2325 2042 2394 splendore,

461 2408 769 2469 nobilitate.
809 2411 1175 2482 amplitudine
1218 2413 1430 2485 gloriae,
1487 2424 1605 2471 arte
1667 2418 2044 2487 imperatoria,

466 2500 685 2570 opibus,
721 2502 912 2560 adhaac
939 2504 1254 2574 prudentia,
1288 2506 1631 2574 fortitudine,
1662 2517 1716 2565 et
1732 2517 1942 2565 natura:
1966 2510 2042 2578 vi,

466 2593 885 2662 antiquissimos
918 2610 1166 2666 quosque
1227 2600 1426 2668 suique
1457 2607 1513 2654 et
1567 2600 1752 2655 nostri
1785 2601 2080 2670 temporis'

466 2685 747 2756 principes
799 2687 1140 2744 obscuravit.
1212 2688 1326 2745 Nec
1384 2690 1489 2758 illi,
1552 2707 1677 2747 cum
1741 2702 1899 2747 antea
1957 2706 2047 2748 res

473 2779 674 2835 multas
745 2795 848 2850 pro
914 2780 1185 2838 Romanis
1223 2782 1449 2853 egisset,
1504 2783 1665 2838 aliam
1707 2784 1780 2840 ob
1827 2798 2046 2839 causam

2140 2048 2421 2117 γενάρχης
2468 2039 2559 2099 οἶά
2615 2060 2699 2108 τις
2756 2042 2917 2108 ἄλλος
2962 2043 3175 2113 κόσμου
3231 2041 3329 2097 τοῦ
3388 2044 3515 2096 καθ’
3551 2044 3716 2112 ἡμᾶς.

2146 2139 2372 2209 ἀφορμῇ
2419 2154 2528 2190 τινι
2573 2134 2857 2207 χρώμενος
2887 2136 2984 2189 καὶ
3018 2136 3180 2206 αἰτίῳ
3213 2134 3390 2206 πατρί
3419 2153 3484 2204 γε
3516 2136 3593 2205 τῷ
3624 2134 3717 2206 σῷα

2144 2232 2211 2283 ἐκ
2241 2230 2530 2298 προγόνων
2559 2229 2626 2299 δή
2657 2246 2823 2282 τινων
2864 2230 3120 2299 εὐγενείᾳ
3148 2228 3245 2281 καὶ
3274 2228 3511 2298 μεγέθει
3541 2227 3719 2298 δόξης,

2150 2321 2466 2393 στρατηγίᾳ
2509 2338 2570 2374 τε
2611 2323 2708 2374 καὶ
2744 2320 2982 2392 πλούτῳ,
3031 2320 3172 2392 πρὸς
3207 2320 3266 2374 δέ
3303 2323 3403 2376 καὶ
3443 2326 3719 2393 φρονήσει,

2146 2414 2371 2484 ἀνδρείᾳ
2408 2431 2471 2468 τε
2505 2416 2600 2468 καὶ
2630 2414 2749 2486 ὥρᾳ
2779 2414 3017 2485 φύσεως,
3038 2415 3165 2479 τοὺς
3208 2416 3454 2470 ἔκπαλαι
3480 2417 3573 2469 καὶ
3610 2415 3720 2471 τότε

2148 2506 2242 2558 καὶ
2277 2504 2373 2559 νῦν
2423 2506 2832 2577 ἀποκρύπτοντι
2858 2521 2873 2537 ·
3007 2506 3097 2560 διὰ
3131 2505 3192 2560 σὲ
3238 2506 3376 2570 Θεὸς
3407 2510 3504 2561 καὶ
3534 2507 3593 2560 τὸ
3634 2507 3721 2575 βα-

2155 2598 2357 2651 σίλειον
2391 2599 2695 2669 ἐγχειρίζει
2740 2600 3043 2669 σκῆπτρον,
3077 2598 3252 2654 πολλὰ
3282 2601 3559 2670 πρότερον
3589 2598 3723 2667 ὑπὲρ

2160 2685 2450 2759 Ῥωμαίων
2484 2690 2786 2758 μογήσαντι
2814 2725 2832 2751 ,
2873 2687 2960 2741 ἵνα
3011 2688 3095 2741 σοι
3149 2688 3339 2759 ῥᾴδιον
3387 2688 3473 2757 εἴη
3507 2688 3567 2742 τὸ
3596 2687 3722 2741 ταύ-

2149 2796 2252 2849 την
2286 2778 2618 2849 κτήσασθαι,
2650 2776 2746 2832 καὶ
2780 2778 3123 2846 ἀναίμακτον
3181 2780 3446 2851 εὐσεϐείᾳ
3471 2781 3567 2834 καί⁵
3594 2779 3722 2833 πᾶσι

470 2868 619 2925 Deus
661 2872 942 2942 imperiale
997 2873 1224 2929 tradidit
1275 2884 1590 2947 sceptrum,
1650 2892 1814 2947 quam
1868 2886 1930 2930 ut
1989 2886 2049 2930 tu

2165 2874 2424 2942 χρηστοῖς
2468 2870 2839 2941 σεμνύνεσθαι
2881 2872 3179 2941 μέλλοντι,
3216 2866 3296 2935 οἷς
3352 2875 3383 2925 ό
3438 2874 3559 2937 ταῖς
3601 2872 3726 2941 ἀλη.

473 2962 632 3017 facile
661 2965 1088 3021 etincruenrum
1135 2966 1417 3023 obtineres
1472 2969 1785 3039 imperium,
1846 2972 2050 3040 pietate

2165 2964 2339 3028 θείαις
2388 2964 2641 3036 βασιλεὺς
2678 2965 3070 3018 διαδείκνυται.
3119 2965 3276 3018 Ἐπεὶ
3326 2965 3385 3018 δ’
3440 2965 3604 3034 ἐχρῆν
3651 2980 3726 3016 σοι

473 3065 531 3111 et
550 3056 889 3114 facinoribus
911 3061 1173 3117 omnibus
1219 3062 1382 3118 bonis
1408 3062 1629 3118 futurus
1657 3065 1818 3135 longe
1857 3064 2053 3120 claris-

2165 3060 2252 3113 ιιαὶ
2281 3060 2345 3113 τὺ
2382 3058 2655 3131 βασίλειον
2692 3057 3080 3130 ηὐτρεπίσθαι,
3108 3056 3246 3110 Θεοῦ
3279 3059 3440 3129 χειρὶ
3469 3058 3566 3129 τὴν
3595 3056 3726 3110 κατὰ

477 3150 691 3205 simus:
732 3153 815 3207 eis
838 3153 1041 3224 quippe
1077 3154 1247 3210 rebus
1277 3155 1561 3211 verissime
1615 3155 1914 3225 impcralcr
1956 3156 2052 3211 de-

2165 3152 2382 3206 πάντων
2415 3152 2592 3222 ἀρχὴν
2627 3151 2880 3221 δέχεσθαι
2927 3151 3202 3221 μέλλοντι,
3240 3150 3457 3218 μᾶλλον
3495 3151 3539 3204 δ’
3566 3153 3732 3220 ἐγχεο-

480 3247 744 3301 claratur.
804 3222 1263 3318 Quandoquidem
1325 3263 1459 3303 vero
1511 3248 1609 3304 tibi
1664 3222 1907 3319 quoque,
1962 3249 2057 3319 qui

2165 3242 2408 3313 ρισθέντι
2458 3243 2551 3295 καὶ
2598 3243 2708 3314 πρὸ
2746 3243 3037 3312 γενέσεως,
3096 3244 3386 3314 προσῆκον
3433 3245 3491 3298 δέ
3527 3244 3631 3315 ἀρα
3661 3241 3732 3312 τῷ

480 3338 770 3408 imperium
802 3340 859 3394 in
883 3340 1171 3396 universos
1210 3354 1242 3395 e
1303 3355 1468 3395 manu
1490 3341 1582 3395 Dei
1616 3340 1799 3396 fueras
1833 3356 2061 3411 suscep-

483 3443 671 3495 turus,
711 3446 807 3487 seu
868 3432 1053 3502 potius
1099 3442 1227 3487 ante
1326 3431 1665 3487 nativitatem
1751 3448 2061 3500 receperas,

484 3523 826 3593 imperialem
851 3525 1078 3579 domum
1102 3532 1158 3580 et
1182 3524 1365 3579 aulam
1418 3524 1615 3579 instrui
1642 3525 1908 3595 oportuit,
1939 3540 2062 3594 quae

482 3630 614 3670 sane
641 3628 749 3673 tam
782 3617 976 3685 ingens
1020 3626 1074 3671 et
1094 3618 1334 3686 amplum
1363 3614 1587 3671 deceret
1615 3615 1908 3686 imperium
1941 3634 1955 3670 :
1997 3631 2062 3670 ea

484 3723 708 3778 quoque
763 3708 1228 3778 quemadmodum
1286 3707 1467 3778 pivimo
1528 3708 1607 3763 illi
1692 3708 1863 3761 Adam
1911 3707 2065 3761 orbis

491 3799 803 3866 universus,
832 3809 891 3855 et
930 3815 1249 3870 quicunque
1268 3800 1485 3855 tandem
1517 3798 1618 3854 fuit
1638 3799 1922 3869 paradisus
1948 3799 2061 3862 ille,

486 3892 759 3961 condigna
790 3900 1092 3962 pra-parata
1142 3898 1249 3946 est.
1284 3891 1357 3945 Ea
1385 3907 1517 3945 vero
1545 3899 1665 3945 erat
1694 3906 1835 3945 nova
1869 3890 2069 3955 Edem,

492 3992 760 4036 terrestre
789 3982 1016 4044 caelum,
1048 3981 1293 4051 paradisi
1327 3981 1493 4035 veluti
1525 3982 1849 4051 primarium
1882 3997 2067 4036 exem-

496 4074 636 4143 plar,
672 4073 855 4142 patriar
876 4073 1101 4144 quidem
1162 4083 1276 4136 tua,
1335 4088 1626 4129 commune
1682 4082 1863 4128 autem
1909 4073 2068 4129 Chrio

495 4166 803 4220 stianorum
853 4164 1101 4220 omnium
1144 4165 1510 4233 domicilium,
1569 4165 1788 4220 urbiqu
1813 4166 2071 4222 videlicet

491 4258 739 4313 omnium
772 4257 979 4329 regina.
1011 4256 1187 4312 Simul
1213 4267 1378 4327 atque
1405 4257 1553 4312 enim
1576 4258 1694 4328 ipse
1720 4273 1788 4313 ex
1818 4268 2071 4312 materno

489 4352 745 4423 prodiisti
787 4351 1050 4413 thalamo,
1113 4350 1432 4419 praedonum
1455 4365 1707 4417 examen,
1744 4350 1891 4422 quod
1949 4366 2069 4406 cam

490 4446 655 4513 longo
695 4453 941 4512 tempore
973 4442 1269 4508 alllixerat,
1288 4442 1420 4497 inde
1444 4452 1533 4498 est
1578 4442 1893 4513 expulsum,
1959 4451 2073 4497 ter-

2161 3334 2405 3405 τοτούτῳ
2483 3334 2579 3404 τῆς
2619 3334 2797 3404 ἀρχῆς
2855 3334 2950 3388 καὶ
2992 3333 3214 3404 μεγέθει
3267 3334 3367 3389 καὶ
3427 3338 3595 3407 ὄγκῳ,
3646 3335 3729 3389 καὶ

2160 3426 2323 3479 τοῦτο
2360 3427 2424 3497 δή
2468 3443 2575 3494 σοι,
2607 3426 2753 3479 καθά
2804 3427 2897 3480 καὶ
2935 3426 3014 3497 τῷ
3049 3426 3252 3497 πρώτῳ
3307 3427 3505 3498 ἐκείνῳ
3547 3427 3724 3495 Ἀδὰμ,

2163 3520 2368 3591 κόσμος
2401 3519 2584 3588 ἄπας,
2622 3522 2719 3572 καὶ
2761 3519 2913 3582 ὅστις
2943 3518 3074 3573 πυτέ
3121 3514 3191 3590 ἦν
3230 3520 3444 3583 ἐκεῖνος
3483 3519 3729 3588 παράδει-

2168 3629 2282 3677 σος,
2312 3611 2613 3681 ἀξιόχρεων
2638 3611 3073 3682 προητοίμαστο.
3105 3612 3178 3664 Τὸ
3210 3610 3268 3663 δέ
3292 3606 3367 3683 ἦν
3395 3614 3429 3683 ὴ
3453 3611 3728 3679 νέαἘδὲμ.

2164 3706 2192 3758 ό
2228 3703 2322 3756 ἐπὶ
2361 3704 2466 3773 γῆς
2504 3704 2771 3775 οὐρανὸς.
2810 3703 2871 3756 τὸ
2919 3702 3014 3757 τοῦ
3053 3702 3390 3774 παραδείσου
3435 3700 3546 3758 οἷον
3579 3701 3732 3773 ἀρχέ-

2165 3813 2381 3872 τυπον·
2423 3798 2458 3866 ἠ
2502 3796 2570 3868 σὴ
2615 3796 2714 3867 μὲν
2757 3797 2980 3865 πατρὶς,
3036 3797 3192 3866 κοινὴ
3254 3796 3300 3850 δ’
3368 3798 3528 3870 ἡμῶν
3586 3793 3730 3848 ἐστία

2170 3890 2386 3943 πάντων
2411 3889 2779 3960 Χριστιανῶν·
2814 3890 2845 3959 ἡ
2883 3889 2991 3942 τῶν
3024 3890 3232 3943 πόλεων
3273 3889 3508 3943 ἀπασῶν
3539 3885 3728 3957 δηλαδὴ

2173 3982 2418 4053 βασιλίς.
2462 3983 2630 4053 Ὀμοῦ
2663 4000 2723 4037 τε
2754 3985 2865 4053 γὰρ
2905 3984 3068 4045 αὐτὸς
3105 3982 3215 4035 τῶν
3263 3982 3550 4052 μητρικῶν
3580 3977 3732 4032 θαλά-

2174 4091 2291 4145 μων
2347 4073 2646 4146 προέθορες
2680 4115 2694 4139 ,
2756 4072 2855 4126 καὶ
2912 4074 2972 4125 τὸ
3028 4073 3367 4144 βιασάμενον
3419 4072 3620 4140 ταύτην
3671 4070 3735 4121 ἐκ

2171 4164 2371 4218 πολλοῦ
2404 4166 2698 4237 λῃστρικὸν
2744 4165 2955 4220 ἐκεῖθεν
2996 4166 3280 4237 ἠλαύνετο,
3332 4167 3529 4237 φρίξαν
3558 4165 3738 4231 ὥσπερ

2171 4259 2270 4312 καὶ
2301 4259 2596 4328 συντριὸὲν
2637 4260 2733 4314 καὶ
2777 4260 2874 4313 τὸν
2914 4261 3139 4330 γνήσιον
3187 4260 3363 4323 ὅντως
3414 4256 3732 4328 κληρονόμον

2173 4358 2270 4411 καὶ
2307 4356 2539 4427 βασιλέα
2581 4356 2679 4410 καὶ
2707 4355 2959 4427 οἰκιστὴν
2993 4355 3167 4422 αὐτῆς
3198 4355 3449 4409 αἱδεσθέν
3473 4370 3487 4385 ·
3525 4351 3615 4406 καὶ
3640 4346 3732 4417 τὴν

2174 4447 2356 4513 ἔξοδον
2418 4448 2925 4513 κατασπεύδοντες,
2968 4449 3065 4501 ita
3123 4447 3188 4517 δὴ
3260 4449 3331 4518 τῇ
3385 4441 3732 4512 πιλόουμένῃ

491 4551 617 4590 rore
679 4534 1099 4605 quodammodo
1161 4534 1481 4605 perculsum
1540 4545 1707 4604 atque
1784 4533 2061 4599 accisum,

2175 4541 2295 4593 κατ’
2334 4539 2516 4594 αὐτῶν
2550 4542 2616 4608 τῇ
2654 4540 2904 4611 ῥομφαίᾳ
2954 4537 3366 4606 ἐκϐιαζόμενοι,
3398 4535 3551 4598 ἄλλος
3580 4531 3732 4585 ἀλλα·-

491 4641 928 4698 germanumque
956 4627 1119 4697 plane
1177 4626 1479 4691 han-edem,
1570 4626 1958 4695 imperatorem
2013 4634 2072 4680 et

493 4722 835 4779 conditorem
867 4723 1005 4792 ejus,
1036 4720 1304 4776 veritum:
1337 4719 1431 4790 qui
1466 4733 1597 4773 sane
1625 4718 1930 4788 praedones,
1955 4717 2073 4773 exi-

496 4825 616 4869 tum
680 4824 843 4883 atque
911 4812 1091 4877 fugam
1156 4810 1548 4873 accelerantes,
1598 4817 1860 4878 tanquam
1906 4822 2072 4863 coru-

432 4926 444 4934 '
497 4900 677 4961 scanti
715 4918 849 4959 ense
872 4912 965 4958 tuo
994 4901 1178 4975 ejecti,
1204 4900 1345 4956 alius
1390 4901 1499 4956 alio
1524 4900 1787 4972 profugit.
1828 4900 1911 4955 Ad
1944 4914 2072 4954 eum

496 4995 718 5051 modum
763 4993 855 5048 illa
904 5007 1004 5063 per
1059 5001 1110 5046 te
1150 4990 1314 5045 nobis
1359 4991 1617 5045 omnibus
1675 4997 1990 5061 repurgata,
2018 4996 2075 5043 et

497 5087 594 5142 tibi
621 5085 859 5141 nutricia
892 5093 1060 5152 atque
1085 5079 1371 5135 educatrix
1405 5080 1547 5159 facta
1588 5089 1693 5147 est,
1732 5080 1947 5135 duabus
1988 5079 2076 5134 his

496 5183 666 5238 rebus
691 5181 747 5234 in
776 5187 828 5233 te
849 5184 1014 5247 atque
1059 5175 1150 5230 illa
1201 5160 1466 5231 divinitus
1498 5176 1735 5246 benigne
1794 5174 2074 5245 przestitis.

495 5272 692 5341 Neque
714 5269 862 5324 enim
919 5266 1035 5329 illa,
1097 5280 1220 5334 qua:
1267 5280 1444 5334 nuper
1500 5265 1795 5320 admodum
1842 5264 2075 5319 liberam

496 5360 678 5418 lucem
708 5358 899 5413 videre
946 5364 1213 5425 eruperat,
1277 5355 1334 5409 in
1364 5355 1475 5409 alio
1505 5356 1788 5425 quopiam,
1821 5367 1986 5423 quam
2020 5367 2089 5406 in.

503 5464 559 5507 te
588 5465 733 5516 uno,
784 5451 1026 5506 debitam
1077 5448 1303 5518 gloriam
1345 5448 1608 5516 consequi
1675 5446 1854 5516 patuit
1903 5463 1918 5500 :
1983 5444 2080 5514 qui

505 5543 748 5598 maxime
799 5542 1023 5613 quidem
1082 5543 1149 5596 ad
1236 5540 1464 5612 gloriam
1517 5539 1616 5593 Dei
1674 5537 2093 5609 propagandam.

505 5637 864 5707 processeris,
892 5634 948 5708 4
966 5646 1021 5693 et
1049 5652 1260 5692 summa
1293 5635 1538 5690 omnium
1569 5634 1831 5705 dignitate
1858 5634 2093 5688 honoris

501 5734 701 5782 auctus
757 5729 864 5786 sis:
894 5746 1077 5800 neque
1112 5728 1277 5785 etiam
1329 5728 1427 5784 tibi
1471 5743 1583 5798 prae
1632 5728 1723 5781 illa
1755 5727 2096 5795 condignius.

506 5819 829 5892 comingerc
942 5826 1123 5895 potuit
1215 5822 1557 5877 domicilium
1647 5830 1701 5875 et
1783 5820 2076 5875 habitatio.

2174 4631 2272 4703 χοῦ
2306 4629 2702 4699 διεδίδρασκον.
2758 4629 2866 4683 Καὶ
2904 4630 3084 4683 τοίνυν
3130 4626 3271 4698 αὕτη
3308 4627 3400 4681 διὰ
3446 4625 3539 4678 σοῦ
3572 4623 3726 4675 πᾶσιν

2174 4722 2308 4791 ἡμῖν
2355 4721 2605 4785 ἀνεῖται,
2652 4719 2748 4772 καὶ
2799 4719 2883 4772 σοὶ
2920 4718 3122 4788 τροφὸς
3170 4719 3374 4789 ἀρίστη
3413 4718 3506 4771 καὶ
3532 4711 3730 4781 τιθηνδς

2175 4811 2411 4878 γίνεται,
2447 4811 2545 4864 δύο
2591 4810 2801 4866 τούτων
2852 4809 2947 4863 ἐπὶ
2975 4810 3059 4863 σοὶ
3102 4809 3278 4880 ταύτῃ
3321 4808 3506 4862 θεόθεν
3544 4800 3732 4872 φιλοτί-⁹

2179 4918 2297 4970 μως
2323 4899 2784 4971 ὲξεργασθέντων.
2813 4898 2950 4951 Οὔτε
2980 4898 3089 4967 γὰρ
3119 4896 3261 4966 αὕτη
3298 4897 3384 4965 ἐφ’
3438 4898 3541 4962 ὅτῳ
3573 4891 3726 4955 ἀλλ’ξῆ

2177 4994 2307 5063 ἄρτι
2364 4993 2480 5061 φῶς
2523 4991 2709 5047 ίδοῦσα
2761 4991 3097 5062 ἐλεύθερον,
3154 4991 3215 5043 τὸ
3271 4991 3372 5059 τῆς
3436 4986 3727 5058 ἀνηκούσης

2177 5082 2336 5154 δόξης
2374 5079 2489 5153 εἶχε
2524 5083 3011 5153 κληρώσασθαιλῆ
3045 5083 3142 5136 ἐπὶ
3180 5084 3266 5135 σοὶ
3309 5083 3373 5153 δὴ
3426 5081 3522 5134 καὶ
3573 5076 3725 5147 μόνῳ,

2178 5174 2258 5246 τῷ
2293 5175 2664 5245 διαφερόντως
2726 5175 2826 5243 μὲν
2875 5175 2958 5238 εἰς
3005 5173 3168 5238 δόξαν
3215 5172 3350 5228 Θεοῦ
3410 5167 3725 5242 προελθόντι,

2178 5268 2349 5335 τιμῆς
2375 5267 2421 5319 δ’
2451 5268 2672 5336 ἀπάσης
2718 5267 3022 5336 ὑπέρτερον
3053 5263 3467 5336 περιωσμένῳ
3505 5259 3726 5326 ἀξίωμα·

2191 5358 2335 5412 Ἀλλ’
2374 5357 2496 5411 οὐδὲ
2537 5359 2619 5411 σοί
2659 5357 2711 5427 γ’
2743 5353 2901 5419 αὖθις
2935 5357 3070 5411 ἀλλο
3127 5375 3181 5409 τι
3228 5358 3332 5427 πρὸ
3361 5353 3559 5420 ταύτης
3587 5348 3723 5412 ἄξιον

2188 5451 2478 5523 προσῆκεν
2514 5445 2659 5504 εἶναι
2688 5451 2749 5502 τὸ
2787 5449 3117 5522 ἐνδιαίτημα
3166 5466 3228 5501 τε
3270 5448 3364 5502 καὶ
3412 5440 3722 5512 οἰκητήριον.

2188 5544 2374 5615 Ὅπερ
2409 5538 2506 5597 οὖν
2547 5542 2737 5605 εἰωθὸς
2794 5541 2854 5594 ὃν
2892 5541 3046 5611 Θεῷ,
3107 5540 3389 5614 πόρρωθεν
3425 5536 3519 5596 τὰς
3546 5527 3729 5583 uno“-

2188 5653 2305 5699 σεις
2345 5635 2456 5688 τῶν
2488 5635 2745 5704 μεγάλων
2786 5635 3129 5704 πραγμάτων
3181 5620 3725 5702 προκαταϐἀλλεσθαιν

2184 5727 2368 5790 καλῶς
2396 5727 2603 5790 ποιοῦν,
2643 5727 2740 5782 καὶ
2781 5726 3139 5796 συνέδραμεν.
3178 5722 3322 5777 Ἀλλ’
3353 5722 3497 5779 ὅπως
3533 5714 3606 5766 ἐτι
3633 5707 3721 5778 μὲν

2191 5819 2531 5892 σπαργάνοις
2570 5821 2917 5889 ἐνειλημὲνος
2963 5818 3054 5873 καὶ⁸
3103 5814 3484 5885 τιθηνούμενος
3507 5846 3522 5873 ι
3554 5804 3642 5864 τὰς
3670 5798 3719 5847 έν
