4018 6428
360 337 469 403 565

1774 360 1870 421 DE
1881 362 2204 431 DICATIO.

3510 367 3631 429 5&6”

360 455 442 506 soi
479 454 781 520 μελλούσας
809 457 920 512 τῶν
953 463 1298 534 πραγμάτων
1340 469 1642 541 ὑπέφαινες
1680 477 1930 545 χάριτας.

2045 484 2412 554 Quapropter,
2465 482 2627 538 sicuti
2680 483 2833 539 Deus
2867 483 3065 538 solitus
3100 491 3181 538 est
3215 484 3429 554 longius
3451 484 3617 536 etiam

361 549 753 618 προσκιρτῶν,
794 553 871 616 ὡς
926 554 993 610 ἄν
1047 574 1131 622 τις
1197 561 1329 631 φαίη
1358 605 1375 628 ,
1415 564 1510 618 καὶ
1561 565 1930 637 διαλλὸμενος,

359 640 545 709 σεμνῷ
576 643 674 695 καὶ
705 642 975 717 βασιλικῷ
1007 649 1086 720 τῷ
1115 654 1491 725 προσχήματι,
1534 659 1629 712 καὶ
1669 661 1768 718 τὴν
1796 663 1935 730 ἠμε-

360 730 516 822 ρινῂν
553 734 749 787 πλάσιν
784 738 1178 811 tanta-operor
1213 740 1303 800 οἷά
1325 764 1409 810 τις
1443 749 1716 818 γηραλέον
1751 752 1936 822 αὐχῶν

362 821 623 891 φρόνημα
649 864 663 886 ,
691 823 769 877 διὸ
817 825 1009 897 περιόν
1060 844 1146 884 σοι
1185 835 1285 903 τῆς
1324 834 1610 898 εὐσεϐείας
1657 821 1936 906 ἐδείκνυς,

360 914 438 977 ὡς
490 914 747 989 Ἰωάννης
787 923 1219 995 καθαλλόμενος,
1253 931 1347 983 κα)⁸
1377 933 1703 1002 προσκυνῶν
1743 933 1837 987 τὸν
1877 936 1937 987 ὲν

359 1005 511 1059 ὕδασι
542 1009 643 1081 τὴν
676 1012 842 1083 χάριν
889 1032 973 1068 σοι
1026 1020 1425 1092 χαριζόμενον*
1478 1025 1575 1078 καὶ
1631 1025 1799 1081 τᾶλλα
1836 1027 1938 1081 ὅσα

360 1100 522 1170 μέχρι
554 1101 617 1172 δή
654 1121 712 1156 σε
753 1110 1130 1177 παραγγεῖλαι
1151 1113 1250 1167 τὸν
1291 1116 1556 1186 μείρακα,
1595 1120 1649 1171 τί
1686 1120 1795 1193 χρὴ
1843 1121 1940 1174 καὶ

356 1193 577 1261 λέγειν;
619 1194 790 1269 Πλὴν,
832 1202 861 1255 ὅ
911 1219 1098 1272 φασιν,
1158 1207 1223 1262 ἐκ
1271 1208 1497 1281 πρώτης
1523 1213 1792 1282 γραμμῆς
1841 1215 1939 1267 καὶ

357 1285 469 1356 πρό
501 1303 564 1356 γε
586 1287 697 1342 τῶν
732 1290 933 1358 ἄλλων,
966 1295 1003 1366 ἡ
1036 1296 1311 1365 εὐσέϐεια,
1344 1301 1441 1354 καὶ
1476 1301 1534 1356 τὸ
1562 1301 1810 1373 θεοφιλὲς
1844 1304 1939 1359 καὶ

357 1381 420 1432 τὸ
454 1380 844 1455 φιλάνθρωπόν
888 1404 972 1441 σοι
1022 1391 1414 1458 ἐσπουδάζετο,
1450 1396 1708 1450 ἁπάντων
1737 1395 1802 1467 δὴ
1843 1399 1939 1450 καί

356 1469 468 1524 τῶν
521 1471 725 1538 ἄλλων,
764 1476 867 1529 ὅσα
938 1482 1386 1548 περισπούδαστα
1444 1486 1541 1539 καὶ
1596 1488 1935 1557 ὑμνούμενα,

359 1560 887 1633 συμπαραθεόντων,
936 1571 1032 1625 σοῦ
1087 1589 1151 1641 γε
1207 1577 1613 1643 προκόπτοντος
1647 1578 1705 1630 ὲν
1753 1577 1941 1649 ἡλικίᾳ

358 1654 456 1754 καὶ
482 1655 651 1754 σρφίᾳ
688 1658 786 1754 καλ.
821 1660 1031 1732 χάριτι,
1067 1665 1130 1718 οὐ
1181 1666 1261 1736 τῷ
1311 1667 1617 1738 λαμϐάνειν
1669 1670 1937 1734 ὲπῖδοσιν,

355 1743 437 1811 τῷ
478 1743 539 1796 δέ
584 1761 648 1813 γε
680 1746 855 1802 ταῦτα
896 1758 1422 1826 συμπαρασκαίρειν
1474 1774 1533 1810 τε
1568 1760 1662 1811 καὶ
1708 1775 1941 1813 συνανα-

354 1833 697 1901 δείκνυσθαι,
732 1841 830 1894 καὶ
885 1843 1047 1913 πῆξιν
1101 1845 1404 1918 λαμϐάνειν
1458 1850 1537 1921 τῷ
1575 1852 1675 1921 τῆς
1714 1852 1938 1925 ἡλικίας
1972 1831 2011 1885 Β

356 1928 723 1999 προσήκοντι,
759 1933 965 2006 καὶτῷ
1012 1935 1105 1991 τοῦ
1158 1940 1323 2010 ἤθους
1372 1942 1633 1998 εὐσταθεῖ
1674 1947 1770 1999 καὶ
1804 1946 1941 2000 ἀπε-

655 2023 944 2126 βαὶιδῆτῖ
971 2028 1059 2082 ἐπ’
1083 2029 1266 2103 ἀγαθῇ
1301 2033 1397 2087 καὶ
1435 2035 1577 2107 καλῇ
1619 2036 1845 2109 κρηπῖδι
1874 2039 1942 2108 τῇ

356 2108 617 2215 εὐσεϐείᾳ
640 2114 839 2215 ανδρία
876 2118 980 2189 μέν
1025 2138 1110 2176 σοι
1145 2124 1340 2195 πρῶτα
1380 2108 1718 2200 ἐπέτρεχεν·
1758 2132 1853 2184 ἐπὶ
1886 2128 1945 2183 δὲ

357 2205 534 2274 ταύτῃ
566 2205 664 2259 καὶ⁹
702 2208 970 2281 φρόνησις
1005 2214 1217 2270 εἵπετο·
1252 2218 1391 2291 πρὸς
1419 2220 1479 2274 δὲ
1504 2225 1605 2275 καὶ
1632 2220 1697 2276 τὸ
1728 2238 1947 2293 σωφρο-

357 2293 470 2345 νεῖν
498 2295 747 2366 ἐπήνθει,
779 2301 876 2355 καὶ
904 2303 940 2375 ή
968 2304 1293 2381 δικαιοσύνη
1324 2311 1687 2383 παραθέουσα
1710 2312 1941 2378 ταύταις

357 2387 538 2459 ἐπῄει·
572 2393 607 2462 ή
667 2397 846 2467 χρυσῆ
888 2400 969 2468 τῷ
1014 2402 1132 2457 ὄντι
1199 2407 1361 2477 σειρὰ
1402 2410 1499 2462 καὶ
1550 2412 1666 2475 τοῖς
1724 2411 1944 2474 πολλοῖς

359 2478 599 2546 ἄπλοκος
619 2498 636 2516 θ
667 2484 738 2555 ἢν
782 2488 853 2541 σὺ
895 2490 1118 2547 πάντων
1161 2495 1365 2568 ἄριστα
1397 2498 1711 2568 διαπλέξας,
1747 2500 1945 2573 καινήν
1972 2544 1985 2557 .

360 2587 482 2667 τινα
523 2575 619 2628 καὶ
661 2576 822 2648 ξένην
866 2582 1137 2654 ἁρμονίαν
1182 2588 1355 2656 ὅντως
1396 2595 1800 2667 ὲναπειργάσω.
1832 2597 1947 2661 Τὰς

361 2665 472 2757 γὰρ
510 2668 570 2720 ὲν
608 2670 838 2738 ταύταις
871 2676 1181 2750 ὑπερϐολὰς
1207 2665 1612 2757 παρωσάμενος
1641 2691 1738 2744 καὶ
1766 2689 1943 2743 ἐλλεί-

359 2754 506 2825 ψεις,
534 2761 602 2814 τὰ
633 2763 778 2832 μέσα
801 2768 1008 2824 τούτων
1040 2771 1223 2844 ἔσχες,
1267 2754 1399 2849 μίαν
1433 2754 1655 2854 ἀρετὴν,
1686 2781 1946 2848 καθάπαξ

361 2853 465 2925 τὴν
487 2855 748 2928 καθόλου,
789 2861 856 2917 ὲκ
899 2866 1110 2924 τούτων
1139 2853 1623 2947 ὲφαρμοσάμενος.

2038 586 2197 631 antea
2228 593 2547 647 magnarum
2588 576 2977 646 rerumjacerc
3011 575 3391 640 fundamenta,
3428 575 3623 630 itidem

2040 668 2236 722 merito
2266 683 2489 737 quoque
2508 675 2623 722 tum
2656 660 2713 722 id
2739 677 2825 721 est
2856 668 2926 721 ab
2950 680 3016 721 eo
3048 665 3288 722 factum.
3329 665 3617 720 Sedenim.

2040 769 2098 813 ut
2126 774 2250 814 cum
2283 760 2584 813 etiamnum
2616 755 2801 813 fasciis
2832 757 3136 828 puerilibus
3158 754 3537 812 involvereris.
3562 760 3618 807 et

2038 864 2067 904 a
2094 852 2307 905 nutrice
2338 849 2638 917 curareris,
2679 850 2919 905 futuram
2954 864 3134 905 rerum
3167 849 3399 917 gratiam
3427 847 3614 918 exsul-

2042 955 2183 1009 tans,
2215 956 2380 1016 atque
2407 946 2593 1014 (utsic
2622 947 2895 1017 quispiam
2923 944 3091 1015 dicat)
3118 943 3438 1005 subsiliens,
3464 940 3615 1009 grati

2040 1035 2509 1107 atque-imperiali
2537 1036 2788 1106 corporis
2818 1035 3006 1090 habitu
3038 1033 3364 1090 exliibucris
3403 1048 3417 1085 :
3450 1040 3616 1097 atque

2038 1129 2185 1184 inter
2207 1126 2586 1199 quotidianam
2619 1124 2998 1183 membrorum
3038 1123 3416 1192 ﬁngendorum
3466 1134 3619 1172 com-

2040 1220 2393 1291 positionem,
2443 1218 2673 1275 senilem
2696 1217 3104 1288 quodammodo
3165 1230 3279 1285 prte
3333 1226 3385 1271 te
3432 1214 3620 1267 ferens

2040 1312 2418 1383 prudentiam,
2474 1310 2836 1366 excellentem
2895 1309 2949 1363 in
3009 1316 3063 1363 te
3121 1308 3409 1377 pietatem,
3454 1303 3617 1357 sicuti

2039 1405 2303 1469 Joannes,
2332 1402 2640 1468 exsultans,
2698 1408 2755 1457 et
2785 1416 2912 1456 eum
2947 1400 3041 1470 qui
3075 1399 3176 1455 tibi
3219 1400 3275 1452 in
3326 1396 3487 1450 undis
3535 1395 3620 1448 ln-

2043 1496 2309 1552 stralibus
2359 1496 2593 1567 gratiam
2646 1495 2924 1550 concessit
3001 1493 3258 1556 adorans,
3291 1487 3620 1544 ostenderis.

2043 1591 2220 1660 Atque
2241 1589 2379 1644 alias
2424 1604 2515 1644 res
2543 1598 2689 1655 tuas,
2738 1586 2915 1642 donec
2956 1600 3022 1641 ex
3069 1582 3300 1638 infantia
3328 1581 3394 1636 ad
3430 1581 3628 1650 pueri-

2042 1680 2150 1737 lem
2174 1680 2475 1753 pervenisti
2532 1687 2777 1743 tetatem,
2809 1677 2943 1749 quid
2990 1676 3177 1733 dicere
3212 1675 3413 1729 attinet
3442 1672 3624 1740 ’ἑρπε-

2046 1784 2296 1846 terquam
2329 1771 2478 1844 quod
2509 1773 2594 1839 (ιιι
2627 1771 2683 1826 in
2727 1769 3018 1840 proverbio
3045 1767 3149 1837 est)
3181 1780 3212 1820 a
3238 1765 3415 1835 prima
3456 1761 3623 1819 linea,

2042 1866 2316 1938 inprimis
2343 1868 2538 1936 pietas,
2573 1877 2729 1918 amor
2759 1861 2876 1925 Dei,
2915 1869 2972 1916 et
3004 1857 3322 1913 humanitas
3353 1853 3451 1908 tibi
3505 1864 3628 1905 Stu-

2040 1957 2134 2014 dio
2166 1957 2270 2014 fuit
2300 1974 2314 2012 :
2348 1970 2474 2010 cum
2513 1955 2738 2025 quidem
2765 1963 2822 2008 et
2850 1952 2956 2007 alia
2988 1953 3195 2014 omnia,
3217 1964 3340 2018 qua:
3378 1960 3511 2000 cura
3572 1951 3629 1997 et

2042 2048 2208 2104 laude
2236 2046 2402 2117 digna
2430 2052 2580 2113 sunt,
2606 2050 3044 2108 concurrerent,
3074 2049 3131 2096 et
3156 2048 3214 2095 tu
3241 2044 3401 2092 aetate
3435 2031 3625 2092 simul.

2044 2140 2324 2210 sapientia
2350 2147 2407 2194 et
2455 2136 2629 2208 gratia
2663 2134 3167 2206 procederesmon
3207 2126 3431 2199 quidem
3475 2122 3625 2194 quod

2047 2234 2389 2289 incrementa
2435 2230 2552 2285 haec
2598 2228 2655 2283 in
2690 2235 2743 2283 te
2776 2234 3062 2297 caperent,
3110 2223 3207 2280 sed
3259 2220 3408 2291 quod
3460 2213 3628 2272 simul

2049 2340 2171 2381 sese
2191 2322 2525 2395 proferrent,
2562 2327 2729 2392 atque
2779 2317 3144 2378 exhiberem,
3205 2312 3631 2376 ﬁrmitatemque

2048 2432 2176 2472 cum
2203 2426 2385 2482 aetate,
2404 2430 2623 2470 morum
2653 2413 2923 2486 gravitate
2951 2422 3006 2466 et
3028 2409 3245 2465 cultura
3274 2410 3628 2475 augescente,

2049 2518 2417 2568 assumerent.
2449 2509 2628 2578 Atque
2656 2505 2914 2577 equidem
2948 2502 3015 2559 ad
3043 2500 3336 2573 pulchrum
3398 2494 3633 2550 bonum-

2051 2616 2159 2674 que
2186 2598 2632 2662 fundamentum,
2665 2596 2925 2665 pietatem
2976 2594 3173 2664 ipsam,
3223 2585 3492 2643 fortitudo
3522 2582 3635 2653 pri-

2052 2708 2202 2747 mum
2260 2690 2537 2747 accessit:
2611 2687 2755 2741 hanc
2807 2694 3105 2741 consecuta
3163 2689 3249 2735 est
3312 2674 3627 2749 prudentia.

2050 2783 2251 2839 deinde
2282 2779 2644 2851 temperantia
2668 2778 2837 2837 etiam
2860 2774 3121 2831 emoruit.
3158 2768 3399 2826 Advenit
3428 2766 3496 2820 ad
3532 2764 3633 2818 bas

2048 2875 2264 2949 iustitia
2293 2887 2537 2945 quoque,
2593 2884 2762 2926 aurea
2814 2868 2929 2925 haec
2981 2879 3235 2939 prorsus.
3270 2876 3434 2933 quam
3471 2856 3636 2912 multi

361 2954 696 3024 compiicare
724 2968 781 3016 et
809 2974 1144 3023 connectere
1176 2983 1484 3042 nequeunt,
1535 2982 1749 3029 catena.
1807 2973 1945 3029 Eam
1984 2989 2119 3031 vero
2175 2980 2233 3028 tu
2290 2971 2539 3028 omnium
2584 2964 2962 3038 pulcherrime
3013 2959 3376 3025 concinnans,
3438 2968 3632 3009 novam

362 3048 655 3116 quamdam
686 3064 744 3108 et
771 3056 1148 3116 admirandam
1170 3064 1329 3135 plane
1350 3068 1631 3138 perfecisti
1659 3070 1927 3127 virtutum
1968 3068 2316 3129 harmoniam
2369 3074 2430 3121 et
2455 3071 2814 3120 concentum.
2860 3044 3011 3115 'Nam
3034 3072 3157 3127 quae
3182 3054 3235 3109 in
3261 3054 3328 3109 iis
3348 3052 3433 3107 vel
3460 3052 3638 3106 abun-

376 3141 531 3209 dant,
568 3148 655 3202 vel
680 3148 971 3222 deficiunt,
1039 3156 1190 3215 vitiis
1242 3159 1456 3219 scilicet
1514 3164 1650 3235 ipsis
1710 3163 1952 3237 rejectis,
1994 3162 2175 3220 media
2210 3176 2272 3219 es
2327 3158 2674 3230 complexus,
2738 3164 2795 3212 et
2823 3167 2988 3210 unam
3014 3165 3241 3224 prorsus
3291 3164 3358 3205 ex
3388 3147 3471 3204 eis
3512 3158 3635 3201 tan-

362 3255 527 3309 quam
571 3243 942 3304 universalem
978 3250 1244 3308 virtutem
1275 3255 1587 3313 confecisti.

431 3383 549 3440 Καὶ
594 3383 683 3473 iw.
719 3389 779 3440 ὲν
828 3388 985 3462 μέσῳ
1029 3393 1309 3465 συντέμω,
1356 3397 1482 3451 ἐπεὶ.
1523 3402 1591 3469 τῇ
1631 3398 1754 3473 θείᾳ
1774 3398 1942 3470 ψήφῳ

2116 3399 2320 3466 Atque,
2347 3400 2412 3449 ut
2435 3404 2575 3463 quas
2604 3387 2788 3446 medio
2820 3397 3072 3457 tempore
3102 3380 3347 3455 gessisti,
3384 3393 3476 3434 res
3514 3388 3638 3433 tuas

361 3475 556 3531 δοκοῦν
582 3472 675 3551 ἦν,
724 3479 787 3535 σὲ
842 3484 1007 3553 μόνον
1045 3486 1157 3540 τῶν
1198 3489 1302 3559 τῆς
1329 3491 1509 3562 ἀρχῆς
1540 3472 1745 3547 οἰάκων
1774 3493 1947 3564 ὑπερ-

364 3570 666 3640 καθῆσθαι,
697 3573 759 3639 ἐξ
780 3575 1089 3648 ἀνθρώπων
1113 3581 1215 3650 μὲν
1245 3582 1307 3635 τὸ
1334 3583 1516 3655 χρεὼν
1542 3584 1946 3657 λειτουργήσας

362 3663 392 3713 ὁ
428 3663 611 3727 κοινὸς
661 3666 827 3737 ἡμῶν
866 3670 1133 3741 πρόϐολός
1168 3691 1230 3727 τε
1283 3677 1380 3730 καὶ
1432 3677 1729 3748 βασιλεὺς,
1768 3678 1860 3742 ob;
1887 3678 1945 3732 δὲ

271 3841 279 3846 .
363 3755 552 3825 πατήρ
571 3772 632 3809 τε
665 3758 759 3811 καὶ
790 3760 1089 3831 παιδευτὴς
1119 3764 1358 3833 γίνεται,
1381 3769 1474 3822 ἐπὶ
1506 3769 1651 3839 μέγα
1678 3768 1944 3842 πρότερον

365 3847 466 3917 τὴν
506 3848 796 3919 Ῥωμαίων
838 3853 1144 3925 ἡγεμονίαν
1185 3857 1263 3921 ὡς
1312 3859 1424 3913 ἀπὸ
1464 3860 1695 3933 κέντρου
1742 3861 1948 3916 κύκλον

364 3940 647 3996 ἐπιδοῦναι
696 3951 1139 4018 παρασκευάσας
1167 3990 1182 4009 .
1222 3956 1623 4022 στρατηγικαῖς
1668 3971 1813 4007 τισιν
1848 3956 1947 4023 ἐμ-

366 4032 612 4103 πειρίαις
636 4071 654 4098 ,
693 4037 792 4090 καὶ
825 4040 948 4101 ταῖς
1004 4042 1127 4092 κατ’
1160 4040 1375 4112 ἐχθρῶν
1411 4045 1610 4108 νίκαις,
1642 4045 1738 4098 καὶ
1770 4047 1944 4115 μεγάο

366 4126 477 4178 λων
524 4130 871 4199 πραγμάτων
926 4133 1265 4204 διοικήσεσιν
1309 4135 1526 4199 ἄλλαις,
1575 4136 1713 4189 τολύ
1763 4154 1816 4190 τι
1856 4138 1950 4190 καὶ

370 4220 512 4288 μέγα
566 4223 722 4286 κλέος
780 4226 896 4288 τοῖς
940 4222 1031 4295 ὑφ’
1082 4228 1247 4298 ἥλιον
1283 4229 1463 4283 ἅπασι
1509 4229 1946 4293 καταλελοιπώς.

368 4313 441 4364 Σὺ
472 4314 541 4378 δ’,
575 4308 624 4368 ὦ
663 4316 948 4385 κράτιστε,
979 4319 1041 4373 τὸ
1073 4319 1277 4391 κράτος
1309 4322 1469 4391 μόνος
1502 4321 1953 4392 ἀμφιασάμενος,

367 4408 530 4473 εὐθὺς
579 4410 719 4481 ὑπὲρ
766 4412 934 4467 αὑτοῦ
995 4414 1215 4482 πρῶτον
1264 4417 1595 4489 παρατάττῃ
1646 4416 1786 4470 Θεοῦ
1814 4453 1829 4481 ,
1881 4419 1950 4488 τῇ

367 4503 539 4576 ὲνθέῳ
559 4506 851 4579 δυναστείᾳ
876 4510 939 4562 ἐκ
976 4499 1225 4580 πρώτης,
1255 4510 1284 4564 ὅ
1315 4528 1475 4581 φασι.
1512 4511 1613 4578 τῆς
1648 4508 1952 4580 ἀφετηρεας

2050 3499 2110 3554 in
2169 3492 2561 3566 compendium
2607 3488 2877 3561 redigam,
2918 3494 3212 3559 postquam
3260 3481 3465 3538 divinae
3512 3494 3640 3534 sen-

2051 3597 2239 3655 tentia:
2264 3597 2523 3667 placitum
2551 3598 2657 3657 est,
2692 3604 2864 3647 unum
2894 3599 2950 3645 te
2991 3586 3208 3657 imperii
3237 3582 3635 3655 gubernaculis

2049 3697 2376 3770 praesidere,
2399 3692 2551 3749 fatali
2574 3691 2822 3758 decreto,
2848 3702 2880 3745 e
2907 3688 3016 3745 vita
3043 3684 3354 3742 communis
3387 3682 3637 3738 omnium

2052 3809 2302 3859 nostrum
2332 3802 2713 3869 propugnator
2737 3801 2905 3864 atque
2929 3790 3254 3861 imperator,
3292 3794 3423 3841 tuus
3449 3795 3636 3841 autem

2053 3910 2208 3973 pater
2238 3897 2400 3955 simul
2440 3906 2496 3953 et
2528 3893 2836 3961 institutor,
2887 3889 3223 3963 emigravit:
3261 3904 3389 3944 cum
3413 3887 3637 3957 quidem

2054 4004 2209 4077 prius
2237 4003 2615 4058 Romanorum
2646 3996 2965 4068 imperium,
2996 3995 3139 4053 sicut
3172 4008 3203 4049 a
3230 4004 3425 4049 centro
3460 3990 3642 4045 circu-

2047 4107 2185 4170 lum,
2249 4111 2609 4176 propagasset
2684 4098 3059 4171 imperatoriis
3117 4096 3365 4164 artibus,
3443 4109 3638 4163 repor-

2052 4210 2185 4266 tatis
2215 4210 2287 4265 ab
2310 4206 2567 4264 hostibus
2598 4203 2871 4271 victoriis,
2913 4216 3031 4269 nec
3067 4215 3181 4256 non
3233 4199 3358 4257 aliis
3413 4212 3643 4270 magna-

2020 4354 2023 4355 ν
2058 4327 2181 4368 rum
2200 4323 2388 4366 rerum
2427 4302 3031 4370 administrationibus,
3057 4299 3340 4373 ingentem
3358 4299 3504 4368 apud
3523 4312 3642 4353 om-

2057 4430 2158 4472 nes
2173 4412 2269 4485 qui
2294 4411 2400 4469 sub
2421 4409 2536 4467 sole
2557 4416 2687 4464 sunt
2726 4405 3002 4465 homines.
3029 4404 3257 4476 gloriam
3284 4411 3641 4458 consecutus.

2056 4514 2138 4596 ’ξίι
2169 4520 2375 4575 autem,
2408 4508 2459 4580 5
2487 4508 2757 4579 Princeps
2813 4502 3292 4576 pra'stantissime,
3332 4501 3426 4556 ubi
3488 4500 3641 4555 solus

368 4600 510 4670 ὑπὲρ
539 4600 637 4655 τοῦ
667 4602 963 4672 χρίσαντος
992 4605 1297 4675 χρώμενος.
1338 4607 1454 4659 Καὶ
1495 4604 1700 4671 τοίνυν,
1749 4602 1826 4668 ὥς
1861 4619 1945 4664 μοι

2059 4607 2354 4678 imperium
2391 4618 2454 4659 es
2478 4602 2737 4673 adeptus,
2765 4597 3056 4655 confestim
3096 4596 3284 4667 copias
3330 4603 3481 4659 tuas,
3539 4608 3643 4664 pro

370 4691 564 4760 φθάνει
602 4695 1007 4765 προειρημένον
1037 4736 1052 4760 ,
1115 4696 1216 4764 τὴν
1273 4694 1455 4767 ἀληθῆ
1501 4694 1801 4765 θρησκείαν
1846 4693 1945 4746 {aut

2058 4703 2181 4774 ipso
2208 4702 2344 4766 Deo,
2374 4697 2615 4770 primum
2687 4695 2744 4751 in
2817 4690 2992 4749 aciem
3041 4689 3385 4761 produxisti:
3442 4686 3643 4774 Opibus

367 4783 542 4838 νόθων
572 4785 668 4839 καὶ
704 4785 1012 4842 ἀλλοκότων
1052 4787 1351 4858 δογμάτων
1385 4785 1809 4857 νεωτερίζεσθαι
1835 4802 1945 4839 κιν-

2060 4772 2173 4851 tuis
2211 4790 2495 4856 omnibus,
2577 4801 2717 4860 quas
2788 4796 2818 4841 a
2885 4784 2996 4840 Deo
3048 4794 3361 4853 acceperas,
3426 4795 3457 4834 a
3513 4772 3644 4848 pri-

368 4876 716 4941 δυνεύυυσαν,
757 4881 962 4948 ταύτης
1004 4881 1208 4952 σπουδῇ
1242 4883 1308 4953 τῇ
1343 4882 1494 4952 πάσῃ
1523 4879 1625 4933 καὶ
1656 4878 1945 4949 σοφώτατα

2060 4889 2167 4943 mis
2238 4883 2407 4955 (quod
2470 4880 2693 4950 dicitur)
2749 4877 3089 4940 carceribus,
3131 4889 3232 4945 pro
3291 4887 3361 4928 eo
3412 4870 3510 4940 qui
3589 4876 3655 4935 te

369 4970 676 5043 προῦστης.
722 4975 957 5044 Ἀριστα
991 4976 1087 5029 καὶ
1125 4975 1247 5044 γὰρ.
1271 4974 1502 5029 συνιδὼν
1535 4975 1732 5046 ἀρκεῖν
1766 4972 1832 5042 δή
1866 4988 1945 5024 σοι

2048 4979 2434 5048 imperatorem
2454 4971 2633 5039 unxit,
2664 4984 2819 5026 usus.
2836 4969 3049 5039 Itaque,
3068 4963 3232 5021 sicuti
3262 4962 3451 5020 dicere
3473 4958 3643 5029 capi,

372 5067 468 5120 καὶ
497 5067 668 5138 μόνην
708 5067 997 5124 εὐσέϐειαν
1049 5068 1189 5140 πρὸς
1235 5067 1487 5137 φυλακὴν
1535 5065 1634 5119 τοῦ
1684 5066 1945 5136 κροὶτους¹

2045 5083 2172 5125 cum
2190 5076 2377 5121 veram
2397 5062 2715 5134 religionem
2729 5068 2975 5116 nostram
2987 5098 3000 5123 ,
3018 5057 3177 5112 novis
3195 5055 3286 5110 ind
3296 5053 3437 5110 uctis
3451 5051 3640 5111 rebus,

370 5162 469 5225 atat
500 5161 562 5214 τὸ
586 5161 747 5216 Θεῖον
778 5162 1061 5235 ἐπιμελῶς
1107 5162 1460 5236 θεραπεύειν,
1492 5159 1666 5216 τᾶλλα
1693 5160 1751 5213 δὲ
1782 5158 1945 5230 μηδὲν

2048 5176 2150 5235 per
2173 5156 2585 5216 adulterinaset
2610 5153 2878 5211 absurdae
2903 5150 3210 5214 doctrinas,
3244 5150 3299 5203 in
3335 5144 3639 5201 discrimen

371 5251 515 5310 εἶναι
564 5255 743 5329 ταύτῃ
774 5257 1277 5329 παραϐαλλόμενα,
1331 5256 1475 5309 θεῖον
1524 5255 1694 5317 ὅντως
1735 5254 1830 5306 καὶ
1868 5269 1945 5306 σος

2049 5255 2342 5310 adductam
2395 5265 2518 5305 esse
2582 5262 2861 5310 cerneres,
2919 5241 3329 5300 studiosissime
3384 5239 3536 5293 eam‘
3585 5241 3644 5287 et

373 5351 626 5420 φώτατον
670 5350 936 5417 ἁνέλαϐες
965 5351 1114 5420 νοῦν,
1140 5351 1263 5422 Θεῷ
1296 5348 1698 5422 κεχαρισμένος
1728 5346 1820 5402 διὰ
1853 5344 1945 5415 τὴν

2054 5344 2459 5418 sapientissime
2480 5348 2690 5397 tutatus
2724 5354 2795 5395 es.
2822 5336 2922 5409 (l).
2951 5336 3108 5404 Quod
3141 5346 3380 5403 namque
3412 5340 3642 5400 perspe-

446 5603 528 5678 (ι)
548 5600 835 5678 Οιιοίμιίσ
863 5602 1365 5678 pcr_Nicephorum
1409 5599 1701 5678 obscurius
1727 5598 1943 5678 indican
2054 5590 2700 5678 indixeratmfaeileque.
2732 5588 2836 5672 illi.
2859 5586 3313 5678 CllgT.-_R2m3n0
3343 5580 3641 5678 “ponii-{iga

327 5703 335 5713 .
378 5652 592 5738 tui‘fid‘
618 5690 648 5729 a
685 5652 928 5743 Baptista
968 5652 1823 5743 Egiiat'io'apertissimepaucis
1849 5652 1948 5724 de-
2049 5652 2429 5743 convenit-Ex
2449 5677 2560 5735 quo
2585 5652 3441 5743 tantam_invidiamQrmcanica:
3459 5652 3649 5743 gentis

376 5726 648 5804 Egisti"?
686 5726 1358 5812 ἷιὶιεῐιίέῑιῖάιξέοιοςὰέ,
1390 5726 1948 5812 ἱιιηυίι,ίιίιιειιιιιιιιιιι
2050 5735 2422 5812 contraxitmt
2442 5726 2542 5787 nec
2567 5730 2943 5811 mortnojnsta
2966 5727 3357 5795 persolverint,
3385 5733 3442 5778 et
3461 5726 3651 5777 Ineunt

379 5800 448 5871 ad
499 5816 791 5871 concilium
847 5815 1018 5881 venit,
1067 5815 1211 5886 quod
1238 5800 1637 5884 “Gregoriusrx
1698 5800 1951 5866 Pontifex
2053 5808 2351 5879 sepultura:
2398 5800 2793 5874 negaverint.»
