4018 6430
325 393 431 459 559

1739 396 2183 460 DEDlCATlO.

3502 397 3609 461 570

326 509 487 572 ἄνθος
519 510 751 576 στυγνῗιν
782 507 1007 579 κρὶνων,
1049 509 1239 579 ἕτερον
1280 510 1480 574 τρόπον
1522 509 1910 578 μετριοπαθῶν

2015 512 2172 581 gines
2191 510 2320 575 sint,
2359 526 2661 580 purpuram
2696 510 2869 580 ipsam
2907 526 3007 579 pro
3041 508 3246 565 vilibus
3269 512 3467 579 pannis
3508 514 3608 568 ha-

325 602 451 664 ταῖς
475 600 806 672 εὐπραγίαις
833 601 1036 667 μᾶλλον
1062 596 1151 670 ἧς,
1175 603 1272 672 οὐχ
1298 604 1375 665 ὡς
1396 604 1445 655 οἱ
1477 601 1683 663 πολλοὶ,
1702 601 1913 664 τούτοις

327 690 800 760 πιριγαννύμενὸς
833 709 894 744 τε
933 692 1030 744 καὶ
1071 692 1502 762 φρυαττόμενος,
1535 691 1604 745 δι’
1638 686 1714 745 ὧν
1762 692 1913 761 ἔρρει

330 783 430 854 μὶν
460 782 598 835 πολὺ
635 784 754 854 Θεῷ
797 785 858 836 τὸ
894 784 1247 855 εὐχάριστονο
1284 785 1584 854 φαιδρότης
1610 785 1656 839 δ’
1680 782 1748 855 ἦν
1776 782 1912 854 ὁμοῦ

329 876 427 928 καὶ
458 877 790 946 πανήγυρις,
818 876 958 929 πολὺ
985 878 1044 928 τὸ
1072 876 1237 944 γάνος
1264 880 1383 934 ταῖς
1413 878 1675 933 ἁπάντων
1705 879 1911 929 ἐνιεῖσα

327 964 553 1037 ψυχαῖς.
600 967 719 1044 Τῶν
757 966 867 1036 γὰρ
917 968 1160 1036 ἀρίστων
1202 967 1296 1019 καὶ
1327 969 1595 1036 γενναίων
1635 968 1793 1038 εἴπερ
1829 983 1914 1027 τις

332 1056 570 1126 μάλιστα
592 1056 689 1122 ὢν,
713 1059 927 1127 οὐδαμῆ
952 1058 999 1111 τ’
1022 1059 1285 1113 ἐκκλίνων
1304 1062 1415 1122 τοῖς
1448 1060 1522 1132 μὴ
1553 1059 1909 1130 καθήκουσιν,

326 1150 444 1204 ἀλλ’
465 1151 698 1220 ἑδραίως
733 1151 878 1219 μάλα
908 1151 1045 1219 πρὸς
1068 1151 1220 1204 ἅπαν
1241 1151 1382 1221 ἔχων
1410 1151 1470 1205 τὸ
1492 1152 1717 1205 ὲπαινού
1727 1168 1909 1220 μενον,

326 1242 513 1312 λόγοις
539 1243 860 1313 φρονήσεώς
888 1260 946 1296 τε
976 1243 1093 1313 ἅμα
1125 1246 1220 1298 καὶ
1255 1246 1520 1312 κρίσεως,
1560 1245 1698 1314 πρὸς
1729 1244 1786 1298 δὲ
1818 1246 1913 1297 καὶ

323 1336 401 1406 τῷ
427 1338 699 1407 φιλοτίμῳ
725 1338 852 1407 περὶ
874 1336 945 1391 τὰ
974 1337 1240 1391 κάλλιστα
1270 1339 1447 1391 πάντα
1474 1332 1621 1408 ἦσθα
1645 1337 1913 1406 διαπρατ-

324 1428 574 1495 τόμενος,
599 1423 738 1490 εἶδος
767 1428 867 1497 μὲν
894 1429 1055 1492 εὐθὺς
1074 1430 1348 1500 προόεὸλη
1358 1433 1519 1499 μένος
1542 1431 1692 1495 ἄξιον
1714 1448 1912 1500 τυραν-

323 1521 485 1588 νίδος,
509 1523 690 1593 ψυχὴν
716 1522 772 1574 δὲ
805 1523 951 1591 μάλα
977 1524 1140 1595 ﬂat-.6;
1169 1542 1252 1587 τις
1274 1523 1351 1578 ὢν
1376 1528 1469 1579 καὶ
1499 1526 1907 1596 φιλάνθρωπος,

323 1616 484 1678 εὐθὺς
514 1617 622 1669 ἀπὸ
648 1616 964 1686 βλέμματος
997 1619 1207 1681 πάντας
1230 1619 1305 1681 ὠς
1334 1618 1512 1672 εἰπεῖν
1541 1618 1909 1690 δεξιούμενος·

323 1706 444 1777 ἤθει
475 1706 538 1777 δή
587 1724 694 1759 τινι
725 1708 863 1777 ξένῳ
896 1705 994 1759 καῖ
1021 1711 1142 1766 ταῖς
1177 1710 1241 1761 ἐκ
1282 1708 1392 1761 τῶν
1423 1709 1600 1776 λόγων
1634 1709 1820 1780 χάρισί
1848 1724 1909 1760 τε

323 1798 420 1850 καὶ
462 1797 663 1866 ῐῦγξιν,
700 1799 793 1850 ἶσα
826 1800 918 1851 καὶ
958 1800 1226 1867 ποταμοῖς
1259 1800 1467 1869 ῥέουσι,
1504 1801 1712 1862 πάντας
1743 1798 1906 1867 ἐξαρ-

323 1891 456 1956 τῶν,
487 1890 743 1963 καθάπερ
772 1909 857 1955 τις
890 1892 1037 1953 λίθος
1067 1894 1361 1963 μάγνησσα
1391 1897 1459 1946 τὶ
1495 1894 1736 1965 σιδήρια.
1765 1894 1912 1945 Κάλ-

326 1985 508 2039 λιστον
537 1984 593 2037 δέ
621 2001 702 2038 σοι
734 1986 828 2039 καὶ
861 1985 923 2038 τὸ
952 1987 1110 2057 σῶμα
1157 1987 1538 2057 προσέπλασεν
1563 1989 1595 2057 ἡ
1631 1987 1739 2040 τῶν
1769 1987 1908 2041 ὅλων

326 2078 512 2155 φύσις,
537 2078 635 2133 καὶ⁵
667 2080 725 2142 ἐς
757 2079 1037 2156 ὑπεροχὴν
1067 2080 1397 2151 διαπρέπον,
1427 2080 1501 2142 ὡς
1536 2082 1604 2136 ἄν
1640 2098 1725 2149 τις
1754 2079 1909 2133 εἰκά-

324 2185 495 2234 σειεν,
523 2170 585 2247 οὐ
616 2170 887 2239 βασιλέων
928 2171 1114 2241 μόνον,
1147 2172 1284 2225 ἀλλὰ
1316 2172 1413 2227 καὶ
1444 2172 1666 2239 πάντων
1699 2172 1910 2243 ἀνθρώ-

323 2276 444 2315 πων
473 2259 679 2330 σχεδόν.
713 2260 960 2323 Κάλλους
1008 2262 1155 2315 ίδέαν
1193 2257 1351 2337 εἶπεν
1398 2263 1465 2318 ἄν
1507 2262 1567 2317 σέ
1614 2281 1719 2329 τις,
1764 2262 1908 2316 κατὰ

326 2348 614 2416 Πλάτωνα,
647 2355 827 2424 πάσης
862 2353 1171 2425 ἀρχέτυπον
1195 2354 1553 2427 ὡραιότητος.
1590 2356 1768 2425 ’ἰσχὺς
1799 2354 1908 2427 γάρ

320 2445 419 2498 καὶ
447 2443 630 2515 ῥώμη,
660 2445 754 2499 καὶ
779 2430 1093 2518 συμμετρία
1125 2446 1331 2518 μερῶν,
1352 2449 1445 2502 καὶ
1470 2449 1678 2520 ῥυθμὸς
1705 2448 1904 2519 μελῶν,

322 2535 416 2589 καὶ
445 2534 605 2599 ἄνθος
636 2536 784 2608 ὥρας
821 2538 1137 2609 ἅπανταχοῦ
1178 2540 1580 2611 συνδραμόντα,
1611 2541 1907 2611 ὑπερφυῶς

314 2628 552 2700 ἀρίστην
581 2629 783 2699 κρᾶσιν
820 2628 914 2683 καὶ
954 2631 1225 2703 ἁρμονίαν
1259 2649 1342 2685 σοι
1374 2631 1762 2700 διασώζουσιν,
1794 2633 1904 2686 ὥσ-

317 2737 431 2792 περ
457 2722 518 2775 ἐν
547 2720 767 2793 ἑκάστῳ
801 2738 886 2776 σοι
910 2723 1391 2795 παρακαθημένης
1413 2723 1513 2795 τῆς
1544 2724 1781 2793 φύσεως,
1811 2727 1906 2778 καὶ

317 2810 519 2882 λόγους
570 2814 787 2884 μέτρων
836 2814 933 2868 καὶ
982 2816 1253 2893 μεγεθῶν,
1307 2816 1578 2888 εὐτέχνως
1618 2817 1767 2871 ἆπαν
1811 2820 1904 2871 κχὶ

318 2904 463 2958 κατὰ
490 2904 662 2976 λύραν
695 2906 861 2983 δῆθεν
889 2907 990 2979 τὴν
1024 2907 1302 2980 συνθήκην
1338 2908 1746 2981 ἁρμοζομένης,
1772 2909 1903 2964 ὥστ’

319 2999 417 3052 ἐπὶ
444 3000 525 3052 σοὶ
558 2998 623 3072 δὴ
650 3000 747 3054 καὶ
776 3001 922 3072 μόνῳ
948 3004 1043 3056 καὶ
1064 3003 1165 3075 τὴν
1194 3003 1382 3076 κοινὴν
1404 3004 1569 3072 φύσιν
1594 3005 1904 3075 κομπάζειν

317 3089 488 3162 ἔχειν,
523 3086 606 3155 οἷς
652 3094 931 3158 τοσούτοις
972 3095 1156 3167 βρύων
1193 3098 1309 3159 τοῖς
1341 3095 1568 3165 ἀγαθοῖς
1606 3095 1899 3167 προῆλθες,

313 3182 418 3239 τοῦ
448 3186 640 3254 γένους
678 3187 755 3248 ὡς
786 3189 962 3243 εἰπεῖν
995 3189 1362 3268 φιλοτίμημα,
1400 3192 1512 3263 Καὶ
1545 3195 1729 3246 τοίνυν
1777 3189 1899 3245 επί-
1929 3225 1978 3292 c

226 3270 247 3283 ’”
317 3294 487 3345 μονον
530 3279 769 3351 ἄσκησιν
824 3280 921 3336 σὺν
946 3283 1047 3336 οὐκ
1084 3283 1306 3353 ἀγεννεῖ
1344 3282 1628 3361 προθυμίᾳ
1660 3286 1771 3337 τῶν
1802 3302 1904 3357 κα-

314 3371 432 3425 λῶν
476 3390 537 3426 τε
594 3373 855 3443 κάγαθῶν
896 3374 1121 3446 προθεὶς
1166 3375 1367 3448 ἐαυτῷ,
1398 3364 1521 3448 ’πῦρ
1549 3374 1617 3450 ἧς
1645 3378 1908 3449 ἄντικρυς

314 3465 542 3537 φλέγον,
596 3466 630 3537 ἦ
688 3466 924 3532 πέλεκυς
979 3468 1219 3536 κόπτων,
1265 3468 1301 3540 ἦ
1357 3486 1443 3532 τις
1496 3473 1705 3538 σφαῖρα
1763 3467 1907 3539 κατὰ

314 3558 587 3630 πρανοῦς*
630 3558 805 3613 ἆπασι
859 3559 960 3631 μὲν
997 3550 1305 3632 προσέχων,
1352 3560 1532 3615 πάντα
1579 3560 1623 3614 δ’
1663 3558 1908 3635 εὐχερῶς

314 3652 389 3722 τῇ
427 3649 639 3723 διανοίᾳ
670 3651 1026 3722 παραδιδούς.
1071 3653 1137 3705 ’Δ
1183 3651 1229 3705 δ’
1259 3650 1501 3723 εἰσάπαξ
1538 3650 1767 3705 διελθεῖν
1807 3651 1906 3720 γέ-

315 3760 490 3809 νοιτο,
532 3745 677 3800 οὕτω
709 3748 776 3817 τῇ
817 3746 1010 3820 μνήμῃ
1051 3746 1417 3817 διακατεῖχες,
1458 3746 1534 3809 ὡς
1570 3747 1627 3799 ἐν
1678 3745 1908 3815 χαλκαῖς

315 3837 499 3893 δοκεῖν
532 3838 718 3903 πίναξι
743 3839 898 3896 ταῦτ’
929 3840 1314 3910 ἐγγεγράφθαι
1352 3841 1470 3903 ταῖς
1504 3839 1602 3906 τῆς
1638 3839 1739 3909 σῆς
1768 3856 1909 3911 gap-3

316 3933 443 3997 δίας
478 3932 693 3998 πλαξίνο
731 3931 877 3987 οὕτω
926 3951 1007 3987 σοι
1041 3933 1103 3987 τὸ
1148 3934 1245 4003 τῆς
1283 3933 1502 4003 μνήμης
1535 3933 1795 4003 ἔρρωται.
1827 3933 1906 4004 Τῇ

317 4023 369 4092 δ’
404 4022 473 4077 αὖ
524 4025 769 4095 προσοχῇ
801 4041 861 4078 τε
914 4025 1009 4078 καὶ
1037 4025 1293 4096 ἀγχινοίᾳ
1324 4027 1637 4095 ἐπιστήμης
1688 4024 1909 4094 ἀπάσης

322 4116 594 4188 κρείττων
641 4117 700 4170 ὲν
759 4117 959 4188 βραχεῖ
1007 4117 1363 4182 διεδείκνυσο,
1417 4118 1642 4187 μεγέθει
1692 4115 1909 4187 φύσεως

322 4211 509 4275 πάσας
537 4212 595 4267 ἐν
619 4209 800 4281 ἐαυτῷ
830 4212 924 4265 καὶ
953 4210 1157 4276 ταύτας
1186 4210 1368 4280 ἔργοις
1393 4211 1784 4280 παραδεικνὺς,
1814 4210 1913 4283 καὶ

321 4305 577 4377 κρεῖττον
621 4303 768 4382 ἥπερ
798 4304 848 4356 οί
880 4304 1135 4357 πλεῖστον
1165 4305 1358 4375 χρόνον
1400 4302 1630 4365 ταύταις
1668 4300 1914 4353 ἐκδαπα-

321 4400 618 4474 νήσαντες,
675 4395 964 4463 Ἐντεῦθεν
1016 4413 1099 4474 σοι
1157 4397 1223 4452 τὸ
1276 4396 1750 4468 περιεσκεμμένον
1816 4391 1912 4447 καὶ⁵

325 4470 556 4545 σύννουν
597 4472 675 4553 ὧς
719 4488 791 4541 τὰ
836 4487 1035 4555 πολλὰ,
1070 4470 1166 4543 καὶ
1199 4488 1263 4542 τὸ
1293 4488 1392 4542 σὺν
1422 4486 1545 4561 seu
1588 4486 1783 4557 χάριεν
1816 4484 1912 4538 καὶ¹

2018 607 2179 669 bens,
2218 604 2519 673 ﬂoremque
2544 604 2666 673 ejus
2685 603 2978 657 molestum
3015 616 3063 658 et
3092 604 3306 658 tristem
3326 604 3605 675 judicans.

2018 696 2359 750 moderatum
2396 711 2540 751 novo
2575 696 2814 765 quodam
2852 696 3015 750 modo
3063 696 3116 749 in
3150 695 3317 750 rebus
3348 697 3610 751 secundis

2017 786 2267 840 animum
2297 786 2627 841 obtinuisti:
2664 801 3009 856 nequaquam
3063 786 3165 845 eis.
3212 787 3373 840 siculi
3440 786 3608 855 pleri-

2017 893 2152 949 que,
2221 879 2506 933 exsultans
2546 887 2711 947 atque
2742 877 3094 947 superbiens.
3121 877 3254 944 Qua:
3292 888 3382 932 tua
3418 878 3608 931 mode-
3706 870 3713 878 ’

2017 971 2157 1025 ratio
2178 970 2414 1024 maxime
2437 970 2551 1025 Deo
2569 982 2720 1042 grata
2751 969 2857 1024 fuit
2883 988 2895 1024 :
2915 970 3104 1025 eadem
3124 986 3344 1039 quoque
3373 970 3607 1040 publica:

2016 1061 2222 1116 laetitia:
2263 1071 2319 1117 et
2352 1063 3073 1130 solemnibusfconventibus
3099 1078 3317 1118 causam
3346 1061 3606 1131 praebuit,

2016 1156 2244 1209 inultam
2264 1157 2465 1209 animis
2484 1156 2729 1209 omnium
2750 1156 3087 1225 voluptatem
3111 1156 3435 1210 immittens.
3464 1153 3603 1208 Cum

2014 1263 2254 1318 namque
2281 1247 2525 1317 Optimus
2552 1257 2607 1301 ct
2631 1264 2800 1317 supra
2832 1248 2973 1303 alios
3031 1248 3273 1302 maxime
3304 1260 3606 1317 generosus

2013 1356 2188 1405 esses,
2216 1339 2644 1411 haudquaquam
2685 1341 2752 1393 ad
2813 1355 2901 1394 res
2934 1342 3118 1393 minus
3152 1343 3412 1394 decentes
3435 1337 3609 1392 decli-

2015 1434 2156 1489 nasti
2180 1454 2193 1489 :
2221 1450 2406 1490 verum
2430 1442 2753 1489 constanter
2775 1433 2831 1487 in
2847 1433 3008 1488 factis
3033 1433 3270 1487 laudatis
3290 1416 3605 1500 perstitisti,

2014 1527 2315 1596 prudentie
2335 1526 2547 1582 scilicet
2565 1526 2826 1597 etjudicii
2853 1526 3161 1580 rationibus
3190 1525 3485 1579 adductus.
3513 1523 3603 1579 ln—

2013 1635 2182 1689 super
2209 1635 2340 1672 vero
2355 1618 2503 1673 circa
2543 1604 2944 1688 pulcherrimas
2965 1633 3210 1687 quasque
3241 1633 3328 1671 res
3355 1616 3610 1669 ambitio-

2013 1727 2128 1772 sus,
2187 1712 2290 1765 rite
2357 1711 2542 1765 omnia
2587 1722 2751 1780 atque
2797 1711 2994 1765 ordine
3023 1709 3306 1779 peregisti.
3355 1709 3607 1762 Formam

2011 1803 2286 1866 siquidem
2339 1815 2508 1872 atque
2554 1804 2801 1857 habitum
2831 1818 2941 1871 pne
2997 1811 3048 1856 te
3102 1801 3288 1855 ferens
3320 1800 3609 1871 tyrannide

2020 1893 2267 1961 dignum,
2296 1896 2479 1947 animo
2513 1893 2659 1948 mitis
2676 1893 2971 1947 admodum
2998 1903 3161 1963 atque
3196 1895 3473 1946 humanus
3523 1907 3606 1951 es,

2028 1996 2329 2054 conspectu
2361 1987 2478 2056 ipso
2519 1987 2935 2049 statiimonmes,
2965 1997 3022 2041 ut
3047 1996 3115 2039 ita
3140 1986 3344 2045 (licam,
3371 1983 3608 2053 benigne

2018 2078 2810 2148 excipiens,etnovoquodam
2856 2093 3028 2142 more,
3072 2077 3449 2145 orationisque
3501 2084 3609 2128 tua:

2017 2171 2188 2239 gratia
2209 2179 2372 2239 atque
2395 2170 2691 2239 illecebris,
2717 2170 2960 2225 ﬂuminis
2995 2171 3170 2225 instar
3184 2170 3607 2239 proﬂuentibus,

2018 2263 2335 2329 universos,
2355 2264 2585 2333 perinde
2609 2274 3009 2334 atqucmagnes
3055 2261 3195 2332 lapis
3220 2263 3456 2328 ferrum,
3484 2278 3609 2315 sus—

2017 2369 2219 2426 pensos
2256 2355 2934 2410 tenens.Dccentissimum
2962 2370 3095 2409 vero
3122 2370 3342 2424 quoque
3368 2353 3460 2407 tibi
3482 2370 3603 2406 coro

2018 2466 2122 2520 pus
2144 2461 2198 2506 et
2219 2444 2746 2505 excellentissimum
2786 2465 2974 2506 rerum
3020 2447 3610 2504 universarumarcbir

2017 2540 2210 2595 tectrix
2232 2548 2423 2595 natura
2439 2539 2889 2606 conformavit,ut
2909 2554 3041 2595 sane
3062 2538 3332 2609 quispiam
3359 2538 3595 2608 7cxistit

2016 2641 2147 2695 met,
2180 2646 2289 2686 non
2309 2633 2619 2703 principum
2647 2632 2849 2697 solum,
2884 2632 2978 2687 sed
2994 2632 3158 2687 etiam
3180 2632 3463 2686 hominum
3494 2631 3609 2685 fere

2014 2724 2263 2778 omnium
2295 2733 2343 2779 te
2372 2726 2642 2779 absoluta!
2676 2726 2867 2779 fortine
2894 2724 3075 2779 ideant
3100 2735 3266 2795 atque
3295 2724 3606 2793 specimen,

2014 2817 2167 2888 iuxta
2194 2818 2503 2883 Platonem.
2522 2828 2580 2872 et
2612 2817 2925 2873 venustatis
2947 2818 3130 2872 omnis
3146 2818 3507 2887 archetypum
3528 2826 3610 2872 at-

2014 2925 2122 2980 que
2152 2911 2478 2979 primarium
2499 2910 2782 2980 exemplar
2804 2910 3144 2965 csse.Robur
3169 2908 3396 2979 insuper
3418 2918 3472 2963 et
3495 2907 3610 2962 for-

2017 3002 2475 3073 titudocorporis,
2503 3003 2857 3073 partiumque
2876 3004 3122 3057 omnium
3142 3012 3199 3056 e:
3225 3004 3606 3058 membrorum

2012 3095 2323 3166 proportio,
2352 3103 2590 3167 aptaque
2625 3105 2679 3151 et
2710 3106 3014 3166 temperata
3038 3094 3389 3162 constitutio,
3428 3097 3606 3151 artatis

2013 3203 2233 3259 quoque
2250 3185 2351 3244 llos
2369 3196 2425 3243 et
2440 3188 2615 3258 vigor,
2631 3189 2810 3244 omnia
2830 3187 2992 3245 simul
3013 3203 3182 3243 concu
3195 3186 3419 3252 rreutia,
3435 3200 3603 3256 supra

2009 3296 2173 3361 quam
2207 3280 2317 3336 dici
2341 3280 2835 3351 potest,optimam
2862 3280 2914 3334 in
2956 3290 3009 3335 te
3043 3279 3348 3334 coniiciunt
3395 3288 3605 3348 tempe-

2010 3379 2257 3426 raturam
2279 3380 2336 3427 et
2354 3372 2701 3425 harmoniam
2726 3389 2739 3425 :
2771 3371 2918 3426 haud
2940 3373 3100 3427 aliter
3119 3386 3282 3441 quam
3304 3370 3419 3425 siin
3448 3378 3606 3440 parte

2010 3464 2259 3535 qualibet
2313 3473 2507 3528 natura
2548 3463 2647 3518 tibi
2699 3480 2944 3533 praesens
2995 3464 3255 3528 insideat,
3317 3477 3609 3518 mensura-

2010 3571 2247 3627 rumque
2301 3566 2359 3612 et
2411 3558 2859 3635 magnitudinum
2919 3559 3233 3613 rationibus
3259 3557 3606 3615 artiﬁciosis-

2010 3638 2170 3711 sime‘
2212 3650 2422 3719 omnia,
2464 3659 2522 3706 et
2557 3651 2807 3720 iperinde
2841 3659 3008 3721 atque
3060 3652 3234 3722 lyram
3257 3661 3610 3721 coagmenta-

2010 3742 2162 3808 tione
2175 3726 2687 3814 compositioneque
2714 3743 3141 3800 convenientissi
3151 3758 3235 3797 me
3249 3742 3494 3799 conform
3504 3750 3562 3796 et
3584 3760 3601 3798 :

2011 3833 2151 3905 adeo
2190 3843 2251 3888 ut
2280 3835 2337 3888 in
2373 3843 2427 3890 te
2464 3851 2597 3901 uno,
2627 3845 2854 3905 propter
2898 3844 2978 3889 tot
3008 3845 3066 3897 et
3115 3844 3284 3900 tanta,
3309 3851 3433 3904 qute
3466 3836 3521 3888 in
3549 3843 3601 3888 te

2012 3926 2286 3997 sgcatentia
2319 3924 2601 3996 protulisti
2630 3924 2796 3988 bona.
2817 3925 3130 3981 communis
3161 3935 3361 3981 natura
3389 3926 3601 3993 jactare

2014 4035 2075 4075 se
2154 4027 2212 4074 et
2263 4017 2485 4089 gloriari
2558 4018 2752 4089 possit,
2819 4029 3078 4091 tanquam
3138 4016 3603 4073 excellentissimo

2013 4113 2238 4184 generis
2258 4111 2460 4179 nostri,
2489 4120 2552 4177 ut
2611 4111 2687 4167 ita
2711 4111 2916 4178 dicam,
2970 4109 3223 4175 donario,
3267 4110 3321 4165 in
3356 4126 3467 4181 quo
3511 4110 3601 4164 illa

2018 4188 2463 4260 muniﬁcentiam
2513 4218 2670 4273 suam
2725 4203 3038 4259 ostentarit.
3074 4202 3263 4271 Itaque
3327 4203 3605 4261 conStanti

2018 4295 2282 4372 exercitio
2341 4311 2527 4370 rerum
2581 4296 2943 4367 honestarum
2967 4304 3025 4351 et
3078 4296 3604 4366 pulcherrimarum,

2017 4405 2141 4445 cum
2165 4402 2433 4460 generosa
2464 4388 2634 4443 animi
2659 4387 2946 4453 alacritate
2970 4388 3068 4443 tibi
3111 4388 3419 4458 proposito,
3459 4389 3607 4461 ignis

2017 4481 2180 4551 plane
2207 4480 2429 4542 ardens.
2480 4489 2577 4535 aut
2633 4481 2847 4536 securis
2889 4480 3193 4544 dissecatis,
3245 4488 3342 4535 aut
3370 4481 3606 4551 Spbwra,

323 4582 678 4660 εὐπρόσιτον.
722 4581 1009 4637 Ἐντεῦθεν
1034 4584 1067 4654 ἡ
1100 4582 1245 4636 κατὰ
1275 4581 1385 4634 τῶν
1411 4582 1512 4652 τῆς
1542 4581 1760 4650 φύσεως
1790 4578 1911 4631 θεσσ

2019 4574 2167 4645 quod
2197 4573 2431 4649 dicitur,
2454 4586 2552 4628 seu
2582 4572 2782 4645 globus
2820 4568 3046 4648 quidam
3087 4588 3185 4641 per
3242 4571 3605 4660 praecipitium

328 4676 450 4748 μῶν
472 4675 570 4751 καὶ
595 4677 696 4745 τῆς
724 4674 1053 4746 σωματικῆς
1086 4672 1341 4744 ἀνάγκης
1369 4672 1481 4727 τῶν
1514 4672 1705 4743 βιαίων
1732 4671 1915 4726 πόνων

327 4766 364 4834 ἡ
397 4762 655 4836 τυραννίς
682 4780 742 4815 τε
770 4763 866 4816 καὶ
897 4761 1247 4833 ἐπικράτεια,
1282 4760 1381 4814 καὶ
1408 4762 1441 4832 η
1482 4762 1583 4830 τῆς
1621 4758 1915 4830 βασιλικῆς

328 4853 631 4931 θεραπείας
657 4836 952 4925 ὑπεροψία,
983 4851 1085 4929 καὶ.
1107 4851 1279 4906 τᾶλλα
1309 4868 1392 4905 σοι
1420 4851 1530 4905 τῶν
1562 4851 1917 4922 προτερημά-

324 4963 459 5010 των,
476 4946 616 5020 sua?
638 4932 989 5019 ἀνθρωπίνην
1011 4944 1175 5018 φύσιν
1198 4943 1293 4998 καὶ
1315 4944 1527 4998 ἔννοιαν
1561 4941 1746 4997 θεόθεν
1794 4944 1915 4996 ἐπι·

329 5031 635 5106 σπαρέντασ
673 5039 894 5099 στάσεις
938 5035 1202 5105 πάννυχοι
1226 5051 1288 5087 τε
1325 5036 1421 5089 καὶ
1459 5034 1815 5107 πανημέριοι-⁸
1845 5032 1914 5085 τά

334 5130 434 5201 μὲν
466 5129 814 5199 ίλασκομένῳ
839 5127 997 5195 Θεὸν,
1016 5128 1086 5181 τὰ
1106 5128 1165 5180 δὲ
1187 5127 1283 5197 τοῦ
1309 5125 1493 5181 κοινοῦ
1518 5124 1913 5198 προασπίζοντί

329 5238 390 5274 τε
416 5223 510 5275 καὶ
540 5219 1118 5295 θεμιστεύοντι,Ὠστε
1155 5220 1382 5285 σε-τοὺς
1408 5208 1653 5290 ὁρῶντας
1688 5219 1790 5273 οὐκ
1823 5220 1917 5272 άν-

329 5313 415 5386 δρὶ
472 5314 844 5385 παραϐάλλειν
888 5315 1054 5389 ἔχειν,
1099 5312 1220 5387 ἀλλ’
1246 5314 1529 5391 ἀνδριάντι
1579 5312 1800 5383 μᾶλλον,
1837 5309 1914 5383 τῷ

327 5398 466 5478 πρὸς
498 5411 652 5481 ῥῖγος
676 5413 772 5462 καὶ
799 5392 977 5479 φλόγα
1009 5408 1439 5478 διαμαχόμενον,
1458 5406 1555 5459 ’ἐνα
1577 5406 1675 5459 καὶ
1698 5406 1790 5460 τὸν
1817 5407 1907 5459 αύ-

325 5500 417 5555 τόν
444 5501 504 5555 ἐν
523 5502 692 5555 πᾶσιν
709 5498 851 5555 εῐναι
871 5499 1182 5570 ἀκάματον,
1214 5498 1407 5569 ὥσπερ
1425 5500 1519 5551 καὶ
1543 5496 1678 5568 πρὸς
1697 5498 1797 5562 τὰς
1813 5498 1914 5568 τῆς

329 5593 546 5662 φύσεως
588 5594 762 5665 ῥοπὰς
799 5592 1225 5664 άπαρέγκλιτον,
1267 5592 1403 5645 πᾶσι
1437 5590 1539 5661 μὲν
1587 5588 1907 5659 ὁμιλοῦντα,

325 5686 437 5747 τοῖς
465 5686 602 5738 πᾶσι
627 5684 686 5739 δὲ
715 5686 785 5739 τὰ
805 5684 986 5739 πάντα
1009 5685 1104 5739 καὶ
1131 5687 1391 5737 παντοῖον
1429 5682 1743 5753 γινόμενονι
1783 5681 1913 5749 ἡδὺν

331 5776 477 5844 μάλα
506 5779 598 5832 καὶ
627 5778 810 5851 ἤπιον,
839 5778 1046 5851 πολλήν
1073 5795 1134 5833 τε
1165 5780 1260 5833 καὶ
1290 5779 1551 5849 ἄκρατον,
1592 5772 1737 5831 κατά
1772 5776 1913 5829 Πλά-

331 5866 498 5948 τρινα,
552 5868 671 5943 τὴν
700 5867 1017 5942 ἐλευθερίαν
1075 5869 1188 5935 τοῖς
1227 5868 1493 5941 ὑπηκόοις
1543 5868 1909 5945 chelonia“.

2019 4664 2220 4721 fuisti:
2278 4662 2539 4719 omnibus
2564 4662 2967 4733 cognoscendis
3020 4664 3366 4730 incumbens,
3422 4652 3607 4728 omnia

2017 4758 2184 4815 etiam
2207 4757 2366 4812 facile
2395 4766 2579 4827 mente
2602 4754 2946 4828 concipiens.
2974 4756 3040 4810 Et
3075 4772 3195 4823 quae
3220 4756 3390 4812 semel
3417 4758 3605 4820 audita

2018 4851 2102 4905 vel
2136 4850 2275 4906 lecta
2298 4850 2488 4914 discis,
2524 4858 2634 4903 tam
2660 4850 2836 4904 tenaci
2868 4848 3137 4905 memoria
3186 4849 3634 4941 complecteris,-

2021 4942 2150 4998 utin
2178 4942 2377 4998 ferreis
2407 4941 2793 5013 pugillaribus,
2831 4942 3028 5012 qumin
3076 4942 3264 5009 cordis
3288 4943 3365 4999 tui
3405 4944 3609 5007 tabulis

2019 5038 2433 5111 conscripsisti,
2483 5038 2658 5101 incisa
2716 5053 2840 5102 esse
2902 5036 3224 5105 videantur:
3263 5048 3370 5096 tam
3430 5038 3608 5104 solida

2021 5132 2291 5201 ﬁrmaque
2349 5129 2446 5185 tibi
2490 5141 2577 5186 est
2625 5131 2915 5185 memoria.
2975 5130 3152 5201 Porro
3183 5131 3494 5186 attentione
3552 5143 3610 5189 et

2021 5224 2225 5278 mentis
2303 5222 2624 5293 sagacitate,
2712 5221 3000 5285 scientiam
3084 5234 3142 5279 et
3236 5223 3608 5283 eruditionem

2019 5332 2242 5372 omnem
2282 5315 2438 5389 brevi
2477 5318 2780 5386 superasti,
2814 5325 3029 5371 natura:
3067 5318 3449 5388 magnitudine
3512 5333 3609 5379 eas

2019 5409 2253 5465 virtutes
2307 5418 2536 5464 cunctas
2589 5424 2648 5463 re
2681 5409 2800 5479 ipsa
2835 5409 3148 5464 exhibens:
3192 5409 3360 5479 idque
3410 5410 3609 5471 melius

2019 5501 2215 5565 multo,
2253 5515 2417 5570 quam
2446 5499 2542 5569 qui
2568 5498 2891 5571 longissimo
2914 5505 3080 5556 etiam
3116 5512 3358 5572 tempore
3380 5518 3607 5572 operam

2016 5592 2128 5648 illis
2176 5597 2468 5646 navarunt.
2520 5589 2674 5646 Unde
2715 5592 2926 5648 illatua
2978 5602 3062 5648 est
3128 5594 3475 5663 providentia
3549 5605 3610 5657 et

2020 5686 2223 5740 usitata
2278 5686 2483 5740 mentis
2564 5684 2963 5750 consideratio,
3028 5700 3244 5739 necnon
3307 5685 3609 5757 singularis

2017 5794 2234 5834 morum
2266 5779 2439 5848 gratia
2493 5786 2550 5833 et
2580 5776 2911 5834 amabilitas.
2941 5776 3095 5834 Unde
3150 5778 3317 5833 etiam
3339 5779 3611 5849 violento-

2020 5888 2142 5929 rum
2200 5872 2451 5928 laborum
2515 5883 2706 5931 contra
2757 5880 2970 5930 natura:
3028 5873 3180 5948 leges
3246 5882 3303 5933 et
3354 5876 3611 5948 corporis
