4032 6406
486 291 583 355 571

488 501 755 573 riali'sque
782 520 904 575 qua:
935 508 1033 563 tibi
1071 522 1364 579 praestatur
1420 519 1789 578 observantiae
1816 501 2069 584 conte-m-

492 602 643 659 ptus.
677 604 845 665 atque
896 599 1014 653 alize
1042 600 1268 673 insuper
1299 607 1577 675 primariae
1607 614 1865 683 virtutes,
1905 636 2072 691 supra

493 695 707 741 naturae
738 689 990 747 lmmanaa
1014 704 1235 763 captum
1265 698 1534 758 divinitus
1561 703 1659 759 tibi
1688 706 1887 766 insitae.
1918 689 2070 779 Qua-

484 778 570 833 les
607 791 811 836 suntet
844 793 1136 841 nocturnae
1166 798 1223 844 et
1257 791 1468 849 diurnae
1490 799 1779 867 stationes,
1810 819 1935 859 cum
1981 809 2067 864 vel

478 1058 555 1112 ita
591 1066 649 1113 ut
693 1061 790 1129 qui
847 1071 902 1117 te
936 1067 1309 1136 conspiciunt.
1348 1088 1459 1128 non
1490 1074 1609 1131 viro
1641 1084 1713 1145 te,
1751 1081 1846 1136 sed
1884 1086 2069 1152 potius

476 1150 582 1204 viri
611 1161 808 1208 statum
865 1157 1177 1225 conferant,
1236 1161 1409 1235 frigus
1451 1184 1516 1222 ex
1548 1183 1708 1239 mque
1755 1180 1812 1226 et
1869 1150 2065 1230 aestum

481 1241 753 1299 toleranti.
797 1244 978 1318 Usque
1002 1253 1141 1306 adeo
1165 1262 1216 1308 te
1246 1272 1411 1311 unum
1435 1266 1599 1328 atque
1620 1263 1875 1319 eumdem
1900 1265 1954 1321 in
1986 1268 2070 1325 eis

478 1334 737 1391 omnibus
771 1339 1004 1407 pmbes,
1042 1352 1299 1416 tanquam
1325 1349 1612 1421 invictum,
1647 1365 1703 1411 et
1743 1359 1810 1413 ad
1856 1369 2069 1418 natura:

480 1437 757 1483 momenta
785 1430 1123 1491 immobilem
1155 1454 1169 1492 :
1200 1453 1325 1495 cum
1373 1447 1631 1504 omnibus
1659 1452 1877 1521 quidem
1905 1456 2066 1511 fami-

478 1516 673 1576 liarius
719 1524 1024 1591 viventem,
1082 1532 1341 1589 omnibus
1385 1548 1569 1593 autem
1635 1550 1688 1598 te
1744 1547 1954 1612 omnia,
2009 1557 2069 1606 et

480 1612 844 1683 omnigenum
878 1618 935 1689 8
976 1635 1313 1696 suavemque
1342 1629 1640 1687 admodum
1670 1644 1724 1690 et
1786 1640 2063 1707 placidum

478 1705 853 1774 exhibentem,
908 1716 1254 1789 multamque
1321 1731 1487 1792 atque
1543 1742 1665 1783 eam
1722 1747 1932 1789 meram
1976 1746 2062 1792 at-

476 1815 585 1867 que
616 1804 909 1868 sinceram,
943 1816 1001 1861 ut
1031 1811 1175 1880 apud
1215 1808 1509 1872 Platonem.
1546 1830 1633 1875 est
1659 1861 1673 1884 ,
1739 1824 2060 1886 libertatem

477 1892 735 1959 subditis,
787 1898 1019 1965 perinde
1063 1911 1231 1973 atque
1274 1905 1461 1962 vinum
1514 1922 1938 1985 temperantem.
1985 1924 2063 1978 Ac

475 1984 643 2039 veluti
680 1986 825 2043 inter
849 2005 1012 2046 curas
1040 2003 1096 2048 et
1126 1996 1348 2054 labores
1384 2011 1567 2069 natus,
1600 1984 1856 2078 tanquam
1907 2014 2067 2071 habi-

472 2085 565 2132 tus
591 2094 785 2134 eorum
838 2083 893 2137 in
922 2094 1175 2142 naturam
1228 2089 1451 2159 abierit,
1506 2098 1683 2169 magis
1733 2102 1899 2159 etiam
1956 2106 2066 2164 illis

472 2170 794 2237 delectaris,
829 2191 993 2245 quam
1027 2178 1121 2235 alii
1155 2185 1431 2252 socordia,
1472 2189 1692 2249 deliciis
1743 2204 1910 2268 atque
1941 2201 2066 2257 aliis

471 2260 769 2331 ejusmodi,
820 2266 1023 2334 quibus
1073 2285 1459 2344 assueverunt,
1553 2283 1779 2341 minime
1827 2289 2065 2349 laudatis

473 2352 694 2407 studiis.
732 2351 888 2421 Quod
923 2358 969 2413 si
1003 2359 1121 2417 hzec
1165 2381 1389 2437 quoque
1438 2370 1673 2430 dicenda
1733 2389 1885 2445 sunt,
1934 2399 2064 2452 per-

469 2457 626 2513 saepe
668 2458 772 2515 ego
800 2455 854 2501 te
906 2448 1017 2504 vidi
1074 2466 1185 2507 non
1229 2458 1477 2524 quotidie
1513 2462 1698 2519 cibum
1730 2448 2062 2538 sumentem,

469 2550 664 2591 verum
686 2546 743 2593 et
784 2539 949 2597 binos
978 2551 1033 2598 et
1074 2553 1260 2603 ternos
1290 2555 1662 2612 transmittere
1696 2559 1836 2626 dies,
1893 2564 1966 2619 ita
2003 2575 2062 2620 ut

471 2644 867 2700 nonnunquam
896 2636 1120 2705 quidem
1148 2640 1269 2695 solo
1294 2656 1434 2711 pane
1460 2654 1515 2699 et
1535 2647 1781 2707 oleribus
1803 2653 2057 2724 incoctis,

465 2721 771 2791 aliquando
804 2741 938 2782 vero
992 2732 1171 2799 pomis
1225 2736 1561 2804 quibusdam
1616 2749 1935 2804 vescereris.
1991 2752 2060 2807 Et

470 2824 728 2887 tempore
758 2818 998 2889 plurimo
1025 2824 1140 2879 sola
1174 2842 1317 2896 aqua
1346 2830 1444 2886 tibi
1480 2842 1642 2903 potus
1689 2837 1812 2894 fuit.
1845 2840 2059 2909 Quibus

465 2908 730 2964 omnibus
760 2925 870 2966 non
924 2913 993 2968 ad
1060 2916 1442 2977 sutlicientiam
1508 2939 1604 2983 aut
1650 2933 1957 3001 satietatem
2000 2954 2061 2995 es

468 3015 629 3069 usus,
664 3004 762 3058 sed
792 3006 1049 3064 celeriter
1068 3014 1292 3068 omnino
1319 3032 1382 3071 ea
1410 3018 1691 3091 degustata
1721 3042 1846 3084 mox
1881 3047 2060 3089 remo-

1690 314 2119 387 NlCEPIIORl
2159 318 2513 398 CALLISTI

486 407 869 477 necessitates,
901 413 1149 485 tyrannis
1174 420 1423 488 quaedam
1475 434 1531 478 et
1562 424 1865 486 dominatio
1897 436 2057 507 impe.

488 501 752 527 ..Ξ-ιὶξ“.,.-.-
788 520 901 527 ---μ
935 508 1032 527 .EL!
1072 525 1095 527 μ
1217 522 1229 527 -
1277 522 1286 527 -
1457 519 1471 527 .
1727 523 1739 527 _

2184 443 2403 502 Ὠσανεὶ
2434 451 2544 523 γάρ
2575 471 2689 527 πως
2722 458 2843 522 ταῖς

3641 367 3733 429 572

2875 464 3125 530 φροντίσι
3159 468 3253 522 καὶ
3289 471 3474 537 κόποις
3509 476 3733 547 ἐμπεφυ-

2175 539 2306 607 κὼς,
2337 545 2419 607 εἰς
2460 548 2623 614 φύσιν
2666 549 2860 621 ὥσπερ
2898 554 2991 609 ἐπὶ
3022 559 3197 613 ταῦτά
3226 580 3309 616 σοι
3342 572 3732 641 μεταπεσούσης

2172 631 2274 699 τῆς
2296 632 2482 698 ἕξεως,
2505 638 2726 711 ἔχαιρες
2748 643 2957 709 τούτοις
2981 649 3184 717 μᾶλλον
3209 631 3356 724 ῆπερ
3372 656 3518 710 ἄλλοι
3540 631 3734 731 paesti;

2173 737 2241 795 νῃ
2270 725 2366 778 καὶ
2396 733 2577 801 τρυφῇ
2611 732 2707 786 καὶ
2735 738 2849 798 τοῖς
2883 739 3149 805 τοιούτοις
3186 725 3652 817 κατατριϐόμενοι.
3679 753 3733 809 Et

2171 815 2228 870 δὲ
2260 818 2340 871 δεῖ
2359 825 2453 874 καὶ
2485 825 2660 879 ταῦτα
2690 827 2891 897 λέγειν,
2920 824 3065 886 εἶδον
3093 835 3204 902 ἐγώ
3239 854 3299 890 σε
3340 815 3595 906 πολλάκις
3623 848 3733 914 μηδ’

2047 931 2070 944 ο
2171 909 2259 979 ἐφ’
2292 911 2527 986 ἑκάστης
2564 919 2779 991 ἡμέρας
2820 926 3030 995 τροφὴν
3074 928 3461 999 προσιέμενον,
3496 909 3734 990 ἀλλὰκαὶ

1974 994 2066 1052 is:
2172 1004 2370 1059 σύνδυο
2421 1009 2518 1064 καὶ
2562 1012 2812 1084 σύντρεις
2862 994 3133 1097 προῆγεςἐ
3160 1020 3237 1085 ὥς
3269 994 3399 1079 έτοτε
3444 994 3544 1096 ιιὲν
3594 1030 3733 1102 ἄρτῳ

2172 1095 2320 1169 μόνῳ
2365 1098 2623 1172 λαχάνοις
2673 1107 2720 1159 τ’
2751 1108 3009 1181 ἀπύροις,
3045 1095 3218 1168 ἐνίοτε
3262 1114 3319 1169 δέ
3364 1095 3460 1171 καὶ
3504 1095 3733 1191 ὀπώραις

2168 1185 2232 1256 δή
2282 1206 2394 1243 τισι
2440 1192 2776 1252 διαιτᾶσθαν
2810 1200 2908 1255 καὶ
2941 1205 3109 1257 ποτόν
3139 1222 3225 1260 σοι
3268 1208 3431 1278 μόνον
3479 1185 3735 1283 saepta

2170 1279 2427 1337 πλεῖστον
2479 1287 2672 1356 χρόνον
2729 1294 3041 1363 γινόμενον
3105 1300 3201 1351 καὶ
3254 1301 3461 1355 τούτων
3511 1279 3606 1357 οὐκ
3661 1310 3733 1371 εἰς

2167 1374 2329 1444 κόρον
2385 1377 2498 1431 οὐδ’
2557 1381 2848 1453 αὐτάρκως
2918 1390 3226 1459 μετέχοντι.
3291 1394 3432 1449 ἀλλά
3498 1396 3733 1467 βραχέως

2169 1468 2406 1536 πάμπαν
2453 1471 2873 1548 ἀπογευομένῳ·
2925 1475 3048 1535 εἶτα
3098 1485 3343 1551 μεθιέντι
3391 1488 3553 1559 τάχος
3598 1492 3731 1545 ὅσον

2168 1557 2291 1634 ἴν⁹ᾖ
2329 1579 2414 1616 σοι
2467 1566 2569 1635 μὲν
2600 1570 2696 1622 καὶ
2722 1571 2750 1623 ό
2780 1570 2905 1635 νοῦς
2930 1571 3293 1641 διειδέστατος
3333 1580 3429 1633 καὶ
3459 1557 3731 1647 ἀθόλωτος,

2168 1651 2349 1722 βρύων
2381 1658 2545 1726 νοιρᾶ
2589 1660 2683 1713 καὶ
2731 1660 2851 1715 θεῖα
2899 1666 3170 1735 νοήματα·
3209 1672 3412 1739 ῥᾷστον
3440 1672 3486 1726 δ’
3515 1672 3623 1743 ἔχοι
3647 1676 3734 1727 καὶ

2168 1744 2230 1797 τὸ
2272 1747 2602 1820 ἐγρηγορός.
2629 1750 2796 1806 Ὥστε
2841 1754 2906 1826 δὴ
2950 1756 3223 1827 θεοφιλῶς
3275 1760 3625 1834 διαχειρίζειν
3671 1765 3734 1819 τά

2170 1835 2499 1907 πράγματα,
2533 1839 2758 1912 δρθριός
2797 1861 2857 1897 τε
2896 1846 2991 1900 καὶ
3028 1851 3427 1919 μεσημϐρινὸς,
3464 1857 3558 1908 καὶ
3592 1855 3733 1909 οὐδέν

2169 1943 2223 1981 τι
2248 1922 2411 1998 ἦττον
2438 1933 2827 2000 ἐπινυκτίδιος.
2858 1938 2985 1991 Ἐπὶ
3010 1943 3201 2014 πόῤῥω
3232 1945 3338 2014 γὰρ
3372 1948 3582 2012 νυκτὸς,
3607 1950 3735 2018 μᾶλ-

2168 2018 2259 2073 λον
2283 2018 2340 2073 δέ
2366 2020 2427 2074 τό
2446 2039 2511 2091 γε
2540 2026 2795 2079 πλεῖστον
2826 2028 2952 2098 ἄρτι
2987 2028 3395 2105 διαυγαζούσης
3430 2038 3639 2107 ἡμέρας
3662 2040 3734 2102 εἰς

2168 2111 2359 2181 κοίτην
2391 2114 2504 2181 ἰὼν,
2537 2115 2734 2172 θᾶττον
2762 2114 2921 2184 αὖθις
2958 2122 3241 2189 ἀνίστασο,
3273 2126 3465 2197 ὥσπερ
3495 2130 3733 2200 χαλετῶς

2168 2204 2282 2265 τοῖς
2309 2202 2630 2275 στρώμασιν
2674 2208 2836 2279 ἔχων,
2864 2212 2971 2266 κᾶν
3000 2213 3121 2267 οὐδέ
3159 2215 3282 2269 τότε
3326 2236 3414 2272 σοι
3441 2220 3537 2273 τοῦ
3566 2225 3732 2275 πονεῖν

2169 2295 2354 2359 ἄνεσις
2387 2293 2479 2370 ἦν,
2515 2298 2707 2365 ὕπνοις
2740 2303 2860 2372 δῆτ’
2889 2306 2948 2358 ἐν
2999 2306 3186 2371 αὐτοῖς
3236 2313 3330 2364 καὶ
3375 2313 3614 2383 ὀνείρασι
3645 2317 3732 2367 κά-

2171 2402 2380 2456 μνοντι,
2410 2390 2506 2443 καὶ
2549 2390 2650 2461 τὴν
2683 2393 2775 2445 ἐπὶ
2812 2394 2956 2464 μέγα
2993 2396 3153 2468 δόξης
3201 2399 3617 2475 αὐξησινῆμῶν
3649 2406 3732 2458 καὶ

2169 2480 2411 2536 ἐπίδοσιν
2440 2483 2750 2553 ἀκαμάτοις
2787 2490 2983 2557 ῥοπαῖς
3028 2491 3124 2544 καὶ
3156 2497 3488 2561 φαντασίαις
3517 2497 3607 2551 τοῦ
3649 2497 3729 2550 νοῦ

2167 2572 2626 2644 ὀνειροπολοῦντι,
2663 2579 2759 2632 καὶ
2790 2579 2865 2646 ὡς
2894 2582 3177 2655 ἐγχωροῦν
3207 2585 3619 2659 διεργαζομένῳ
3646 2589 3732 2643 καὶ

2168 2666 2586 2737 αύτουργοῦντι⁶
2615 2669 2692 2734 ὡς
2734 2672 2829 2725 καὶ
2861 2672 3051 2744 θαῦμα
3083 2678 3348 2749 παρέχειν
3395 2681 3470 2752 μὴ
3518 2682 3621 2751 ἄρα
3655 2699 3730 2745 τις

2166 2758 2286 2829 εἴης
2311 2759 2559 2832 θειοτέρα
2589 2763 2750 2831 φύσις
2780 2766 2984 2831 ἄϋπνος
3010 2770 3106 2821 καὶ
3135 2770 3448 2840 ἀκάματος.
3472 2773 3610 2827 Πολύ
3632 2774 3729 2843 γὰρ

2164 2853 2414 2923 ἀπέχων,
2442 2855 2537 2908 καὶ
2571 2854 2649 2918 ὡς
2685 2858 2761 2912 ἀν·
2784 2874 2868 2921 τις
2898 2858 3068 2925 εἴποι,
3113 2863 3254 2916 κατά
3302 2863 3597 2935 διάμετρον
3642 2866 3728 2920 καὶ

2164 2946 2379 3015 τρυφῆς
2430 2948 2525 3001 καὶ
2573 2950 2861 3022 ῥᾳστώνης
2892 2951 3212 3024 διεστηκὼς,
3247 2954 3309 3008 τὸ
3351 2960 3485 3029 περὶ
3529 2958 3727 3012 δίαιταν

2162 3036 2436 3106 ἐγκρατὲς
2462 3039 2558 3092 καὶ
2594 3041 2999 3112 κεκολασμένον
3033 3045 3237 3114 μᾶλλον
3257 3046 3592 3118 ἐθαύμαζες.
3624 3050 3727 3101 Ἐν-

466 3094 584 3148 veri
617 3096 856 3165 jussisti,
887 3108 949 3154 ut
982 3103 1195 3159 scilicet
1226 3122 1379 3165 mens
1407 3112 1505 3166 tibi
1537 3114 1747 3187 absque
1792 3123 2054 3182 sordibus

2160 3094 2355 3182 τεῦθεν
2389 3094 2473 3183 σοὶ
2499 3131 2596 3185 καὶ
2625 3131 2809 3200 εὐεξία
2835 3094 3145 3204 καὶύγῖεια
3184 3138 3336 3207 μάλα
3363 3094 3594 3212 aged-71v.
3626 3140 3724 3194 Καὶ

468 3185 708 3243 maxime
734 3204 869 3258 pura
900 3206 1272 3262 permaneret,
1300 3185 1767 3266 intellectualibus
1796 3214 2057 3283 spiritua-

467 3277 727 3347 .ibusque
749 3291 804 3335 et
834 3282 1038 3340 divinis
1052 3287 1370 3348 redundans
1387 3277 1840 3369 cogitationibus,
1863 3307 2058 3366 simul-

466 3385 576 3438 que
620 3380 683 3426 ut
748 3372 966 3432 facilius
1018 3379 1297 3450 vigilantia
1367 3398 1670 3458 constaret,
1737 3398 2057 3470 rectiusque

468 3464 687 3533 negotia
737 3467 1110 3541 pleraque,cx
1161 3480 1484 3550 prescripto
1538 3483 1744 3552 divino,
1784 3493 2058 3551 matutino

466 3555 635 3610 simul
696 3566 754 3612 et
786 3561 1116 3631 meridiano,
1160 3582 1263 3624 nec
1325 3571 1509 3629 minus
1547 3586 1825 3637 nocturno
1886 3586 2054 3643 etiam

473 3654 719 3720 tempore
740 3667 1047 3724 perageres.
1082 3657 1143 3713 ln
1174 3662 1403 3719 multam
1449 3680 1688 3743 namque
1722 3685 1963 3742 noctem,
1992 3695 2056 3736 ac

468 3742 678 3810 potius,
764 3753 826 3800 ut
883 3746 1209 3818 plurimum,
1275 3755 1343 3810 ad
1407 3757 1827 3822 illucescentem
1880 3785 2057 3842 usque

468 3834 614 3888 diem
645 3836 914 3906 vigilans,
962 3849 1017 3896 et
1074 3842 1296 3902 demum
1337 3850 1587 3909 cubitum
1615 3859 1844 3928 vadens,
1869 3866 2053 3922 statim

467 3938 662 3980 rursus
709 3928 924 3984 excitus
951 3936 1261 4003 surrexisﬁ,
1296 3939 1440 3995 haud
1465 3944 1627 4001 aliter
1650 3964 1814 4016 quam
1863 3954 1916 4008 si
1954 3956 2054 4012 tibi

466 4028 743 4073 nocturna
793 4022 1123 4081 vestimenta
1163 4031 1352 4098 gravia
1388 4042 1554 4104 atque
1588 4040 1815 4096 molesta
1845 4056 2050 4103 essent.

390 4130 399 4135 υ
467 4102 578 4161 Sed
605 4108 755 4163 enim
783 4126 852 4166 ne
887 4123 1002 4167 tum
1031 4116 1256 4186 quidem
1283 4138 1310 4175 a
1335 4102 1625 4184 laboribus
1656 4131 1755 4186 tibi
1796 4102 2052 4196 remissio

463 4201 593 4267 fuit,
660 4219 760 4274 per
805 4219 1062 4262 somnum
1096 4209 1358 4267 nimirum
1412 4224 1470 4270 et
1498 4215 1769 4277 insomnia
1795 4233 1847 4281 te
1888 4242 2051 4284 exer-

460 4294 633 4360 centi,
713 4304 770 4353 et
826 4298 1066 4356 nominis
1124 4302 1421 4377 gloriaeque
1493 4320 1697 4368 nostrae
1756 4329 2050 4388 augmenta

459 4394 630 4457 atque
651 4388 995 4448 incrementa
1027 4393 1466 4467 infatigabilibus
1497 4408 1793 4465 momentis
1814 4419 1870 4465 et
1904 4412 2047 4468 ima-

2159 3219 2325 3291 λῆρος
2352 3221 2618 3289 ἄντικρυς
2648 3219 2791 3295 ἦσαν
2832 3226 2883 3279 oi
2918 3228 3048 3297 περὶ
3077 3228 3251 3282 ταῦτα
3302 3231 3721 3302 διαπονούμενοι,

2172 3310 2570 3380 Ἀσκληπιάδαι
2597 3315 2764 3382 τινὲς,
2808 3314 3193 3388 Ἱπποκράτεις
3226 3318 3528 3390 αὐχοῦντες
3565 3336 3721 3389 προσ·

2158 3401 2349 3465 τάτας’
2367 3404 2467 3456 οὐκ
2490 3402 2751 3474 ἐλάχιστα
2773 3405 2819 3458 δ’
2838 3406 3310 3478 ἐκμελετήσαντες
3331 3411 3428 3464 καὶ
3450 3410 3721 3482 Γαλῆνεια·

2157 3492 2207 3545 οἳ
2262 3493 2426 3565 δῆθεν
2473 3494 2575 3566 τῆς
2615 3494 2803 3564 ὑγείας
2865 3515 2949 3551 σοι
3000 3499 3310 3569 προμηθεῖς
3372 3501 3722 3563 καθεστῶτες.

2157 3582 2398 3648 ἐξάντεις
2419 3584 2529 3639 τῶν
2552 3585 2830 3657 σφετέρων
2863 3588 3068 3657 μᾶλλον
3092 3587 3235 3660 ἦσαν
3265 3590 3440 3644 νόσων
3465 3609 3545 3644 σοι
3570 3605 3724 3660 προσ-

2157 3675 2352 3742 ιόντες,
2378 3676 2475 3730 ἆτε
2508 3676 2625 3748 δῆτ’
2659 3678 2740 3742 είς
2765 3678 2937 3749 ἀκρον
2968 3680 3266 3750 τάκριόοῦς
3296 3683 3625 3752 ἐφικομένῳ·
3653 3681 3721 3743 ὡς

2158 3771 2234 3841 μή
2266 3770 2349 3825 τοί
2381 3788 2446 3840 γε
2473 3774 2635 3842 σφᾶς,
2668 3772 2806 3827 ἀλλὰ
2832 3773 2955 3844 μηδ’
2983 3774 3183 3838 αὐτοὺς
3208 3776 3456 3841 ἐκείνους
3483 3776 3607 3840 τοὺς
3634 3774 3735 3843 τῆς.

2152 3857 2354 3930 τέχνης
2401 3861 2678 3931 ἡγεμόνας
2734 3862 2940 3929 αὐτοῖς,
2991 3864 3151 3934 εἴπερ
3196 3858 3360 3935 ἦσαν,
3416 3865 3719 3920 ἀντιτείνειν

2152 3950 2290 4016 ὅλως
2314 3952 2461 4024 ἔχειν
2488 3953 2625 4025 πρὸς
2657 3954 2717 4006 τὸ
2748 3956 2829 4007 σοὶ
2863 3957 3272 4027 παριστάμενόν
3298 3975 3361 4011 τε
3398 3959 3495 4012 καὶ
3516 3956 3720 4056 διαιτύμ

2156 4059 2338 4114 μενον.
2392 4044 2481 4114 Τῷ
2530 4044 2631 4113 μὲν
2669 4043 2762 4097 οῦν
2811 4047 3093 4117 Χαιρωνεῖ
3128 4048 3465 4120 Πλουτάρχῳ
3514 4048 3582 4101 τὰ
3627 4046 3719 4113 τῆς

2164 4134 2381 4206 Ῥώμης
2431 4136 2723 4208 ἐξαίροντι,
2765 4139 2947 4200 καλῶς
2991 4140 3227 4211 ἐπῆλθεν
3277 4142 3484 4209 εἰπεῖν,
3530 4140 3718 4209 ἀρετὴν

2151 4229 2245 4281 καὶ
2298 4228 2469 4298 τύχην
2532 4228 2671 4301 πρὸς
2729 4231 2967 4302 ἀλλήλας
3020 4233 3253 4286 ἔκπαλαι
3305 4233 3712 4306 διαφερομένας,

2148 4322 2357 4386 δεινούς
2400 4322 2450 4376 τ’
2495 4324 2714 4391 ἀγῶνας
2760 4324 2995 4395 ἐχούσας
3040 4326 3136 4379 καλ⁹
3178 4325 3535 4399 διαταραχὰς,
3572 4325 3715 4395 μόλις

2148 4413 2283 4467 ποτὲ
2317 4413 2407 4467 διὰ.
2438 4414 2643 4485 ταύτην
2693 4416 2866 4488 μόνην
2903 4418 3230 4472 σπείσασθαι
3264 4420 3361 4473 καὶ
3396 4421 3477 4483 είς
3507 4419 3563 4471 ἓν
3594 4435 3713 4470 συν⁸

459 4480 844 4551 ginationibus
869 4486 1064 4548 animi,
1092 4488 1512 4565 visionibusque
1540 4500 1832 4556 nocturnis
1868 4503 2040 4560 medi-

2160 4496 2397 4576 Βραμεῖνο
2423 4507 2517 4560 καί
2546 4507 2599 4577 γ’
2627 4510 2683 4571 ἐς
2713 4510 2878 4562 ταυτὸ
2912 4509 3298 4576 συνελθούσας,
3342 4510 3711 4566 ἐπιτελειῶσαι

461 4573 626 4639 tanti,
675 4581 731 4628 et
759 4576 939 4645 quoad
986 4578 1109 4649 ejus
1140 4580 1259 4637 fieri
1295 4586 1494 4654 potuit,
1550 4590 1845 4660 complenti
1884 4602 2052 4666 atque

2160 4573 2809 4668 satowanepy'daaailat
2859 4600 2969 4653 τῶν
3021 4573 3387 4671 ἀνθρωπίνων
3442 4600 3614 4671 ἔργων
3658 4594 3712 4646 τὸ

458 4664 773 4734 perficienti
798 4685 811 4721 :
840 4668 976 4724 adeo
1005 4680 1065 4725 ut
1089 4673 1471 4733 admirationis
1494 4693 1712 4735 causam
1736 4684 2051 4742 hominibus

463 4755 771 4824 praeberes,
800 4758 1130 4815 diviniorem
1155 4767 1449 4834 quamdam
1480 4779 1736 4827 naturam
1764 4783 1836 4841 te,
1869 4777 2047 4833 somni

456 4857 634 4917 atque
668 4848 1007 4919 fatigationis
1027 4864 1308 4924 expertem
1330 4874 1478 4925 esse,
1516 4864 1950 4935 suspicantibus.
1979 4870 2051 4927 Et

454 4954 591 4994 cum
625 4956 788 5010 quam
821 4942 1161 5013 longissime,
1198 4955 1277 5012 et,
1305 4960 1366 5004 ut
1415 4952 1617 5023 aliquis
1673 4957 1844 5026 dicat,
1888 4962 2047 5032 juxta

454 5030 825 5098 diametrum,
872 5048 902 5088 a
957 5035 1336 5106 voluptatibus
1390 5053 1446 5097 et
1500 5045 1715 5116 ignavia
1780 5030 2045 5122 abfuisti;

460 5131 581 5175 tum
614 5123 957 5192 quotidiana
1007 5130 1135 5183 vita:
1182 5129 1531 5202 disciplinam
1585 5146 1641 5192 et
1693 5143 2043 5201 severitatem

458 5216 812 5287 maxime_es
859 5231 1232 5279 consectatus.
1264 5225 1417 5282 Unde
1463 5229 1561 5285 tibi
1617 5231 1757 5288 bona
1799 5237 2048 5307 corporis

456 5306 728 5363 habtudo
775 5320 833 5365 et
901 5313 1163 5369 valetudo
1223 5319 1461 5373 secunda
1510 5306 1917 5383 maxime-fuit.
1976 5329 2050 5384 Et

455 5403 558 5470 qui
590 5402 692 5459 hac
724 5404 779 5458 in
809 5418 870 5460 re
899 5406 1210 5474 elaborant,
1242 5423 1542 5481 nugatores
1591 5419 1727 5473 meri
1759 5420 1861 5475 visi
1892 5431 2042 5490 sunt,

457 5496 805 5567 Aselepiada:
838 5500 1061 5569 quidam
1090 5504 1158 5558 de
1189 5503 1521 5574 Hippocrate
1553 5523 1891 5584 praeceptore
1930 5518 2046 5588 glo-

462 5585 699 5653 riantes,
742 5604 844 5646 nec
876 5592 1061 5649 minus
1100 5596 1194 5666 qui
1234 5597 1424 5653 Galcni
1457 5602 1869 5683 lucubrationes
1894 5616 2045 5666 evol-

466 5688 624 5733 vunt.
640 5681 744 5746 Qui
759 5697 890 5739 sane
907 5701 1033 5741 cum
1058 5688 1387 5746 valetudinis
1404 5703 1508 5747 tum
1524 5709 1810 5755 curatores
1834 5715 2040 5772 essent,

463 5778 647 5834 asuis
672 5778 775 5848 ipsi
808 5782 1011 5837 morbis
1043 5791 1098 5840 ct
1138 5786 1558 5857 :rgritudinibus
1616 5796 1806 5863 magis,
1867 5799 1932 5850 ad
1990 5808 2041 5854 te

2149 4689 2455 4745 κάλλιστον.
2502 4689 2645 4759 Ἐγὼ
2679 4691 2724 4743 δ’
2768 4692 3015 4745 ὑπονοεῖν
3045 4691 3225 4763 ὀρθῶς
3272 4691 3479 4763 οῐομαι,
3523 4690 3595 4752 ὡς
3624 4685 3710 4739 καὶ

2149 4781 2244 4834 ἐπὶ
2274 4783 2358 4835 σοὶ
2387 4783 2451 4851 δὴ
2485 4782 2656 4853 μόνῳ,
2691 4784 2975 4854 κράτιστε,
3000 4783 3283 4837 θεοσέϐειά
3318 4801 3379 4837 τε
3411 4784 3505 4836 καὶ
3543 4780 3710 4833 εὐδαι-

2152 4871 2313 4938 μονία
2346 4871 2685 4942 συνηλθέτην
2723 4872 2986 4942 ἀλλήλαις
3039 4872 3284 4942 ἐφάπαξ,
3318 4872 3407 4926 ἀεί
3442 4889 3494 4926 τι
3521 4871 3706 4939 διαμαυ

2147 4961 2403 5032 χύμεναι,
2444 4963 2545 5035 τῆς
2575 4962 2887 5029 θεοσεϐείας
2918 4963 3121 5019 ὡσανεὶ
3166 4965 3503 5036 βιασαμένης
3542 4964 3597 5015 τὸ
3626 4959 3707 5013 εὐ-

2146 5052 2362 5123 δαιμον,
2386 5058 2481 5111 καὶ
2503 5056 2933 5127 περιτρέπεσθαι
2956 5057 3307 5112 παντάπασιν
3324 5056 3425 5110 οὐκ
3444 5052 3703 5122 ἐνδούσης⁸

2150 5146 2356 5219 μᾶλλον
2381 5149 2437 5203 δὲ
2471 5149 2609 5205 Θεοῦ
2653 5144 2809 5221 οἶμαί
2845 5166 2950 5204 που
2988 5150 3215 5217 ταύταις
3252 5150 3497 5220 ἀνάγκην
3524 5144 3706 5200 ἐπισα-

2145 5240 2352 5308 λόντος,
2390 5242 2754 5308 συζεύξαντός
2794 5261 2854 5299 τε
2890 5245 3007 5313 ἅμα
3058 5243 3270 5307 ταύτας
3314 5243 3410 5296 καὶ
3451 5234 3709 5307 συγκερά-

2148 5348 2363 5396 σαντος,
2395 5333 2472 5396 ὡς
2510 5332 2577 5387 ἂν
2605 5333 2952 5404 ἑκατέρωθεν
2997 5334 3061 5388 τὸ
3104 5335 3303 5388 οἰκεῖον
3349 5330 3546 5396 λαΰὼν,
3579 5325 3704 5380 πᾶσι

2142 5428 2260 5496 δῆτ’
2301 5426 2612 5494 ἀνθρώποις
2664 5427 2823 5500 ξένην
2875 5427 3182 5498 ἐργάσηται
3227 5426 3433 5495 ὄνησιν,
3487 5423 3579 5477 καὶ
3630 5417 3700 5479 ὡς

2144 5517 2362 5587 ἀληθῶς
2386 5518 2731 5590 θαυμαστήν
2756 5521 2967 5591 πεῖσμά
2986 5538 3038 5574 τι
3061 5521 3309 5591 μόνιμον,
3338 5519 3432 5571 καὶ
3456 5512 3700 5585 στοιχεῖον

2143 5612 2326 5680 ἕκτον,
2359 5613 2428 5666 ἵν’
2460 5614 2629 5678 οὕτως
2664 5614 2902 5685 εἴποιμι,
2937 5615 3030 5668 καὶ
3059 5616 3250 5680 ἀΐδιον,
3291 5600 3699 5709 ναυαγοῦσιηκιξξ

2146 5705 2578 5774 ὑποφερομένοις
2617 5709 2731 5770 τοῖς
2760 5706 2925 5770 θείοις
2962 5707 3252 5778 πράγμασι
3283 5705 3379 5759 καὶ
3424 5692 3695 5757 διολισθαίέ

2147 5815 2295 5853 νουσι
2326 5799 2415 5852 τοῦ
2457 5799 2710 5853 τοσούτου
2748 5800 2910 5854 σάλου
2945 5803 3035 5854 καὶ
3071 5800 3298 5865 πλάνης,
3341 5793 3579 5863 μεγάλην
3606 5784 3691 5841 καὶ
