4032 6420
354 334 457 394 573

1774 343 1868 401 DE
1879 342 2205 406 DICATlO.

3527 356 3632 418 574

347 446 668 499 τελευταίαν
720 447 972 516 ἄγκυραν
1003 449 1158 521 ἱερὰν
1213 450 1288 522 τῷ
1335 452 1449 506 ὄντι
1483 455 1585 506 κᾶν
1616 455 1726 517 τοῖς
1782 455 1936 522 ἱεροῖς

2051 457 2394 521 accedentes,
2427 459 2587 514 liberi
2619 471 2786 531 atque
2815 463 3013 533 intcgri
3041 465 3346 521 discessere
3373 487 3385 520 :
3425 471 3632 539 quippe

349 541 445 594 καὶ
472 538 646 601 ἄλλως
677 539 883 609 ἔχουσι,
915 542 976 594 σὲ
1003 545 1328 615 παρασχὼνο
1355 545 1422 597 ἶν’
1451 548 1510 598 ὲν
1537 547 1620 599 σοί
1641 563 1762 599 τινα
1789 547 1935 616 ἵδρυ-

352 649 436 684 σιν
467 634 700 696 καὶτοῖς
741 634 926 697 ἄλλοις
966 637 1096 707 περὶ
1133 638 1192 692 σὲ
1233 639 1472 707 μάλιστα
1500 639 1642 708 δοίη.
1685 640 1793 692 Καὶ
1821 639 1935 708 δῆτ’

349 725 476 794 ἔσχε
519 727 784 796 μεγίστην
829 727 992 796 ἕδραν
1019 746 1078 782 τε
1127 731 1222 782 καὶ
1260 731 1581 799 ἀσφάλειαν.
1619 732 1696 794 είς
1730 733 1936 800 κόσμον

351 817 575 887 εἰρήνης
615 817 732 882 ἕνα,
763 821 857 872 καὶ
891 821 1091 875 κύκλον
1141 822 1474 892 ὀρθοδοξίας,
1516 827 1692 879 εῖτουν
1725 825 1934 895 ἠγεμοο

352 910 475 970 νίας
508 909 810 964 ἄπταιστον
846 929 906 964 σε
949 917 1328 984 περιαγόμενα
1365 923 1460 970 καὶ
1496 917 1933 988 περιφερόμενα.

353 1003 463 1057 Καί
492 1005 546 1070 γ’
578 1005 918 1068 ἐσπούδασας
948 1007 1224 1073 ἐντεῦθεν,
1268 1011 1370 1064 οὐκ
1403 1011 1461 1061 ὲν
1494 1010 1712 1082 σώματι
1765 1011 1934 1080 μόνῳ,

354 1095 494 1149 ἀλλά
520 1113 585 1160 γε
611 1095 676 1159 δὴ
706 1098 804 1150 καὶ
830 1100 888 1150 ὲν
918 1101 986 1170 τῇ
1015 1099 1163 1172 ψυχῇ
1195 1101 1594 1172 περιϐαλέσθαι
1624 1102 1722 1173 τὴν
1743 1103 1938 1174 ἁλουρ-

353 1186 497 1252 γίδα.
532 1187 603 1240 Σὺ
637 1187 750 1258 γάρ
800 1205 887 1241 τοι
932 1191 1027 1244 καὶ
1081 1192 1244 1260 μόνος
1281 1195 1389 1246 τῶν
1425 1194 1619 1264 πρώην
1666 1194 1937 1264 βασιλέων

353 1281 544 1348 σχεδὸν
567 1284 828 1337 ἁπάντων
859 1285 1058 1340 ἑαυτοῦ
1091 1287 1513 1358 βεϐασίλευκας·
1544 1292 1641 1344 καὶ
1669 1291 1938 1360 αὐτοκρά-

347 1391 462 1444 τωρ
491 1374 570 1445 τῷ
613 1375 730 1430 ὄντι
771 1379 1095 1449 γενόμενος,
1138 1381 1238 1450 τὴν
1271 1383 1370 1450 μὲν
1402 1382 1513 1436 τῶν
1549 1383 1739 1436 παθῶν
1781 1382 1935 1452 ὀχλο-

351 1468 615 1537 κράτειαν
642 1467 744 1539 τῆς
792 1471 1001 1534 οίκείας
1044 1473 1286 1527 ἀπεὼσω
1331 1458 1933 1546 ξενηλατήσαςίψυχῆς·

349 1561 462 1623 τοῖς
485 1561 542 1614 δὲ
575 1563 777 1616 σαυτοῦ
803 1564 1089 1633 λογισμοῖς
1119 1566 1553 1638 ἀριστοκρατίαν
1583 1571 1940 1640 καταστησά-

351 1671 536 1719 μενος,
570 1654 682 1718 ζῶν
733 1658 937 1727 ἀρετῆς
978 1658 1204 1728 ἄγαλμα
1249 1662 1480 1715 σεαυτὸν
1522 1662 1822 1732 παρέσχες,
1859 1663 1938 1726 είς

347 1746 548 1816 ἀκριϐῆ
588 1747 827 1818 μίμησιν
869 1749 932 1802 τὸ
989 1751 1229 1822 ὑπήκοον
1273 1753 1639 1810 ὲκπαιδεύων.
1671 1754 1776 1807 Τὸν
1827 1755 1934 1823 γὰρ
1969 1803 2012 1860 η

349 1839 599 1909 ἐγκρατῆ
633 1839 896 1910 λογισμὸν
944 1843 1238 1908 ἀντιτάξας
1277 1849 1343 1915 τῇ
1381 1848 1663 1919 ῥαστώνῃ,
1701 1849 1931 1908 εἰκότως

347 1931 409 1982 οὐ
438 1930 598 2001 μόνον
623 1931 932 2002 ἀνθρώπων
961 1936 1322 2007 αὐτοκράτωρ
1353 1938 1572 2010 νομίζῃ,
1609 1940 1747 1994 ἀλλά
1772 1956 1834 2006 γε
1864 1938 1931 2011 δὴ

348 2026 444 2075 καὶ
486 2023 680 2077 παθῶν
727 2027 1008 2089 ἁπάντων,
1050 2029 1152 2082 ὅσοι
1183 2029 1364 2099 ψυχῆς
1407 2047 1467 2084 τε
1506 2033 1600 2085 καὶ
1651 2031 1927 2100 σώματος.

348 2112 459 2166 Καὶ
484 2113 548 2183 δὴ
579 2114 711 2183 γοῦν
747 2117 878 2170 ίδείν
903 2119 1054 2172 ἔστιν
1083 2123 1141 2184 ἐς
1173 2122 1484 2195 ὑπερϐολὴν
1512 2125 1575 2178 τὸ
1609 2125 1714 2194 τῆς
1744 2125 1932 2194 φιλαν-

349 2203 598 2273 θρωπίας
630 2225 712 2261 σοι
739 2211 953 2279 περιόν.
990 2213 1285 2284 Ἀντικρυς
1316 2216 1425 2286 γὰρ
1461 2219 1556 2270 καὶ
1600 2218 1663 2270 τὸ
1701 2219 1933 2286 πολεμι-

348 2298 446 2353 κόν
475 2315 567 2353 σου
601 2301 1008 2372 φιλάνθρωπον,
1041 2308 1133 2359 καὶ
1161 2309 1224 2360 τὸ
1255 2310 1432 2379 πρᾶον
1464 2311 1758 2380 ἀνδρῶδεςο
1787 2312 1850 2363 τὸ
1873 2311 1930 2364 δὲ

345 2390 448 2458 τῆς
477 2391 803 2461 εὐεργεσίας
849 2395 924 2458 ὡς
961 2397 1199 2464 μάλιστα
1250 2400 1619 2470 οἰκονομικόνο
1652 2401 1713 2454 τὸ
1761 2403 1818 2454 δέ
1864 2419 1930 2470 γε

349 2477 583 2548 θυμικὸν
607 2481 1014 2538 εὐδιάλλακτον.
1039 2485 1254 2557 ,Στείρα
1278 2488 1408 2557 γὰρ,
1443 2487 1519 2552 ὡς
1549 2489 1615 2542 ἄν
1643 2507 1726 2551 τις
1761 2491 1926 2555 εῐποι,

349 2571 486 2641 πρὸς
534 2571 707 2642 ὀργὴν
735 2575 768 2643 ἡ
807 2574 876 2647 σὴ
907 2576 1151 2646 κατέστη
1185 2579 1354 2650 ψυχή’
1399 2579 1495 2634 καὶ
1535 2579 1672 2652 πρὸς
1720 2581 1820 2650 τὴν
1867 2583 1932 2635 ἐκ

349 2663 527 2733 θυμοῦ
581 2665 778 2736 φλόγα,
837 2669 1026 2738 σχεδὸν
1083 2673 1480 2735 ἀσυνδύαστος,
1537 2673 1744 2743 καίπερ
1792 2673 1929 2743 πρὸς

350 2757 499 2809 ἅπαν
523 2757 632 2812 τῶν
653 2758 878 2825 ἀγαθῶν
909 2763 1137 2831 γόνιμος
1164 2759 1302 2817 οὖσα
1331 2763 1429 2817 καὶ
1452 2764 1754 2836 ἔγκαρπος.
1779 2765 1851 2818 Τὸ
1873 2765 1930 2818 δὲ

347 2851 446 2920 τῆς
475 2850 760 2922 εὐνομίας,
797 2854 924 2906 ὅσον
955 2855 1054 2918 τὰς
1080 2855 1192 2908 τῶν
1224 2857 1431 2911 ἀδίκων
1468 2857 1647 2927 ὁρμὰς
1670 2860 1790 2920 ταῖς
1821 2858 1930 2909 τῶν
1956 2878 1963 2884 ·

348 2943 575 2998 δικαίων
631 2945 976 3018 ὐφηγήσεσιν
1035 2947 1444 3015 ἀναστέλλοντι,
1507 2950 1603 3004 καὶ
1662 2951 1764 3018 τῆς
1825 2951 1932 3020 γῆς

354 3037 669 3107 ἁπανταχοῦ
701 3041 1417 3112 τάγαθὸν-κατασπείροντι,
1450 3043 1548 3114 οὐχ
1589 3038 1753 3114 ἧττον
1783 3043 1931 3114 ἥπερ

2039 549 2136 617 qui
2188 549 2254 604 ad
2308 542 2576 606 summam
2655 557 3241 627 accuratissimamque
3298 561 3634 614 valetudinis

2041 639 2258 693 tuendae
2298 641 2569 695 rationem
2599 646 2944 713 perveneris.
2972 647 3040 700 Et
3071 663 3249 716 neque
3283 649 3481 705 medici
3530 654 3632 714 tui,

2040 745 2224 799 neque
2257 733 2334 787 illi
2374 736 2476 802 ipsi
2510 736 2602 804 qui
2639 737 2716 790 eis
2743 738 2879 791 artis
2912 754 3026 792 sua-3
3057 752 3330 810 prmcepta
3367 753 3632 812 tanquam

2040 825 2283 895 magistri
2315 837 2371 882 ct
2393 828 2562 884 duces
2591 830 2648 900 9
2683 832 3048 897 tradiderunt,
3078 851 3304 902 prorsus
3332 839 3634 908 quidquam

2041 917 2379 983 habuerunt,
2433 924 2578 990 quod
2629 924 2897 980 adversus
2937 930 3322 997 praescriptum
3375 930 3637 1001 degendae

2041 1012 2108 1066 ad
2165 1013 2552 1066 salubritatem
2576 1016 2700 1069 vitae
2729 1025 2882 1070 tuum
2909 1029 3274 1087 Opponerent.
3307 1021 3636 1077 Plutarchus

2039 1104 2263 1174 quidem
2293 1106 2629 1162 Cltatroneus
2682 1111 2993 1163 Romanum
3031 1112 3326 1180 imperium
3366 1115 3626 1171 laudibus

2038 1197 2270 1262 vehens,
2309 1201 2542 1268 pulchre
2591 1200 2751 1264 dixit,
2805 1217 2898 1256 eas
2951 1219 3072 1271 qua:
3133 1205 3370 1260 antehac
3423 1207 3634 1262 dudum

2039 1304 2139 1358 per
2170 1305 2365 1360 graves
2426 1302 2612 1347 mutus
2659 1300 2714 1347 et
2771 1298 3079 1349 certamina
3114 1297 3261 1350 inter
3298 1313 3356 1351 se
3393 1300 3617 1352 dissen-

2039 1382 2260 1444 sisseut.
2317 1384 2578 1438 virtutem
2621 1393 2678 1439 et
2700 1385 3000 1450 fortunam,
3037 1388 3125 1440 vix
3160 1389 3463 1457 aliquando
3505 1401 3636 1445 tan-

2039 1474 2185 1536 dem,
2218 1489 2440 1545 propter
2473 1477 2665 1532 urbem
2699 1479 3006 1534 Romanam
3065 1483 3260 1547 solam,
3299 1484 3476 1552 pactis
3505 1498 3637 1538 con-

2039 1568 2219 1623 ventis
2264 1584 2364 1638 per
2399 1568 2580 1623 fmdus
2636 1571 2834 1624 initum
2886 1573 2939 1626 in
2975 1574 3205 1642 gratiam
3259 1574 3518 1638 rediisse,
3574 1583 3636 1626 ut

2040 1660 2289 1714 omnium
2315 1659 2682 1716 humanarum
2742 1678 2926 1717 rerum
2981 1667 3140 1735 longe
3201 1665 3634 1735 pulcherrimum

2042 1767 2180 1822 Opus
2208 1753 2725 1824 absolverintatque
2748 1757 3103 1826 perfecerint.
3128 1759 3259 1813 Mihi
3321 1775 3454 1812 vero
3487 1767 3635 1812 recte

2039 1859 2261 1914 quoque
2305 1845 2622 1901 existimare
2657 1849 2708 1900 in
2744 1859 2984 1902 mentem
3017 1851 3192 1912 venit,
3240 1851 3295 1904 in
3358 1860 3410 1905 te
3464 1853 3632 1906 etiam

2039 1953 2174 2002 uno,
2208 1938 2509 2010 imperator
2536 1940 2766 2008 optime,
2795 1956 2986 1995 veram
3013 1941 3274 2010 pietatem
3303 1944 3632 2010 cultumque

2039 2030 2160 2097 Dei,
2197 2041 2364 2101 atque
2395 2047 2527 2101 opes
2564 2033 3001 2103 felicitatemque
3025 2034 3355 2095 humanam,
3389 2051 3514 2103 qua)
3543 2035 3633 2087 in-

2040 2133 2124 2179 ter
2142 2139 2201 2178 se
2233 2138 2453 2192 semper
2485 2124 2893 2194 depugnarunt,
2937 2126 3108 2180 semel
3158 2125 3226 2179 ad
3279 2125 3632 2179 concordiam

2039 2215 2293 2270 redactas
2341 2230 2499 2269 esse:
2555 2231 2622 2270 eo
2673 2216 2822 2285 quod
2872 2217 3050 2286 pietas
3106 2216 3429 2270 felicitatem
3459 2216 3634 2270 veluti

2035 2308 2090 2361 vi
2113 2307 2349 2377 quadam
2377 2307 2444 2361 ad
2463 2322 2521 2363 se
2541 2309 2892 2378 pertraxerit,
2914 2323 3147 2377 eamque
3167 2309 3392 2362 omnino
3411 2325 3632 2377 pessum

2039 2398 2122 2453 ire
2151 2413 2260 2452 non
2290 2397 2522 2454 siverit:
2557 2399 2671 2452 sive
2689 2399 2896 2466 potius,
2920 2409 2980 2452 ut
3010 2398 3268 2465 equidem
3302 2408 3455 2467 puto,
3486 2399 3635 2467 quod

2039 2489 2184 2544 Dens
2204 2488 2424 2543 tendent
2456 2489 2845 2542 necessitatem
2875 2490 2958 2541 eis
2985 2488 3320 2556 inposuerit,
3385 2498 3442 2540 ut
3467 2485 3637 2540 simul

2036 2583 2505 2650 eonjungerentur
2517 2589 2680 2649 atque
2694 2588 3212 2650 contemperarcntu
3231 2597 3255 2632 r
3278 2599 3290 2632 :
3313 2581 3438 2646 etiut
3461 2579 3636 2646 ille,'ab

2039 2684 2292 2742 utraque,
2312 2689 2378 2727 eo
2400 2673 2547 2742 quod
2568 2674 2857 2743 utriusque
2875 2681 3025 2728 esset
3055 2673 3344 2741 proprium
3381 2681 3632 2740 recepto.

2038 2764 2362 2822 hominibus
2394 2764 2655 2818 omnibus
2678 2779 2883 2818 novum
2933 2773 2990 2818 et
3041 2781 3169 2818 vere
3235 2764 3632 2817 admirandum

2039 2856 2330 2928 perficeret
2358 2856 2797 2911 emolumentum
2817 2863 2877 2909 et
2903 2854 3191 2918 auxilium,
3224 2853 3634 2907 firmamentum

2037 2949 2303 3004 nimirum
2339 2947 2623 3018 quoddam
2700 2946 2922 3009 stabile,
2949 2953 3005 3000 et
3053 2947 3416 3008 elementum,
3473 2954 3534 2996 ut
3565 2946 3636 2998 ita

2039 3041 2239 3106 dicam,
2277 3049 2494 3095 sextum
2549 3047 2608 3094 et
2637 3038 3064 3107 sempiternum,
3114 3038 3169 3092 in
3222 3037 3428 3091 divinis
3473 3039 3639 3090 rebus

349 3124 378 3176 ὁ
408 3124 809 3195 θρυλλούμενος
859 3131 1062 3193 ἐκεῖνος
1113 3130 1518 3200 Τριπτόλεμος,
1553 3135 1619 3203 τῇ
1661 3135 1732 3203 γῇ
1759 3149 1929 3184 κατα-

2039 3133 2468 3201 labascentibus,
2496 3143 2547 3187 et
2575 3148 2671 3201 per
2702 3130 3052 3199 naufragium
3107 3129 3634 3198 pessuuteuntihus.

354 3216 567 3272 ϐάλλων
592 3219 659 3272 τὰ
696 3220 1014 3290 σπέρματα.
1049 3222 1147 3285 Τίς
1187 3218 1282 3277 οὖν
1323 3224 1570 3278 ἀδικοῦσι
1601 3225 1803 3294 μᾶλλον
1835 3223 1928 3277 σού

353 3307 762 3380 λυπηρότεροςς
812 3313 1158 3382 ἢδυστυχῶς
1209 3315 1429 3386 ἔχουσιν
1473 3316 1830 3388 ἡμερώτερος
1872 3336 1933 3371 τε

353 3401 447 3454 καὶ
500 3403 973 3473 προσηνέστερος;
1037 3408 1069 3475 ἢ
1125 3407 1404 3476 δεομένοις
1457 3409 1782 3476 εὐγνώμων,
1842 3412 1935 3462 καὶ

356 3495 493 3562 πρὸς
533 3489 719 3548 οἶκτον
749 3498 1258 3570 ὲπιρῤεπὲστεροςς
1291 3499 1433 3554 ὥστε
1463 3501 1529 3567 δὴ
1558 3504 1654 3553 καὶ
1681 3501 1753 3570 μή
1791 3519 1936 3561 τινος

351 3589 600 3658 ἀνάγκης
646 3589 902 3656 ἐμποδὼν
951 3592 1332 3662 καθεστώσης,
1369 3593 1468 3646 καὶ
1500 3593 1837 3663 προφθάνειν
1876 3609 1938 3646 σε

351 3679 429 3750 τῷ
455 3682 608 3750 τάχει
635 3681 732 3752 τὴν
765 3684 973 3753 δέησιν.

2041 3237 2150 3282 tam
2189 3225 2480 3280 horrendae
2536 3223 2914 3278 fluctuationis
2968 3231 3026 3278 et
3066 3223 3275 3278 erroris
3331 3224 3638 3292 ingentem,

2042 3333 2380 3388 supremam,
2417 3333 2658 3386 vereque
2704 3331 2918 3371 sacram
2969 3317 3274 3370 anchoram
3339 3323 3412 3381 ιιι,
3465 3314 3640 3368 sacris

2044 3411 2210 3467 simul
2240 3420 2298 3464 et
2323 3410 2573 3479 profanis
2621 3409 2912 3472 exhibens,
2956 3418 3017 3463 ut
3049 3411 3101 3462 in
3142 3420 3193 3463 te
3236 3409 3361 3463 aliis
3412 3423 3638 3477 quoque

2044 3504 2138 3570 qui
2167 3509 2349 3555 tecum
2383 3511 2534 3564 sunt,
2579 3501 2812 3554 solidam
2846 3501 3213 3554 stabilitatem
3273 3508 3635 3567 repraesenta-

2043 3603 2152 3648 ret.
2195 3593 2262 3646 Et
2285 3594 2537 3662 profecto
2570 3607 2634 3646 ea
2670 3607 2795 3660 qua:
2834 3593 2943 3646 huc
2977 3603 3142 3662 atque
3173 3593 3303 3644 illuc
3356 3593 3637 3644 circuma-

2047 3684 2324 3754 gebantur
2359 3693 2418 3737 et
2467 3684 3025 3750 circumferebantur,
3052 3685 3344 3737 maximam
3381 3694 3432 3738 te
3472 3684 3638 3737 tutis-

351 3772 661 3844 simamque
698 3776 933 3847 perfugii
957 3778 1168 3844 sedem,
1193 3778 1249 3832 in
1273 3777 1544 3834 mundum
1602 3779 1755 3848 pacis
1793 3793 1964 3831 unum
2005 3788 2067 3833 et
2093 3777 2360 3833 rectioris
2416 3777 2552 3832 fidei
2589 3777 2971 3848 professionis,
3036 3792 3134 3831 seu
3181 3792 3364 3830 rerum
3402 3775 3639 3830 admini-

352 3873 657 3941 strationis,
710 3875 935 3931 minime
1005 3877 1432 3934 hallucinantem
1492 3888 1588 3932 aut
1647 3876 1926 3932 labantem
1957 3876 2146 3932 orbem
2175 3875 2447 3930 habuere.
2518 3875 2658 3942 Quin
2731 3876 2867 3929 illud
2901 3876 3063 3930 etiam
3101 3877 3382 3934 studuisti.
3437 3883 3491 3926 ιιι
3526 3889 3634 3926 non

357 3967 577 4034 corpori
620 3967 808 4031 modo,
843 3984 1036 4023 verum
1099 3971 1266 4025 etiam
1337 3971 1524 4026 animo
1567 3985 1870 4040 purpuram
1921 3970 2323 4026 circumdarcs.
2358 3968 2652 4038 Siquidem
2711 3978 2765 4022 tu
2799 3970 3045 4022 omnium
3079 3986 3246 4039 prope
3276 3968 3369 4036 qui
3405 3977 3457 4019 te
3491 3982 3636 4035 pra:-

357 4061 1098 4131 cesserunt;imperatorum
1159 4080 1324 4130 unus,
1369 4065 1472 4133 ipsi
1537 4065 1636 4120 tibi
1693 4065 2011 4134 imperasti:
2053 4072 2108 4118 et
2178 4079 2370 4118 revera
2468 4077 2698 4116 summa:
2753 4063 3043 4131 potestatis
3118 4062 3440 4132 imperator.
3509 4072 3636 4110 cum

354 4155 586 4213 vitiosas
651 4159 1109 4214 tumultuantium
1183 4171 1351 4232 atque
1405 4163 1701 4231 imperium
1772 4161 1878 4217 sibi
1947 4161 2356 4216 vindicantium
2413 4160 2712 4214 affectuum
2773 4158 3218 4229 perturbationes
3269 4175 3300 4210 e
3353 4155 3637 4211 domicilio

355 4249 524 4304 animi
555 4251 634 4306 tui
659 4251 914 4323 ejecisti:
969 4262 1084 4308 tum
1116 4255 1326 4309 rationi
1373 4255 1608 4326 imperio
1671 4269 1740 4310 eo
1787 4255 1935 4325 quod
1973 4235 2146 4325 penes
2204 4267 2410 4323 paucos
2434 4251 2729 4321 optimates
2788 4261 2871 4306 est
2927 4251 3151 4314 tradito,
3181 4251 3360 4304 vivam
3398 4251 3634 4317 teipsum

358 4348 586 4404 virtutis
655 4350 976 4421 imaginem,
1025 4353 1094 4406 ad
1127 4361 1334 4409 certam
1364 4353 1520 4409 cives
1585 4364 1710 4409 tuos
1759 4352 2124 4407 imitationem
2177 4348 2497 4408 instituens,
2559 4348 2916 4418 proposuisti.
2965 4347 3101 4401 Nam
3137 4347 3304 4400 animi
3377 4346 3633 4398 modera-

357 4446 512 4500 tione
543 4447 602 4500 in
668 4445 788 4500 acie
855 4455 1046 4501 contra
1094 4446 1366 4515 ignaviam
1441 4448 1716 4519 Opposita,
1771 4448 1876 4517 ιο
1934 4461 2045 4500 non
2084 4444 2263 4500 solum
2317 4444 2628 4507 hominum,
2674 4458 2863 4496 verum
2933 4440 3099 4494 etiam
3152 4438 3631 4509 perturbationum

355 4536 527 4591 animi
551 4537 717 4592 simul
748 4547 805 4594 et
840 4538 1090 4608 corporis
1112 4540 1360 4594 omnium
1425 4540 1730 4612 imperator
1768 4539 1966 4594 merito
2003 4539 2270 4595 censeris.
2344 4537 2710 4602 Quamobrem
2758 4536 3076 4604 conspicere
3135 4522 3284 4596 licet;
3359 4533 3618 4586 immani-

357 4638 528 4685 tatem
563 4638 712 4685 tuam
767 4633 830 4684 ad
897 4647 1174 4686 summum
1231 4633 1576 4702 pervenisse.
1628 4633 1765 4688 Nam
1803 4631 1947 4687 bella
1985 4646 2208 4702 quoque
2275 4645 2396 4702 quae
2427 4631 2595 4702 geris,
2651 4629 2990 4700 perhumana
3018 4638 3145 4684 sunt
3172 4647 3183 4682 :
3212 4639 3264 4682 et
3291 4628 3640 4696 placabilitas

362 4723 580 4778 virilem
614 4739 726 4793 pra:
747 4739 807 4779 se
838 4725 943 4779 fert
971 4725 1377 4782 fortitudinem.
1421 4727 1594 4782 Porro
1623 4726 1940 4798 benignitas
1971 4737 2028 4782 et
2093 4725 2480 4782 munificentia
2535 4741 2702 4794 quam
2738 4725 2975 4779 maxime
3003 4724 3070 4778 ad
3117 4724 3410 4777 utilitatem
3447 4723 3632 4792 publi-

357 4833 481 4874 cam
507 4825 781 4888 spectant.
813 4819 898 4872 lra
944 4826 1132 4874 autem
1181 4819 1478 4875 admodum
1515 4830 1599 4876 est
1628 4822 1936 4891 placabilis.
1975 4821 2210 4876 Animus
2230 4836 2468 4891 namque
2539 4829 2667 4876 tuus
2727 4821 2794 4874 ad
2830 4821 3192 4883 iracundiam,
3225 4821 3382 4873 utita
3423 4817 3632 4874 dicam.

361 4914 604 4977 sterilis.
633 4923 691 4969 et
736 4913 804 4968 ad
831 4914 1086 4970 ardorem
1117 4930 1244 4971 eum
1279 4917 1374 4985 qui
1439 4932 1506 4971 ex
1569 4918 1818 4984 flagranti
1885 4917 2232 4972 vehementia
2286 4917 2566 4987 provenit,
2607 4917 2807 4972 caslebs
2839 4925 2898 4972 et
2918 4916 3216 4971 immobilis
3267 4925 3372 4982 est,
3439 4930 3636 4984 quam-

359 5009 446 5064 vis
502 5008 778 5064 bonorum
833 5011 1016 5064 omnis
1053 5011 1274 5080 generis
1330 5011 1481 5067 ferax
1539 5022 1596 5068 et
1645 5013 1936 5069 fecundus.
2015 5013 2255 5084 Legibus
2303 5029 2434 5069 vero
2521 5011 2788 5081 ferendis,
2850 5015 3210 5084 moribusque
3291 5011 3644 5082 corrigendis

358 5117 524 5173 quam
570 5112 719 5156 recta
753 5100 897 5170 apud
927 5110 980 5157 te
1007 5102 1260 5157 instituta
1285 5113 1370 5157 est
1390 5104 1565 5168 ratio,
1599 5105 1694 5174 qui
1747 5105 2128 5174 improborum
2162 5107 2427 5176 impetum
2495 5106 2758 5174 legitimis
2817 5106 3050 5176 justitize
3119 5105 3414 5175 przeceptis
3470 5105 3632 5157 cohi~

357 5195 487 5250 bes:
559 5203 616 5249 et
657 5194 862 5263 ubique
912 5204 1184 5249 terrarum
1253 5195 1550 5251 honestum
1600 5199 1939 5268 bonumque,
2017 5198 2165 5254 haud
2210 5200 2370 5254 aliter
2423 5214 2588 5264 quam
2650 5199 2974 5254 decantatus
3007 5199 3097 5252 ille
3158 5198 3534 5266 Triptolemus
3577 5197 3646 5250 inv

361 5297 563 5342 terram
595 5288 806 5342 semina
831 5289 1087 5357 conjecit,
1119 5289 1302 5344 seris?
1347 5290 1486 5357 Quis
1518 5290 1688 5361 igitur
1714 5292 2033 5347 hominibus
2100 5292 2364 5362 improbis
2407 5301 2461 5347 te
2513 5299 2598 5347 est
2634 5292 3112 5356 formidalibilior,
3183 5301 3277 5344 aut
3304 5290 3641 5344 aerumnosis

363 5381 688 5448 placabilior
740 5390 906 5450 atque
961 5382 1336 5437 clementior?
1394 5384 1531 5450 Quis
1600 5385 2046 5456 supplicantibus
2083 5385 2397 5456 benignior,
2462 5395 2520 5440 et
2566 5385 2633 5440 ad
2681 5387 3112 5442 misericordiam
3146 5381 3502 5452 propensior?
3536 5382 3645 5448 qui)
3696 5396 3706 5408 ε

360 5471 553 5536 etiam,
588 5471 694 5526 nisi
722 5471 996 5541 quaepiam
1032 5472 1217 5529 obstet
1245 5477 1566 5544 necessitas,
1589 5481 1938 5549 precantium
1979 5489 2169 5551 optata
2201 5479 2509 5550 pratvenire
2539 5478 2738 5535 solitus
2769 5495 2851 5535 es.

443 5586 582 5640 Ἀλλ’
611 5588 672 5640 οὐ
710 5589 847 5658 πρὸς
878 5589 1117 5644 θωπείαν
1149 5609 1240 5660 μοι
1267 5594 1439 5649 ταῦτα
1478 5600 1574 5652 καὶ
1603 5598 1742 5668 πρὸς
1774 5600 1936 5672 χάριν

2111 5600 2299 5670 Neque
2345 5616 2481 5655 vero
2523 5615 2553 5654 a
2604 5614 2690 5654 me
2716 5599 2820 5654 ista
2858 5599 2924 5654 ad
2959 5597 3210 5669 gratiam,
3247 5607 3341 5652 aut
3369 5614 3468 5667 per
3494 5597 3632 5655 adu-

363 5680 632 5749 εἰρημένα
687 5683 905 5744 πάντως
933 5682 1072 5736 ἐστί.
1128 5685 1252 5746 Πῶς
1300 5685 1431 5757 γὰρ,
1469 5681 1514 5756 ᾧ
1563 5689 1698 5757 μηδὲ
1728 5691 1936 5761 τάληθῆ

2045 5695 2305 5750 lationem
2351 5708 2580 5763 prorsus
2628 5693 2773 5748 dicta
2835 5702 2984 5747 sunt.
3043 5693 3331 5759 Quomodo
3371 5693 3518 5747 enim
3573 5692 3638 5749 id!

368 5771 547 5839 λέγειν
580 5773 777 5839 ἔξεστι,
802 5775 1302 5846 καταγωνιζομένῳ
1331 5781 1454 5841 ταῖς
1480 5780 1581 5833 ὐπε
1593 5781 1810 5850 ρϐολαῖς
1832 5785 1936 5836 τῶν

2045 5788 2264 5853 faciam,
2321 5803 2445 5842 cum
2499 5801 2675 5855 neque
2709 5802 2795 5842 res
2824 5787 2986 5854 ipsas,
3027 5795 3085 5840 ut
3117 5797 3265 5851 sunt,
3297 5801 3424 5841 vere
3446 5800 3620 5856 expo-
