4032 6442
408 363 513 421 575

1614 363 2038 424 NICEPHORI
2085 360 2436 423 C.-‘-.l.LlSTi

3564 349 3663 416 δτϐ

410 492 539 526 tn-re
568 490 786 541 queam,
847 474 1133 528 cxccilenti
1160 474 1588 543 pulchritudinis
1620 491 1808 529 carum
1859 490 1995 545 pra:-

2100 474 2282 527 καλῶν
2309 492 2322 538 ;
2368 472 2529 527 ’Λλλὰ
2558 471 2665 543 γὰρ
2692 469 2863 532 οὔτως
2885 467 3030 539 ἔχειν
3053 461 3224 520 ταῦτα
3252 460 3570 536 παρίστησι,
3598 468 3661 521 τά

413 567 620 620 stantia
664 567 879 621 victus?
939 567 1135 620 Verum
1192 567 1306 621 haec
1343 568 1414 620 ita
1477 582 1535 621 se
1582 567 1807 626 habere.
1874 577 1991 620 tum

2097 567 2143 622 τ’
2170 571 2231 622 ὲκ
2261 565 2396 620 Θεοῦ
2429 584 2509 620 σοι
2539 567 2743 635 δεδωρη
2754 565 2909 634 μένα,
2944 562 3013 616 τά
3045 560 3092 615 τ’
3129 564 3188 614 ὲν
3244 561 3392 632 πάσῃ
3426 559 3662 629 ξυνενεχο

410 660 597 713 divina
611 660 837 727 ηιιιιιιίὺὶ
868 660 1110 723 obtigere
1142 658 1305 723 dona,
1342 669 1453 712 tum
1480 659 1747 720 actiones,
1772 672 1910 726 quas
1934 658 1989 711 in

412 750 709 818 imperium
741 760 893 803 tuum
921 749 1225 812 contulisd,
1258 765 1451 803 omnes
1474 750 1854 813 comprobant.
1881 749 1993 804 Nec

419 841 604 894 minus
641 840 691 893 id
720 856 939 909 quoque
975 841 1063 894 illa
1096 842 1232 894 satis
1264 841 1567 894 declarant.
1601 841 1733 905 Quis
1764 840 1989 905 etenim,

415 947 583 1001 quam
621 940 698 995 tu,
734 932 998 1001 religione
1062 948 1193 1000 pura
1252 940 1307 986 et
1357 934 1726 987 simulationis
1785 935 1990 991 nescia.

418 1025 505 1079 vel
569 1023 737 1076 Deum
805 1023 976 1093 magis
1031 1025 1376 1095 gloriﬁcavit,
1437 1028 1520 1080 vel
1586 1025 1991 1095 ﬂagrantiorem

419 1129 522 1183 pro
551 1129 618 1168 co
647 1116 899 1169 ardorem
952 1117 1236 1170 ostendit?
1270 1116 1401 1182 Quis
1435 1119 1796 1173 sinceriorem
1831 1119 1993 1173 ﬁdem

422 1204 479 1263 in
517 1204 815 1260 discrimen
863 1207 1191 1275 coniectam,
1232 1216 1381 1260 tanta
1415 1207 1761 1261 aemulatione
1786 1221 1843 1262 et
1906 1225 1993 1263 ze-

418 1295 623 1367 lotypia
653 1306 961 1352 asscctatus
1009 1308 1111 1358 est.
1148 1308 1243 1351 aut
1274 1313 1482 1351 sacram
1535 1315 1780 1353 mensam
1806 1315 1998 1369 repur-

413 1388 613 1455 gavit?
664 1388 800 1453 Quis
831 1390 1020 1453 etiam,
1048 1389 1367 1443 uteruditio
1384 1390 1562 1443 omnis
1591 1406 1804 1444 summa
1837 1406 1997 1460 cape-

420 1485 506 1537 ret
538 1476 902 1542 incrementa,
935 1479 1161 1533 etlecit?
1193 1478 1328 1544 Quis
1378 1479 1452 1534 ita
1481 1481 1741 1534 virtutem
1776 1482 1992 1546 extulit,

417 1579 515 1634 aut
545 1571 780 1638 optimos
811 1586 1058 1640 quosque
1121 1571 1424 1626 honoribus
1489 1573 1678 1626 auxit?
1734 1573 1866 1639 Quis
1900 1575 1995 1629 Dei

422 1661 714 1728 ministris,
735 1662 966 1731 aliisque
995 1664 1121 1716 item
1152 1663 1245 1731 qui
1274 1663 1322 1717 ei
1359 1664 1513 1718 citari
1542 1672 1694 1727 sunt,
1720 1673 1778 1718 et
1808 1664 1956 1717 omni
1980 1692 1995 1706 ο

422 1756 527 1808 bus
561 1768 750 1822 prope,
789 1770 888 1822 pro
916 1755 1180 1825 cujusque
1221 1755 1508 1823 dignitate,
1538 1754 1785 1809 debitum
1820 1756 1996 1810 hono-

423 1860 538 1901 rem
566 1845 949 1911 tribuit?Quis
979 1862 1144 1915 porro
1175 1856 1326 1900 tanta
1377 1847 1705 1911 attentione,
1764 1848 1996 1918 insignio-

420 1954 531 2007 que
579 1938 868 2006 religione,
896 1948 953 1993 ct
980 1938 1194 1992 decenti
1233 1938 1630 1998 moderatione.
1660 1948 1723 1994 ut
1772 1939 1999 2009 imperi—

420 2033 525 2086 alis
548 2033 669 2087 aula
696 2032 832 2086 nihil
863 2032 931 2086 ab
964 2033 1256 2097 asceterio,
1292 2032 1644 2102 .pietatisque
1674 2033 1997 2088 exercenda:

418 2122 606 2183 schola
630 2122 898 2187 diﬂ'erret,
924 2123 1242 2192 procuravit
1261 2124 1282 2173 ἶ)
1303 2123 1431 2192 quis
1474 2123 1556 2178 sic
1580 2138 1735 2192 aequa
1779 2131 1998 2178 staterae

418 2213 578 2275 lance
657 2216 1049 2282 rempublicam
1109 2214 1492 2283 gubernavit?
1552 2216 1651 2283 ιι
1703 2214 1836 2281 Quis
1921 2217 1996 2271 ita

420 2307 505 2360 vel
544 2306 657 2374 juri
713 2306 950 2362 dicendo
987 2306 1206 2369 institit,
1260 2306 1342 2359 vel
1384 2306 1650 2360 maleﬁcia
1714 2308 2000 2362 coercuit?

421 2412 597 2465 usque
631 2397 789 2461 adeo,
817 2408 877 2451 ut
911 2400 1136 2451 ntultam
1185 2412 1243 2452 se
1284 2397 1383 2451 tibi
1417 2398 1620 2453 debere
1664 2400 1891 2468 gratiam
1920 2400 1997 2455 illi

418 2491 587 2544 etiam
623 2489 1039 2559 proﬁterentur,
1073 2491 1166 2558 qui
1218 2505 1248 2544 e
1279 2489 1488 2559 judicio
1522 2490 1676 2554 victi,
1703 2500 1760 2545 et
1786 2491 1999 2546 calculo

422 2591 516 2633 tuo
539 2579 780 2634 damnati
809 2579 1019 2636 abiere.
1053 2578 1222 2648 Cujus
1274 2587 1422 2633 tanta
1475 2581 1580 2633 fuit
1613 2596 1738 2635 cum
1801 2582 1997 2651 peritia

419 2672 769 2741 simplicitas,
803 2681 860 2727 et
919 2686 1044 2727 cum
1091 2672 1383 2727 clementia
1426 2672 1759 2741 prudentia?
1796 2675 1997 2743 quibus

423 2763 722 2819 virtutibus
758 2779 867 2818 una
923 2780 1049 2819 eum
1103 2767 1449 2825 humanitate
1507 2772 1742 2827 maxime
1791 2772 1995 2839 enites,

425 2854 700 2923 ingentem
736 2858 1030 2925 quamdam
1060 2865 1419 2917 serenitatem
1450 2863 1503 2916 in
1532 2864 1717 2917 animo
1747 2864 1911 2919 simul
1940 2872 1999 2920 et

425 2944 582 2997 vultu
618 2947 937 3014 praeferens,
970 2951 1172 3004 sensim
1201 2952 1535 3021 quandoque
1590 2968 1692 3008 ceu
1739 2952 1999 3010 ﬂuctibus

420 3035 752 3103 quibusdam
787 3038 1229 3102 horrescentetn,
1259 3059 1361 3097 nec
1382 3050 1564 3097 tamen
1593 3045 1755 3099 ullam
1787 3055 1997 3116 tempe-

2094 662 2255 717 θέντα
2289 678 2371 713 σοι
2415 665 2481 732 τῇ
2530 663 2695 729 ἀρχῇ.
2741 659 2852 728 Οὐχ
2890 652 3054 729 ἧττόν
3095 672 3158 722 γε
3209 653 3314 723 μὴν
3357 653 3456 706 καὶ
3494 649 3663 706 ταῦτα

2096 760 2286 822 σαφῶς
2335 755 2679 825 παραδείξειε
2701 771 2715 786 ο
2747 754 2830 811 τίς
2859 753 2968 820 γὰρ
3023 750 3119 804 σοῦ
3154 749 3317 803 πλέον
3368 748 3486 815 μετ’
3512 745 3665 799 εὐλα-

2098 849 2250 908 ϐείας
2283 849 2648 915 ἀνυποκρίτου
2679 847 2710 913 ἢ
2742 844 2877 897 Θεὸν
2920 840 3191 907 ἐδόξασεν,
3226 840 3260 910 ἢ
3295 837 3458 906 ζῆλον
3489 835 3665 904 ἐμπυ-

2100 958 2189 1010 ρον
2218 940 2358 1007 ὑπὲρ
2382 939 2546 991 αὑτοῦ
2572 934 2903 999 ὲνεδείξατος
2935 932 3033 994 Τίς
3053 931 3151 1000 τὴν
3173 927 3454 998 ἀκραιφνῆ
3481 929 3664 979 πίστιν
3764 942 3767 943 ⁷

2094 1030 2268 1092 οὕτως
2299 1028 2671 1098 ἐζηλοτύπησε
2696 1022 3134 1086 κινδυνεύουσαν,
3163 1019 3196 1089 ἢ
3232 1019 3331 1088 τὴν
3357 1018 3513 1086 ἱερὰν
3540 1018 3667 1069 ἑκά-

2097 1121 2231 1190 θηρε
2257 1120 2577 1188 τράπεζανς
2624 1119 2720 1179 Τίς
2768 1116 2813 1168 δ’
2850 1113 2917 1166 αὖ
2955 1112 3134 1181 λόγοις
3171 1108 3345 1170 οὕτως
3387 1107 3665 1160 ἐπιδοῦναι

2096 1214 2372 1282 παρέσχεν
2407 1216 2483 1274 εἰς
2516 1211 2793 1279 μέγιστον,
2818 1206 2913 1259 καλ¹
2938 1205 3040 1276 τὴν
3072 1203 3275 1274 ἀρετὴν
3300 1203 3666 1270 διαφερόντως

2097 1304 2439 1374 ὲτίμησεν,ἥ
2471 1305 2595 1365 τοὺς
2647 1303 2900 1370 ἀρίστους
2950 1296 3334 1368 προύτίμησε;
3390 1291 3488 1355 Τίς
3533 1290 3666 1345 Θεοῦ

2099 1396 2456 1467 λειτουργοῖς,
2492 1396 2587 1448 καὶ
2617 1394 2793 1456 ἄλλως
2824 1392 2889 1463 δὴ
2916 1388 3337 1459 κεχαρισμένοις
3365 1384 3537 1453 αὐτῷ,
3578 1384 3669 1438 καὶ

2099 1489 2285 1556 σχεδὸν
2333 1489 2529 1551 ᾇπασι,
2573 1488 2635 1540 τὸ
2665 1485 2943 1555 προσῆκον
2976 1483 3148 1551 γέρας
3192 1474 3312 1532 κατ’
3342 1479 3503 1544 ἀξίαν
3536 1479 3668 1530 ἁπε-

2099 1581 2360 1649 χαρίσατο
2385 1596 2398 1642 ;
2432 1580 2526 1641 Τίς
2559 1579 2617 1631 δὲ
2648 1578 2811 1631 πάλιν
2842 1578 2908 1629 τὰ
2948 1574 3195 1644 βασίλεια
3221 1572 3343 1626 κατ’
3373 1570 3529 1623 οὐδὲν
3557 1569 3672 1623 δια-

2099 1674 2287 1743 φέρειν
2336 1672 2676 1741 ἀσκητηρέου
2739 1668 3193 1738 παρεσκευάσατο
3241 1668 3307 1736 τῇ
3367 1682 3429 1718 τε
3484 1662 3671 1733 μακρᾷ

2100 1767 2338 1833 προσοχῇ
2382 1764 2476 1817 καὶ
2520 1766 2586 1832 τῇ
2632 1762 2841 1827 ὲσάγαν
2887 1759 3147 1827 εὐλαϐείᾳ
3177 1758 3268 1812 καὶ
3310 1755 3667 1825 κοσμιότητι;

2101 1857 2258 1918 Ποῖος
2282 1855 2328 1907 δ’
2355 1855 2525 1917 οὕτως
2556 1855 2792 1924 apsens:
2817 1851 2986 1915 ζυγοῦ
3012 1851 3228 1919 στάθμῃ
3258 1848 3329 1901 τά
3356 1844 3520 1900 κοινὰ
3552 1844 3674 1914 διῳ-

2099 1945 2339 2012 κήσατο;
2388 1943 2421 2012 ἦ
2468 1943 2649 2002 δίκαις
2689 1943 3024 2010 ἐπέστησενι,
3059 1940 3093 2011 ἢ
3130 1938 3334 1991 κακίαν
3380 1936 3668 2002 ὲκόλασενς

2096 2038 2171 2098 ὡς
2198 2035 2372 2088 πλείω
2429 2035 2592 2104 χάριν
2643 2034 2792 2103 ἔχειν
2827 2012 3284 2103 μᾶλλονῚΙδέναι
3315 2046 3401 2082 σοι
3457 2028 3550 2081 τὸν
3575 2025 3672 2096 τὴν
3726 2020 3743 2033 ⁸

2097 2127 2248 2197 ἥττω
2284 2126 2467 2195 ψῆφον
2503 2126 2976 2194 ἀπενεγκάμενον.
3034 2124 3194 2185 Τίνος
3235 2123 3268 2191 ἠ
3318 2121 3463 2188 μετὰ
3521 2119 3673 2173 συνέ-

2100 2234 2238 2281 σεως
2283 2218 2527 2289 ἁπλότης
2570 2219 2668 2271 καὶ
2722 2218 2862 2287 μετὰ
2898 2214 3208 2285 πραότητος
3254 2213 3555 2283 φρόνησις;
3587 2205 3672 2272 αἶς

2103 2311 2245 2379 μετὰ
2274 2310 2688 2380 φιλανθρωπίας
2718 2309 2931 2370 μάλιστ’
2960 2308 3289 2378 ὲμπρέπεις,
3322 2306 3470 2374 μέγα
3503 2320 3555 2356 τι
3579 2303 3673 2373 pai-

2099 2401 2191 2463 θος
2224 2401 2474 2471 γαλήνης
2502 2403 2561 2454 ὲν
2583 2400 2728 2471 ψυχῇ
2760 2401 2856 2454 καὶ
2887 2398 3046 2468 ὄψεσι
3100 2397 3452 2467 προδεικνὺς,
3494 2395 3674 2465 ἡρέμα

2098 2493 2351 2563 φρίσσον,
2390 2493 2487 2546 καὶ
2521 2492 2688 2559 ζάλην
2729 2492 2792 2543 ού
2843 2490 3241 2560 παρεχόμενον.
3282 2486 3452 2541 Ἀλλὰ
3490 2486 3550 2539 τδ
3582 2482 3671 2537 τοῦ

2097 2585 2259 2655 λόγου
2285 2584 2523 2654 καίριον,
2558 2582 2692 2636 ἀλλὰ
2733 2582 2794 2635 τὸ
2837 2582 2936 2651 τῆς
2969 2580 3180 2647 σιωπῆς
3222 2577 3476 2647 εὔλογον,
3502 2578 3600 2649 τὴν
3630 2576 3673 2630 δ’

2097 2676 2399 2746 ἀφροδίτην
2441 2674 2544 2740 τῆς
2587 2674 2856 2742 γλώττης,
2893 2674 2989 2726 καὶ
3026 2672 3084 2725 τὸ
3114 2672 3212 2741 τῆς
3254 2672 3481 2739 ὁμιλίας
3521 2669 3674 2736 δίκην

2097 2768 2278 2822 ελαίου
2313 2770 2409 2822 καὶ
2460 2768 2673 2836 μέλιτος
2714 2766 2973 2835 ἄντικρυς
3014 2767 3160 2832 ῥέον,
3188 2764 3221 2832 ἢ
3263 2764 3372 2833 τὴν
3410 2763 3674 2832 ἁρμονίαν

2096 2858 2193 2912 καὶ
2226 2857 2493 2926 μουσικὴν
2528 2855 2638 2909 τῶν
2664 2855 2839 2920 λόγων
2879 2853 2997 2916 πῶς
3035 2852 3100 2906 άν
3128 2868 3213 2915 τις
3242 2852 3450 2920 φράσοι
3474 2867 3490 2917 ;
3519 2850 3591 2903 Τὸ
3618 2848 3672 2902 δὲ

2096 2948 2207 3002 τῶν
2258 2950 2547 3016 νοημάτων
2597 2946 2827 3009 πυκνὸν,
2877 2944 3017 3014 πρὸς
3059 2944 3116 2997 δὲ
3147 2943 3210 2995 τὸ
3236 2943 3445 3006 διειδές
3469 2959 3529 2997 τε
3582 2942 3673 2996 καὶ

2098 3036 2351 3105 ἄφθονον,
2394 3037 2545 3090 ἔπεα
2593 3036 2959 3104 νιφάδεσσιν
3012 3035 3244 3089 ἐοικότα
3279 3034 3671 3105 χειμερίῃσιν.

423 3128 585 3191 statis
632 3129 1094 3199 signiﬁcationem
1145 3135 1505 3202 praebentem.
1560 3135 1832 3192 Caeterum
1865 3152 1994 3192 ora-

2097 3127 2252 3181 εϊπεν
2272 3128 2339 3182 ἂν
2362 3131 2633 3198 Ὄμηρος,
2666 3127 2750 3190 τίς
2778 3127 2874 3180 σοῦ
2901 3127 3064 3179 πλέον
3089 3125 3273 3180 θεόθεν
3303 3126 3668 3197 ἑπλούτησενς

425 3219 593 3275 tionis
666 3223 1155 3291 opportunitatem,
1230 3226 1435 3280 Silentii
1519 3228 1994 3298 commoditatem,

432 3312 630 3381 linguae
686 3312 955 3381 leporem,
1011 3314 1367 3369 familiarium
1398 3317 1796 3389 colloquiorum
1825 3321 1997 3376 instar

422 3402 533 3457 olei
556 3418 783 3472 prorsus
812 3414 869 3459 et
899 3405 1077 3462 mellis
1101 3405 1463 3475 proﬂuentem
1498 3411 1847 3475 suavitatem,
1902 3421 1997 3467 aut

422 3494 718 3549 verborum
775 3504 996 3551 tuorum
1064 3498 1331 3552 musicum
1403 3500 1565 3568 plane
1641 3512 1994 3569 concentum,

422 3584 548 3653 quis
574 3600 705 3655 rogo
731 3585 1060 3654 eloquatur?
1107 3586 1516 3642 Sententiarum
1571 3600 1754 3644 autem
1812 3591 1995 3646 densi-

424 3686 555 3737 tate.
598 3688 864 3746 praetcrea
920 3678 1214 3734 verborum
1281 3680 1675 3749 perspicuitate
1733 3690 1790 3735 et
1836 3682 1995 3750 copia

426 3768 664 3825 (Hiberni
716 3787 862 3825 voces
909 3773 1057 3840 ﬂuvii
1113 3772 1177 3824 de
1231 3787 1376 3826 more
1433 3781 1664 3838 ruentes,
1720 3772 1995 3828 Homerus

422 3860 697 3929 dixisset),
741 3862 865 3929 quis
897 3869 949 3915 te
987 3860 1254 3918 divinitus
1301 3862 1629 3932 locupletior
1666 3862 1812 3917 fult?
1851 3863 1995 3930 Qua.

424 3962 648 4020 propter
676 3952 882 4015 evenit,
918 3960 976 4006 ut
1009 3961 1061 4006 te
1090 3953 1254 4007 verba
1287 3952 1539 4016 faciente,
1581 3967 1775 4009 omnes
1831 3970 1991 4022 prorv

422 4058 519 4099 sus
558 4043 715 4111 quasi
768 4043 993 4097 numine
1027 4042 1213 4112 aliquo
1262 4041 1538 4107 amentur,
1597 4044 1993 4119 moderataque

424 4134 639 4193 insania
678 4134 1069 4202 percellantur,
1102 4142 1158 4188 et
1178 4133 1438 4189 bacchari
1470 4133 1759 4201 incipiant,
1798 4134 1994 4189 simul-

421 4241 530 4299 que
555 4224 638 4279 vel
665 4225 820 4279 inviti
856 4224 1134 4292 exsiliant,
1187 4234 1244 4281 et
1303 4225 1533 4282 vocibus
1560 4227 1669 4280 tuis
1694 4226 1856 4295 rapti,
1918 4227 1995 4285 ita

420 4317 718 4381 ducantur,
760 4330 818 4371 ut
845 4319 1198 4377 retrocedere
1255 4318 1454 4384 nolint,
1490 4318 1585 4373 sed
1638 4319 1807 4375 veluti
1846 4317 1991 4380 aﬂixi

422 4408 522 4463 tibi
552 4410 860 4475 videantur,
898 4410 1131 4479 perinde
1166 4425 1404 4479 prorsus
1446 4419 1611 4480 atque
1639 4425 1666 4463 a
1698 4410 1992 4473 Sirenibus

2096 3218 2173 3281 ὡς
2207 3221 2441 3284 πάντας,
2479 3217 2730 3285 λέγοντός
2780 3234 2903 3283 σου,
2947 3216 3233 3286 ἐνθουσιᾷν
3262 3216 3549 3288 ἄντικρυς,
3579 3216 3668 3268 καὶ

2101 3312 2301 3382 μανίαν
2325 3313 2559 3383 πάσχειν
2585 3311 2684 3380 τὴν
2707 3309 2980 3380 σώφρονα,
3009 3310 3102 3363 καὶ
3127 3308 3422 3379 βακχεύειν
3446 3308 3665 3374 ἐθέλειν,

2098 3403 2192 3457 καὶ
2226 3403 2461 3467 ἄκοντας
2507 3402 2788 3466 ἅλλεσθαι,
2835 3403 2961 3463 ταῖς
3004 3416 3065 3453 τε
3114 3401 3322 3469 φωναῖς
3358 3399 3668 3470 συνεξαίρε-

2100 3493 2249 3558 σθαι,
2303 3495 2400 3548 καὶ
2449 3493 2572 3564 μηδ’
2627 3493 2932 3563 ἀναχωρεῖν
2983 3490 3297 3563 αίρεῖσθαιο
3347 3491 3468 3546 ἀλλ’
3510 3493 3667 3545 οἱονεὶ

2096 3586 2484 3657 προσηλῶσθαι
2512 3585 2710 3650 δοκεῖν,
2739 3584 2800 3639 τὸ
2832 3584 2943 3638 τῶν
2975 3584 3252 3654 Σειρήνων
3301 3584 3547 3653 ἀτεχνῶς
3561 3584 3668 3638 πά-

2097 3695 2347 3747 σχοντας.
2379 3679 2668 3733 Θάλασσαν
2705 3677 3097 3748 προσηκόντως
3121 3677 3268 3731 είποι
3304 3695 3390 3742 τις
3417 3676 3558 3733 εἶναι
3584 3693 3664 3741 σε,

2096 3770 2235 3825 ἄλλα
2270 3770 2359 3825 ἐπ’
2397 3771 2582 3834 ἄλλοις
2616 3769 2839 3834 πυκνῶς
2882 3768 3209 3839 ἐγείρουσαν
3247 3770 3428 3839 λόγων
3457 3771 3524 3824 τά
3569 3767 3664 3823 κύ-

2101 3881 2278 3933 ματα·
2311 3863 2348 3933 ἡ
2404 3881 2528 3917 τινα
2565 3862 2812 3933 μεγάλην
2846 3861 3056 3916 ὑδάτων
3109 3860 3394 3929 σύστασιν,
3440 3860 3665 3932 ψηφϊδος

2095 3955 2263 4009 ποθὲν
2300 3953 2671 4026 ἐμπεσούσης,
2715 3954 2897 4025 ἀδήλῳ
2938 3954 3170 4025 κέντρῳ,
3209 3954 3414 4023 μᾶλλον
3445 3955 3503 4009 δὲ
3551 3954 3662 4007 διαν

2097 4049 2265 4121 ϐήτῃε
2286 4047 2416 4100 είηδὲ
2450 4046 2634 4116 βούλει
2672 4046 2769 4100 καὶ
2798 4045 3051 4114 ὑδατίνῳ,
3078 4044 3238 4099 ἄλλον
3266 4047 3358 4099 ἐπ’
3388 4046 3532 4115 ἄλλῳ
3567 4042 3658 4098 κύ·

2095 4141 2244 4203 κλον,
2300 4137 2490 4208 πράως
2537 4135 2663 4207 μάλ’
2703 4136 3106 4204 ἀνοιδούμενον,
3158 4136 3363 4201 καινῶς
3409 4134 3665 4208 περιγράε-

2097 4242 2337 4298 φουσαν*
2392 4223 2495 4280 εἷθ’
2529 4223 2964 4295 ύπεξιστάμενον
2995 4227 3173 4295 ησυχῆ
3215 4225 3294 4295 τῷ
3334 4224 3661 4296 ὲπεισρέοντι

2095 4320 2190 4374 καὶ
2210 4318 2584 4388 διαλυόμενον,
2635 4316 2836 4388 μέχρις
2865 4316 2930 4371 ἂν
2983 4316 3126 4371 ἔλθοι
3166 4316 3301 4387 πρὸς
3329 4318 3400 4371 τὸ,
3435 4316 3662 4387 ἀκρότας

2096 4430 2209 4475 τον.
2239 4412 2349 4466 Καὶ
2380 4411 2584 4481 μᾶλλον
2613 4411 2745 4469 ὅταν
2776 4411 2910 4478 περ)⁵
2950 4410 3109 4463 θείων
3140 4412 3486 4481 πραγμάτων
3582 4423 3659 4459 σοι

419 4500 674 4555 demulsi.
713 4502 879 4555 ltecte
941 4517 1072 4555 sane
1120 4503 1392 4573 quispiam
1452 4513 1501 4557 te
1559 4517 1710 4556 mare
1765 4503 1989 4568 dixerit.

2097 4507 2155 4559 τὸ
2186 4505 2558 4575 διαλέγεσθαι.
2605 4506 2716 4559 Καὶ
2759 4505 2912 4567 ποῖος
2969 4503 3077 4573 γὰρ
3102 4504 3289 4573 ἕτερος
3318 4504 3351 4572 ἢ
3393 4499 3515 4556 νοῦν
3541 4501 3657 4567 ἔσχε

420 4593 568 4666 quod
631 4593 768 4646 alios
811 4586 977 4662 super
1034 4595 1172 4649 alios
1230 4594 1525 4648 verborum
1582 4593 1779 4650 ﬂuctus
1823 4595 1996 4651 dense

418 4685 642 4749 excitet,
671 4695 767 4739 aut
797 4696 943 4740 Certe
980 4687 1254 4756 ingentem
1291 4687 1531 4756 aliquam
1549 4702 1815 4761 aquarum
1846 4689 1994 4748 vim:

417 4794 565 4849 qua},
599 4778 644 4832 si
686 4779 739 4833 in
765 4795 884 4832 eam
920 4780 1174 4835 alicunde
1219 4778 1439 4848 lapillus
1506 4778 1735 4841 incidat,
1789 4795 1854 4834 ex
1896 4780 1997 4835 ob-

420 4883 586 4923 scuro
623 4877 959 4933 centro,_seu
998 4870 1182 4938 potius
1208 4869 1439 4935 circino,
1465 4884 1665 4939 eoque,
1704 4869 1748 4923 si
1786 4869 1860 4922 ita
1891 4868 1994 4934 vis,

419 4957 653 5028 liquido,
687 4959 855 5013 alium
898 4975 1063 5029 super
1097 4959 1265 5012 alium
1312 4960 1605 5023 circulum,
1654 4960 1857 5014 sensim
1897 4959 1997 5017 ad-

422 5050 647 5112 modum
681 5050 1169 5114 intumescentem,
1205 5065 1268 5103 ac
1296 5050 1496 5104 deinde
1552 5061 1776 5121 propter
1825 5050 1995 5102 alium

421 5142 770 5206 inﬂuentem,
803 5143 1088 5212 paulatim,
1123 5143 1301 5196 donec
1340 5143 1408 5197 ad
1463 5157 1739 5196 summum
1797 5156 1998 5211 perve-

421 5238 560 5301 niat,
599 5235 949 5290 deﬁcientem
981 5244 1144 5304 atque
1172 5244 1625 5295 evanescentem,-
1660 5233 1997 5287 mirabiliter

421 5328 885 5383 circumscribat:
956 5329 1304 5398 potissimum
1379 5344 1531 5388 vero.
1580 5340 1705 5381 eum
1768 5326 1866 5379 tibi
1928 5323 1999 5389 de

423 5420 589 5477 rebus
616 5423 817 5475 divinis
851 5432 936 5477 est
960 5436 1161 5476 sermo.
1196 5420 1331 5487 Quis
1358 5434 1594 5491 namque
1657 5421 1800 5474 alius
1833 5417 1998 5473 habet

419 5514 507 5568 vel
538 5526 775 5567 mentem
806 5524 862 5569 et
903 5513 1233 5570 sententiam
1293 5515 1539 5568 oratione
1598 5523 1761 5581 atque
1813 5511 1997 5581 lingua

424 5606 730 5670 meliorem,
761 5608 844 5660 vel
875 5610 1177 5661 orationem
1203 5622 1326 5676 quae
1365 5608 1471 5661 illis
1504 5610 1717 5659 ratione
1758 5605 1994 5658 meliore

422 5697 756 5761 subserviat,
797 5699 884 5752 vel
920 5699 1163 5767 linguam
1194 5698 1356 5751 etiam
1379 5712 1499 5767 quae
1526 5698 1666 5750 bene
1698 5696 1994 5749 admodum

422 5798 667 5853 cinctu?
716 5792 977 5861 (rotunde
1015 5800 1073 5848 et
1100 5792 1344 5855 suaviter
1374 5800 1536 5864 poeta
1584 5788 1838 5857 dixisset)
1881 5802 2000 5842 vcr-

2095 4600 2255 4668 λόγου
2312 4600 2406 4655 καὶ
2459 4597 2715 4667 γλώσσης
2760 4597 3058 4668 ἀμείνονα,
3108 4599 3140 4668 ἢ
3186 4597 3345 4664 λόγον
3390 4596 3657 4659 ἀναλόγως

2095 4691 2311 4754 τούτοις
2342 4690 2810 4760 ύπηρετούμενον,
2841 4690 2875 4761 ἢ
2926 4688 3184 4757 γλῶσσαν
3215 4684 3379 4752 αὖθις
3418 4687 3477 4745 εὖ
3520 4685 3659 4755 μάλα

2096 4784 2194 4837 καὶ
2224 4784 2596 4853 στρογγύλως,
2630 4782 2995 4851 ἐπιτροχάδην,
3030 4781 3088 4834 δὲ
3133 4779 3239 4837 καὶ,
3275 4779 3472 4847 λιγέως
3512 4772 3656 4827 εἶπεν

2099 4871 2168 4925 ἂν
2207 4872 2458 4941 ποιητὴς,
2504 4870 2977 4940 ἀποτορνεύουσαν
3004 4874 3064 4921 τὸ
3097 4869 3408 4935 νοούμενον,
3435 4866 3526 4921 καὶ
3551 4864 3655 4932 ἆμ-

2099 4979 2184 5033 φω
2215 4963 2448 5028 τούτοις,
2496 4961 2572 5026 ὥς
2614 4964 2668 5030 γ’
2706 4964 2897 5033 ἐχρῆν,
2933 4959 3290 5018 διακονοῦσάν
3326 4977 3383 5015 τε
3415 4958 3507 5012 καὶ
3544 4955 3654 5007 δια-

2098 5054 2520 5125 πορθμεύουσαν
2571 5053 2634 5109 τὸ
2684 5055 3061 5123 κρυπτόμενον
3076 5069 3105 5118 ;_
3132 5049 3273 5120 Ἐγὼ
3314 5049 3469 5104 τοῦτο
3502 5047 3651 5117 μόνον

2099 5163 2194 5199 σου
2220 5146 2558 5218 διηγήσομαι
2577 5162 2592 5178 ’
2631 5146 2763 5199 ὅταν
2792 5141 3485 5215 δημηγοροῦντοςάκούω,
3504 5137 3659 5197 ἄλλος

2100 5239 2158 5305 ἐξ
2188 5239 2347 5293 ἄλλον
2404 5239 2645 5311 γίνομαι,
2681 5239 2776 5292 καὶ
2819 5238 2938 5300 ὅλος
2992 5236 3178 5299 ἔνθους
3207 5238 3325 5298 ταῖς
3353 5234 3459 5286 τῶν
3491 5231 3650 5296 λόγων

2099 5329 2437 5401 καθίσταμαι
2470 5329 2665 5399 ἴυγξιν,
2693 5330 2803 5389 οὐκ¹
2842 5329 3134 5401 ἀνθρώπου
3164 5326 3322 5397 δῆθεν
3350 5320 3648 5392 ὁμιλοῦντος

2097 5420 2373 5473 διακούειν
2420 5421 2617 5485 δοκῶν,
2655 5418 2772 5473 ἀλλ’
2802 5419 3120 5490 ὑπερφυοῦς
3162 5419 3225 5487 δή
3267 5433 3409 5477 τινος
3440 5410 3659 5480 οὐρανό-¹

2102 5512 2194 5565 θεν
2241 5510 2672 5582 προκύπτοντος,
2710 5510 2805 5565 καί
2845 5528 2970 5565 τινα
3012 5509 3140 5575 ξένα
3183 5511 3277 5562 καὶ
3309 5508 3443 5567 θεῖα,
3473 5500 3660 5554 ἐκδιώ-

2103 5620 2265 5655 νοντα
2304 5604 2404 5672 μὲν
2456 5604 2526 5656 τὰ
2574 5604 2753 5668 κοινὰ,
2793 5606 3068 5673 μυστήρια
3114 5601 3172 5655 δέ
3225 5616 3345 5652 τινα
3388 5596 3480 5648 καὶ
3502 5591 3657 5663 βάθος

2101 5697 2415 5769 ἀπόρρητον
2449 5697 2646 5766 ἔχοντα
2675 5694 3082 5764 διαγγέλλοντος
3109 5712 3123 5725 ·
3156 5691 3297 5747 ὥστε
3331 5706 3397 5760 με
3428 5686 3517 5740 καὶ
3545 5680 3642 5769 δεῖς

2104 5785 2228 5847 σθαι
2285 5784 2421 5839 Θεοῦ
2480 5786 2801 5857 προσθεῖναι
2841 5786 2935 5839 καὶ
2987 5779 3078 5847 οῦς
3127 5783 3332 5854 ἕτερον,
3374 5779 3446 5840 ὡς
3488 5765 3649 5845 δὴτᾷ
