4032 6410
1493 274 1590 296 ’ά

411 423 521 488 5'79

1617 403 2051 468 NICEPHORI
2092 402 2440 465 CALLISTI

3561 390 3660 454 580

410 528 729 602 occupavit,
754 526 812 581 in
840 536 895 582 te
924 522 1098 580 multo
1120 520 1299 592 magis
1328 525 1667 589 competere.
1693 518 1874 587 Atque
1910 514 1999 568 ille

2117 513 2210 582 τὰρ
2238 513 2404 581 λόγῳ,
2430 510 2626 580 κοσμεῖ
2659 507 2759 578 μὲν
2797 505 3040 558 ἐκεῖνον·
3076 504 3215 573 πρὸς
3260 503 3319 556 σὲ
3348 501 3403 555 δὲ
3451 502 3539 554 καὶ
3572 502 3663 571 τὴν

411 628 563 683 dicto
582 620 776 678 eodem
802 616 1171 673 Alexandrum
1194 611 1418 683 quidem
1458 609 1699 674 ornavit,
1752 607 1819 662 ad
1846 616 1998 661 tuam

352 765 360 776 .
412 727 600 774 autem
630 709 1138 783 prmstantissimam
1186 702 1405 775 imperii
1455 700 2001 757 administrationem

337 792 349 802 ’
413 808 739 879 respiciens,
776 801 998 858 laudem
1033 808 1242 853 tantam
1295 796 1507 852 retulit.
1539 792 1698 858 Quod
1730 792 1773 847 si
1801 800 1857 845 et
1896 791 2006 845 hoc

414 901 598 956 dicere
621 902 858 966 oportet,
895 908 1057 962 quam
1085 890 1288 962 insigni
1338 887 1509 942 animi
1539 886 1727 941 latitia
1755 883 2005 939 caruisse

413 1002 598 1064 putas,
651 986 1025 1057 septenarium
1071 984 1388 1038 divinorum
1466 977 1750 1050 religionis
1804 987 2007 1031 nostra

414 1083 664 1139 virorum
718 1088 1080 1139 conventum,
1128 1074 1275 1145 quod
1303 1083 1355 1129 te
1391 1071 1552 1127 simul
1578 1084 1704 1125 cum
1735 1067 1816 1124 eis
1843 1081 2007 1122 coru-

414 1185 681 1237 scantem,
719 1171 891 1226 veluti
916 1171 1190 1239 ingentem
1258 1181 1426 1237 opum
1452 1163 1855 1225 accessionem,
1889 1174 2002 1213 non

415 1268 695 1323 viderint?
725 1265 1076 1321 Potissimum
1104 1277 1237 1318 vero
1282 1261 1522 1331 primum
1550 1259 1729 1325 illum,
1766 1256 1861 1326 qui
1886 1253 2009 1308 Tri-

416 1361 610 1415 nitatis
665 1356 932 1428 mysterio
989 1365 1074 1411 est
1116 1354 1531 1417 cohonestatus,
1576 1349 1724 1420 quod
1755 1357 1808 1402 te
1832 1361 2010 1401 asses-

417 1466 622 1515 sorem,
685 1463 785 1503 seu
831 1446 1015 1516 potius
1060 1443 1242 1498 throni
1270 1441 1433 1496 simul
1461 1450 1516 1494 et
1543 1437 1761 1509 imperii
1788 1445 1911 1508 post
1949 1451 2009 1491 se

420 1542 608 1596 statim
672 1551 1049 1594 successorem
1084 1548 1402 1605 germanum
1427 1547 1539 1587 non
1573 1530 1852 1595 habuerit,
1877 1544 2009 1599 pro-

420 1629 680 1684 fessionis
733 1627 857 1681 lidei
921 1637 1123 1681 nostra:
1179 1624 1401 1690 ducem,
1467 1630 1523 1677 et
1571 1635 1763 1676 revera
1793 1630 2005 1689 patrem

422 1731 578 1775 tuum
632 1718 1080 1781 Constantinum,
1151 1729 1408 1785 magnum
1462 1711 1608 1783 apud
1662 1710 2011 1767 Christianos

420 1806 667 1862 nomen?
700 1805 819 1860 Non
851 1814 997 1858 tanta
1025 1803 1298 1872 siquidem
1324 1802 1678 1857 inimicorum
1712 1799 2008 1855 multitudo

2107 603 2208 675 σὴν
2228 602 2458 673 ἀρίστην
2478 600 2698 673 βλέπων
2720 597 2917 667 ἀρχὴν,
2938 598 3028 649 τὸν
3042 596 3264 650 ἔπαινον
3291 593 3664 665 ἐμνηστεύετο.

2107 697 2172 750 Εἰ
2203 695 2259 748 δὲ
2285 693 2392 765 χρὴ
2417 694 2510 747 καὶ
2539 690 2699 745 τοῦτο
2726 693 2915 758 φάναι,
2948 692 3121 755 πόσης
3165 685 3267 740 οῐει
3295 685 3557 754 θυμηδίας
3587 685 3668 737 ὲν-

2106 786 2205 839 δεᾶ
2234 783 2567 837 καθεστάναι
2616 781 2712 834 καὶ
2769 780 2864 832 τὸν
2895 777 3239 849 ἑπτάριθμον
3281 775 3538 844 σύλλογον
3568 775 3672 827 τῶν

2108 877 2232 931 καθ’
2261 876 2412 948 ἡμᾶς
2440 874 2718 943 θεοφόρων
2761 872 2999 942 ἀνδρῶν,
3052 866 3135 934 οἷς
3172 870 3248 939 μή
3286 885 3347 921 σε
3383 867 3672 934 συναστρά-

2110 987 2321 1025 πτοντα
2350 969 2567 1031 τούτοις
2591 965 2973 1036 ἐπλούτησανς
3021 963 3118 1017 κα)⁸
3148 962 3366 1033 μάλισθ’
3398 965 3425 1015 ὁ
3469 961 3675 1032 πρῶτος

2109 1063 2318 1125 ἐκεῖνος
2358 1061 2454 1115 καὶ
2485 1060 2564 1130 τῷ
2596 1059 2696 1130 τῆς
2748 1058 2978 1128 Τριάδος
3014 1055 3304 1127 μυστηρίῳ
3351 1052 3675 1123 τιμώμενος,

2108 1154 2192 1207 δτι
2227 1153 2303 1225 μὴ
2357 1152 2636 1221 σύνεδρον,
2670 1151 2702 1221 ἢ
2733 1149 2867 1219 γοῦν
2902 1151 2997 1204 καὶ
3052 1147 3148 1203 τοῦ
3206 1146 3397 1219 θρόνου
3448 1145 3542 1198 καὶ
3590 1144 3678 1197 τοῦ

2109 1244 2350 1312 κράτους
2378 1242 2543 1305 εὐθὺς
2568 1239 2688 1309 μετ’
2722 1241 2933 1294 ἐκεῖνον
2966 1238 3234 1309 διάδοχον,
3264 1239 3292 1291 ὁ
3314 1238 3412 1300 τῆς
3445 1235 3679 1295 πίστεως

2111 1336 2268 1406 ήμῶν
2308 1332 2549 1404 ἀρχηγὸς
2592 1333 2692 1387 καὶ
2725 1334 2845 1396 ταῖς
2884 1313 3177 1399 ἀληθείαις
3206 1331 3298 1394 σὸς
3329 1328 3509 1400 πατὴρ
3539 1330 3684 1383 Κων-

2111 1430 2412 1493 σταντίνος,
2468 1427 2539 1480 τὸ
2589 1425 2736 1495 μέγα
2796 1425 3148 1495 Χριστιανοῖς
3199 1423 3396 1490 δνομα,
3453 1421 3684 1492 γνησίως

2108 1517 2419 1589 ἐχρήσατος
2450 1511 2487 1588 ἧ
2521 1516 2631 1585 γὰρ
2658 1515 2726 1569 ἂν
2756 1515 2859 1568 οὐκ
2901 1514 2969 1569 ἂν
3011 1513 3267 1569 τοσοῦτον
3305 1513 3545 1586 εἱσέρρει
3576 1512 3686 1565 στῖ-

2112 1627 2210 1678 φος
2243 1608 2479 1680 ἐχθρῶν,
2507 1608 2607 1679 τὴν
2629 1602 2913 1678 ἀκραιφνῆ
2934 1609 3116 1660 πίστιν
3166 1608 3400 1678 πγχέον
3443 1605 3535 1659 καὶ
3562 1621 3686 1672 συγ-

2110 1701 2359 1766 κλονοῠν,
2415 1704 2537 1764 ταῖς
2586 1717 2696 1755 των
2729 1701 2905 1769 λόγων
2966 1699 3341 1771 στρεϐλότησι.
3394 1699 3514 1753 Κάν
3554 1700 3686 1768 σοφῇ

2112 1812 2221 1848 τινι
2248 1793 2482 1865 προνοίᾳ
2521 1793 2657 1858 Θεὸς
2706 1808 2768 1846 σε
2803 1794 2927 1847 κατ’
2976 1791 3131 1845 οὐδὲν
3168 1792 3401 1846 ἐκείνων
3442 1789 3690 1859 λειπόμε-

419 1901 696 1958 irruisset,
736 1897 1029 1950 verborum
1062 1909 1320 1965 perversa
1346 1895 1592 1950 versutia
1633 1893 2008 1949 sinceritatem

2117 1905 2228 1957 vov,
2262 1887 2454 1958 ῶσπερ
2487 1904 2541 1941 τι
2570 1886 2736 1957 βάρος
2768 1885 3268 1947 ἀντιταλαντεύσας
3292 1884 3506 1947 τούτοις
3529 1884 3688 1937 πᾶσιν

420 1992 550 2048 ﬁdei
597 1992 840 2046 miscens
868 1999 1034 2058 atque
1060 1989 1403 2044 concutiens.
1428 1987 1725 2043 Enimvero
1744 1987 2011 2059 singulari

420 2084 659 2154 quadam
699 2082 1048 2153 providentia
1073 2081 1220 2136 Deus
1276 2089 1352 2147 te,
1377 2079 1526 2133 nulla
1560 2094 1619 2134 re
1644 2078 1754 2134 illis
1780 2077 2013 2133 inferio-

421 2192 561 2241 rem,
615 2174 1087 2246 quemadmodum
1159 2172 1437 2244 quoddam
1525 2171 1745 2241 pondus
1785 2170 2014 2241 aqualis

423 2267 688 2322 momenti
723 2265 779 2319 in
808 2263 969 2319 lance
987 2277 1296 2333 opponens,
1334 2259 1867 2330 convenientemque
1896 2273 2011 2313 ma-

418 2357 703 2429 gnitudini
737 2356 954 2426 imperii
996 2362 1236 2409 mentem
1293 2352 1459 2409 simul
1499 2360 1557 2407 et
1580 2366 1797 2406 morum
1828 2348 2012 2420 digni.

425 2458 594 2504 tatem
626 2448 898 2513 tribuens,
923 2461 1102 2517 eoque
1140 2445 1498 2517 experientia:
1516 2453 1575 2501 et
1602 2444 1866 2499 bonitatis
1884 2457 2016 2514 pro-

422 2556 696 2613 gressum,
753 2555 939 2596 rerum
996 2537 1848 2609 administrationi{temporibus
1909 2550 2016 2591 no-

423 2634 559 2692 stris
605 2632 874 2704 prml‘ecit,
901 2642 961 2688 ut
991 2647 1085 2688 eas
1111 2648 1277 2703 quam
1296 2632 1504 2704 optime
1524 2633 1884 2704 gubernarcs,
1912 2644 2017 2685 nec

424 2741 529 2783 nos
560 2741 791 2797 prorsus
823 2740 1042 2796 pessum
1090 2724 1321 2781 iremus.
1372 2724 1508 2791 Quis
1527 2729 1675 2781 enim
1710 2723 2019 2781 suﬂ‘ecissct

425 2819 594 2883 alius,
652 2817 749 2886 qui
798 2826 880 2872 tot
909 2825 966 2872 et
991 2817 1159 2872 tantis
1189 2816 1352 2872 malis
1383 2816 1751 2887 undequaque
1774 2816 2018 2871 circum-

424 2909 730 2966 ﬂuentibus
779 2908 997 2963 obviam
1057 2909 1188 2973 iret,
1214 2923 1380 2979 quam
1415 2918 1473 2963 tu
1503 2911 1640 2978 ipso,
1669 2910 1764 2978 qui
1791 2908 2014 2963 fortitu-

424 3004 556 3058 dine
603 3011 660 3057 et
704 3001 997 3072 prudentia
1049 3011 1106 3058 et
1142 3002 1238 3057 Dei
1263 3001 1412 3057 cultu
1431 3000 1617 3073 justus
1641 3000 2015 3071 esjudicatus,

427 3094 886 3165 temporibusque
927 3094 1150 3149 nostris’
1184 3093 1327 3149 alter
1385 3093 1608 3163 quidam
1644 3092 1760 3149 Noe
1781 3102 1876 3147 aut
1900 3092 2018 3148 Mo-

2117 1978 2434 2052 ἰσόρροπον,
2466 1977 2732 2050 ὲχέγγυόν
2762 1994 2823 2030 τε
2853 1975 2931 2048 τῷ
2979 1974 3198 2048 μεγέθει
3237 1974 3338 2045 τῆς
3367 1974 3565 2045 ἀρχῆς,
3599 1972 3690 2024 καὶ

2116 2075 2374 2144 φρόνημα
2408 2073 2503 2127 καὶ
2532 2070 2594 2125 τὸ
2641 2070 2736 2126 τοῦ
2777 2070 2944 2143 ἦθους
2976 2069 3200 2140 ἀξίωμα
3237 2065 3563 2138 παρασχὼν,
3595 2067 3688 2136 ἑμ-

2115 2166 2334 2238 πειρίας
2368 2183 2427 2219 τε
2476 2166 2572 2219 καὶ
2603 2165 2978 2236 χρηστότητος
3018 2162 3162 2217 κατὰ
3192 2160 3355 2215 τοῦτο
3393 2160 3693 2230 γεγενημέ-

2115 2276 2228 2325 νον,
2263 2258 2381 2321 τοῖς
2410 2255 2537 2311 καθ’
2566 2257 2718 2327 ἡμᾶς
2739 2255 3014 2325 ἐπέστησε
3046 2253 3396 2325 πράγμασιν,
3424 2252 3501 2315 ὡς
3528 2250 3592 2306 ἄν
3629 2266 3691 2318 γε

2114 2350 2235 2422 εῐης
2260 2348 2416 2405 ταῦτ’
2467 2350 2672 2420 ἄριστα
2720 2348 2998 2416 διιθύνων,
3046 2346 3134 2400 ἵνα
3174 2346 3253 2419 μὴ
3281 2342 3693 2418 παραρῤυῶμεν

2117 2446 2459 2501 παντάπασι.
2493 2442 2590 2508 Τίς
2625 2444 2734 2515 γὰρ
2780 2444 2846 2498 ἂν
2877 2443 3118 2515 ἤρκεσεν
3145 2443 3335 2514 ἔτερος
3387 2442 3567 2505 τόσοις
3603 2439 3695 2493 ἀν-

2114 2536 2378 2590 τιϐαίνειν
2437 2535 2676 2600 δεινοίς;
2717 2534 2800 2588 δτι
2859 2533 3133 2588 πλείστων
3169 2532 3315 2603 μάλα
3368 2532 3557 2603 κύκλῳ
3606 2547 3695 2583 πε-

2119 2628 2475 2702 ριρρεόντων,
2511 2628 2562 2683 εί
2599 2627 2676 2701 μὴ
2720 2627 2785 2682 σύ
2820 2626 2872 2697 γ’
2907 2629 3072 2692 αὐτὸς
3115 2626 3309 2699 ἀνδρία
3347 2626 3447 2682 καὶ
3488 2624 3694 2681 συνέσει

2119 2721 2213 2774 καὶ
2252 2720 2539 2792 θεοσεσείᾳ
2567 2720 2785 2792 κριθεὶς
2804 2720 3040 2787 δίκαιος,
3080 2721 3260 2792 χρόνῳ
3293 2719 3536 2793 δῆτατῷ
3576 2717 3695 2774 καθ’

2118 2812 2269 2897 ἡμᾶς
2299 2812 2422 2868 Νῶε
2450 2829 2535 2876 τις
2564 2811 2726 2876 ἄλλος
2756 2811 2789 2882 ἢ
2823 2811 3068 2883 Μωῦσῆς
3097 2810 3308 2882 ὤφθης,
3358 2811 3564 2880 σκάφει
3607 2808 3697 2862 καὶ

2119 2906 2262 2976 ξύλῳ
2301 2905 2539 2978 σταυρὸν
2564 2905 2900 2971 εἰκονίζουσι
2955 2905 3049 2959 τοῦ
3076 2904 3347 2968 κλύδωνος
3380 2904 3491 2958 τῶν
3513 2902 3698 2958 δεινῶν

2117 2997 2430 3067 ύπεξάγων,
2459 2998 2558 3052 καὶ
2588 2995 2684 3050 τὸν
2709 2997 2804 3051 σὺν
2834 2997 2964 3052 λαὸν
3014 2997 3123 3051 τῶν
3154 2997 3413 3051 διωκτῶν
3448 2994 3698 3067 ὑφαρπά-

2118 3089 2251 3157 ζων,
2289 3090 2388 3144 καὶ
2416 3088 2628 3154 τούτοις
2676 3090 2930 3159 πλήττων
2982 3089 3079 3145 καί
3119 3091 3540 3156 καταποντίζων
3584 3090 3700 3143 ἑπι-

423 3201 516 3241 ses
539 3185 904 3252 existimatus,
935 3186 1137 3258 scapha
1171 3195 1229 3239 et
1262 3185 1413 3256 ligno
1439 3199 1663 3240 crucem
1687 3183 2014 3240 adumbran-

2123 3184 2441 3259 διώκοντας,
2473 3184 2568 3237 καὶ
2598 3183 2749 3254 χειρὶ
2780 3183 2916 3237 Θεοῦ
2954 3182 3198 3254 τρόπαια
3245 3184 3490 3256 ἐγείρων
3531 3183 3700 3237 ἁπαν-

426 3281 596 3345 tibus,
625 3288 681 3334 et
707 3294 1083 3334 aerumnarum
1114 3277 1377 3332 ﬂuctibus
1409 3276 1748 3343 subducens,
1769 3284 1826 3330 et
1843 3289 2019 3345 popu-

424 3373 541 3428 lum
574 3382 730 3429 tuum
763 3387 792 3426 a
829 3370 1286 3441 persecutoribus
1306 3368 1572 3439 eripiens,
1605 3376 1662 3424 et
1692 3368 2017 3440 percutiens

424 3468 497 3523 iis
539 3478 706 3536 atque
749 3466 1114 3534 submergeus
1191 3472 1613 3533 persequentes,
1698 3471 1866 3533 atque
1916 3478 2018 3534 per

427 3574 649 3614 manum
713 3558 810 3612 Dei
870 3568 1077 3626 tropaea
1112 3554 1318 3622 ubique
1342 3554 1613 3621 excitans,
1637 3554 2017 3626 magniﬁcam-

423 3667 532 3721 que
588 3649 782 3706 mundi
828 3664 1026 3704 navem
1062 3647 1357 3717 magniﬁce
1383 3647 1568 3702 crucis
1605 3647 1730 3702 velo
1759 3647 1889 3702 novi
1921 3663 2014 3703 or-

420 3742 507 3798 bis
532 3744 743 3800 semina
774 3723 1193 3798 conser'vantem
1216 3740 1532 3810 gubernans
1563 3755 1593 3791 :.
1619 3738 1725 3811 14
1748 3749 1845 3794 aut
1872 3738 2014 3811 ignis

421 3851 645 3908 quoque
697 3833 956 3890 columna
1014 3845 1245 3902 prorsus
1295 3830 1538 3896 habitus,
1594 3831 1766 3887 veluti
1808 3847 2011 3889 novum

425 3929 706 3992 Israelem,
759 3924 863 3981 no‘s
911 3924 1137 3980 caeleste
1186 3923 1448 3980 videlicet
1476 3939 1691 3991 semen,
1723 3924 1791 3979 ad
1827 3940 2012 3981 veram

2122 3276 2312 3349 ταχοῦ,
2345 3282 2438 3331 καὶ
2474 3278 2578 3349 τὴν
2613 3278 2889 3349 κοσμικὴν
2918 3277 3183 3349 λαμπρὰν
3204 3279 3486 3350 λαμπρῶς
3506 3276 3704 3333 ὁλκάδι

2120 3371 2198 3443 τῷ
2236 3369 2515 3443 σταυρικῷ
2556 3370 2936 3442 διακυΰερνῶν
2970 3372 3151 3440 ίστίῳ,
3184 3371 3402 3441 κόσμου
3439 3373 3563 3426 νέου
3589 3372 3703 3432 δια-

2122 3463 2408 3527 σώζουσαν
2439 3463 2755 3532 σπέρματα,
2804 3462 2839 3535 ἢ
2879 3461 2974 3515 καὶ
3009 3460 3202 3527 στῦλος
3236 3462 3418 3533 πυρὸς
3451 3463 3705 3533 ἄντικρυς

2120 3556 2500 3627 χρηματίζων,
2542 3555 2639 3609 at:
2681 3555 2746 3627 δὴ
2777 3553 2869 3608 τὸν
2925 3554 3048 3608 νέον
3090 3555 3333 3626 Ἰσραὴλ,
3388 3557 3540 3627 ἡμᾶς
3585 3554 3708 3623 ean.

2119 3651 2236 3721 γῶν
2274 3649 2413 3721 πρὸς
2449 3648 2761 3715 εὐσέϐειαν,
2811 3648 3067 3720 οὐράνιον
3129 3648 3294 3722 δῆθεν
3344 3652 3622 3723 σπέρμα’
3675 3651 3705 3718 ἢ

2121 3741 2258 3811 γοῦν
2287 3742 2421 3805 ὀπὸς
2453 3740 2620 3813 ἰερδς,
2645 3742 2680 3812 ἦ
2731 3758 2786 3795 τι
2823 3741 2968 3797 θεῖον
3015 3741 3170 3808 ἅλας,
3202 3744 3586 3813 εὐαγγελικῶς
3631 3744 3706 3796 εἰ-

2123 3837 2273 3900 πεῖν,
2303 3835 2447 3888 κατά
2482 3834 2679 3904 καιρὸν
2707 3834 2846 3905 ἡμῖν
2880 3832 3199 3906 ὲμὸλυθείς,
3237 3835 3706 3907 ύποχαυνομένοις

2124 3929 2221 3982 καὶ
2250 3926 2600 4000 διαρρέουσιν
2621 3943 2636 3992 ;

422 4022 685 4088 pietatem
753 4016 1068 4086 produceus
1116 4024 1253 4084 ;aut
1309 4030 1440 4070 sane
1471 4004 1656 4087 liquor
1681 4031 1780 4072 seu
1809 4032 2008 4075 succus
2045 4034 2223 4087 sacer,
2250 4028 2349 4075 aut
2410 4019 2491 4074 sal
2521 4018 2745 4089 quidam
2778 4018 3023 4087 divinus,
3041 4030 3102 4077 ut
3119 4021 3450 4092 Evangelice
3509 4020 3704 4086 dicam,

425 4130 530 4170 suo
593 4114 757 4183 plane
812 4123 1058 4180 tempore
1107 4110 1270 4167 nobis
1310 4110 1422 4181 jam
1446 4111 1831 4170 fatiscentibus
1850 4122 2017 4186 atque
2048 4116 2427 4173 dillluentibus
2451 4116 2720 4187 injectus?

498 4209 606 4267 Sed
656 4209 791 4280 quid
852 4207 999 4280 ago?
1063 4207 1123 4264 Si
1149 4210 1298 4263 enim
1328 4209 1738 4280 quamplurima
1772 4211 2015 4269 dicendo

423 4302 512 4359 vel
537 4302 819 4357 minimam
875 4308 1088 4371 partem
1118 4310 1271 4355 recte
1301 4299 1571 4356 factorum
1600 4310 1823 4356 tuorum
1843 4302 2016 4358 attin-

2200 4214 2365 4269 Ἀλλὰ
2391 4214 2445 4268 τί
2477 4231 2572 4284 μοι
2599 4212 2774 4268 ταῦτα
2798 4230 2815 4282 ;
2846 4214 2909 4268 Εἰ
2960 4215 3064 4285 μὲν
3094 4210 3164 4286 ἦν
3203 4216 3433 4270 εἰπόντα
3459 4216 3704 4279 πλεῖστα,

2117 4307 2222 4363 κᾶν
2263 4307 2441 4379 βραχύ
2482 4325 2535 4362 τι
2575 4308 2671 4362 τοῦ
2704 4305 2799 4362 σοῦ
2840 4309 3184 4381 καθήκοντος
3218 4311 3704 4384 προσεφάψασθαι,

427 4410 559 4467 gere
590 4409 840 4465 possem,
876 4392 1012 4447 nihil
1066 4407 1296 4462 prorsus
1321 4392 1663 4450 dillicultatis
1699 4405 1795 4449 aut
1853 4395 2014 4451 mole-

2118 4400 2273 4454 οὐδέν
2301 4419 2355 4455 τι
2401 4402 2643 4472 πρᾶγμα
2677 4400 2899 4466 πάντως
2944 4402 3026 4473 τῷ
3054 4403 3199 4475 λόγῳ
3235 4408 3490 4478 προσῆν·
3523 4406 3619 4460 νῦν
3654 4406 3705 4458 ὲ-

423 4489 547 4545 stiae
588 4487 830 4543 orationi
858 4486 1097 4542 adesset.
1149 4485 1606 4557 Quandoquidem
1650 4504 1785 4545 vero
1831 4490 2023 4554 verba,

2125 4493 2293 4566 πειδὴ
2318 4495 2540 4565 ἀνάγκη
2572 4496 2703 4560 τοὺς
2734 4495 2928 4563 λόγους
2952 4495 3187 4551 κατόπιν
3210 4497 3323 4550 τῶν
3351 4499 3539 4569 ἔργων
3555 4498 3707 4567 ἔρχε-

424 4582 645 4638 etiamsi
709 4580 958 4635 omnium
1021 4580 1186 4650 longe
1244 4581 1454 4650 optima
1483 4581 1540 4636 in
1563 4581 1809 4638 medium
1836 4583 2014 4654 prole-

2129 4586 2278 4652 σθαι,
2309 4586 2412 4640 κᾶν
2448 4586 2519 4640 τὰ
2548 4587 2823 4655 κράτιστα
2853 4591 3079 4644 πάντων
3116 4589 3484 4659 εἰσφέρωσιν,
3515 4593 3604 4645 ἵνα
3633 4591 3704 4661 μὴ

427 4685 644 4739 rantur,
673 4673 868 4728 cedere
897 4681 1081 4728 tamen
1115 4671 1411 4740 plurimum
1466 4674 1638 4730 rebus
1664 4675 1798 4745 ipsis
1824 4690 2019 4732 neces-

427 4765 577 4821 sario
622 4772 897 4835 oporteat,
957 4777 1028 4818 ne
1076 4777 1145 4817 ea
1195 4765 1599 4821 accumulando
1625 4766 1769 4822 ultra
1794 4767 2020 4824 modum

428 4858 687 4929 progredi
754 4858 940 4912 videar
962 4898 976 4923 ,
1029 4854 1125 4912 ubi
1159 4872 1334 4927 pauca
1367 4860 1616 4929 quaedam
1638 4860 1923 4929 addidero,
1951 4862 2021 4918 ad

429 4957 825 5019 argumentum
848 4949 1091 5004 historia:
1127 4950 1470 5019 propositum
1505 4951 1857 5007 descendam.
1889 4953 2025 5020 Quae

426 5044 575 5097 enim
614 5042 713 5096 tibi
779 5043 922 5095 Deus
954 5041 1280 5095 exuberanti
1341 5042 1694 5097 manubona
1727 5046 2018 5110 concessit,

427 5145 485 5190 et
531 5152 694 5204 quam
743 5132 1139 5189 muniﬁcentiae
1203 5133 1434 5203 gratiam
1479 5133 1694 5203 prolixe
1743 5136 2019 5205 praestitit,

429 5229 685 5299 quisnam
743 5228 880 5283 satis
918 5227 1005 5281 vel
1042 5227 1295 5280 oratime
1347 5228 1630 5299 prosequi,
1699 5231 1788 5286 vel
1837 5243 2022 5287 mente

428 5323 723 5393 concipere
770 5319 978 5391 queat?
1025 5318 1276 5387 quamvis
1306 5336 1415 5375 una
1442 5338 1567 5376 cum
1597 5321 1802 5380 Gratiis
1831 5333 1887 5379 et
1907 5325 2024 5381 Mu-

431 5414 509 5469 sis
542 5413 802 5469 omnibus
833 5418 892 5466 et
922 5408 1176 5480 pluribus
1207 5425 1372 5480 quam
1408 5428 1548 5482 quas
1568 5411 1843 5470 llomerus
1858 5414 2019 5480 dixit,

430 5500 771 5569 capillosque
838 5508 1064 5552 nostros
1110 5512 1345 5554 numero
1392 5503 1747 5571 asquantibus
1790 5504 2019 5574 linguis,

432 5592 719 5658 insistens,
769 5603 861 5645 res
921 5599 1047 5644 tuas
1122 5593 1504 5661 exsequendas
1559 5594 1664 5650 sibi
1714 5597 2025 5666 proponat?

431 5683 587 5738 Adeo
638 5682 790 5737 enim
826 5681 989 5736 ‘nihil
1031 5683 1139 5738 sibi
1192 5683 1400 5741 dixisse
1423 5685 1725 5749 videbitur,
1760 5699 1819 5742 ut
1844 5691 2025 5758 pumi-

434 5775 609 5829 tentia
661 5783 867 5843 postea,
933 5777 1028 5844 qui
1061 5777 1229 5845 semel
1254 5777 1550 5834 dicendum
1586 5779 1689 5834 sibi
1720 5781 2021 5851 quidquam

436 5867 753 5936 sumpserit,
813 5867 1069 5926 ducatur.
1098 5868 1255 5944 ⁵ΜΗιί
1300 5885 1428 5927 vero
1448 5872 1583 5928 satis
1612 5871 1799 5943 fuerit,
1835 5873 1925 5930 ubi
1957 5891 2021 5932 ea

2123 4679 2219 4731 καὶ
2246 4677 2427 4731 πλείω
2452 4676 2628 4747 λέγων
2660 4677 2756 4732 τοῦ
2802 4679 3006 4752 μέτρου
3048 4681 3194 4752 πέρα
3235 4681 3379 4747 δόξω
3411 4683 3704 4754 περιιέναι,

2124 4768 2315 4839 βραχέ’
2338 4768 2480 4824 ἄττα
2510 4771 2793 4842 προσθεὶς,
2827 4771 2923 4826 ἐπὶ
2942 4773 3043 4843 τὴν
3073 4773 3373 4845 ὑπόσχεσιν
3400 4775 3513 4829 τῶν
3536 4774 3705 4843 λόγων

2121 4860 2412 4932 ἀφίξομαι.
2451 4862 2595 4916 Ὅσα
2629 4862 2732 4932 μὲν
2759 4864 2873 4936 γάρ
2901 4881 2985 4918 σοι
3014 4866 3151 4930 Θεὸς
3174 4866 3399 4938 ἀφθόνῳ
3433 4867 3582 4938 χειρί
3606 4883 3705 4919 πα-

2123 4953 2287 5022 ρέσχε
2317 4953 2429 5006 τῶν
2459 4954 2707 5023 ἀγαθῶν,
2739 4956 2836 5009 καὶ
2868 4959 3130 5021 ἐπιεικῶς
3162 4959 3245 5012 σοί
3274 4975 3337 5027 γε
3368 4960 3432 5013 τὸ
3469 4960 3571 5031 τῆς
3608 4959 3705 5029 χά-

2124 5062 2275 5114 ριτος
2326 5047 2614 5118 φιλότιμον
2676 5048 3016 5118 ἐπεδείξατο,
3048 5056 3134 5115 τίς
3185 5052 3373 5116 ἰκανδς
3417 5054 3517 5106 καὶ
3567 5052 3704 5119 λόγῳ

2123 5138 2337 5208 φράσαι
2382 5141 2477 5194 καὶ
2515 5140 2592 5212 νῷ
2614 5141 3050 5211 περιλήψεσθαι;
3075 5144 3180 5199 κᾶν
3205 5146 3254 5198 εἰ
3285 5146 3431 5216 μετὰ
3468 5145 3705 5217 χαρίτων

2125 5232 2221 5285 καὶ
2273 5232 2492 5302 μουσῶν
2521 5233 2754 5288 ἀπασῶν
2792 5236 2888 5287 καὶ
2934 5235 3198 5303 γλωσσῶν
3247 5236 3518 5293 πλειόνων
3565 5237 3705 5308 ἥπερ

2123 5325 2257 5388 ὅσας
2288 5325 2539 5396 ’Όμηρος
2584 5327 2796 5397 είρηκε,
2858 5329 2953 5382 καὶ
3006 5330 3199 5400 σχεδὸν
3234 5334 3360 5393 ταῖς
3404 5332 3702 5403 ἡμετέραις

2128 5417 2421 5488 ἰσάριθμον
2454 5419 2633 5490 θριξὶν
2666 5420 2873 5490 ἐπέστη
2902 5438 3008 5486 τις,
3048 5422 3211 5494 ἔργον
3249 5424 3316 5477 τὰ
3345 5425 3418 5477 σὰ
3446 5424 3704 5489 ποιούμε-

2124 5527 2236 5575 νος,
2272 5513 2431 5565 τόσον
2471 5512 2629 5584 ὤφθη
2676 5513 2846 5584 μηδὲν
2876 5514 3068 5580 εἰπὼν,
3101 5514 3233 5570 ὥστ’
3265 5517 3460 5571 ἔπειτα
3498 5517 3563 5589 δὴ
3612 5517 3701 5570 καὶ

2128 5603 2435 5673 μετάμελος
2464 5606 2673 5659 ἐκεῖνον
2699 5601 2837 5671 εἷλε,
2872 5608 3136 5673 καθάπαξ
3157 5608 3338 5679 λέγειν
3369 5609 3701 5678 ἐπιϐαλόμε-

2125 5709 2236 5747 νον.
2281 5695 2436 5764 Ἐμοὶ
2465 5697 2507 5748 δ’
2560 5698 2790 5767 ἀρκέσει
2852 5698 3015 5768 μόνον
3068 5702 3129 5754 τὸ
3157 5700 3258 5769 τῆς
3284 5701 3387 5769 σῆς
3415 5700 3698 5760 εὐσεϐείας

2126 5787 2355 5852 εἰπόντι,
2391 5789 2586 5843 θᾶττον
2617 5793 3105 5861 συγκεφαλαιῶσαι
3129 5797 3223 5848 τὸν
3247 5794 3427 5862 λόγον.
3460 5794 3574 5866 Τὴν
3601 5792 3699 5864 μὲν

2125 5877 2217 5935 οὖν
2257 5882 2489 5937 καθόλου
2535 5885 2867 5959 Ἐκκλησίαν
2914 5887 3059 5941 οὕτω
3107 5887 3577 5961 νεωτεριξομένην
3626 5889 3698 5948 εἰς

1977 5965 2119 5980 ml
