  <div class='ocr_page' id='page_1' title='image "/cluster/home/n/w/nwhite01/storage/ocr_20150623/145:no.1/coo.31924054870500/298.png"; bbox 0 0 4032 6412; ppageno 0'>
   <div class='ocr_carea' id='block_1_1' title="bbox 326 419 431 480">
    <p class='ocr_par' dir='ltr' id='par_1_1' title="bbox 326 419 431 480">
     <span class='ocr_line' id='line_1_1' title="bbox 326 419 431 480; baseline -0.01 0"><span class='ocrx_word' id='word_1_1' title='bbox 326 419 431 480; x_wconf 62' lang='grc' dir='ltr'>δετι</span> 
     </span>
    </p>
   </div>
   <div class='ocr_carea' id='block_1_2' title="bbox 330 602 1912 687">
    <p class='ocr_par' dir='ltr' id='par_1_2' title="bbox 330 602 1912 687">
     <span class='ocr_line' id='line_1_2' title="bbox 330 602 1912 687; baseline -0.001 -17"><span class='ocrx_word' id='word_1_2' title='bbox 330 602 486 670; x_wconf 59' lang='grc' dir='ltr'>νόθον</span> <span class='ocrx_word' id='word_1_3' title='bbox 513 617 688 687; x_wconf 87' lang='grc' dir='ltr'>δόγμα</span> <span class='ocrx_word' id='word_1_4' title='bbox 727 617 823 671; x_wconf 71' lang='grc' dir='ltr'>καὶ</span> <span class='ocrx_word' id='word_1_5' title='bbox 853 617 1115 687; x_wconf 84' lang='grc' dir='ltr'>βέϐηλον·</span> <span class='ocrx_word' id='word_1_6' title='bbox 1153 616 1517 687; x_wconf 76' lang='grc' dir='ltr'><strong>ἐκκαθαίρεις</strong></span> <span class='ocrx_word' id='word_1_7' title='bbox 1558 616 1668 670; x_wconf 88' lang='grc' dir='ltr'><strong>τῶν</strong></span> <span class='ocrx_word' id='word_1_8' title='bbox 1694 615 1912 669; x_wconf 85' lang='grc' dir='ltr'>θειοκα-</span> 
     </span>
    </p>
   </div>
   <div class='ocr_carea' id='block_1_3' title="bbox 335 706 1913 779">
    <p class='ocr_par' dir='ltr' id='par_1_3' title="bbox 335 706 1913 779">
     <span class='ocr_line' id='line_1_3' title="bbox 335 706 1913 779; baseline -0.002 -18"><span class='ocrx_word' id='word_1_9' title='bbox 335 708 526 779; x_wconf 81' lang='grc' dir='ltr'>πήλων</span> <span class='ocrx_word' id='word_1_10' title='bbox 570 707 634 761; x_wconf 82' lang='grc' dir='ltr'>τὸ</span> <span class='ocrx_word' id='word_1_11' title='bbox 692 708 859 778; x_wconf 72' lang='grc' dir='ltr'>ἱερὸν,</span> <span class='ocrx_word' id='word_1_12' title='bbox 898 709 961 760; x_wconf 88' lang='grc' dir='ltr'><strong>οὐ</strong></span> <span class='ocrx_word' id='word_1_13' title='bbox 996 707 1283 778; x_wconf 83' lang='grc' dir='ltr'>τριπλόκῳ</span> <span class='ocrx_word' id='word_1_14' title='bbox 1312 709 1375 778; x_wconf 76' lang='grc' dir='ltr'>δή</span> <span class='ocrx_word' id='word_1_15' title='bbox 1418 724 1526 761; x_wconf 89' lang='grc' dir='ltr'>τινι</span> <span class='ocrx_word' id='word_1_16' title='bbox 1574 706 1913 776; x_wconf 76' lang='grc' dir='ltr'>φραγγελίῳ,</span> 
     </span>
    </p>
   </div>
   <div class='ocr_carea' id='block_1_4' title="bbox 330 796 1917 871">
    <p class='ocr_par' dir='ltr' id='par_1_4' title="bbox 330 796 1917 871">
     <span class='ocr_line' id='line_1_4' title="bbox 330 796 1917 871; baseline -0.003 -17"><span class='ocrx_word' id='word_1_17' title='bbox 330 801 448 854; x_wconf 80' lang='grc' dir='ltr'>ἀλλ’</span> <span class='ocrx_word' id='word_1_18' title='bbox 471 800 735 870; x_wconf 81' lang='grc' dir='ltr'><strong>ἀληθείας</strong></span> <span class='ocrx_word' id='word_1_19' title='bbox 764 800 932 870; x_wconf 84' lang='grc' dir='ltr'>λόγῳ,</span> <span class='ocrx_word' id='word_1_20' title='bbox 960 801 1140 854; x_wconf 88' lang='grc' dir='ltr'>εῖτουν</span> <span class='ocrx_word' id='word_1_21' title='bbox 1170 800 1453 871; x_wconf 80' lang='grc' dir='ltr'><strong>συμφυΐας</strong></span> <span class='ocrx_word' id='word_1_22' title='bbox 1481 798 1685 870; x_wconf 89' lang='grc' dir='ltr'>τριττῷ</span> <span class='ocrx_word' id='word_1_23' title='bbox 1708 815 1723 832; x_wconf 76' lang='grc' dir='ltr'><strong><em>ο</em></strong></span> <span class='ocrx_word' id='word_1_24' title='bbox 1775 796 1917 868; x_wconf 76' lang='grc' dir='ltr'>ὑπὲρ</span> 
     </span>
    </p>
   </div>
   <div class='ocr_carea' id='block_1_5' title="bbox 330 889 1917 964">
    <p class='ocr_par' dir='ltr' id='par_1_5' title="bbox 330 889 1917 964">
     <span class='ocr_line' id='line_1_5' title="bbox 330 889 1917 964; baseline -0.003 -18"><span class='ocrx_word' id='word_1_25' title='bbox 330 893 430 961; x_wconf 81' lang='grc' dir='ltr'>τῆς</span> <span class='ocrx_word' id='word_1_26' title='bbox 474 894 630 964; x_wconf 79' lang='grc' dir='ltr'>ἱερᾶς</span> <span class='ocrx_word' id='word_1_27' title='bbox 659 894 753 947; x_wconf 74' lang='grc' dir='ltr'>καὶ</span> <span class='ocrx_word' id='word_1_28' title='bbox 787 893 936 956; x_wconf 80' lang='grc' dir='ltr'>θείας</span> <span class='ocrx_word' id='word_1_29' title='bbox 958 894 1241 963; x_wconf 76' lang='grc' dir='ltr'><strong>τραπέζης</strong></span> <span class='ocrx_word' id='word_1_30' title='bbox 1274 892 1636 963; x_wconf 73' lang='grc' dir='ltr'><strong>ζηλοτυπεῖς·</strong></span> <span class='ocrx_word' id='word_1_31' title='bbox 1686 889 1917 961; x_wconf 88' lang='grc' dir='ltr'>σφοδρόν</span> 
     </span>
    </p>
   </div>
   <div class='ocr_carea' id='block_1_6' title="bbox 331 982 1917 1055">
    <p class='ocr_par' dir='ltr' id='par_1_6' title="bbox 331 982 1917 1055">
     <span class='ocr_line' id='line_1_6' title="bbox 331 982 1917 1055; baseline -0.001 -20"><span class='ocrx_word' id='word_1_32' title='bbox 331 984 386 1035; x_wconf 87' lang='grc' dir='ltr'><strong>τι</strong></span> <span class='ocrx_word' id='word_1_33' title='bbox 423 983 610 1047; x_wconf 83' lang='grc' dir='ltr'>πνέεις</span> <span class='ocrx_word' id='word_1_34' title='bbox 641 985 781 1054; x_wconf 82' lang='grc' dir='ltr'>ὑπὲρ</span> <span class='ocrx_word' id='word_1_35' title='bbox 809 982 902 1037; x_wconf 86' lang='grc' dir='ltr'><strong>τοῦ</strong></span> <span class='ocrx_word' id='word_1_36' title='bbox 937 984 1258 1055; x_wconf 78' lang='grc' dir='ltr'>Πνεύματος</span> <span class='ocrx_word' id='word_1_37' title='bbox 1280 999 1298 1018; x_wconf 78' lang='grc' dir='ltr'><strong>ο</strong></span> <span class='ocrx_word' id='word_1_38' title='bbox 1333 985 1537 1054; x_wconf 86' lang='grc' dir='ltr'>ὲμπνεῖ</span> <span class='ocrx_word' id='word_1_39' title='bbox 1578 1000 1661 1037; x_wconf 90' lang='grc' dir='ltr'><strong>σοι</strong></span> <span class='ocrx_word' id='word_1_40' title='bbox 1691 982 1917 1037; x_wconf 71' lang='grc' dir='ltr'>κάκεῖνο</span> 
     </span>
    </p>
   </div>
   <div class='ocr_carea' id='block_1_7' title="bbox 331 1067 1918 1144">
    <p class='ocr_par' dir='ltr' id='par_1_7' title="bbox 331 1067 1918 1144">
     <span class='ocr_line' id='line_1_7' title="bbox 331 1067 1918 1144; baseline -0.003 -20"><span class='ocrx_word' id='word_1_41' title='bbox 331 1071 433 1142; x_wconf 77' lang='grc' dir='ltr'>τῆς</span> <span class='ocrx_word' id='word_1_42' title='bbox 479 1072 743 1143; x_wconf 89' lang='grc' dir='ltr'>ἀκριϐοῦς</span> <span class='ocrx_word' id='word_1_43' title='bbox 790 1072 1073 1140; x_wconf 83' lang='grc' dir='ltr'>θεολογίας</span> <span class='ocrx_word' id='word_1_44' title='bbox 1114 1071 1216 1144; x_wconf 81' lang='grc' dir='ltr'>τὴν</span> <span class='ocrx_word' id='word_1_45' title='bbox 1261 1070 1500 1141; x_wconf 78' lang='grc' dir='ltr'>δήλωσιν</span> <span class='ocrx_word' id='word_1_46' title='bbox 1523 1069 1716 1143; x_wconf 75' lang='grc' dir='ltr'>,Ὶάξίῳ</span> <span class='ocrx_word' id='word_1_47' title='bbox 1773 1067 1918 1138; x_wconf 86' lang='grc' dir='ltr'>μάλα</span> 
     </span>
    </p>
   </div>
   <div class='ocr_carea' id='block_1_8' title="bbox 334 1160 1919 1234">
    <p class='ocr_par' dir='ltr' id='par_1_8' title="bbox 334 1160 1919 1234">
     <span class='ocr_line' id='line_1_8' title="bbox 334 1160 1919 1234; baseline -0.001 -21"><span class='ocrx_word' id='word_1_48' title='bbox 334 1162 614 1232; x_wconf 78' lang='grc' dir='ltr'><strong>γενομένῳ</strong></span> <span class='ocrx_word' id='word_1_49' title='bbox 642 1161 722 1234; x_wconf 82' lang='grc' dir='ltr'><strong>τῷ</strong></span> <span class='ocrx_word' id='word_1_50' title='bbox 754 1162 935 1231; x_wconf 82' lang='grc' dir='ltr'>πολλῷ</span> <span class='ocrx_word' id='word_1_51' title='bbox 966 1164 1137 1232; x_wconf 81' lang='grc' dir='ltr'>ζήλῳ,</span> <span class='ocrx_word' id='word_1_52' title='bbox 1191 1162 1434 1232; x_wconf 84' lang='grc' dir='ltr'><strong>γνησίως</strong></span> <span class='ocrx_word' id='word_1_53' title='bbox 1463 1162 1535 1216; x_wconf 82' lang='grc' dir='ltr'><strong>τά</strong></span> <span class='ocrx_word' id='word_1_54' title='bbox 1585 1178 1652 1230; x_wconf 89' lang='grc' dir='ltr'><strong>γε</strong></span> <span class='ocrx_word' id='word_1_55' title='bbox 1688 1160 1919 1213; x_wconf 84' lang='grc' dir='ltr'>τοιαῦτα</span> 
     </span>
    </p>
   </div>
   <div class='ocr_carea' id='block_1_9' title="bbox 332 1253 1917 1328">
    <p class='ocr_par' dir='ltr' id='par_1_9' title="bbox 332 1253 1917 1328">
     <span class='ocr_line' id='line_1_9' title="bbox 332 1253 1917 1328; baseline -0.001 -21"><span class='ocrx_word' id='word_1_56' title='bbox 332 1256 699 1325; x_wconf 73' lang='grc' dir='ltr'>ἐμπνεῖσθαι,</span> <span class='ocrx_word' id='word_1_57' title='bbox 757 1256 1035 1328; x_wconf 73' lang='grc' dir='ltr'>ἀσφαλίζη</span> <span class='ocrx_word' id='word_1_58' title='bbox 1079 1273 1094 1288; x_wconf 79' lang='grc' dir='ltr'><strong>ο</strong></span> <span class='ocrx_word' id='word_1_59' title='bbox 1145 1255 1460 1326; x_wconf 82' lang='grc' dir='ltr'>νομοθετεῖς</span> <span class='ocrx_word' id='word_1_60' title='bbox 1517 1254 1611 1308; x_wconf 76' lang='grc' dir='ltr'><strong>ἐπὶ</strong></span> <span class='ocrx_word' id='word_1_61' title='bbox 1669 1253 1917 1314; x_wconf 56' lang='grc' dir='ltr'>τούτοιν</span> 
     </span>
    </p>
   </div>
   <div class='ocr_carea' id='block_1_10' title="bbox 336 1344 1917 1418">
    <p class='ocr_par' dir='ltr' id='par_1_10' title="bbox 336 1344 1917 1418">
     <span class='ocr_line' id='line_1_10' title="bbox 336 1344 1917 1418; baseline -0.013 -7"><span class='ocrx_word' id='word_1_62' title='bbox 336 1347 584 1417; x_wconf 82' lang='grc' dir='ltr'>οριγγοῖς</span> <span class='ocrx_word' id='word_1_63' title='bbox 615 1344 876 1418; x_wconf 81' lang='grc' dir='ltr'>μεγάλοις</span> <span class='ocrx_word' id='word_1_64' title='bbox 910 1347 973 1402; x_wconf 78' lang='grc' dir='ltr'>τὸ</span> <span class='ocrx_word' id='word_1_65' title='bbox 1000 1348 1101 1417; x_wconf 80' lang='grc' dir='ltr'>τῆς</span> <span class='ocrx_word' id='word_1_66' title='bbox 1127 1346 1417 1411; x_wconf 81' lang='grc' dir='ltr'>εὐσεϐείας</span> <span class='ocrx_word' id='word_1_67' title='bbox 1451 1346 1644 1418; x_wconf 83' lang='grc' dir='ltr'>χρῆμα</span> <span class='ocrx_word' id='word_1_68' title='bbox 1683 1361 1917 1415; x_wconf 86' lang='grc' dir='ltr'>κατοχυ-</span> 
     </span>
    </p>
   </div>
   <div class='ocr_carea' id='block_1_11' title="bbox 336 1436 1918 1512">
    <p class='ocr_par' dir='ltr' id='par_1_11' title="bbox 336 1436 1918 1512">
     <span class='ocr_line' id='line_1_11' title="bbox 336 1436 1918 1512; baseline 0.001 -21"><span class='ocrx_word' id='word_1_69' title='bbox 336 1441 448 1508; x_wconf 69' lang='lat' dir='ltr'><strong>pot;</strong></span> <span class='ocrx_word' id='word_1_70' title='bbox 470 1454 484 1469; x_wconf 77' lang='grc'><em>’</em></span> <span class='ocrx_word' id='word_1_71' title='bbox 513 1438 574 1492; x_wconf 79' lang='grc' dir='ltr'>τὸ</span> <span class='ocrx_word' id='word_1_72' title='bbox 608 1438 916 1510; x_wconf 75' lang='grc' dir='ltr'>διερρωγὸς</span> <span class='ocrx_word' id='word_1_73' title='bbox 948 1441 1247 1510; x_wconf 77' lang='grc' dir='ltr'>ἐπανάγεις</span> <span class='ocrx_word' id='word_1_74' title='bbox 1271 1455 1286 1471; x_wconf 76' lang='grc' dir='ltr'><strong>ο</strong></span> <span class='ocrx_word' id='word_1_75' title='bbox 1313 1442 1379 1512; x_wconf 83' lang='grc' dir='ltr'><strong>τῇ</strong></span> <span class='ocrx_word' id='word_1_76' title='bbox 1428 1436 1718 1510; x_wconf 80' lang='grc' dir='ltr'>ὁλομελείᾳ</span> <span class='ocrx_word' id='word_1_77' title='bbox 1752 1437 1918 1492; x_wconf 84' lang='grc' dir='ltr'>συνά-</span> 
     </span>
    </p>
   </div>
   <div class='ocr_carea' id='block_1_12' title="bbox 336 1528 1916 1603">
    <p class='ocr_par' dir='ltr' id='par_1_12' title="bbox 336 1528 1916 1603">
     <span class='ocr_line' id='line_1_12' title="bbox 336 1528 1916 1603; baseline -0.001 -18"><span class='ocrx_word' id='word_1_78' title='bbox 336 1548 510 1594; x_wconf 84' lang='grc' dir='ltr'>πτεις.</span> <span class='ocrx_word' id='word_1_79' title='bbox 536 1532 738 1585; x_wconf 77' lang='grc' dir='ltr'>Οὐκέτι</span> <span class='ocrx_word' id='word_1_80' title='bbox 791 1529 924 1603; x_wconf 83' lang='grc' dir='ltr'>παρ’</span> <span class='ocrx_word' id='word_1_81' title='bbox 967 1532 1100 1602; x_wconf 77' lang='grc' dir='ltr'>ἡμῖν</span> <span class='ocrx_word' id='word_1_82' title='bbox 1128 1530 1224 1585; x_wconf 87' lang='grc' dir='ltr'><strong>τοῦ</strong></span> <span class='ocrx_word' id='word_1_83' title='bbox 1265 1528 1460 1584; x_wconf 88' lang='grc' dir='ltr'>λοιποῦ</span> <span class='ocrx_word' id='word_1_84' title='bbox 1511 1529 1580 1583; x_wconf 83' lang='grc' dir='ltr'><strong>τὰ</strong></span> <span class='ocrx_word' id='word_1_85' title='bbox 1625 1532 1792 1586; x_wconf 81' lang='grc' dir='ltr'>καινὰ</span> <span class='ocrx_word' id='word_1_86' title='bbox 1850 1528 1916 1602; x_wconf 80' lang='grc' dir='ltr'>δὴ</span> 
     </span>
    </p>
   </div>
   <div class='ocr_carea' id='block_1_13' title="bbox 332 1622 1919 1694">
    <p class='ocr_par' dir='ltr' id='par_1_13' title="bbox 332 1622 1919 1694">
     <span class='ocr_line' id='line_1_13' title="bbox 332 1622 1919 1694; baseline -0.001 -17"><span class='ocrx_word' id='word_1_87' title='bbox 332 1624 507 1678; x_wconf 86' lang='grc' dir='ltr'>ταῦτα</span> <span class='ocrx_word' id='word_1_88' title='bbox 539 1624 650 1678; x_wconf 87' lang='grc' dir='ltr'><strong>τῶν</strong></span> <span class='ocrx_word' id='word_1_89' title='bbox 684 1624 990 1693; x_wconf 85' lang='grc' dir='ltr'>ὀνομάτων,</span> <span class='ocrx_word' id='word_1_90' title='bbox 1042 1624 1257 1688; x_wconf 75' lang='grc' dir='ltr'>Παῦλος</span> <span class='ocrx_word' id='word_1_91' title='bbox 1312 1625 1410 1678; x_wconf 75' lang='grc' dir='ltr'>καὶ</span> <span class='ocrx_word' id='word_1_92' title='bbox 1467 1625 1671 1694; x_wconf 74' lang='grc' dir='ltr'>Κηφᾶς</span> <span class='ocrx_word' id='word_1_93' title='bbox 1725 1641 1784 1675; x_wconf 86' lang='grc' dir='ltr'><strong>τε</strong></span> <span class='ocrx_word' id='word_1_94' title='bbox 1820 1622 1919 1676; x_wconf 73' lang='grc' dir='ltr'>καὶ</span> 
     </span>
    </p>
   </div>
   <div class='ocr_carea' id='block_1_14' title="bbox 348 1709 1911 1786">
    <p class='ocr_par' dir='ltr' id='par_1_14' title="bbox 348 1709 1911 1786">
     <span class='ocr_line' id='line_1_14' title="bbox 348 1709 1911 1786; baseline -0.002 -16"><span class='ocrx_word' id='word_1_95' title='bbox 348 1715 621 1779; x_wconf 78' lang='grc' dir='ltr'>Ἀπολλώς</span> <span class='ocrx_word' id='word_1_96' title='bbox 642 1732 656 1747; x_wconf 74' lang='grc' dir='ltr'><strong>σ</strong></span> <span class='ocrx_word' id='word_1_97' title='bbox 682 1714 802 1772; x_wconf 81' lang='grc' dir='ltr'>ἀλλ’</span> <span class='ocrx_word' id='word_1_98' title='bbox 826 1709 908 1778; x_wconf 73' lang='grc' dir='ltr'><strong>εἷς</strong></span> <span class='ocrx_word' id='word_1_99' title='bbox 936 1713 1258 1786; x_wconf 75' lang='grc' dir='ltr'>ἁπανταχοῦ</span> <span class='ocrx_word' id='word_1_100' title='bbox 1289 1715 1386 1768; x_wconf 76' lang='grc' dir='ltr'>καὶ</span> <span class='ocrx_word' id='word_1_101' title='bbox 1413 1715 1471 1768; x_wconf 85' lang='grc' dir='ltr'><strong>έν</strong></span> <span class='ocrx_word' id='word_1_102' title='bbox 1495 1716 1630 1767; x_wconf 84' lang='grc' dir='ltr'>πᾶσι</span> <span class='ocrx_word' id='word_1_103' title='bbox 1657 1712 1911 1781; x_wconf 87' lang='grc' dir='ltr'>Χριστός.</span> 
     </span>
    </p>
   </div>
   <div class='ocr_carea' id='block_1_15' title="bbox 349 1803 1918 1878">
    <p class='ocr_par' dir='ltr' id='par_1_15' title="bbox 349 1803 1918 1878">
     <span class='ocr_line' id='line_1_15' title="bbox 349 1803 1918 1878; baseline -0.001 -17"><span class='ocrx_word' id='word_1_104' title='bbox 349 1807 477 1862; x_wconf 76' lang='grc' dir='ltr'>Ἐπὶ</span> <span class='ocrx_word' id='word_1_105' title='bbox 515 1807 581 1878; x_wconf 79' lang='grc' dir='ltr'>δὴ</span> <span class='ocrx_word' id='word_1_106' title='bbox 641 1806 851 1869; x_wconf 80' lang='grc' dir='ltr'>τούτοις</span> <span class='ocrx_word' id='word_1_107' title='bbox 882 1807 1193 1876; x_wconf 82' lang='grc' dir='ltr'>ὑπόχαλκον</span> <span class='ocrx_word' id='word_1_108' title='bbox 1244 1803 1357 1861; x_wconf 76' lang='grc' dir='ltr'>οἷον</span> <span class='ocrx_word' id='word_1_109' title='bbox 1410 1806 1654 1876; x_wconf 73' lang='grc' dir='ltr'>ἡχοῦσαν</span> <span class='ocrx_word' id='word_1_110' title='bbox 1682 1806 1784 1877; x_wconf 78' lang='grc' dir='ltr'>τὴν</span> <span class='ocrx_word' id='word_1_111' title='bbox 1817 1805 1918 1877; x_wconf 78' lang='grc' dir='ltr'>τῆς</span> 
     </span>
    </p>
   </div>
   <div class='ocr_carea' id='block_1_16' title="bbox 335 1890 1994 1972">
    <p class='ocr_par' dir='ltr' id='par_1_16' title="bbox 335 1890 1994 1972">
     <span class='ocr_line' id='line_1_16' title="bbox 335 1890 1994 1972; baseline -0.005 -18"><span class='ocrx_word' id='word_1_112' title='bbox 335 1901 638 1971; x_wconf 77' lang='grc' dir='ltr'>ἱερωσύνης</span> <span class='ocrx_word' id='word_1_113' title='bbox 669 1903 874 1972; x_wconf 79' lang='grc' dir='ltr'>χρῖσιν,</span> <span class='ocrx_word' id='word_1_114' title='bbox 906 1899 1198 1971; x_wconf 83' lang='grc' dir='ltr'>ἀκίϐδηλον</span> <span class='ocrx_word' id='word_1_115' title='bbox 1226 1899 1320 1952; x_wconf 76' lang='grc' dir='ltr'>καὶ</span> <span class='ocrx_word' id='word_1_116' title='bbox 1348 1900 1573 1969; x_wconf 65' lang='grc' dir='ltr'>χρυσίου</span> <span class='ocrx_word' id='word_1_117' title='bbox 1604 1898 1919 1969; x_wconf 86' lang='grc' dir='ltr'>λαμπροτέ-</span> <span class='ocrx_word' id='word_1_118' title='bbox 1952 1890 1994 1946; x_wconf 83' lang='grc' dir='ltr'>Β</span> 
     </span>
    </p>
   </div>
   <div class='ocr_carea' id='block_1_17' title="bbox 337 1990 1918 2065">
    <p class='ocr_par' dir='ltr' id='par_1_17' title="bbox 337 1990 1918 2065">
     <span class='ocr_line' id='line_1_17' title="bbox 337 1990 1918 2065; baseline -0.001 -17"><span class='ocrx_word' id='word_1_119' title='bbox 337 2013 438 2065; x_wconf 88' lang='grc' dir='ltr'><strong>ραν</strong></span> <span class='ocrx_word' id='word_1_120' title='bbox 461 1993 540 2065; x_wconf 80' lang='grc' dir='ltr'>τῷ</span> <span class='ocrx_word' id='word_1_121' title='bbox 569 1994 821 2065; x_wconf 84' lang='grc' dir='ltr'>διαπύρῳ</span> <span class='ocrx_word' id='word_1_122' title='bbox 837 1993 988 2064; x_wconf 81' lang='grc' dir='ltr'><strong>ζήλῳ</strong></span> <span class='ocrx_word' id='word_1_123' title='bbox 1007 1993 1321 2063; x_wconf 81' lang='grc' dir='ltr'>ὲμφαίνεις,</span> <span class='ocrx_word' id='word_1_124' title='bbox 1352 1992 1502 2063; x_wconf 82' lang='grc' dir='ltr'>νόμῳ</span> <span class='ocrx_word' id='word_1_125' title='bbox 1525 1992 1589 2063; x_wconf 83' lang='grc' dir='ltr'>δὴ</span> <span class='ocrx_word' id='word_1_126' title='bbox 1617 1993 1713 2046; x_wconf 78' lang='grc' dir='ltr'>καὶ</span> <span class='ocrx_word' id='word_1_127' title='bbox 1733 1990 1918 2063; x_wconf 83' lang='grc' dir='ltr'>γράμ-</span> 
     </span>
    </p>
   </div>
   <div class='ocr_carea' id='block_1_18' title="bbox 212 2083 1918 2156">
    <p class='ocr_par' dir='ltr' id='par_1_18' title="bbox 212 2083 1918 2156">
     <span class='ocr_line' id='line_1_18' title="bbox 212 2083 1918 2156; baseline 0 -18"><span class='ocrx_word' id='word_1_128' title='bbox 212 2144 229 2152; x_wconf 58' lang='grc'><strong>,</strong></span> <span class='ocrx_word' id='word_1_129' title='bbox 337 2104 472 2154; x_wconf 87' lang='grc' dir='ltr'>μασι</span> <span class='ocrx_word' id='word_1_130' title='bbox 504 2085 567 2139; x_wconf 82' lang='grc' dir='ltr'>τὸ</span> <span class='ocrx_word' id='word_1_131' title='bbox 599 2086 696 2139; x_wconf 87' lang='grc' dir='ltr'><strong>τοῦ</strong></span> <span class='ocrx_word' id='word_1_132' title='bbox 731 2085 941 2156; x_wconf 85' lang='grc' dir='ltr'>τρόπου</span> <span class='ocrx_word' id='word_1_133' title='bbox 989 2085 1367 2155; x_wconf 70' lang='grc' dir='ltr'>ἀφιλάργυρον</span> <span class='ocrx_word' id='word_1_134' title='bbox 1417 2084 1778 2138; x_wconf 82' lang='grc' dir='ltr'>ἐκδιδάσκων.</span> <span class='ocrx_word' id='word_1_135' title='bbox 1807 2083 1918 2138; x_wconf 74' lang='grc' dir='ltr'>Καὶ</span> 
     </span>
    </p>
   </div>
   <div class='ocr_carea' id='block_1_19' title="bbox 337 2175 1919 2247">
    <p class='ocr_par' dir='ltr' id='par_1_19' title="bbox 337 2175 1919 2247">
     <span class='ocr_line' id='line_1_19' title="bbox 337 2175 1919 2247; baseline -0.001 -17"><span class='ocrx_word' id='word_1_136' title='bbox 337 2177 431 2230; x_wconf 88' lang='grc' dir='ltr'><strong>νῦν</strong></span> <span class='ocrx_word' id='word_1_137' title='bbox 458 2178 605 2245; x_wconf 80' lang='grc' dir='ltr'>ἱερόν</span> <span class='ocrx_word' id='word_1_138' title='bbox 638 2194 699 2229; x_wconf 73' lang='grc' dir='ltr'><strong>τι</strong></span> <span class='ocrx_word' id='word_1_139' title='bbox 718 2177 795 2246; x_wconf 83' lang='grc' dir='ltr'>τῷ</span> <span class='ocrx_word' id='word_1_140' title='bbox 826 2179 946 2231; x_wconf 65' lang='lat' dir='ltr'><strong>om</strong></span> <span class='ocrx_word' id='word_1_141' title='bbox 996 2177 1059 2230; x_wconf 83' lang='grc' dir='ltr'><strong>τὺ</strong></span> <span class='ocrx_word' id='word_1_142' title='bbox 1095 2178 1371 2247; x_wconf 81' lang='grc' dir='ltr'>ἱερᾶσθαι,</span> <span class='ocrx_word' id='word_1_143' title='bbox 1396 2177 1475 2246; x_wconf 83' lang='grc' dir='ltr'>τῷ</span> <span class='ocrx_word' id='word_1_144' title='bbox 1506 2175 1701 2247; x_wconf 83' lang='grc' dir='ltr'>πρώην</span> <span class='ocrx_word' id='word_1_145' title='bbox 1737 2176 1919 2247; x_wconf 83' lang='grc' dir='ltr'>χρόνῳ</span> 
     </span>
    </p>
   </div>
   <div class='ocr_carea' id='block_1_20' title="bbox 334 2267 1917 2341">
    <p class='ocr_par' dir='ltr' id='par_1_20' title="bbox 334 2267 1917 2341">
     <span class='ocr_line' id='line_1_20' title="bbox 334 2267 1917 2341; baseline 0.003 -22"><span class='ocrx_word' id='word_1_146' title='bbox 334 2271 454 2331; x_wconf 70' lang='grc' dir='ltr'>ταῖς</span> <span class='ocrx_word' id='word_1_147' title='bbox 481 2269 832 2338; x_wconf 85' lang='grc' dir='ltr'>καταμικρὸν</span> <span class='ocrx_word' id='word_1_148' title='bbox 852 2268 1184 2341; x_wconf 80' lang='grc' dir='ltr'>παραλόγοις</span> <span class='ocrx_word' id='word_1_149' title='bbox 1212 2267 1571 2338; x_wconf 83' lang='grc' dir='ltr'>κιϐδηλευ¹.’ὲν</span> <span class='ocrx_word' id='word_1_150' title='bbox 1597 2268 1917 2338; x_wconf 76' lang='grc' dir='ltr'>ἐκτροπαῖς.</span> 
     </span>
    </p>
   </div>
   <div class='ocr_carea' id='block_1_21' title="bbox 336 2360 1920 2435">
    <p class='ocr_par' dir='ltr' id='par_1_21' title="bbox 336 2360 1920 2435">
     <span class='ocr_line' id='line_1_21' title="bbox 336 2360 1920 2435; baseline 0.001 -21"><span class='ocrx_word' id='word_1_151' title='bbox 336 2360 630 2432; x_wconf 81' lang='grc' dir='ltr'>Σεμνύνεις</span> <span class='ocrx_word' id='word_1_152' title='bbox 665 2361 727 2415; x_wconf 84' lang='grc' dir='ltr'><strong>τδ</strong></span> <span class='ocrx_word' id='word_1_153' title='bbox 759 2363 945 2435; x_wconf 82' lang='grc' dir='ltr'>σχῆμα</span> <span class='ocrx_word' id='word_1_154' title='bbox 999 2365 1101 2434; x_wconf 80' lang='grc' dir='ltr'>τῆς</span> <span class='ocrx_word' id='word_1_155' title='bbox 1137 2363 1495 2434; x_wconf 82' lang='grc' dir='ltr'>Ἐκκλησίας,</span> <span class='ocrx_word' id='word_1_156' title='bbox 1531 2363 1618 2417; x_wconf 86' lang='grc' dir='ltr'><strong>ἀεί</strong></span> <span class='ocrx_word' id='word_1_157' title='bbox 1663 2380 1718 2416; x_wconf 88' lang='grc' dir='ltr'><strong>τι</strong></span> <span class='ocrx_word' id='word_1_158' title='bbox 1756 2362 1920 2416; x_wconf 86' lang='grc' dir='ltr'>πλέον</span> 
     </span>
    </p>
   </div>
   <div class='ocr_carea' id='block_1_22' title="bbox 339 2454 1923 2527">
    <p class='ocr_par' dir='ltr' id='par_1_22' title="bbox 339 2454 1923 2527">
     <span class='ocr_line' id='line_1_22' title="bbox 339 2454 1923 2527; baseline 0.001 -21"><span class='ocrx_word' id='word_1_159' title='bbox 339 2454 593 2520; x_wconf 83' lang='grc' dir='ltr'>ὲπινοῶν,</span> <span class='ocrx_word' id='word_1_160' title='bbox 623 2457 717 2507; x_wconf 76' lang='grc' dir='ltr'>καὶ</span> <span class='ocrx_word' id='word_1_161' title='bbox 739 2454 1025 2508; x_wconf 81' lang='grc' dir='ltr'>λεπτύνων</span> <span class='ocrx_word' id='word_1_162' title='bbox 1057 2455 1259 2524; x_wconf 81' lang='grc' dir='ltr'>ἄριστα</span> <span class='ocrx_word' id='word_1_163' title='bbox 1301 2455 1402 2527; x_wconf 80' lang='grc' dir='ltr'>τὴν</span> <span class='ocrx_word' id='word_1_164' title='bbox 1439 2455 1574 2526; x_wconf 70' lang='grc' dir='ltr'>πρὸς</span> <span class='ocrx_word' id='word_1_165' title='bbox 1602 2454 1661 2510; x_wconf 75' lang='grc' dir='ltr'><strong>τὸ</strong></span> <span class='ocrx_word' id='word_1_166' title='bbox 1688 2455 1923 2527; x_wconf 83' lang='grc' dir='ltr'>ἀρχέτυ-</span> 
     </span>
    </p>
   </div>
   <div class='ocr_carea' id='block_1_23' title="bbox 340 2547 1926 2620">
    <p class='ocr_par' dir='ltr' id='par_1_23' title="bbox 340 2547 1926 2620">
     <span class='ocr_line' id='line_1_23' title="bbox 340 2547 1926 2620; baseline 0.001 -21"><span class='ocrx_word' id='word_1_167' title='bbox 340 2565 442 2601; x_wconf 77' lang='grc' dir='ltr'><strong>πον</strong></span> <span class='ocrx_word' id='word_1_168' title='bbox 472 2548 836 2617; x_wconf 76' lang='grc' dir='ltr'>ἀφομοεωσιν.</span> <span class='ocrx_word' id='word_1_169' title='bbox 862 2548 1227 2618; x_wconf 82' lang='grc' dir='ltr'>Φαιδροτέρας</span> <span class='ocrx_word' id='word_1_170' title='bbox 1253 2547 1527 2620; x_wconf 78' lang='grc' dir='ltr'>ὲξεργάζῃ</span> <span class='ocrx_word' id='word_1_171' title='bbox 1550 2548 1651 2610; x_wconf 69' lang='grc' dir='ltr'><strong>τὰς</strong></span> <span class='ocrx_word' id='word_1_172' title='bbox 1679 2547 1926 2618; x_wconf 86' lang='grc' dir='ltr'>πανηγύ-</span> 
     </span>
    </p>
   </div>
   <div class='ocr_carea' id='block_1_24' title="bbox 343 2638 1922 2711">
    <p class='ocr_par' dir='ltr' id='par_1_24' title="bbox 343 2638 1922 2711">
     <span class='ocr_line' id='line_1_24' title="bbox 343 2638 1922 2711; baseline 0.001 -19"><span class='ocrx_word' id='word_1_173' title='bbox 343 2658 480 2711; x_wconf 90' lang='grc' dir='ltr'>ρεις,</span> <span class='ocrx_word' id='word_1_174' title='bbox 516 2640 577 2692; x_wconf 82' lang='grc' dir='ltr'><strong>οὐ</strong></span> <span class='ocrx_word' id='word_1_175' title='bbox 627 2642 789 2710; x_wconf 84' lang='grc' dir='ltr'>μόνον</span> <span class='ocrx_word' id='word_1_176' title='bbox 831 2639 1160 2711; x_wconf 75' lang='grc' dir='ltr'>πολυτελείᾳ</span> <span class='ocrx_word' id='word_1_177' title='bbox 1197 2640 1393 2709; x_wconf 80' lang='grc' dir='ltr'>φώτων</span> <span class='ocrx_word' id='word_1_178' title='bbox 1441 2639 1628 2710; x_wconf 80' lang='grc' dir='ltr'>κύκλῳ</span> <span class='ocrx_word' id='word_1_179' title='bbox 1675 2638 1767 2697; x_wconf 70' lang='grc' dir='ltr'><strong>διὰ</strong></span> <span class='ocrx_word' id='word_1_180' title='bbox 1811 2640 1922 2693; x_wconf 85' lang='grc' dir='ltr'><strong>τῶν</strong></span> 
     </span>
    </p>
   </div>
   <div class='ocr_carea' id='block_1_25' title="bbox 338 2731 1922 2804">
    <p class='ocr_par' dir='ltr' id='par_1_25' title="bbox 338 2731 1922 2804">
     <span class='ocr_line' id='line_1_25' title="bbox 338 2731 1922 2804; baseline -0.001 -15"><span class='ocrx_word' id='word_1_181' title='bbox 338 2734 586 2789; x_wconf 82' lang='grc' dir='ltr'>ἁλύσεων</span> <span class='ocrx_word' id='word_1_182' title='bbox 642 2732 989 2804; x_wconf 82' lang='grc' dir='ltr'>ἀνερπόντων</span> <span class='ocrx_word' id='word_1_183' title='bbox 1051 2734 1147 2787; x_wconf 79' lang='grc' dir='ltr'>καὶ</span> <span class='ocrx_word' id='word_1_184' title='bbox 1202 2731 1553 2803; x_wconf 76' lang='grc' dir='ltr'>διᾳττόντων,</span> <span class='ocrx_word' id='word_1_185' title='bbox 1606 2731 1810 2803; x_wconf 80' lang='grc' dir='ltr'>νοερῶν</span> <span class='ocrx_word' id='word_1_186' title='bbox 1861 2750 1922 2787; x_wconf 87' lang='grc' dir='ltr'><strong>τε</strong></span> 
     </span>
    </p>
   </div>
   <div class='ocr_carea' id='block_1_26' title="bbox 340 2825 1925 2899">
    <p class='ocr_par' dir='ltr' id='par_1_26' title="bbox 340 2825 1925 2899">
     <span class='ocr_line' id='line_1_26' title="bbox 340 2825 1925 2899; baseline 0.002 -20"><span class='ocrx_word' id='word_1_187' title='bbox 340 2828 646 2896; x_wconf 82' lang='grc' dir='ltr'>ταγμάτων</span> <span class='ocrx_word' id='word_1_188' title='bbox 695 2826 1075 2891; x_wconf 76' lang='grc' dir='ltr'>είκονιξόντων</span> <span class='ocrx_word' id='word_1_189' title='bbox 1125 2827 1223 2879; x_wconf 78' lang='grc' dir='ltr'>καὶ</span> <span class='ocrx_word' id='word_1_190' title='bbox 1261 2825 1500 2896; x_wconf 64' lang='grc' dir='ltr'>ἀριομὲιν</span> <span class='ocrx_word' id='word_1_191' title='bbox 1530 2826 1626 2881; x_wconf 79' lang='grc' dir='ltr'>καὶ</span> <span class='ocrx_word' id='word_1_192' title='bbox 1670 2825 1925 2899; x_wconf 83' lang='grc' dir='ltr'>λαμπρό·</span> 
     </span>
    </p>
   </div>
   <div class='ocr_carea' id='block_1_27' title="bbox 343 2918 1924 2991">
    <p class='ocr_par' dir='ltr' id='par_1_27' title="bbox 343 2918 1924 2991">
     <span class='ocr_line' id='line_1_27' title="bbox 343 2918 1924 2991; baseline 0.003 -20"><span class='ocrx_word' id='word_1_193' title='bbox 343 2937 506 2990; x_wconf 84' lang='grc' dir='ltr'>τητα.</span> <span class='ocrx_word' id='word_1_194' title='bbox 556 2922 650 2973; x_wconf 75' lang='grc' dir='ltr'>καὶ</span> <span class='ocrx_word' id='word_1_195' title='bbox 688 2919 892 2973; x_wconf 77' lang='grc' dir='ltr'>ὡσανεὶ</span> <span class='ocrx_word' id='word_1_196' title='bbox 930 2918 1274 2990; x_wconf 87' lang='grc' dir='ltr'>κατάστερον</span> <span class='ocrx_word' id='word_1_197' title='bbox 1308 2919 1368 2972; x_wconf 69' lang='grc' dir='ltr'>ἐν</span> <span class='ocrx_word' id='word_1_198' title='bbox 1414 2920 1720 2991; x_wconf 74' lang='grc' dir='ltr'>ἀπορρήτῳ</span> <span class='ocrx_word' id='word_1_199' title='bbox 1768 2921 1924 2975; x_wconf 75' lang='grc' dir='ltr'>νυκτὶ</span> 
     </span>
    </p>
   </div>
   <div class='ocr_carea' id='block_1_28' title="bbox 342 3010 1924 3086">
    <p class='ocr_par' dir='ltr' id='par_1_28' title="bbox 342 3010 1924 3086">
     <span class='ocr_line' id='line_1_28' title="bbox 342 3010 1924 3086; baseline 0.002 -22"><span class='ocrx_word' id='word_1_200' title='bbox 342 3013 405 3064; x_wconf 70' lang='grc' dir='ltr'>τὸ</span> <span class='ocrx_word' id='word_1_201' title='bbox 437 3013 579 3081; x_wconf 83' lang='grc' dir='ltr'>μέγα</span> <span class='ocrx_word' id='word_1_202' title='bbox 614 3010 773 3066; x_wconf 87' lang='grc' dir='ltr'>τοῦτο</span> <span class='ocrx_word' id='word_1_203' title='bbox 802 3014 897 3066; x_wconf 76' lang='grc' dir='ltr'><strong>καὶ</strong></span> <span class='ocrx_word' id='word_1_204' title='bbox 928 3012 1176 3082; x_wconf 83' lang='grc' dir='ltr'>αἰθέριον</span> <span class='ocrx_word' id='word_1_205' title='bbox 1211 3013 1365 3084; x_wconf 89' lang='grc' dir='ltr'>χύμα</span> <span class='ocrx_word' id='word_1_206' title='bbox 1404 3014 1501 3066; x_wconf 86' lang='grc' dir='ltr'><strong>τοῦ</strong></span> <span class='ocrx_word' id='word_1_207' title='bbox 1535 3012 1815 3086; x_wconf 79' lang='grc' dir='ltr'>δευτέρου,</span> <span class='ocrx_word' id='word_1_208' title='bbox 1847 3015 1924 3077; x_wconf 87' lang='grc' dir='ltr'>ὡς</span> 
     </span>
    </p>
   </div>
   <div class='ocr_carea' id='block_1_29' title="bbox 345 3100 1925 3179">
    <p class='ocr_par' dir='ltr' id='par_1_29' title="bbox 345 3100 1925 3179">
     <span class='ocr_line' id='line_1_29' title="bbox 345 3100 1925 3179; baseline 0.003 -23"><span class='ocrx_word' id='word_1_209' title='bbox 345 3107 546 3166; x_wconf 79' lang='grc' dir='ltr'>εἰπεῖν,</span> <span class='ocrx_word' id='word_1_210' title='bbox 581 3107 673 3158; x_wconf 72' lang='grc' dir='ltr'>καὶ</span> <span class='ocrx_word' id='word_1_211' title='bbox 707 3105 900 3174; x_wconf 86' lang='grc' dir='ltr'>νοητοῦ</span> <span class='ocrx_word' id='word_1_212' title='bbox 929 3104 1315 3176; x_wconf 85' lang='grc' dir='ltr'>στερεώματος</span> <span class='ocrx_word' id='word_1_213' title='bbox 1358 3106 1818 3179; x_wconf 84' lang='grc' dir='ltr'>προδεικνύντων,</span> <span class='ocrx_word' id='word_1_214' title='bbox 1848 3100 1925 3162; x_wconf 82' lang='grc' dir='ltr'><strong>ὧν</strong></span> 
     </span>
    </p>
   </div>
   <div class='ocr_carea' id='block_1_30' title="bbox 344 3193 1998 3288">
    <p class='ocr_par' dir='ltr' id='par_1_30' title="bbox 344 3193 1998 3288">
     <span class='ocr_line' id='line_1_30' title="bbox 344 3193 1998 3288; baseline 0.003 -39"><span class='ocrx_word' id='word_1_215' title='bbox 344 3199 504 3260; x_wconf 70' lang='grc' dir='ltr'>αὐτὸς</span> <span class='ocrx_word' id='word_1_216' title='bbox 543 3198 602 3248; x_wconf 80' lang='grc' dir='ltr'>ἐν</span> <span class='ocrx_word' id='word_1_217' title='bbox 635 3198 788 3267; x_wconf 81' lang='grc' dir='ltr'>μέσῳ</span> <span class='ocrx_word' id='word_1_218' title='bbox 816 3193 908 3252; x_wconf 73' lang='grc' dir='ltr'><strong>οἷά</strong></span> <span class='ocrx_word' id='word_1_219' title='bbox 948 3215 1054 3263; x_wconf 85' lang='grc' dir='ltr'>τις,</span> <span class='ocrx_word' id='word_1_220' title='bbox 1084 3199 1145 3252; x_wconf 71' lang='grc' dir='ltr'>τὸ</span> <span class='ocrx_word' id='word_1_221' title='bbox 1172 3196 1323 3263; x_wconf 81' lang='grc' dir='ltr'>ξένον</span> <span class='ocrx_word' id='word_1_222' title='bbox 1352 3201 1436 3263; x_wconf 85' lang='grc' dir='ltr'><strong>είς</strong></span> <span class='ocrx_word' id='word_1_223' title='bbox 1475 3199 1669 3269; x_wconf 74' lang='grc' dir='ltr'>ἀκοὴν,</span> <span class='ocrx_word' id='word_1_224' title='bbox 1718 3202 1926 3254; x_wconf 81' lang='grc' dir='ltr'>πανσέ-</span> <span class='ocrx_word' id='word_1_225' title='bbox 1953 3230 1998 3288; x_wconf 73' lang='lat' dir='ltr'>c</span> 
     </span>
    </p>
   </div>
   <div class='ocr_carea' id='block_1_31' title="bbox 344 3288 1927 3361">
    <p class='ocr_par' dir='ltr' id='par_1_31' title="bbox 344 3288 1927 3361">
     <span class='ocr_line' id='line_1_31' title="bbox 344 3288 1927 3361; baseline 0.004 -22"><span class='ocrx_word' id='word_1_226' title='bbox 344 3289 503 3358; x_wconf 83' lang='grc' dir='ltr'>ληνος</span> <span class='ocrx_word' id='word_1_227' title='bbox 562 3290 716 3360; x_wconf 78' lang='grc' dir='ltr'>ἥλιος</span> <span class='ocrx_word' id='word_1_228' title='bbox 771 3293 1121 3361; x_wconf 84' lang='grc' dir='ltr'>φρυκτωρεῖς</span> <span class='ocrx_word' id='word_1_229' title='bbox 1145 3309 1159 3322; x_wconf 84' lang='grc'><strong><em>-</em></strong></span> <span class='ocrx_word' id='word_1_230' title='bbox 1192 3291 1455 3347; x_wconf 71' lang='grc' dir='ltr'>ἀλλὰκαὶ</span> <span class='ocrx_word' id='word_1_231' title='bbox 1489 3296 1601 3356; x_wconf 87' lang='grc' dir='ltr'>τοῖς</span> <span class='ocrx_word' id='word_1_232' title='bbox 1622 3292 1805 3356; x_wconf 81' lang='grc' dir='ltr'>ἄλλοις</span> <span class='ocrx_word' id='word_1_233' title='bbox 1844 3288 1927 3358; x_wconf 78' lang='grc' dir='ltr'>οἷς</span> 
     </span>
    </p>
   </div>
   <div class='ocr_carea' id='block_1_32' title="bbox 343 3379 1928 3455">
    <p class='ocr_par' dir='ltr' id='par_1_32' title="bbox 343 3379 1928 3455">
     <span class='ocr_line' id='line_1_32' title="bbox 343 3379 1928 3455; baseline 0.004 -24"><span class='ocrx_word' id='word_1_234' title='bbox 343 3382 404 3431; x_wconf 75' lang='grc' dir='ltr'>τὸ</span> <span class='ocrx_word' id='word_1_235' title='bbox 433 3379 585 3433; x_wconf 77' lang='grc' dir='ltr'>Θεῖον</span> <span class='ocrx_word' id='word_1_236' title='bbox 609 3380 1008 3449; x_wconf 76' lang='grc' dir='ltr'>ἐπιγάννυσθαι</span> <span class='ocrx_word' id='word_1_237' title='bbox 1032 3382 1214 3448; x_wconf 76' lang='grc' dir='ltr'>εἴωθε,</span> <span class='ocrx_word' id='word_1_238' title='bbox 1246 3382 1461 3437; x_wconf 87' lang='grc' dir='ltr'>σκευῶν</span> <span class='ocrx_word' id='word_1_239' title='bbox 1489 3384 1550 3455; x_wconf 85' lang='grc' dir='ltr'>δή</span> <span class='ocrx_word' id='word_1_240' title='bbox 1583 3401 1746 3439; x_wconf 87' lang='grc' dir='ltr'>τινων</span> <span class='ocrx_word' id='word_1_241' title='bbox 1768 3385 1928 3455; x_wconf 78' lang='grc' dir='ltr'>ξένην</span> 
     </span>
    </p>
   </div>
   <div class='ocr_carea' id='block_1_33' title="bbox 346 3472 1926 3547">
    <p class='ocr_par' dir='ltr' id='par_1_33' title="bbox 346 3472 1926 3547">
     <span class='ocr_line' id='line_1_33' title="bbox 346 3472 1926 3547; baseline 0.003 -22"><span class='ocrx_word' id='word_1_242' title='bbox 346 3473 442 3526; x_wconf 67' lang='grc' dir='ltr'>καὶ</span> <span class='ocrx_word' id='word_1_243' title='bbox 467 3472 589 3541; x_wconf 75' lang='grc' dir='ltr'>ὄψιν</span> <span class='ocrx_word' id='word_1_244' title='bbox 624 3475 719 3527; x_wconf 72' lang='grc' dir='ltr'>καὶ</span> <span class='ocrx_word' id='word_1_245' title='bbox 752 3476 941 3545; x_wconf 84' lang='grc' dir='ltr'>σχῆμα</span> <span class='ocrx_word' id='word_1_246' title='bbox 972 3476 1414 3546; x_wconf 81' lang='grc' dir='ltr'>προϊσχομένων,</span> <span class='ocrx_word' id='word_1_247' title='bbox 1450 3477 1653 3547; x_wconf 82' lang='grc' dir='ltr'>φρίκης</span> <span class='ocrx_word' id='word_1_248' title='bbox 1684 3477 1926 3545; x_wconf 79' lang='grc' dir='ltr'>ἀτεχνῶς</span> 
     </span>
    </p>
   </div>
   <div class='ocr_carea' id='block_1_34' title="bbox 344 3564 1928 3638">
    <p class='ocr_par' dir='ltr' id='par_1_34' title="bbox 344 3564 1928 3638">
     <span class='ocr_line' id='line_1_34' title="bbox 344 3564 1928 3638; baseline 0.002 -21"><span class='ocrx_word' id='word_1_249' title='bbox 344 3564 646 3636; x_wconf 81' lang='grc' dir='ltr'>γέμουσαν.</span> <span class='ocrx_word' id='word_1_250' title='bbox 690 3567 817 3631; x_wconf 87' lang='grc' dir='ltr'><strong>Πῶς</strong></span> <span class='ocrx_word' id='word_1_251' title='bbox 847 3567 892 3621; x_wconf 90' lang='grc' dir='ltr'>δ’</span> <span class='ocrx_word' id='word_1_252' title='bbox 920 3568 986 3623; x_wconf 79' lang='grc' dir='ltr'>ἄν</span> <span class='ocrx_word' id='word_1_253' title='bbox 1027 3585 1111 3631; x_wconf 84' lang='grc' dir='ltr'><strong>τις</strong></span> <span class='ocrx_word' id='word_1_254' title='bbox 1144 3567 1430 3638; x_wconf 82' lang='grc' dir='ltr'>φράσειεν,</span> <span class='ocrx_word' id='word_1_255' title='bbox 1465 3566 1621 3631; x_wconf 84' lang='grc' dir='ltr'>ὅσαις</span> <span class='ocrx_word' id='word_1_256' title='bbox 1653 3568 1750 3638; x_wconf 83' lang='grc' dir='ltr'>τὴν</span> <span class='ocrx_word' id='word_1_257' title='bbox 1804 3567 1928 3620; x_wconf 86' lang='grc' dir='ltr'>καθ’</span> 
     </span>
    </p>
   </div>
   <div class='ocr_carea' id='block_1_35' title="bbox 344 3657 1930 3729">
    <p class='ocr_par' dir='ltr' id='par_1_35' title="bbox 344 3657 1930 3729">
     <span class='ocr_line' id='line_1_35' title="bbox 344 3657 1930 3729; baseline 0 -18"><span class='ocrx_word' id='word_1_258' title='bbox 344 3658 497 3728; x_wconf 77' lang='grc' dir='ltr'>ἡμᾶς</span> <span class='ocrx_word' id='word_1_259' title='bbox 529 3658 816 3729; x_wconf 81' lang='grc' dir='ltr'>ίεραρχίαν</span> <span class='ocrx_word' id='word_1_260' title='bbox 852 3658 1097 3726; x_wconf 77' lang='grc' dir='ltr'>ὲξάλλοις</span> <span class='ocrx_word' id='word_1_261' title='bbox 1128 3660 1226 3712; x_wconf 75' lang='grc' dir='ltr'>καὶ</span> <span class='ocrx_word' id='word_1_262' title='bbox 1256 3657 1534 3723; x_wconf 84' lang='grc' dir='ltr'>ποικίλαις</span> <span class='ocrx_word' id='word_1_263' title='bbox 1579 3660 1798 3722; x_wconf 84' lang='grc' dir='ltr'>στολαῖς</span> <span class='ocrx_word' id='word_1_264' title='bbox 1828 3677 1930 3712; x_wconf 84' lang='grc' dir='ltr'>κα-</span> 
     </span>
    </p>
   </div>
   <div class='ocr_carea' id='block_1_36' title="bbox 347 3749 1925 3822">
    <p class='ocr_par' dir='ltr' id='par_1_36' title="bbox 347 3749 1925 3822">
     <span class='ocr_line' id='line_1_36' title="bbox 347 3749 1925 3822; baseline 0.001 -19"><span class='ocrx_word' id='word_1_265' title='bbox 347 3750 673 3822; x_wconf 87' lang='grc' dir='ltr'>τηγλάῖσας,</span> <span class='ocrx_word' id='word_1_266' title='bbox 705 3751 873 3822; x_wconf 79' lang='grc' dir='ltr'>μηδὲν</span> <span class='ocrx_word' id='word_1_267' title='bbox 905 3752 1016 3807; x_wconf 88' lang='grc' dir='ltr'><strong>τῶν</strong></span> <span class='ocrx_word' id='word_1_268' title='bbox 1071 3752 1152 3814; x_wconf 86' lang='grc' dir='ltr'><strong>είς</strong></span> <span class='ocrx_word' id='word_1_269' title='bbox 1186 3749 1538 3804; x_wconf 84' lang='grc' dir='ltr'>πολυτέλειαν</span> <span class='ocrx_word' id='word_1_270' title='bbox 1572 3751 1710 3822; x_wconf 75' lang='grc' dir='ltr'>αὐτῇ</span> <span class='ocrx_word' id='word_1_271' title='bbox 1744 3769 1925 3821; x_wconf 83' lang='grc' dir='ltr'>παρα-</span> 
     </span>
    </p>
   </div>
   <div class='ocr_carea' id='block_1_37' title="bbox 340 3841 1928 3916">
    <p class='ocr_par' dir='ltr' id='par_1_37' title="bbox 340 3841 1928 3916">
     <span class='ocr_line' id='line_1_37' title="bbox 340 3841 1928 3916; baseline 0.004 -24"><span class='ocrx_word' id='word_1_272' title='bbox 340 3842 639 3908; x_wconf 77' lang='grc' dir='ltr'>.λιλοιπὼς,</span> <span class='ocrx_word' id='word_1_273' title='bbox 680 3842 868 3915; x_wconf 86' lang='grc' dir='ltr'>χρυσῷ</span> <span class='ocrx_word' id='word_1_274' title='bbox 899 3844 947 3897; x_wconf 87' lang='grc' dir='ltr'>τ’</span> <span class='ocrx_word' id='word_1_275' title='bbox 983 3841 1263 3915; x_wconf 80' lang='grc' dir='ltr'>ἀκιϐδήλῳ</span> <span class='ocrx_word' id='word_1_276' title='bbox 1309 3843 1600 3916; x_wconf 85' lang='grc' dir='ltr'>τιμαλφῶν</span> <span class='ocrx_word' id='word_1_277' title='bbox 1649 3861 1709 3898; x_wconf 84' lang='grc' dir='ltr'><strong>τε</strong></span> <span class='ocrx_word' id='word_1_278' title='bbox 1763 3843 1928 3900; x_wconf 89' lang='grc' dir='ltr'>λίθων</span> 
     </span>
    </p>
   </div>
   <div class='ocr_carea' id='block_1_38' title="bbox 351 3934 1927 4006">
    <p class='ocr_par' dir='ltr' id='par_1_38' title="bbox 351 3934 1927 4006">
     <span class='ocr_line' id='line_1_38' title="bbox 351 3934 1927 4006; baseline 0.003 -19"><span class='ocrx_word' id='word_1_279' title='bbox 351 3937 452 3988; x_wconf 73' lang='grc' dir='ltr'>’καὶ</span> <span class='ocrx_word' id='word_1_280' title='bbox 483 3934 787 4005; x_wconf 82' lang='grc' dir='ltr'>μαργάρων</span> <span class='ocrx_word' id='word_1_281' title='bbox 826 3936 940 3991; x_wconf 74' lang='grc' dir='ltr'>τισὶ</span> <span class='ocrx_word' id='word_1_282' title='bbox 977 3935 1284 4006; x_wconf 85' lang='grc' dir='ltr'>διαυγείαις</span> <span class='ocrx_word' id='word_1_283' title='bbox 1326 3937 1422 3990; x_wconf 83' lang='grc' dir='ltr'>καὶ</span> <span class='ocrx_word' id='word_1_284' title='bbox 1459 3934 1830 4006; x_wconf 77' lang='grc' dir='ltr'>καθαρότησις</span> <span class='ocrx_word' id='word_1_285' title='bbox 1860 3936 1927 3991; x_wconf 86' lang='grc' dir='ltr'><strong>δι’</strong></span> 
     </span>
    </p>
   </div>
   <div class='ocr_carea' id='block_1_39' title="bbox 350 4022 1930 4101">
    <p class='ocr_par' dir='ltr' id='par_1_39' title="bbox 350 4022 1930 4101">
     <span class='ocr_line' id='line_1_39' title="bbox 350 4022 1930 4101; baseline 0.001 -18"><span class='ocrx_word' id='word_1_286' title='bbox 350 4022 426 4083; x_wconf 79' lang='grc' dir='ltr'>ὧν</span> <span class='ocrx_word' id='word_1_287' title='bbox 479 4028 738 4083; x_wconf 84' lang='grc' dir='ltr'>ἁπάντων</span> <span class='ocrx_word' id='word_1_288' title='bbox 778 4029 808 4081; x_wconf 82' lang='grc' dir='ltr'>ὁ</span> <span class='ocrx_word' id='word_1_289' title='bbox 853 4029 946 4092; x_wconf 81' lang='grc' dir='ltr'>σὸς</span> <span class='ocrx_word' id='word_1_290' title='bbox 992 4030 1125 4101; x_wconf 77' lang='grc' dir='ltr'>περὶ</span> <span class='ocrx_word' id='word_1_291' title='bbox 1170 4027 1273 4099; x_wconf 82' lang='grc' dir='ltr'>τὴν</span> <span class='ocrx_word' id='word_1_292' title='bbox 1317 4028 1558 4100; x_wconf 88' lang='grc' dir='ltr'>Χριστοῦ</span> <span class='ocrx_word' id='word_1_293' title='bbox 1597 4027 1930 4101; x_wconf 85' lang='grc' dir='ltr'>Ἐκκλησίαν</span> 
     </span>
    </p>
   </div>
   <div class='ocr_carea' id='block_1_40' title="bbox 348 4120 1932 4194">
    <p class='ocr_par' dir='ltr' id='par_1_40' title="bbox 348 4120 1932 4194">
     <span class='ocr_line' id='line_1_40' title="bbox 348 4120 1932 4194; baseline -0.001 -17"><span class='ocrx_word' id='word_1_294' title='bbox 348 4122 631 4193; x_wconf 79' lang='grc' dir='ltr'>ἄφραστος</span> <span class='ocrx_word' id='word_1_295' title='bbox 660 4123 753 4176; x_wconf 75' lang='grc' dir='ltr'>καὶ</span> <span class='ocrx_word' id='word_1_296' title='bbox 776 4120 915 4186; x_wconf 82' lang='grc' dir='ltr'>ζέων</span> <span class='ocrx_word' id='word_1_297' title='bbox 942 4121 1318 4194; x_wconf 84' lang='grc' dir='ltr'>διαφερόντως</span> <span class='ocrx_word' id='word_1_298' title='bbox 1352 4122 1497 4193; x_wconf 81' lang='grc' dir='ltr'>μάλα</span> <span class='ocrx_word' id='word_1_299' title='bbox 1520 4121 1799 4178; x_wconf 84' lang='grc' dir='ltr'>δείκνυται</span> <span class='ocrx_word' id='word_1_300' title='bbox 1839 4122 1932 4175; x_wconf 82' lang='grc' dir='ltr'>πό-</span> 
     </span>
    </p>
   </div>
   <div class='ocr_carea' id='block_1_41' title="bbox 350 4209 1932 4285">
    <p class='ocr_par' dir='ltr' id='par_1_41' title="bbox 350 4209 1932 4285">
     <span class='ocr_line' id='line_1_41' title="bbox 350 4209 1932 4285; baseline -0.001 -15"><span class='ocrx_word' id='word_1_301' title='bbox 350 4215 464 4278; x_wconf 87' lang='grc' dir='ltr'>θος.</span> <span class='ocrx_word' id='word_1_302' title='bbox 495 4214 562 4270; x_wconf 87' lang='grc' dir='ltr'>Τί</span> <span class='ocrx_word' id='word_1_303' title='bbox 600 4209 732 4279; x_wconf 77' lang='grc' dir='ltr'>οὖνς</span> <span class='ocrx_word' id='word_1_304' title='bbox 771 4213 888 4267; x_wconf 83' lang='grc' dir='ltr'>ἀλλ’</span> <span class='ocrx_word' id='word_1_305' title='bbox 922 4213 1067 4268; x_wconf 79' lang='grc' dir='ltr'>οὕτω</span> <span class='ocrx_word' id='word_1_306' title='bbox 1096 4215 1199 4285; x_wconf 79' lang='grc' dir='ltr'>μὲν</span> <span class='ocrx_word' id='word_1_307' title='bbox 1227 4213 1360 4284; x_wconf 78' lang='grc' dir='ltr'>περὶ</span> <span class='ocrx_word' id='word_1_308' title='bbox 1393 4214 1494 4285; x_wconf 83' lang='grc' dir='ltr'>τὴν</span> <span class='ocrx_word' id='word_1_309' title='bbox 1516 4213 1680 4269; x_wconf 80' lang='grc' dir='ltr'>ἀῦλον</span> <span class='ocrx_word' id='word_1_310' title='bbox 1705 4215 1800 4269; x_wconf 79' lang='grc' dir='ltr'>καὶ</span> <span class='ocrx_word' id='word_1_311' title='bbox 1823 4231 1932 4269; x_wconf 87' lang='grc' dir='ltr'>νοε-</span> 
     </span>
    </p>
   </div>
   <div class='ocr_carea' id='block_1_42' title="bbox 356 4304 1929 4378">
    <p class='ocr_par' dir='ltr' id='par_1_42' title="bbox 356 4304 1929 4378">
     <span class='ocr_line' id='line_1_42' title="bbox 356 4304 1929 4378; baseline -0.004 -15"><span class='ocrx_word' id='word_1_312' title='bbox 356 4307 459 4378; x_wconf 84' lang='grc' dir='ltr'><strong>ράν</strong></span> <span class='ocrx_word' id='word_1_313' title='bbox 511 4305 855 4377; x_wconf 85' lang='grc' dir='ltr'>Ἐκκλησίαν,</span> <span class='ocrx_word' id='word_1_314' title='bbox 902 4305 1008 4377; x_wconf 75' lang='grc' dir='ltr'>τὴν</span> <span class='ocrx_word' id='word_1_315' title='bbox 1055 4304 1340 4359; x_wconf 84' lang='grc' dir='ltr'>εὐσέϐειαν</span> <span class='ocrx_word' id='word_1_316' title='bbox 1391 4304 1557 4374; x_wconf 80' lang='grc' dir='ltr'>λέγοι,</span> <span class='ocrx_word' id='word_1_317' title='bbox 1596 4305 1929 4378; x_wconf 79' lang='grc' dir='ltr'>διαγωνίζῃ·</span> 
     </span>
    </p>
   </div>
   <div class='ocr_carea' id='block_1_43' title="bbox 349 4396 1932 4470">
    <p class='ocr_par' dir='ltr' id='par_1_43' title="bbox 349 4396 1932 4470">
     <span class='ocr_line' id='line_1_43' title="bbox 349 4396 1932 4470; baseline 0.001 -18"><span class='ocrx_word' id='word_1_318' title='bbox 349 4401 420 4470; x_wconf 78' lang='grc' dir='ltr'><strong>τῇ</strong></span> <span class='ocrx_word' id='word_1_319' title='bbox 472 4398 528 4452; x_wconf 81' lang='grc' dir='ltr'>δὲ</span> <span class='ocrx_word' id='word_1_320' title='bbox 569 4398 629 4466; x_wconf 76' lang='grc' dir='ltr'><strong>ἐξ</strong></span> <span class='ocrx_word' id='word_1_321' title='bbox 668 4397 802 4467; x_wconf 74' lang='grc' dir='ltr'>ὕλης</span> <span class='ocrx_word' id='word_1_322' title='bbox 847 4396 1022 4470; x_wconf 76' lang='grc' dir='ltr'>ταύτῃ</span> <span class='ocrx_word' id='word_1_323' title='bbox 1079 4397 1145 4468; x_wconf 84' lang='grc' dir='ltr'>δὴ</span> <span class='ocrx_word' id='word_1_324' title='bbox 1178 4397 1534 4470; x_wconf 76' lang='grc' dir='ltr'>συγκειμένῃ,</span> <span class='ocrx_word' id='word_1_325' title='bbox 1565 4399 1629 4450; x_wconf 89' lang='grc' dir='ltr'><strong>οὐ</strong></span> <span class='ocrx_word' id='word_1_326' title='bbox 1683 4399 1777 4450; x_wconf 83' lang='grc' dir='ltr'><strong>τὸν</strong></span> <span class='ocrx_word' id='word_1_327' title='bbox 1819 4399 1932 4452; x_wconf 86' lang='grc' dir='ltr'>ίσον</span> 
     </span>
    </p>
   </div>
   <div class='ocr_carea' id='block_1_44' title="bbox 351 4490 1930 4563">
    <p class='ocr_par' dir='ltr' id='par_1_44' title="bbox 351 4490 1930 4563">
     <span class='ocr_line' id='line_1_44' title="bbox 351 4490 1930 4563; baseline 0 -20"><span class='ocrx_word' id='word_1_328' title='bbox 351 4493 478 4563; x_wconf 71' lang='grc' dir='ltr'>γίνῃ</span> <span class='ocrx_word' id='word_1_329' title='bbox 518 4492 762 4562; x_wconf 86' lang='grc' dir='ltr'>τρόπον;</span> <span class='ocrx_word' id='word_1_330' title='bbox 805 4490 1008 4543; x_wconf 89' lang='grc' dir='ltr'>Πολλοῦ</span> <span class='ocrx_word' id='word_1_331' title='bbox 1040 4506 1105 4560; x_wconf 83' lang='grc' dir='ltr'><strong>γε</strong></span> <span class='ocrx_word' id='word_1_332' title='bbox 1143 4490 1239 4544; x_wconf 77' lang='grc' dir='ltr'>καὶ</span> <span class='ocrx_word' id='word_1_333' title='bbox 1271 4490 1370 4544; x_wconf 87' lang='grc' dir='ltr'>δεῖ.</span> <span class='ocrx_word' id='word_1_334' title='bbox 1421 4490 1509 4554; x_wconf 81' lang='grc' dir='ltr'>Ὦς</span> <span class='ocrx_word' id='word_1_335' title='bbox 1540 4492 1647 4562; x_wconf 84' lang='grc' dir='ltr'>γὰρ</span> <span class='ocrx_word' id='word_1_336' title='bbox 1689 4491 1930 4563; x_wconf 75' lang='grc' dir='ltr'>ἐκείνην,</span> 
     </span>
    </p>
   </div>
   <div class='ocr_carea' id='block_1_45' title="bbox 1749 410 2181 483">
    <p class='ocr_par' dir='ltr' id='par_1_45' title="bbox 1749 410 2181 483">
     <span class='ocr_line' id='line_1_45' title="bbox 1749 410 2181 483; baseline -0.007 -11"><span class='ocrx_word' id='word_1_337' title='bbox 1749 410 2181 483; x_wconf 72' lang='lat' dir='ltr'><strong>DEDICATlO.</strong></span> 
     </span>
    </p>
   </div>
   <div class='ocr_carea' id='block_1_46' title="bbox 328 508 1926 598">
    <p class='ocr_par' dir='ltr' id='par_1_46' title="bbox 328 520 1917 595">
     <span class='ocr_line' id='line_1_46' title="bbox 328 520 1917 595; baseline -0.003 -16"><span class='ocrx_word' id='word_1_338' title='bbox 328 527 390 579; x_wconf 82' lang='grc' dir='ltr'>τὸ</span> <span class='ocrx_word' id='word_1_339' title='bbox 444 526 673 595; x_wconf 79' lang='grc' dir='ltr'>ἀρχαῖον</span> <span class='ocrx_word' id='word_1_340' title='bbox 718 523 1093 595; x_wconf 79' lang='grc' dir='ltr'>ὲγκαθιστᾷς·</span> <span class='ocrx_word' id='word_1_341' title='bbox 1140 522 1468 587; x_wconf 81' lang='grc' dir='ltr'>ἀπελαύνεις</span> <span class='ocrx_word' id='word_1_342' title='bbox 1518 520 1724 592; x_wconf 81' lang='grc' dir='ltr'>ταύτης</span> <span class='ocrx_word' id='word_1_343' title='bbox 1770 524 1917 576; x_wconf 83' lang='grc' dir='ltr'>διπαν</span> 
     </span>
    </p>
   </div>
   <div class='ocr_carea' id='block_1_47' title="bbox 2027 508 3721 598">
    <p class='ocr_par' dir='ltr' id='par_1_47' title="bbox 2027 508 3721 598">
     <span class='ocr_line' id='line_1_47' title="bbox 2027 508 3721 598; baseline -0.005 -26"><span class='ocrx_word' id='word_1_344' title='bbox 2027 508 2142 590; x_wconf 66' lang='grc' dir='ltr'><strong>ηοω</strong></span> <span class='ocrx_word' id='word_1_345' title='bbox 2199 519 2418 589; x_wconf 80' lang='lat' dir='ltr'><strong>pietatis</strong></span> <span class='ocrx_word' id='word_1_346' title='bbox 2455 533 2586 589; x_wconf 83' lang='lat' dir='ltr'><strong>erga</strong></span> <span class='ocrx_word' id='word_1_347' title='bbox 2650 517 2821 572; x_wconf 88' lang='lat' dir='ltr'><strong>Deum</strong></span> <span class='ocrx_word' id='word_1_348' title='bbox 2857 522 2966 570; x_wconf 75' lang='lat' dir='ltr'><strong>tuae</strong></span> <span class='ocrx_word' id='word_1_349' title='bbox 2997 524 3149 581; x_wconf 86' lang='lat' dir='ltr'><strong>sunt,</strong></span> <span class='ocrx_word' id='word_1_350' title='bbox 3180 514 3395 576; x_wconf 80' lang='lat' dir='ltr'><strong>dixero,</strong></span> <span class='ocrx_word' id='word_1_351' title='bbox 3418 527 3613 583; x_wconf 85' lang='lat' dir='ltr'><strong>quam-</strong></span> <span class='ocrx_word' id='word_1_352' title='bbox 3705 521 3721 598; x_wconf 52' lang='grc' dir='ltr'>ς</span> 
     </span>
    </p>
   </div>
   <div class='ocr_carea' id='block_1_48' title="bbox 2019 605 3721 683">
    <p class='ocr_par' dir='ltr' id='par_1_48' title="bbox 2019 605 3721 683">
     <span class='ocr_line' id='line_1_48' title="bbox 2019 605 3721 683; baseline -0.005 -16"><span class='ocrx_word' id='word_1_353' title='bbox 2019 613 2260 683; x_wconf 90' lang='lat' dir='ltr'><strong>primum</strong></span> <span class='ocrx_word' id='word_1_354' title='bbox 2317 611 2624 666; x_wconf 83' lang='lat' dir='ltr'><strong>oralionem</strong></span> <span class='ocrx_word' id='word_1_355' title='bbox 2690 611 2744 665; x_wconf 90' lang='lat' dir='ltr'><strong>in</strong></span> <span class='ocrx_word' id='word_1_356' title='bbox 2794 622 3065 664; x_wconf 83' lang='lat' dir='ltr'><strong>summam</strong></span> <span class='ocrx_word' id='word_1_357' title='bbox 3117 606 3393 677; x_wconf 88' lang='lat' dir='ltr'><strong>redigere.</strong></span> <span class='ocrx_word' id='word_1_358' title='bbox 3420 605 3612 674; x_wconf 84' lang='lat' dir='ltr'><strong>Itaque</strong></span> <span class='ocrx_word' id='word_1_359' title='bbox 3710 608 3721 631; x_wconf 81' lang='lat'><em>‘</em></span> 
     </span>
    </p>
   </div>
   <div class='ocr_carea' id='block_1_49' title="bbox 3506 399 3609 466">
    <p class='ocr_par' dir='ltr' id='par_1_49' title="bbox 3506 399 3609 466">
     <span class='ocr_line' id='line_1_49' title="bbox 3506 399 3609 466; baseline -0.029 0"><span class='ocrx_word' id='word_1_360' title='bbox 3506 399 3609 466; x_wconf 77' lang='lat'><strong>582</strong></span> 
     </span>
    </p>
   </div>
   <div class='ocr_carea' id='block_1_50' title="bbox 3308 460 3329 490">
    <p class='ocr_par' dir='ltr' id='par_1_50' title="bbox 3308 460 3329 490">
     <span class='ocr_line' id='line_1_50' title="bbox 3308 460 3329 490; baseline 0 -2"><span class='ocrx_word' id='word_1_361' title='bbox 3308 460 3329 490; x_wconf 74' lang='grc' dir='ltr'><strong><em>Ι</em></strong></span> 
     </span>
    </p>
   </div>
   <div class='ocr_carea' id='block_1_51' title="bbox 2021 697 3613 775">
    <p class='ocr_par' dir='ltr' id='par_1_51' title="bbox 2021 697 3613 775">
     <span class='ocr_line' id='line_1_51' title="bbox 2021 697 3613 775; baseline -0.006 -16"><span class='ocrx_word' id='word_1_362' title='bbox 2021 706 2098 775; x_wconf 81' lang='grc' dir='ltr'><strong>(ι)</strong></span> <span class='ocrx_word' id='word_1_363' title='bbox 2159 705 2460 760; x_wconf 81' lang='lat' dir='ltr'><strong>Eeclesiam</strong></span> <span class='ocrx_word' id='word_1_364' title='bbox 2517 703 2845 759; x_wconf 86' lang='lat' dir='ltr'><strong>catholicam</strong></span> <span class='ocrx_word' id='word_1_365' title='bbox 2914 711 2971 757; x_wconf 89' lang='lat' dir='ltr'><strong>et</strong></span> <span class='ocrx_word' id='word_1_366' title='bbox 3018 699 3384 755; x_wconf 88' lang='lat' dir='ltr'><strong>universalem</strong></span> <span class='ocrx_word' id='word_1_367' title='bbox 3440 697 3613 753; x_wconf 82' lang='lat' dir='ltr'><strong>rebus</strong></span> 
     </span>
    </p>
   </div>
   <div class='ocr_carea' id='block_1_52' title="bbox 2019 790 3614 855">
    <p class='ocr_par' dir='ltr' id='par_1_52' title="bbox 2019 790 3614 855">
     <span class='ocr_line' id='line_1_52' title="bbox 2019 790 3614 855; baseline -0.006 -3"><span class='ocrx_word' id='word_1_368' title='bbox 2019 796 2176 852; x_wconf 88' lang='lat' dir='ltr'><strong>novis</strong></span> <span class='ocrx_word' id='word_1_369' title='bbox 2211 798 2485 851; x_wconf 90' lang='lat' dir='ltr'><strong>turbatam</strong></span> <span class='ocrx_word' id='word_1_370' title='bbox 2519 796 2576 849; x_wconf 91' lang='lat' dir='ltr'><strong>in</strong></span> <span class='ocrx_word' id='word_1_371' title='bbox 2612 806 2852 849; x_wconf 80' lang='lat' dir='ltr'><strong>veterem</strong></span> <span class='ocrx_word' id='word_1_372' title='bbox 2900 802 3103 848; x_wconf 86' lang='lat' dir='ltr'><strong>statum</strong></span> <span class='ocrx_word' id='word_1_373' title='bbox 3137 790 3454 855; x_wconf 73' lang='lat' dir='ltr'><strong>restituisti,</strong></span> <span class='ocrx_word' id='word_1_374' title='bbox 3477 790 3614 846; x_wconf 81' lang='lat' dir='ltr'><strong>doc-</strong></span> 
     </span>
    </p>
   </div>
   <div class='ocr_carea' id='block_1_53' title="bbox 2022 881 3608 958">
    <p class='ocr_par' dir='ltr' id='par_1_53' title="bbox 2022 881 3608 958">
     <span class='ocr_line' id='line_1_53' title="bbox 2022 881 3608 958; baseline -0.004 -15"><span class='ocrx_word' id='word_1_375' title='bbox 2022 892 2220 943; x_wconf 82' lang='lat' dir='ltr'><strong>trinam</strong></span> <span class='ocrx_word' id='word_1_376' title='bbox 2279 888 2621 958; x_wconf 87' lang='lat' dir='ltr'><strong>illegitimam</strong></span> <span class='ocrx_word' id='word_1_377' title='bbox 2667 896 2832 957; x_wconf 90' lang='lat' dir='ltr'><strong>atque</strong></span> <span class='ocrx_word' id='word_1_378' title='bbox 2881 886 3151 956; x_wconf 85' lang='lat' dir='ltr'><strong>impuram</strong></span> <span class='ocrx_word' id='word_1_379' title='bbox 3196 899 3415 939; x_wconf 85' lang='lat' dir='ltr'><strong>omnem</strong></span> <span class='ocrx_word' id='word_1_380' title='bbox 3444 881 3514 937; x_wconf 87' lang='lat' dir='ltr'><strong>ab</strong></span> <span class='ocrx_word' id='word_1_381' title='bbox 3545 898 3608 937; x_wconf 82' lang='lat' dir='ltr'><strong>ea</strong></span> 
     </span>
    </p>
   </div>
   <div class='ocr_carea' id='block_1_54' title="bbox 2021 976 3610 1052">
    <p class='ocr_par' dir='ltr' id='par_1_54' title="bbox 2021 976 3610 1052">
     <span class='ocr_line' id='line_1_54' title="bbox 2021 976 3610 1052; baseline -0.003 -17"><span class='ocrx_word' id='word_1_382' title='bbox 2021 981 2271 1051; x_wconf 89' lang='lat' dir='ltr'><strong>repulisti</strong></span> <span class='ocrx_word' id='word_1_383' title='bbox 2309 995 2323 1032; x_wconf 90' lang='lat'><strong>:</strong></span> <span class='ocrx_word' id='word_1_384' title='bbox 2371 979 2634 1052; x_wconf 86' lang='lat' dir='ltr'><strong>templum</strong></span> <span class='ocrx_word' id='word_1_385' title='bbox 2679 995 2711 1033; x_wconf 90' lang='lat' dir='ltr'><strong>a</strong></span> <span class='ocrx_word' id='word_1_386' title='bbox 2742 979 2942 1033; x_wconf 62' lang='lat' dir='ltr'><strong>divinae</strong></span> <span class='ocrx_word' id='word_1_387' title='bbox 2973 977 3239 1033; x_wconf 80' lang='lat' dir='ltr'><strong>doctrinae</strong></span> <span class='ocrx_word' id='word_1_388' title='bbox 3264 976 3610 1044; x_wconf 83' lang='lat' dir='ltr'><strong>cauponibus</strong></span> 
     </span>
    </p>
   </div>
   <div class='ocr_carea' id='block_1_55' title="bbox 2018 1068 3611 1141">
    <p class='ocr_par' dir='ltr' id='par_1_55' title="bbox 2018 1068 3611 1141">
     <span class='ocr_line' id='line_1_55' title="bbox 2018 1068 3611 1141; baseline -0.004 -13"><span class='ocrx_word' id='word_1_389' title='bbox 2018 1082 2075 1128; x_wconf 88' lang='lat' dir='ltr'><strong>et</strong></span> <span class='ocrx_word' id='word_1_390' title='bbox 2106 1073 2565 1141; x_wconf 84' lang='lat' dir='ltr'><strong>depravatoribus</strong></span> <span class='ocrx_word' id='word_1_391' title='bbox 2594 1071 2889 1137; x_wconf 68' lang='lat' dir='ltr'><strong>ltaareticis,</strong></span> <span class='ocrx_word' id='word_1_392' title='bbox 2935 1086 3045 1125; x_wconf 89' lang='lat' dir='ltr'><strong>non</strong></span> <span class='ocrx_word' id='word_1_393' title='bbox 3086 1069 3306 1141; x_wconf 89' lang='lat' dir='ltr'><strong>quidem</strong></span> <span class='ocrx_word' id='word_1_394' title='bbox 3334 1068 3611 1138; x_wconf 75' lang='lat' dir='ltr'><strong>triplicata</strong></span> 
     </span>
    </p>
   </div>
   <div class='ocr_carea' id='block_1_56' title="bbox 2019 1161 3615 1237">
    <p class='ocr_par' dir='ltr' id='par_1_56' title="bbox 2019 1161 3615 1237">
     <span class='ocr_line' id='line_1_56' title="bbox 2019 1161 3615 1237; baseline -0.004 -17"><span class='ocrx_word' id='word_1_395' title='bbox 2019 1165 2254 1237; x_wconf 84' lang='lat' dir='ltr'><strong>ﬂagello,</strong></span> <span class='ocrx_word' id='word_1_396' title='bbox 2286 1165 2381 1220; x_wconf 87' lang='lat' dir='ltr'><strong>sed</strong></span> <span class='ocrx_word' id='word_1_397' title='bbox 2414 1164 2661 1219; x_wconf 73' lang='lat' dir='ltr'><strong>veritatis</strong></span> <span class='ocrx_word' id='word_1_398' title='bbox 2708 1163 2898 1227; x_wconf 88' lang='lat' dir='ltr'><strong>verbo,</strong></span> <span class='ocrx_word' id='word_1_399' title='bbox 2940 1162 3055 1217; x_wconf 85' lang='lat' dir='ltr'><strong>sive</strong></span> <span class='ocrx_word' id='word_1_400' title='bbox 3078 1172 3324 1233; x_wconf 69' lang='lat' dir='ltr'><strong>cognatae</strong></span> <span class='ocrx_word' id='word_1_401' title='bbox 3348 1161 3615 1217; x_wconf 80' lang='lat' dir='ltr'><strong>divinita-</strong></span> 
     </span>
    </p>
   </div>
   <div class='ocr_carea' id='block_1_57' title="bbox 2021 1253 3606 1327">
    <p class='ocr_par' dir='ltr' id='par_1_57' title="bbox 2021 1253 3606 1327">
     <span class='ocr_line' id='line_1_57' title="bbox 2021 1253 3606 1327; baseline -0.006 -13"><span class='ocrx_word' id='word_1_402' title='bbox 2021 1260 2091 1315; x_wconf 89' lang='lat' dir='ltr'><strong>tis</strong></span> <span class='ocrx_word' id='word_1_403' title='bbox 2144 1258 2464 1327; x_wconf 87' lang='lat' dir='ltr'><strong>triplicitate</strong></span> <span class='ocrx_word' id='word_1_404' title='bbox 2519 1256 2852 1327; x_wconf 88' lang='lat' dir='ltr'><strong>repurgasti,</strong></span> <span class='ocrx_word' id='word_1_405' title='bbox 2888 1256 2977 1325; x_wconf 90' lang='lat' dir='ltr'><strong>pia</strong></span> <span class='ocrx_word' id='word_1_406' title='bbox 2998 1254 3355 1310; x_wconf 77' lang='lat' dir='ltr'><strong>aemulatione</strong></span> <span class='ocrx_word' id='word_1_407' title='bbox 3386 1269 3485 1324; x_wconf 90' lang='lat' dir='ltr'><strong>pro</strong></span> <span class='ocrx_word' id='word_1_408' title='bbox 3518 1253 3606 1307; x_wconf 73' lang='lat' dir='ltr'><strong>di-</strong></span> 
     </span>
    </p>
   </div>
   <div class='ocr_carea' id='block_1_58' title="bbox 2018 1344 3606 1419">
    <p class='ocr_par' dir='ltr' id='par_1_58' title="bbox 2018 1344 3606 1419">
     <span class='ocr_line' id='line_1_58' title="bbox 2018 1344 3606 1419; baseline -0.003 -16"><span class='ocrx_word' id='word_1_409' title='bbox 2018 1351 2147 1405; x_wconf 85' lang='lat' dir='ltr'><strong>vina</strong></span> <span class='ocrx_word' id='word_1_410' title='bbox 2177 1364 2365 1404; x_wconf 87' lang='lat' dir='ltr'><strong>mensa</strong></span> <span class='ocrx_word' id='word_1_411' title='bbox 2413 1347 2677 1419; x_wconf 82' lang='lat' dir='ltr'><strong>ﬂagrasti,</strong></span> <span class='ocrx_word' id='word_1_412' title='bbox 2717 1346 3098 1402; x_wconf 77' lang='lat' dir='ltr'><strong>vehementius</strong></span> <span class='ocrx_word' id='word_1_413' title='bbox 3131 1360 3230 1415; x_wconf 91' lang='lat' dir='ltr'><strong>pro</strong></span> <span class='ocrx_word' id='word_1_414' title='bbox 3260 1344 3469 1415; x_wconf 86' lang='lat' dir='ltr'><strong>Spiritu</strong></span> <span class='ocrx_word' id='word_1_415' title='bbox 3497 1344 3606 1414; x_wconf 89' lang='lat' dir='ltr'><strong>spi-</strong></span> 
     </span>
    </p>
   </div>
   <div class='ocr_carea' id='block_1_59' title="bbox 2020 1438 3606 1513">
    <p class='ocr_par' dir='ltr' id='par_1_59' title="bbox 2020 1438 3606 1513">
     <span class='ocr_line' id='line_1_59' title="bbox 2020 1438 3606 1513; baseline -0.005 -14"><span class='ocrx_word' id='word_1_416' title='bbox 2020 1443 2153 1499; x_wconf 85' lang='lat' dir='ltr'><strong>rasti</strong></span> <span class='ocrx_word' id='word_1_417' title='bbox 2188 1462 2200 1497; x_wconf 89' lang='lat'><strong>:</strong></span> <span class='ocrx_word' id='word_1_418' title='bbox 2232 1457 2405 1513; x_wconf 83' lang='lat' dir='ltr'><strong>quare</strong></span> <span class='ocrx_word' id='word_1_419' title='bbox 2432 1441 2524 1496; x_wconf 89' lang='lat' dir='ltr'><strong>ille</strong></span> <span class='ocrx_word' id='word_1_420' title='bbox 2555 1455 2780 1510; x_wconf 80' lang='lat' dir='ltr'><strong>quoque</strong></span> <span class='ocrx_word' id='word_1_421' title='bbox 2810 1438 2909 1493; x_wconf 85' lang='lat' dir='ltr'><strong>tibi</strong></span> <span class='ocrx_word' id='word_1_422' title='bbox 2935 1447 3249 1492; x_wconf 82' lang='lat' dir='ltr'><strong>accuratam</strong></span> <span class='ocrx_word' id='word_1_423' title='bbox 3285 1446 3606 1507; x_wconf 87' lang='lat' dir='ltr'><strong>certamque</strong></span> 
     </span>
    </p>
   </div>
   <div class='ocr_carea' id='block_1_60' title="bbox 2020 1529 3608 1606">
    <p class='ocr_par' dir='ltr' id='par_1_60' title="bbox 2020 1529 3608 1606">
     <span class='ocr_line' id='line_1_60' title="bbox 2020 1529 3608 1606; baseline -0.008 -15"><span class='ocrx_word' id='word_1_424' title='bbox 2020 1534 2324 1591; x_wconf 85' lang='lat' dir='ltr'><strong>divinitatis</strong></span> <span class='ocrx_word' id='word_1_425' title='bbox 2376 1533 2749 1606; x_wconf 88' lang='lat' dir='ltr'><strong>cognitionem</strong></span> <span class='ocrx_word' id='word_1_426' title='bbox 2802 1531 3124 1602; x_wconf 82' lang='lat' dir='ltr'><strong>inspiravit;</strong></span> <span class='ocrx_word' id='word_1_427' title='bbox 3170 1529 3477 1585; x_wconf 86' lang='lat' dir='ltr'><strong>doctrinam</strong></span> <span class='ocrx_word' id='word_1_428' title='bbox 3499 1537 3608 1583; x_wconf 88' lang='lat' dir='ltr'><strong>sta-</strong></span> 
     </span>
    </p>
   </div>
   <div class='ocr_carea' id='block_1_61' title="bbox 2020 1620 3607 1693">
    <p class='ocr_par' dir='ltr' id='par_1_61' title="bbox 2020 1620 3607 1693">
     <span class='ocr_line' id='line_1_61' title="bbox 2020 1620 3607 1693; baseline -0.006 -9"><span class='ocrx_word' id='word_1_429' title='bbox 2020 1628 2272 1692; x_wconf 82' lang='lat' dir='ltr'><strong>hilivisti,</strong></span> <span class='ocrx_word' id='word_1_430' title='bbox 2336 1627 2766 1684; x_wconf 85' lang='lat' dir='ltr'><strong>constitutiones</strong></span> <span class='ocrx_word' id='word_1_431' title='bbox 2830 1625 2901 1682; x_wconf 91' lang='lat' dir='ltr'><strong>de</strong></span> <span class='ocrx_word' id='word_1_432' title='bbox 2942 1641 3006 1681; x_wconf 91' lang='lat' dir='ltr'><strong>ea</strong></span> <span class='ocrx_word' id='word_1_433' title='bbox 3061 1623 3259 1691; x_wconf 89' lang='lat' dir='ltr'><strong>tulisti,</strong></span> <span class='ocrx_word' id='word_1_434' title='bbox 3290 1620 3607 1693; x_wconf 84' lang='lat' dir='ltr'><strong>ingentibus</strong></span> 
     </span>
    </p>
   </div>
   <div class='ocr_carea' id='block_1_62' title="bbox 2020 1715 3609 1791">
    <p class='ocr_par' dir='ltr' id='par_1_62' title="bbox 2020 1715 3609 1791">
     <span class='ocr_line' id='line_1_62' title="bbox 2020 1715 3609 1791; baseline -0.004 -15"><span class='ocrx_word' id='word_1_435' title='bbox 2020 1724 2193 1791; x_wconf 88' lang='lat' dir='ltr'><strong>septis</strong></span> <span class='ocrx_word' id='word_1_436' title='bbox 2230 1736 2414 1775; x_wconf 84' lang='lat' dir='ltr'><strong>veram</strong></span> <span class='ocrx_word' id='word_1_437' title='bbox 2441 1720 2704 1791; x_wconf 86' lang='lat' dir='ltr'><strong>pietatem</strong></span> <span class='ocrx_word' id='word_1_438' title='bbox 2741 1718 2982 1782; x_wconf 87' lang='lat' dir='ltr'><strong>vallasti,</strong></span> <span class='ocrx_word' id='word_1_439' title='bbox 3028 1717 3177 1787; x_wconf 90' lang='lat' dir='ltr'><strong>quod</strong></span> <span class='ocrx_word' id='word_1_440' title='bbox 3209 1716 3455 1773; x_wconf 91' lang='lat' dir='ltr'><strong>dirutum</strong></span> <span class='ocrx_word' id='word_1_441' title='bbox 3488 1715 3609 1770; x_wconf 78' lang='lat' dir='ltr'><strong>(ue-</strong></span> 
     </span>
    </p>
   </div>
   <div class='ocr_carea' id='block_1_63' title="bbox 2020 1809 3609 1882">
    <p class='ocr_par' dir='ltr' id='par_1_63' title="bbox 2020 1809 3609 1882">
     <span class='ocr_line' id='line_1_63' title="bbox 2020 1809 3609 1882; baseline -0.004 -17"><span class='ocrx_word' id='word_1_442' title='bbox 2020 1821 2107 1866; x_wconf 91' lang='lat' dir='ltr'><strong>rat</strong></span> <span class='ocrx_word' id='word_1_443' title='bbox 2134 1811 2449 1878; x_wconf 84' lang='lat' dir='ltr'><strong>restituisti,</strong></span> <span class='ocrx_word' id='word_1_444' title='bbox 2479 1821 2647 1882; x_wconf 86' lang='lat' dir='ltr'><strong>atque</strong></span> <span class='ocrx_word' id='word_1_445' title='bbox 2671 1811 2727 1865; x_wconf 87' lang='lat' dir='ltr'><strong>id</strong></span> <span class='ocrx_word' id='word_1_446' title='bbox 2764 1817 2893 1880; x_wconf 89' lang='lat' dir='ltr'><strong>apta</strong></span> <span class='ocrx_word' id='word_1_447' title='bbox 2938 1809 3316 1864; x_wconf 88' lang='lat' dir='ltr'><strong>membrorum</strong></span> <span class='ocrx_word' id='word_1_448' title='bbox 3340 1809 3609 1878; x_wconf 33' lang='lat' dir='ltr'><strong>partium.-</strong></span> 
     </span>
    </p>
   </div>
   <div class='ocr_carea' id='block_1_64' title="bbox 2022 1901 3609 1975">
    <p class='ocr_par' dir='ltr' id='par_1_64' title="bbox 2022 1901 3609 1975">
     <span class='ocr_line' id='line_1_64' title="bbox 2022 1901 3609 1975; baseline -0.003 -15"><span class='ocrx_word' id='word_1_449' title='bbox 2022 1918 2128 1975; x_wconf 92' lang='lat' dir='ltr'><strong>que</strong></span> <span class='ocrx_word' id='word_1_450' title='bbox 2157 1905 2406 1960; x_wconf 90' lang='lat' dir='ltr'><strong>omnium</strong></span> <span class='ocrx_word' id='word_1_451' title='bbox 2462 1904 2939 1975; x_wconf 80' lang='lat' dir='ltr'><strong>coagmentatione</strong></span> <span class='ocrx_word' id='word_1_452' title='bbox 2973 1902 3388 1974; x_wconf 88' lang='lat' dir='ltr'><strong>redintegrasti.</strong></span> <span class='ocrx_word' id='word_1_453' title='bbox 3416 1901 3609 1975; x_wconf 80' lang='lat' dir='ltr'><strong>Neque</strong></span> 
     </span>
    </p>
   </div>
   <div class='ocr_carea' id='block_1_65' title="bbox 2022 1994 3606 2068">
    <p class='ocr_par' dir='ltr' id='par_1_65' title="bbox 2022 1994 3606 2068">
     <span class='ocr_line' id='line_1_65' title="bbox 2022 1994 3606 2068; baseline -0.003 -16"><span class='ocrx_word' id='word_1_454' title='bbox 2022 1997 2286 2067; x_wconf 87' lang='lat' dir='ltr'><strong>deinceps</strong></span> <span class='ocrx_word' id='word_1_455' title='bbox 2341 1997 2486 2068; x_wconf 88' lang='lat' dir='ltr'><strong>apud</strong></span> <span class='ocrx_word' id='word_1_456' title='bbox 2539 2011 2641 2051; x_wconf 89' lang='lat' dir='ltr'><strong>nos</strong></span> <span class='ocrx_word' id='word_1_457' title='bbox 2687 2011 2829 2052; x_wconf 87' lang='lat' dir='ltr'><strong>nova</strong></span> <span class='ocrx_word' id='word_1_458' title='bbox 2879 1995 2971 2051; x_wconf 89' lang='lat' dir='ltr'><strong>illa</strong></span> <span class='ocrx_word' id='word_1_459' title='bbox 3029 1996 3253 2050; x_wconf 83' lang='lat' dir='ltr'><strong>nomina</strong></span> <span class='ocrx_word' id='word_1_460' title='bbox 3280 1994 3606 2057; x_wconf 86' lang='lat' dir='ltr'><strong>audiuntur,</strong></span> 
     </span>
    </p>
   </div>
   <div class='ocr_carea' id='block_1_66' title="bbox 2023 2086 3612 2159">
    <p class='ocr_par' dir='ltr' id='par_1_66' title="bbox 2023 2086 3612 2159">
     <span class='ocr_line' id='line_1_66' title="bbox 2023 2086 3612 2159; baseline -0.003 -15"><span class='ocrx_word' id='word_1_461' title='bbox 2023 2088 2229 2144; x_wconf 89' lang='lat' dir='ltr'><strong>Paulus</strong></span> <span class='ocrx_word' id='word_1_462' title='bbox 2250 2096 2305 2143; x_wconf 91' lang='lat' dir='ltr'><strong>et</strong></span> <span class='ocrx_word' id='word_1_463' title='bbox 2324 2087 2542 2158; x_wconf 89' lang='lat' dir='ltr'><strong>Cephas</strong></span> <span class='ocrx_word' id='word_1_464' title='bbox 2566 2097 2623 2143; x_wconf 89' lang='lat' dir='ltr'><strong>et</strong></span> <span class='ocrx_word' id='word_1_465' title='bbox 2644 2087 2895 2159; x_wconf 79' lang='lat' dir='ltr'><strong>Apollos,</strong></span> <span class='ocrx_word' id='word_1_466' title='bbox 2922 2086 3019 2143; x_wconf 88' lang='lat' dir='ltr'><strong>sed</strong></span> <span class='ocrx_word' id='word_1_467' title='bbox 3037 2102 3183 2143; x_wconf 88' lang='lat' dir='ltr'><strong>unus</strong></span> <span class='ocrx_word' id='word_1_468' title='bbox 3211 2096 3296 2142; x_wconf 86' lang='lat' dir='ltr'><strong>est</strong></span> <span class='ocrx_word' id='word_1_469' title='bbox 3319 2087 3525 2156; x_wconf 87' lang='lat' dir='ltr'><strong>ubique</strong></span> <span class='ocrx_word' id='word_1_470' title='bbox 3553 2094 3612 2141; x_wconf 89' lang='lat' dir='ltr'><strong>et</strong></span> 
     </span>
    </p>
   </div>
   <div class='ocr_carea' id='block_1_67' title="bbox 2024 2179 3596 2237">
    <p class='ocr_par' dir='ltr' id='par_1_67' title="bbox 2024 2179 3596 2237">
     <span class='ocr_line' id='line_1_67' title="bbox 2024 2179 3596 2237; baseline -0.001 -2"><span class='ocrx_word' id='word_1_471' title='bbox 2024 2180 2078 2235; x_wconf 90' lang='lat' dir='ltr'><strong>in</strong></span> <span class='ocrx_word' id='word_1_472' title='bbox 2101 2181 2361 2236; x_wconf 89' lang='lat' dir='ltr'><strong>omnibus</strong></span> <span class='ocrx_word' id='word_1_473' title='bbox 2398 2180 2674 2237; x_wconf 88' lang='lat' dir='ltr'><strong>Christus.</strong></span> <span class='ocrx_word' id='word_1_474' title='bbox 2719 2180 2925 2237; x_wconf 62' lang='lat' dir='ltr'><strong>Adhaec</strong></span> <span class='ocrx_word' id='word_1_475' title='bbox 2946 2179 3263 2235; x_wconf 90' lang='lat' dir='ltr'><strong>unctionem</strong></span> <span class='ocrx_word' id='word_1_476' title='bbox 3289 2180 3596 2235; x_wconf 87' lang='lat' dir='ltr'><strong>sacerdota-</strong></span> 
     </span>
    </p>
   </div>
   <div class='ocr_carea' id='block_1_68' title="bbox 2021 2270 3609 2345">
    <p class='ocr_par' dir='ltr' id='par_1_68' title="bbox 2021 2270 3609 2345">
     <span class='ocr_line' id='line_1_68' title="bbox 2021 2270 3609 2345; baseline -0.001 -18"><span class='ocrx_word' id='word_1_477' title='bbox 2021 2272 2130 2328; x_wconf 90' lang='lat' dir='ltr'><strong>lem</strong></span> <span class='ocrx_word' id='word_1_478' title='bbox 2183 2273 2559 2328; x_wconf 89' lang='lat' dir='ltr'><strong>adulterinum</strong></span> <span class='ocrx_word' id='word_1_479' title='bbox 2600 2273 2862 2345; x_wconf 79' lang='lat' dir='ltr'><strong>quiddam</strong></span> <span class='ocrx_word' id='word_1_480' title='bbox 2897 2282 3305 2337; x_wconf 78' lang='lat' dir='ltr'><strong>.resonautcm,</strong></span> <span class='ocrx_word' id='word_1_481' title='bbox 3355 2270 3609 2343; x_wconf 85' lang='lat' dir='ltr'><strong>ﬂagranti</strong></span> 
     </span>
    </p>
   </div>
   <div class='ocr_carea' id='block_1_69' title="bbox 2024 2361 3614 2435">
    <p class='ocr_par' dir='ltr' id='par_1_69' title="bbox 2024 2361 3614 2435">
     <span class='ocr_line' id='line_1_69' title="bbox 2024 2361 3614 2435; baseline -0.001 -18"><span class='ocrx_word' id='word_1_482' title='bbox 2024 2363 2222 2420; x_wconf 89' lang='lat' dir='ltr'><strong>ardore</strong></span> <span class='ocrx_word' id='word_1_483' title='bbox 2260 2364 2621 2421; x_wconf 88' lang='lat' dir='ltr'><strong>sinceriorem</strong></span> <span class='ocrx_word' id='word_1_484' title='bbox 2687 2363 2790 2435; x_wconf 75' lang='lat'><strong>15</strong></span> <span class='ocrx_word' id='word_1_485' title='bbox 2816 2372 2873 2418; x_wconf 90' lang='lat' dir='ltr'><strong>et</strong></span> <span class='ocrx_word' id='word_1_486' title='bbox 2924 2365 3205 2434; x_wconf 86' lang='lat' dir='ltr'><strong>puriorem</strong></span> <span class='ocrx_word' id='word_1_487' title='bbox 3257 2378 3395 2418; x_wconf 90' lang='lat' dir='ltr'><strong>auro</strong></span> <span class='ocrx_word' id='word_1_488' title='bbox 3424 2361 3614 2418; x_wconf 89' lang='lat' dir='ltr'><strong>reddi-</strong></span> 
     </span>
    </p>
   </div>
   <div class='ocr_carea' id='block_1_70' title="bbox 2025 2455 3612 2528">
    <p class='ocr_par' dir='ltr' id='par_1_70' title="bbox 2025 2455 3612 2528">
     <span class='ocr_line' id='line_1_70' title="bbox 2025 2455 3612 2528; baseline -0.001 -16"><span class='ocrx_word' id='word_1_489' title='bbox 2025 2456 2150 2512; x_wconf 88' lang='lat' dir='ltr'><strong>disti</strong></span> <span class='ocrx_word' id='word_1_490' title='bbox 2178 2496 2194 2523; x_wconf 90' lang='lat'><strong>,</strong></span> <span class='ocrx_word' id='word_1_491' title='bbox 2230 2464 2396 2527; x_wconf 86' lang='lat' dir='ltr'><strong>atque</strong></span> <span class='ocrx_word' id='word_1_492' title='bbox 2428 2456 2548 2528; x_wconf 82' lang='lat' dir='ltr'><strong>lege</strong></span> <span class='ocrx_word' id='word_1_493' title='bbox 2593 2465 2650 2512; x_wconf 93' lang='lat' dir='ltr'><strong>et</strong></span> <span class='ocrx_word' id='word_1_494' title='bbox 2712 2457 2911 2513; x_wconf 88' lang='lat' dir='ltr'><strong>litteris</strong></span> <span class='ocrx_word' id='word_1_495' title='bbox 2940 2455 3259 2527; x_wconf 83' lang='lat' dir='ltr'><strong>propositis,</strong></span> <span class='ocrx_word' id='word_1_496' title='bbox 3315 2456 3612 2511; x_wconf 90' lang='lat' dir='ltr'><strong>continen-</strong></span> 
     </span>
    </p>
   </div>
   <div class='ocr_carea' id='block_1_71' title="bbox 2026 2546 3608 2618">
    <p class='ocr_par' dir='ltr' id='par_1_71' title="bbox 2026 2546 3608 2618">
     <span class='ocr_line' id='line_1_71' title="bbox 2026 2546 3608 2618; baseline 0.001 -17"><span class='ocrx_word' id='word_1_497' title='bbox 2026 2548 2158 2602; x_wconf 89' lang='lat' dir='ltr'><strong>tiam</strong></span> <span class='ocrx_word' id='word_1_498' title='bbox 2205 2563 2424 2603; x_wconf 89' lang='lat' dir='ltr'><strong>morum</strong></span> <span class='ocrx_word' id='word_1_499' title='bbox 2470 2557 2528 2602; x_wconf 90' lang='lat' dir='ltr'><strong>et</strong></span> <span class='ocrx_word' id='word_1_500' title='bbox 2592 2548 2843 2618; x_wconf 75' lang='lat' dir='ltr'><strong>pecunia:</strong></span> <span class='ocrx_word' id='word_1_501' title='bbox 2905 2556 3286 2618; x_wconf 90' lang='lat' dir='ltr'><strong>contemptum</strong></span> <span class='ocrx_word' id='word_1_502' title='bbox 3347 2546 3608 2603; x_wconf 86' lang='lat' dir='ltr'><strong>docuisti.</strong></span> 
     </span>
    </p>
   </div>
   <div class='ocr_carea' id='block_1_72' title="bbox 2025 2640 3612 2712">
    <p class='ocr_par' dir='ltr' id='par_1_72' title="bbox 2025 2640 3612 2712">
     <span class='ocr_line' id='line_1_72' title="bbox 2025 2640 3612 2712; baseline 0.001 -17"><span class='ocrx_word' id='word_1_503' title='bbox 2025 2640 2374 2711; x_wconf 84' lang='lat' dir='ltr'><strong>Quapropter</strong></span> <span class='ocrx_word' id='word_1_504' title='bbox 2425 2656 2574 2697; x_wconf 89' lang='lat' dir='ltr'><strong>nunc</strong></span> <span class='ocrx_word' id='word_1_505' title='bbox 2617 2640 2939 2712; x_wconf 63' lang='lat' dir='ltr'><strong>reipublicae</strong></span> <span class='ocrx_word' id='word_1_506' title='bbox 2987 2657 3207 2697; x_wconf 87' lang='lat' dir='ltr'><strong>sacrum</strong></span> <span class='ocrx_word' id='word_1_507' title='bbox 3244 2649 3330 2696; x_wconf 82' lang='lat' dir='ltr'><strong>est</strong></span> <span class='ocrx_word' id='word_1_508' title='bbox 3352 2642 3612 2697; x_wconf 78' lang='lat' dir='ltr'><strong>sacerdo-</strong></span> 
     </span>
    </p>
   </div>
   <div class='ocr_carea' id='block_1_73' title="bbox 2026 2733 3616 2807">
    <p class='ocr_par' dir='ltr' id='par_1_73' title="bbox 2026 2733 3616 2807">
     <span class='ocr_line' id='line_1_73' title="bbox 2026 2733 3616 2807; baseline 0.003 -18"><span class='ocrx_word' id='word_1_509' title='bbox 2026 2733 2133 2789; x_wconf 79' lang='lat' dir='ltr'><strong>tale</strong></span> <span class='ocrx_word' id='word_1_510' title='bbox 2174 2733 2574 2802; x_wconf 89' lang='lat' dir='ltr'><strong>ministerium,</strong></span> <span class='ocrx_word' id='word_1_511' title='bbox 2624 2735 2772 2804; x_wconf 90' lang='lat' dir='ltr'><strong>quod</strong></span> <span class='ocrx_word' id='word_1_512' title='bbox 2826 2735 3211 2807; x_wconf 87' lang='lat' dir='ltr'><strong>superioribus</strong></span> <span class='ocrx_word' id='word_1_513' title='bbox 3269 2737 3616 2807; x_wconf 83' lang='lat' dir='ltr'><strong>temporibus</strong></span> 
     </span>
    </p>
   </div>
   <div class='ocr_carea' id='block_1_74' title="bbox 2026 2830 3615 2906">
    <p class='ocr_par' dir='ltr' id='par_1_74' title="bbox 2026 2830 3615 2906">
     <span class='ocr_line' id='line_1_74' title="bbox 2026 2830 3615 2906; baseline 0.003 -22"><span class='ocrx_word' id='word_1_514' title='bbox 2026 2830 2291 2900; x_wconf 78' lang='lat' dir='ltr'><strong>paulatim</strong></span> <span class='ocrx_word' id='word_1_515' title='bbox 2322 2831 2629 2903; x_wconf 68' lang='lat' dir='ltr'><strong>disciplina:</strong></span> <span class='ocrx_word' id='word_1_516' title='bbox 2661 2844 2718 2888; x_wconf 91' lang='lat' dir='ltr'><strong>et</strong></span> <span class='ocrx_word' id='word_1_517' title='bbox 2768 2849 2986 2889; x_wconf 89' lang='lat' dir='ltr'><strong>morum</strong></span> <span class='ocrx_word' id='word_1_518' title='bbox 3025 2835 3343 2906; x_wconf 88' lang='lat' dir='ltr'><strong>corruptela</strong></span> <span class='ocrx_word' id='word_1_519' title='bbox 3404 2834 3615 2889; x_wconf 88' lang='lat' dir='ltr'><strong>adulte-</strong></span> 
     </span>
    </p>
   </div>
   <div class='ocr_carea' id='block_1_75' title="bbox 2027 2923 3617 2995">
    <p class='ocr_par' dir='ltr' id='par_1_75' title="bbox 2027 2923 3617 2995">
     <span class='ocr_line' id='line_1_75' title="bbox 2027 2923 3617 2995; baseline 0.003 -18"><span class='ocrx_word' id='word_1_520' title='bbox 2027 2932 2210 2977; x_wconf 89' lang='lat' dir='ltr'><strong>ratum</strong></span> <span class='ocrx_word' id='word_1_521' title='bbox 2239 2923 2714 2995; x_wconf 86' lang='lat' dir='ltr'><strong>depravatumque</strong></span> <span class='ocrx_word' id='word_1_522' title='bbox 2746 2925 2949 2982; x_wconf 75' lang='lat' dir='ltr'><strong>fuerat.</strong></span> <span class='ocrx_word' id='word_1_523' title='bbox 3003 2928 3265 2984; x_wconf 78' lang='lat' dir='ltr'><strong>Ecclesiae</strong></span> <span class='ocrx_word' id='word_1_524' title='bbox 3293 2928 3525 2984; x_wconf 84' lang='lat' dir='ltr'><strong>formam</strong></span> <span class='ocrx_word' id='word_1_525' title='bbox 3559 2937 3617 2982; x_wconf 89' lang='lat' dir='ltr'><strong>et</strong></span> 
     </span>
    </p>
   </div>
   <div class='ocr_carea' id='block_1_76' title="bbox 2029 3010 3614 3086">
    <p class='ocr_par' dir='ltr' id='par_1_76' title="bbox 2029 3010 3614 3086">
     <span class='ocr_line' id='line_1_76' title="bbox 2029 3010 3614 3086; baseline 0.002 -21"><span class='ocrx_word' id='word_1_526' title='bbox 2029 3010 2308 3078; x_wconf 86' lang='lat' dir='ltr'><strong>habitum,</strong></span> <span class='ocrx_word' id='word_1_527' title='bbox 2341 3028 2562 3083; x_wconf 87' lang='lat' dir='ltr'><strong>semper</strong></span> <span class='ocrx_word' id='word_1_528' title='bbox 2593 3014 2833 3085; x_wconf 89' lang='lat' dir='ltr'><strong>amplius</strong></span> <span class='ocrx_word' id='word_1_529' title='bbox 2863 3014 3131 3084; x_wconf 89' lang='lat' dir='ltr'><strong>quiddam</strong></span> <span class='ocrx_word' id='word_1_530' title='bbox 3183 3016 3526 3086; x_wconf 78' lang='lat' dir='ltr'><strong>exeogitans,</strong></span> <span class='ocrx_word' id='word_1_531' title='bbox 3558 3025 3614 3069; x_wconf 77' lang='lat' dir='ltr'><strong>ti.</strong></span> 
     </span>
    </p>
   </div>
   <div class='ocr_carea' id='block_1_77' title="bbox 2027 3104 3612 3179">
    <p class='ocr_par' dir='ltr' id='par_1_77' title="bbox 2027 3104 3612 3179">
     <span class='ocr_line' id='line_1_77' title="bbox 2027 3104 3612 3179; baseline 0.001 -19"><span class='ocrx_word' id='word_1_532' title='bbox 2027 3104 2321 3175; x_wconf 84' lang='lat' dir='ltr'><strong>imaginem</strong></span> <span class='ocrx_word' id='word_1_533' title='bbox 2341 3105 2711 3176; x_wconf 82' lang='lat' dir='ltr'><strong>pulcherrime</strong></span> <span class='ocrx_word' id='word_1_534' title='bbox 2727 3105 2795 3162; x_wconf 85' lang='lat' dir='ltr'><strong>ad</strong></span> <span class='ocrx_word' id='word_1_535' title='bbox 2814 3108 3432 3179; x_wconf 34' lang='lat' dir='ltr'><strong>primariumiexemplar</strong></span> <span class='ocrx_word' id='word_1_536' title='bbox 3445 3124 3612 3178; x_wconf 79' lang='lat' dir='ltr'><strong>expo-</strong></span> 
     </span>
    </p>
   </div>
   <div class='ocr_carea' id='block_1_78' title="bbox 2029 3199 3616 3273">
    <p class='ocr_par' dir='ltr' id='par_1_78' title="bbox 2029 3199 3616 3273">
     <span class='ocr_line' id='line_1_78' title="bbox 2029 3199 3616 3273; baseline 0.003 -20"><span class='ocrx_word' id='word_1_537' title='bbox 2029 3199 2190 3265; x_wconf 92' lang='lat' dir='ltr'><strong>liens,</strong></span> <span class='ocrx_word' id='word_1_538' title='bbox 2207 3200 2439 3254; x_wconf 86' lang='lat' dir='ltr'><strong>ornasti.</strong></span> <span class='ocrx_word' id='word_1_539' title='bbox 2456 3199 2774 3257; x_wconf 89' lang='lat' dir='ltr'><strong>Conventus</strong></span> <span class='ocrx_word' id='word_1_540' title='bbox 2790 3202 3196 3258; x_wconf 86' lang='lat' dir='ltr'><strong>ecclesiasticos</strong></span> <span class='ocrx_word' id='word_1_541' title='bbox 3208 3202 3616 3273; x_wconf 86' lang='lat' dir='ltr'><strong>splendidiores</strong></span> 
     </span>
    </p>
   </div>
   <div class='ocr_carea' id='block_1_79' title="bbox 2033 3291 3614 3366">
    <p class='ocr_par' dir='ltr' id='par_1_79' title="bbox 2033 3291 3614 3366">
     <span class='ocr_line' id='line_1_79' title="bbox 2033 3291 3614 3366; baseline 0.003 -21"><span class='ocrx_word' id='word_1_542' title='bbox 2033 3291 2288 3358; x_wconf 84' lang='lat' dir='ltr'><strong>eﬂ&#39;ecisti,</strong></span> <span class='ocrx_word' id='word_1_543' title='bbox 2316 3306 2426 3346; x_wconf 87' lang='lat' dir='ltr'><strong>non</strong></span> <span class='ocrx_word' id='word_1_544' title='bbox 2449 3291 2629 3346; x_wconf 90' lang='lat' dir='ltr'><strong>solum</strong></span> <span class='ocrx_word' id='word_1_545' title='bbox 2659 3293 2872 3363; x_wconf 77' lang='lat' dir='ltr'><strong>ingenti</strong></span> <span class='ocrx_word' id='word_1_546' title='bbox 2901 3293 3257 3350; x_wconf 86' lang='lat' dir='ltr'><strong>lucernarum</strong></span> <span class='ocrx_word' id='word_1_547' title='bbox 3283 3296 3463 3366; x_wconf 86' lang='lat' dir='ltr'><strong>copia,</strong></span> <span class='ocrx_word' id='word_1_548' title='bbox 3491 3310 3614 3366; x_wconf 66' lang='lat' dir='ltr'><strong>qua:</strong></span> 
     </span>
    </p>
   </div>
   <div class='ocr_carea' id='block_1_80' title="bbox 2031 3383 3697 3456">
    <p class='ocr_par' dir='ltr' id='par_1_80' title="bbox 2031 3383 3697 3456">
     <span class='ocr_line' id='line_1_80' title="bbox 2031 3383 3697 3456; baseline 0.004 -15"><span class='ocrx_word' id='word_1_549' title='bbox 2031 3383 2086 3441; x_wconf 84' lang='lat' dir='ltr'><strong>in</strong></span> <span class='ocrx_word' id='word_1_550' title='bbox 2119 3383 2312 3439; x_wconf 85' lang='lat' dir='ltr'><strong>orbem</strong></span> <span class='ocrx_word' id='word_1_551' title='bbox 2341 3397 2441 3450; x_wconf 87' lang='lat' dir='ltr'><strong>per</strong></span> <span class='ocrx_word' id='word_1_552' title='bbox 2459 3392 2684 3439; x_wconf 88' lang='lat' dir='ltr'><strong>catenas</strong></span> <span class='ocrx_word' id='word_1_553' title='bbox 2734 3396 2972 3456; x_wconf 88' lang='lat' dir='ltr'><strong>serpunt</strong></span> <span class='ocrx_word' id='word_1_554' title='bbox 3003 3396 3060 3442; x_wconf 90' lang='lat' dir='ltr'><strong>et</strong></span> <span class='ocrx_word' id='word_1_555' title='bbox 3090 3389 3356 3455; x_wconf 88' lang='lat' dir='ltr'><strong>emicant,</strong></span> <span class='ocrx_word' id='word_1_556' title='bbox 3397 3391 3616 3446; x_wconf 90' lang='lat' dir='ltr'><strong>intcllc-</strong></span> <span class='ocrx_word' id='word_1_557' title='bbox 3692 3422 3697 3427; x_wconf 73' lang='grc' dir='ltr'><strong>ι</strong></span> 
     </span>
    </p>
   </div>
   <div class='ocr_carea' id='block_1_81' title="bbox 2031 3473 3611 3555">
    <p class='ocr_par' dir='ltr' id='par_1_81' title="bbox 2031 3473 3611 3555">
     <span class='ocr_line' id='line_1_81' title="bbox 2031 3473 3611 3555; baseline 0.007 -27"><span class='ocrx_word' id='word_1_558' title='bbox 2031 3473 2418 3544; x_wconf 85' lang='lat' dir='ltr'><strong>ctualiumque</strong></span> <span class='ocrx_word' id='word_1_559' title='bbox 2444 3476 2708 3532; x_wconf 90' lang='lat' dir='ltr'><strong>ordinum</strong></span> <span class='ocrx_word' id='word_1_560' title='bbox 2759 3487 2814 3533; x_wconf 92' lang='lat' dir='ltr'><strong>et</strong></span> <span class='ocrx_word' id='word_1_561' title='bbox 2847 3494 3138 3555; x_wconf 79' lang='lat' dir='ltr'><strong>numerum</strong></span> <span class='ocrx_word' id='word_1_562' title='bbox 3170 3489 3227 3536; x_wconf 90' lang='lat' dir='ltr'><strong>et</strong></span> <span class='ocrx_word' id='word_1_563' title='bbox 3255 3482 3611 3552; x_wconf 87' lang='lat' dir='ltr'><strong>splendorem</strong></span> 
     </span>
    </p>
   </div>
   <div class='ocr_carea' id='block_1_82' title="bbox 2030 3568 3614 3650">
    <p class='ocr_par' dir='ltr' id='par_1_82' title="bbox 2030 3568 3614 3650">
     <span class='ocr_line' id='line_1_82' title="bbox 2030 3568 3614 3650; baseline 0.008 -26"><span class='ocrx_word' id='word_1_564' title='bbox 2030 3568 2299 3633; x_wconf 81' lang='lat' dir='ltr'><strong>referunt,</strong></span> <span class='ocrx_word' id='word_1_565' title='bbox 2333 3578 2391 3624; x_wconf 91' lang='lat' dir='ltr'><strong>et</strong></span> <span class='ocrx_word' id='word_1_566' title='bbox 2418 3571 2567 3627; x_wconf 89' lang='lat' dir='ltr'><strong>velui</strong></span> <span class='ocrx_word' id='word_1_567' title='bbox 2594 3572 2914 3629; x_wconf 81' lang='lat' dir='ltr'><strong>astriferum</strong></span> <span class='ocrx_word' id='word_1_568' title='bbox 2944 3575 2998 3630; x_wconf 91' lang='lat' dir='ltr'><strong>in</strong></span> <span class='ocrx_word' id='word_1_569' title='bbox 3037 3577 3209 3632; x_wconf 90' lang='lat' dir='ltr'><strong>multa</strong></span> <span class='ocrx_word' id='word_1_570' title='bbox 3236 3586 3401 3633; x_wconf 87' lang='lat' dir='ltr'><strong>nocte</strong></span> <span class='ocrx_word' id='word_1_571' title='bbox 3442 3589 3614 3650; x_wconf 89' lang='lat' dir='ltr'><strong>atque</strong></span> 
     </span>
    </p>
   </div>
   <div class='ocr_carea' id='block_1_83' title="bbox 2031 3661 3613 3741">
    <p class='ocr_par' dir='ltr' id='par_1_83' title="bbox 2031 3661 3613 3741">
     <span class='ocr_line' id='line_1_83' title="bbox 2031 3661 3613 3741; baseline 0.007 -25"><span class='ocrx_word' id='word_1_572' title='bbox 2031 3661 2311 3717; x_wconf 73' lang='lat' dir='ltr'><strong>cmlestem</strong></span> <span class='ocrx_word' id='word_1_573' title='bbox 2344 3670 2579 3718; x_wconf 87' lang='lat' dir='ltr'><strong>tractum</strong></span> <span class='ocrx_word' id='word_1_574' title='bbox 2613 3667 2869 3737; x_wconf 80' lang='lat' dir='ltr'><strong>secundi,</strong></span> <span class='ocrx_word' id='word_1_575' title='bbox 2900 3677 2958 3721; x_wconf 90' lang='lat' dir='ltr'><strong>ut</strong></span> <span class='ocrx_word' id='word_1_576' title='bbox 2986 3669 3060 3723; x_wconf 88' lang='lat' dir='ltr'><strong>ita</strong></span> <span class='ocrx_word' id='word_1_577' title='bbox 3087 3668 3294 3735; x_wconf 87' lang='lat' dir='ltr'><strong>dicam,</strong></span> <span class='ocrx_word' id='word_1_578' title='bbox 3325 3680 3491 3741; x_wconf 91' lang='lat' dir='ltr'><strong>atque</strong></span> <span class='ocrx_word' id='word_1_579' title='bbox 3529 3674 3613 3727; x_wconf 89' lang='lat' dir='ltr'><strong>in-</strong></span> 
     </span>
    </p>
   </div>
   <div class='ocr_carea' id='block_1_84' title="bbox 2031 3750 3615 3831">
    <p class='ocr_par' dir='ltr' id='par_1_84' title="bbox 2031 3750 3615 3831">
     <span class='ocr_line' id='line_1_84' title="bbox 2031 3750 3615 3831; baseline 0.007 -25"><span class='ocrx_word' id='word_1_580' title='bbox 2031 3750 2333 3822; x_wconf 83' lang='lat' dir='ltr'><strong>telligibilis</strong></span> <span class='ocrx_word' id='word_1_581' title='bbox 2359 3750 2693 3809; x_wconf 81' lang='lat' dir='ltr'><strong>ﬁrmamenti</strong></span> <span class='ocrx_word' id='word_1_582' title='bbox 2741 3756 3009 3813; x_wconf 76' lang='lat' dir='ltr'><strong>exhibent</strong></span> <span class='ocrx_word' id='word_1_583' title='bbox 3051 3776 3065 3812; x_wconf 91' lang='lat'>:</span> <span class='ocrx_word' id='word_1_584' title='bbox 3114 3758 3168 3814; x_wconf 91' lang='lat' dir='ltr'><strong>in</strong></span> <span class='ocrx_word' id='word_1_585' title='bbox 3204 3776 3443 3831; x_wconf 90' lang='lat' dir='ltr'><strong>quorum</strong></span> <span class='ocrx_word' id='word_1_586' title='bbox 3498 3779 3615 3818; x_wconf 91' lang='lat' dir='ltr'><strong>me-</strong></span> 
     </span>
    </p>
   </div>
   <div class='ocr_carea' id='block_1_85' title="bbox 2031 3845 3612 3923">
    <p class='ocr_par' dir='ltr' id='par_1_85' title="bbox 2031 3845 3612 3923">
     <span class='ocr_line' id='line_1_85' title="bbox 2031 3845 3612 3923; baseline 0.004 -22"><span class='ocrx_word' id='word_1_587' title='bbox 2031 3845 2127 3901; x_wconf 90' lang='lat' dir='ltr'><strong>dio</strong></span> <span class='ocrx_word' id='word_1_588' title='bbox 2152 3845 2270 3916; x_wconf 86' lang='lat' dir='ltr'><strong>ipse</strong></span> <span class='ocrx_word' id='word_1_589' title='bbox 2299 3846 2529 3916; x_wconf 91' lang='lat' dir='ltr'><strong>perinde</strong></span> <span class='ocrx_word' id='word_1_590' title='bbox 2563 3858 2751 3920; x_wconf 91' lang='lat' dir='ltr'><strong>atque,</strong></span> <span class='ocrx_word' id='word_1_591' title='bbox 2778 3849 2925 3920; x_wconf 83' lang='lat' dir='ltr'><strong>quod</strong></span> <span class='ocrx_word' id='word_1_592' title='bbox 2958 3850 3153 3906; x_wconf 88' lang='lat' dir='ltr'><strong>auditu</strong></span> <span class='ocrx_word' id='word_1_593' title='bbox 3194 3868 3398 3907; x_wconf 85' lang='lat' dir='ltr'><strong>novum</strong></span> <span class='ocrx_word' id='word_1_594' title='bbox 3446 3862 3612 3923; x_wconf 71' lang='lat' dir='ltr'><strong>atque.</strong></span> 
     </span>
    </p>
   </div>
   <div class='ocr_carea' id='block_1_86' title="bbox 2034 3934 3609 4006">
    <p class='ocr_par' dir='ltr' id='par_1_86' title="bbox 2034 3934 3609 4006">
     <span class='ocr_line' id='line_1_86' title="bbox 2034 3934 3609 4006; baseline 0.005 -17"><span class='ocrx_word' id='word_1_595' title='bbox 2034 3934 2238 3990; x_wconf 90' lang='lat' dir='ltr'><strong>mirum</strong></span> <span class='ocrx_word' id='word_1_596' title='bbox 2268 3945 2373 4003; x_wconf 86' lang='lat' dir='ltr'><strong>est,</strong></span> <span class='ocrx_word' id='word_1_597' title='bbox 2401 3936 2745 4006; x_wconf 87' lang='lat' dir='ltr'><strong>plenilunius</strong></span> <span class='ocrx_word' id='word_1_598' title='bbox 2786 3940 2869 3996; x_wconf 90' lang='lat' dir='ltr'><strong>sol</strong></span> <span class='ocrx_word' id='word_1_599' title='bbox 2903 3941 3120 3997; x_wconf 87' lang='lat' dir='ltr'><strong>reluees</strong></span> <span class='ocrx_word' id='word_1_600' title='bbox 3157 3960 3170 3998; x_wconf 89' lang='lat'><strong>:</strong></span> <span class='ocrx_word' id='word_1_601' title='bbox 3209 3958 3406 3998; x_wconf 87' lang='lat' dir='ltr'><strong>verum</strong></span> <span class='ocrx_word' id='word_1_602' title='bbox 3440 3945 3609 4000; x_wconf 87' lang='lat' dir='ltr'><strong>etiam</strong></span> 
     </span>
    </p>
   </div>
   <div class='ocr_carea' id='block_1_87' title="bbox 2032 4027 3615 4104">
    <p class='ocr_par' dir='ltr' id='par_1_87' title="bbox 2032 4027 3615 4104">
     <span class='ocr_line' id='line_1_87' title="bbox 2032 4027 3615 4104; baseline 0.006 -22"><span class='ocrx_word' id='word_1_603' title='bbox 2032 4027 2200 4083; x_wconf 86' lang='lat' dir='ltr'><strong>rebus</strong></span> <span class='ocrx_word' id='word_1_604' title='bbox 2225 4028 2367 4095; x_wconf 88' lang='lat' dir='ltr'><strong>aliis,</strong></span> <span class='ocrx_word' id='word_1_605' title='bbox 2401 4030 2604 4100; x_wconf 87' lang='lat' dir='ltr'><strong>quibus</strong></span> <span class='ocrx_word' id='word_1_606' title='bbox 2632 4047 2841 4088; x_wconf 88' lang='lat' dir='ltr'><strong>numen</strong></span> <span class='ocrx_word' id='word_1_607' title='bbox 2874 4033 3127 4090; x_wconf 90' lang='lat' dir='ltr'><strong>divinum</strong></span> <span class='ocrx_word' id='word_1_608' title='bbox 3151 4035 3327 4091; x_wconf 66' lang='lat' dir='ltr'><strong>laetari</strong></span> <span class='ocrx_word' id='word_1_609' title='bbox 3356 4037 3523 4104; x_wconf 88' lang='lat' dir='ltr'><strong>solet,</strong></span> <span class='ocrx_word' id='word_1_610' title='bbox 3559 4050 3615 4092; x_wconf 88' lang='lat' dir='ltr'><strong>ct</strong></span> 
     </span>
    </p>
   </div>
   <div class='ocr_carea' id='block_1_88' title="bbox 2031 4120 3612 4201">
    <p class='ocr_par' dir='ltr' id='par_1_88' title="bbox 2031 4120 3612 4201">
     <span class='ocr_line' id='line_1_88' title="bbox 2031 4120 3612 4201; baseline 0.006 -28"><span class='ocrx_word' id='word_1_611' title='bbox 2031 4121 2178 4177; x_wconf 87' lang='lat' dir='ltr'><strong>vasis</strong></span> <span class='ocrx_word' id='word_1_612' title='bbox 2203 4120 2533 4192; x_wconf 90' lang='lat' dir='ltr'><strong>quibusdam</strong></span> <span class='ocrx_word' id='word_1_613' title='bbox 2592 4140 2791 4181; x_wconf 89' lang='lat' dir='ltr'><strong>novam</strong></span> <span class='ocrx_word' id='word_1_614' title='bbox 2836 4127 3080 4198; x_wconf 89' lang='lat' dir='ltr'><strong>speciem</strong></span> <span class='ocrx_word' id='word_1_615' title='bbox 3146 4128 3333 4201; x_wconf 51' lang='lat' dir='ltr'><strong>atque&quot;</strong></span> <span class='ocrx_word' id='word_1_616' title='bbox 3378 4129 3612 4186; x_wconf 80' lang='lat' dir='ltr'><strong>formam</strong></span> 
     </span>
    </p>
   </div>
   <div class='ocr_carea' id='block_1_89' title="bbox 2032 4211 3618 4293">
    <p class='ocr_par' dir='ltr' id='par_1_89' title="bbox 2032 4211 3618 4293">
     <span class='ocr_line' id='line_1_89' title="bbox 2032 4211 3618 4293; baseline 0.008 -26"><span class='ocrx_word' id='word_1_617' title='bbox 2032 4211 2264 4269; x_wconf 86' lang='lat' dir='ltr'><strong>horrore</strong></span> <span class='ocrx_word' id='word_1_618' title='bbox 2297 4231 2529 4286; x_wconf 86' lang='lat' dir='ltr'><strong>prorsus</strong></span> <span class='ocrx_word' id='word_1_619' title='bbox 2586 4219 2807 4289; x_wconf 90' lang='lat' dir='ltr'><strong>plenam</strong></span> <span class='ocrx_word' id='word_1_620' title='bbox 2864 4237 2977 4293; x_wconf 72' lang='lat' dir='ltr'><strong>pra:</strong></span> <span class='ocrx_word' id='word_1_621' title='bbox 3009 4237 3069 4277; x_wconf 91' lang='lat' dir='ltr'><strong>se</strong></span> <span class='ocrx_word' id='word_1_622' title='bbox 3110 4223 3447 4280; x_wconf 80' lang='lat' dir='ltr'><strong>ferentibus.</strong></span> <span class='ocrx_word' id='word_1_623' title='bbox 3480 4225 3618 4292; x_wconf 79' lang='lat' dir='ltr'><strong>Quis</strong></span> 
     </span>
    </p>
   </div>
   <div class='ocr_carea' id='block_1_90' title="bbox 2033 4306 3614 4389">
    <p class='ocr_par' dir='ltr' id='par_1_90' title="bbox 2033 4306 3614 4389">
     <span class='ocr_line' id='line_1_90' title="bbox 2033 4306 3614 4389; baseline 0.008 -31"><span class='ocrx_word' id='word_1_624' title='bbox 2033 4318 2199 4373; x_wconf 85' lang='lat' dir='ltr'><strong>porro</strong></span> <span class='ocrx_word' id='word_1_625' title='bbox 2231 4306 2548 4389; x_wconf 87' lang='lat' dir='ltr'><strong>eloquatur,</strong></span> <span class='ocrx_word' id='word_1_626' title='bbox 2597 4325 2763 4380; x_wconf 87' lang='lat' dir='ltr'><strong>quam</strong></span> <span class='ocrx_word' id='word_1_627' title='bbox 2796 4313 3189 4381; x_wconf 76' lang='lat' dir='ltr'><strong>praestantibus</strong></span> <span class='ocrx_word' id='word_1_628' title='bbox 3240 4324 3296 4370; x_wconf 86' lang='lat' dir='ltr'><strong>et</strong></span> <span class='ocrx_word' id='word_1_629' title='bbox 3324 4315 3492 4371; x_wconf 87' lang='lat' dir='ltr'><strong>variis</strong></span> <span class='ocrx_word' id='word_1_630' title='bbox 3522 4332 3614 4371; x_wconf 84' lang='lat' dir='ltr'><strong>sa-</strong></span> 
     </span>
    </p>
   </div>
   <div class='ocr_carea' id='block_1_91' title="bbox 2033 4398 3618 4476">
    <p class='ocr_par' dir='ltr' id='par_1_91' title="bbox 2033 4398 3618 4476">
     <span class='ocr_line' id='line_1_91' title="bbox 2033 4398 3618 4476; baseline 0.007 -25"><span class='ocrx_word' id='word_1_631' title='bbox 2033 4398 2143 4452; x_wconf 91' lang='lat' dir='ltr'><strong>cris</strong></span> <span class='ocrx_word' id='word_1_632' title='bbox 2171 4398 2419 4454; x_wconf 86' lang='lat' dir='ltr'><strong>vestibus</strong></span> <span class='ocrx_word' id='word_1_633' title='bbox 2443 4415 2584 4469; x_wconf 90' lang='lat' dir='ltr'><strong>puro</strong></span> <span class='ocrx_word' id='word_1_634' title='bbox 2629 4416 2790 4467; x_wconf 89' lang='lat' dir='ltr'><strong>auro,</strong></span> <span class='ocrx_word' id='word_1_635' title='bbox 2839 4404 3212 4474; x_wconf 89' lang='lat' dir='ltr'><strong>pretiosisque</strong></span> <span class='ocrx_word' id='word_1_636' title='bbox 3258 4415 3315 4459; x_wconf 91' lang='lat' dir='ltr'><strong>et</strong></span> <span class='ocrx_word' id='word_1_637' title='bbox 3370 4407 3618 4476; x_wconf 83' lang='lat' dir='ltr'><strong>resplen-</strong></span> 
     </span>
    </p>
   </div>
   <div class='ocr_carea' id='block_1_92' title="bbox 2036 4489 3617 4569">
    <p class='ocr_par' dir='ltr' id='par_1_92' title="bbox 2036 4489 3617 4569">
     <span class='ocr_line' id='line_1_92' title="bbox 2036 4489 3617 4569; baseline 0.008 -26"><span class='ocrx_word' id='word_1_638' title='bbox 2036 4489 2300 4544; x_wconf 88' lang='lat' dir='ltr'><strong>dentibus</strong></span> <span class='ocrx_word' id='word_1_639' title='bbox 2323 4490 2529 4561; x_wconf 89' lang='lat' dir='ltr'><strong>lapillis</strong></span> <span class='ocrx_word' id='word_1_640' title='bbox 2557 4501 2614 4548; x_wconf 92' lang='lat' dir='ltr'><strong>et</strong></span> <span class='ocrx_word' id='word_1_641' title='bbox 2660 4493 2975 4565; x_wconf 78' lang='lat' dir='ltr'><strong>margaritis</strong></span> <span class='ocrx_word' id='word_1_642' title='bbox 2999 4498 3234 4560; x_wconf 89' lang='lat' dir='ltr'><strong>ornatis,</strong></span> <span class='ocrx_word' id='word_1_643' title='bbox 3284 4496 3421 4553; x_wconf 88' lang='lat' dir='ltr'><strong>nihil</strong></span> <span class='ocrx_word' id='word_1_644' title='bbox 3453 4500 3617 4569; x_wconf 88' lang='lat' dir='ltr'><strong>plane</strong></span> 
     </span>
    </p>
   </div>
   <div class='ocr_carea' id='block_1_93' title="bbox 352 4581 1926 4657">
    <p class='ocr_par' dir='ltr' id='par_1_93' title="bbox 352 4581 1926 4657">
     <span class='ocr_line' id='line_1_93' title="bbox 352 4581 1926 4657; baseline 0.001 -20"><span class='ocrx_word' id='word_1_645' title='bbox 352 4581 442 4637; x_wconf 77' lang='grc' dir='ltr'>οἴα</span> <span class='ocrx_word' id='word_1_646' title='bbox 471 4582 571 4655; x_wconf 84' lang='grc' dir='ltr'>τὴν</span> <span class='ocrx_word' id='word_1_647' title='bbox 600 4583 835 4652; x_wconf 84' lang='grc' dir='ltr'>δυνατὴν</span> <span class='ocrx_word' id='word_1_648' title='bbox 868 4583 1046 4654; x_wconf 81' lang='grc' dir='ltr'>ῥοπὴν</span> <span class='ocrx_word' id='word_1_649' title='bbox 1072 4582 1377 4649; x_wconf 80' lang='grc' dir='ltr'>ἀνατιθεὶς,</span> <span class='ocrx_word' id='word_1_650' title='bbox 1419 4584 1648 4652; x_wconf 74' lang='grc' dir='ltr'>ῥέουσαν</span> <span class='ocrx_word' id='word_1_651' title='bbox 1675 4585 1777 4657; x_wconf 70' lang='grc' dir='ltr'>ἤδη</span> <span class='ocrx_word' id='word_1_652' title='bbox 1834 4586 1926 4642; x_wconf 75' lang='grc' dir='ltr'>καὶ</span> 
     </span>
    </p>
   </div>
   <div class='ocr_carea' id='block_1_94' title="bbox 2027 4581 3615 4657">
    <p class='ocr_par' dir='ltr' id='par_1_94' title="bbox 2035 4583 3615 4657">
     <span class='ocr_line' id='line_1_94' title="bbox 2035 4583 3615 4657; baseline 0.009 -21"><span class='ocrx_word' id='word_1_653' title='bbox 2035 4583 2101 4637; x_wconf 89' lang='lat' dir='ltr'><strong>ad</strong></span> <span class='ocrx_word' id='word_1_654' title='bbox 2134 4583 2596 4653; x_wconf 84' lang='lat' dir='ltr'><strong>magniﬁcentiam</strong></span> <span class='ocrx_word' id='word_1_655' title='bbox 2623 4586 2820 4657; x_wconf 88' lang='lat' dir='ltr'><strong>reliqui</strong></span> <span class='ocrx_word' id='word_1_656' title='bbox 2850 4588 3079 4653; x_wconf 80' lang='lat' dir='ltr'><strong>faciens,</strong></span> <span class='ocrx_word' id='word_1_657' title='bbox 3113 4589 3487 4650; x_wconf 88' lang='lat' dir='ltr'><strong>hierarchiam</strong></span> <span class='ocrx_word' id='word_1_658' title='bbox 3516 4610 3615 4651; x_wconf 85' lang='lat' dir='ltr'><strong>seu</strong></span> 
     </span>
    </p>
   </div>
   <div class='ocr_carea' id='block_1_95' title="bbox 356 4672 1930 4749">
    <p class='ocr_par' dir='ltr' id='par_1_95' title="bbox 356 4672 1930 4749">
     <span class='ocr_line' id='line_1_95' title="bbox 356 4672 1930 4749; baseline 0.002 -20"><span class='ocrx_word' id='word_1_659' title='bbox 356 4676 839 4743; x_wconf 81' lang='grc' dir='ltr'>καταπίπτουσαν,</span> <span class='ocrx_word' id='word_1_660' title='bbox 869 4675 930 4729; x_wconf 85' lang='grc' dir='ltr'><strong>οὐ</strong></span> <span class='ocrx_word' id='word_1_661' title='bbox 954 4672 1126 4737; x_wconf 85' lang='grc' dir='ltr'>λίθοις</span> <span class='ocrx_word' id='word_1_662' title='bbox 1163 4675 1275 4728; x_wconf 75' lang='grc' dir='ltr'>τισὶ</span> <span class='ocrx_word' id='word_1_663' title='bbox 1297 4676 1392 4728; x_wconf 78' lang='grc' dir='ltr'>καὶ</span> <span class='ocrx_word' id='word_1_664' title='bbox 1425 4674 1669 4740; x_wconf 76' lang='grc' dir='ltr'>πλίνθοις</span> <span class='ocrx_word' id='word_1_665' title='bbox 1696 4678 1930 4749; x_wconf 77' lang='grc' dir='ltr'>ἐκράτυ-</span> 
     </span>
    </p>
   </div>
   <div class='ocr_carea' id='block_1_96' title="bbox 356 4766 1927 4838">
    <p class='ocr_par' dir='ltr' id='par_1_96' title="bbox 356 4766 1927 4838">
     <span class='ocr_line' id='line_1_96' title="bbox 356 4766 1927 4838; baseline 0.001 -15"><span class='ocrx_word' id='word_1_666' title='bbox 356 4784 485 4830; x_wconf 79' lang='grc' dir='ltr'>ναςο</span> <span class='ocrx_word' id='word_1_667' title='bbox 514 4766 652 4822; x_wconf 86' lang='grc' dir='ltr'><strong>ἀλλά</strong></span> <span class='ocrx_word' id='word_1_668' title='bbox 688 4769 805 4830; x_wconf 88' lang='grc' dir='ltr'>τοῖς</span> <span class='ocrx_word' id='word_1_669' title='bbox 851 4768 1249 4837; x_wconf 85' lang='grc' dir='ltr'>πνευματικοῖς</span> <span class='ocrx_word' id='word_1_670' title='bbox 1301 4769 1625 4838; x_wconf 84' lang='grc' dir='ltr'>ἀντερείσας</span> <span class='ocrx_word' id='word_1_671' title='bbox 1671 4770 1886 4834; x_wconf 81' lang='grc' dir='ltr'>στύλοις</span> <span class='ocrx_word' id='word_1_672' title='bbox 1911 4787 1927 4802; x_wconf 88' lang='grc'><strong>·</strong></span> 
     </span>
    </p>
   </div>
   <div class='ocr_carea' id='block_1_97' title="bbox 351 4858 1929 4934">
    <p class='ocr_par' dir='ltr' id='par_1_97' title="bbox 351 4858 1929 4934">
     <span class='ocr_line' id='line_1_97' title="bbox 351 4858 1929 4934; baseline 0.003 -22"><span class='ocrx_word' id='word_1_673' title='bbox 351 4861 463 4921; x_wconf 84' lang='grc' dir='ltr'>τοῖς</span> <span class='ocrx_word' id='word_1_674' title='bbox 494 4858 604 4912; x_wconf 86' lang='grc' dir='ltr'><strong>τῶν</strong></span> <span class='ocrx_word' id='word_1_675' title='bbox 636 4859 902 4930; x_wconf 85' lang='grc' dir='ltr'>Πατέρων</span> <span class='ocrx_word' id='word_1_676' title='bbox 930 4860 1083 4929; x_wconf 85' lang='grc' dir='ltr'>ὅροις</span> <span class='ocrx_word' id='word_1_677' title='bbox 1113 4863 1211 4912; x_wconf 78' lang='grc' dir='ltr'>καὶ</span> <span class='ocrx_word' id='word_1_678' title='bbox 1237 4858 1508 4930; x_wconf 85' lang='grc' dir='ltr'>δόγμασιν</span> <span class='ocrx_word' id='word_1_679' title='bbox 1539 4859 1807 4934; x_wconf 79' lang='grc' dir='ltr'>ὤρθωσαν</span> <span class='ocrx_word' id='word_1_680' title='bbox 1839 4863 1929 4918; x_wconf 78' lang='grc' dir='ltr'><strong>οὔ·</strong></span> 
     </span>
    </p>
   </div>
   <div class='ocr_carea' id='block_1_98' title="bbox 352 4952 1926 5026">
    <p class='ocr_par' dir='ltr' id='par_1_98' title="bbox 352 4952 1926 5026">
     <span class='ocr_line' id='line_1_98' title="bbox 352 4952 1926 5026; baseline 0.002 -21"><span class='ocrx_word' id='word_1_681' title='bbox 352 4969 430 5005; x_wconf 87' lang='grc' dir='ltr'><strong>τω</strong></span> <span class='ocrx_word' id='word_1_682' title='bbox 455 4952 550 5006; x_wconf 76' lang='grc' dir='ltr'>καὶ</span> <span class='ocrx_word' id='word_1_683' title='bbox 580 4952 806 5022; x_wconf 84' lang='grc' dir='ltr'>ταύτην.</span> <span class='ocrx_word' id='word_1_684' title='bbox 836 4952 908 5005; x_wconf 83' lang='grc' dir='ltr'>Τὸ</span> <span class='ocrx_word' id='word_1_685' title='bbox 932 4952 1291 5024; x_wconf 86' lang='grc' dir='ltr'>ἀπερινόητον</span> <span class='ocrx_word' id='word_1_686' title='bbox 1322 4952 1415 5004; x_wconf 79' lang='grc' dir='ltr'>καὶ</span> <span class='ocrx_word' id='word_1_687' title='bbox 1438 4953 1723 5024; x_wconf 79' lang='grc' dir='ltr'>ἀμήχανον</span> <span class='ocrx_word' id='word_1_688' title='bbox 1743 4954 1926 5026; x_wconf 75' lang='grc' dir='ltr'>ἔργον,</span> 
     </span>
    </p>
   </div>
   <div class='ocr_carea' id='block_1_99' title="bbox 350 5043 1932 5117">
    <p class='ocr_par' dir='ltr' id='par_1_99' title="bbox 350 5043 1932 5117">
     <span class='ocr_line' id='line_1_99' title="bbox 350 5043 1932 5117; baseline 0.002 -20"><span class='ocrx_word' id='word_1_689' title='bbox 350 5043 411 5097; x_wconf 80' lang='grc' dir='ltr'>τὸ</span> <span class='ocrx_word' id='word_1_690' title='bbox 439 5044 680 5115; x_wconf 77' lang='grc' dir='ltr'>ἄρρητον</span> <span class='ocrx_word' id='word_1_691' title='bbox 714 5043 929 5108; x_wconf 76' lang='grc' dir='ltr'>κάλλος,</span> <span class='ocrx_word' id='word_1_692' title='bbox 956 5044 1056 5116; x_wconf 81' lang='grc' dir='ltr'>τὴν</span> <span class='ocrx_word' id='word_1_693' title='bbox 1083 5043 1272 5098; x_wconf 88' lang='grc' dir='ltr'>είκόνα</span> <span class='ocrx_word' id='word_1_694' title='bbox 1300 5047 1401 5114; x_wconf 81' lang='grc' dir='ltr'><strong>τῆς</strong></span> <span class='ocrx_word' id='word_1_695' title='bbox 1429 5045 1606 5099; x_wconf 84' lang='grc' dir='ltr'>ἀϊδίου</span> <span class='ocrx_word' id='word_1_696' title='bbox 1644 5045 1836 5117; x_wconf 85' lang='grc' dir='ltr'>αὐλῆς,</span> <span class='ocrx_word' id='word_1_697' title='bbox 1871 5046 1932 5100; x_wconf 77' lang='grc' dir='ltr'>τὸ</span> 
     </span>
    </p>
   </div>
   <div class='ocr_carea' id='block_1_100' title="bbox 351 5136 1922 5212">
    <p class='ocr_par' dir='ltr' id='par_1_100' title="bbox 351 5136 1922 5212">
     <span class='ocr_line' id='line_1_100' title="bbox 351 5136 1922 5212; baseline 0.003 -23"><span class='ocrx_word' id='word_1_698' title='bbox 351 5136 533 5190; x_wconf 78' lang='grc' dir='ltr'>κοινὸν</span> <span class='ocrx_word' id='word_1_699' title='bbox 585 5136 913 5207; x_wconf 83' lang='grc' dir='ltr'>ἀνθρώπων,</span> <span class='ocrx_word' id='word_1_700' title='bbox 949 5139 1090 5191; x_wconf 83' lang='grc' dir='ltr'>εῖπω</span> <span class='ocrx_word' id='word_1_701' title='bbox 1121 5137 1168 5191; x_wconf 77' lang='grc' dir='ltr'>δ’</span> <span class='ocrx_word' id='word_1_702' title='bbox 1192 5137 1275 5191; x_wconf 81' lang='grc' dir='ltr'>ὅτι</span> <span class='ocrx_word' id='word_1_703' title='bbox 1332 5137 1426 5191; x_wconf 78' lang='grc' dir='ltr'>καὶ</span> <span class='ocrx_word' id='word_1_704' title='bbox 1452 5137 1702 5206; x_wconf 80' lang='grc' dir='ltr'>ἀγγέλων</span> <span class='ocrx_word' id='word_1_705' title='bbox 1735 5139 1922 5212; x_wconf 67' lang='grc' dir='ltr'>ὲντρύρ</span> 
     </span>
    </p>
   </div>
   <div class='ocr_carea' id='block_1_101' title="bbox 353 5230 1930 5302">
    <p class='ocr_par' dir='ltr' id='par_1_101' title="bbox 353 5230 1930 5302">
     <span class='ocr_line' id='line_1_101' title="bbox 353 5230 1930 5302; baseline 0.002 -19"><span class='ocrx_word' id='word_1_706' title='bbox 353 5246 516 5299; x_wconf 88' lang='grc' dir='ltr'>φημα</span> <span class='ocrx_word' id='word_1_707' title='bbox 556 5234 652 5285; x_wconf 74' lang='grc' dir='ltr'>καὶ</span> <span class='ocrx_word' id='word_1_708' title='bbox 677 5230 958 5300; x_wconf 79' lang='grc' dir='ltr'>ὼράῖσμα,</span> <span class='ocrx_word' id='word_1_709' title='bbox 996 5230 1057 5284; x_wconf 72' lang='grc' dir='ltr'><strong>τὸ</strong></span> <span class='ocrx_word' id='word_1_710' title='bbox 1091 5231 1192 5300; x_wconf 80' lang='grc' dir='ltr'><strong>τῆς</strong></span> <span class='ocrx_word' id='word_1_711' title='bbox 1236 5231 1329 5286; x_wconf 89' lang='grc' dir='ltr'><strong>τοῦ</strong></span> <span class='ocrx_word' id='word_1_712' title='bbox 1357 5230 1492 5285; x_wconf 88' lang='grc' dir='ltr'>Θεοῦ</span> <span class='ocrx_word' id='word_1_713' title='bbox 1522 5233 1700 5301; x_wconf 87' lang='grc' dir='ltr'>Λόγου</span> <span class='ocrx_word' id='word_1_714' title='bbox 1729 5233 1930 5302; x_wconf 89' lang='grc' dir='ltr'>Σοφίας</span> 
     </span>
    </p>
   </div>
   <div class='ocr_carea' id='block_1_102' title="bbox 353 5321 1938 5396">
    <p class='ocr_par' dir='ltr' id='par_1_102' title="bbox 353 5321 1938 5396">
     <span class='ocr_line' id='line_1_102' title="bbox 353 5321 1938 5396; baseline 0.004 -23"><span class='ocrx_word' id='word_1_715' title='bbox 353 5322 499 5374; x_wconf 87' lang='grc' dir='ltr'>θεῖον</span> <span class='ocrx_word' id='word_1_716' title='bbox 529 5321 722 5386; x_wconf 78' lang='grc' dir='ltr'>δντως,</span> <span class='ocrx_word' id='word_1_717' title='bbox 757 5322 926 5392; x_wconf 81' lang='grc' dir='ltr'>λέγω,</span> <span class='ocrx_word' id='word_1_718' title='bbox 949 5324 1254 5393; x_wconf 84' lang='grc' dir='ltr'>ἀνάκτορον</span> <span class='ocrx_word' id='word_1_719' title='bbox 1275 5339 1291 5354; x_wconf 78' lang='grc'><strong>⁸</strong></span> <span class='ocrx_word' id='word_1_720' title='bbox 1325 5324 1420 5378; x_wconf 73' lang='grc' dir='ltr'>καὶ</span> <span class='ocrx_word' id='word_1_721' title='bbox 1464 5324 1674 5396; x_wconf 83' lang='grc' dir='ltr'>ταύτην</span> <span class='ocrx_word' id='word_1_722' title='bbox 1697 5323 1773 5396; x_wconf 80' lang='grc' dir='ltr'>τῷ</span> <span class='ocrx_word' id='word_1_723' title='bbox 1804 5325 1938 5396; x_wconf 83' lang='grc' dir='ltr'>θρά-</span> 
     </span>
    </p>
   </div>
   <div class='ocr_carea' id='block_1_103' title="bbox 356 5412 1937 5488">
    <p class='ocr_par' dir='ltr' id='par_1_103' title="bbox 356 5412 1937 5488">
     <span class='ocr_line' id='line_1_103' title="bbox 356 5412 1937 5488; baseline 0.003 -23"><span class='ocrx_word' id='word_1_724' title='bbox 356 5429 439 5466; x_wconf 76' lang='grc' dir='ltr'><strong>σει</strong></span> <span class='ocrx_word' id='word_1_725' title='bbox 473 5412 566 5466; x_wconf 87' lang='grc' dir='ltr'><strong>τοῦ</strong></span> <span class='ocrx_word' id='word_1_726' title='bbox 611 5417 806 5484; x_wconf 85' lang='grc' dir='ltr'>χρόνου</span> <span class='ocrx_word' id='word_1_727' title='bbox 836 5418 1180 5485; x_wconf 85' lang='grc' dir='ltr'>κάμνουσαν,</span> <span class='ocrx_word' id='word_1_728' title='bbox 1238 5416 1334 5469; x_wconf 78' lang='grc' dir='ltr'>καὶ</span> <span class='ocrx_word' id='word_1_729' title='bbox 1379 5417 1503 5480; x_wconf 85' lang='grc' dir='ltr'>ταῖς</span> <span class='ocrx_word' id='word_1_730' title='bbox 1533 5416 1644 5470; x_wconf 86' lang='grc' dir='ltr'><strong>τῶν</strong></span> <span class='ocrx_word' id='word_1_731' title='bbox 1675 5417 1937 5488; x_wconf 80' lang='grc' dir='ltr'>ὑπερκει-</span> 
     </span>
    </p>
   </div>
   <div class='ocr_carea' id='block_1_104' title="bbox 358 5505 1933 5576">
    <p class='ocr_par' dir='ltr' id='par_1_104' title="bbox 358 5505 1933 5576">
     <span class='ocr_line' id='line_1_104' title="bbox 358 5505 1933 5576; baseline 0.006 -19"><span class='ocrx_word' id='word_1_732' title='bbox 358 5505 532 5576; x_wconf 81' lang='grc' dir='ltr'>μένων</span> <span class='ocrx_word' id='word_1_733' title='bbox 554 5506 883 5575; x_wconf 80' lang='grc' dir='ltr'>ύπερϐολαῖς</span> <span class='ocrx_word' id='word_1_734' title='bbox 909 5509 964 5571; x_wconf 80' lang='grc' dir='ltr'>ἐς</span> <span class='ocrx_word' id='word_1_735' title='bbox 986 5508 1114 5576; x_wconf 89' lang='grc' dir='ltr'>γόνυ</span> <span class='ocrx_word' id='word_1_736' title='bbox 1136 5507 1424 5564; x_wconf 82' lang='grc' dir='ltr'>κλίνουσαν</span> <span class='ocrx_word' id='word_1_737' title='bbox 1446 5510 1540 5563; x_wconf 71' lang='grc' dir='ltr'><strong>καὶ</strong></span> <span class='ocrx_word' id='word_1_738' title='bbox 1561 5508 1898 5574; x_wconf 72' lang='grc' dir='ltr'>ὀκλάζουσαν</span> <span class='ocrx_word' id='word_1_739' title='bbox 1917 5525 1933 5544; x_wconf 85' lang='grc'>⁶</span> 
     </span>
    </p>
   </div>
   <div class='ocr_carea' id='block_1_105' title="bbox 350 5594 1932 5674">
    <p class='ocr_par' dir='ltr' id='par_1_105' title="bbox 350 5594 1932 5674">
     <span class='ocr_line' id='line_1_105' title="bbox 350 5594 1932 5674; baseline 0.005 -27"><span class='ocrx_word' id='word_1_740' title='bbox 350 5594 682 5663; x_wconf 66' lang='grc' dir='ltr'>ἀντιστήσεις</span> <span class='ocrx_word' id='word_1_741' title='bbox 714 5596 889 5669; x_wconf 81' lang='grc' dir='ltr'>ταύτῃ</span> <span class='ocrx_word' id='word_1_742' title='bbox 918 5596 1017 5668; x_wconf 76' lang='grc' dir='ltr'>τὴν</span> <span class='ocrx_word' id='word_1_743' title='bbox 1040 5599 1257 5668; x_wconf 79' lang='grc' dir='ltr'>χρυσῆν</span> <span class='ocrx_word' id='word_1_744' title='bbox 1284 5599 1490 5667; x_wconf 71' lang='grc' dir='ltr'>δεξιὰν,</span> <span class='ocrx_word' id='word_1_745' title='bbox 1530 5601 1587 5653; x_wconf 85' lang='grc' dir='ltr'>ὲν</span> <span class='ocrx_word' id='word_1_746' title='bbox 1617 5600 1694 5672; x_wconf 83' lang='grc' dir='ltr'>τῷ</span> <span class='ocrx_word' id='word_1_747' title='bbox 1729 5600 1932 5674; x_wconf 80' lang='grc' dir='ltr'>βεϐαίῳ</span> 
     </span>
    </p>
   </div>
   <div class='ocr_carea' id='block_1_106' title="bbox 2035 4675 3614 4757">
    <p class='ocr_par' dir='ltr' id='par_1_106' title="bbox 2035 4675 3614 4757">
     <span class='ocr_line' id='line_1_106' title="bbox 2035 4675 3614 4757; baseline 0.009 -29"><span class='ocrx_word' id='word_1_748' title='bbox 2035 4675 2413 4745; x_wconf 91' lang='lat' dir='ltr'><strong>episcopatum</strong></span> <span class='ocrx_word' id='word_1_749' title='bbox 2441 4686 2693 4732; x_wconf 86' lang='lat' dir='ltr'><strong>nostrum</strong></span> <span class='ocrx_word' id='word_1_750' title='bbox 2722 4678 3124 4739; x_wconf 86' lang='lat' dir='ltr'><strong>illustraveris?</strong></span> <span class='ocrx_word' id='word_1_751' title='bbox 3155 4684 3260 4741; x_wconf 88' lang='lat' dir='ltr'><strong>Per</strong></span> <span class='ocrx_word' id='word_1_752' title='bbox 3282 4702 3405 4757; x_wconf 63' lang='lat' dir='ltr'><strong>qua:</strong></span> <span class='ocrx_word' id='word_1_753' title='bbox 3427 4690 3614 4744; x_wconf 82' lang='lat' dir='ltr'><strong>omnia</strong></span> 
     </span>
    </p>
   </div>
   <div class='ocr_carea' id='block_1_107' title="bbox 2037 4768 3615 4846">
    <p class='ocr_par' dir='ltr' id='par_1_107' title="bbox 2037 4768 3615 4846">
     <span class='ocr_line' id='line_1_107' title="bbox 2037 4768 3615 4846; baseline 0.011 -25"><span class='ocrx_word' id='word_1_754' title='bbox 2037 4768 2406 4837; x_wconf 80' lang='lat' dir='ltr'><strong>incredibilis,</strong></span> <span class='ocrx_word' id='word_1_755' title='bbox 2440 4770 2858 4844; x_wconf 86' lang='lat' dir='ltr'><strong>plurimumque</strong></span> <span class='ocrx_word' id='word_1_756' title='bbox 2893 4774 3131 4846; x_wconf 86' lang='lat' dir='ltr'><strong>ﬂagrans</strong></span> <span class='ocrx_word' id='word_1_757' title='bbox 3174 4787 3302 4834; x_wconf 90' lang='lat' dir='ltr'><strong>tuus</strong></span> <span class='ocrx_word' id='word_1_758' title='bbox 3338 4781 3393 4833; x_wconf 92' lang='lat' dir='ltr'><strong>in</strong></span> <span class='ocrx_word' id='word_1_759' title='bbox 3425 4781 3615 4838; x_wconf 87' lang='lat' dir='ltr'><strong>Eccle-</strong></span> 
     </span>
    </p>
   </div>
   <div class='ocr_carea' id='block_1_108' title="bbox 2036 4860 3619 4943">
    <p class='ocr_par' dir='ltr' id='par_1_108' title="bbox 2036 4860 3619 4943">
     <span class='ocr_line' id='line_1_108' title="bbox 2036 4860 3619 4943; baseline 0.008 -27"><span class='ocrx_word' id='word_1_760' title='bbox 2036 4861 2175 4916; x_wconf 86' lang='lat' dir='ltr'><strong>siam</strong></span> <span class='ocrx_word' id='word_1_761' title='bbox 2214 4860 2422 4917; x_wconf 87' lang='lat' dir='ltr'><strong>Christi</strong></span> <span class='ocrx_word' id='word_1_762' title='bbox 2453 4879 2610 4919; x_wconf 85' lang='lat' dir='ltr'><strong>amor</strong></span> <span class='ocrx_word' id='word_1_763' title='bbox 2667 4873 2723 4921; x_wconf 92' lang='lat' dir='ltr'><strong>et</strong></span> <span class='ocrx_word' id='word_1_764' title='bbox 2780 4865 3123 4923; x_wconf 89' lang='lat' dir='ltr'><strong>desiderium</strong></span> <span class='ocrx_word' id='word_1_765' title='bbox 3157 4886 3491 4943; x_wconf 84' lang='lat' dir='ltr'><strong>magnopere</strong></span> <span class='ocrx_word' id='word_1_766' title='bbox 3521 4874 3619 4928; x_wconf 86' lang='lat' dir='ltr'><strong>de-</strong></span> 
     </span>
    </p>
   </div>
   <div class='ocr_carea' id='block_1_109' title="bbox 2037 4955 3617 5035">
    <p class='ocr_par' dir='ltr' id='par_1_109' title="bbox 2037 4955 3617 5035">
     <span class='ocr_line' id='line_1_109' title="bbox 2037 4955 3617 5035; baseline 0.009 -26"><span class='ocrx_word' id='word_1_767' title='bbox 2037 4955 2302 5012; x_wconf 87' lang='lat' dir='ltr'><strong>claratur.</strong></span> <span class='ocrx_word' id='word_1_768' title='bbox 2335 4955 2478 5023; x_wconf 84' lang='lat' dir='ltr'><strong>Quid</strong></span> <span class='ocrx_word' id='word_1_769' title='bbox 2510 4957 2675 5028; x_wconf 88' lang='lat' dir='ltr'><strong>igitur</strong></span> <span class='ocrx_word' id='word_1_770' title='bbox 2701 4960 2824 5016; x_wconf 88' lang='lat' dir='ltr'><strong>est?</strong></span> <span class='ocrx_word' id='word_1_771' title='bbox 2886 4961 3035 5019; x_wconf 86' lang='lat' dir='ltr'><strong>Talis</strong></span> <span class='ocrx_word' id='word_1_772' title='bbox 3081 4974 3136 5019; x_wconf 88' lang='lat' dir='ltr'><strong>tu</strong></span> <span class='ocrx_word' id='word_1_773' title='bbox 3172 4967 3396 5035; x_wconf 86' lang='lat' dir='ltr'><strong>quidem</strong></span> <span class='ocrx_word' id='word_1_774' title='bbox 3435 4967 3489 5023; x_wconf 87' lang='lat' dir='ltr'><strong>in</strong></span> <span class='ocrx_word' id='word_1_775' title='bbox 3522 4984 3617 5022; x_wconf 87' lang='lat' dir='ltr'><strong>or-</strong></span> 
     </span>
    </p>
   </div>
   <div class='ocr_carea' id='block_1_110' title="bbox 2038 5047 3616 5131">
    <p class='ocr_par' dir='ltr' id='par_1_110' title="bbox 2038 5047 3616 5131">
     <span class='ocr_line' id='line_1_110' title="bbox 2038 5047 3616 5131; baseline 0.01 -31"><span class='ocrx_word' id='word_1_776' title='bbox 2038 5047 2218 5101; x_wconf 88' lang='lat' dir='ltr'><strong>nanda</strong></span> <span class='ocrx_word' id='word_1_777' title='bbox 2247 5060 2412 5118; x_wconf 86' lang='lat' dir='ltr'><strong>atque</strong></span> <span class='ocrx_word' id='word_1_778' title='bbox 2471 5050 2818 5107; x_wconf 78' lang='lat' dir='ltr'><strong>defendenda</strong></span> <span class='ocrx_word' id='word_1_779' title='bbox 2851 5068 2916 5108; x_wconf 88' lang='lat' dir='ltr'><strong>ea</strong></span> <span class='ocrx_word' id='word_1_780' title='bbox 2962 5072 3084 5125; x_wconf 59' lang='lat' dir='ltr'><strong>quae</strong></span> <span class='ocrx_word' id='word_1_781' title='bbox 3136 5061 3382 5114; x_wconf 81' lang='lat' dir='ltr'><strong>materia:</strong></span> <span class='ocrx_word' id='word_1_782' title='bbox 3416 5076 3616 5131; x_wconf 81' lang='lat' dir='ltr'><strong>expers</strong></span> 
     </span>
    </p>
   </div>
   <div class='ocr_carea' id='block_1_111' title="bbox 2038 5141 3614 5221">
    <p class='ocr_par' dir='ltr' id='par_1_111' title="bbox 2038 5141 3614 5221">
     <span class='ocr_line' id='line_1_111' title="bbox 2038 5141 3614 5221; baseline 0.009 -28"><span class='ocrx_word' id='word_1_783' title='bbox 2038 5149 2094 5193; x_wconf 90' lang='lat' dir='ltr'><strong>et</strong></span> <span class='ocrx_word' id='word_1_784' title='bbox 2124 5141 2517 5200; x_wconf 88' lang='lat' dir='ltr'><strong>intellectualis</strong></span> <span class='ocrx_word' id='word_1_785' title='bbox 2546 5155 2630 5199; x_wconf 92' lang='lat' dir='ltr'><strong>est</strong></span> <span class='ocrx_word' id='word_1_786' title='bbox 2659 5144 2928 5215; x_wconf 86' lang='lat' dir='ltr'><strong>Ecclesia,</strong></span> <span class='ocrx_word' id='word_1_787' title='bbox 2963 5164 3147 5204; x_wconf 85' lang='lat' dir='ltr'><strong>veram</strong></span> <span class='ocrx_word' id='word_1_788' title='bbox 3173 5151 3433 5221; x_wconf 71' lang='lat' dir='ltr'><strong>pietatem</strong></span> <span class='ocrx_word' id='word_1_789' title='bbox 3468 5153 3614 5219; x_wconf 89' lang='lat' dir='ltr'><strong>dico,</strong></span> 
     </span>
    </p>
   </div>
   <div class='ocr_carea' id='block_1_112' title="bbox 2037 5245 3618 5311">
    <p class='ocr_par' dir='ltr' id='par_1_112' title="bbox 2037 5245 3618 5311">
     <span class='ocr_line' id='line_1_112' title="bbox 2037 5245 3618 5311; baseline 0.008 -24"><span class='ocrx_word' id='word_1_790' title='bbox 2037 5247 2268 5303; x_wconf 82' lang='lat' dir='ltr'><strong>appares</strong></span> <span class='ocrx_word' id='word_1_791' title='bbox 2305 5256 2320 5290; x_wconf 89' lang='lat'><strong>:</strong></span> <span class='ocrx_word' id='word_1_792' title='bbox 2361 5253 2491 5309; x_wconf 87' lang='lat' dir='ltr'><strong>erga</strong></span> <span class='ocrx_word' id='word_1_793' title='bbox 2518 5253 2639 5294; x_wconf 89' lang='lat' dir='ltr'><strong>eam</strong></span> <span class='ocrx_word' id='word_1_794' title='bbox 2676 5256 2806 5296; x_wconf 87' lang='lat' dir='ltr'><strong>vero</strong></span> <span class='ocrx_word' id='word_1_795' title='bbox 2837 5257 2959 5311; x_wconf 82' lang='lat' dir='ltr'><strong>quae</strong></span> <span class='ocrx_word' id='word_1_796' title='bbox 2985 5258 3052 5298; x_wconf 82' lang='lat' dir='ltr'><strong>ex</strong></span> <span class='ocrx_word' id='word_1_797' title='bbox 3087 5245 3319 5299; x_wconf 84' lang='lat' dir='ltr'><strong>materia</strong></span> <span class='ocrx_word' id='word_1_798' title='bbox 3350 5245 3452 5300; x_wconf 88' lang='lat' dir='ltr'><strong>ista</strong></span> <span class='ocrx_word' id='word_1_799' title='bbox 3487 5260 3618 5300; x_wconf 90' lang='lat' dir='ltr'><strong>cou-</strong></span> 
     </span>
    </p>
   </div>
   <div class='ocr_carea' id='block_1_113' title="bbox 2036 5330 3615 5393">
    <p class='ocr_par' dir='ltr' id='par_1_113' title="bbox 2036 5330 3615 5393">
     <span class='ocr_line' id='line_1_113' title="bbox 2036 5330 3615 5393; baseline 0.01 -18"><span class='ocrx_word' id='word_1_800' title='bbox 2036 5333 2246 5378; x_wconf 86' lang='lat' dir='ltr'><strong>structa</strong></span> <span class='ocrx_word' id='word_1_801' title='bbox 2271 5334 2376 5393; x_wconf 91' lang='lat' dir='ltr'><strong>est,</strong></span> <span class='ocrx_word' id='word_1_802' title='bbox 2410 5342 2519 5381; x_wconf 92' lang='lat' dir='ltr'><strong>non</strong></span> <span class='ocrx_word' id='word_1_803' title='bbox 2545 5330 2742 5385; x_wconf 90' lang='lat' dir='ltr'><strong>eodem</strong></span> <span class='ocrx_word' id='word_1_804' title='bbox 2775 5348 2837 5387; x_wconf 85' lang='lat' dir='ltr'><strong>es</strong></span> <span class='ocrx_word' id='word_1_805' title='bbox 2867 5332 3097 5389; x_wconf 73' lang='lat' dir='ltr'><strong>allectus</strong></span> <span class='ocrx_word' id='word_1_806' title='bbox 3138 5335 3349 5391; x_wconf 83' lang='lat' dir='ltr'><strong>modo?</strong></span> <span class='ocrx_word' id='word_1_807' title='bbox 3402 5335 3456 5391; x_wconf 91' lang='lat' dir='ltr'><strong>ld</strong></span> <span class='ocrx_word' id='word_1_808' title='bbox 3484 5352 3615 5392; x_wconf 83' lang='lat' dir='ltr'><strong>vero</strong></span> 
     </span>
    </p>
   </div>
   <div class='ocr_carea' id='block_1_114' title="bbox 2036 5411 3611 5499">
    <p class='ocr_par' dir='ltr' id='par_1_114' title="bbox 2036 5411 3611 5499">
     <span class='ocr_line' id='line_1_114' title="bbox 2036 5411 3611 5499; baseline 0.011 -32"><span class='ocrx_word' id='word_1_809' title='bbox 2036 5411 2196 5485; x_wconf 85' lang='lat' dir='ltr'><strong>longe</strong></span> <span class='ocrx_word' id='word_1_810' title='bbox 2227 5415 2403 5472; x_wconf 90' lang='lat' dir='ltr'><strong>abest.</strong></span> <span class='ocrx_word' id='word_1_811' title='bbox 2440 5417 2919 5484; x_wconf 83' lang='lat' dir='ltr'><strong>Quemadmodum</strong></span> <span class='ocrx_word' id='word_1_812' title='bbox 2950 5427 3099 5482; x_wconf 89' lang='lat' dir='ltr'><strong>enim</strong></span> <span class='ocrx_word' id='word_1_813' title='bbox 3136 5428 3285 5482; x_wconf 88' lang='lat' dir='ltr'><strong>illam</strong></span> <span class='ocrx_word' id='word_1_814' title='bbox 3306 5428 3419 5499; x_wconf 80' lang='lat' dir='ltr'><strong>jam</strong></span> <span class='ocrx_word' id='word_1_815' title='bbox 3445 5429 3611 5485; x_wconf 84' lang='lat' dir='ltr'><strong>colla-</strong></span> 
     </span>
    </p>
   </div>
   <div class='ocr_carea' id='block_1_115' title="bbox 2032 5506 3612 5593">
    <p class='ocr_par' dir='ltr' id='par_1_115' title="bbox 2032 5506 3612 5593">
     <span class='ocr_line' id='line_1_115' title="bbox 2032 5506 3612 5593; baseline 0.009 -30"><span class='ocrx_word' id='word_1_816' title='bbox 2032 5506 2253 5565; x_wconf 89' lang='lat' dir='ltr'><strong>bentem</strong></span> <span class='ocrx_word' id='word_1_817' title='bbox 2291 5522 2346 5566; x_wconf 91' lang='lat' dir='ltr'><strong>et</strong></span> <span class='ocrx_word' id='word_1_818' title='bbox 2372 5528 2595 5582; x_wconf 90' lang='lat' dir='ltr'><strong>pessum</strong></span> <span class='ocrx_word' id='word_1_819' title='bbox 2621 5527 2871 5586; x_wconf 88' lang='lat' dir='ltr'><strong>euntem,</strong></span> <span class='ocrx_word' id='word_1_820' title='bbox 2891 5530 3159 5589; x_wconf 89' lang='lat' dir='ltr'><strong>quantum</strong></span> <span class='ocrx_word' id='word_1_821' title='bbox 3187 5523 3417 5592; x_wconf 90' lang='lat' dir='ltr'><strong>potuisti</strong></span> <span class='ocrx_word' id='word_1_822' title='bbox 3445 5539 3612 5593; x_wconf 88' lang='lat' dir='ltr'><strong>opum</strong></span> 
     </span>
    </p>
   </div>
   <div class='ocr_carea' id='block_1_116' title="bbox 2030 5603 3613 5686">
    <p class='ocr_par' dir='ltr' id='par_1_116' title="bbox 2030 5603 3613 5686">
     <span class='ocr_line' id='line_1_116' title="bbox 2030 5603 3613 5686; baseline 0.011 -31"><span class='ocrx_word' id='word_1_823' title='bbox 2030 5603 2344 5673; x_wconf 79' lang='lat' dir='ltr'><strong>conferens,</strong></span> <span class='ocrx_word' id='word_1_824' title='bbox 2381 5622 2491 5662; x_wconf 91' lang='lat' dir='ltr'><strong>non</strong></span> <span class='ocrx_word' id='word_1_825' title='bbox 2541 5608 2821 5680; x_wconf 88' lang='lat' dir='ltr'><strong>lapidibus</strong></span> <span class='ocrx_word' id='word_1_826' title='bbox 2870 5625 2926 5667; x_wconf 91' lang='lat' dir='ltr'><strong>et</strong></span> <span class='ocrx_word' id='word_1_827' title='bbox 2972 5612 3261 5680; x_wconf 87' lang='lat' dir='ltr'><strong>lateribus,</strong></span> <span class='ocrx_word' id='word_1_828' title='bbox 3298 5615 3395 5669; x_wconf 88' lang='lat' dir='ltr'><strong>sed</strong></span> <span class='ocrx_word' id='word_1_829' title='bbox 3447 5616 3613 5686; x_wconf 77' lang='lat' dir='ltr'><strong>Spiri-</strong></span> 
     </span>
    </p>
   </div>
   <div class='ocr_carea' id='block_1_117' title="bbox 423 5774 3616 5867">
    <p class='ocr_par' dir='ltr' id='par_1_117' title="bbox 423 5774 3616 5867">
     <span class='ocr_line' id='line_1_117' title="bbox 423 5774 3616 5867; baseline 0.009 -39"><span class='ocrx_word' id='word_1_830' title='bbox 423 5774 912 5867; x_wconf 11' lang='lat' dir='ltr'><strong>(ll)l‘.aus:pietati_s</strong></span> <span class='ocrx_word' id='word_1_831' title='bbox 945 5779 1305 5867; x_wconf 54' lang='lat' dir='ltr'><strong>institutamet</strong></span> <span class='ocrx_word' id='word_1_832' title='bbox 1327 5778 1592 5867; x_wconf 53' lang='lat' dir='ltr'><strong>doctrina:</strong></span> <span class='ocrx_word' id='word_1_833' title='bbox 1613 5780 1942 5867; x_wconf 72' lang='lat' dir='ltr'><strong>Christianae</strong></span> <span class='ocrx_word' id='word_1_834' title='bbox 2051 5803 2166 5867; x_wconf 58' lang='lat' dir='ltr'><strong>eos</strong></span> <span class='ocrx_word' id='word_1_835' title='bbox 2198 5788 2370 5858; x_wconf 82' lang='lat' dir='ltr'><strong>patris</strong></span> <span class='ocrx_word' id='word_1_836' title='bbox 2420 5789 2503 5847; x_wconf 89' lang='lat' dir='ltr'><strong>sui</strong></span> <span class='ocrx_word' id='word_1_837' title='bbox 2566 5791 2848 5850; x_wconf 76' lang='lat' dir='ltr'><strong>Michaelis</strong></span> <span class='ocrx_word' id='word_1_838' title='bbox 2912 5793 2979 5851; x_wconf 88' lang='lat' dir='ltr'><strong>de</strong></span> <span class='ocrx_word' id='word_1_839' title='bbox 3040 5794 3302 5867; x_wconf 86' lang='lat' dir='ltr'><strong>religione</strong></span> <span class='ocrx_word' id='word_1_840' title='bbox 3351 5806 3469 5855; x_wconf 76' lang='lat' dir='ltr'><strong>acta</strong></span> <span class='ocrx_word' id='word_1_841' title='bbox 3526 5814 3616 5856; x_wconf 78' lang='lat' dir='ltr'><strong>re-</strong></span> 
     </span>
    </p>
   </div>
   <div class='ocr_carea' id='block_1_118' title="bbox 349 5849 1920 5920">
    <p class='ocr_par' dir='ltr' id='par_1_118' title="bbox 349 5849 1920 5920">
     <span class='ocr_line' id='line_1_118' title="bbox 349 5849 1920 5920; baseline 0.006 -21"><span class='ocrx_word' id='word_1_842' title='bbox 349 5853 415 5899; x_wconf 60' lang='grc' dir='ltr'>ιι»</span> <span class='ocrx_word' id='word_1_843' title='bbox 446 5849 509 5899; x_wconf 89' lang='grc' dir='ltr'>ιι.ι</span> <span class='ocrx_word' id='word_1_844' title='bbox 533 5850 717 5903; x_wconf 76' lang='lat' dir='ltr'><strong>retieis</strong></span> <span class='ocrx_word' id='word_1_845' title='bbox 739 5850 1091 5919; x_wconf 72' lang='lat' dir='ltr'><strong>Opinionibus</strong></span> <span class='ocrx_word' id='word_1_846' title='bbox 1118 5860 1443 5920; x_wconf 74' lang='lat' dir='ltr'><strong>repurgattc.</strong></span> <span class='ocrx_word' id='word_1_847' title='bbox 1476 5851 1607 5908; x_wconf 81' lang='lat' dir='ltr'><strong>Nam</strong></span> <span class='ocrx_word' id='word_1_848' title='bbox 1644 5854 1920 5909; x_wconf 83' lang='lat' dir='ltr'><strong>Androni-</strong></span> 
     </span>
    </p>
   </div>
   <div class='ocr_carea' id='block_1_119' title="bbox 2030 5858 2215 5914">
    <p class='ocr_par' dir='ltr' id='par_1_119' title="bbox 2030 5858 2215 5914">
     <span class='ocr_line' id='line_1_119' title="bbox 2030 5858 2215 5914; baseline 0.011 -2"><span class='ocrx_word' id='word_1_849' title='bbox 2030 5858 2215 5914; x_wconf 84' lang='lat' dir='ltr'><strong>scidit.</strong></span> 
     </span>
    </p>
   </div>
  </div>
