4032 6408
452 359 556 420 583

1656 342 2085 420 Ntcsrn‘oal
2128 353 2478 417 CALLISTI
3594 346 3685 418 εει

456 470 700 526 tnalibus
735 446 1015 523 s‘uﬂ‘ultam
1060 467 1351 533 columnis,
1406 468 1626 523 Patrum
1669 472 1882 526 scilicet
1939 472 2038 525 do-

2146 465 2333 534 μένειν
2388 463 2690 533 παρέσχες,
2728 461 2984 536 τοτοῦτον
3036 462 3292 533 sapam,
3324 462 3398 525 ὡς
3446 464 3602 536 μηδέν
3641 483 3687 518 τι

454 562 648 619 clrinis
674 568 732 615 et
797 558 1178 615 sanetionibus
1236 560 1574 614 conﬁrmasti
1605 578 1618 614 :
1651 563 1731 616 sic
1778 573 1833 616 et
1892 562 2034 615 hanc

390 706 391 713 η
456 652 705 706 crexisti.
746 652 886 716 lloc,
926 651 1170 719 inquam,
1208 651 1597 721 cogitationem
1632 653 1832 706 mentis
1856 654 2037 707 excel-

454 744 577 798 lens
599 743 1000 798 etimmcnsnm
1021 757 1181 810 opus,
1208 742 1349 796 banc
1375 742 1753 796 incredibilem
1782 743 2034 808 formam,

457 837 805 904 sempiterna:
833 834 973 887 aulae
1021 833 1341 902 imaginem,
1392 848 1687 887 commune
1724 833 2035 899 hominum,

457 927 636 979 dicam
661 926 826 981 etiam
859 912 1202 993 angelorum,
1244 924 1718 980 delectamentum
1744 934 1799 978 ct
1825 935 2038 995 specta-

459 999 665 1083 culum,
702 1019 807 1074 hoc
836 1019 1085 1073 divinum
1117 1019 1214 1072 Dei
1252 1004 1422 1073 V'erbi
1448 1018 1764 1088 Sapientiae,
1789 1020 2037 1089 inquam,

458 1110 759 1178 palatium:
812 1109 957 1164 hanc
1011 1109 1572 1179 quoquebasilicam
1640 1118 1946 1179 temporum
1987 1107 2039 1161 vi

464 1204 569 1273 16
599 1204 874 1266 aﬂ‘ectam,
932 1211 990 1257 et
1038 1187 1449 1259 imminentium
1493 1202 1845 1257 cacuminum
1896 1201 2039 1256 mole

460 1296 629 1349 veluti
668 1282 723 1350 in
754 1311 932 1365 genua
962 1295 1283 1350 inclinatam
1324 1305 1381 1348 et
1426 1293 1841 1358 labelactatam,
1881 1290 2040 1348 adbi-

460 1384 575 1438 bita
606 1387 658 1439 ei
699 1400 870 1439 aurea
899 1385 1116 1447 dextra.
1152 1384 1219 1439 ad
1248 1383 1498 1439 stabilem
1540 1382 1596 1438 et
1634 1392 1845 1436 certum
1877 1381 2039 1437 resti-

460 1462 841 1531 tuististatum
888 1494 902 1530 :
934 1477 1000 1530 ad
1028 1491 1155 1530 enm
1191 1476 1413 1530 modum
1471 1472 1704 1530 :edilicio
1733 1474 1883 1529 omni
1945 1472 2038 1528 ﬁr-

461 1577 635 1632 mato,
671 1574 731 1620 ut
760 1566 812 1620 in
839 1575 1123 1637 posterum
1154 1567 1303 1620 nulla
1335 1577 1651 1636 temporum
1704 1565 1909 1635 injuria
1940 1564 2040 1620 de-

463 1658 1037 1728 trimentijquidquam
1070 1660 1119 1713 ei
1149 1658 1346 1713 afferre
1374 1657 1567 1728 possit.
1600 1656 1732 1711 Nam
1777 1656 2042 1712 saxisin-

456 1752 688 1823 jectitiis
716 1764 772 1807 et
808 1754 1038 1821 pulchre
1065 1753 1248 1822 politis
1271 1767 1335 1806 ex
1366 1763 1517 1821 parte
1546 1762 1776 1819 utraque
1802 1766 1922 1805 eam
1953 1765 2040 1805 re-

2137 557 2247 609 τῶν
2275 556 2466 610 δεινῶν
2510 555 2604 608 τοῦ
2636 555 2826 607 λοιποῦ
2864 554 3065 618 ἐξεῖναι
3103 555 3205 623 τῆς
3248 557 3312 609 ὲκ
3348 556 3452 609 τῶν
3496 561 3686 628 χρόνων

2140 644 2354 716 ὕϐρεως
2385 645 2524 713 αὐτῇ
2579 642 2939 711 προσϐαλεῖν.
2989 638 3343 711 Ἐμϐολίμοις
3397 642 3500 713 γὰρ
3533 641 3689 704 λίθοις

2138 739 2234 789 καὶ
2280 738 2358 798 είς
2400 735 2600 798 κάλλος
2636 733 3058 802 ἀπεξεσμένοις,
3092 733 3435 803 ἑκατέρωθεν
3468 733 3691 805 ἐπιρῥώο

2143 844 2241 888 σας
2272 825 2555 896 οἰκοδομίᾳ
2612 822 2819 895 στερῤᾷ
2848 823 2941 876 καὶ
2991 820 3330 893 ἀδαμαντίνῃ
3368 823 3569 892 σχεδὸν,
3609 824 3694 875 ἐπὶ

2142 923 2411 992 μήκιστον
2444 923 2523 984 είς
2557 920 2691 990 ὕψος
2740 920 3144 991 ἀνατρέχούσῃ·
3179 918 3254 983 ὡς
3289 921 3462 973 δοκεῖν
3502 920 3594 972 ἕνα
3624 920 3695 972 λί-

2141 1012 2233 1065 θον
2285 1008 2427 1066 εἶναι
2484 1013 2545 1065 τδ
2590 1010 2814 1081 σύμπαν
2872 1008 3053 1079 ἔργον,
3106 1016 3172 1083 τῇ
3220 1014 3275 1069 ἐς
3302 1014 3470 1082 ἄκρον
3509 1013 3695 1082 δηλαδὴ

2142 1105 2381 1173 ἁρμονίᾳ
2420 1105 2514 1157 διαὶ
2574 1104 2846 1173 συιιφυῖᾳ.
2907 1107 3012 1158 Καὶ
3060 1106 3240 1157 πάντα
3305 1106 3403 1174 μὲν
3439 1100 3528 1156 τὸν
3569 1106 3695 1156 νεὼν

2130 1188 2388 1267 ’στερρῶς
2414 1196 2648 1267 ἑδραιοῖς
2673 1188 2689 1227 δ
2722 1195 2959 1265 μάλιστα
2988 1194 3032 1249 δ’
3060 1196 3159 1249 ὅσα
3188 1196 3299 1248 τῶν
3340 1197 3700 1264 οἰκοδομημά-

2140 1298 2250 1334 των
2283 1279 2424 1353 ἦσαν
2455 1282 2591 1353 πρὸς
2611 1282 2902 1354 ᾁνίσχοντα
2930 1285 3111 1354 ἥλιον,
3150 1284 3339 1354 ἡρέμα
3368 1284 3566 1337 ὡσανεὶ
3597 1284 3700 1337 τῶν

2143 1360 2321 1429 ἄλλων
2352 1375 2786 1440 ἀποσαλεύοντα,
2833 1376 2894 1429 οὐ
2928 1376 3028 1446 τὴν
3069 1370 3230 1448 χεῖρα
3272 1378 3433 1446 μόνον
3466 1377 3538 1444 τῷ
3564 1372 3702 1447 ἔργῳ

2142 1467 2441 1530 ἐπιϐαλὼν,
2476 1468 2613 1521 ἀλλὰ
2656 1470 2750 1523 καὶ
2797 1467 2890 1521 τὸν
2926 1468 3017 1520 σὺν
3050 1470 3194 1522 θεῖον
3227 1470 3352 1523 νοῦν
3378 1465 3474 1524 και
3505 1471 3703 1537 ἀκήρα-

2142 1558 2233 1615 τον
2261 1565 2374 1625 τοῖς
2405 1556 2616 1625 λοιποῖς
2667 1558 3009 1632 προστιθεὶς,
3048 1564 3142 1617 καὶ
3186 1566 3304 1627 ταῖς
3334 1559 3463 1631 περὶ
3508 1562 3704 1615 τούτων

2143 1656 2429 1724 φροντίσιν
2453 1654 2801 1711 ἐκδαπανῶν.
2835 1654 2947 1710 Καὶ
2980 1656 3088 1727 γάρ
3113 1675 3230 1721 πως
3257 1659 3353 1711 καὶ
3380 1656 3517 1728 πρὸς
3541 1653 3704 1709 ταῦτα

2143 1745 2472 1814 ἐπιτηδείως
2507 1745 2745 1814 μάλιστα
2777 1745 3096 1815 διαγέγονας
3124 1748 3286 1818 ἔχων,
3318 1748 3397 1817 τῷ
3423 1748 3518 1817 τῆς
3547 1747 3704 1814 σοφῆς

463 1846 756 1907 staurasti,
798 1855 1075 1900 structura
1107 1830 1278 1899 solida
1326 1852 1382 1899 et
1414 1844 1526 1900 fere
1556 1843 1905 1899 adamantina
1962 1843 2036 1899 ita

2146 1832 2382 1896 διανοίας
2440 1832 2782 1903 μεγαλοφυεϊ
2810 1851 2872 1888 τε
2903 1836 3000 1889 καὶ
3034 1830 3282 1906 συνετῷ⁴
3327 1836 3405 1900 ὡς
3444 1832 3706 1903 ἡττᾶσθαι

462 1933 788 2003 longissime
849 1934 904 1988 in
937 1934 1106 1988 altum
1150 1943 1509 1999 excurrente,
1562 1926 1624 1988 ut
1672 1930 1848 1987 totum
1899 1946 2038 2002 opus

465 2028 695 2095 propter
723 2040 994 2080 summam
1028 2025 1475 2081 convenientiam
1527 2034 1584 2079 et
1611 2027 2039 2094 coagmentatio-

463 2130 591 2170 nem
621 2130 813 2170 saxum
843 2129 1017 2168 unum
1049 2130 1175 2169 esse
1207 2114 1479 2169 videatur.
1532 2103 1595 2168 Et
1625 2123 1797 2168 totum
1831 2125 1887 2167 ιιι
1919 2113 2044 2183 qui-

463 2206 589 2261 dem
615 2206 722 2261 hoc
753 2207 1018 2276 templum
1068 2205 1243 2259 solida
1298 2205 1601 2260 stabilitate
1654 2206 1992 2259 conﬁrmasti
2026 2221 2040 2258 :

465 2298 704 2353 maxime
734 2307 915 2360 tamen
947 2311 1067 2351 eam
1092 2295 1311 2351 aedilicii
1339 2305 1574 2363 partem.
1614 2313 1737 2367 quae
1763 2297 1830 2351 ad
1863 2297 2046 2351 orien-

470 2401 579 2445 tem
610 2391 779 2444 solem
832 2398 1105 2458 spectans,
1161 2389 1366 2443 sensim
1414 2387 1822 2458 quodammodo
1849 2403 1879 2442 a
1914 2387 2043 2442 reli-

466 2482 593 2551 quis
624 2478 876 2551 partibus
905 2481 1142 2551 abrupta
1184 2490 1269 2536 est
1323 2488 1378 2536 et
1420 2480 1715 2548 disiuncta.
1776 2479 1888 2535 Nec
1926 2484 2045 2533 ma-

466 2587 598 2625 num
629 2581 841 2626 tantum
871 2570 1024 2642 Operi
1080 2570 1168 2626 isti
1229 2570 1553 2635 adhibuisti,
1594 2568 1689 2625 sed
1716 2569 1783 2624 ad
1835 2569 2045 2638 reliqua

466 2666 652 2729 etiam,
698 2665 939 2719 divinam
971 2673 1027 2718 et
1058 2662 1421 2717 immortalem
1465 2671 1614 2716 tuam
1646 2674 1834 2715 curam
1860 2668 1916 2714 et
1937 2659 2048 2713 sol-

467 2753 813 2807 licitudinem
852 2753 1020 2806 rebus
1052 2752 1137 2806 his
1165 2751 1510 2821 impendens,
1548 2750 1819 2822 adjecisti.
1853 2748 2042 2819 Siqui-

468 2845 591 2898 dem
618 2844 683 2899 ad
727 2845 829 2898 h‘as
863 2845 1026 2899 etiam
1055 2854 1204 2898 artes
1234 2844 1497 2913 sapientis
1527 2843 1697 2897 animi
1729 2841 2045 2912 intelligen-

469 2938 545 2990 tia
584 2945 640 2989 et
693 2934 1096 3005 magnitudine,
1153 2933 1453 2988 admodum
1517 2948 1576 2987 es
1614 2932 1925 3002 appositus.
1977 2931 2046 2987 Et

469 3042 609 3098 opus
647 3026 753 3082 hoc
793 3027 1044 3088 omnino,
1096 3025 1242 3094 quod
1309 3023 1569 3084 diximus.
1608 3038 1721 3077 non
1759 3036 1823 3077 ea
1867 3023 2042 3077 solum

469 3135 592 3190 qum
620 3135 649 3173 a
674 3119 876 3174 saeculo
904 3117 1126 3172 condito
1160 3116 1445 3181 exstitere,
1502 3131 1691 3170 verum
1749 3116 1914 3169 etiam
1945 3117 2042 3170 dc—

469 3211 913 3267 cantatissimum
949 3209 1101 3263 illum
1159 3207 1542 3263 Semiramidis
1592 3206 1863 3261 bitumine
1891 3222 2042 3260 com-

412 3370 425 3371 i
470 3313 692 3374 pactum
719 3319 936 3357 murum
968 3302 1128 3372 longe
1161 3300 1466 3368 superavit.
1518 3299 1720 3355 Verum
1756 3299 2042 3353 enimvero

470 3398 713 3467 priscum
748 3412 968 3466 quoque
1021 3394 1190 3449 divini
1241 3393 1408 3463 hujus
1448 3391 1664 3446 delubri
1699 3391 2042 3445 conditorem

469 3490 574 3561 (1),
602 3505 668 3544 ex
698 3503 805 3542 aere
840 3487 894 3541 in
922 3496 1160 3542 statuam
1189 3482 1613 3554 pulcherrimam
1639 3491 1756 3535 arte
1794 3483 2044 3534 lictorum

470 3578 755 3640 dili'usum,
791 3577 1034 3646 atquein
1064 3576 1322 3629 columna
1371 3572 1773 3645 aurigationem
1804 3571 1920 3624 sive
1945 3585 2048 3639 gu-

471 3668 849 3724 bernationem
879 3673 1302 3735 exsequentem,
1330 3679 1436 3716 una
1470 3677 1596 3716 cum
1623 3660 1776 3730 galea
1807 3659 2046 3729 superba

469 3772 525 3816 et
548 3761 739 3815 habitu
777 3761 1091 3830 magniﬁco,
1144 3760 1452 3826 dextraque
1504 3770 1669 3823 grave
1699 3752 1957 3823 quiddam
1990 3762 2048 3806 et

472 3855 723 3908 terribile
747 3852 1004 3915 minanti,
1041 3866 1186 3919 equo
1237 3850 1400 3904 etiam
1465 3846 1674 3916 ingenti
1734 3846 1965 3899 naribus
1989 3850 2046 3898 et

470 3946 696 4001 fremitu
728 3946 834 3998 vim
861 3946 1023 4014 plane
1052 3945 1319 4012 spirante,
1368 3941 1501 4012 jnba
1561 3951 1781 4008 quoque
1814 3953 1911 4007 per
1944 3952 2043 3990 au-

472 4053 591 4091 ram
626 4038 869 4101 ludente,
897 4044 954 4089 et
977 4036 1132 4103 juxta
1162 4033 1512 4086 Homericum
1552 4044 1778 4098 equum,
1802 4029 1858 4083 in
1913 4029 2045 4083 sub-

2142 1923 2490 1992 κατακράτος
2517 1924 2694 1994 τούτῳ
2723 1924 2788 1993 δὴ
2822 1925 2900 1996 τῷ
2924 1924 3071 1997 ἔργῳ
3103 1926 3178 1996 μὴ
3214 1926 3377 1995 μόνον
3403 1927 3482 1979 δσ’
3508 1926 3564 1992 ἐξ
3585 1924 3709 1977 αἰῶ-

2141 2009 2230 2075 νος
2250 2014 2562 2080 γεγόνασιν,
2598 2013 2736 2067 ἀλλὰ
2769 2015 2865 2068 καὶ
2896 2013 2958 2068 τὸ
2990 2014 3393 2086 θρυλλούμενον
3416 2015 3476 2081 ἐξ
3514 2014 3711 2084 ἀσφὰλέ

2142 2108 2237 2156 του
2272 2104 2453 2174 τεῖχος
2494 2106 2672 2159 ἐκεῖνο
2704 2110 2767 2159 τδ
2813 2106 3204 2178 Σεμιράμιδος.
3241 2108 3315 2161 Oti
3355 2109 3465 2180 μὴν
3512 2108 3555 2161 δ’
3581 2106 3709 2160 ἀλλὰ

2146 2196 2238 2248 καὶ
2255 2195 2346 2249 τὸν
2371 2195 2606 2250 ἔκπαλαι
2629 2197 2724 2251 τοῦ
2753 2198 2899 2252 θείου
2921 2199 3111 2254 τούτου
3137 2202 3400 2270 ¹ιξεριένους
3420 2202 3707 2271 δομήτορα,

2146 2287 2333 2357 χαλκῷ
2364 2290 2422 2352 ἐς
2456 2289 2739 2357 πάγκαλόν
2772 2307 2826 2342 τι
2860 2292 3052 2362 χρῆμα
3098 2294 3380 2366 πλαστικῇ
3413 2294 3581 2367 τέχνῃ
3605 2294 3713 2346 sta:

2147 2378 2416 2449 χυθέντα,
2443 2381 2612 2448 ζκάπὶ
2662 2381 2844 2446 κίονος
2876 2383 2975 2454 τὴν
3009 2385 3293 2456 ἡνιόχησιν
3340 2387 3710 2454 ἐξελαύνοντα.

2150 2469 2369 2539 σύναμα
2412 2471 2604 2543 ταύρῳ
2637 2472 2731 2525 καὶ
2775 2473 2967 2543 κράνει
3017 2476 3114 2528 καὶ
3145 2477 3411 2547 σχήματι,
3444 2477 3538 2530 καὶ
3574 2475 3714 2544 δεξιᾷ

2146 2561 2323 2616 δεινὸν
2352 2561 2656 2635 ἁπειλούσῃ
2679 2566 2774 2619 καὶ
2800 2566 3083 2636 βλοσυρδιν,
3113 2567 3264 2639 ἵππῳ
3284 2586 3342 2621 τε
3370 2570 3470 2621 σὺν
3505 2568 3716 2639 μεγάλῳ

2150 2653 2388 2724 μυκτῆρι
2413 2671 2472 2708 τε
2526 2658 2619 2710 καὶ
2647 2658 2970 2726 φρυάγματι
2994 2658 3155 2728 ὕϐριν
3186 2663 3432 2731 ἀτεχνῶς
3485 2661 3713 2719 πνέοντι,

2148 2745 2244 2797 καὶ
2298 2746 2460 2816 χαίτῃ
2513 2745 2712 2817 αὔραις
2754 2747 2917 2818 δῆθεν
2968 2748 3272 2820 παιζούσῃ,
3311 2753 3412 2805 καὶ
3455 2750 3595 2804 κατὰ
3632 2748 3718 2801 τὸν

2160 2837 2463 2909 Ὁμηρικὸν
2488 2838 2655 2894 ἵππον
2685 2840 2828 2894 κατὰ
2859 2841 3047 2895 πεδίου
3080 2843 3357 2913 μετεώρου
3399 2844 3716 2915 κροαίνοντι,

2148 2926 2181 2996 ἢ
2211 2930 2305 2981 καὶ
2330 2928 2474 2982 κατὰ
2500 2929 2758 2999 Πήγασον
2788 2932 2991 2984 ἐκεῖνον
3021 2932 3280 2985 ἵπτασθαι
3305 2935 3471 3002 δέξιν
3493 2932 3721 3004 παρεχοὶ

2151 3021 2298 3089 μένῳ
2319 3036 2335 3053 ο
2368 3022 2464 3075 καὶ
2492 3022 2685 3076 τοῦτον
2708 3023 2766 3077 δὲ
2796 3025 2903 3091 ἄρα
2925 3025 3023 3093 τῆς
3052 3026 3114 3078 ἐκ
3143 3025 3237 3079 τοῦ
3261 3028 3462 3098 χρόνου
3493 3028 3719 3081 ἀτάκτον

2149 3114 2454 3183 περιφορᾶς
2486 3115 2583 3167 καὶ
2607 3115 2899 3184 ἀνωμάλου
2941 3116 3210 3184 κινήσεως
3239 3119 3450 3183 ἱκανῶς
3483 3117 3720 3172 ἀπολαύέ

2150 3222 2320 3259 σαντα
2341 3208 2409 3276 τῇ
2450 3207 2640 3277 μακρᾷ
2669 3207 2766 3260 καὶ
2801 3211 3019 3278 συνεχεῖ
3043 3209 3150 3262 τῶν
3191 3211 3370 3280 ἀέρων
3405 3210 3719 3281 φιλονεικίᾳ,

2147 3297 2220 3360 ὡς
2275 3299 2370 3349 καὶ
2427 3296 2464 3350 ἃ.
2522 3297 2765 3369 κατέχων
2798 3299 3031 3371 ἑωρᾶτο,
3071 3303 3303 3372 σταυρὸν
3348 3302 3421 3376 δή
3468 3320 3587 3356 τινα
3634 3302 3726 3354 καὶ

2151 3392 2408 3458 σφαῖραν,
2439 3387 2507 3442 δι’
2533 3384 2609 3443 ὧν
2642 3392 2672 3443 ὁ
2699 3393 2950 3463 πλάστης
2984 3395 3178 3465 ἐδήλου
3210 3393 3317 3465 γῆν
3355 3413 3417 3450 τε
3447 3397 3595 3466 αὐτῷ
3623 3396 3720 3446 mi;

2155 3496 2257 3532 σαν
2291 3482 2385 3533 καὶ
2410 3479 2687 3535 θάλασσαν
2726 3483 2803 3553 ’ἑῷ
2846 3486 3067 3557 σταυρῷ
3107 3488 3494 3553 δεδουλῶσθαι,
3526 3488 3722 3556 καταρὲ

2153 3572 2531 3643 ρᾳθυμήσαντ’
2552 3575 2712 3628 ἐᾶσαι
2743 3577 2844 3648 τὴν
2871 3579 3081 3631 ἐκείνου
3111 3582 3271 3652 χεῖρα
3297 3564 3611 3652 διαφυγεῖν,
3633 3567 3722 3631 καί

2150 3664 2340 3717 τοῦτον
2373 3667 2642 3735 μηχαναῖς
2671 3682 2813 3720 τισιν
2849 3669 3154 3740 ἀμηχάνοις
3185 3673 3333 3726 καθᾶ
3377 3691 3485 3727 τινι
3524 3674 3722 3740 κέντρῳ

2153 3754 2247 3805 καὶ
2279 3752 2529 3822 μάστιγι,
2559 3754 2639 3824 τῷ
2694 3756 2909 3828 χρυσέῳ
2949 3761 3242 3827 μυωπίσας
3297 3766 3593 3836 σκήπτρῳ,
3637 3763 3723 3833 ἐμ

2154 3846 2416 3917 ῥωμένως
2445 3847 2757 3913 ἐξελαύνειν
2787 3850 2879 3903 τὸν
2925 3854 3123 3907 οἰκεῖον
3153 3854 3378 3926 δρόμον,
3422 3857 3516 3911 καὶ
3542 3862 3725 3910 συνιπε-

2153 3939 2425 4003 πάζεσθαι
2489 3940 2571 4011 τῷ
2628 3940 2788 4012 ἡλίῳ,
2826 3942 3072 4014 ἀκινήτῳ
3126 3949 3362 4021 κινήσει,
3415 3952 3496 4014 είς
3529 3948 3721 4010 αἰῶνας

2152 4048 2228 4083 πα
2238 4034 2574 4101 ρεσκευασω.

471 4129 589 4184 limi
622 4130 1202 4198 campolasciviente;
1236 4127 1543 4192 autetiam,
1585 4127 1737 4196 juxta
1773 4123 2039 4194 Pegasum
2076 4123 2256 4191 illum,
2321 4128 2542 4182 volandi
2596 4129 2915 4199 opinionem
2987 4132 3288 4204 praebente,
3332 4145 3366 4193 a‘
3418 4130 3721 4209 temporum

473 4221 780 4275 inordinata
813 4219 1307 4274 circnmvolntione
1345 4225 1400 4269 et
1433 4226 1584 4271 motu
1611 4215 1825 4268 ratione
1849 4229 2040 4283 parum
2080 4215 2303 4281 nitenti,
2373 4220 2532 4290 longa
2566 4230 2623 4275 et
2651 4224 2913 4280 continua
2950 4229 3094 4282 aeris
3160 4230 3363 4300 injuria
3413 4231 3487 4285 ita
3518 4232 3726 4302 percul-

470 4323 708 4372 sum.-ut
742 4329 863 4381 quae
897 4312 1182 4367 continere
1214 4311 1366 4364 visus
1394 4308 1597 4372 fuerat,
1630 4323 1852 4363 crucem
1925 4308 2185 4363 videlicet
2242 4319 2300 4366 et
2351 4313 2569 4375 orbem,
2627 4316 2832 4385 quibus
2901 4322 3199 4376 statuarius
3248 4331 3454 4379 terram
3511 4336 3720 4377 omnem

468 4416 525 4462 et
562 4422 713 4462 mare
747 4407 925 4476 ipsum
956 4421 1052 4476 per
1084 4420 1304 4460 crucem
1337 4405 1386 4459 ei
1420 4403 1730 4471 subjectum
1785 4418 1908 4458 esse
1956 4403 2316 4472 indicaverat,
2389 4421 2453 4461 ea
2500 4398 2810 4465 cessatione
2879 4413 3070 4483 ignava
3105 4428 3135 4468 e
3194 4430 3357 4470 manu
3396 4418 3518 4487 ejus
3585 4396 3726 4469 exei-

468 4502 652 4558 derint
682 4521 696 4555 :
724 4513 780 4556 et
802 4503 971 4562 hunc,
996 4502 1241 4571 inquam.
1278 4500 1512 4554 artiﬁcio
1533 4499 1770 4569 quodam
1798 4498 2135 4565 incredibili,
2204 4501 2433 4570 perinde
2494 4512 2659 4574 atque
2713 4507 2950 4576 quodam
3008 4511 3235 4566 stimu‘lo’
3270 4519 3327 4567 et
3359 4513 3594 4582 ﬂagello.
3623 4524 3721 4563 au-

467 4609 563 4649 reo
600 4603 821 4664 sceptro
850 4594 1120 4654 excitans,
1151 4601 1207 4644 ut
1237 4592 1459 4645 fortiter
1506 4606 1732 4645 cursum
1797 4605 1958 4644 suum
2018 4601 2260 4660 urgeret,
2316 4603 2372 4647 et
2439 4611 2702 4683 una'cum
2730 4601 3146 4665 sole,immobili
3202 4615 3377 4672 motu,
3433 4609 3487 4661 in
3531 4605 3726 4675 sempi-

468 4699 686 4743 ternum
720 4685 1111 4754 perequitaret,
1143 4682 1474 4752 procurasti.

542 4801 643 4871 17
692 4800 797 4855 Sed
833 4800 879 4854 si
918 4812 1112 4853 exacte
1156 4799 1409 4853 oratione
1468 4797 1724 4868 persequi
1789 4811 2036 4866 pergam,

2231 4795 2394 4849 Ἀ).λά
2452 4815 2543 4867 μςι
2595 4800 2732 4870 πρὸς
2792 4802 2988 4857 λεπτὸν
3045 4805 3124 4875 τῷ
3172 4796 3315 4879 λόγῳ
3368 4812 3718 4883 ἐπέρχεσθαι.

468 4893 800 4962 quibusnam
837 4888 1056 4957 templis
1088 4898 1402 4956 tcmporum
1441 4887 1639 4955 injuria
1677 4886 1893 4939 ruinam
1945 4883 2047 4937 mi-

470 4982 729 5035 nantibus
745 4980 976 5048 aliisque
1004 4978 1240 5047 publicis
1262 4978 1547 5046 Operibns,
1581 4986 1745 5045 atque
1772 4976 1823 5027 in
1852 4973 2045 5043 primis

472 5073 623 5128 urbis
657 5071 830 5142 ipsius
855 5072 1154 5133 moenibus,
1199 5084 1323 5138 quae
1364 5069 1724 5123 circumcirca
1749 5081 1895 5127 eam,
1958 5066 2045 5120 in-

467 5165 849 5236 vestigantium
881 5163 1066 5221 modo.
1098 5166 1348 5231 cingunt,
1382 5171 1438 5216 et
1470 5178 1534 5215 ex
1585 5160 1745 5215 senili
1801 5162 1911 5213 situ
1974 5159 2042 5212 ad

468 5257 851 5324 pubescentem
879 5253 1160 5322 juventam
1187 5258 1467 5313 revocant,
1516 5252 1691 5304 muris
1731 5248 2039 5302 adamanti-

471 5349 557 5401 nis
583 5345 752 5399 robur
784 5348 1002 5397 tirmum
1035 5342 1329 5413 adjeceris,
1368 5350 1583 5410 tempus
1610 5355 1696 5395 me
1730 5340 1783 5394 id
1833 5353 2042 5393 ιιιθιιιο-

471 5450 684 5491 rantem
716 5437 1002 5491 destituet.
1042 5433 1313 5489 Cat-terum
1363 5432 1652 5488 veritatem
1702 5433 1885 5487 verbis
1911 5431 2045 5484 meis

470 5542 717 5584 astruere
735 5537 968 5598 possunt
993 5538 1222 5596 utraque
1249 5541 1403 5581 sacra
1422 5527 1798 5596 apostolorum
1822 5524 2041 5591 templa,

552 5706 629 5775 (t)
660 5707 992 5763 lnstauratio
1032 5717 1226 5763 statum
1258 5705 1530 5775 equestris
1555 5700 1897 5757 Constantini
1932 5698 2042 5752 Ma-

471 5791 585 5845 gni,
631 5779 798 5833 altera
839 5796 997 5836 manu
1048 5784 1271 5851 globum
1308 5792 1430 5831 cum
1465 5777 1632 5828 inliso
1674 5777 1854 5828 crucis
1886 5786 2041 5839 5'3"”

2148 4885 2293 4950 ὅσοις
2325 4889 2426 4955 μὲν
2456 4890 2564 4942 τῶν
2601 4892 2738 4943 νεῶν
2763 4896 2941 4965 χρόνῳ
2972 4899 3260 4968 πονήσασι,
3294 4904 3387 4956 καὶ
3417 4906 3599 4971 ἄλλοις
3628 4906 3717 4975 δη·

2152 4977 2360 5045 μοσίοις
2411 4979 2616 5049 ἔργοις,
2669 4985 2762 5037 καὶ
2797 4987 2903 5055 πρὸ
2946 4989 3163 5043 πάντων
3206 4993 3284 5065 τῷ
3329 4998 3602 5066 περιϐόλῳ
3630 4999 3723 5064 τῆς

2150 5071 2382 5134 πόλεως,
2414 5073 2474 5126 τὸ
2511 5077 2710 5146 κράτος
2743 5077 2804 5130 ὲκ
2828 5081 3026 5151 τειχῶν
3053 5083 3434 5153 ἀδαμαντίνων
3473 5090 3723 5160 περιεὸά·

2149 5162 2264 5225 λου,
2312 5165 2511 5234 ἄριστα
2541 5170 2635 5220 καὶ
2662 5170 2737 5231 ὡς
2776 5172 2954 5241 χρεών
3002 5189 3066 5241 γε
3097 5168 3165 5245 ἦν
3198 5176 3717 5249 ὲξασφαλισάμενος,

2147 5255 2175 5307 ὃ
2205 5256 2298 5308 καὶ
2338 5257 2496 5310 δίεισι
2545 5260 2729 5331 κύκλῳ
2755 5264 2851 5333 τὴν
2885 5265 3038 5319 πόλιν
3072 5268 3389 5336 ίχνηλατοῦν
3429 5274 3720 5336 νεάζουσαν

2148 5343 2309 5413 δῆθεν
2334 5347 2427 5398 καὶ
2449 5348 2672 5417 ἡϐῶσαν
2704 5353 2767 5402 ἐκ
2795 5357 3172 5421 γεγηρακυίας
3205 5359 3580 5420 ἁποὸεικνύον,
3607 5361 3719 5410 ἑπι-

2148 5434 2324 5504 laid/2'.
2379 5454 2446 5505 με
2494 5440 2588 5491 καὶ
2638 5442 2828 5511 χρόνος
2870 5445 3309 5516 ὲκδιηγούμενον.
3360 5449 3590 5517 Ἀψευδῆ
3633 5463 3718 5515 μοι

2149 5527 2239 5579 τὸν
2258 5529 2413 5596 λόγον
2446 5534 2711 5602 παριστᾷν
2738 5533 2957 5603 ἔχουσιν
2974 5536 3031 5588 οἵ
3051 5554 3107 5590 τε
3139 5537 3269 5592 θεῖοι
3302 5539 3396 5593 καὶ
3423 5540 3591 5611 ἄμφω
3615 5539 3718 5592 τῶν

2157 5700 2515 5755 continentis.
2550 5703 2708 5768 Quod
2762 5706 3071 5775 symbolum
3116 5720 3200 5766 est
3257 5711 3408 5767 orbis
3454 5720 3716 5770 terrarum

2150 5786 2247 5840 per
2284 5789 2503 5827 crucem
2539 5775 2765 5829 devicti.
