4032 6408
1690 293 2121 358 NICEPIIORI
2165 293 2516 356 CAbLlSTI
3618 300 3712 364 5”8

470 425 586 470 tum
615 419 722 477 est,
748 419 805 464 et
834 410 982 483 quod
1014 424 1144 481 pars
1171 422 1456 465 murorum
1484 410 1666 465 omnis
1684 412 1839 480 quasi
1876 409 2056 480 quod-

2171 426 2253 464 τον
2283 408 2448 479 ἔργον
2476 405 2673 479 χρόνου
2704 422 2761 460 τε
2784 407 2878 463 καὶ
2902 404 3067 462 πόνου
3098 404 3301 462 πολλοῦ
3322 407 3488 475 οὕτως
3516 410 3571 465 ἐν
3602 415 3717 484 βρα-

466 508 594 561 dant
634 506 857 576 peplum
901 506 1053 560 varie
1087 503 1412 560 distinctum
1442 504 1853 573 complectitur.
1888 502 2055 569 Quod

2171 500 2246 568 [εἴ
2300 499 2735 569 παραστήσειεν,
2760 495 2789 550 δ
2821 496 2983 568 μήτοι
3013 513 3078 566 γε
3105 497 3287 567 λόγος,
3314 499 3428 553 ἀλλ’
3468 502 3569 554 οὐδ’
3596 504 3721 574 ὀψις,

465 293 568 362 557

465 598 771 666 derepente
796 596 1013 659 videns,
1044 610 1200 650 mare
1238 595 1519 665 quoddam
1551 610 1672 649 esse
1702 594 1878 660 dicas,
1911 595 2056 648 leni-

465 690 569 745 bus
595 689 1200 755 ubiqueintuntescens
1222 686 1508 752 ﬂuctibus,
1551 695 1608 742 ct
1652 687 1859 741 sensim
1920 702 2059 756 quo-

466 781 762 835 dammodo
821 780 1155 835 horrescens
1191 798 1205 834 :
1235 795 1411 849 usque
1464 778 1626 843 adeo,
1676 788 1737 833 ut
1763 777 2056 832 confestim

469 883 677 928 vestem
713 872 1014 937 subducas,
1046 886 1117 927 ne
1158 870 1375 924 ﬁmbria
1406 871 1528 941 ejus
1566 859 1801 925 humore
1836 868 2057 923 inﬁcia-

469 975 577 1019 tur.
613 965 744 1019 Eant
784 978 949 1034 porro
978 970 1280 1018 structuras
1307 972 1516 1033 partem
1545 978 1666 1031 qua:
1700 976 1867 1029 supra
1894 968 2061 1029 caput.

465 1070 572 1121 est,
600 1058 745 1113 etelo
774 1057 881 1127 ipsi
903 1064 1131 1127 prepter
1166 1056 1278 1109 late
1313 1060 1369 1109 et
1397 1055 1621 1124 copiose
1658 1054 1926 1109 ditl'usum
1961 1068 2062 1106 au-

2172 590 2385 660 μᾶλλον
2411 589 2469 642 δὲ
2499 589 2621 643 οὐδὲ
2649 588 2777 652 νοῦς
2802 590 2899 643 καὶ
2923 590 3097 643 ταῦτα
3119 594 3235 654 τοῖς
3268 591 3518 657 τοιούτοις
3537 595 3725 664 ἐγγυμ-

2160 682 2470 752 νασάμενος
2512 683 2713 743 ἱκανῶς
2758 682 3185 752 παραλήψαιτος
3232 683 3386 754 Ἐμοὶ
3429 685 3473 739 δ’
3517 684 3722 754 ἁρκέὲει

2161 774 2323 828 τοῦτο
2366 775 2530 842 μόνον
2559 775 2738 826 εἰπεῖν
2763 815 2778 833 ,
2806 773 2883 837 ὡς
2918 773 3131 826 πολλῶν
3162 775 3256 828 καὶ
3281 776 3525 847 ἀπείρων
3552 775 3720 847 σχεδλν

2164 866 2454 937 βασιλείων
2485 867 2651 920 οῐκων
2683 867 2742 918 ὲν
2770 867 2885 928 τοῖς
2913 865 3026 920 ἄνω
3061 866 3275 937 χρόνοις
3315 866 3603 936 φιλοτίμως
3640 871 3719 935 ιξι

2163 957 2568 1028 εργασθέντων,
2606 950 2759 1021 οὗτος
2800 959 2887 1025 ἐφ’
2935 959 3109 1012 ἅπασι
3153 958 3357 1030 ψήφοις
3388 961 3651 1022 ἁπάσαις,
3677 964 3730 1013 τὸ

2156 1050 2230 1121 δὴ
2266 1051 2587 1120 λεγόμενον,
2619 1050 2763 1103 κατὰ
2801 1045 3005 1113 παντὸς
3037 1049 3130 1137 τοῦ
3173 1051 3365 1120 χρόνου
3397 1052 3457 1104 τὸ
3493 1054 3733 1120 πρωτεῖον

467 1166 613 1211 rum,
639 1164 743 1204 nec
771 1165 878 1203 non
911 1148 1157 1203 mthereo
1211 1147 1381 1201 alicui
1445 1149 1669 1212 traetni,
1729 1145 1853 1215 igne
1884 1146 2063 1199 multo

2171 1144 2516 1213 κεκλήρωται
2552 1144 2792 1212 μεγέθει,
2820 1142 3032 1208 κάλλει,
3064 1145 3407 1216 στερρότητι,
3444 1144 3517 1214 τῷ
3546 1145 3737 1212 λελογιο

466 1242 735 1296 relucenti
769 1251 934 1311 atque
967 1240 1284 1295 coruscanti
1333 1253 1638 1308 compares.
1693 1237 1895 1292 Verum
1928 1252 2066 1306 quo-

2171 1237 2354 1308 σμὲνῳ
2387 1236 2602 1307 ῥυθμῷ,
2634 1239 2730 1291 καὶ
2763 1240 2828 1307 τῇ
2859 1237 3290 1310 κεκομψευμένῃ
3324 1239 3567 1309 συνθήκῃ
3597 1242 3655 1308 τῇ
3683 1256 3733 1291 τε

467 1335 632 1387 modo
671 1324 884 1387 tantum
914 1342 969 1388 et
998 1340 1107 1385 tam
1142 1332 1290 1401 longi
1343 1331 1608 1400 temporis
1642 1341 1698 1384 et
1734 1330 1890 1383 multi
1922 1329 2068 1385 labo-

2171 1330 2389 1399 ψηφίδι,
2421 1330 2517 1382 καὶ
2572 1331 2683 1392 τοῖς
2745 1332 2887 1398 ὑπὲρ
2923 1331 3094 1401 αὐτῆς
3123 1331 3412 1401 πλάσμασι
3459 1333 3553 1385 καὶ
3590 1333 3737 1400 φύσιν

467 1430 549 1480 ris
573 1440 714 1494 Opus
742 1425 929 1480 verbis
979 1434 1088 1478 tam
1124 1426 1368 1478 breviter
1397 1423 1731 1492 explicetur,
1779 1422 1927 1491 quod
1965 1438 2065 1477 ne‘

2172 1424 2343 1494 αύτὴν
2398 1426 2457 1476 ὲν
2491 1424 2732 1494 δευτέρῳ
2769 1424 2991 1489 τιθεῖσι,
3040 1427 3132 1478 καὶ
3166 1426 3353 1495 σχεδὸν
3401 1426 3618 1492 ἅπασιν,
3666 1422 3739 1488 οἷς

468 1533 578 1587 que
604 1520 782 1573 oratio
816 1518 949 1583 ulla,
984 1533 1161 1588 neque
1185 1516 1402 1581 oculus,
1440 1515 1550 1569 imo
1586 1530 1766 1585 neque
1790 1530 1945 1569 mens
1964 1515 2069 1570 ali~

2172 1516 2416 1571 τοιοῦτον
2451 1517 2595 1578 εἰκὸς
2626 1517 2987 1585 ἁγλαῖζεσθαι
3014 1518 3264 1588 τέμενος.

475 1630 609 1681 qua,
639 1629 761 1683 qua:
787 1613 1011 1683 quidem
1054 1612 1110 1667 in
1133 1611 1399 1682 ejusmodi
1430 1610 1601 1667 rebus
1655 1610 1725 1665 sit
1760 1610 2083 1676 exercitata,
2124 1611 2260 1666 satis
2291 1612 2730 1681 complectatur?
2756 1610 2886 1666 Mihi
2925 1620 3077 1667 certe
3128 1627 3299 1667 unum
3374 1610 3505 1667 illud
3577 1611 3746 1668 dicere

469 1707 757 1763 sutlecerit
786 1710 806 1765 ‘:
831 1708 1086 1779 quamvis
1149 1707 1333 1762 multa:
1394 1718 1452 1762 et
1503 1707 1618 1763 fere
1675 1707 2115 1764 innumerabiles
2171 1707 2334 1778 regite
2391 1709 2529 1763 aulae
2576 1709 2960 1778 superioribus
3009 1709 3355 1780 temporibus
3415 1726 3545 1766 sane
3591 1725 3743 1782 quam

480 1802 778 1857 ambitiose
809 1811 865 1855 ct
909 1800 1194 1871 magniﬁce
1246 1800 1357 1856 sint
1413 1808 1770 1865 constructae,
1796 1799 1939 1854 hanc
1964 1810 2145 1855 tamen
2184 1799 2354 1869 ipsam
2392 1800 2537 1855 inter
2565 1815 2759 1857 omnes
2787 1811 3098 1870 temporum
3133 1803 3404 1865 omnium,
3428 1803 3663 1868 calculis,
3694 1809 3746 1855 nt

481 1903 558 1957 ita
609 1898 814 1963 dicam,
874 1898 1134 1953 omnibus
1181 1898 1388 1969 primas
1442 1897 1588 1954 ferre
1644 1897 2048 1969 magnitudine,
2108 1896 2550 1968 pulchritudine.
2623 1897 2993 1967 ﬁrmitathue
3057 1897 3463 1961 adiﬁcationis,
3514 1911 3571 1954 et
3624 1914 3747 1955 con-

470 1989 715 2044 venienti
766 1990 1081 2060 rationique
1121 1990 1471 2060 respondenti
1547 1990 1745 2057 modo;
1821 1990 2107 2059 magniﬁca
2147 2006 2278 2047 vero
2330 1999 2494 2060 atque
2528 1991 2764 2077 superba
2809 1992 3306 2061 coagmentatione,
3340 1994 3747 2063 lapillorutnque

470 2075 742 2135 incrustat
755 2082 900 2149 ione,

976 2080 1083 2151 19
1148 2089 1314 2151 atque
1344 2079 1667 2135 eorumdem
1706 2081 1875 2135 variis
1897 2080 2114 2149 formis,
2145 2091 2201 2137 et
2233 2081 2402 2138 rebus
2449 2082 2565 2137 fere
2632 2080 2895 2139 omnibus
2954 2083 3160 2153 quibus
3204 2082 3493 2140 aedilicium
3551 2094 3748 2140 tantum

475 2174 745 2233 exornari
807 2188 1026 2243 aequum
1090 2181 1196 2239 est,
1253 2182 1757 2245 naturamqueque
1815 2176 1990 2245 ipsam
2040 2189 2325 2247 superare.

540 2269 648 2325 Sed
679 2268 750 2323 de
773 2266 1041 2338 cperibus
1067 2267 1178 2322 tuis
1210 2266 1495 2323 hactenus.
1563 2267 1633 2322 Et
1682 2281 1811 2321 cum
1864 2278 2054 2323 tantus
2088 2282 2133 2338 Β

468 2363 727 2435 princeps
751 2362 846 2424 sis,
900 2360 1202 2433 imperator
1251 2360 1486 2430 optime,
1542 2369 1709 2432 atque
1769 2378 1838 2417 eo
1875 2362 2064 2432 gloria:

469 2454 815 2527 perveneris,
879 2453 1101 2507 cuinam
1176 2460 1327 2507 recte
1372 2452 1613 2508 conferri
1669 2454 1889 2523 possis?
1946 2453 2062 2524 Ego

468 2550 693 2621 quidem
750 2547 1106 2602 Plutarchum
1168 2561 1393 2618 quoque
1448 2547 1633 2613 illum,
1663 2546 1759 2617 qui
1810 2547 2062 2602 virorum

469 2643 742 2698 clarorum
783 2640 1173 2695 collationibus
1210 2654 1442 2709 magnus
1494 2638 1652 2704 -t'uit,
1724 2639 1991 2704 arbitror,
2016 2640 2064 2695 si

472 2734 656 2788 adhuc
690 2741 972 2803 superstes
1008 2740 1177 2797 esset,
1215 2746 1400 2803 opera:
1421 2730 1660 2801 pretium
1693 2745 1752 2786 se
1786 2732 2066 2787 facturum

469 2840 593 2882 esse
621 2826 1078 2881 existimaturum
1106 2822 1301 2887 fuisse,
1335 2824 1384 2878 si
1412 2823 1600 2878 studio
1657 2838 1783 2888 suo,
1819 2808 1883 2877 in
1914 2823 2063 2893 quod

469 2934 573 2987 per
599 2920 768 2975 vitam
795 2933 1018 2973 omnem
1045 2916 1286 2972 libenter
1310 2915 1587 2978 incubuit,
1633 2916 2065 2987 supersedisset,

470 3028 539 3069 eo
564 3011 712 3084 quod
738 3011 1025 3075 idoneum,
1051 3024 1218 3081 quem
1243 3016 1430 3064 tecum
1476 3018 1843 3078 componeret
1897 3016 2067 3078 atque

472 3106 776 3172 conferret,
805 3120 919 3161 non
950 3103 1245 3159 inveniret.
1281 3102 1484 3159 Verum
1521 3102 1732 3157 Adamo
1756 3101 1832 3154 illi
1866 3099 2068 3155 etNocc

388 3268 395 3273 θ
472 3209 530 3257 et
561 3199 896 3263 Abrahamo,
934 3208 1202 3268 prxterea
1227 3195 1473 3264 Josepho
1506 3203 1561 3249 et
1587 3193 1712 3259 Job,
1748 3192 1932 3260 Mosae,
1972 3191 2067 3247 Jo-

474 3311 613 3360 suaa,
651 3293 928 3358 Samsoni,
959 3291 1224 3357 Samueli,
1250 3288 1442 3344 Davidi
1477 3298 1534 3344 et
1566 3287 1949 3353 Salomoni,et
1973 3284 2066 3355 qui

472 3390 596 3459 ejus
628 3388 848 3457 generis
877 3387 1035 3442 fuere
1069 3386 1218 3449 aliis,
1291 3386 1518 3453 insuper
1557 3382 1697 3453 Cyro
1731 3381 1835 3443 illi,
1878 3379 2063 3442 Dario,

473 3478 809 3544 Alexandro,
842 3488 937 3532 aut
967 3478 1091 3532 aliis
1122 3476 1478 3548 quihusdam,
1530 3474 1692 3531 Iuliis
1723 3474 1892 3528 etiam
1953 3471 2068 3526 for-

478 3581 623 3629 tasse
654 3583 709 3627 et
750 3572 1014 3644 Augustis
1059 3582 1113 3627 et
1140 3570 1454 3628 Caesaribus
1488 3568 1800 3638 comparari
1850 3581 2064 3636 posses.

477 3669 584 3721 Sed
618 3667 753 3722 satis
772 3631 1010 3733 constat,
1069 3674 1120 3721 te
1154 3666 1321 3737 hujus
1375 3663 1601 3736 quidem
1647 3659 1946 3732 imperium
2005 3660 2061 3714 in
2093 3631 2137 3693 θ

475 3774 690 3826 omnes,
750 3759 986 3813 aliorum
1047 3768 1232 3813 autem
1288 3758 1489 3813 bonam
1516 3761 1717 3828 ;spem,
1792 3762 1955 3822 atque
2009 3751 2065 3805 in

475 3851 649 3907 Deum
680 3865 951 3916 amorem,
984 3862 1317 3905 cteterorum
1346 3864 1478 3905 vero
1518 3849 1985 3913 moderationem,
2010 3856 2069 3903 et

477 3944 534 3998 in
563 3943 729 3999 rebus
755 3943 913 3998 duris
952 3942 1359 4007 constantiam;
1392 3941 1628 4012 alicujus
1649 3957 1816 4011 porro
1841 3941 2067 3995 fortitu-

479 4035 690 4098 dinem,
731 4034 1227 4103 aequanimitatem,
1261 4032 1746 4088 mansuetudinem
1795 4043 1851 4088 et
1882 4032 2071 4087 mode-

483 4128 648 4181 stiam
680 4142 696 4193 ;
724 4125 961 4198 alicujus
992 4127 1122 4180 item
1155 4124 1441 4194 sapientiae
1469 4124 1579 4180 vim
1607 4143 1620 4190 ;
1675 4140 1903 4195 prorsus
1936 4140 2068 4178 vero

481 4216 754 4282 omnium,
787 4234 906 4274 eam
963 4232 1129 4288 quam
1166 4216 1509 4288 imperatori,
1566 4217 1802 4287 principi
1855 4215 2073 4287 populi-

483 4327 592 4382 que
617 4320 674 4367 et
705 4300 1027 4383 reipublicae
1073 4309 1521 4365 administratori
1573 4311 1859 4380 competit,
1892 4311 2068 4364 virtu-

481 4415 594 4460 tem
623 4406 827 4461 habere
865 4424 879 4459 :
916 4405 989 4459 ita
1023 4414 1083 4461 ut
1122 4405 1291 4459 veluti
1320 4405 1583 4475 qmedam
1649 4418 1813 4466 nova,
1876 4411 2065 4471 atque,

485 4497 1236 4564 utitadicam,inimitabilis
1275 4496 1508 4553 mistura
1563 4495 1854 4566 imperium
1913 4504 2068 4549 tuum

485 4592 558 4647 sit
585 4598 947 4647 constitutum
983 4582 1173 4663 :quOd
1202 4589 1466 4645 videlicet
1506 4587 1610 4642 hos
1640 4586 1866 4658 quidem
1904 4586 2070 4656 longe

486 4687 846 4756 praeterieris,
884 4701 1007 4741 cum
1049 4685 1136 4741 his
1188 4695 1375 4740 autem
1423 4690 1602 4739 certes
1632 4698 1647 4736 :
1676 4698 1706 4735 a
1743 4680 1946 4750 quibus
1975 4694 2072 4732 au-

489 4789 595 4834 tent
623 4795 730 4834 non
769 4780 1005 4833 multant
1042 4778 1216 4844 absis,
1240 4777 1425 4833 dicere
1480 4791 1590 4829 non
1617 4774 1815 4829 habeo.
1867 4773 2069 4839 Atque,

489 4880 551 4926 ut
579 4871 822 4925 breviter
855 4869 1056 4935 dicam,
1113 4868 1387 4938 quidquid
1435 4866 1490 4920 in
1522 4865 1814 4935 quodlibet
1839 4864 2069 4918 istorum

490 4962 1022 5033 praecipuumatque
1054 4959 1403 5028 praclarum,
1439 4957 1525 5011 vel
1587 4955 1683 5010 Dei
1714 4970 1943 5009 munere
1968 4953 2070 5007 da-
2099 4988 2151 5047 ο

492 5067 630 5117 tum,
657 5054 741 5107 vel
770 5052 1086 5123 praestantis
1126 5061 1339 5106 naturae
1384 5049 1655 5104 benelicio
1690 5057 2069 5117 comparatum

491 5149 618 5216 fuit,
663 5147 716 5203 id
749 5156 805 5201 tu
841 5145 999 5216 quasi
1032 5143 1283 5216 quaedam
1325 5144 1662 5210 bona‘atque
1714 5141 1906 5197 sedula
1952 5140 2072 5209 apis

493 5256 691 5314 magno
732 5239 915 5296 studio
951 5238 1245 5294 colleetum
1288 5247 1452 5306 atque
1501 5243 1929 5304 comportatum,
1976 5231 2072 5286 ad-

492 5332 746 5390 mirando
770 5330 1192 5402 quodammodo
1218 5326 1491 5383 miscuisti
1519 5336 1684 5396 atque
1714 5323 2031 5394 temperasti
2055 5337 2070 5375 :

492 5437 549 5484 et
582 5437 869 5497 propterea
902 5422 1259 5495 imperatorio
1307 5420 1497 5476 cubito
1555 5433 1749 5475 omnes
1792 5432 1853 5471 es
1883 5431 2076 5485 super-

492 5534 734 5591 gressus,
768 5515 1000 5586 imperio
1029 5524 1123 5571 tuo
1156 5514 1385 5586 perinde
1425 5522 1593 5583 atque
1646 5524 1759 5564 non
1816 5506 2069 5563 imitabili

486 5613 793 5680 archetypo
842 5608 1213 5680 primarioque
1249 5607 1487 5676 quodam
1548 5601 1849 5672 exemplari
1894 5597 2075 5651 omni-

497 5703 601 5756 bus
626 5701 887 5756 exhihito.
920 5702 1270 5770 Quapropter
1312 5708 1367 5751 et
1399 5695 1534 5752 illud
1570 5693 1729 5749 facile
1756 5691 1942 5745 dicere
1978 5705 2075 5743 au-

494 5792 619 5858 sint,
656 5801 703 5848 te
737 5793 1002 5865 quidquid
1035 5801 1120 5849 est
1181 5805 1366 5846 rerum
1403 5791 1673 5844 bonarum
1703 5794 1867 5854 atque
1904 5781 2075 5837 hanc-

2244 2270 2407 2325 Ἀλλὰ
2441 2272 2508 2326 τὰ
2540 2272 2642 2343 μὲν
2673 2273 2805 2343 περὶ
2834 2272 2939 2325 τῶν
2975 2272 3084 2327 σῶν
3140 2270 3322 2343 ἔργων
3364 2272 3748 2345 ταύτῃ.Τοιού-

2170 2382 2261 2429 τος
2284 2364 2345 2418 δὲ
2370 2363 2446 2418 ῶν
2470 2367 2567 2419 καὶ
2594 2365 2757 2428 οὕτω,
2787 2367 3069 2437 κράτιστε,
3096 2364 3256 2436 δόξης
3289 2366 3455 2438 ἔχων,
3488 2368 3748 2439 πρδςτία

2157 2458 2232 2529 δὴ
2284 2459 2381 2511 καὶ
2422 2458 2813 2528 προσηκόντως
2864 2458 3314 2530 παραδληθείηςς
3354 2454 3526 2530 Οἶμαι
3559 2460 3660 2529 γὰρ
3688 2458 3749 2511 ἂν

2171 2552 2268 2604 καὶ
2302 2550 2653 2621 Πλούταρχον
2699 2553 2907 2605 ἐκεῖνον
2958 2552 3050 2605 τὸν
3082 2554 3213 2622 περὶ⁹
3247 2552 3315 2606 τὰ
3353 2552 3582 2606 τοιαῦτα
3614 2551 3749 2616 μάλα

2169 2642 2363 2707 δεινὸν,
2396 2643 2557 2714 εἴπερ
2580 2643 2660 2696 ἔτι
2687 2644 2785 2696 καὶ
2806 2642 2903 2696 νῦν
2928 2644 3149 2714 περιῆν,
3178 2644 3463 2716 προύργου
3483 2645 3549 2699 ἂν
3564 2643 3748 2697 θέσθαι

2167 2735 2255 2805 ἐφ’
2297 2736 2333 2794 ἃ
2359 2736 2447 2789 διὰ
2481 2737 2598 2807 βίου
2629 2738 2914 2791 κατέτεινε
2944 2737 3043 2810 τὴν
3080 2738 3243 2807 φίλην
3272 2738 3515 2810 σπουδὴν
3552 2739 3607 2791 ἐν
3635 2737 3748 2789 δευ·

2167 2814 2316 2901 τέρῳ
2346 2831 2583 2891 τάττειν,
2628 2830 2703 2900 μὴ
2735 2831 2828 2884 τόν
2886 2848 2970 2884 σοι
3014 2830 3368 2905 παράλληλον
3425 2828 3749 2901 κατάλληλον

2168 2924 2308 2992 ἔχων
2333 2925 2536 2993 εὑρεῖν.
2578 2923 2719 2977 Ἀλλ’
2762 2924 2936 2995 Ἀδὰμ
2964 2924 3057 2977 καὶ
3086 2906 3210 2977 Νῶε
3236 2924 3331 2978 καὶ
3377 2923 3654 2995 Ἀϐραὰμ,
3674 2920 3747 2973 ἔτι

2169 3019 2227 3073 δὲ
2256 3018 2351 3071 καὶ
2398 3016 2596 3088 Ἰωσὴφ
2626 3017 2721 3071 καὶ
2755 3017 2899 3082 Ἰὼϐ,
2935 3019 3127 3072 Μωσεί
3155 3035 3214 3071 τε
3245 3019 3338 3072 καὶ
3384 3018 3590 3086 Ἰησοῦ,
3623 3014 3750 3086 πρὸς

2166 3111 2223 3165 δὲ
2254 3109 2494 3181 Σαμψών
2527 3128 2587 3163 τε
2604 3111 2697 3164 καὶ
2728 3110 3004 3182 Σαμουὴλ,
3037 3111 3202 3165 Δαϐίδ
3222 3128 3281 3165 τε
3309 3115 3411 3169 καὶ
3434 3109 3749 3181 Σολομῶντι,

2167 3207 2263 3260 καὶ
2313 3207 2441 3259 ὅσος
2461 3205 2524 3276 δὴ
2558 3206 2679 3260 κατ’
2729 3206 2993 3269 ἐκείνους,
3051 3206 3189 3276 πρὸς
3228 3206 3284 3259 δὲ
3328 3207 3547 3268 τούτοις
3595 3203 3751 3270 Κύρῳ

2169 3300 2220 3368 γ’
2256 3300 2449 3369 ἐκείνῳ
2480 3301 2573 3352 καὶ
2619 3298 2831 3369 Δαρείῳ
2858 3299 2953 3351 καὶ
3015 3296 3380 3371 Ἀλεξάνδρῳ,
3418 3298 3452 3370 ἦ
3502 3313 3643 3350 τισιν
3670 3294 3755 3348 ἄλ-

2168 3393 2299 3459 λοις,
2347 3392 2590 3453 Ἰουλίαις
2624 3391 2765 3460 τάχα
2800 3391 2897 3444 καὶ
2924 3390 3260 3457 Αὐγούσταις
3289 3392 3391 3444 καὶ
3425 3390 3745 3459 Καίσαρσιν.

2182 3484 2324 3537 Ἀλλ’
2354 3482 2578 3553 εὔδηλον
2608 3483 2685 3545 ὡς
2732 3482 2825 3536 τοῦ
2856 3483 2958 3551 μὲν
2996 3485 3096 3552 τὴν
3131 3484 3273 3537 κατὰ
3303 3484 3534 3537 πάντων
3565 3480 3750 3551 ἀρχὴν.

2168 3576 2346 3631 ἄλλων
2380 3576 2435 3629 δὲ
2461 3574 2520 3628 τὸ
2541 3573 2731 3627 εὔελπι
2760 3574 2855 3628 καὶ
2886 3574 3135 3643 φιλόθεον
3162 3589 3176 3603 ·
3203 3575 3289 3628 ἐτέ
3300 3591 3416 3644 ρων
3455 3574 3515 3627 τὸ
3549 3573 3752 3641 σῶφρον

2169 3667 2264 3721 καὶ
2293 3667 2391 3736 τὴν
2431 3667 2488 3719 ὲν
2513 3665 2708 3727 δεινοῖς
2739 3665 3042 3734 καρτερίαν
3065 3679 3080 3694 ⁸
3110 3662 3272 3718 ἄλλου
3302 3665 3363 3717 τὸ
3398 3663 3642 3734 ἀνδρεῖον
3667 3661 3754 3714 καὶ

2170 3759 2431 3824 ἐπιεικὲς,
2469 3758 2565 3810 καὶ
2591 3758 2789 3827 πρᾶον,
2825 3758 2919 3809 καὶ
2971 3757 3193 3826 μέτριον
3217 3796 3232 3821 ,
3284 3755 3442 3827 χύμα
3486 3756 3543 3809 δὲ
3574 3752 3752 3821 σοφίας

2171 3854 2364 3924 ἐτέρου
2391 3869 2405 3883 ο
2442 3852 2609 3922 ἄρδην
2632 3849 2679 3904 δ’
2708 3850 2968 3904 ἁπάντων
2995 3849 3054 3902 τὸ
3083 3849 3363 3919 βασιλικόν
3391 3867 3452 3902 τε
3482 3850 3575 3903 καὶ
3607 3847 3757 3914 ἀρχι-

2169 3946 2265 3999 κδν
2299 3944 2395 3997 καὶ
2420 3942 2812 4011 δημαγωγικδν
2856 3943 3037 4011 ἔσχες,
3070 3943 3250 4011 μίγμα
3281 3958 3335 3994 τι
3372 3940 3545 4007 ξένον,
3577 3940 3650 4003 ὡς
3679 3938 3753 3989 εί-

2170 4041 2317 4105 πεῖν,
2348 4038 2443 4092 x11
2472 4037 2751 4107 ἀμίμητον
2780 4034 2882 4103 τὴν
2908 4033 3004 4103 σὴν
3028 4034 3307 4107 βασιλείαν
3335 4033 3755 4101 καταστησάμε-

2172 4151 2284 4197 νος,
2334 4132 2412 4194 ὡς
2456 4105 2703 4200 τοῖςίμὲν
2752 4105 3082 4197 παρελάσαί,
3119 4128 3232 4190 τοῖς
3273 4127 3319 4181 δ’
3355 4126 3754 4197 ἁμιλληοῆναι·

2171 4220 2247 4279 ὧν
2284 4223 2340 4277 δὲ
2380 4221 2552 4293 βραχύ
2593 4238 2645 4274 τι
2689 4218 3104 4289 ἀπολειφθῆναι,
3136 4217 3236 4270 οὐκ
3276 4217 3345 4271 ἂν
3387 4219 3620 4285 εἴποιμι.
3671 4214 3757 4266 Ἐν

2174 4314 2428 4384 συντόμῳ
2454 4312 2511 4365 δὲ
2544 4312 2731 4380 φάναι,
2763 4312 2872 4363 πᾶν
2899 4311 3023 4364 ὅσον
3049 4308 3255 4363 τούτων
3280 4309 3499 4377 ἑκάστῳ
3528 4304 3756 4372 ἐξαίσιόν

2172 4426 2230 4461 τε
2255 4407 2350 4459 καὶ
2388 4401 2770 4473 περιϐόητονῆ
2803 4400 2988 4454 θεόθεν
3018 4400 3197 4471 ἐδόθη,
3230 4399 3263 4470 ἢ
3303 4401 3400 4453 καὶ
3427 4399 3587 4469 φύσις
3613 4396 3757 4466 φιλο-

2173 4503 2346 4569 τίμως
2387 4494 2695 4550 διατεθεῖσα
2744 4494 3164 4563 ὲπεχορήγησε,
3203 4490 3513 4559 φιλοπόνως
3551 4483 3640 4541 οἷά
3675 4502 3758 4546 τις

2173 4590 2354 4659 ἀγαθή
2405 4605 2463 4641 τε
2508 4589 2603 4640 καὶ
2650 4586 2910 4655 φίλεργος
2949 4584 3345 4655 ἐρανισὰμενος
3400 4583 3653 4650 μέλιττα,
3684 4576 3758 4645 τῷ

2173 4684 2271 4751 τῆς
2308 4680 2511 4747 μίξεως
2549 4676 2689 4747 ξένῳ
2725 4675 2818 4729 καὶ
2849 4672 2948 4742 τῆς
2982 4672 3340 4742 συγκράσεως
3372 4670 3639 4739 βασιλικῷ
3686 4665 3749 4734 τιῖ

2173 4774 2341 4841 πήχει
2386 4769 2593 4830 πάντας
2630 4766 3011 4836 παρήνεγκας,
3048 4764 3356 4833 ἀρχέτυπον
3392 4757 3507 4816 οἷον
3548 4760 3739 4829 ἀμίμηκ

2172 4879 2265 4916 τον
2323 4863 2422 4932 τὴν
2459 4860 2555 4928 σὴν
2594 4858 2766 4927 ἀρχὴν
2805 4858 2978 4910 ἅπασι
3009 4854 3331 4925 παρασχών·
3362 4852 3508 4907 ὥστε
3566 4867 3633 4920 με
3665 4852 3732 4919 ῥα

2174 4953 2301 5016 δίως
2334 4950 2428 5004 καὶ
2455 4947 2600 5003 τοῦτ’
2626 4949 2800 5001 εἰπεῖν
2830 4948 3123 5019 θαῤῥῆσαι,
3150 4947 3260 4998 τῶν
3288 4944 3473 4999 καλῶν
3512 4962 3569 4997 τε
3592 4944 3761 5006 κὰγα-

2178 5044 2285 5097 θῶν
2314 5042 2384 5095 τὰ
2426 5041 2527 5111 μὲν
2564 5038 2833 5110 ζηλῶσαι,
2865 5036 2901 5091 ἃ
2925 5038 2980 5089 δὲ
3012 5036 3106 5090 xui
3141 5040 3361 5105 νικῆσαι
3392 5036 3538 5090 κατὰ
3577 5035 3635 5085 τὸ
3666 5034 3758 5097 τῆς

2178 5135 2413 5205 φύσεωςο
2429 5130 2740 5203 περιούσιον
2767 5144 2781 5159 ·
2819 5130 2919 5182 ὅσα
2945 5127 2990 5180 δ’
3027 5127 3092 5182 ἃν
3132 5128 3297 5198 μήπω
3332 5127 3479 5181 τισὶν
3511 5125 3757 5194 εὓρηται,

2179 5229 2240 5282 σὲ
2271 5227 2326 5279 δὲ
2349 5226 2458 5296 ἄρα
2487 5226 2585 5276 καὶ
2617 5223 2797 5293 εὑρεῖν
2830 5221 2925 5274 καὶ
2958 5222 3318 5290 προαγαγεῖν,
3357 5219 3453 5272 καὶ
3488 5219 3564 5281 ὠς
3594 5220 3763 5284 ἐγχω-

2181 5318 2310 5388 ροῦν
2328 5313 2654 5388 παραδεῖξαι
2684 5312 2760 5382 τῷ
2787 5309 3099 5380 βουλομένῳ
3117 5324 3130 5339 ·
3155 5304 3456 5360 κάντεῦθεν
3477 5306 3572 5357 καὶ
3594 5300 3761 5356 ἁπάν-

2177 5428 2287 5464 των
2317 5406 2727 5479 περιγενέσθαι,
2756 5404 2835 5473 τῷ
2864 5402 2930 5457 δι’
2963 5402 3216 5456 ἁπάντων
3246 5402 3376 5471 ἄχρι
3403 5399 3469 5467 δὴ
3492 5398 3591 5451 καὶ
3620 5399 3675 5457 ὲς
3706 5392 3762 5443 τὸ

2181 5503 2483 5572 ἀκρότατον
2506 5498 2775 5552 ἀνελθεῖν.
2800 5496 2903 5551 Καί
2933 5513 2993 5548 σε
3026 5494 3212 5563 οἴομαι
3244 5492 3330 5545 διὰ
3359 5489 3554 5556 ταῦτα,
3591 5488 3679 5541 καὶ
3711 5487 3764 5547 ἐς

2193 5594 2461 5666 μήκιστόν
2491 5610 2572 5645 σοι
2594 5593 2654 5645 τὸ
2685 5590 2950 5662 βιώσιμον
2971 5584 3392 5659 προσγενέσθαι,
3420 5582 3647 5651 σύμπαν
3672 5578 3762 5627 τὰ‹

2184 5689 2351 5757 γαθδν
2375 5686 2448 5749 ὡς
2485 5684 2659 5755 χρεὼν
2680 5682 2850 5754 ἄρδην
2885 5678 3283 5749 συλλεξαμένῳ,
3317 5677 3389 5741 ὡς
3417 5675 3485 5729 ἄν
3509 5692 3570 5742 γε
3602 5674 3666 5739 δὴ
3688 5667 3759 5735 τῷ

2189 5779 2386 5850 μακρῷ
2410 5777 2583 5850 χρόνῳ
2611 5775 2741 5846 πρὸς
2766 5773 3003 5829 ἐπίδοσιν
3022 5770 3180 5827 τοῦτό
3199 5788 3277 5824 sat
3302 5767 3574 5839 προέλθοι,
3601 5762 3759 5830 πλξιν
